  <div class='ocr_page' id='page_1' title='image "/cluster/home/n/w/nwhite01/storage/ocr_20150623/3/nnc1.0046978666/331.png"; bbox 0 0 3876 6226; ppageno 0'>
   <div class='ocr_carea' id='block_1_1' title="bbox 502 325 605 382">
    <p class='ocr_par' dir='ltr' id='par_1_1' title="bbox 502 325 605 382">
     <span class='ocr_line' id='line_1_1' title="bbox 502 325 605 382; baseline -0.01 0"><span class='ocrx_word' id='word_1_1' title='bbox 502 325 605 382; x_wconf 73' lang='grc'><strong><em>607</em></strong></span> 
     </span>
    </p>
   </div>
   <div class='ocr_carea' id='block_1_2' title="bbox 1708 314 2608 385">
    <p class='ocr_par' dir='ltr' id='par_1_2' title="bbox 1708 314 2608 385">
     <span class='ocr_line' id='line_1_2' title="bbox 1708 314 2608 385; baseline -0.003 -2"><span class='ocrx_word' id='word_1_2' title='bbox 1708 314 2608 385; x_wconf 65' lang='grc' dir='ltr'><strong><em>ΒΪἹἩΟΝῩΞΙΓΑΒΕΟΡΑΟΙΤΕ</em></strong></span> 
     </span>
    </p>
   </div>
   <div class='ocr_carea' id='block_1_3' title="bbox 3642 323 3763 379">
    <p class='ocr_par' dir='ltr' id='par_1_3' title="bbox 3642 323 3763 379">
     <span class='ocr_line' id='line_1_3' title="bbox 3642 323 3763 379; baseline 0 0"><span class='ocrx_word' id='word_1_3' title='bbox 3642 323 3763 379; x_wconf 76' lang='lat'><strong><em>608</em></strong></span> 
     </span>
    </p>
   </div>
   <div class='ocr_carea' id='block_1_4' title="bbox 502 437 3761 512">
    <p class='ocr_par' dir='ltr' id='par_1_4' title="bbox 502 437 3761 512">
     <span class='ocr_line' id='line_1_4' title="bbox 502 437 3761 512; baseline -0.002 -15"><span class='ocrx_word' id='word_1_4' title='bbox 502 440 723 512; x_wconf 60' lang='lat' dir='ltr'><strong><em>Clamo]:</em></strong></span> <span class='ocrx_word' id='word_1_5' title='bbox 748 457 934 501; x_wconf 74' lang='lat' dir='ltr'><strong><em>eorum</em></strong></span> <span class='ocrx_word' id='word_1_6' title='bbox 954 442 1009 496; x_wconf 87' lang='lat' dir='ltr'><strong><em>in</em></strong></span> <span class='ocrx_word' id='word_1_7' title='bbox 1046 458 1204 497; x_wconf 81' lang='lat' dir='ltr'><strong><em>aures</em></strong></span> <span class='ocrx_word' id='word_1_8' title='bbox 1238 440 1455 496; x_wconf 78' lang='lat' dir='ltr'><strong><em>Domi-ii</em></strong></span> <span class='ocrx_word' id='word_1_9' title='bbox 1487 439 1720 512; x_wconf 84' lang='lat' dir='ltr'><strong><em>Sabaoth</em></strong></span> <span class='ocrx_word' id='word_1_10' title='bbox 1756 444 2010 498; x_wconf 73' lang='lat' dir='ltr'><strong><em>introivit.</em></strong></span> <span class='ocrx_word' id='word_1_11' title='bbox 2061 442 2320 512; x_wconf 81' lang='lat' dir='ltr'><strong><em>Capillos,</em></strong></span> <span class='ocrx_word' id='word_1_12' title='bbox 2359 443 2494 497; x_wconf 87' lang='lat' dir='ltr'><strong><em>Dan.</em></strong></span> <span class='ocrx_word' id='word_1_13' title='bbox 2523 456 2598 496; x_wconf 86' lang='lat' dir='ltr'><strong><em>vn</em></strong></span> <span class='ocrx_word' id='word_1_14' title='bbox 2628 456 2645 496; x_wconf 88' lang='lat'><strong>:</strong></span> <span class='ocrx_word' id='word_1_15' title='bbox 2700 437 2778 512; x_wconf 15' lang='lat' dir='ltr'><strong><em>Et,</em></strong></span> <span class='ocrx_word' id='word_1_16' title='bbox 2824 438 3243 512; x_wconf 66' lang='lat' dir='ltr'><strong><em>eapilli_capitis</em></strong></span> <span class='ocrx_word' id='word_1_17' title='bbox 3298 439 3413 512; x_wconf 80' lang='lat' dir='ltr'><strong><em>ejus</em></strong></span> <span class='ocrx_word' id='word_1_18' title='bbox 3443 438 3600 505; x_wconf 84' lang='lat' dir='ltr'><strong><em>quasi</em></strong></span> <span class='ocrx_word' id='word_1_19' title='bbox 3628 440 3761 494; x_wconf 80' lang='lat' dir='ltr'><strong><em>lana</em></strong></span> 
     </span>
    </p>
   </div>
   <div class='ocr_carea' id='block_1_5' title="bbox 501 509 3758 580">
    <p class='ocr_par' dir='ltr' id='par_1_5' title="bbox 501 509 3758 580">
     <span class='ocr_line' id='line_1_5' title="bbox 501 509 3758 580; baseline -0 -17"><span class='ocrx_word' id='word_1_20' title='bbox 501 511 647 564; x_wconf 87' lang='lat' dir='ltr'><strong><em>alba.</em></strong></span> <span class='ocrx_word' id='word_1_21' title='bbox 678 509 917 572; x_wconf 77' lang='lat' dir='ltr'><strong><em>Faciem.</em></strong></span> <span class='ocrx_word' id='word_1_22' title='bbox 949 512 1091 567; x_wconf 84' lang='lat' dir='ltr'><strong><em>PSal.</em></strong></span> <span class='ocrx_word' id='word_1_23' title='bbox 1148 528 1299 567; x_wconf 74' lang='grc' dir='ltr'>ιςιιι</span> <span class='ocrx_word' id='word_1_24' title='bbox 1328 528 1343 566; x_wconf 91' lang='lat'><strong>:</strong></span> <span class='ocrx_word' id='word_1_25' title='bbox 1375 511 1564 566; x_wconf 81' lang='lat' dir='ltr'><strong><em>Facies</em></strong></span> <span class='ocrx_word' id='word_1_26' title='bbox 1592 511 1807 566; x_wconf 83' lang='lat' dir='ltr'><strong><em>Domini</em></strong></span> <span class='ocrx_word' id='word_1_27' title='bbox 1836 529 1994 579; x_wconf 83' lang='lat' dir='ltr'><strong><em>super</em></strong></span> <span class='ocrx_word' id='word_1_28' title='bbox 2025 509 2274 580; x_wconf 79' lang='lat' dir='ltr'><strong><em>facientes</em></strong></span> <span class='ocrx_word' id='word_1_29' title='bbox 2319 513 2483 566; x_wconf 85' lang='lat' dir='ltr'><strong><em>mala.</em></strong></span> <span class='ocrx_word' id='word_1_30' title='bbox 2511 512 2727 571; x_wconf 74' lang='lat' dir='ltr'><strong><em>Manus.</em></strong></span> <span class='ocrx_word' id='word_1_31' title='bbox 2752 511 2853 567; x_wconf 79' lang='lat' dir='ltr'><strong><em>Joh</em></strong></span> <span class='ocrx_word' id='word_1_32' title='bbox 2882 509 2911 564; x_wconf 59' lang='grc' dir='ltr'><strong>ς</strong></span> <span class='ocrx_word' id='word_1_33' title='bbox 2942 528 2957 563; x_wconf 89' lang='lat'><strong>:</strong></span> <span class='ocrx_word' id='word_1_34' title='bbox 3012 509 3205 565; x_wconf 67' lang='lat' dir='ltr'><strong><em>Manus</em></strong></span> <span class='ocrx_word' id='word_1_35' title='bbox 3236 521 3341 564; x_wconf 74' lang='lat' dir='ltr'><strong><em>tua:</em></strong></span> <span class='ocrx_word' id='word_1_36' title='bbox 3388 511 3628 577; x_wconf 80' lang='lat' dir='ltr'><strong><em>fecerunt</em></strong></span> <span class='ocrx_word' id='word_1_37' title='bbox 3651 527 3758 564; x_wconf 70' lang='lat' dir='ltr'><strong><em>sne.</em></strong></span> 
     </span>
    </p>
   </div>
   <div class='ocr_carea' id='block_1_6' title="bbox 503 580 3755 649">
    <p class='ocr_par' dir='ltr' id='par_1_6' title="bbox 503 580 3755 649">
     <span class='ocr_line' id='line_1_6' title="bbox 503 580 3755 649; baseline -0.001 -14"><span class='ocrx_word' id='word_1_38' title='bbox 503 581 794 649; x_wconf 64' lang='lat' dir='ltr'><strong><em>Scapulns,</em></strong></span> <span class='ocrx_word' id='word_1_39' title='bbox 843 584 989 638; x_wconf 77' lang='lat' dir='ltr'><strong><em>Psal.</em></strong></span> <span class='ocrx_word' id='word_1_40' title='bbox 1020 599 1086 637; x_wconf 79' lang='lat' dir='ltr'><strong><em>xc</em></strong></span> <span class='ocrx_word' id='word_1_41' title='bbox 1113 600 1127 637; x_wconf 91' lang='lat'><strong>:</strong></span> <span class='ocrx_word' id='word_1_42' title='bbox 1182 580 1422 649; x_wconf 83' lang='lat' dir='ltr'><strong><em>Scapulis</em></strong></span> <span class='ocrx_word' id='word_1_43' title='bbox 1451 585 1560 638; x_wconf 77' lang='lat' dir='ltr'><strong><em>suis</em></strong></span> <span class='ocrx_word' id='word_1_44' title='bbox 1610 584 1939 637; x_wconf 77' lang='lat' dir='ltr'><strong><em>obumbrabit</em></strong></span> <span class='ocrx_word' id='word_1_45' title='bbox 1969 583 2083 636; x_wconf 81' lang='lat' dir='ltr'><strong><em>tibi.</em></strong></span> <span class='ocrx_word' id='word_1_46' title='bbox 2132 584 2283 644; x_wconf 84' lang='lat' dir='ltr'><strong><em>Alas.</em></strong></span> <span class='ocrx_word' id='word_1_47' title='bbox 2323 582 2468 637; x_wconf 86' lang='lat' dir='ltr'><strong><em>Psal.</em></strong></span> <span class='ocrx_word' id='word_1_48' title='bbox 2498 597 2585 637; x_wconf 69' lang='grc' dir='ltr'><strong><em>ιιι</em></strong></span> <span class='ocrx_word' id='word_1_49' title='bbox 2617 600 2630 635; x_wconf 91' lang='lat'>:</span> <span class='ocrx_word' id='word_1_50' title='bbox 2664 583 2793 636; x_wconf 78' lang='lat' dir='ltr'><strong><em>.Sub</em></strong></span> <span class='ocrx_word' id='word_1_51' title='bbox 2837 582 3022 635; x_wconf 79' lang='lat' dir='ltr'><strong><em>umbra</em></strong></span> <span class='ocrx_word' id='word_1_52' title='bbox 3067 584 3278 636; x_wconf 83' lang='lat' dir='ltr'><strong><em>alarum</em></strong></span> <span class='ocrx_word' id='word_1_53' title='bbox 3308 592 3520 649; x_wconf 65' lang='lat' dir='ltr'><strong><em>tuarum</em></strong></span> <span class='ocrx_word' id='word_1_54' title='bbox 3538 591 3755 649; x_wconf 77' lang='lat' dir='ltr'><strong><em>protege</em></strong></span> 
     </span>
    </p>
   </div>
   <div class='ocr_carea' id='block_1_7' title="bbox 499 647 3761 720">
    <p class='ocr_par' dir='ltr' id='par_1_7' title="bbox 499 647 3761 720">
     <span class='ocr_line' id='line_1_7' title="bbox 499 647 3761 720; baseline -0 -17"><span class='ocrx_word' id='word_1_55' title='bbox 499 647 889 716; x_wconf 36' lang='lat' dir='ltr'><strong><em>usa—Brachia,</em></strong></span> <span class='ocrx_word' id='word_1_56' title='bbox 940 654 1083 707; x_wconf 84' lang='lat' dir='ltr'><strong><em>Psal.</em></strong></span> <span class='ocrx_word' id='word_1_57' title='bbox 1112 647 1356 708; x_wconf 74' lang='grc' dir='ltr'><strong><em>ιιιχνιιι</em></strong></span> <span class='ocrx_word' id='word_1_58' title='bbox 1390 672 1402 707; x_wconf 94' lang='lat'>:</span> <span class='ocrx_word' id='word_1_59' title='bbox 1453 652 1744 707; x_wconf 77' lang='lat' dir='ltr'><strong><em>Brachium</em></strong></span> <span class='ocrx_word' id='word_1_60' title='bbox 1782 670 1954 708; x_wconf 87' lang='lat' dir='ltr'><strong><em>meum</em></strong></span> <span class='ocrx_word' id='word_1_61' title='bbox 1985 652 2307 720; x_wconf 74' lang='lat' dir='ltr'><strong><em>confortabit</em></strong></span> <span class='ocrx_word' id='word_1_62' title='bbox 2366 670 2507 707; x_wconf 87' lang='lat' dir='ltr'><strong><em>eum.</em></strong></span> <span class='ocrx_word' id='word_1_63' title='bbox 2574 651 2908 712; x_wconf 81' lang='lat' dir='ltr'><strong><em>Posteriora,</em></strong></span> <span class='ocrx_word' id='word_1_64' title='bbox 2956 650 3128 705; x_wconf 73' lang='lat' dir='ltr'><strong><em>Exod.</em></strong></span> <span class='ocrx_word' id='word_1_65' title='bbox 3182 667 3351 705; x_wconf 78' lang='lat' dir='ltr'><strong><em>xum</em></strong></span> <span class='ocrx_word' id='word_1_66' title='bbox 3383 668 3397 704; x_wconf 91' lang='lat'>:</span> <span class='ocrx_word' id='word_1_67' title='bbox 3427 647 3761 720; x_wconf 29' lang='lat' dir='ltr'><strong><em>_Posterio’ra</em></strong></span> 
     </span>
    </p>
   </div>
   <div class='ocr_carea' id='block_1_8' title="bbox 498 718 3760 791">
    <p class='ocr_par' dir='ltr' id='par_1_8' title="bbox 498 718 3760 791">
     <span class='ocr_line' id='line_1_8' title="bbox 498 718 3760 791; baseline -0.001 -18"><span class='ocrx_word' id='word_1_68' title='bbox 498 735 616 791; x_wconf 58' lang='lat' dir='ltr'><strong><em>mea</em></strong></span> <span class='ocrx_word' id='word_1_69' title='bbox 646 721 861 775; x_wconf 79' lang='lat' dir='ltr'><strong><em>videbis.</em></strong></span> <span class='ocrx_word' id='word_1_70' title='bbox 909 721 1097 787; x_wconf 81' lang='lat' dir='ltr'><strong><em>Pedes,</em></strong></span> <span class='ocrx_word' id='word_1_71' title='bbox 1145 721 1282 777; x_wconf 85' lang='lat' dir='ltr'><strong><em>Gen.</em></strong></span> <span class='ocrx_word' id='word_1_72' title='bbox 1318 738 1375 776; x_wconf 88' lang='grc' dir='ltr'><strong><em>ιιι</em></strong></span> <span class='ocrx_word' id='word_1_73' title='bbox 1406 738 1420 776; x_wconf 86' lang='lat'><strong>:</strong></span> <span class='ocrx_word' id='word_1_74' title='bbox 1460 722 1529 776; x_wconf 86' lang='lat' dir='ltr'><strong><em>Et</em></strong></span> <span class='ocrx_word' id='word_1_75' title='bbox 1556 724 1843 791; x_wconf 82' lang='lat' dir='ltr'><strong><em>audierunt</em></strong></span> <span class='ocrx_word' id='word_1_76' title='bbox 1891 739 2065 776; x_wconf 75' lang='lat' dir='ltr'><strong><em>uocem</em></strong></span> <span class='ocrx_word' id='word_1_77' title='bbox 2088 718 2311 777; x_wconf 74' lang='lat' dir='ltr'><strong><em>Domini</em></strong></span> <span class='ocrx_word' id='word_1_78' title='bbox 2330 722 2715 777; x_wconf 83' lang='lat' dir='ltr'><strong><em>deambulantis</em></strong></span> <span class='ocrx_word' id='word_1_79' title='bbox 2743 724 2796 776; x_wconf 88' lang='lat' dir='ltr'><strong><em>in</em></strong></span> <span class='ocrx_word' id='word_1_80' title='bbox 2826 724 3098 791; x_wconf 83' lang='lat' dir='ltr'><strong><em>paradiso.</em></strong></span> <span class='ocrx_word' id='word_1_81' title='bbox 3140 722 3393 786; x_wconf 81' lang='lat' dir='ltr'><strong><em>Coronos,</em></strong></span> <span class='ocrx_word' id='word_1_82' title='bbox 3421 718 3566 791; x_wconf 74' lang='lat' dir='ltr'><strong><em>Psnl.</em></strong></span> <span class='ocrx_word' id='word_1_83' title='bbox 3590 734 3760 773; x_wconf 79' lang='lat' dir='ltr'><strong><em>an:</em></strong></span> 
     </span>
    </p>
   </div>
   <div class='ocr_carea' id='block_1_9' title="bbox 500 787 3760 861">
    <p class='ocr_par' dir='ltr' id='par_1_9' title="bbox 500 787 3760 861">
     <span class='ocr_line' id='line_1_9' title="bbox 500 787 3760 861; baseline 0 -19"><span class='ocrx_word' id='word_1_84' title='bbox 500 787 1017 861; x_wconf 12' lang='lat' dir='ltr'><strong><em>Benedicesicarona:</em></strong></span> <span class='ocrx_word' id='word_1_85' title='bbox 1059 793 1187 845; x_wconf 84' lang='lat' dir='ltr'><strong><em>anni</em></strong></span> <span class='ocrx_word' id='word_1_86' title='bbox 1218 794 1556 861; x_wconf 63' lang='lat' dir='ltr'><strong><em>benignitatis</em></strong></span> <span class='ocrx_word' id='word_1_87' title='bbox 1599 802 1726 848; x_wconf 71' lang='lat' dir='ltr'><strong><em>tum.</em></strong></span> <span class='ocrx_word' id='word_1_88' title='bbox 1794 790 1977 860; x_wconf 82' lang='lat' dir='ltr'><strong><em>Sedes,</em></strong></span> <span class='ocrx_word' id='word_1_89' title='bbox 2030 791 2176 848; x_wconf 87' lang='lat' dir='ltr'><strong><em>Psal.</em></strong></span> <span class='ocrx_word' id='word_1_90' title='bbox 2203 808 2446 849; x_wconf 74' lang='lat' dir='ltr'><strong><em>Lxxxvm</em></strong></span> <span class='ocrx_word' id='word_1_91' title='bbox 2481 811 2495 848; x_wconf 90' lang='lat'><strong>:</strong></span> <span class='ocrx_word' id='word_1_92' title='bbox 2553 792 2793 846; x_wconf 82' lang='lat' dir='ltr'><strong><em>Thronus</em></strong></span> <span class='ocrx_word' id='word_1_93' title='bbox 2826 787 2966 845; x_wconf 46' lang='lat' dir='ltr'><strong><em>&#39;tuus</em></strong></span> <span class='ocrx_word' id='word_1_94' title='bbox 3020 792 3156 845; x_wconf 87' lang='lat' dir='ltr'><strong><em>Deus</em></strong></span> <span class='ocrx_word' id='word_1_95' title='bbox 3189 795 3244 845; x_wconf 85' lang='lat' dir='ltr'><strong><em>in</em></strong></span> <span class='ocrx_word' id='word_1_96' title='bbox 3272 790 3524 845; x_wconf 60' lang='lat' dir='ltr'><strong><em>suculam</em></strong></span> <span class='ocrx_word' id='word_1_97' title='bbox 3547 791 3760 861; x_wconf 70' lang='lat' dir='ltr'><strong><em>sn&#39;culi.</em></strong></span> 
     </span>
    </p>
   </div>
   <div class='ocr_carea' id='block_1_10' title="bbox 498 858 3757 932">
    <p class='ocr_par' dir='ltr' id='par_1_10' title="bbox 498 858 3757 932">
     <span class='ocr_line' id='line_1_10' title="bbox 498 858 3757 932; baseline 0.001 -19"><span class='ocrx_word' id='word_1_98' title='bbox 498 858 758 928; x_wconf 79' lang='lat' dir='ltr'><strong><em>Calicem,</em></strong></span> <span class='ocrx_word' id='word_1_99' title='bbox 790 860 934 917; x_wconf 85' lang='lat' dir='ltr'><strong><em>Psal.</em></strong></span> <span class='ocrx_word' id='word_1_100' title='bbox 962 876 1124 917; x_wconf 70' lang='lat' dir='ltr'><strong><em>uxrv</em></strong></span> <span class='ocrx_word' id='word_1_101' title='bbox 1151 878 1167 915; x_wconf 88' lang='lat'><strong>:</strong></span> <span class='ocrx_word' id='word_1_102' title='bbox 1197 858 1358 918; x_wconf 67' lang='lat' dir='ltr'><strong><em>Calia:</em></strong></span> <span class='ocrx_word' id='word_1_103' title='bbox 1408 862 1621 920; x_wconf 84' lang='lat' dir='ltr'><strong><em>Domini</em></strong></span> <span class='ocrx_word' id='word_1_104' title='bbox 1676 864 1734 917; x_wconf 83' lang='lat' dir='ltr'><strong><em>in</em></strong></span> <span class='ocrx_word' id='word_1_105' title='bbox 1787 858 1970 918; x_wconf 70' lang='lat' dir='ltr'><strong><em>manu</em></strong></span> <span class='ocrx_word' id='word_1_106' title='bbox 2003 863 2140 932; x_wconf 76' lang='lat' dir='ltr'><strong><em>eius.</em></strong></span> <span class='ocrx_word' id='word_1_107' title='bbox 2165 862 2434 923; x_wconf 78' lang='lat' dir='ltr'><strong><em>Craterem</em></strong></span> <span class='ocrx_word' id='word_1_108' title='bbox 2470 902 2488 930; x_wconf 89' lang='lat'><strong><em>,</em></strong></span> <span class='ocrx_word' id='word_1_109' title='bbox 2532 862 2694 920; x_wconf 86' lang='lat' dir='ltr'><strong><em>Prov.</em></strong></span> <span class='ocrx_word' id='word_1_110' title='bbox 2735 878 2787 918; x_wconf 79' lang='grc' dir='ltr'>ιι</span> <span class='ocrx_word' id='word_1_111' title='bbox 2824 861 3089 918; x_wconf 71' lang='lat' dir='ltr'><strong><em>:Miscuit</em></strong></span> <span class='ocrx_word' id='word_1_112' title='bbox 3116 872 3390 926; x_wconf 86' lang='lat' dir='ltr'><strong><em>craterem,</em></strong></span> <span class='ocrx_word' id='word_1_113' title='bbox 3413 861 3561 931; x_wconf 86' lang='lat' dir='ltr'><strong><em>apud</em></strong></span> <span class='ocrx_word' id='word_1_114' title='bbox 3590 859 3757 918; x_wconf 67' lang='lat' dir='ltr'><strong><em>LXX.</em></strong></span> 
     </span>
    </p>
   </div>
   <div class='ocr_carea' id='block_1_11' title="bbox 2076 1000 2151 1015">
    <p class='ocr_par' dir='ltr' id='par_1_11' title="bbox 2076 1000 2151 1015">
     <span class='ocr_line' id='line_1_11' title="bbox 2076 1000 2151 1015; baseline 0 -2"><span class='ocrx_word' id='word_1_115' title='bbox 2076 1000 2151 1015; x_wconf 74' lang='lat'><strong><em>—</em></strong></span> 
     </span>
    </p>
   </div>
   <div class='ocr_carea' id='block_1_12' title="bbox 1466 1078 2786 1155">
    <p class='ocr_par' dir='ltr' id='par_1_12' title="bbox 1466 1078 2786 1155">
     <span class='ocr_line' id='line_1_12' title="bbox 1466 1078 2786 1155; baseline -0.001 -17"><span class='ocrx_word' id='word_1_116' title='bbox 1466 1081 1630 1155; x_wconf 74' lang='lat'><strong><em>297</em></strong></span> <span class='ocrx_word' id='word_1_117' title='bbox 1660 1080 2142 1141; x_wconf 67' lang='grc' dir='ltr'><strong><em>ΡΑιιΑιδιιιιΑδιδ</em></strong></span> <span class='ocrx_word' id='word_1_118' title='bbox 2167 1078 2611 1141; x_wconf 68' lang='lat' dir='ltr'><strong>PACHYMERE</strong></span> <span class='ocrx_word' id='word_1_119' title='bbox 2650 1078 2786 1152; x_wconf 74' lang='lat' dir='ltr'><strong><em>(si).</em></strong></span> 
     </span>
    </p>
   </div>
   <div class='ocr_carea' id='block_1_13' title="bbox 567 1189 2069 1271">
    <p class='ocr_par' dir='ltr' id='par_1_13' title="bbox 567 1189 2069 1268">
     <span class='ocr_line' id='line_1_13' title="bbox 567 1189 2069 1268; baseline 0.002 -17"><span class='ocrx_word' id='word_1_120' title='bbox 567 1189 894 1251; x_wconf 67' lang='lat' dir='ltr'><strong><em>Praesentem</em></strong></span> <span class='ocrx_word' id='word_1_121' title='bbox 929 1195 1128 1252; x_wconf 91' lang='lat' dir='ltr'><strong><em>librum</em></strong></span> <span class='ocrx_word' id='word_1_122' title='bbox 1170 1211 1398 1268; x_wconf 85' lang='lat' dir='ltr'><strong><em>magnus</em></strong></span> <span class='ocrx_word' id='word_1_123' title='bbox 1446 1192 1736 1268; x_wconf 72' lang='lat' dir='ltr'><strong><em>Dionysius</em></strong></span> <span class='ocrx_word' id='word_1_124' title='bbox 1778 1196 1977 1253; x_wconf 92' lang='lat' dir='ltr'><strong><em>scribit</em></strong></span> <span class='ocrx_word' id='word_1_125' title='bbox 2004 1195 2069 1254; x_wconf 85' lang='lat' dir='ltr'><strong><em>ad</em></strong></span> 
     </span>
    </p>
   </div>
   <div class='ocr_carea' id='block_1_14' title="bbox 2171 1189 3761 1271">
    <p class='ocr_par' dir='ltr' id='par_1_14' title="bbox 2245 1195 3761 1271">
     <span class='ocr_line' id='line_1_14' title="bbox 2245 1195 3761 1271; baseline -0.003 -17"><span class='ocrx_word' id='word_1_126' title='bbox 2245 1199 2320 1255; x_wconf 80' lang='grc' dir='ltr'><strong>Τὸ</strong></span> <span class='ocrx_word' id='word_1_127' title='bbox 2348 1198 2520 1271; x_wconf 86' lang='grc' dir='ltr'>παρὸν</span> <span class='ocrx_word' id='word_1_128' title='bbox 2546 1197 2747 1271; x_wconf 79' lang='grc' dir='ltr'>βιϐλίον</span> <span class='ocrx_word' id='word_1_129' title='bbox 2772 1196 2801 1250; x_wconf 82' lang='grc' dir='ltr'>ὁ</span> <span class='ocrx_word' id='word_1_130' title='bbox 2819 1196 2989 1270; x_wconf 81' lang='grc' dir='ltr'>μέγας</span> <span class='ocrx_word' id='word_1_131' title='bbox 3018 1196 3296 1270; x_wconf 84' lang='grc' dir='ltr'>συντίθησι</span> <span class='ocrx_word' id='word_1_132' title='bbox 3321 1195 3600 1261; x_wconf 86' lang='grc' dir='ltr'>Διονύσιος</span> <span class='ocrx_word' id='word_1_133' title='bbox 3628 1197 3761 1268; x_wconf 69' lang='grc' dir='ltr'>πρὸς</span> 
     </span>
    </p>
   </div>
   <div class='ocr_carea' id='block_1_15' title="bbox 492 1285 2069 1361">
    <p class='ocr_par' dir='ltr' id='par_1_15' title="bbox 492 1285 2069 1361">
     <span class='ocr_line' id='line_1_15' title="bbox 492 1285 2069 1361; baseline 0.003 -22"><span class='ocrx_word' id='word_1_134' title='bbox 492 1294 742 1341; x_wconf 88' lang='lat' dir='ltr'><strong><em>sanctum</em></strong></span> <span class='ocrx_word' id='word_1_135' title='bbox 802 1285 1189 1354; x_wconf 72' lang='lat' dir='ltr'><strong><em>Timotheum,</em></strong></span> <span class='ocrx_word' id='word_1_136' title='bbox 1253 1289 1434 1359; x_wconf 81' lang='lat' dir='ltr'><strong><em>magni</em></strong></span> <span class='ocrx_word' id='word_1_137' title='bbox 1492 1287 1644 1347; x_wconf 84' lang='lat' dir='ltr'><strong><em>Pauli</em></strong></span> <span class='ocrx_word' id='word_1_138' title='bbox 1722 1288 2069 1361; x_wconf 88' lang='lat' dir='ltr'><strong><em>discipulum,</em></strong></span> 
     </span>
    </p>
   </div>
   <div class='ocr_carea' id='block_1_16' title="bbox 492 1375 2073 1451">
    <p class='ocr_par' dir='ltr' id='par_1_16' title="bbox 492 1375 2073 1451">
     <span class='ocr_line' id='line_1_16' title="bbox 492 1375 2073 1451; baseline 0.005 -22"><span class='ocrx_word' id='word_1_139' title='bbox 492 1375 691 1446; x_wconf 83' lang='lat' dir='ltr'><strong><em>Ephesi</em></strong></span> <span class='ocrx_word' id='word_1_140' title='bbox 722 1379 1038 1449; x_wconf 80' lang='lat' dir='ltr'><strong><em>episcopum</em></strong></span> <span class='ocrx_word' id='word_1_141' title='bbox 1078 1379 1148 1435; x_wconf 92' lang='lat' dir='ltr'><strong><em>ab</em></strong></span> <span class='ocrx_word' id='word_1_142' title='bbox 1193 1379 1313 1450; x_wconf 84' lang='lat' dir='ltr'><strong><em>ipso</em></strong></span> <span class='ocrx_word' id='word_1_143' title='bbox 1345 1380 1728 1445; x_wconf 82' lang='lat' dir='ltr'><strong><em>constitutum.</em></strong></span> <span class='ocrx_word' id='word_1_144' title='bbox 1761 1381 1888 1451; x_wconf 85' lang='lat' dir='ltr'><strong><em>Qui,</em></strong></span> <span class='ocrx_word' id='word_1_145' title='bbox 1924 1380 2073 1451; x_wconf 88' lang='lat' dir='ltr'><strong><em>quod</em></strong></span> 
     </span>
    </p>
   </div>
   <div class='ocr_carea' id='block_1_17' title="bbox 425 1461 2071 1547">
    <p class='ocr_par' dir='ltr' id='par_1_17' title="bbox 425 1461 2071 1547">
     <span class='ocr_line' id='line_1_17' title="bbox 425 1461 2071 1547; baseline 0.004 -27"><span class='ocrx_word' id='word_1_146' title='bbox 425 1461 437 1547; x_wconf 59' lang='grc' dir='ltr'><em>ξ</em></span> <span class='ocrx_word' id='word_1_147' title='bbox 493 1476 607 1523; x_wconf 90' lang='lat' dir='ltr'><strong><em>tum</em></strong></span> <span class='ocrx_word' id='word_1_148' title='bbox 646 1469 699 1524; x_wconf 93' lang='lat' dir='ltr'><strong><em>in</em></strong></span> <span class='ocrx_word' id='word_1_149' title='bbox 735 1470 884 1525; x_wconf 89' lang='lat' dir='ltr'><strong><em>lonia</em></strong></span> <span class='ocrx_word' id='word_1_150' title='bbox 932 1468 1381 1541; x_wconf 88' lang='lat' dir='ltr'><strong><em>philosophorum</em></strong></span> <span class='ocrx_word' id='word_1_151' title='bbox 1432 1470 1670 1527; x_wconf 68' lang='lat' dir='ltr'><strong><em>haereses</em></strong></span> <span class='ocrx_word' id='word_1_152' title='bbox 1712 1472 2071 1542; x_wconf 87' lang='lat' dir='ltr'><strong><em>pullularent,</em></strong></span> 
     </span>
    </p>
   </div>
   <div class='ocr_carea' id='block_1_18' title="bbox 494 1560 2072 1634">
    <p class='ocr_par' dir='ltr' id='par_1_18' title="bbox 494 1560 2072 1634">
     <span class='ocr_line' id='line_1_18' title="bbox 494 1560 2072 1634; baseline 0.004 -21"><span class='ocrx_word' id='word_1_153' title='bbox 494 1560 784 1630; x_wconf 70' lang='lat' dir='ltr'><strong><em>multzeque</em></strong></span> <span class='ocrx_word' id='word_1_154' title='bbox 815 1561 1116 1621; x_wconf 72' lang='lat' dir='ltr'><strong><em>dialectica:</em></strong></span> <span class='ocrx_word' id='word_1_155' title='bbox 1144 1562 1523 1634; x_wconf 83' lang='lat' dir='ltr'><strong><em>argutationes</em></strong></span> <span class='ocrx_word' id='word_1_156' title='bbox 1552 1562 1603 1618; x_wconf 93' lang='lat' dir='ltr'><strong><em>ei</em></strong></span> <span class='ocrx_word' id='word_1_157' title='bbox 1632 1563 1699 1617; x_wconf 89' lang='lat' dir='ltr'><strong><em>ab</em></strong></span> <span class='ocrx_word' id='word_1_158' title='bbox 1734 1562 1841 1620; x_wconf 88' lang='lat' dir='ltr'><strong><em>illis</em></strong></span> <span class='ocrx_word' id='word_1_159' title='bbox 1869 1561 2072 1633; x_wconf 83' lang='lat' dir='ltr'><strong><em>objice—</em></strong></span> 
     </span>
    </p>
   </div>
   <div class='ocr_carea' id='block_1_19' title="bbox 495 1658 2069 1730">
    <p class='ocr_par' dir='ltr' id='par_1_19' title="bbox 495 1658 2069 1730">
     <span class='ocr_line' id='line_1_19' title="bbox 495 1658 2069 1730; baseline 0.004 -25"><span class='ocrx_word' id='word_1_160' title='bbox 495 1662 714 1719; x_wconf 91' lang='lat' dir='ltr'><strong><em>rentur;</em></strong></span> <span class='ocrx_word' id='word_1_161' title='bbox 746 1670 870 1709; x_wconf 90' lang='lat' dir='ltr'><strong><em>cum</em></strong></span> <span class='ocrx_word' id='word_1_162' title='bbox 902 1658 1068 1724; x_wconf 84' lang='lat' dir='ltr'><strong><em>probe</em></strong></span> <span class='ocrx_word' id='word_1_163' title='bbox 1099 1667 1285 1713; x_wconf 88' lang='lat' dir='ltr'><strong><em>nosset</em></strong></span> <span class='ocrx_word' id='word_1_164' title='bbox 1314 1673 1569 1729; x_wconf 89' lang='lat' dir='ltr'><strong><em>magnum</em></strong></span> <span class='ocrx_word' id='word_1_165' title='bbox 1614 1658 1929 1730; x_wconf 79' lang='lat' dir='ltr'><strong><em>Dionysium</em></strong></span> <span class='ocrx_word' id='word_1_166' title='bbox 1962 1673 2069 1712; x_wconf 92' lang='lat' dir='ltr'><strong><em>non</em></strong></span> 
     </span>
    </p>
   </div>
   <div class='ocr_carea' id='block_1_20' title="bbox 490 1747 2070 1819">
    <p class='ocr_par' dir='ltr' id='par_1_20' title="bbox 490 1747 2070 1819">
     <span class='ocr_line' id='line_1_20' title="bbox 490 1747 2070 1819; baseline 0.005 -22"><span class='ocrx_word' id='word_1_167' title='bbox 490 1753 716 1798; x_wconf 68' lang='lat' dir='ltr'><strong><em>externa</em></strong></span> <span class='ocrx_word' id='word_1_168' title='bbox 778 1747 959 1801; x_wconf 87' lang='lat' dir='ltr'><strong><em>minus</em></strong></span> <span class='ocrx_word' id='word_1_169' title='bbox 1011 1760 1173 1817; x_wconf 88' lang='lat' dir='ltr'><strong><em>quam</em></strong></span> <span class='ocrx_word' id='word_1_170' title='bbox 1226 1748 1408 1803; x_wconf 89' lang='lat' dir='ltr'><strong><em>divina</em></strong></span> <span class='ocrx_word' id='word_1_171' title='bbox 1479 1764 1749 1819; x_wconf 88' lang='lat' dir='ltr'><strong><em>sacraque</em></strong></span> <span class='ocrx_word' id='word_1_172' title='bbox 1800 1748 2070 1819; x_wconf 75' lang='lat' dir='ltr'><strong><em>sapientia</em></strong></span> 
     </span>
    </p>
   </div>
   <div class='ocr_carea' id='block_1_21' title="bbox 490 1835 2067 1911">
    <p class='ocr_par' dir='ltr' id='par_1_21' title="bbox 490 1835 2067 1911">
     <span class='ocr_line' id='line_1_21' title="bbox 490 1835 2067 1911; baseline 0.003 -23"><span class='ocrx_word' id='word_1_173' title='bbox 490 1835 799 1905; x_wconf 62' lang='lat' dir='ltr'><strong><em>praeditum,</em></strong></span> <span class='ocrx_word' id='word_1_174' title='bbox 826 1846 883 1889; x_wconf 93' lang='lat' dir='ltr'><strong><em>ut</em></strong></span> <span class='ocrx_word' id='word_1_175' title='bbox 908 1839 999 1906; x_wconf 87' lang='lat' dir='ltr'><strong><em>qui</em></strong></span> <span class='ocrx_word' id='word_1_176' title='bbox 1037 1838 1216 1909; x_wconf 89' lang='lat' dir='ltr'><strong><em>magni</em></strong></span> <span class='ocrx_word' id='word_1_177' title='bbox 1248 1837 1405 1895; x_wconf 83' lang='lat' dir='ltr'><strong><em>Pauli</em></strong></span> <span class='ocrx_word' id='word_1_178' title='bbox 1438 1839 1734 1911; x_wconf 83' lang='lat' dir='ltr'><strong><em>discipulus</em></strong></span> <span class='ocrx_word' id='word_1_179' title='bbox 1760 1840 2067 1908; x_wconf 78' lang='lat' dir='ltr'><strong><em>exstiterat,</em></strong></span> 
     </span>
    </p>
   </div>
   <div class='ocr_carea' id='block_1_22' title="bbox 491 1925 2070 1998">
    <p class='ocr_par' dir='ltr' id='par_1_22' title="bbox 491 1925 2070 1998">
     <span class='ocr_line' id='line_1_22' title="bbox 491 1925 2070 1998; baseline 0.003 -17"><span class='ocrx_word' id='word_1_180' title='bbox 491 1935 543 1981; x_wconf 90' lang='lat' dir='ltr'><strong><em>et</em></strong></span> <span class='ocrx_word' id='word_1_181' title='bbox 576 1925 777 1981; x_wconf 70' lang='lat' dir='ltr'><strong><em>divinis</em></strong></span> <span class='ocrx_word' id='word_1_182' title='bbox 828 1925 1065 1995; x_wconf 83' lang='lat' dir='ltr'><strong><em>Scriptis</em></strong></span> <span class='ocrx_word' id='word_1_183' title='bbox 1112 1928 1338 1983; x_wconf 87' lang='lat' dir='ltr'><strong><em>multum</em></strong></span> <span class='ocrx_word' id='word_1_184' title='bbox 1372 1938 1686 1993; x_wconf 79' lang='lat' dir='ltr'><strong><em>vacaverat,</em></strong></span> <span class='ocrx_word' id='word_1_185' title='bbox 1718 1928 1851 1998; x_wconf 88' lang='lat' dir='ltr'><strong><em>petit</em></strong></span> <span class='ocrx_word' id='word_1_186' title='bbox 1897 1928 1967 1983; x_wconf 90' lang='lat' dir='ltr'><strong><em>ab</em></strong></span> <span class='ocrx_word' id='word_1_187' title='bbox 2004 1944 2070 1986; x_wconf 91' lang='lat' dir='ltr'><strong><em>eo</em></strong></span> 
     </span>
    </p>
   </div>
   <div class='ocr_carea' id='block_1_23' title="bbox 490 2020 2068 2093">
    <p class='ocr_par' dir='ltr' id='par_1_23' title="bbox 490 2020 2068 2093">
     <span class='ocr_line' id='line_1_23' title="bbox 490 2020 2068 2093; baseline 0.003 -21"><span class='ocrx_word' id='word_1_188' title='bbox 490 2020 766 2090; x_wconf 86' lang='lat' dir='ltr'><strong><em>proposita</em></strong></span> <span class='ocrx_word' id='word_1_189' title='bbox 799 2020 1016 2075; x_wconf 90' lang='lat' dir='ltr'><strong><em>edoceri</em></strong></span> <span class='ocrx_word' id='word_1_190' title='bbox 1043 2035 1059 2087; x_wconf 88' lang='lat'><strong>;</strong></span> <span class='ocrx_word' id='word_1_191' title='bbox 1090 2021 1233 2090; x_wconf 89' lang='lat' dir='ltr'><strong><em>quod</em></strong></span> <span class='ocrx_word' id='word_1_192' title='bbox 1263 2030 1319 2076; x_wconf 91' lang='lat' dir='ltr'><strong><em>et</em></strong></span> <span class='ocrx_word' id='word_1_193' title='bbox 1367 2025 1449 2076; x_wconf 88' lang='lat' dir='ltr'><strong><em>lit.</em></strong></span> <span class='ocrx_word' id='word_1_194' title='bbox 1476 2020 1647 2077; x_wconf 80' lang='lat' dir='ltr'><strong><em>Vocat</em></strong></span> <span class='ocrx_word' id='word_1_195' title='bbox 1682 2021 1866 2093; x_wconf 82' lang='lat' dir='ltr'><strong><em>itaque</em></strong></span> <span class='ocrx_word' id='word_1_196' title='bbox 1894 2022 2068 2091; x_wconf 87' lang='lat' dir='ltr'><strong><em>ipsum</em></strong></span> 
     </span>
    </p>
   </div>
   <div class='ocr_carea' id='block_1_24' title="bbox 491 2112 2065 2186">
    <p class='ocr_par' dir='ltr' id='par_1_24' title="bbox 491 2112 2065 2186">
     <span class='ocr_line' id='line_1_24' title="bbox 491 2112 2065 2186; baseline 0.003 -20"><span class='ocrx_word' id='word_1_197' title='bbox 491 2127 718 2183; x_wconf 85' lang='lat' dir='ltr'><strong><em>magnus</em></strong></span> <span class='ocrx_word' id='word_1_198' title='bbox 767 2112 1057 2184; x_wconf 82' lang='lat' dir='ltr'><strong><em>Dionysius</em></strong></span> <span class='ocrx_word' id='word_1_199' title='bbox 1102 2115 1631 2186; x_wconf 82' lang='lat' dir='ltr'><strong><em>compresbyterum,</em></strong></span> <span class='ocrx_word' id='word_1_200' title='bbox 1669 2116 1722 2170; x_wconf 89' lang='lat' dir='ltr'><strong><em>id</em></strong></span> <span class='ocrx_word' id='word_1_201' title='bbox 1766 2126 1851 2171; x_wconf 89' lang='lat' dir='ltr'><strong><em>est</em></strong></span> <span class='ocrx_word' id='word_1_202' title='bbox 1882 2118 2065 2185; x_wconf 88' lang='lat' dir='ltr'><strong><em>coepi-</em></strong></span> 
     </span>
    </p>
   </div>
   <div class='ocr_carea' id='block_1_25' title="bbox 488 2205 2068 2279">
    <p class='ocr_par' dir='ltr' id='par_1_25' title="bbox 488 2205 2068 2279">
     <span class='ocr_line' id='line_1_25' title="bbox 488 2205 2068 2279; baseline 0.004 -21"><span class='ocrx_word' id='word_1_203' title='bbox 488 2217 735 2274; x_wconf 82' lang='lat' dir='ltr'><strong><em>scopum,</em></strong></span> <span class='ocrx_word' id='word_1_204' title='bbox 785 2205 928 2260; x_wconf 91' lang='lat' dir='ltr'><strong><em>sicut</em></strong></span> <span class='ocrx_word' id='word_1_205' title='bbox 975 2206 1329 2276; x_wconf 85' lang='lat' dir='ltr'><strong><em>semetipsum</em></strong></span> <span class='ocrx_word' id='word_1_206' title='bbox 1376 2216 1536 2262; x_wconf 86' lang='lat' dir='ltr'><strong><em>vocat</em></strong></span> <span class='ocrx_word' id='word_1_207' title='bbox 1581 2207 1982 2279; x_wconf 81' lang='lat' dir='ltr'><strong><em>presbyterum,</em></strong></span> <span class='ocrx_word' id='word_1_208' title='bbox 2016 2210 2068 2266; x_wconf 88' lang='lat' dir='ltr'><strong><em>id</em></strong></span> 
     </span>
    </p>
   </div>
   <div class='ocr_carea' id='block_1_26' title="bbox 478 2295 2069 2364">
    <p class='ocr_par' dir='ltr' id='par_1_26' title="bbox 478 2295 2069 2364">
     <span class='ocr_line' id='line_1_26' title="bbox 478 2295 2069 2364; baseline 0.004 -16"><span class='ocrx_word' id='word_1_209' title='bbox 478 2304 573 2349; x_wconf 77' lang='lat' dir='ltr'><strong><em>est</em></strong></span> <span class='ocrx_word' id='word_1_210' title='bbox 598 2296 935 2364; x_wconf 87' lang='lat' dir='ltr'><strong><em>episcopum.</em></strong></span> <span class='ocrx_word' id='word_1_211' title='bbox 966 2295 1058 2350; x_wconf 87' lang='lat' dir='ltr'><strong><em>Sic</em></strong></span> <span class='ocrx_word' id='word_1_212' title='bbox 1088 2298 1234 2352; x_wconf 89' lang='lat' dir='ltr'><strong><em>enim</em></strong></span> <span class='ocrx_word' id='word_1_213' title='bbox 1264 2297 1428 2353; x_wconf 87' lang='lat' dir='ltr'><strong><em>etiam</em></strong></span> <span class='ocrx_word' id='word_1_214' title='bbox 1470 2298 1525 2352; x_wconf 91' lang='lat' dir='ltr'><strong><em>in</em></strong></span> <span class='ocrx_word' id='word_1_215' title='bbox 1555 2297 1711 2353; x_wconf 82' lang='lat' dir='ltr'><strong><em>Actis</em></strong></span> <span class='ocrx_word' id='word_1_216' title='bbox 1755 2309 2069 2357; x_wconf 89' lang='lat' dir='ltr'><strong><em>sanctorum</em></strong></span> 
     </span>
    </p>
   </div>
   <div class='ocr_carea' id='block_1_27' title="bbox 2169 1287 3762 1361">
    <p class='ocr_par' dir='ltr' id='par_1_27' title="bbox 2169 1287 3762 1361">
     <span class='ocr_line' id='line_1_27' title="bbox 2169 1287 3762 1361; baseline -0.003 -15"><span class='ocrx_word' id='word_1_217' title='bbox 2169 1290 2261 1346; x_wconf 78' lang='grc' dir='ltr'>τὸν</span> <span class='ocrx_word' id='word_1_218' title='bbox 2295 1292 2354 1345; x_wconf 89' lang='grc' dir='ltr'><strong><em>ἐν</em></strong></span> <span class='ocrx_word' id='word_1_219' title='bbox 2378 1291 2555 1359; x_wconf 82' lang='grc' dir='ltr'>ἁγίοις</span> <span class='ocrx_word' id='word_1_220' title='bbox 2584 1289 2865 1361; x_wconf 86' lang='grc' dir='ltr'>Τιμόθεον,</span> <span class='ocrx_word' id='word_1_221' title='bbox 2890 1289 2981 1344; x_wconf 82' lang='grc' dir='ltr'><strong><em>τὸν</em></strong></span> <span class='ocrx_word' id='word_1_222' title='bbox 3017 1287 3111 1343; x_wconf 85' lang='grc' dir='ltr'><strong><em>τοῦ</em></strong></span> <span class='ocrx_word' id='word_1_223' title='bbox 3145 1289 3379 1360; x_wconf 79' lang='grc' dir='ltr'><strong><em>μεγάλου</em></strong></span> <span class='ocrx_word' id='word_1_224' title='bbox 3416 1287 3637 1350; x_wconf 73' lang='grc' dir='ltr'>Παύλου</span> <span class='ocrx_word' id='word_1_225' title='bbox 3663 1306 3762 1359; x_wconf 76' lang='grc' dir='ltr'>μα-</span> 
     </span>
    </p>
   </div>
   <div class='ocr_carea' id='block_1_28' title="bbox 2170 1382 3757 1459">
    <p class='ocr_par' dir='ltr' id='par_1_28' title="bbox 2170 1382 3757 1459">
     <span class='ocr_line' id='line_1_28' title="bbox 2170 1382 3757 1459; baseline -0.004 -20"><span class='ocrx_word' id='word_1_226' title='bbox 2170 1384 2361 1459; x_wconf 75' lang='grc' dir='ltr'>θητὴν,</span> <span class='ocrx_word' id='word_1_227' title='bbox 2407 1383 2633 1454; x_wconf 83' lang='grc' dir='ltr'>Ἐφέσου</span> <span class='ocrx_word' id='word_1_228' title='bbox 2656 1383 2953 1439; x_wconf 90' lang='grc' dir='ltr'>ἐπίσκοπον</span> <span class='ocrx_word' id='word_1_229' title='bbox 2987 1382 3117 1455; x_wconf 77' lang='grc' dir='ltr'>παρ’</span> <span class='ocrx_word' id='word_1_230' title='bbox 3149 1382 3357 1435; x_wconf 83' lang='grc' dir='ltr'>ἐκείνου</span> <span class='ocrx_word' id='word_1_231' title='bbox 3393 1382 3757 1435; x_wconf 72' lang='grc' dir='ltr'><strong><em>καταστάντα..</em></strong></span> 
     </span>
    </p>
   </div>
   <div class='ocr_carea' id='block_1_29' title="bbox 2175 1471 3761 1548">
    <p class='ocr_par' dir='ltr' id='par_1_29' title="bbox 2175 1471 3761 1548">
     <span class='ocr_line' id='line_1_29' title="bbox 2175 1471 3761 1548; baseline -0.004 -20"><span class='ocrx_word' id='word_1_232' title='bbox 2175 1476 2293 1538; x_wconf 87' lang='grc' dir='ltr'>Ὃς,</span> <span class='ocrx_word' id='word_1_233' title='bbox 2324 1474 2512 1548; x_wconf 83' lang='grc' dir='ltr'>ἐπειδὴ</span> <span class='ocrx_word' id='word_1_234' title='bbox 2540 1474 2662 1529; x_wconf 85' lang='grc' dir='ltr'>τότε</span> <span class='ocrx_word' id='word_1_235' title='bbox 2690 1474 2745 1528; x_wconf 83' lang='grc' dir='ltr'>αἱ</span> <span class='ocrx_word' id='word_1_236' title='bbox 2770 1473 2878 1528; x_wconf 81' lang='grc' dir='ltr'>τῶν</span> <span class='ocrx_word' id='word_1_237' title='bbox 2903 1475 2959 1527; x_wconf 89' lang='grc' dir='ltr'>ἐν</span> <span class='ocrx_word' id='word_1_238' title='bbox 2988 1473 3163 1543; x_wconf 71' lang='grc' dir='ltr'>Ἰωνίᾳ</span> <span class='ocrx_word' id='word_1_239' title='bbox 3194 1471 3493 1543; x_wconf 66' lang='grc' dir='ltr'>φιλοσόφων</span> <span class='ocrx_word' id='word_1_240' title='bbox 3519 1471 3761 1542; x_wconf 77' lang='grc' dir='ltr'><strong><em>αἱρέσεις</em></strong></span> 
     </span>
    </p>
   </div>
   <div class='ocr_carea' id='block_1_30' title="bbox 2168 1563 3762 1640">
    <p class='ocr_par' dir='ltr' id='par_1_30' title="bbox 2168 1563 3762 1640">
     <span class='ocr_line' id='line_1_30' title="bbox 2168 1563 3762 1640; baseline -0.005 -17"><span class='ocrx_word' id='word_1_241' title='bbox 2168 1568 2443 1640; x_wconf 70' lang='grc' dir='ltr'>ἧκμαζον,</span> <span class='ocrx_word' id='word_1_242' title='bbox 2476 1568 2570 1623; x_wconf 73' lang='grc' dir='ltr'>καὶ</span> <span class='ocrx_word' id='word_1_243' title='bbox 2601 1566 2802 1632; x_wconf 82' lang='grc' dir='ltr'>πολλάς</span> <span class='ocrx_word' id='word_1_244' title='bbox 2844 1563 2957 1638; x_wconf 76' lang='grc' dir='ltr'>εἶχε</span> <span class='ocrx_word' id='word_1_245' title='bbox 2993 1566 3092 1632; x_wconf 81' lang='grc' dir='ltr'>τὰς</span> <span class='ocrx_word' id='word_1_246' title='bbox 3133 1564 3469 1629; x_wconf 75' lang='grc' dir='ltr'><strong><em>διαλεκτικὰς</em></strong></span> <span class='ocrx_word' id='word_1_247' title='bbox 3494 1563 3762 1636; x_wconf 76' lang='grc' dir='ltr'>ἐπηρείας</span> 
     </span>
    </p>
   </div>
   <div class='ocr_carea' id='block_1_31' title="bbox 2170 1653 3761 1733">
    <p class='ocr_par' dir='ltr' id='par_1_31' title="bbox 2170 1653 3761 1733">
     <span class='ocr_line' id='line_1_31' title="bbox 2170 1653 3761 1733; baseline -0.004 -22"><span class='ocrx_word' id='word_1_248' title='bbox 2170 1659 2299 1731; x_wconf 83' lang='grc' dir='ltr'>παρ’</span> <span class='ocrx_word' id='word_1_249' title='bbox 2332 1657 2554 1713; x_wconf 75' lang='grc' dir='ltr'><strong><em>ἐκείνων</em></strong></span> <span class='ocrx_word' id='word_1_250' title='bbox 2575 1660 2603 1711; x_wconf 75' lang='grc' dir='ltr'>ὁ</span> <span class='ocrx_word' id='word_1_251' title='bbox 2632 1658 2811 1733; x_wconf 72' lang='grc' dir='ltr'>ἅγιος,</span> <span class='ocrx_word' id='word_1_252' title='bbox 2850 1656 3133 1726; x_wconf 80' lang='grc' dir='ltr'><strong><em>γινώσκων</em></strong></span> <span class='ocrx_word' id='word_1_253' title='bbox 3158 1656 3250 1710; x_wconf 87' lang='grc' dir='ltr'><strong><em>τὸν</em></strong></span> <span class='ocrx_word' id='word_1_254' title='bbox 3281 1655 3454 1727; x_wconf 83' lang='grc' dir='ltr'>μέγαν</span> <span class='ocrx_word' id='word_1_255' title='bbox 3485 1653 3761 1707; x_wconf 79' lang='grc' dir='ltr'>Διονύσιον</span> 
     </span>
    </p>
   </div>
   <div class='ocr_carea' id='block_1_32' title="bbox 2172 1744 3764 1821">
    <p class='ocr_par' dir='ltr' id='par_1_32' title="bbox 2172 1744 3764 1821">
     <span class='ocr_line' id='line_1_32' title="bbox 2172 1744 3764 1821; baseline -0.005 -18"><span class='ocrx_word' id='word_1_256' title='bbox 2172 1747 2335 1819; x_wconf 82' lang='grc' dir='ltr'>σοφὸν</span> <span class='ocrx_word' id='word_1_257' title='bbox 2357 1750 2451 1802; x_wconf 74' lang='grc' dir='ltr'>καὶ</span> <span class='ocrx_word' id='word_1_258' title='bbox 2486 1748 2586 1821; x_wconf 82' lang='grc' dir='ltr'>τὴν</span> <span class='ocrx_word' id='word_1_259' title='bbox 2628 1748 2733 1814; x_wconf 76' lang='grc' dir='ltr'><strong><em>ἔξω</em></strong></span> <span class='ocrx_word' id='word_1_260' title='bbox 2774 1747 2987 1818; x_wconf 76' lang='grc' dir='ltr'>σοφίαν,</span> <span class='ocrx_word' id='word_1_261' title='bbox 3023 1748 3186 1818; x_wconf 79' lang='grc' dir='ltr'>σοφὸν</span> <span class='ocrx_word' id='word_1_262' title='bbox 3217 1748 3311 1801; x_wconf 73' lang='grc' dir='ltr'><strong><em>καὶ</em></strong></span> <span class='ocrx_word' id='word_1_263' title='bbox 3351 1746 3449 1818; x_wconf 81' lang='grc' dir='ltr'>τὴν</span> <span class='ocrx_word' id='word_1_264' title='bbox 3484 1746 3643 1799; x_wconf 85' lang='grc' dir='ltr'>θείαν</span> <span class='ocrx_word' id='word_1_265' title='bbox 3675 1744 3764 1797; x_wconf 75' lang='grc' dir='ltr'>καὶ</span> 
     </span>
    </p>
   </div>
   <div class='ocr_carea' id='block_1_33' title="bbox 2173 1835 3760 1910">
    <p class='ocr_par' dir='ltr' id='par_1_33' title="bbox 2173 1835 3760 1910">
     <span class='ocr_line' id='line_1_33' title="bbox 2173 1835 3760 1910; baseline -0.002 -21"><span class='ocrx_word' id='word_1_266' title='bbox 2173 1836 2344 1909; x_wconf 76' lang='grc' dir='ltr'>ἱεράν,</span> <span class='ocrx_word' id='word_1_267' title='bbox 2366 1836 2445 1907; x_wconf 84' lang='grc' dir='ltr'>τῷ</span> <span class='ocrx_word' id='word_1_268' title='bbox 2470 1837 2688 1909; x_wconf 84' lang='grc' dir='ltr'>μεγάλῳ</span> <span class='ocrx_word' id='word_1_269' title='bbox 2709 1836 2905 1910; x_wconf 85' lang='grc' dir='ltr'>Παύλῳ</span> <span class='ocrx_word' id='word_1_270' title='bbox 2930 1837 3069 1892; x_wconf 80' lang='grc' dir='ltr'>κατὰ</span> <span class='ocrx_word' id='word_1_271' title='bbox 3094 1836 3296 1907; x_wconf 81' lang='grc' dir='ltr'>ταύτην</span> <span class='ocrx_word' id='word_1_272' title='bbox 3326 1835 3760 1907; x_wconf 80' lang='grc' dir='ltr'>μαθητεύσαντα,</span> 
     </span>
    </p>
   </div>
   <div class='ocr_carea' id='block_1_34' title="bbox 2169 1920 3763 1998">
    <p class='ocr_par' dir='ltr' id='par_1_34' title="bbox 2169 1920 3763 1998">
     <span class='ocr_line' id='line_1_34' title="bbox 2169 1920 3763 1998; baseline -0.003 -17"><span class='ocrx_word' id='word_1_273' title='bbox 2169 1927 2264 1983; x_wconf 76' lang='grc' dir='ltr'>καὶ</span> <span class='ocrx_word' id='word_1_274' title='bbox 2320 1920 2490 1983; x_wconf 80' lang='grc' dir='ltr'>πολλὰ</span> <span class='ocrx_word' id='word_1_275' title='bbox 2535 1927 2866 1998; x_wconf 86' lang='grc' dir='ltr'>ἐσχολακότα</span> <span class='ocrx_word' id='word_1_276' title='bbox 2914 1924 3039 1991; x_wconf 80' lang='grc' dir='ltr'>ταῖς</span> <span class='ocrx_word' id='word_1_277' title='bbox 3084 1926 3257 1995; x_wconf 79' lang='grc' dir='ltr'>θείαις</span> <span class='ocrx_word' id='word_1_278' title='bbox 3304 1925 3574 1996; x_wconf 78' lang='grc' dir='ltr'>Γραφαίς,</span> <span class='ocrx_word' id='word_1_279' title='bbox 3626 1924 3763 1990; x_wconf 81' lang='grc' dir='ltr'>ἀξιοῖ</span> 
     </span>
    </p>
   </div>
   <div class='ocr_carea' id='block_1_35' title="bbox 2168 2015 3765 2091">
    <p class='ocr_par' dir='ltr' id='par_1_35' title="bbox 2168 2015 3765 2091">
     <span class='ocr_line' id='line_1_35' title="bbox 2168 2015 3765 2091; baseline -0.001 -20"><span class='ocrx_word' id='word_1_280' title='bbox 2168 2018 2299 2091; x_wconf 80' lang='grc' dir='ltr'>παρ’</span> <span class='ocrx_word' id='word_1_281' title='bbox 2342 2018 2504 2073; x_wconf 84' lang='grc' dir='ltr'>αὑτοῦ</span> <span class='ocrx_word' id='word_1_282' title='bbox 2542 2017 2851 2091; x_wconf 84' lang='grc' dir='ltr'>διδαχθῆναι</span> <span class='ocrx_word' id='word_1_283' title='bbox 2890 2017 2962 2073; x_wconf 81' lang='grc' dir='ltr'>τὰ</span> <span class='ocrx_word' id='word_1_284' title='bbox 3009 2017 3455 2089; x_wconf 77' lang='grc' dir='ltr'><strong><em>ὑποτεταγμένα·</em></strong></span> <span class='ocrx_word' id='word_1_285' title='bbox 3494 2016 3523 2069; x_wconf 78' lang='grc' dir='ltr'><strong>ὃ</strong></span> <span class='ocrx_word' id='word_1_286' title='bbox 3573 2015 3642 2089; x_wconf 79' lang='grc' dir='ltr'><strong><em>δὴ</em></strong></span> <span class='ocrx_word' id='word_1_287' title='bbox 3676 2017 3765 2069; x_wconf 83' lang='grc' dir='ltr'><strong><em>καὶ</em></strong></span> 
     </span>
    </p>
   </div>
   <div class='ocr_carea' id='block_1_36' title="bbox 2168 2107 3765 2183">
    <p class='ocr_par' dir='ltr' id='par_1_36' title="bbox 2168 2107 3765 2183">
     <span class='ocr_line' id='line_1_36' title="bbox 2168 2107 3765 2183; baseline -0.001 -21"><span class='ocrx_word' id='word_1_288' title='bbox 2168 2110 2396 2180; x_wconf 89' lang='grc' dir='ltr'>γίνεται.</span> <span class='ocrx_word' id='word_1_289' title='bbox 2430 2110 2600 2164; x_wconf 82' lang='grc' dir='ltr'><strong><em>Καλεί</em></strong></span> <span class='ocrx_word' id='word_1_290' title='bbox 2636 2109 2767 2179; x_wconf 85' lang='grc' dir='ltr'>γοῦν</span> <span class='ocrx_word' id='word_1_291' title='bbox 2809 2109 2973 2183; x_wconf 76' lang='grc' dir='ltr'>αὐτὸν</span> <span class='ocrx_word' id='word_1_292' title='bbox 3014 2108 3042 2162; x_wconf 84' lang='grc' dir='ltr'>ὁ</span> <span class='ocrx_word' id='word_1_293' title='bbox 3084 2108 3256 2180; x_wconf 89' lang='grc' dir='ltr'>μέγας</span> <span class='ocrx_word' id='word_1_294' title='bbox 3300 2107 3582 2172; x_wconf 77' lang='grc' dir='ltr'>Διονύσιος</span> <span class='ocrx_word' id='word_1_295' title='bbox 3632 2125 3765 2179; x_wconf 77' lang='grc' dir='ltr'>συμ-</span> 
     </span>
    </p>
   </div>
   <div class='ocr_carea' id='block_1_37' title="bbox 2168 2200 3766 2280">
    <p class='ocr_par' dir='ltr' id='par_1_37' title="bbox 2168 2200 3766 2280">
     <span class='ocr_line' id='line_1_37' title="bbox 2168 2200 3766 2280; baseline -0.001 -23"><span class='ocrx_word' id='word_1_296' title='bbox 2168 2201 2575 2280; x_wconf 79' lang='grc' dir='ltr'>πρεσὸύτερον,</span> <span class='ocrx_word' id='word_1_297' title='bbox 2624 2201 2787 2255; x_wconf 74' lang='grc' dir='ltr'>οἱονεὶ</span> <span class='ocrx_word' id='word_1_298' title='bbox 2833 2201 3265 2264; x_wconf 82' lang='grc' dir='ltr'>συνεπίσκοπον,</span> <span class='ocrx_word' id='word_1_299' title='bbox 3311 2200 3386 2265; x_wconf 83' lang='grc' dir='ltr'><strong><em>ὡς</em></strong></span> <span class='ocrx_word' id='word_1_300' title='bbox 3430 2200 3526 2255; x_wconf 73' lang='grc' dir='ltr'>καὶ</span> <span class='ocrx_word' id='word_1_301' title='bbox 3576 2202 3766 2255; x_wconf 66' lang='grc' dir='ltr'>ἐαυτὸν</span> 
     </span>
    </p>
   </div>
   <div class='ocr_carea' id='block_1_38' title="bbox 2168 2293 3766 2369">
    <p class='ocr_par' dir='ltr' id='par_1_38' title="bbox 2168 2293 3766 2369">
     <span class='ocr_line' id='line_1_38' title="bbox 2168 2293 3766 2369; baseline -0.001 -19"><span class='ocrx_word' id='word_1_302' title='bbox 2168 2296 2559 2369; x_wconf 79' lang='grc' dir='ltr'>πρεσϐύτερον,</span> <span class='ocrx_word' id='word_1_303' title='bbox 2588 2294 2829 2367; x_wconf 83' lang='grc' dir='ltr'>δηλονότι</span> <span class='ocrx_word' id='word_1_304' title='bbox 2872 2295 3188 2351; x_wconf 84' lang='grc' dir='ltr'>ἐπίσκοπον.</span> <span class='ocrx_word' id='word_1_305' title='bbox 3231 2294 3388 2359; x_wconf 74' lang='grc' dir='ltr'>Οὕτω</span> <span class='ocrx_word' id='word_1_306' title='bbox 3422 2293 3537 2367; x_wconf 81' lang='grc' dir='ltr'><strong><em>γάρ</em></strong></span> <span class='ocrx_word' id='word_1_307' title='bbox 3578 2295 3766 2367; x_wconf 76' lang='grc' dir='ltr'>δηλοῦ-</span> 
     </span>
    </p>
   </div>
   <div class='ocr_carea' id='block_1_39' title="bbox 489 2386 2069 2462">
    <p class='ocr_par' dir='ltr' id='par_1_39' title="bbox 489 2386 2067 2461">
     <span class='ocr_line' id='line_1_39' title="bbox 489 2386 2067 2461; baseline 0.004 -22"><span class='ocrx_word' id='word_1_308' title='bbox 489 2386 856 2455; x_wconf 83' lang='lat' dir='ltr'><strong><em>aposlolorunt</em></strong></span> <span class='ocrx_word' id='word_1_309' title='bbox 887 2386 1218 2453; x_wconf 88' lang='lat' dir='ltr'><strong><em>declaratur,</em></strong></span> <span class='ocrx_word' id='word_1_310' title='bbox 1238 2390 1327 2443; x_wconf 91' lang='lat' dir='ltr'><strong><em>ubi</em></strong></span> <span class='ocrx_word' id='word_1_311' title='bbox 1354 2404 1584 2461; x_wconf 86' lang='lat' dir='ltr'><strong><em>magnus</em></strong></span> <span class='ocrx_word' id='word_1_312' title='bbox 1607 2390 1812 2446; x_wconf 72' lang='lat' dir='ltr'><strong><em>Christi</em></strong></span> <span class='ocrx_word' id='word_1_313' title='bbox 1845 2398 2067 2460; x_wconf 90' lang='lat' dir='ltr'><strong><em>aposto-</em></strong></span> 
     </span>
    </p>
   </div>
   <div class='ocr_carea' id='block_1_40' title="bbox 2171 2386 3768 2462">
    <p class='ocr_par' dir='ltr' id='par_1_40' title="bbox 2171 2387 3768 2462">
     <span class='ocr_line' id='line_1_40' title="bbox 2171 2387 3768 2462; baseline -0.002 -20"><span class='ocrx_word' id='word_1_314' title='bbox 2171 2406 2256 2445; x_wconf 88' lang='grc' dir='ltr'><strong><em>ται</em></strong></span> <span class='ocrx_word' id='word_1_315' title='bbox 2287 2390 2344 2455; x_wconf 81' lang='grc' dir='ltr'>ἐν</span> <span class='ocrx_word' id='word_1_316' title='bbox 2373 2393 2492 2454; x_wconf 83' lang='grc' dir='ltr'>ταῖς</span> <span class='ocrx_word' id='word_1_317' title='bbox 2532 2388 2771 2462; x_wconf 79' lang='grc' dir='ltr'>Πράξεσι</span> <span class='ocrx_word' id='word_1_318' title='bbox 2808 2387 2919 2442; x_wconf 84' lang='grc' dir='ltr'>τῶν</span> <span class='ocrx_word' id='word_1_319' title='bbox 2957 2387 3129 2457; x_wconf 83' lang='grc' dir='ltr'>ἁγίων</span> <span class='ocrx_word' id='word_1_320' title='bbox 3162 2388 3494 2453; x_wconf 79' lang='grc' dir='ltr'><strong><em>ἀποστόλων,</em></strong></span> <span class='ocrx_word' id='word_1_321' title='bbox 3539 2388 3675 2443; x_wconf 79' lang='grc' dir='ltr'>ἔνθα</span> <span class='ocrx_word' id='word_1_322' title='bbox 3713 2390 3768 2440; x_wconf 86' lang='grc' dir='ltr'><strong><em>ἐν</em></strong></span> 
     </span>
    </p>
   </div>
   <div class='ocr_carea' id='block_1_41' title="bbox 489 2478 2069 2555">
    <p class='ocr_par' dir='ltr' id='par_1_41' title="bbox 489 2478 2065 2552">
     <span class='ocr_line' id='line_1_41' title="bbox 489 2478 2065 2552; baseline 0.003 -19"><span class='ocrx_word' id='word_1_323' title='bbox 489 2478 574 2535; x_wconf 85' lang='lat' dir='ltr'><strong><em>lus</em></strong></span> <span class='ocrx_word' id='word_1_324' title='bbox 631 2478 829 2535; x_wconf 84' lang='lat' dir='ltr'><strong><em>Paulus</em></strong></span> <span class='ocrx_word' id='word_1_325' title='bbox 881 2479 1024 2535; x_wconf 64' lang='lat' dir='ltr'><strong><em>Asia</em></strong></span> <span class='ocrx_word' id='word_1_326' title='bbox 1088 2480 1348 2537; x_wconf 84' lang='lat' dir='ltr'><strong><em>Ecclesiis</em></strong></span> <span class='ocrx_word' id='word_1_327' title='bbox 1413 2482 1675 2537; x_wconf 91' lang='lat' dir='ltr'><strong><em>nonnulla</em></strong></span> <span class='ocrx_word' id='word_1_328' title='bbox 1735 2480 2065 2552; x_wconf 80' lang='lat' dir='ltr'><strong><em>praescribit.</em></strong></span> 
     </span>
    </p>
   </div>
   <div class='ocr_carea' id='block_1_42' title="bbox 2171 2478 3768 2555">
    <p class='ocr_par' dir='ltr' id='par_1_42' title="bbox 2184 2480 3768 2555">
     <span class='ocr_line' id='line_1_42' title="bbox 2184 2480 3768 2555; baseline 0.003 -22"><span class='ocrx_word' id='word_1_329' title='bbox 2184 2482 2339 2555; x_wconf 76' lang='grc' dir='ltr'><strong><em>Ἀσίᾳ</em></strong></span> <span class='ocrx_word' id='word_1_330' title='bbox 2378 2483 2727 2536; x_wconf 81' lang='grc' dir='ltr'><strong><em>συντάττεται</em></strong></span> <span class='ocrx_word' id='word_1_331' title='bbox 2764 2483 2883 2546; x_wconf 88' lang='grc' dir='ltr'>ταῖς</span> <span class='ocrx_word' id='word_1_332' title='bbox 2897 2481 3242 2555; x_wconf 80' lang='grc' dir='ltr'>Ἐκκλησίαις</span> <span class='ocrx_word' id='word_1_333' title='bbox 3300 2480 3480 2536; x_wconf 81' lang='grc' dir='ltr'>αὐτῶν</span> <span class='ocrx_word' id='word_1_334' title='bbox 3514 2484 3547 2537; x_wconf 85' lang='grc' dir='ltr'>ὁ</span> <span class='ocrx_word' id='word_1_335' title='bbox 3598 2480 3768 2555; x_wconf 76' lang='grc' dir='ltr'>μέγας</span> 
     </span>
    </p>
   </div>
   <div class='ocr_carea' id='block_1_43' title="bbox 488 2565 2069 2645">
    <p class='ocr_par' dir='ltr' id='par_1_43' title="bbox 488 2570 2068 2641">
     <span class='ocr_line' id='line_1_43' title="bbox 488 2570 2068 2641; baseline 0.002 -14"><span class='ocrx_word' id='word_1_336' title='bbox 488 2570 624 2627; x_wconf 85' lang='lat' dir='ltr'><strong><em>Cum</em></strong></span> <span class='ocrx_word' id='word_1_337' title='bbox 653 2579 835 2626; x_wconf 88' lang='lat' dir='ltr'><strong><em>autem</em></strong></span> <span class='ocrx_word' id='word_1_338' title='bbox 867 2572 953 2626; x_wconf 93' lang='lat' dir='ltr'><strong><em>hic</em></strong></span> <span class='ocrx_word' id='word_1_339' title='bbox 983 2581 1247 2628; x_wconf 86' lang='lat' dir='ltr'><strong><em>tractatus</em></strong></span> <span class='ocrx_word' id='word_1_340' title='bbox 1284 2576 1357 2629; x_wconf 88' lang='lat' dir='ltr'><strong><em>sit</em></strong></span> <span class='ocrx_word' id='word_1_341' title='bbox 1391 2574 1459 2629; x_wconf 87' lang='lat' dir='ltr'><strong><em>de</em></strong></span> <span class='ocrx_word' id='word_1_342' title='bbox 1491 2574 1694 2629; x_wconf 86' lang='lat' dir='ltr'><strong><em>divinis</em></strong></span> <span class='ocrx_word' id='word_1_343' title='bbox 1732 2576 2068 2641; x_wconf 84' lang='lat' dir='ltr'><strong><em>nominibus,</em></strong></span> 
     </span>
    </p>
   </div>
   <div class='ocr_carea' id='block_1_44' title="bbox 2171 2565 3771 2645">
    <p class='ocr_par' dir='ltr' id='par_1_44' title="bbox 2171 2573 3771 2645">
     <span class='ocr_line' id='line_1_44' title="bbox 2171 2573 3771 2645; baseline -0.002 -17"><span class='ocrx_word' id='word_1_344' title='bbox 2171 2573 2263 2628; x_wconf 87' lang='grc' dir='ltr'><strong><em>τοῦ</em></strong></span> <span class='ocrx_word' id='word_1_345' title='bbox 2290 2573 2526 2645; x_wconf 82' lang='grc' dir='ltr'><strong><em>Χριστοῦ</em></strong></span> <span class='ocrx_word' id='word_1_346' title='bbox 2555 2573 2849 2638; x_wconf 82' lang='grc' dir='ltr'>ἀπόστολος</span> <span class='ocrx_word' id='word_1_347' title='bbox 2870 2573 3101 2645; x_wconf 62' lang='grc' dir='ltr'>Παῦλος,</span> <span class='ocrx_word' id='word_1_348' title='bbox 3119 2574 3337 2645; x_wconf 83' lang='grc' dir='ltr'><strong><em>Ἐπειδὴ</em></strong></span> <span class='ocrx_word' id='word_1_349' title='bbox 3360 2573 3417 2626; x_wconf 85' lang='grc' dir='ltr'>δὲ</span> <span class='ocrx_word' id='word_1_350' title='bbox 3444 2574 3582 2645; x_wconf 76' lang='grc' dir='ltr'>περὶ</span> <span class='ocrx_word' id='word_1_351' title='bbox 3613 2574 3771 2627; x_wconf 80' lang='grc' dir='ltr'>θείων</span> 
     </span>
    </p>
   </div>
   <div class='ocr_carea' id='block_1_45' title="bbox 489 2661 2069 2739">
    <p class='ocr_par' dir='ltr' id='par_1_45' title="bbox 489 2661 2067 2728">
     <span class='ocr_line' id='line_1_45' title="bbox 489 2661 2067 2728; baseline 0 -11"><span class='ocrx_word' id='word_1_352' title='bbox 489 2661 791 2728; x_wconf 87' lang='lat' dir='ltr'><strong><em>sciendum,</em></strong></span> <span class='ocrx_word' id='word_1_353' title='bbox 816 2662 1111 2717; x_wconf 89' lang='lat' dir='ltr'><strong><em>universim</em></strong></span> <span class='ocrx_word' id='word_1_354' title='bbox 1136 2674 1191 2719; x_wconf 93' lang='lat' dir='ltr'><strong><em>et</em></strong></span> <span class='ocrx_word' id='word_1_355' title='bbox 1221 2664 1274 2719; x_wconf 92' lang='lat' dir='ltr'><strong><em>in</em></strong></span> <span class='ocrx_word' id='word_1_356' title='bbox 1308 2663 1563 2719; x_wconf 89' lang='lat' dir='ltr'><strong><em>omnibus</em></strong></span> <span class='ocrx_word' id='word_1_357' title='bbox 1590 2663 1809 2719; x_wconf 90' lang='lat' dir='ltr'><strong><em>nomina</em></strong></span> <span class='ocrx_word' id='word_1_358' title='bbox 1841 2678 1947 2719; x_wconf 92' lang='lat' dir='ltr'><strong><em>non</em></strong></span> <span class='ocrx_word' id='word_1_359' title='bbox 1988 2666 2067 2720; x_wconf 92' lang='lat' dir='ltr'><strong><em>si-</em></strong></span> 
     </span>
    </p>
   </div>
   <div class='ocr_carea' id='block_1_46' title="bbox 2171 2661 3767 2739">
    <p class='ocr_par' dir='ltr' id='par_1_46' title="bbox 2171 2664 3767 2739">
     <span class='ocr_line' id='line_1_46' title="bbox 2171 2664 3767 2739; baseline 0.001 -21"><span class='ocrx_word' id='word_1_360' title='bbox 2171 2664 2452 2738; x_wconf 87' lang='grc' dir='ltr'>ὀνομάτων</span> <span class='ocrx_word' id='word_1_361' title='bbox 2490 2668 2524 2738; x_wconf 80' lang='grc' dir='ltr'>ἡ</span> <span class='ocrx_word' id='word_1_362' title='bbox 2570 2665 2923 2739; x_wconf 78' lang='grc' dir='ltr'>πραγματεία</span> <span class='ocrx_word' id='word_1_363' title='bbox 2962 2667 3143 2733; x_wconf 77' lang='grc' dir='ltr'>ἐστὶν,</span> <span class='ocrx_word' id='word_1_364' title='bbox 3184 2667 3355 2721; x_wconf 83' lang='grc' dir='ltr'>ίστέον</span> <span class='ocrx_word' id='word_1_365' title='bbox 3380 2709 3396 2735; x_wconf 90' lang='grc'><strong><em>,</em></strong></span> <span class='ocrx_word' id='word_1_366' title='bbox 3428 2668 3513 2721; x_wconf 82' lang='grc' dir='ltr'>ὅτι</span> <span class='ocrx_word' id='word_1_367' title='bbox 3552 2667 3767 2722; x_wconf 79' lang='grc' dir='ltr'>καθολι-</span> 
     </span>
    </p>
   </div>
   <div class='ocr_carea' id='block_1_47' title="bbox 488 2754 2069 2833">
    <p class='ocr_par' dir='ltr' id='par_1_47' title="bbox 488 2754 2068 2827">
     <span class='ocr_line' id='line_1_47' title="bbox 488 2754 2068 2827; baseline 0.004 -20"><span class='ocrx_word' id='word_1_368' title='bbox 488 2754 750 2824; x_wconf 84' lang='lat' dir='ltr'><strong><em>gniﬁcare</em></strong></span> <span class='ocrx_word' id='word_1_369' title='bbox 789 2755 1145 2824; x_wconf 81' lang='lat' dir='ltr'><strong><em>substantias,</em></strong></span> <span class='ocrx_word' id='word_1_370' title='bbox 1167 2764 1222 2811; x_wconf 93' lang='lat' dir='ltr'><strong><em>et</em></strong></span> <span class='ocrx_word' id='word_1_371' title='bbox 1252 2755 1385 2827; x_wconf 86' lang='lat' dir='ltr'><strong><em>quid</em></strong></span> <span class='ocrx_word' id='word_1_372' title='bbox 1416 2756 1624 2827; x_wconf 89' lang='lat' dir='ltr'><strong><em>aliquid</em></strong></span> <span class='ocrx_word' id='word_1_373' title='bbox 1662 2758 1754 2824; x_wconf 86' lang='lat' dir='ltr'><strong><em>sit,</em></strong></span> <span class='ocrx_word' id='word_1_374' title='bbox 1795 2756 1898 2813; x_wconf 92' lang='lat' dir='ltr'><strong><em>hoc</em></strong></span> <span class='ocrx_word' id='word_1_375' title='bbox 1922 2757 2068 2813; x_wconf 90' lang='lat' dir='ltr'><strong><em>enim</em></strong></span> 
     </span>
    </p>
   </div>
   <div class='ocr_carea' id='block_1_48' title="bbox 2171 2754 3767 2833">
    <p class='ocr_par' dir='ltr' id='par_1_48' title="bbox 2172 2759 3767 2833">
     <span class='ocr_line' id='line_1_48' title="bbox 2172 2759 3767 2833; baseline -0.001 -18"><span class='ocrx_word' id='word_1_376' title='bbox 2172 2761 2281 2824; x_wconf 83' lang='grc' dir='ltr'>κῶς</span> <span class='ocrx_word' id='word_1_377' title='bbox 2308 2761 2402 2816; x_wconf 82' lang='grc' dir='ltr'><strong><em>καὶ</em></strong></span> <span class='ocrx_word' id='word_1_378' title='bbox 2427 2761 2521 2814; x_wconf 81' lang='grc' dir='ltr'><strong><em>ἐπὶ</em></strong></span> <span class='ocrx_word' id='word_1_379' title='bbox 2554 2762 2691 2833; x_wconf 79' lang='grc' dir='ltr'>πᾶσι</span> <span class='ocrx_word' id='word_1_380' title='bbox 2715 2760 2782 2813; x_wconf 78' lang='grc' dir='ltr'><strong><em>τά</em></strong></span> <span class='ocrx_word' id='word_1_381' title='bbox 2809 2760 3048 2831; x_wconf 84' lang='grc' dir='ltr'>ὀνόματα</span> <span class='ocrx_word' id='word_1_382' title='bbox 3072 2760 3135 2816; x_wconf 77' lang='grc' dir='ltr'>οὐ</span> <span class='ocrx_word' id='word_1_383' title='bbox 3167 2759 3527 2833; x_wconf 82' lang='grc' dir='ltr'><strong><em>σημαίνουσιν</em></strong></span> <span class='ocrx_word' id='word_1_384' title='bbox 3560 2761 3767 2825; x_wconf 80' lang='grc' dir='ltr'>οὐσίας,</span> 
     </span>
    </p>
   </div>
   <div class='ocr_carea' id='block_1_49' title="bbox 488 2846 2069 2928">
    <p class='ocr_par' dir='ltr' id='par_1_49' title="bbox 488 2846 2068 2923">
     <span class='ocr_line' id='line_1_49' title="bbox 488 2846 2068 2923; baseline 0.003 -23"><span class='ocrx_word' id='word_1_385' title='bbox 488 2856 576 2902; x_wconf 87' lang='lat' dir='ltr'><strong><em>cst</em></strong></span> <span class='ocrx_word' id='word_1_386' title='bbox 631 2846 1004 2916; x_wconf 86' lang='lat' dir='ltr'><strong><em>deﬁnitionis,</em></strong></span> <span class='ocrx_word' id='word_1_387' title='bbox 1034 2849 1147 2921; x_wconf 74' lang='lat' dir='ltr'><strong><em>[sed</em></strong></span> <span class='ocrx_word' id='word_1_388' title='bbox 1198 2865 1399 2906; x_wconf 89' lang='lat' dir='ltr'><strong><em>nomen</em></strong></span> <span class='ocrx_word' id='word_1_389' title='bbox 1448 2851 1776 2923; x_wconf 74' lang='lat' dir='ltr'><strong><em>etymologia</em></strong></span> <span class='ocrx_word' id='word_1_390' title='bbox 1824 2850 2068 2921; x_wconf 61' lang='lat' dir='ltr'><strong><em>quadam</em></strong></span> 
     </span>
    </p>
   </div>
   <div class='ocr_carea' id='block_1_50' title="bbox 2171 2846 3770 2928">
    <p class='ocr_par' dir='ltr' id='par_1_50' title="bbox 2171 2847 3770 2928">
     <span class='ocr_line' id='line_1_50' title="bbox 2171 2847 3770 2928; baseline 0.001 -23"><span class='ocrx_word' id='word_1_391' title='bbox 2171 2853 2268 2911; x_wconf 69' lang='grc' dir='ltr'>καὶ</span> <span class='ocrx_word' id='word_1_392' title='bbox 2307 2852 2369 2906; x_wconf 82' lang='grc' dir='ltr'><strong><em>τὸ</em></strong></span> <span class='ocrx_word' id='word_1_393' title='bbox 2405 2851 2459 2905; x_wconf 88' lang='grc' dir='ltr'><strong><em>τί</em></strong></span> <span class='ocrx_word' id='word_1_394' title='bbox 2501 2847 2570 2928; x_wconf 77' lang='grc' dir='ltr'><strong><em>ἦν</em></strong></span> <span class='ocrx_word' id='word_1_395' title='bbox 2614 2848 2773 2915; x_wconf 77' lang='grc' dir='ltr'>εἶναι,</span> <span class='ocrx_word' id='word_1_396' title='bbox 2799 2852 2957 2907; x_wconf 83' lang='grc' dir='ltr'>τοῦτο</span> <span class='ocrx_word' id='word_1_397' title='bbox 2992 2851 3103 2925; x_wconf 81' lang='grc' dir='ltr'>γὰρ</span> <span class='ocrx_word' id='word_1_398' title='bbox 3135 2850 3231 2914; x_wconf 85' lang='grc' dir='ltr'><strong><em>τοῦ</em></strong></span> <span class='ocrx_word' id='word_1_399' title='bbox 3271 2852 3505 2924; x_wconf 78' lang='grc' dir='ltr'><strong><em>ὁρισμοῦ</em></strong></span> <span class='ocrx_word' id='word_1_400' title='bbox 3535 2854 3689 2907; x_wconf 81' lang='grc' dir='ltr'>ἐστι·</span> <span class='ocrx_word' id='word_1_401' title='bbox 3713 2854 3770 2906; x_wconf 87' lang='grc' dir='ltr'><strong><em>τὸ</em></strong></span> 
     </span>
    </p>
   </div>
   <div class='ocr_carea' id='block_1_51' title="bbox 488 2936 2069 3016">
    <p class='ocr_par' dir='ltr' id='par_1_51' title="bbox 488 2941 2068 3016">
     <span class='ocr_line' id='line_1_51' title="bbox 488 2941 2068 3016; baseline 0.003 -20"><span class='ocrx_word' id='word_1_402' title='bbox 488 2950 573 2996; x_wconf 89' lang='lat' dir='ltr'><strong><em>est</em></strong></span> <span class='ocrx_word' id='word_1_403' title='bbox 611 2943 775 2996; x_wconf 77' lang='lat' dir='ltr'><strong><em>exiis</em></strong></span> <span class='ocrx_word' id='word_1_404' title='bbox 814 2957 934 3010; x_wconf 79' lang='lat' dir='ltr'><strong><em>quas</em></strong></span> <span class='ocrx_word' id='word_1_405' title='bbox 971 2941 1050 2996; x_wconf 91' lang='lat' dir='ltr'><strong><em>rei</em></strong></span> <span class='ocrx_word' id='word_1_406' title='bbox 1082 2942 1378 2998; x_wconf 77' lang='lat' dir='ltr'><strong><em>nominata:</em></strong></span> <span class='ocrx_word' id='word_1_407' title='bbox 1420 2943 1641 3009; x_wconf 88' lang='lat' dir='ltr'><strong><em>adsunt,</em></strong></span> <span class='ocrx_word' id='word_1_408' title='bbox 1670 2945 1824 3001; x_wconf 86' lang='lat' dir='ltr'><strong><em>verbi</em></strong></span> <span class='ocrx_word' id='word_1_409' title='bbox 1868 2947 2068 3016; x_wconf 84' lang='lat' dir='ltr'><strong><em>gratia,</em></strong></span> 
     </span>
    </p>
   </div>
   <div class='ocr_carea' id='block_1_52' title="bbox 2171 2936 3770 3016">
    <p class='ocr_par' dir='ltr' id='par_1_52' title="bbox 2171 2936 3770 3014">
     <span class='ocr_line' id='line_1_52' title="bbox 2171 2936 3770 3014; baseline -0.001 -17"><span class='ocrx_word' id='word_1_410' title='bbox 2171 2940 2229 2997; x_wconf 77' lang='grc' dir='ltr'><strong><em>δὲ</em></strong></span> <span class='ocrx_word' id='word_1_411' title='bbox 2258 2940 2429 3012; x_wconf 80' lang='grc' dir='ltr'>ὄνομα</span> <span class='ocrx_word' id='word_1_412' title='bbox 2458 2936 2781 3012; x_wconf 78' lang='grc' dir='ltr'>ἐτύμολογία</span> <span class='ocrx_word' id='word_1_413' title='bbox 2821 2940 2906 3006; x_wconf 88' lang='grc' dir='ltr'><strong><em>τίς</em></strong></span> <span class='ocrx_word' id='word_1_414' title='bbox 2942 2942 3091 3003; x_wconf 77' lang='grc' dir='ltr'>ἐστιν</span> <span class='ocrx_word' id='word_1_415' title='bbox 3121 2943 3187 2996; x_wconf 87' lang='grc' dir='ltr'><strong><em>ἐκ</em></strong></span> <span class='ocrx_word' id='word_1_416' title='bbox 3220 2940 3331 2995; x_wconf 87' lang='grc' dir='ltr'><strong><em>τῶν</em></strong></span> <span class='ocrx_word' id='word_1_417' title='bbox 3355 2941 3678 3014; x_wconf 84' lang='grc' dir='ltr'>προσόντων</span> <span class='ocrx_word' id='word_1_418' title='bbox 3699 2944 3770 3014; x_wconf 83' lang='grc' dir='ltr'><strong><em>τῷ</em></strong></span> 
     </span>
    </p>
   </div>
   <div class='ocr_carea' id='block_1_53' title="bbox 486 3028 2069 3113">
    <p class='ocr_par' dir='ltr' id='par_1_53' title="bbox 486 3033 2069 3113">
     <span class='ocr_line' id='line_1_53' title="bbox 486 3033 2069 3113; baseline 0.003 -22"><span class='ocrx_word' id='word_1_419' title='bbox 486 3034 794 3106; x_wconf 78' lang='grc' dir='ltr'>ἄνθρωπος,</span> <span class='ocrx_word' id='word_1_420' title='bbox 819 3034 874 3091; x_wconf 90' lang='lat' dir='ltr'><strong><em>id</em></strong></span> <span class='ocrx_word' id='word_1_421' title='bbox 906 3042 993 3091; x_wconf 81' lang='lat' dir='ltr'><strong><em>est</em></strong></span> <span class='ocrx_word' id='word_1_422' title='bbox 1041 3035 1225 3099; x_wconf 77' lang='lat' dir='ltr'><strong><em>homo,</em></strong></span> <span class='ocrx_word' id='word_1_423' title='bbox 1263 3034 1332 3090; x_wconf 90' lang='lat' dir='ltr'><strong><em>ab</em></strong></span> <span class='ocrx_word' id='word_1_424' title='bbox 1361 3033 1475 3090; x_wconf 76' lang='grc' dir='ltr'>ἄνω</span> <span class='ocrx_word' id='word_1_425' title='bbox 1518 3035 1723 3108; x_wconf 84' lang='grc' dir='ltr'>ἀθρεῖν,</span> <span class='ocrx_word' id='word_1_426' title='bbox 1754 3037 1807 3092; x_wconf 92' lang='lat' dir='ltr'><strong><em>id</em></strong></span> <span class='ocrx_word' id='word_1_427' title='bbox 1850 3046 1959 3113; x_wconf 77' lang='lat' dir='ltr'><strong><em>est,</em></strong></span> <span class='ocrx_word' id='word_1_428' title='bbox 2002 3040 2069 3096; x_wconf 89' lang='lat' dir='ltr'><strong><em>ab</em></strong></span> 
     </span>
    </p>
   </div>
   <div class='ocr_carea' id='block_1_54' title="bbox 2171 3028 3775 3113">
    <p class='ocr_par' dir='ltr' id='par_1_54' title="bbox 2172 3028 3775 3107">
     <span class='ocr_line' id='line_1_54' title="bbox 2172 3028 3775 3107; baseline 0.001 -25"><span class='ocrx_word' id='word_1_429' title='bbox 2172 3033 2560 3107; x_wconf 74' lang='grc' dir='ltr'><strong><em>ὀνομαζομένῳ</em></strong></span> <span class='ocrx_word' id='word_1_430' title='bbox 2596 3035 2914 3105; x_wconf 82' lang='grc' dir='ltr'>πράγματι·</span> <span class='ocrx_word' id='word_1_431' title='bbox 2946 3028 3062 3089; x_wconf 74' lang='grc' dir='ltr'>οἷον</span> <span class='ocrx_word' id='word_1_432' title='bbox 3098 3033 3403 3107; x_wconf 80' lang='grc' dir='ltr'>ἄνθρωπος,</span> <span class='ocrx_word' id='word_1_433' title='bbox 3432 3036 3499 3088; x_wconf 90' lang='grc' dir='ltr'><strong><em>ἐκ</em></strong></span> <span class='ocrx_word' id='word_1_434' title='bbox 3534 3034 3639 3088; x_wconf 78' lang='grc' dir='ltr'><strong><em>τοῦ</em></strong></span> <span class='ocrx_word' id='word_1_435' title='bbox 3658 3033 3775 3095; x_wconf 9' lang='grc' dir='ltr'>ἀνω,</span> 
     </span>
    </p>
   </div>
   <div class='ocr_carea' id='block_1_55' title="bbox 488 3128 2066 3202">
    <p class='ocr_par' dir='ltr' id='par_1_55' title="bbox 488 3128 2066 3202">
     <span class='ocr_line' id='line_1_55' title="bbox 488 3128 2066 3202; baseline 0.004 -23"><span class='ocrx_word' id='word_1_436' title='bbox 488 3142 555 3183; x_wconf 70' lang='lat' dir='ltr'><strong><em>eo</em></strong></span> <span class='ocrx_word' id='word_1_437' title='bbox 577 3130 719 3198; x_wconf 86' lang='lat' dir='ltr'><strong><em>quod</em></strong></span> <span class='ocrx_word' id='word_1_438' title='bbox 740 3143 955 3185; x_wconf 86' lang='lat' dir='ltr'><strong><em>sursum</em></strong></span> <span class='ocrx_word' id='word_1_439' title='bbox 982 3136 1201 3184; x_wconf 87' lang='lat' dir='ltr'><strong><em>tueatur</em></strong></span> <span class='ocrx_word' id='word_1_440' title='bbox 1223 3129 1310 3184; x_wconf 88' lang='lat' dir='ltr'><strong><em>vel</em></strong></span> <span class='ocrx_word' id='word_1_441' title='bbox 1338 3128 1595 3199; x_wconf 81' lang='lat' dir='ltr'><strong><em>aspiciat,</em></strong></span> <span class='ocrx_word' id='word_1_442' title='bbox 1623 3144 1821 3186; x_wconf 90' lang='lat' dir='ltr'><strong><em>nomen</em></strong></span> <span class='ocrx_word' id='word_1_443' title='bbox 1846 3133 2066 3202; x_wconf 88' lang='lat' dir='ltr'><strong><em>accipit.</em></strong></span> 
     </span>
    </p>
   </div>
   <div class='ocr_carea' id='block_1_56' title="bbox 484 3218 2070 3299">
    <p class='ocr_par' dir='ltr' id='par_1_56' title="bbox 484 3218 2070 3299">
     <span class='ocr_line' id='line_1_56' title="bbox 484 3218 2070 3299; baseline 0.004 -24"><span class='ocrx_word' id='word_1_444' title='bbox 484 3218 604 3299; x_wconf 66' lang='grc' dir='ltr'>μοι)</span> <span class='ocrx_word' id='word_1_445' title='bbox 630 3219 793 3289; x_wconf 77' lang='lat' dir='ltr'><strong><em>igitur</em></strong></span> <span class='ocrx_word' id='word_1_446' title='bbox 817 3222 948 3291; x_wconf 85' lang='lat' dir='ltr'><strong><em>quid</em></strong></span> <span class='ocrx_word' id='word_1_447' title='bbox 977 3223 1047 3276; x_wconf 85' lang='lat' dir='ltr'><strong><em>sit</em></strong></span> <span class='ocrx_word' id='word_1_448' title='bbox 1069 3236 1189 3278; x_wconf 85' lang='lat' dir='ltr'><strong><em>esse</em></strong></span> <span class='ocrx_word' id='word_1_449' title='bbox 1224 3221 1396 3277; x_wconf 82' lang='lat' dir='ltr'><strong><em>divini</em></strong></span> <span class='ocrx_word' id='word_1_450' title='bbox 1431 3224 1670 3279; x_wconf 89' lang='lat' dir='ltr'><strong><em>numinis</em></strong></span> <span class='ocrx_word' id='word_1_451' title='bbox 1709 3224 1872 3280; x_wconf 84' lang='lat' dir='ltr'><strong><em>etiam</em></strong></span> <span class='ocrx_word' id='word_1_452' title='bbox 1912 3224 2070 3295; x_wconf 75' lang='lat' dir='ltr'><strong><em>ipsis-</em></strong></span> 
     </span>
    </p>
   </div>
   <div class='ocr_carea' id='block_1_57' title="bbox 490 3309 2071 3387">
    <p class='ocr_par' dir='ltr' id='par_1_57' title="bbox 490 3309 2071 3387">
     <span class='ocr_line' id='line_1_57' title="bbox 490 3309 2071 3387; baseline 0.004 -23"><span class='ocrx_word' id='word_1_453' title='bbox 490 3318 601 3364; x_wconf 89' lang='lat' dir='ltr'><strong><em>met</em></strong></span> <span class='ocrx_word' id='word_1_454' title='bbox 629 3310 839 3379; x_wconf 82' lang='lat' dir='ltr'><strong><em>angelis</em></strong></span> <span class='ocrx_word' id='word_1_455' title='bbox 872 3320 958 3365; x_wconf 90' lang='lat' dir='ltr'><strong><em>est</em></strong></span> <span class='ocrx_word' id='word_1_456' title='bbox 994 3309 1371 3375; x_wconf 89' lang='lat' dir='ltr'><strong><em>inscrutabile.</em></strong></span> <span class='ocrx_word' id='word_1_457' title='bbox 1400 3311 1552 3379; x_wconf 86' lang='lat' dir='ltr'><strong><em>Quod</em></strong></span> <span class='ocrx_word' id='word_1_458' title='bbox 1606 3324 1788 3370; x_wconf 89' lang='lat' dir='ltr'><strong><em>autem</em></strong></span> <span class='ocrx_word' id='word_1_459' title='bbox 1831 3330 1901 3375; x_wconf 74' lang='lat' dir='ltr'><strong><em>ex</em></strong></span> <span class='ocrx_word' id='word_1_460' title='bbox 1943 3318 2071 3387; x_wconf 84' lang='lat' dir='ltr'><strong><em>qui-</em></strong></span> 
     </span>
    </p>
   </div>
   <div class='ocr_carea' id='block_1_58' title="bbox 487 3399 2069 3476">
    <p class='ocr_par' dir='ltr' id='par_1_58' title="bbox 487 3399 2069 3476">
     <span class='ocr_line' id='line_1_58' title="bbox 487 3399 2069 3476; baseline 0.006 -22"><span class='ocrx_word' id='word_1_461' title='bbox 487 3399 714 3456; x_wconf 88' lang='lat' dir='ltr'><strong><em>busdam</em></strong></span> <span class='ocrx_word' id='word_1_462' title='bbox 763 3402 975 3459; x_wconf 74' lang='lat' dir='ltr'><strong><em>allectis</em></strong></span> <span class='ocrx_word' id='word_1_463' title='bbox 1008 3404 1121 3461; x_wconf 80' lang='lat' dir='ltr'><strong><em>suis</em></strong></span> <span class='ocrx_word' id='word_1_464' title='bbox 1149 3404 1316 3476; x_wconf 85' lang='lat' dir='ltr'><strong><em>(Deus</em></strong></span> <span class='ocrx_word' id='word_1_465' title='bbox 1366 3421 1420 3461; x_wconf 88' lang='lat' dir='ltr'><strong><em>v.</em></strong></span> <span class='ocrx_word' id='word_1_466' title='bbox 1470 3420 1523 3475; x_wconf 72' lang='grc' dir='ltr'><strong><em>ε.</em></strong></span> <span class='ocrx_word' id='word_1_467' title='bbox 1565 3406 1764 3475; x_wconf 89' lang='lat' dir='ltr'><strong><em>bonus,</em></strong></span> <span class='ocrx_word' id='word_1_468' title='bbox 1806 3409 2069 3476; x_wconf 81' lang='lat' dir='ltr'><strong><em>salvator,</em></strong></span> 
     </span>
    </p>
   </div>
   <div class='ocr_carea' id='block_1_59' title="bbox 487 3497 2066 3572">
    <p class='ocr_par' dir='ltr' id='par_1_59' title="bbox 487 3497 2066 3572">
     <span class='ocr_line' id='line_1_59' title="bbox 487 3497 2066 3572; baseline 0.006 -23"><span class='ocrx_word' id='word_1_469' title='bbox 487 3510 653 3565; x_wconf 89' lang='lat' dir='ltr'><strong><em>quam</em></strong></span> <span class='ocrx_word' id='word_1_470' title='bbox 688 3497 1015 3569; x_wconf 84' lang='lat' dir='ltr'><strong><em>theologiam</em></strong></span> <span class='ocrx_word' id='word_1_471' title='bbox 1050 3500 1409 3555; x_wconf 88' lang='lat' dir='ltr'><strong><em>aﬁirmantem</em></strong></span> <span class='ocrx_word' id='word_1_472' title='bbox 1445 3501 1669 3572; x_wconf 90' lang='lat' dir='ltr'><strong><em>vocant)</em></strong></span> <span class='ocrx_word' id='word_1_473' title='bbox 1704 3502 1781 3557; x_wconf 90' lang='lat' dir='ltr'><strong><em>uti</em></strong></span> <span class='ocrx_word' id='word_1_474' title='bbox 1834 3512 1888 3557; x_wconf 93' lang='lat' dir='ltr'><strong><em>et</em></strong></span> <span class='ocrx_word' id='word_1_475' title='bbox 1921 3503 2066 3558; x_wconf 89' lang='lat' dir='ltr'><strong><em>illam</em></strong></span> 
     </span>
    </p>
   </div>
   <div class='ocr_carea' id='block_1_60' title="bbox 488 3590 2068 3667">
    <p class='ocr_par' dir='ltr' id='par_1_60' title="bbox 488 3590 2068 3667">
     <span class='ocr_line' id='line_1_60' title="bbox 488 3590 2068 3667; baseline 0.007 -27"><span class='ocrx_word' id='word_1_476' title='bbox 488 3602 609 3657; x_wconf 84' lang='lat' dir='ltr'><strong><em>qme</em></strong></span> <span class='ocrx_word' id='word_1_477' title='bbox 629 3604 694 3642; x_wconf 85' lang='lat' dir='ltr'><strong><em>ex</em></strong></span> <span class='ocrx_word' id='word_1_478' title='bbox 711 3590 873 3644; x_wconf 88' lang='lat' dir='ltr'><strong><em>rebus</em></strong></span> <span class='ocrx_word' id='word_1_479' title='bbox 912 3592 1117 3646; x_wconf 86' lang='lat' dir='ltr'><strong><em>nostris</em></strong></span> <span class='ocrx_word' id='word_1_480' title='bbox 1144 3592 1399 3660; x_wconf 88' lang='lat' dir='ltr'><strong><em>sumitur,</em></strong></span> <span class='ocrx_word' id='word_1_481' title='bbox 1425 3602 1712 3663; x_wconf 87' lang='lat' dir='ltr'><strong><em>negantem</em></strong></span> <span class='ocrx_word' id='word_1_482' title='bbox 1744 3596 2068 3667; x_wconf 88' lang='lat' dir='ltr'><strong><em>theologiam</em></strong></span> 
     </span>
    </p>
   </div>
   <div class='ocr_carea' id='block_1_61' title="bbox 488 3680 2068 3755">
    <p class='ocr_par' dir='ltr' id='par_1_61' title="bbox 488 3680 2068 3755">
     <span class='ocr_line' id='line_1_61' title="bbox 488 3680 2068 3755; baseline 0.005 -21"><span class='ocrx_word' id='word_1_483' title='bbox 488 3680 697 3745; x_wconf 84' lang='lat' dir='ltr'><strong><em>dicunt,</em></strong></span> <span class='ocrx_word' id='word_1_484' title='bbox 733 3682 814 3751; x_wconf 90' lang='lat' dir='ltr'><strong><em>(ut</em></strong></span> <span class='ocrx_word' id='word_1_485' title='bbox 839 3681 982 3750; x_wconf 89' lang='lat' dir='ltr'><strong><em>quod</em></strong></span> <span class='ocrx_word' id='word_1_486' title='bbox 1005 3682 1077 3738; x_wconf 90' lang='lat' dir='ltr'><strong><em>sit</em></strong></span> <span class='ocrx_word' id='word_1_487' title='bbox 1103 3684 1610 3752; x_wconf 86' lang='lat' dir='ltr'><strong><em>incomprehensus,</em></strong></span> <span class='ocrx_word' id='word_1_488' title='bbox 1632 3700 1833 3755; x_wconf 82' lang='lat' dir='ltr'><strong><em>expers</em></strong></span> <span class='ocrx_word' id='word_1_489' title='bbox 1855 3684 2068 3753; x_wconf 65' lang='lat' dir='ltr'><strong><em>formae,</em></strong></span> 
     </span>
    </p>
   </div>
   <div class='ocr_carea' id='block_1_62' title="bbox 489 3772 2071 3847">
    <p class='ocr_par' dir='ltr' id='par_1_62' title="bbox 489 3772 2071 3847">
     <span class='ocr_line' id='line_1_62' title="bbox 489 3772 2071 3847; baseline 0.005 -20"><span class='ocrx_word' id='word_1_490' title='bbox 489 3772 836 3840; x_wconf 87' lang='lat' dir='ltr'><strong><em>immortalis)</em></strong></span> <span class='ocrx_word' id='word_1_491' title='bbox 853 3773 996 3841; x_wconf 86' lang='lat' dir='ltr'><strong><em>quod</em></strong></span> <span class='ocrx_word' id='word_1_492' title='bbox 1018 3787 1085 3829; x_wconf 81' lang='lat' dir='ltr'><strong><em>ex</em></strong></span> <span class='ocrx_word' id='word_1_493' title='bbox 1106 3775 1277 3842; x_wconf 90' lang='lat' dir='ltr'><strong><em>hisce,</em></strong></span> <span class='ocrx_word' id='word_1_494' title='bbox 1296 3776 1538 3847; x_wconf 91' lang='lat' dir='ltr'><strong><em>inquam,</em></strong></span> <span class='ocrx_word' id='word_1_495' title='bbox 1553 3777 1904 3834; x_wconf 88' lang='lat' dir='ltr'><strong><em>deuominetu</em></strong></span> <span class='ocrx_word' id='word_1_496' title='bbox 1914 3794 1959 3847; x_wconf 89' lang='lat' dir='ltr'><strong><em>r,</em></strong></span> <span class='ocrx_word' id='word_1_497' title='bbox 1978 3794 2071 3835; x_wconf 82' lang='lat' dir='ltr'><strong><em>ne-</em></strong></span> 
     </span>
    </p>
   </div>
   <div class='ocr_carea' id='block_1_63' title="bbox 2164 3123 3771 3201">
    <p class='ocr_par' dir='ltr' id='par_1_63' title="bbox 2164 3123 3771 3201">
     <span class='ocr_line' id='line_1_63' title="bbox 2164 3123 3771 3201; baseline 0 -21"><span class='ocrx_word' id='word_1_498' title='bbox 2164 3126 2386 3199; x_wconf 74' lang='grc' dir='ltr'>ἀθρεῖν,</span> <span class='ocrx_word' id='word_1_499' title='bbox 2428 3127 2550 3199; x_wconf 68' lang='grc' dir='ltr'>ἦτοι</span> <span class='ocrx_word' id='word_1_500' title='bbox 2593 3125 2838 3199; x_wconf 83' lang='grc' dir='ltr'>θεωρεῖν,</span> <span class='ocrx_word' id='word_1_501' title='bbox 2898 3124 3248 3201; x_wconf 77' lang='grc' dir='ltr'>ὀνομάζεται.</span> <span class='ocrx_word' id='word_1_502' title='bbox 3292 3127 3366 3181; x_wconf 86' lang='grc' dir='ltr'><strong><em>Τὸ</em></strong></span> <span class='ocrx_word' id='word_1_503' title='bbox 3406 3126 3565 3197; x_wconf 88' lang='grc' dir='ltr'>γοῦν,</span> <span class='ocrx_word' id='word_1_504' title='bbox 3618 3129 3674 3181; x_wconf 87' lang='grc' dir='ltr'><strong><em>τί</em></strong></span> <span class='ocrx_word' id='word_1_505' title='bbox 3709 3123 3771 3199; x_wconf 75' lang='grc' dir='ltr'><strong><em>ἦν</em></strong></span> 
     </span>
    </p>
   </div>
   <div class='ocr_carea' id='block_1_64' title="bbox 2172 3215 3769 3293">
    <p class='ocr_par' dir='ltr' id='par_1_64' title="bbox 2172 3215 3769 3293">
     <span class='ocr_line' id='line_1_64' title="bbox 2172 3215 3769 3293; baseline 0.001 -20"><span class='ocrx_word' id='word_1_506' title='bbox 2172 3215 2312 3275; x_wconf 87' lang='grc' dir='ltr'>εἶναι</span> <span class='ocrx_word' id='word_1_507' title='bbox 2338 3218 2435 3274; x_wconf 86' lang='grc' dir='ltr'><strong><em>τοῦ</em></strong></span> <span class='ocrx_word' id='word_1_508' title='bbox 2464 3219 2645 3285; x_wconf 88' lang='grc' dir='ltr'>Θείου,</span> <span class='ocrx_word' id='word_1_509' title='bbox 2676 3221 2770 3281; x_wconf 81' lang='grc' dir='ltr'>καὶ</span> <span class='ocrx_word' id='word_1_510' title='bbox 2802 3221 2985 3286; x_wconf 80' lang='grc' dir='ltr'>αὐτοῖς</span> <span class='ocrx_word' id='word_1_511' title='bbox 3019 3225 3133 3287; x_wconf 83' lang='grc' dir='ltr'>τοῖς</span> <span class='ocrx_word' id='word_1_512' title='bbox 3177 3221 3433 3292; x_wconf 79' lang='grc' dir='ltr'>ἀγγέλοις</span> <span class='ocrx_word' id='word_1_513' title='bbox 3470 3221 3769 3293; x_wconf 78' lang='grc' dir='ltr'>ἀνεξιχνία-</span> 
     </span>
    </p>
   </div>
   <div class='ocr_carea' id='block_1_65' title="bbox 2175 3312 3770 3386">
    <p class='ocr_par' dir='ltr' id='par_1_65' title="bbox 2175 3312 3770 3386">
     <span class='ocr_line' id='line_1_65' title="bbox 2175 3312 3770 3386; baseline -0.001 -17"><span class='ocrx_word' id='word_1_514' title='bbox 2175 3330 2320 3369; x_wconf 91' lang='grc' dir='ltr'>στον.</span> <span class='ocrx_word' id='word_1_515' title='bbox 2351 3314 2425 3368; x_wconf 84' lang='grc' dir='ltr'><strong><em>Τὸ</em></strong></span> <span class='ocrx_word' id='word_1_516' title='bbox 2453 3313 2533 3381; x_wconf 68' lang='grc' dir='ltr'><strong><em>δὲ,</em></strong></span> <span class='ocrx_word' id='word_1_517' title='bbox 2565 3312 2629 3372; x_wconf 76' lang='grc' dir='ltr'><strong><em>ἐκ</em></strong></span> <span class='ocrx_word' id='word_1_518' title='bbox 2664 3330 2829 3372; x_wconf 88' lang='grc' dir='ltr'>τινων</span> <span class='ocrx_word' id='word_1_519' title='bbox 2857 3313 3147 3386; x_wconf 75' lang='grc' dir='ltr'>ἐνεργειῶν</span> <span class='ocrx_word' id='word_1_520' title='bbox 3185 3313 3349 3367; x_wconf 79' lang='grc' dir='ltr'>αὐτοῦ</span> <span class='ocrx_word' id='word_1_521' title='bbox 3390 3314 3486 3386; x_wconf 85' lang='grc' dir='ltr'><strong><em>(ὡς</em></strong></span> <span class='ocrx_word' id='word_1_522' title='bbox 3517 3314 3610 3381; x_wconf 85' lang='grc' dir='ltr'><strong><em>τὸ,</em></strong></span> <span class='ocrx_word' id='word_1_523' title='bbox 3648 3315 3770 3377; x_wconf 76' lang='grc' dir='ltr'>Θεὸς</span> 
     </span>
    </p>
   </div>
   <div class='ocr_carea' id='block_1_66' title="bbox 2173 3404 3770 3479">
    <p class='ocr_par' dir='ltr' id='par_1_66' title="bbox 2173 3404 3770 3479">
     <span class='ocr_line' id='line_1_66' title="bbox 2173 3404 3770 3479; baseline -0.003 -17"><span class='ocrx_word' id='word_1_524' title='bbox 2173 3407 2394 3478; x_wconf 75' lang='grc' dir='ltr'>ἀγαθὸς,</span> <span class='ocrx_word' id='word_1_525' title='bbox 2416 3405 2618 3477; x_wconf 83' lang='grc' dir='ltr'>σωτὴρ,</span> <span class='ocrx_word' id='word_1_526' title='bbox 2642 3406 2708 3477; x_wconf 81' lang='grc' dir='ltr'><strong><em>ἢν</em></strong></span> <span class='ocrx_word' id='word_1_527' title='bbox 2750 3405 2815 3479; x_wconf 80' lang='grc' dir='ltr'><strong><em>δὴ</em></strong></span> <span class='ocrx_word' id='word_1_528' title='bbox 2854 3405 2949 3460; x_wconf 82' lang='grc' dir='ltr'>καὶ</span> <span class='ocrx_word' id='word_1_529' title='bbox 2978 3405 3352 3478; x_wconf 68' lang='grc' dir='ltr'>καταφατικὴν</span> <span class='ocrx_word' id='word_1_530' title='bbox 3382 3404 3669 3474; x_wconf 83' lang='grc' dir='ltr'>θεολογίαν</span> <span class='ocrx_word' id='word_1_531' title='bbox 3694 3406 3770 3459; x_wconf 76' lang='grc' dir='ltr'>λέ-</span> 
     </span>
    </p>
   </div>
   <div class='ocr_carea' id='block_1_67' title="bbox 2172 3495 3770 3570">
    <p class='ocr_par' dir='ltr' id='par_1_67' title="bbox 2172 3495 3770 3570">
     <span class='ocr_line' id='line_1_67' title="bbox 2172 3495 3770 3570; baseline -0.002 -18"><span class='ocrx_word' id='word_1_532' title='bbox 2172 3497 2352 3570; x_wconf 87' lang='grc' dir='ltr'>γουσι)</span> <span class='ocrx_word' id='word_1_533' title='bbox 2385 3498 2480 3552; x_wconf 76' lang='grc' dir='ltr'><strong><em>καὶ</em></strong></span> <span class='ocrx_word' id='word_1_534' title='bbox 2520 3498 2682 3552; x_wconf 89' lang='grc' dir='ltr'>πάλιν</span> <span class='ocrx_word' id='word_1_535' title='bbox 2721 3498 2788 3551; x_wconf 87' lang='grc' dir='ltr'><strong><em>ἐκ</em></strong></span> <span class='ocrx_word' id='word_1_536' title='bbox 2815 3495 2925 3550; x_wconf 85' lang='grc' dir='ltr'>τῶν</span> <span class='ocrx_word' id='word_1_537' title='bbox 2966 3495 3087 3557; x_wconf 81' lang='grc' dir='ltr'>καθ’</span> <span class='ocrx_word' id='word_1_538' title='bbox 3123 3497 3272 3568; x_wconf 74' lang='grc' dir='ltr'>ἡμᾶς</span> <span class='ocrx_word' id='word_1_539' title='bbox 3300 3496 3444 3550; x_wconf 83' lang='grc' dir='ltr'>κατὰ</span> <span class='ocrx_word' id='word_1_540' title='bbox 3473 3496 3770 3567; x_wconf 67' lang='grc' dir='ltr'>ἀπόφασιν,</span> 
     </span>
    </p>
   </div>
   <div class='ocr_carea' id='block_1_68' title="bbox 2171 3587 3769 3662">
    <p class='ocr_par' dir='ltr' id='par_1_68' title="bbox 2171 3587 3769 3662">
     <span class='ocr_line' id='line_1_68' title="bbox 2171 3587 3769 3662; baseline -0.002 -18"><span class='ocrx_word' id='word_1_541' title='bbox 2171 3591 2240 3661; x_wconf 71' lang='grc' dir='ltr'>ἠν</span> <span class='ocrx_word' id='word_1_542' title='bbox 2266 3590 2331 3662; x_wconf 85' lang='grc' dir='ltr'><strong>δὴ</strong></span> <span class='ocrx_word' id='word_1_543' title='bbox 2354 3590 2449 3644; x_wconf 75' lang='grc' dir='ltr'><strong><em>καὶ</em></strong></span> <span class='ocrx_word' id='word_1_544' title='bbox 2473 3587 2832 3661; x_wconf 81' lang='grc' dir='ltr'>άφαιρετικὴν</span> <span class='ocrx_word' id='word_1_545' title='bbox 2854 3587 3132 3658; x_wconf 88' lang='grc' dir='ltr'>θεολογίαν</span> <span class='ocrx_word' id='word_1_546' title='bbox 3155 3588 3319 3657; x_wconf 72' lang='grc' dir='ltr'>φασὶν</span> <span class='ocrx_word' id='word_1_547' title='bbox 3343 3588 3439 3659; x_wconf 86' lang='grc' dir='ltr'><strong><em>(ὡς</em></strong></span> <span class='ocrx_word' id='word_1_548' title='bbox 3459 3589 3541 3654; x_wconf 82' lang='grc' dir='ltr'><strong><em>τὸ,</em></strong></span> <span class='ocrx_word' id='word_1_549' title='bbox 3570 3589 3769 3644; x_wconf 76' lang='grc' dir='ltr'>ἀκατά-</span> 
     </span>
    </p>
   </div>
   <div class='ocr_carea' id='block_1_69' title="bbox 2172 3678 3769 3754">
    <p class='ocr_par' dir='ltr' id='par_1_69' title="bbox 2172 3678 3769 3754">
     <span class='ocr_line' id='line_1_69' title="bbox 2172 3678 3769 3754; baseline -0.003 -17"><span class='ocrx_word' id='word_1_550' title='bbox 2172 3682 2396 3754; x_wconf 84' lang='grc' dir='ltr'>ληπτος,</span> <span class='ocrx_word' id='word_1_551' title='bbox 2430 3680 2688 3745; x_wconf 84' lang='grc' dir='ltr'>ὰνείδεος,</span> <span class='ocrx_word' id='word_1_552' title='bbox 2726 3680 3031 3753; x_wconf 83' lang='grc' dir='ltr'>ἀθάνατος),</span> <span class='ocrx_word' id='word_1_553' title='bbox 3066 3679 3127 3733; x_wconf 81' lang='grc' dir='ltr'>τὸ</span> <span class='ocrx_word' id='word_1_554' title='bbox 3154 3678 3285 3749; x_wconf 89' lang='grc' dir='ltr'>γοῦν</span> <span class='ocrx_word' id='word_1_555' title='bbox 3308 3682 3373 3734; x_wconf 87' lang='grc' dir='ltr'><strong><em>ἐκ</em></strong></span> <span class='ocrx_word' id='word_1_556' title='bbox 3403 3678 3618 3734; x_wconf 85' lang='grc' dir='ltr'>τούτων</span> <span class='ocrx_word' id='word_1_557' title='bbox 3664 3682 3769 3733; x_wconf 86' lang='grc' dir='ltr'>ὀνο-</span> 
     </span>
    </p>
   </div>
   <div class='ocr_carea' id='block_1_70' title="bbox 2177 3769 3769 3844">
    <p class='ocr_par' dir='ltr' id='par_1_70' title="bbox 2177 3769 3769 3844">
     <span class='ocr_line' id='line_1_70' title="bbox 2177 3769 3769 3844; baseline -0.003 -18"><span class='ocrx_word' id='word_1_558' title='bbox 2177 3772 2463 3844; x_wconf 73' lang='grc' dir='ltr'>μάζεσθαι,</span> <span class='ocrx_word' id='word_1_559' title='bbox 2492 3771 2592 3833; x_wconf 78' lang='grc' dir='ltr'><strong><em>οὐκ</em></strong></span> <span class='ocrx_word' id='word_1_560' title='bbox 2612 3770 2757 3841; x_wconf 80' lang='grc' dir='ltr'>ἔστιν</span> <span class='ocrx_word' id='word_1_561' title='bbox 2780 3770 2984 3842; x_wconf 80' lang='grc' dir='ltr'>ἀπᾷδον</span> <span class='ocrx_word' id='word_1_562' title='bbox 3009 3771 3077 3841; x_wconf 78' lang='grc' dir='ltr'>τῇ</span> <span class='ocrx_word' id='word_1_563' title='bbox 3126 3770 3247 3841; x_wconf 77' lang='grc' dir='ltr'>ἱερᾷ</span> <span class='ocrx_word' id='word_1_564' title='bbox 3275 3770 3553 3842; x_wconf 79' lang='grc' dir='ltr'>άγιστείᾳ·</span> <span class='ocrx_word' id='word_1_565' title='bbox 3577 3771 3641 3824; x_wconf 85' lang='grc' dir='ltr'><strong><em>ού</em></strong></span> <span class='ocrx_word' id='word_1_566' title='bbox 3673 3769 3769 3840; x_wconf 79' lang='grc' dir='ltr'>γὰρ</span> 
     </span>
    </p>
   </div>
   <div class='ocr_carea' id='block_1_71' title="bbox 490 3858 2069 3961">
    <p class='ocr_par' dir='ltr' id='par_1_71' title="bbox 490 3865 2067 3937">
     <span class='ocr_line' id='line_1_71' title="bbox 490 3865 2067 3937; baseline 0.005 -19"><span class='ocrx_word' id='word_1_567' title='bbox 490 3878 761 3935; x_wconf 85' lang='lat' dir='ltr'><strong><em>quaquam</em></strong></span> <span class='ocrx_word' id='word_1_568' title='bbox 786 3865 856 3920; x_wconf 88' lang='lat' dir='ltr'><strong><em>ab</em></strong></span> <span class='ocrx_word' id='word_1_569' title='bbox 886 3865 1059 3936; x_wconf 90' lang='lat' dir='ltr'><strong><em>ipsius</em></strong></span> <span class='ocrx_word' id='word_1_570' title='bbox 1078 3869 1442 3924; x_wconf 88' lang='lat' dir='ltr'><strong><em>sanctimonia</em></strong></span> <span class='ocrx_word' id='word_1_571' title='bbox 1460 3870 1755 3937; x_wconf 87' lang='lat' dir='ltr'><strong><em>abhorret;</em></strong></span> <span class='ocrx_word' id='word_1_572' title='bbox 1786 3887 1894 3928; x_wconf 87' lang='lat' dir='ltr'><strong><em>non</em></strong></span> <span class='ocrx_word' id='word_1_573' title='bbox 1921 3875 2067 3928; x_wconf 88' lang='lat' dir='ltr'><strong><em>enim</em></strong></span> 
     </span>
    </p>
   </div>
   <div class='ocr_carea' id='block_1_72' title="bbox 2171 3858 3768 3961">
    <p class='ocr_par' dir='ltr' id='par_1_72' title="bbox 2175 3858 3768 3935">
     <span class='ocr_line' id='line_1_72' title="bbox 2175 3858 3768 3935; baseline -0.003 -18"><span class='ocrx_word' id='word_1_574' title='bbox 2175 3864 2275 3935; x_wconf 79' lang='grc' dir='ltr'><strong><em>τὴν</em></strong></span> <span class='ocrx_word' id='word_1_575' title='bbox 2314 3860 2472 3931; x_wconf 86' lang='grc' dir='ltr'>φύσιν</span> <span class='ocrx_word' id='word_1_576' title='bbox 2494 3859 2658 3917; x_wconf 79' lang='grc' dir='ltr'>αὑτοῦ</span> <span class='ocrx_word' id='word_1_577' title='bbox 2690 3858 3275 3931; x_wconf 77' lang='grc' dir='ltr'>πολυπραγμονοῦμεν,</span> <span class='ocrx_word' id='word_1_578' title='bbox 3318 3859 3480 3913; x_wconf 87' lang='grc' dir='ltr'>τοῦτο</span> <span class='ocrx_word' id='word_1_579' title='bbox 3506 3860 3627 3933; x_wconf 80' lang='grc' dir='ltr'>γὰρ</span> <span class='ocrx_word' id='word_1_580' title='bbox 3655 3861 3768 3914; x_wconf 63' lang='grc' dir='ltr'><strong><em>ἁδύς</em></strong></span> 
     </span>
    </p>
   </div>
   <div class='ocr_carea' id='block_1_73' title="bbox 490 3950 2069 4035">
    <p class='ocr_par' dir='ltr' id='par_1_73' title="bbox 490 3959 2069 4035">
     <span class='ocr_line' id='line_1_73' title="bbox 490 3959 2069 4035; baseline 0.003 -21"><span class='ocrx_word' id='word_1_581' title='bbox 490 3968 745 4014; x_wconf 83' lang='lat' dir='ltr'><strong><em>naturam</em></strong></span> <span class='ocrx_word' id='word_1_582' title='bbox 795 3959 916 4031; x_wconf 86' lang='lat' dir='ltr'><strong><em>ejus</em></strong></span> <span class='ocrx_word' id='word_1_583' title='bbox 963 3961 1416 4033; x_wconf 89' lang='lat' dir='ltr'><strong><em>multiplicamus,</em></strong></span> <span class='ocrx_word' id='word_1_584' title='bbox 1466 3963 1610 4033; x_wconf 86' lang='lat' dir='ltr'><strong><em>quod</em></strong></span> <span class='ocrx_word' id='word_1_585' title='bbox 1660 3962 1775 4018; x_wconf 85' lang='lat' dir='ltr'><strong><em>ﬁeri</em></strong></span> <span class='ocrx_word' id='word_1_586' title='bbox 1823 3980 1929 4019; x_wconf 89' lang='lat' dir='ltr'><strong><em>non</em></strong></span> <span class='ocrx_word' id='word_1_587' title='bbox 1971 3980 2069 4035; x_wconf 82' lang='lat' dir='ltr'><strong><em>po-</em></strong></span> 
     </span>
    </p>
   </div>
   <div class='ocr_carea' id='block_1_74' title="bbox 2171 3950 3767 4035">
    <p class='ocr_par' dir='ltr' id='par_1_74' title="bbox 2174 3950 3767 4024">
     <span class='ocr_line' id='line_1_74' title="bbox 2174 3950 3767 4024; baseline -0.001 -17"><span class='ocrx_word' id='word_1_588' title='bbox 2174 3970 2331 4009; x_wconf 88' lang='grc' dir='ltr'>νατον</span> <span class='ocrx_word' id='word_1_589' title='bbox 2350 3970 2364 3984; x_wconf 76' lang='grc'><strong>⁸</strong></span> <span class='ocrx_word' id='word_1_590' title='bbox 2398 3952 2513 4007; x_wconf 83' lang='grc' dir='ltr'><strong><em>ἀλλ’</em></strong></span> <span class='ocrx_word' id='word_1_591' title='bbox 2547 3950 2736 4024; x_wconf 82' lang='grc' dir='ltr'>ὥσπερ</span> <span class='ocrx_word' id='word_1_592' title='bbox 2764 3953 2829 4005; x_wconf 87' lang='grc' dir='ltr'><strong><em>ἐκ</em></strong></span> <span class='ocrx_word' id='word_1_593' title='bbox 2857 3950 2965 4007; x_wconf 84' lang='grc' dir='ltr'>τῶν</span> <span class='ocrx_word' id='word_1_594' title='bbox 2998 3950 3360 4024; x_wconf 74' lang='grc' dir='ltr'>ίερογραφιῶν</span> <span class='ocrx_word' id='word_1_595' title='bbox 3380 3951 3476 4004; x_wconf 90' lang='grc' dir='ltr'><strong><em>τοῦ</em></strong></span> <span class='ocrx_word' id='word_1_596' title='bbox 3511 3950 3677 4019; x_wconf 76' lang='grc' dir='ltr'>Θεοῦ,</span> <span class='ocrx_word' id='word_1_597' title='bbox 3703 3951 3767 4014; x_wconf 80' lang='grc' dir='ltr'><strong><em>ὡς</em></strong></span> 
     </span>
    </p>
   </div>
   <div class='ocr_carea' id='block_1_75' title="bbox 490 4052 2070 4126">
    <p class='ocr_par' dir='ltr' id='par_1_75' title="bbox 490 4052 2070 4126">
     <span class='ocr_line' id='line_1_75' title="bbox 490 4052 2070 4126; baseline 0.003 -19"><span class='ocrx_word' id='word_1_598' title='bbox 490 4057 617 4116; x_wconf 86' lang='lat' dir='ltr'><strong><em>test,</em></strong></span> <span class='ocrx_word' id='word_1_599' title='bbox 649 4052 743 4106; x_wconf 88' lang='lat' dir='ltr'><strong><em>sed</em></strong></span> <span class='ocrx_word' id='word_1_600' title='bbox 775 4054 1236 4123; x_wconf 87' lang='lat' dir='ltr'><strong><em>quemadmodum</em></strong></span> <span class='ocrx_word' id='word_1_601' title='bbox 1262 4069 1329 4110; x_wconf 78' lang='lat' dir='ltr'><strong><em>ex</em></strong></span> <span class='ocrx_word' id='word_1_602' title='bbox 1349 4055 1526 4111; x_wconf 89' lang='lat' dir='ltr'><strong><em>sacris</em></strong></span> <span class='ocrx_word' id='word_1_603' title='bbox 1555 4056 1880 4125; x_wconf 85' lang='lat' dir='ltr'><strong><em>quibusdam</em></strong></span> <span class='ocrx_word' id='word_1_604' title='bbox 1910 4057 2070 4126; x_wconf 87' lang='lat' dir='ltr'><strong><em>quasi</em></strong></span> 
     </span>
    </p>
   </div>
   <div class='ocr_carea' id='block_1_76' title="bbox 489 4143 2070 4217">
    <p class='ocr_par' dir='ltr' id='par_1_76' title="bbox 489 4143 2070 4217">
     <span class='ocr_line' id='line_1_76' title="bbox 489 4143 2070 4217; baseline 0.002 -18"><span class='ocrx_word' id='word_1_605' title='bbox 489 4143 812 4213; x_wconf 82' lang='lat' dir='ltr'><strong><em>compositis</em></strong></span> <span class='ocrx_word' id='word_1_606' title='bbox 842 4144 937 4199; x_wconf 88' lang='lat' dir='ltr'><strong><em>Dei</em></strong></span> <span class='ocrx_word' id='word_1_607' title='bbox 968 4144 1429 4214; x_wconf 85' lang='lat' dir='ltr'><strong><em>descriptionibus</em></strong></span> <span class='ocrx_word' id='word_1_608' title='bbox 1464 4145 1533 4201; x_wconf 89' lang='lat' dir='ltr'><strong><em>ad</em></strong></span> <span class='ocrx_word' id='word_1_609' title='bbox 1564 4146 1925 4217; x_wconf 86' lang='lat' dir='ltr'><strong><em>simplicitatis</em></strong></span> <span class='ocrx_word' id='word_1_610' title='bbox 1952 4145 2070 4216; x_wconf 85' lang='lat' dir='ltr'><strong><em>ejus</em></strong></span> 
     </span>
    </p>
   </div>
   <div class='ocr_carea' id='block_1_77' title="bbox 488 4233 2071 4307">
    <p class='ocr_par' dir='ltr' id='par_1_77' title="bbox 488 4233 2071 4307">
     <span class='ocr_line' id='line_1_77' title="bbox 488 4233 2071 4307; baseline 0.003 -19"><span class='ocrx_word' id='word_1_611' title='bbox 488 4233 782 4303; x_wconf 89' lang='lat' dir='ltr'><strong><em>aliqualem</em></strong></span> <span class='ocrx_word' id='word_1_612' title='bbox 827 4235 1197 4307; x_wconf 85' lang='lat' dir='ltr'><strong><em>cognitionem</em></strong></span> <span class='ocrx_word' id='word_1_613' title='bbox 1246 4250 1651 4307; x_wconf 89' lang='lat' dir='ltr'><strong><em>promovemur,</em></strong></span> <span class='ocrx_word' id='word_1_614' title='bbox 1687 4238 1767 4293; x_wconf 83' lang='lat' dir='ltr'><strong><em>sic</em></strong></span> <span class='ocrx_word' id='word_1_615' title='bbox 1795 4239 1959 4293; x_wconf 85' lang='lat' dir='ltr'><strong><em>etiam</em></strong></span> <span class='ocrx_word' id='word_1_616' title='bbox 2000 4252 2071 4301; x_wconf 73' lang='lat' dir='ltr'><strong><em>ex</em></strong></span> 
     </span>
    </p>
   </div>
   <div class='ocr_carea' id='block_1_78' title="bbox 489 4326 2072 4399">
    <p class='ocr_par' dir='ltr' id='par_1_78' title="bbox 489 4326 2072 4399">
     <span class='ocr_line' id='line_1_78' title="bbox 489 4326 2072 4399; baseline 0.001 -18"><span class='ocrx_word' id='word_1_617' title='bbox 489 4326 795 4384; x_wconf 85' lang='lat' dir='ltr'><strong><em>istiusmodi</em></strong></span> <span class='ocrx_word' id='word_1_618' title='bbox 824 4327 1137 4383; x_wconf 86' lang='lat' dir='ltr'><strong><em>nominibus</em></strong></span> <span class='ocrx_word' id='word_1_619' title='bbox 1166 4335 1224 4385; x_wconf 90' lang='lat' dir='ltr'><strong><em>et</em></strong></span> <span class='ocrx_word' id='word_1_620' title='bbox 1252 4328 1572 4384; x_wconf 89' lang='lat' dir='ltr'><strong><em>eorumdem</em></strong></span> <span class='ocrx_word' id='word_1_621' title='bbox 1597 4330 1974 4399; x_wconf 89' lang='lat' dir='ltr'><strong><em>usurpatione,</em></strong></span> <span class='ocrx_word' id='word_1_622' title='bbox 2002 4329 2072 4393; x_wconf 86' lang='lat' dir='ltr'><strong><em>ad</em></strong></span> 
     </span>
    </p>
   </div>
   <div class='ocr_carea' id='block_1_79' title="bbox 490 4417 2070 4491">
    <p class='ocr_par' dir='ltr' id='par_1_79' title="bbox 490 4417 2070 4491">
     <span class='ocr_line' id='line_1_79' title="bbox 490 4417 2070 4491; baseline 0.001 -19"><span class='ocrx_word' id='word_1_623' title='bbox 490 4417 542 4473; x_wconf 86' lang='lat' dir='ltr'><strong><em>id</em></strong></span> <span class='ocrx_word' id='word_1_624' title='bbox 574 4419 718 4489; x_wconf 91' lang='lat' dir='ltr'><strong><em>quod</em></strong></span> <span class='ocrx_word' id='word_1_625' title='bbox 746 4419 1145 4475; x_wconf 88' lang='lat' dir='ltr'><strong><em>iunominabile</em></strong></span> <span class='ocrx_word' id='word_1_626' title='bbox 1188 4429 1275 4476; x_wconf 82' lang='lat' dir='ltr'><strong><em>est</em></strong></span> <span class='ocrx_word' id='word_1_627' title='bbox 1316 4422 1662 4477; x_wconf 83' lang='lat' dir='ltr'><strong><em>adducimur.</em></strong></span> <span class='ocrx_word' id='word_1_628' title='bbox 1689 4419 1825 4477; x_wconf 85' lang='lat' dir='ltr'><strong><em>Hinc</em></strong></span> <span class='ocrx_word' id='word_1_629' title='bbox 1855 4423 1903 4477; x_wconf 91' lang='lat' dir='ltr'><strong><em>si</em></strong></span> <span class='ocrx_word' id='word_1_630' title='bbox 1948 4421 2070 4491; x_wconf 76' lang='lat' dir='ltr'><strong><em>quis</em></strong></span> 
     </span>
    </p>
   </div>
   <div class='ocr_carea' id='block_1_80' title="bbox 490 4509 2067 4584">
    <p class='ocr_par' dir='ltr' id='par_1_80' title="bbox 490 4509 2067 4584">
     <span class='ocr_line' id='line_1_80' title="bbox 490 4509 2067 4584; baseline 0.004 -21"><span class='ocrx_word' id='word_1_631' title='bbox 490 4509 698 4581; x_wconf 88' lang='lat' dir='ltr'><strong><em>aliquid</em></strong></span> <span class='ocrx_word' id='word_1_632' title='bbox 734 4513 804 4568; x_wconf 91' lang='lat' dir='ltr'><strong><em>de</em></strong></span> <span class='ocrx_word' id='word_1_633' title='bbox 843 4511 956 4569; x_wconf 88' lang='lat' dir='ltr'><strong><em>Deo</em></strong></span> <span class='ocrx_word' id='word_1_634' title='bbox 1000 4512 1224 4579; x_wconf 81' lang='lat' dir='ltr'><strong><em>dixerit,</em></strong></span> <span class='ocrx_word' id='word_1_635' title='bbox 1268 4522 1356 4569; x_wconf 90' lang='lat' dir='ltr'><strong><em>est</em></strong></span> <span class='ocrx_word' id='word_1_636' title='bbox 1397 4526 1561 4582; x_wconf 87' lang='lat' dir='ltr'><strong><em>supra</em></strong></span> <span class='ocrx_word' id='word_1_637' title='bbox 1616 4512 1671 4567; x_wconf 88' lang='lat' dir='ltr'><strong><em>id</em></strong></span> <span class='ocrx_word' id='word_1_638' title='bbox 1721 4514 1865 4584; x_wconf 88' lang='lat' dir='ltr'><strong><em>quod</em></strong></span> <span class='ocrx_word' id='word_1_639' title='bbox 1908 4515 2067 4580; x_wconf 80' lang='lat' dir='ltr'><strong><em>dicit;</em></strong></span> 
     </span>
    </p>
   </div>
   <div class='ocr_carea' id='block_1_81' title="bbox 488 4604 2075 4664">
    <p class='ocr_par' dir='ltr' id='par_1_81' title="bbox 488 4604 2075 4664">
     <span class='ocr_line' id='line_1_81' title="bbox 488 4604 2075 4664; baseline 0.001 -5"><span class='ocrx_word' id='word_1_640' title='bbox 488 4607 638 4660; x_wconf 88' lang='lat' dir='ltr'><strong><em>omni</em></strong></span> <span class='ocrx_word' id='word_1_641' title='bbox 669 4607 816 4663; x_wconf 91' lang='lat' dir='ltr'><strong><em>enim</em></strong></span> <span class='ocrx_word' id='word_1_642' title='bbox 837 4605 1155 4663; x_wconf 90' lang='lat' dir='ltr'><strong><em>nominabili</em></strong></span> <span class='ocrx_word' id='word_1_643' title='bbox 1184 4605 1408 4662; x_wconf 88' lang='lat' dir='ltr'><strong><em>nomine</em></strong></span> <span class='ocrx_word' id='word_1_644' title='bbox 1427 4614 1510 4661; x_wconf 89' lang='lat' dir='ltr'><strong><em>est</em></strong></span> <span class='ocrx_word' id='word_1_645' title='bbox 1533 4605 1886 4662; x_wconf 83' lang='lat' dir='ltr'><strong><em>eminentius.</em></strong></span> <span class='ocrx_word' id='word_1_646' title='bbox 1910 4604 2075 4664; x_wconf 81' lang='lat' dir='ltr'><strong><em>Idcir-</em></strong></span> 
     </span>
    </p>
   </div>
   <div class='ocr_carea' id='block_1_82' title="bbox 489 4696 2060 4768">
    <p class='ocr_par' dir='ltr' id='par_1_82' title="bbox 489 4696 2060 4768">
     <span class='ocr_line' id='line_1_82' title="bbox 489 4696 2060 4768; baseline 0.002 -17"><span class='ocrx_word' id='word_1_647' title='bbox 489 4711 557 4751; x_wconf 89' lang='lat' dir='ltr'><strong><em>co</em></strong></span> <span class='ocrx_word' id='word_1_648' title='bbox 578 4696 631 4750; x_wconf 88' lang='lat' dir='ltr'><strong><em>in</em></strong></span> <span class='ocrx_word' id='word_1_649' title='bbox 654 4698 737 4752; x_wconf 89' lang='lat' dir='ltr'><strong><em>his</em></strong></span> <span class='ocrx_word' id='word_1_650' title='bbox 757 4698 1067 4768; x_wconf 79' lang='lat' dir='ltr'><strong><em>excogitata</em></strong></span> <span class='ocrx_word' id='word_1_651' title='bbox 1087 4706 1171 4753; x_wconf 84' lang='lat' dir='ltr'><strong><em>est</em></strong></span> <span class='ocrx_word' id='word_1_652' title='bbox 1190 4713 1220 4752; x_wconf 90' lang='lat' dir='ltr'><strong><em>a</em></strong></span> <span class='ocrx_word' id='word_1_653' title='bbox 1255 4697 1520 4768; x_wconf 86' lang='lat' dir='ltr'><strong><em>theologis</em></strong></span> <span class='ocrx_word' id='word_1_654' title='bbox 1543 4696 1800 4767; x_wconf 87' lang='lat' dir='ltr'><strong><em>loquendi</em></strong></span> <span class='ocrx_word' id='word_1_655' title='bbox 1827 4697 2060 4754; x_wconf 83' lang='lat' dir='ltr'><strong><em>lormula</em></strong></span> 
     </span>
    </p>
   </div>
   <div class='ocr_carea' id='block_1_83' title="bbox 489 4790 2072 4863">
    <p class='ocr_par' dir='ltr' id='par_1_83' title="bbox 489 4790 2072 4863">
     <span class='ocr_line' id='line_1_83' title="bbox 489 4790 2072 4863; baseline 0.001 -19"><span class='ocrx_word' id='word_1_656' title='bbox 489 4802 590 4857; x_wconf 85' lang='lat' dir='ltr'><strong><em>per</em></strong></span> <span class='ocrx_word' id='word_1_657' title='bbox 617 4790 1055 4859; x_wconf 68' lang='lat' dir='ltr'><strong><em>praepositionem</em></strong></span> <span class='ocrx_word' id='word_1_658' title='bbox 1082 4790 1226 4863; x_wconf 77' lang='grc' dir='ltr'>ὑπέρ</span> <span class='ocrx_word' id='word_1_659' title='bbox 1246 4799 1303 4848; x_wconf 85' lang='lat' dir='ltr'><strong><em>et</em></strong></span> <span class='ocrx_word' id='word_1_660' title='bbox 1328 4790 1463 4846; x_wconf 83' lang='grc' dir='ltr'>αὐτὸ</span> <span class='ocrx_word' id='word_1_661' title='bbox 1490 4804 1507 4847; x_wconf 85' lang='lat'><strong>:</strong></span> <span class='ocrx_word' id='word_1_662' title='bbox 1540 4799 1706 4860; x_wconf 87' lang='lat' dir='ltr'><strong><em>atque</em></strong></span> <span class='ocrx_word' id='word_1_663' title='bbox 1745 4791 1821 4845; x_wconf 90' lang='lat' dir='ltr'><strong><em>ita</em></strong></span> <span class='ocrx_word' id='word_1_664' title='bbox 1870 4792 2072 4846; x_wconf 84' lang='lat' dir='ltr'><strong><em>dicitur</em></strong></span> 
     </span>
    </p>
   </div>
   <div class='ocr_carea' id='block_1_84' title="bbox 491 4878 2070 4952">
    <p class='ocr_par' dir='ltr' id='par_1_84' title="bbox 491 4878 2070 4952">
     <span class='ocr_line' id='line_1_84' title="bbox 491 4878 2070 4952; baseline 0.003 -20"><span class='ocrx_word' id='word_1_665' title='bbox 491 4878 636 4935; x_wconf 87' lang='lat' dir='ltr'><strong><em>Deus</em></strong></span> <span class='ocrx_word' id='word_1_666' title='bbox 665 4894 831 4950; x_wconf 89' lang='lat' dir='ltr'><strong><em>supra</em></strong></span> <span class='ocrx_word' id='word_1_667' title='bbox 870 4896 1034 4951; x_wconf 88' lang='lat' dir='ltr'><strong><em>quam</em></strong></span> <span class='ocrx_word' id='word_1_668' title='bbox 1072 4883 1272 4948; x_wconf 82' lang='lat' dir='ltr'><strong><em>bonus,</em></strong></span> <span class='ocrx_word' id='word_1_669' title='bbox 1295 4891 1350 4937; x_wconf 91' lang='lat' dir='ltr'><strong><em>et</em></strong></span> <span class='ocrx_word' id='word_1_670' title='bbox 1379 4896 1475 4952; x_wconf 92' lang='lat' dir='ltr'><strong><em>per</em></strong></span> <span class='ocrx_word' id='word_1_671' title='bbox 1501 4896 1565 4937; x_wconf 87' lang='lat' dir='ltr'><strong><em>se</em></strong></span> <span class='ocrx_word' id='word_1_672' title='bbox 1589 4881 1786 4948; x_wconf 86' lang='lat' dir='ltr'><strong><em>bonus,</em></strong></span> <span class='ocrx_word' id='word_1_673' title='bbox 1813 4889 1868 4937; x_wconf 91' lang='lat' dir='ltr'><strong><em>et</em></strong></span> <span class='ocrx_word' id='word_1_674' title='bbox 1908 4897 2070 4951; x_wconf 88' lang='lat' dir='ltr'><strong><em>supra</em></strong></span> 
     </span>
    </p>
   </div>
   <div class='ocr_carea' id='block_1_85' title="bbox 490 4967 2070 5042">
    <p class='ocr_par' dir='ltr' id='par_1_85' title="bbox 490 4967 2070 5042">
     <span class='ocr_line' id='line_1_85' title="bbox 490 4967 2070 5042; baseline 0.004 -22"><span class='ocrx_word' id='word_1_675' title='bbox 490 4980 659 5034; x_wconf 88' lang='lat' dir='ltr'><strong><em>quam</em></strong></span> <span class='ocrx_word' id='word_1_676' title='bbox 698 4967 966 5036; x_wconf 86' lang='lat' dir='ltr'><strong><em>inﬁnitus,</em></strong></span> <span class='ocrx_word' id='word_1_677' title='bbox 994 4980 1050 5024; x_wconf 88' lang='lat' dir='ltr'><strong><em>et</em></strong></span> <span class='ocrx_word' id='word_1_678' title='bbox 1096 4985 1303 5040; x_wconf 84' lang='lat' dir='ltr'><strong><em>per.:se</em></strong></span> <span class='ocrx_word' id='word_1_679' title='bbox 1354 4971 1621 5028; x_wconf 88' lang='lat' dir='ltr'><strong><em>inﬁnitus.</em></strong></span> <span class='ocrx_word' id='word_1_680' title='bbox 1666 4971 1802 5029; x_wconf 86' lang='lat' dir='ltr'><strong><em>Illud</em></strong></span> <span class='ocrx_word' id='word_1_681' title='bbox 1850 4973 2070 5042; x_wconf 85' lang='lat' dir='ltr'><strong><em>quidem</em></strong></span> 
     </span>
    </p>
   </div>
   <div class='ocr_carea' id='block_1_86' title="bbox 492 5058 2075 5133">
    <p class='ocr_par' dir='ltr' id='par_1_86' title="bbox 492 5058 2075 5133">
     <span class='ocr_line' id='line_1_86' title="bbox 492 5058 2075 5133; baseline 0.001 -20"><span class='ocrx_word' id='word_1_682' title='bbox 492 5058 714 5123; x_wconf 89' lang='lat' dir='ltr'><strong><em>dicitur,</em></strong></span> <span class='ocrx_word' id='word_1_683' title='bbox 752 5061 1010 5128; x_wconf 87' lang='lat' dir='ltr'><strong><em>quoniam</em></strong></span> <span class='ocrx_word' id='word_1_684' title='bbox 1043 5076 1208 5131; x_wconf 86' lang='lat' dir='ltr'><strong><em>supra</em></strong></span> <span class='ocrx_word' id='word_1_685' title='bbox 1243 5074 1308 5116; x_wconf 87' lang='lat' dir='ltr'><strong><em>ea</em></strong></span> <span class='ocrx_word' id='word_1_686' title='bbox 1343 5077 1466 5133; x_wconf 80' lang='lat' dir='ltr'><strong><em>qme</em></strong></span> <span class='ocrx_word' id='word_1_687' title='bbox 1500 5062 1760 5118; x_wconf 88' lang='lat' dir='ltr'><strong><em>dicuntur</em></strong></span> <span class='ocrx_word' id='word_1_688' title='bbox 1790 5062 2075 5133; x_wconf 84' lang='lat' dir='ltr'><strong><em>incompa-</em></strong></span> 
     </span>
    </p>
   </div>
   <div class='ocr_carea' id='block_1_87' title="bbox 492 5149 2071 5227">
    <p class='ocr_par' dir='ltr' id='par_1_87' title="bbox 492 5149 2071 5227">
     <span class='ocr_line' id='line_1_87' title="bbox 492 5149 2071 5227; baseline 0.003 -23"><span class='ocrx_word' id='word_1_689' title='bbox 492 5149 741 5207; x_wconf 88' lang='lat' dir='ltr'><strong><em>rabiliter</em></strong></span> <span class='ocrx_word' id='word_1_690' title='bbox 766 5153 1003 5220; x_wconf 90' lang='lat' dir='ltr'><strong><em>eminet;</em></strong></span> <span class='ocrx_word' id='word_1_691' title='bbox 1037 5153 1138 5208; x_wconf 91' lang='lat' dir='ltr'><strong><em>hoc</em></strong></span> <span class='ocrx_word' id='word_1_692' title='bbox 1169 5168 1321 5220; x_wconf 78' lang='lat' dir='ltr'><strong><em>vero,</em></strong></span> <span class='ocrx_word' id='word_1_693' title='bbox 1352 5155 1482 5225; x_wconf 89' lang='lat' dir='ltr'><strong><em>quia</em></strong></span> <span class='ocrx_word' id='word_1_694' title='bbox 1525 5156 1744 5227; x_wconf 86' lang='lat' dir='ltr'><strong><em>proprie</em></strong></span> <span class='ocrx_word' id='word_1_695' title='bbox 1781 5165 1837 5210; x_wconf 89' lang='lat' dir='ltr'><strong><em>et</em></strong></span> <span class='ocrx_word' id='word_1_696' title='bbox 1866 5156 2071 5226; x_wconf 85' lang='lat' dir='ltr'><strong><em>prima-</em></strong></span> 
     </span>
    </p>
   </div>
   <div class='ocr_carea' id='block_1_88' title="bbox 496 5240 2070 5321">
    <p class='ocr_par' dir='ltr' id='par_1_88' title="bbox 496 5240 2070 5321">
     <span class='ocr_line' id='line_1_88' title="bbox 496 5240 2070 5321; baseline 0.004 -26"><span class='ocrx_word' id='word_1_697' title='bbox 496 5240 613 5305; x_wconf 88' lang='lat' dir='ltr'><strong><em>rio.</em></strong></span> <span class='ocrx_word' id='word_1_698' title='bbox 661 5251 720 5299; x_wconf 91' lang='lat' dir='ltr'><strong><em>et</em></strong></span> <span class='ocrx_word' id='word_1_699' title='bbox 766 5258 874 5300; x_wconf 90' lang='lat' dir='ltr'><strong><em>non</em></strong></span> <span class='ocrx_word' id='word_1_700' title='bbox 924 5243 1221 5299; x_wconf 87' lang='lat' dir='ltr'><strong><em>secundum</em></strong></span> <span class='ocrx_word' id='word_1_701' title='bbox 1260 5246 1733 5317; x_wconf 86' lang='lat' dir='ltr'><strong><em>participationem</em></strong></span> <span class='ocrx_word' id='word_1_702' title='bbox 1782 5246 1951 5321; x_wconf 73' lang='grc'><strong><em>298</em></strong></span> <span class='ocrx_word' id='word_1_703' title='bbox 1986 5246 2070 5302; x_wconf 87' lang='lat' dir='ltr'><strong><em>vel</em></strong></span> 
     </span>
    </p>
   </div>
   <div class='ocr_carea' id='block_1_89' title="bbox 2173 4042 3769 4116">
    <p class='ocr_par' dir='ltr' id='par_1_89' title="bbox 2173 4042 3769 4116">
     <span class='ocr_line' id='line_1_89' title="bbox 2173 4042 3769 4116; baseline -0.004 -15"><span class='ocrx_word' id='word_1_704' title='bbox 2173 4048 2238 4107; x_wconf 88' lang='grc' dir='ltr'><strong><em>ἐκ</em></strong></span> <span class='ocrx_word' id='word_1_705' title='bbox 2297 4044 2568 4100; x_wconf 81' lang='grc' dir='ltr'><strong><em>συνθέτων</em></strong></span> <span class='ocrx_word' id='word_1_706' title='bbox 2620 4043 2806 4110; x_wconf 85' lang='grc' dir='ltr'>τινῶν,</span> <span class='ocrx_word' id='word_1_707' title='bbox 2857 4044 2953 4098; x_wconf 77' lang='grc' dir='ltr'>ἐπὶ</span> <span class='ocrx_word' id='word_1_708' title='bbox 2999 4044 3061 4097; x_wconf 84' lang='grc' dir='ltr'><strong><em>τὸ</em></strong></span> <span class='ocrx_word' id='word_1_709' title='bbox 3115 4042 3321 4097; x_wconf 84' lang='grc' dir='ltr'>ἁπλοῦν</span> <span class='ocrx_word' id='word_1_710' title='bbox 3373 4044 3473 4116; x_wconf 83' lang='grc' dir='ltr'>τῆς</span> <span class='ocrx_word' id='word_1_711' title='bbox 3520 4044 3769 4099; x_wconf 78' lang='grc' dir='ltr'>ὁπωσοῦν</span> 
     </span>
    </p>
   </div>
   <div class='ocr_carea' id='block_1_90' title="bbox 2173 4133 3767 4209">
    <p class='ocr_par' dir='ltr' id='par_1_90' title="bbox 2173 4133 3767 4209">
     <span class='ocr_line' id='line_1_90' title="bbox 2173 4133 3767 4209; baseline -0.001 -19"><span class='ocrx_word' id='word_1_712' title='bbox 2173 4136 2427 4209; x_wconf 81' lang='grc' dir='ltr'>γνώσεως</span> <span class='ocrx_word' id='word_1_713' title='bbox 2455 4135 2788 4208; x_wconf 83' lang='grc' dir='ltr'>ὰναγόμεθα,</span> <span class='ocrx_word' id='word_1_714' title='bbox 2819 4134 2963 4189; x_wconf 78' lang='grc' dir='ltr'>οὕτω</span> <span class='ocrx_word' id='word_1_715' title='bbox 2992 4134 3086 4188; x_wconf 75' lang='grc' dir='ltr'>καὶ</span> <span class='ocrx_word' id='word_1_716' title='bbox 3114 4136 3180 4189; x_wconf 88' lang='grc' dir='ltr'><strong><em>ἐκ</em></strong></span> <span class='ocrx_word' id='word_1_717' title='bbox 3202 4133 3313 4188; x_wconf 83' lang='grc' dir='ltr'><strong><em>τῶν</em></strong></span> <span class='ocrx_word' id='word_1_718' title='bbox 3354 4134 3623 4189; x_wconf 77' lang='grc' dir='ltr'>τοιούτων</span> <span class='ocrx_word' id='word_1_719' title='bbox 3659 4135 3767 4188; x_wconf 81' lang='grc' dir='ltr'>ὀνο-</span> 
     </span>
    </p>
   </div>
   <div class='ocr_carea' id='block_1_91' title="bbox 2176 4224 3767 4303">
    <p class='ocr_par' dir='ltr' id='par_1_91' title="bbox 2176 4224 3767 4303">
     <span class='ocr_line' id='line_1_91' title="bbox 2176 4224 3767 4303; baseline -0.001 -22"><span class='ocrx_word' id='word_1_720' title='bbox 2176 4228 2408 4303; x_wconf 83' lang='grc' dir='ltr'>μασιῶν,</span> <span class='ocrx_word' id='word_1_721' title='bbox 2440 4228 2534 4287; x_wconf 78' lang='grc' dir='ltr'>καὶ</span> <span class='ocrx_word' id='word_1_722' title='bbox 2559 4226 2653 4283; x_wconf 90' lang='grc' dir='ltr'><strong><em>τοῦ</em></strong></span> <span class='ocrx_word' id='word_1_723' title='bbox 2681 4227 2773 4280; x_wconf 85' lang='grc' dir='ltr'>ἐπί</span> <span class='ocrx_word' id='word_1_724' title='bbox 2794 4224 3006 4289; x_wconf 83' lang='grc' dir='ltr'>τούτοις</span> <span class='ocrx_word' id='word_1_725' title='bbox 3041 4225 3386 4297; x_wconf 87' lang='grc' dir='ltr'>συνεθισμοῦ,</span> <span class='ocrx_word' id='word_1_726' title='bbox 3411 4225 3508 4278; x_wconf 78' lang='grc' dir='ltr'>ἐπὶ</span> <span class='ocrx_word' id='word_1_727' title='bbox 3534 4224 3605 4279; x_wconf 81' lang='grc' dir='ltr'>τὸ</span> <span class='ocrx_word' id='word_1_728' title='bbox 3636 4228 3767 4279; x_wconf 84' lang='grc' dir='ltr'>ἀνω-</span> 
     </span>
    </p>
   </div>
   <div class='ocr_carea' id='block_1_92' title="bbox 2174 4316 3767 4393">
    <p class='ocr_par' dir='ltr' id='par_1_92' title="bbox 2174 4316 3767 4393">
     <span class='ocr_line' id='line_1_92' title="bbox 2174 4316 3767 4393; baseline -0.003 -19"><span class='ocrx_word' id='word_1_729' title='bbox 2174 4321 2439 4393; x_wconf 83' lang='grc' dir='ltr'>νόμαστον</span> <span class='ocrx_word' id='word_1_730' title='bbox 2484 4317 2812 4390; x_wconf 85' lang='grc' dir='ltr'>ἀναγόμεθα.</span> <span class='ocrx_word' id='word_1_731' title='bbox 2865 4317 3018 4382; x_wconf 88' lang='grc' dir='ltr'>Τέως</span> <span class='ocrx_word' id='word_1_732' title='bbox 3060 4316 3119 4371; x_wconf 85' lang='grc' dir='ltr'><strong><em>δὲ</em></strong></span> <span class='ocrx_word' id='word_1_733' title='bbox 3161 4316 3263 4370; x_wconf 81' lang='grc' dir='ltr'>είτι</span> <span class='ocrx_word' id='word_1_734' title='bbox 3291 4316 3357 4371; x_wconf 77' lang='grc' dir='ltr'><strong><em>ἄν</em></strong></span> <span class='ocrx_word' id='word_1_735' title='bbox 3388 4334 3474 4381; x_wconf 85' lang='grc' dir='ltr'><strong><em>τις</em></strong></span> <span class='ocrx_word' id='word_1_736' title='bbox 3502 4317 3657 4371; x_wconf 74' lang='grc' dir='ltr'>εἴποι</span> <span class='ocrx_word' id='word_1_737' title='bbox 3684 4320 3767 4370; x_wconf 74' lang='grc' dir='ltr'>ἐπὶ</span> 
     </span>
    </p>
   </div>
   <div class='ocr_carea' id='block_1_93' title="bbox 2173 4415 3766 4491">
    <p class='ocr_par' dir='ltr' id='par_1_93' title="bbox 2173 4415 3766 4491">
     <span class='ocr_line' id='line_1_93' title="bbox 2173 4415 3766 4491; baseline -0.007 -13"><span class='ocrx_word' id='word_1_738' title='bbox 2173 4420 2332 4485; x_wconf 87' lang='grc' dir='ltr'>Θεοῦ,</span> <span class='ocrx_word' id='word_1_739' title='bbox 2380 4418 2525 4489; x_wconf 85' lang='grc' dir='ltr'>ὑπὲρ</span> <span class='ocrx_word' id='word_1_740' title='bbox 2565 4417 2726 4472; x_wconf 84' lang='grc' dir='ltr'>τοῦτό</span> <span class='ocrx_word' id='word_1_741' title='bbox 2766 4418 2913 4472; x_wconf 82' lang='grc' dir='ltr'>ἐστι·</span> <span class='ocrx_word' id='word_1_742' title='bbox 2958 4416 3161 4482; x_wconf 79' lang='grc' dir='ltr'>παντὸς</span> <span class='ocrx_word' id='word_1_743' title='bbox 3212 4416 3323 4491; x_wconf 80' lang='grc' dir='ltr'>γᾲρ</span> <span class='ocrx_word' id='word_1_744' title='bbox 3364 4415 3766 4489; x_wconf 78' lang='grc' dir='ltr'>ὀνομαζομένου</span> 
     </span>
    </p>
   </div>
   <div class='ocr_carea' id='block_1_94' title="bbox 2170 4504 3765 4583">
    <p class='ocr_par' dir='ltr' id='par_1_94' title="bbox 2170 4504 3765 4583">
     <span class='ocr_line' id='line_1_94' title="bbox 2170 4504 3765 4583; baseline -0.005 -19"><span class='ocrx_word' id='word_1_745' title='bbox 2170 4510 2431 4583; x_wconf 82' lang='grc' dir='ltr'>ὀνόματος</span> <span class='ocrx_word' id='word_1_746' title='bbox 2481 4508 2736 4563; x_wconf 86' lang='grc' dir='ltr'>ἐπέκεινά</span> <span class='ocrx_word' id='word_1_747' title='bbox 2784 4509 2919 4563; x_wconf 87' lang='grc' dir='ltr'>ἐστι.</span> <span class='ocrx_word' id='word_1_748' title='bbox 2966 4506 3071 4561; x_wconf 81' lang='grc' dir='ltr'><strong><em>Διὰ</em></strong></span> <span class='ocrx_word' id='word_1_749' title='bbox 3125 4505 3280 4563; x_wconf 83' lang='grc' dir='ltr'>τοῦτο</span> <span class='ocrx_word' id='word_1_750' title='bbox 3325 4504 3605 4579; x_wconf 73' lang='grc' dir='ltr'>ἐπενοήθη</span> <span class='ocrx_word' id='word_1_751' title='bbox 3665 4507 3765 4565; x_wconf 79' lang='grc' dir='ltr'>τοῖς</span> 
     </span>
    </p>
   </div>
   <div class='ocr_carea' id='block_1_95' title="bbox 2174 4598 3760 4674">
    <p class='ocr_par' dir='ltr' id='par_1_95' title="bbox 2174 4598 3760 4674">
     <span class='ocr_line' id='line_1_95' title="bbox 2174 4598 3760 4674; baseline -0.005 -17"><span class='ocrx_word' id='word_1_752' title='bbox 2174 4602 2442 4674; x_wconf 84' lang='grc' dir='ltr'>θεολόγοις</span> <span class='ocrx_word' id='word_1_753' title='bbox 2460 4603 2553 4656; x_wconf 70' lang='grc' dir='ltr'><strong><em>ἐπὶ</em></strong></span> <span class='ocrx_word' id='word_1_754' title='bbox 2570 4602 2848 4674; x_wconf 80' lang='grc' dir='ltr'>τούτοις,ή</span> <span class='ocrx_word' id='word_1_755' title='bbox 2871 4599 3023 4673; x_wconf 73' lang='grc' dir='ltr'>ὑπὲρ</span> <span class='ocrx_word' id='word_1_756' title='bbox 3042 4599 3350 4673; x_wconf 81' lang='grc' dir='ltr'>προσθήκη,</span> <span class='ocrx_word' id='word_1_757' title='bbox 3383 4599 3477 4652; x_wconf 75' lang='grc' dir='ltr'>καὶ</span> <span class='ocrx_word' id='word_1_758' title='bbox 3506 4600 3573 4652; x_wconf 87' lang='grc' dir='ltr'><strong><em>τὸ</em></strong></span> <span class='ocrx_word' id='word_1_759' title='bbox 3605 4598 3760 4654; x_wconf 69' lang='grc' dir='ltr'>αὑτό·</span> 
     </span>
    </p>
   </div>
   <div class='ocr_carea' id='block_1_96' title="bbox 2174 4690 3762 4767">
    <p class='ocr_par' dir='ltr' id='par_1_96' title="bbox 2174 4690 3762 4767">
     <span class='ocr_line' id='line_1_96' title="bbox 2174 4690 3762 4767; baseline -0.005 -16"><span class='ocrx_word' id='word_1_760' title='bbox 2174 4696 2269 4753; x_wconf 75' lang='grc' dir='ltr'><strong><em>καὶ</em></strong></span> <span class='ocrx_word' id='word_1_761' title='bbox 2294 4695 2509 4765; x_wconf 87' lang='grc' dir='ltr'>λέγεται</span> <span class='ocrx_word' id='word_1_762' title='bbox 2537 4696 2566 4749; x_wconf 85' lang='grc' dir='ltr'>ὁ</span> <span class='ocrx_word' id='word_1_763' title='bbox 2590 4693 2723 4759; x_wconf 86' lang='grc' dir='ltr'>Θεὸς</span> <span class='ocrx_word' id='word_1_764' title='bbox 2751 4692 3118 4767; x_wconf 71' lang='grc' dir='ltr'>ύπεράγαθος,</span> <span class='ocrx_word' id='word_1_765' title='bbox 3145 4692 3240 4746; x_wconf 76' lang='grc' dir='ltr'>καὶ</span> <span class='ocrx_word' id='word_1_766' title='bbox 3278 4690 3643 4761; x_wconf 77' lang='grc' dir='ltr'>αύτοάγαθος,</span> <span class='ocrx_word' id='word_1_767' title='bbox 3680 4691 3762 4742; x_wconf 70' lang='grc' dir='ltr'>καὶ</span> 
     </span>
    </p>
   </div>
   <div class='ocr_carea' id='block_1_97' title="bbox 2174 4783 3761 4860">
    <p class='ocr_par' dir='ltr' id='par_1_97' title="bbox 2174 4783 3761 4860">
     <span class='ocr_line' id='line_1_97' title="bbox 2174 4783 3761 4860; baseline -0.004 -19"><span class='ocrx_word' id='word_1_768' title='bbox 2174 4788 2561 4860; x_wconf 86' lang='grc' dir='ltr'>ύπεράπειρος,</span> <span class='ocrx_word' id='word_1_769' title='bbox 2604 4786 2696 4840; x_wconf 79' lang='grc' dir='ltr'><strong><em>καὶ</em></strong></span> <span class='ocrx_word' id='word_1_770' title='bbox 2752 4784 3132 4856; x_wconf 84' lang='grc' dir='ltr'>αὐτοάπειρος.</span> <span class='ocrx_word' id='word_1_771' title='bbox 3189 4786 3263 4838; x_wconf 87' lang='grc' dir='ltr'><strong><em>Τὸ</em></strong></span> <span class='ocrx_word' id='word_1_772' title='bbox 3320 4785 3440 4855; x_wconf 82' lang='grc' dir='ltr'>μὲν,</span> <span class='ocrx_word' id='word_1_773' title='bbox 3484 4785 3573 4837; x_wconf 80' lang='grc' dir='ltr'>ὅτι</span> <span class='ocrx_word' id='word_1_774' title='bbox 3634 4783 3761 4853; x_wconf 72' lang='grc' dir='ltr'>ὑπὲρ</span> 
     </span>
    </p>
   </div>
   <div class='ocr_carea' id='block_1_98' title="bbox 2170 4872 3755 4953">
    <p class='ocr_par' dir='ltr' id='par_1_98' title="bbox 2170 4872 3755 4953">
     <span class='ocr_line' id='line_1_98' title="bbox 2170 4872 3755 4953; baseline -0.006 -19"><span class='ocrx_word' id='word_1_775' title='bbox 2170 4881 2345 4934; x_wconf 85' lang='grc' dir='ltr'>ταῦτα</span> <span class='ocrx_word' id='word_1_776' title='bbox 2389 4880 2483 4933; x_wconf 77' lang='grc' dir='ltr'><strong><em>καὶ</em></strong></span> <span class='ocrx_word' id='word_1_777' title='bbox 2523 4878 2871 4950; x_wconf 83' lang='grc' dir='ltr'>ἀσυγκρίτως</span> <span class='ocrx_word' id='word_1_778' title='bbox 2908 4877 3025 4932; x_wconf 80' lang='grc' dir='ltr'>ἐστι</span> <span class='ocrx_word' id='word_1_779' title='bbox 3048 4892 3063 4908; x_wconf 88' lang='grc'><strong>·</strong></span> <span class='ocrx_word' id='word_1_780' title='bbox 3095 4877 3157 4931; x_wconf 83' lang='grc' dir='ltr'><strong><em>τὸ</em></strong></span> <span class='ocrx_word' id='word_1_781' title='bbox 3184 4877 3260 4953; x_wconf 76' lang='grc' dir='ltr'>δὲ,</span> <span class='ocrx_word' id='word_1_782' title='bbox 3305 4877 3388 4932; x_wconf 84' lang='grc' dir='ltr'>ὅτι</span> <span class='ocrx_word' id='word_1_783' title='bbox 3424 4876 3638 4948; x_wconf 76' lang='grc' dir='ltr'>κυρίως</span> <span class='ocrx_word' id='word_1_784' title='bbox 3676 4872 3755 4934; x_wconf 66' lang='grc' dir='ltr'>καὶ</span> 
     </span>
    </p>
   </div>
   <div class='ocr_carea' id='block_1_99' title="bbox 2172 4966 3759 5044">
    <p class='ocr_par' dir='ltr' id='par_1_99' title="bbox 2172 4966 3759 5044">
     <span class='ocr_line' id='line_1_99' title="bbox 2172 4966 3759 5044; baseline 0 -21"><span class='ocrx_word' id='word_1_785' title='bbox 2172 4969 2426 5044; x_wconf 84' lang='grc' dir='ltr'>πρώτως,</span> <span class='ocrx_word' id='word_1_786' title='bbox 2457 4972 2553 5039; x_wconf 77' lang='grc' dir='ltr'><strong><em>καὶ</em></strong></span> <span class='ocrx_word' id='word_1_787' title='bbox 2592 4971 2655 5023; x_wconf 82' lang='grc' dir='ltr'>οὐ</span> <span class='ocrx_word' id='word_1_788' title='bbox 2694 4970 2835 5024; x_wconf 79' lang='grc' dir='ltr'>κατά</span> <span class='ocrx_word' id='word_1_789' title='bbox 2860 4988 2981 5026; x_wconf 87' lang='grc' dir='ltr'>τινα</span> <span class='ocrx_word' id='word_1_790' title='bbox 3013 4970 3244 5043; x_wconf 81' lang='grc' dir='ltr'>μετοχὴν</span> <span class='ocrx_word' id='word_1_791' title='bbox 3273 4970 3306 5042; x_wconf 84' lang='grc' dir='ltr'>ἢ</span> <span class='ocrx_word' id='word_1_792' title='bbox 3341 4970 3527 5041; x_wconf 85' lang='grc' dir='ltr'>σχέσιν</span> <span class='ocrx_word' id='word_1_793' title='bbox 3567 4970 3605 5041; x_wconf 76' lang='grc' dir='ltr'><strong>ἢ</strong></span> <span class='ocrx_word' id='word_1_794' title='bbox 3642 4966 3759 5033; x_wconf 75' lang='grc' dir='ltr'>σύγ-</span> 
     </span>
    </p>
   </div>
   <div class='ocr_carea' id='block_1_100' title="bbox 2172 5050 3757 5137">
    <p class='ocr_par' dir='ltr' id='par_1_100' title="bbox 2172 5050 3757 5137">
     <span class='ocr_line' id='line_1_100' title="bbox 2172 5050 3757 5137; baseline -0.004 -21"><span class='ocrx_word' id='word_1_795' title='bbox 2172 5080 2354 5135; x_wconf 75' lang='grc' dir='ltr'>κρισιν</span> <span class='ocrx_word' id='word_1_796' title='bbox 2374 5080 2386 5091; x_wconf 90' lang='grc'><strong>·</strong></span> <span class='ocrx_word' id='word_1_797' title='bbox 2416 5063 2479 5117; x_wconf 78' lang='grc' dir='ltr'><strong><em>τὸ</em></strong></span> <span class='ocrx_word' id='word_1_798' title='bbox 2519 5063 2628 5137; x_wconf 82' lang='grc' dir='ltr'>γὰρ</span> <span class='ocrx_word' id='word_1_799' title='bbox 2657 5063 2826 5135; x_wconf 74' lang='grc' dir='ltr'>ὄνομα</span> <span class='ocrx_word' id='word_1_800' title='bbox 2853 5063 2888 5137; x_wconf 82' lang='grc' dir='ltr'>ἢ</span> <span class='ocrx_word' id='word_1_801' title='bbox 2919 5063 3079 5136; x_wconf 85' lang='grc' dir='ltr'>σῶμα</span> <span class='ocrx_word' id='word_1_802' title='bbox 3116 5064 3149 5136; x_wconf 79' lang='grc' dir='ltr'><strong>ἦ</strong></span> <span class='ocrx_word' id='word_1_803' title='bbox 3194 5050 3428 5135; x_wconf 78' lang='grc' dir='ltr'>πρᾶγμα</span> <span class='ocrx_word' id='word_1_804' title='bbox 3475 5058 3757 5135; x_wconf 69' lang='grc' dir='ltr'><strong><em>σημαίνέίυ</em></strong></span> 
     </span>
    </p>
   </div>
   <div class='ocr_carea' id='block_1_101' title="bbox 2175 5146 3757 5226">
    <p class='ocr_par' dir='ltr' id='par_1_101' title="bbox 2175 5146 3757 5226">
     <span class='ocr_line' id='line_1_101' title="bbox 2175 5146 3757 5226; baseline -0.005 -18"><span class='ocrx_word' id='word_1_805' title='bbox 2175 5153 2318 5226; x_wconf 80' lang='grc' dir='ltr'>ὑπὲρ</span> <span class='ocrx_word' id='word_1_806' title='bbox 2337 5152 2512 5207; x_wconf 87' lang='grc' dir='ltr'>ταῦτα</span> <span class='ocrx_word' id='word_1_807' title='bbox 2533 5153 2591 5207; x_wconf 89' lang='grc' dir='ltr'><strong><em>δέ</em></strong></span> <span class='ocrx_word' id='word_1_808' title='bbox 2618 5155 3004 5226; x_wconf 82' lang='grc' dir='ltr'>ὰκατανοήτως</span> <span class='ocrx_word' id='word_1_809' title='bbox 3032 5153 3127 5209; x_wconf 75' lang='grc' dir='ltr'>καὶ</span> <span class='ocrx_word' id='word_1_810' title='bbox 3155 5152 3508 5224; x_wconf 75' lang='grc' dir='ltr'>ἐξῃρημένως</span> <span class='ocrx_word' id='word_1_811' title='bbox 3529 5149 3595 5205; x_wconf 81' lang='grc' dir='ltr'><strong><em>τὸ</em></strong></span> <span class='ocrx_word' id='word_1_812' title='bbox 3617 5146 3757 5202; x_wconf 58' lang='grc' dir='ltr'>Θεῶν</span> 
     </span>
    </p>
   </div>
   <div class='ocr_carea' id='block_1_102' title="bbox 2171 5248 2312 5301">
    <p class='ocr_par' dir='ltr' id='par_1_102' title="bbox 2171 5248 2312 5301">
     <span class='ocr_line' id='line_1_102' title="bbox 2171 5248 2312 5301; baseline -0.007 0"><span class='ocrx_word' id='word_1_813' title='bbox 2171 5248 2312 5301; x_wconf 81' lang='grc' dir='ltr'>ἐστι.</span> 
     </span>
    </p>
   </div>
   <div class='ocr_carea' id='block_1_103' title="bbox 492 5334 3753 5413">
    <p class='ocr_par' dir='ltr' id='par_1_103' title="bbox 492 5334 3753 5413">
     <span class='ocr_line' id='line_1_103' title="bbox 492 5334 3753 5413; baseline 0.002 -23"><span class='ocrx_word' id='word_1_814' title='bbox 492 5334 866 5390; x_wconf 88' lang='lat' dir='ltr'><strong><em>habitudinem</em></strong></span> <span class='ocrx_word' id='word_1_815' title='bbox 907 5336 993 5391; x_wconf 85' lang='lat' dir='ltr'><strong><em>vel</em></strong></span> <span class='ocrx_word' id='word_1_816' title='bbox 1041 5337 1502 5406; x_wconf 87' lang='lat' dir='ltr'><strong><em>comparationem</em></strong></span> <span class='ocrx_word' id='word_1_817' title='bbox 1549 5346 1666 5403; x_wconf 89' lang='lat' dir='ltr'><strong><em>est;</em></strong></span> <span class='ocrx_word' id='word_1_818' title='bbox 1703 5352 1827 5392; x_wconf 91' lang='lat' dir='ltr'><strong><em>nam</em></strong></span> <span class='ocrx_word' id='word_1_819' title='bbox 1864 5352 2063 5394; x_wconf 90' lang='lat' dir='ltr'><strong><em>nomen</em></strong></span> <span class='ocrx_word' id='word_1_820' title='bbox 2116 5339 2201 5398; x_wconf 89' lang='lat' dir='ltr'><strong><em>vel</em></strong></span> <span class='ocrx_word' id='word_1_821' title='bbox 2230 5353 2429 5410; x_wconf 89' lang='lat' dir='ltr'><strong><em>corpus</em></strong></span> <span class='ocrx_word' id='word_1_822' title='bbox 2461 5338 2545 5396; x_wconf 85' lang='lat' dir='ltr'><strong><em>vel</em></strong></span> <span class='ocrx_word' id='word_1_823' title='bbox 2596 5353 2713 5396; x_wconf 90' lang='lat' dir='ltr'><strong><em>rem</em></strong></span> <span class='ocrx_word' id='word_1_824' title='bbox 2758 5339 3053 5412; x_wconf 88' lang='lat' dir='ltr'><strong><em>signiﬁcat,</em></strong></span> <span class='ocrx_word' id='word_1_825' title='bbox 3106 5356 3275 5413; x_wconf 87' lang='lat' dir='ltr'><strong><em>supra</em></strong></span> <span class='ocrx_word' id='word_1_826' title='bbox 3300 5338 3418 5397; x_wconf 68' lang='lat' dir='ltr'><strong><em>haec</em></strong></span> <span class='ocrx_word' id='word_1_827' title='bbox 3460 5349 3642 5397; x_wconf 87' lang='lat' dir='ltr'><strong><em>autem</em></strong></span> <span class='ocrx_word' id='word_1_828' title='bbox 3679 5336 3753 5393; x_wconf 49' lang='lat' dir='ltr'><strong><em>die</em></strong></span> 
     </span>
    </p>
   </div>
   <div class='ocr_carea' id='block_1_104' title="bbox 494 5428 2309 5501">
    <p class='ocr_par' dir='ltr' id='par_1_104' title="bbox 494 5428 2309 5501">
     <span class='ocr_line' id='line_1_104' title="bbox 494 5428 2309 5501; baseline 0.007 -20"><span class='ocrx_word' id='word_1_829' title='bbox 494 5428 676 5482; x_wconf 86' lang='lat' dir='ltr'><strong><em>vinum</em></strong></span> <span class='ocrx_word' id='word_1_830' title='bbox 738 5443 938 5485; x_wconf 89' lang='lat' dir='ltr'><strong><em>numen</em></strong></span> <span class='ocrx_word' id='word_1_831' title='bbox 981 5431 1604 5501; x_wconf 86' lang='lat' dir='ltr'><strong><em>incomprehensibiliter</em></strong></span> <span class='ocrx_word' id='word_1_832' title='bbox 1644 5444 1698 5488; x_wconf 91' lang='lat' dir='ltr'><strong><em>et</em></strong></span> <span class='ocrx_word' id='word_1_833' title='bbox 1748 5434 2052 5489; x_wconf 89' lang='lat' dir='ltr'><strong><em>eminenter</em></strong></span> <span class='ocrx_word' id='word_1_834' title='bbox 2076 5435 2309 5494; x_wconf 77' lang='lat' dir='ltr'><strong><em>exsistit.</em></strong></span> 
     </span>
    </p>
   </div>
   <div class='ocr_carea' id='block_1_105' title="bbox 569 5518 2069 5606">
    <p class='ocr_par' dir='ltr' id='par_1_105' title="bbox 569 5518 2069 5597">
     <span class='ocr_line' id='line_1_105' title="bbox 569 5518 2069 5597; baseline 0.006 -23"><span class='ocrx_word' id='word_1_835' title='bbox 569 5518 599 5592; x_wconf 65' lang='grc' dir='ltr'><strong><em>ς</em></strong></span> <span class='ocrx_word' id='word_1_836' title='bbox 636 5521 681 5574; x_wconf 92' lang='lat' dir='ltr'><strong><em>l.</em></strong></span> <span class='ocrx_word' id='word_1_837' title='bbox 705 5520 861 5578; x_wconf 87' lang='lat' dir='ltr'><strong><em>Nune</em></strong></span> <span class='ocrx_word' id='word_1_838' title='bbox 903 5530 1106 5588; x_wconf 88' lang='lat' dir='ltr'><strong><em>autem,</em></strong></span> <span class='ocrx_word' id='word_1_839' title='bbox 1133 5538 1168 5579; x_wconf 88' lang='grc' dir='ltr'>ο</span> <span class='ocrx_word' id='word_1_840' title='bbox 1206 5522 1385 5591; x_wconf 89' lang='lat' dir='ltr'><strong><em>beate,</em></strong></span> <span class='ocrx_word' id='word_1_841' title='bbox 1422 5525 1717 5580; x_wconf 85' lang='lat' dir='ltr'><strong><em>secundum</em></strong></span> <span class='ocrx_word' id='word_1_842' title='bbox 1759 5528 1992 5597; x_wconf 89' lang='lat' dir='ltr'><strong><em>gratiam</em></strong></span> <span class='ocrx_word' id='word_1_843' title='bbox 2020 5536 2069 5583; x_wconf 92' lang='lat' dir='ltr'><strong><em>et</em></strong></span> 
     </span>
    </p>
   </div>
   <div class='ocr_carea' id='block_1_106' title="bbox 2171 5518 3754 5606">
    <p class='ocr_par' dir='ltr' id='par_1_106' title="bbox 2252 5525 3754 5606">
     <span class='ocr_line' id='line_1_106' title="bbox 2252 5525 3754 5606; baseline 0.003 -22"><span class='ocrx_word' id='word_1_844' title='bbox 2252 5527 2351 5600; x_wconf 62' lang='grc' dir='ltr'><strong><em>δι.</em></strong></span> <span class='ocrx_word' id='word_1_845' title='bbox 2384 5527 2499 5583; x_wconf 84' lang='grc' dir='ltr'>Νῦν</span> <span class='ocrx_word' id='word_1_846' title='bbox 2533 5529 2613 5595; x_wconf 82' lang='grc' dir='ltr'><strong><em>δὲ,</em></strong></span> <span class='ocrx_word' id='word_1_847' title='bbox 2657 5525 2704 5584; x_wconf 82' lang='grc' dir='ltr'><strong>ὦ</strong></span> <span class='ocrx_word' id='word_1_848' title='bbox 2753 5530 3009 5604; x_wconf 79' lang='grc' dir='ltr'>μακάριε,</span> <span class='ocrx_word' id='word_1_849' title='bbox 3055 5531 3197 5587; x_wconf 80' lang='grc' dir='ltr'>κατὰ</span> <span class='ocrx_word' id='word_1_850' title='bbox 3226 5532 3388 5605; x_wconf 81' lang='grc' dir='ltr'>χάριν</span> <span class='ocrx_word' id='word_1_851' title='bbox 3413 5540 3509 5590; x_wconf 66' lang='grc' dir='ltr'><strong><em>ω</em></strong></span> <span class='ocrx_word' id='word_1_852' title='bbox 3537 5529 3754 5606; x_wconf 68' lang='grc' dir='ltr'>μετοχὴν</span> 
     </span>
    </p>
   </div>
   <div class='ocr_carea' id='block_1_107' title="bbox 496 5612 2070 5688">
    <p class='ocr_par' dir='ltr' id='par_1_107' title="bbox 496 5612 2070 5688">
     <span class='ocr_line' id='line_1_107' title="bbox 496 5612 2070 5688; baseline 0.006 -24"><span class='ocrx_word' id='word_1_853' title='bbox 496 5612 963 5684; x_wconf 80' lang='lat' dir='ltr'><strong><em>participationem</em></strong></span> <span class='ocrx_word' id='word_1_854' title='bbox 1008 5614 1159 5685; x_wconf 86' lang='lat' dir='ltr'><strong><em>ejus,</em></strong></span> <span class='ocrx_word' id='word_1_855' title='bbox 1202 5615 1298 5687; x_wconf 80' lang='lat' dir='ltr'><strong><em>qui</em></strong></span> <span class='ocrx_word' id='word_1_856' title='bbox 1344 5615 1576 5681; x_wconf 86' lang='lat' dir='ltr'><strong><em>beatus,</em></strong></span> <span class='ocrx_word' id='word_1_857' title='bbox 1625 5626 1682 5673; x_wconf 90' lang='lat' dir='ltr'><strong><em>et</em></strong></span> <span class='ocrx_word' id='word_1_858' title='bbox 1725 5632 2070 5688; x_wconf 79' lang='lat' dir='ltr'><strong><em>nequaquam</em></strong></span> 
     </span>
    </p>
   </div>
   <div class='ocr_carea' id='block_1_108' title="bbox 2177 5619 3751 5698">
    <p class='ocr_par' dir='ltr' id='par_1_108' title="bbox 2177 5619 3751 5698">
     <span class='ocr_line' id='line_1_108' title="bbox 2177 5619 3751 5698; baseline 0.004 -24"><span class='ocrx_word' id='word_1_859' title='bbox 2177 5619 2273 5674; x_wconf 87' lang='grc' dir='ltr'><strong><em>τοῦ</em></strong></span> <span class='ocrx_word' id='word_1_860' title='bbox 2312 5620 2463 5686; x_wconf 72' lang='grc' dir='ltr'>ὄντος</span> <span class='ocrx_word' id='word_1_861' title='bbox 2496 5622 2788 5693; x_wconf 85' lang='grc' dir='ltr'>μακαρίου,</span> <span class='ocrx_word' id='word_1_862' title='bbox 2816 5623 2911 5677; x_wconf 81' lang='grc' dir='ltr'><strong><em>καὶ</em></strong></span> <span class='ocrx_word' id='word_1_863' title='bbox 2956 5623 3032 5696; x_wconf 77' lang='grc' dir='ltr'>μὴ</span> <span class='ocrx_word' id='word_1_864' title='bbox 3078 5627 3209 5698; x_wconf 76' lang='grc' dir='ltr'>κηρὶ</span> <span class='ocrx_word' id='word_1_865' title='bbox 3252 5628 3349 5681; x_wconf 78' lang='grc' dir='ltr'><strong><em>καὶ</em></strong></span> <span class='ocrx_word' id='word_1_866' title='bbox 3380 5627 3593 5697; x_wconf 73' lang='grc' dir='ltr'>θανάτῳ</span> <span class='ocrx_word' id='word_1_867' title='bbox 3629 5625 3751 5680; x_wconf 72' lang='grc' dir='ltr'><strong><em>ὀπο-</em></strong></span> 
     </span>
    </p>
   </div>
   <div class='ocr_carea' id='block_1_109' title="bbox 576 5755 2640 5837">
    <p class='ocr_par' dir='ltr' id='par_1_109' title="bbox 576 5755 2640 5837">
     <span class='ocr_line' id='line_1_109' title="bbox 576 5755 2640 5837; baseline 0.008 -29"><span class='ocrx_word' id='word_1_868' title='bbox 576 5755 693 5828; x_wconf 69' lang='grc'><strong><em>(51)</em></strong></span> <span class='ocrx_word' id='word_1_869' title='bbox 723 5756 857 5816; x_wconf 66' lang='lat' dir='ltr'><strong><em>Vide</em></strong></span> <span class='ocrx_word' id='word_1_870' title='bbox 899 5760 1117 5818; x_wconf 87' lang='lat' dir='ltr'><strong><em>Scholia</em></strong></span> <span class='ocrx_word' id='word_1_871' title='bbox 1161 5761 1219 5819; x_wconf 90' lang='lat' dir='ltr'><strong><em>S.</em></strong></span> <span class='ocrx_word' id='word_1_872' title='bbox 1258 5763 1506 5833; x_wconf 61' lang='lat' dir='ltr'><strong><em>Enim,</em></strong></span> <span class='ocrx_word' id='word_1_873' title='bbox 1541 5772 1673 5819; x_wconf 91' lang='lat' dir='ltr'><strong><em>tom.</em></strong></span> <span class='ocrx_word' id='word_1_874' title='bbox 1710 5762 1772 5831; x_wconf 90' lang='lat' dir='ltr'><strong><em>ll,</em></strong></span> <span class='ocrx_word' id='word_1_875' title='bbox 1806 5779 1923 5837; x_wconf 87' lang='lat' dir='ltr'><strong><em>cap.</em></strong></span> <span class='ocrx_word' id='word_1_876' title='bbox 1953 5782 1969 5821; x_wconf 91' lang='grc' dir='ltr'>ι</span> <span class='ocrx_word' id='word_1_877' title='bbox 2003 5764 2078 5823; x_wconf 87' lang='lat' dir='ltr'><strong><em>De</em></strong></span> <span class='ocrx_word' id='word_1_878' title='bbox 2108 5766 2297 5822; x_wconf 76' lang='lat' dir='ltr'><strong><em>divinis</em></strong></span> <span class='ocrx_word' id='word_1_879' title='bbox 2327 5768 2640 5824; x_wconf 82' lang='lat' dir='ltr'><strong><em>nominibus.</em></strong></span> 
     </span>
    </p>
   </div>
  </div>
