3876 6226
150 248 256 303 639

726 247 815 302 DE
848 247 1104 305 DlVlNIS
1135 248 1534 317 NOMINIBUS,
1568 250 1726 308 CAP.
1760 246 1806 308 1.
1844 284 1912 293 -
1943 251 2290 311 PARAPHR.
2326 254 2808 315 PACHYMERA‘J.

3330 255 3437 320 illo

152 370 415 436 κειμένου
444 366 603 430 Θεοῦ,
630 365 880 437 Τιμόθεε,
914 365 1050 437 μετὰ
1080 366 1178 432 τὰς
1208 368 1525 437 θεολογικὰς
1553 370 1735 423 ὑποτυ-

1857 369 1971 425 fato
2022 373 2253 428 mortive
2297 370 2573 442 subjectus
2621 385 2739 443 est,
2787 375 2906 443 Dei,
2954 375 3257 442 Timotheo,
3315 386 3435 448 post

148 459 363 522 πώσεις
408 460 503 511 καὶ
553 463 992 530 προεισαγωγάς.
1029 460 1221 533 Ἑτέρα
1262 461 1371 533 γὰρ
1401 462 1508 533 πρὸ
1545 462 1750 532 ταύτης

147 549 510 621 πραγματεία
536 549 614 621 τῷ
633 550 772 621 ἁγίῳ
789 551 1110 624 πεπόνηται,
1133 553 1475 625 στοιχειώδης
1492 554 1601 607 τῶν
1621 555 1749 626 περὶ

144 641 286 694 Θεοῦ
315 643 378 695 ἐν
405 645 527 706 ταῖς
558 642 800 715 Γραφαῖς
830 643 1155 715 εἰρημένων,
1186 637 1254 716 ἦς
1278 661 1424 708 τινος
1453 645 1590 698 κατὰ
1619 646 1749 699 ἀκο-

141 731 371 786 λουθίαν
401 734 435 802 ἠ
474 733 725 804 παροῦσα
752 732 1199 806 ἐπραγματεύθη.
1245 734 1400 788 Κατά
1431 734 1561 803 γοῦν
1603 733 1748 789 ἐκεί-

140 842 269 893 νην,
296 825 397 877 ἐπὶ
424 824 525 897 τὴν
567 826 678 879 τῶν
705 826 864 880 θείων
904 828 1181 898 ὀνομάτων
1225 826 1550 899 διασάφησιν
1591 845 1747 898 μετε-

138 918 436 989 λεύσομαι.
462 914 815 979 Ἁνὰπτυξιν
827 917 956 987 γοῦν
995 916 1114 972 εἶπε
1161 918 1258 991 τὴν
1275 919 1747 991 διασάςρησιννὼς

138 1011 389 1080 ἐχόντων
416 1011 527 1064 τῶν
559 1010 816 1065 τοιούτων
847 1011 1007 1066 θείων
1048 1012 1329 1085 ὀνομάτων
1354 1011 1451 1066 τοῦ
1483 1014 1746 1084 φαινομέ-

136 1117 237 1152 νου
272 1099 597 1172 βαθύτερον.
631 1103 813 1155 Ἔστω
848 1103 904 1155 δὲ
930 1103 1020 1156 καὶ
1050 1102 1280 1156 ἐνταῦθα
1306 1102 1747 1175 προδιωμολογη-

139 1193 334 1262 μένον,
384 1195 466 1247 ὅτι
511 1196 610 1267 τὴν
645 1195 757 1248 τῶν
793 1195 922 1267 περὶ
966 1195 1100 1248 Θεοῦ
1142 1195 1448 1267 λεγομένων
1488 1197 1744 1268 ἀλήθειαν

134 1287 201 1340 οὐ
260 1285 629 1355 καταδοῦμεν,
671 1287 763 1340 καὶ
808 1287 1251 1358 καταδεσμοῦμεν
1297 1290 1355 1341 ἐν
1398 1288 1745 1361 ἀνθρωπίνης

136 1379 346 1447 σοφίας
381 1378 558 1431 πειθοῖ
586 1380 677 1432 καὶ
699 1379 873 1449 λόγῳο
908 1379 1094 1443 ἄνετος
1120 1380 1229 1452 γὰρ
1269 1382 1362 1434 καὶ
1401 1381 1543 1453 ὑπὲρ
1567 1383 1745 1437 πάντα

130 1468 209 1520 τὰ
242 1469 381 1521 ὄντα
407 1470 576 1528 ἐστὶν,
614 1468 754 1522 ὥστε
796 1468 868 1540 μὴ
897 1471 962 1523 ἐκ
990 1468 1193 1523 τούτων
1232 1471 1363 1524 ποτε
1395 1472 1744 1544 συλλογισθῆ-

134 1578 232 1612 ναι
266 1576 281 1589 ·
310 1560 347 1629 ἡ
379 1560 489 1630 γὰρ
514 1560 825 1631 ἀνθρωπίνη
860 1560 1019 1630 σοφία
1066 1562 1132 1615 ἐκ
1182 1562 1289 1616 τῶν
1334 1563 1607 1634 αἰσθητῶν
1643 1564 1745 1628 τὰς

135 1652 456 1717 ἀποδείξεις
482 1652 807 1726 ἐρανίζεται.
840 1654 1012 1726 Εἴπερ
1038 1655 1096 1708 δὲ
1121 1656 1215 1709 καὶ
1240 1657 1407 1727 αὐτὴν
1437 1655 1609 1721 εἴποις
1643 1655 1743 1729 τὴν

134 1744 354 1814 ἇμεσον
400 1743 683 1814 πρότασιν,
716 1744 839 1814 ἥτις
881 1745 1029 1797 ἐστὶν
1071 1744 1412 1810 αὐτόπιστος,
1467 1746 1559 1800 καὶ
1601 1744 1739 1817 αῦτη

133 1836 204 1888 ἐκ
236 1834 359 1888 τῶν
407 1834 649 1905 μερικῶν
699 1835 1002 1907 αἰσθήσεων
1039 1836 1116 1908 τῷ
1154 1837 1229 1908 νῷ
1275 1836 1596 1905 συνάγεταιο
1646 1839 1739 1891 ἐπὶ

131 1924 193 1979 δὲ
218 1925 337 1979 τῶν
372 1926 516 1996 ὑπὲρ
545 1927 725 1980 πᾶσαν
749 1927 935 1979 ούσίαν
967 1926 1084 1991 πῶς
1126 1927 1191 1981 ἄν
1229 1945 1315 1992 τις
1349 1926 1581 1996 λογικῶς
1619 1930 1739 1981 ἐπι-

134 2018 423 2090 στήσειεν,
467 2019 515 2071 εί
566 2017 639 2089 μὴ
679 2014 828 2089 μόλις
870 2018 949 2088 τῷ
986 2018 1271 2090 ἀκροτάτῳ
1315 2018 1466 2072 ἄνθει
1509 2019 1605 2071 τοῦ
1646 2018 1738 2072 νοῦ

129 2108 225 2161 διὰ
283 2110 392 2179 τῆς
449 2108 774 2179 εἰλικρινοῦς
829 2110 1107 2175 εὐσεϐείας
1160 2110 1442 2183 ἀλαλήτως
1504 2114 1741 2166 συννοεῖν

128 2200 393 2266 δύναιτο;
427 2203 541 2272 Οὐχ
570 2200 712 2255 οὕτω
746 2202 875 2270 γοῦν
911 2205 1004 2257 καὶ⁸
1038 2202 1326 2274 εὐοδοῦμεν
1355 2205 1455 2276 τὴν
1485 2205 1741 2277 ἀλήθειαν

129 2297 192 2347 ἐν
222 2295 409 2348 πειθοῖ
436 2295 783 2366 ἀνθρωπίνης
817 2296 1028 2366 σοφίας,
1066 2296 1181 2349 ἀλλ’
1224 2299 1283 2351 ἐν
1322 2297 1594 2363 ἀποδείξει
1638 2300 1739 2369 τῆς

128 2386 246 2439 τῶν
280 2378 554 2456 θεολόγων
584 2387 885 2459 δυνάμεως,
917 2380 1040 2443 καθ⁴
1066 2390 1132 2460 ἢν
1156 2393 1269 2451 τοῖς
1288 2389 1617 2459 ἀφθέγκτοις
1646 2392 1739 2444 καὶ

127 2478 447 2546 ἀγνώστοις
495 2479 873 2550 ωναπτόμεθα
916 2480 1149 2552 νοερῶς”
1199 2481 1355 2534 τοῦτο
1391 2483 1499 2554 γάρ
1527 2485 1642 2537 ἐστι
1679 2483 1741 2538 τὸ

128 2572 491 2641 ἀφθέγκτως
520 2574 613 2626 καὶ
632 2574 970 2642 ἀγνώστως.
988 2570 1057 2627 Εἴ
1072 2592 1124 2627 τι
1144 2575 1253 2647 γὰρ
1270 2576 1335 2629 ἂν
1351 2574 1638 2645 φθέγξαιτό
1657 2593 1740 2642 τις

127 2664 223 2719 διὰ
253 2658 630 2731 διδασκαλίαν,
660 2666 753 2719 καὶ
780 2665 835 2718 εί
856 2682 911 2719 τι
939 2666 1205 2734 γνώσεται
1233 2666 1320 2720 διὰ
1356 2667 1610 2738 μάθησιν,
1638 2654 1743 2723 ούκ

137 2761 261 2813 ἐστι
289 2758 630 2830 κατάλληλον
657 2760 777 2822 ταῖς
803 2757 932 2829 περὶ
974 2758 1109 2811 Θεοῦ
1146 2758 1396 2823 ἐννοίαις,
1429 2761 1477 2812 εί
1516 2757 1588 2829 μή
1622 2776 1740 2823 πως

127 2852 554 2923 ἐνδυναμωθείη
583 2852 697 2905 τῶν
730 2852 933 2925 νοερῶν
967 2853 1123 2925 ἡμῶν
1153 2856 1272 2916 ταῖς
1308 2856 1742 2927 πνευματοκινή-

126 2960 249 3008 τοις
288 2944 618 3012 θεολογίαις,
651 2944 744 2997 ἐπὶ
789 2943 869 3015 τῷ
910 2944 1213 3016 διατεθῆναι
1241 2947 1320 3009 εἰς
1348 2945 1446 3018 τὴν
1484 2944 1739 3016 τοιαύτην

128 3034 450 3103 ἄφθεγκτον
482 3033 733 3103 σύναψιν,
774 3033 915 3088 κατά
946 3036 1045 3106 τὴν
1084 3034 1369 3107 κρείττονα
1416 3034 1607 3089 ἕνωσιν
1639 3035 1739 3107 τῆς

1848 464 2183 533 theologicas
2260 463 2681 522 inlormationes
2744 477 2799 522 et
2868 470 3433 539 praeintroductiones.

1847 556 2001 610 Alius
2032 559 2177 610 enim
2207 568 2333 612 ante
2381 559 2527 612 hunc
2570 574 2601 612 a
2634 570 2826 615 sancto
2865 563 2967 617 hoc
3012 563 3325 618 elaboratus
3353 572 3439 618 est

1850 655 2130 712 tractatus,
2155 648 2505 705 elementaris
2553 666 2741 706 eorum
2784 668 2903 721 quae
2938 654 3006 709 de
3037 655 3149 709 Deo
3183 654 3237 709 in
3282 655 3435 711 Scri-

1848 738 2023 807 pluris
2052 737 2194 792 dicta
2244 750 2392 805 sunt,
2424 748 2548 809 post
2594 757 2780 810 quem,
2827 746 3122 799 secundum
3165 746 3434 813 ordinem,

1846 843 2087 898 praesens
2118 831 2205 884 hic
2231 831 2370 887 liber
2406 840 2493 886 est
2522 833 2877 902 compositus.
2911 834 3041 888 Post
3071 835 3222 890 illum
3255 838 3439 905 itaque

1846 922 1914 973 ad
1976 921 2285 976 divinorum
2343 923 2620 976 nominum
2689 924 3111 993 explicationem
3170 929 3433 985 transibo.

1860 1009 2209 1075 Ἀνάπτυξιν,
2259 1012 2311 1067 id
2352 1024 2437 1068 est
2492 1017 2924 1086 explicationem,
2996 1016 3165 1087 igitur
3213 1022 3437 1075 vocavit

1845 1100 2197 1172 διασὰφησιν,
2226 1104 2277 1157 id
2310 1113 2394 1159 est
2420 1110 2861 1172 declarationem,
2890 1110 3033 1179 quod
3075 1111 3189 1166 haec
3248 1112 3435 1166 divina

1848 1192 2066 1247 nomina
2093 1193 2222 1263 quid
2254 1194 2573 1264 profundius
2599 1199 2919 1251 contineant
2966 1214 3129 1269 quam
3186 1201 3239 1255 id
3283 1202 3435 1271 quod

1846 1290 2087 1351 apparet.
2126 1282 2207 1337 Sit
2242 1292 2423 1337 autem
2449 1286 2617 1338 etiam
2654 1285 2741 1339 hic
2772 1295 2897 1340 ante
2938 1287 2991 1340 in
3024 1287 3298 1353 confesso,
3330 1303 3435 1343 nos

1845 1390 2033 1430 eorum
2066 1390 2186 1445 qua:
2213 1377 2279 1431 de
2312 1377 2419 1431 Deo
2450 1378 2708 1431 dicuntur
2738 1377 3021 1432 veritatem
3052 1380 3278 1434 minime
3317 1388 3437 1434 tra-

1848 1468 1998 1533 dere,
2027 1479 2081 1523 et
2130 1469 2436 1535 astringere
2478 1469 2727 1524 humana:
2773 1471 3054 1539 sapientiae
3091 1472 3437 1541 persussioni

1848 1566 2011 1632 atque
2037 1562 2301 1629 sermoni;
2334 1562 2901 1630 incomprehensibilis
2932 1568 3076 1619 enim
3113 1576 3216 1631 est,
3242 1577 3296 1619 ct
3339 1581 3437 1620 su-

1846 1669 1948 1723 per
1988 1654 2169 1708 omnia
2215 1666 2334 1723 quae
2361 1654 2657 1720 exsistunt,
2690 1656 2761 1709 ita
2810 1666 2869 1711 ut
2917 1671 2983 1710 ex
3024 1657 3109 1712 his
3158 1673 3433 1727 tmnquam

1846 1747 2026 1817 colligi
2061 1749 2268 1817 possit:
2307 1764 2429 1802 nam
2462 1750 2696 1803 humana
2722 1750 2991 1819 sapientia
3020 1765 3087 1805 ex
3121 1752 3280 1805 rebus
3310 1766 3436 1805 scn—

1843 1837 2089 1894 sibilibus
2119 1841 2609 1895 demonstrationes
2639 1843 2964 1896 cmendicat.
2998 1842 3154 1909 Quod
3183 1842 3229 1898 si
3263 1843 3432 1898 etiam

1843 1934 2048 1989 dixeris
2080 1935 2252 2004 ipsam
2284 1935 2653 1988 immediatam
2684 1950 2804 1990 esse
2837 1937 3266 2006 prapositionem
3313 1950 3435 2005 qua:

1842 2034 1942 2095 per
1990 2041 2051 2081 se
2099 2024 2384 2080 credibilis
2427 2027 2534 2092 sit,
2584 2033 2641 2080 et
2683 2030 2753 2082 et
2798 2027 3121 2095 partialibus
3182 2027 3436 2082 sensibus

1843 2119 2010 2172 menti
2045 2117 2365 2187 applicetur,
2397 2117 2670 2187 quomodo
2717 2116 2783 2172 de
2815 2119 2880 2172 iis
2908 2133 3030 2187 quae
3074 2132 3291 2172 omnem
3338 2132 3435 2172 su-

1841 2217 2033 2279 perant
2089 2209 2386 2263 essentiam
2445 2208 2759 2263 ratiocinari
2805 2209 2925 2278 quis
2948 2210 3164 2278 poterit,
3198 2208 3298 2263 nisi
3330 2208 3438 2264 salo

1845 2306 1952 2351 tem
1988 2313 2205 2353 summo
2246 2298 2449 2353 mentis
2489 2297 2677 2368 vigore
2726 2315 2825 2367 per
2867 2315 3058 2369 puram
3113 2298 3433 2369 religionem

1842 2390 2004 2443 modo
2060 2390 2428 2458 inexplicabili
2483 2389 2572 2444 illa
2622 2390 2803 2444 valeat
2847 2392 3064 2461 assequi
3112 2388 3435 2461 cogitando?

1820 2481 1957 2535 .Non
1985 2482 2065 2536 sic
2096 2482 2282 2550 itaque
2310 2482 2595 2537 veritatem
2632 2483 2686 2537 in
2719 2483 2969 2537 humana;
3000 2483 3284 2552 sapientiae
3307 2496 3436 2551 per-

1842 2573 2207 2628 suasibilitate
2236 2573 2652 2643 investigamus,
2692 2574 2788 2630 sed
2820 2576 2872 2628 in
2911 2574 3225 2629 ostensione
3254 2583 3434 2627 virtu-

1844 2667 1914 2721 tis
1956 2666 2350 2735 tbeologorum,
2383 2681 2487 2736 qua
2518 2666 2685 2721 rebus
2726 2666 3094 2723 ineﬂ‘abilibus
3136 2677 3188 2722 et
3233 2666 3436 2738 ignotis

1843 2758 2073 2830 spiritali
2104 2758 2265 2813 modo
2307 2760 2719 2830 conjungimur,
2747 2759 2849 2815 hoc
2876 2760 3023 2815 enim
3063 2768 3147 2815 εει
3180 2757 3442 2825 ine/fabia

1841 2860 1897 2905 et
1936 2846 2134 2915 ignoto.
2171 2849 2307 2904 Nam
2342 2852 2385 2905 si
2422 2852 2547 2920 quis
2579 2852 2780 2921 alitptid
2808 2851 3053 2921 proferat
3082 2854 3347 2918 docendo,
3379 2863 3436 2907 et

1843 2941 2101 2996 discendo
2129 2954 2442 3010 cognoscat,
2475 2958 2814 3013 nequaquam
2847 2944 2899 2998 id
2926 2959 3051 2998 cum
3083 2944 3150 2998 iis
3195 2959 3317 3014 qua:
3365 2945 3433 2999 de

1844 3033 1956 3087 Deo
1990 3043 2120 3086 snnt
2164 3033 2482 3088 notionibus
2528 3036 2837 3099 conveniet,
2874 3034 2976 3090 nisi
3020 3035 3296 3103 spiritales
3336 3052 3435 3092 no-

127 3124 258 3177 καθ’
309 3126 461 3195 ἡμᾶς
499 3123 725 3194 λογικῆς
777 3125 874 3177 καὶ
912 3127 1106 3197 νοερᾶς
1154 3126 1457 3199 δυνάμεως,
1506 3129 1629 3182 καθ’
1672 3130 1735 3200 ἢν

1843 3134 1970 3179 strzc
2002 3124 2297 3180 facultates
2323 3129 2651 3182 roborentur
2680 3128 2876 3181 divinis
2913 3129 3218 3182 rationibus
3242 3143 3273 3182 a
3305 3129 3431 3197 Spi-

129 3216 422 3287 δυνάμεθα
454 3218 629 3269 εἰπεῖν
648 3234 702 3269 τι
733 3218 827 3270 καὶ
850 3217 1061 3287 νοῆσαι,
1090 3219 1181 3271 καὶ
1200 3218 1501 3292 ἐνεργείας,
1526 3220 1646 3274 καθ’
1668 3222 1736 3291 ἣν

127 3307 371 3378 λέγομεν
401 3307 702 3378 ῆνοοῦμεν.
734 3308 904 3361 Τοῦτο
924 3300 982 3362 δέ
1026 3311 1162 3375 ἐστι,
1194 3311 1276 3364 ὅτι
1314 3312 1394 3382 τῷ
1419 3312 1589 3383 ὁμοίῳ
1618 3312 1735 3366 ἐστὶ

128 3404 330 3474 νοῆσαι
372 3406 437 3455 τὸ
474 3404 675 3475 ὄμοιον;
720 3402 800 3456 Τά
840 3402 972 3472 γοῦν
1013 3402 1133 3456 καθ’
1180 3405 1325 3475 ἡμᾶς
1374 3405 1460 3460 διὰ
1508 3406 1734 3477 λογικῆς

131 3496 366 3566 μεθόδου
417 3498 507 3550 καὶ¹
552 3499 862 3569 ἐπιστήμης
908 3496 1267 3570 γινώσκομεν,
1320 3492 1589 3568 λέγοντες,
1640 3499 1735 3552 καί¹

126 3589 220 3644 διὰ
250 3591 451 3661 νοερᾶς
476 3590 758 3660 δυνάμεως
783 3581 876 3643 καὶ
909 3591 1208 3662 ἐνεργείας,
1244 3591 1386 3644 κατά
1432 3590 1530 3662 τὴν
1562 3608 1733 3663 προσ-

128 3685 382 3753 ήκουσαν
432 3681 717 3751 ἀναλογίαν
751 3682 851 3753 τῆς
888 3682 1335 3754 γιγνωσκομένης
1372 3683 1598 3755 νοοῦμεν
1641 3683 1735 3739 καὶ

127 3771 246 3828 οἷον
276 3772 492 3837 τούτοις
524 3770 903 3844 συναπτόμεθα
944 3775 1037 3827 καὶ
1079 3773 1364 3845 ἐνούμεθα.
1392 3774 1478 3838 Ὠς
1508 3774 1616 3847 γὰρ
1642 3773 1735 3828 ἐπὶ

126 3866 232 3935 τῆς
258 3863 571 3936 αἰσθήσεως
627 3864 760 3934 ἔχει,
799 3865 880 3917 ὅτι
928 3863 1050 3917 τότε
1093 3864 1479 3937 αἰσθανόμεθα,
1522 3867 1612 3920 ὅτε
1657 3866 1735 3938 τῷ

128 3955 387 4026 αἰσθητῷ
413 3955 625 4009 ἑνοῦται
722 3955 973 4028 αἴσθησις
993 3966 1006 3986 δ
1037 3953 1182 4010 οῦτω
1210 3957 1305 4010 καὶ
1345 3957 1438 4010 ἐπὶ
1479 3950 1577 4029 τῆς
1612 3959 1735 4029 νοή-

130 4064 277 4110 σεως
311 4046 425 4117 ἔχει
442 4064 456 4076 °
490 4047 585 4100 καὶ
610 4045 719 4118 γὰρ
737 4046 815 4117 τῷ
833 4046 1008 4116 νοητῷ
1033 4046 1246 4099 ἐνοῦται
1278 4046 1307 4098 0
1329 4045 1471 4109 νοῦς,
1500 4046 1588 4099 ὅτε
1613 4046 1735 4099 τού-

125 4156 226 4191 του
266 4138 745 4209 ἀντιλαμϐάνεται.
779 4140 886 4193 Καὶ
913 4138 1084 4191 ταῦτα
1124 4138 1222 4209 μὲν
1253 4140 1347 4191 ἐπὶ
1373 4139 1483 4191 τῶν
1521 4134 1697 4193 ἄλλων
1716 4155 1729 4170 ⁸

127 4232 227 4284 ἐπὶ
282 4232 343 4285 δέ
387 4248 450 4300 γε
490 4230 586 4284 τοῦ
624 4231 1108 4303 θείου,ἐπειδήπερ
1137 4232 1237 4284 οὐκ
1276 4231 1472 4302 ἔχομέν
1513 4249 1565 4284 τι
1597 4230 1733 4284 Θεοῦ

126 4321 465 4393 οίκειότερον
491 4319 652 4389 λόγου
698 4322 792 4374 καὶ
820 4321 936 4386 νοῦ,
970 4322 1133 4375 πάλιν
1175 4322 1380 4375 τούτων
1405 4321 1473 4374 τὰ
1501 4322 1734 4394 κρείττω

126 4414 225 4465 καὶ
257 4407 373 4464 οἷον
414 4412 573 4482 ἄνθη,
616 4402 707 4464 καὶ
737 4412 909 4466 ταῦτα
950 4412 1336 4484 κεκαθαρμένα
1374 4411 1736 4484 παραλαμϐά-

125 4518 336 4566 νονται,
376 4503 453 4566 ῶς
484 4503 549 4557 ἂν
568 4502 597 4553 0
622 4503 744 4567 νοῦς
769 4504 864 4574 μὲν
897 4504 1078 4568 ποσῶς
1103 4505 1234 4576 γνῷ,
1258 4507 1285 4558 ὁ
1314 4504 1366 4557 δὲ
1392 4504 1547 4571 λόγος
1575 4503 1736 4572 ἐξαγ-

127 4596 294 4669 γείλῃ
317 4594 387 4648 τὰ
419 4594 561 4667 ὑπὲρ
584 4597 752 4666 ἡμᾶς.

1848 3215 1953 3267 ritu
1987 3225 2175 3269 sancto
2219 3216 2401 3281 motis,
2425 3217 2619 3285 quibus
2645 3220 2710 3269 att
2742 3217 2899 3272 talem
2934 3217 3263 3274 ineﬂ'abilem
3297 3236 3434 3275 con-

1833 3306 2166 3375 junctionem
2209 3309 2589 3377 disponantur,
2635 3310 2935 3363 secundum
2992 3312 3433 3367 ciccllentiorem

1837 3401 2127 3455 rationalis
2170 3410 2225 3455 et
2280 3402 2662 3456 intellectualis
2713 3413 2915 3457 nostrae
2968 3404 3228 3470 virtutis,
3276 3405 3431 3473 quta

1837 3504 1998 3560 quam
2054 3492 2257 3560 aliquid
2311 3491 2464 3547 ellari
2498 3503 2552 3547 et
2586 3494 2877 3564 concipere
2924 3495 3226 3561 valeamus,
3269 3509 3434 3567 atque

1838 3584 2176 3653 operationis
2194 3586 2472 3650 unionem,
2492 3587 2789 3641 secundum
2817 3594 2980 3657 quam
2998 3588 3234 3644 dicimus
3251 3589 3335 3644 vel
3359 3591 3436 3645 in-

1840 3675 2156 3746 telllgimus.
2182 3677 2294 3732 Hoc
2314 3686 2495 3731 autem
2528 3687 2632 3743 est,
2658 3679 2802 3749 quod
2830 3680 3026 3736 similis
3054 3682 3143 3746 sit,
3169 3694 3330 3738 nosse
3352 3686 3433 3738 si-

1838 3766 1987 3822 mile.
2009 3766 2280 3821 Nostratia
2305 3768 2492 3838 itaque
2526 3767 2777 3822 rationali
2797 3769 3054 3825 methodo
3072 3780 3233 3841 atque
3253 3772 3431 3827 scien-

1842 3860 1916 3914 tia
1952 3859 2249 3925 noscimus,
2282 3859 2544 3925 dicentes,
2587 3874 2688 3915 nos
2719 3853 3051 3929 intelligendi
3083 3864 3135 3918 vi
3158 3873 3210 3919 et
3232 3877 3429 3933 opera-

1846 3953 2016 4017 tione,
2056 3953 2355 4006 secundum
2391 3954 2810 4009 convenientem
2839 3955 2956 4024 ejus
2980 3955 3119 4025 quod
3150 3956 3433 4027 cognosci-

1840 4054 1927 4096 tur
1952 4045 2363 4113 proportionem
2394 4044 2721 4113 intelligere,
2746 4054 2803 4101 et
2828 4049 3230 4115 quodammodo
3260 4049 3425 4104 rebus

1839 4133 1971 4204 ipsis
2002 4133 2252 4204 conjungi
2283 4144 2340 4187 et
2365 4134 2531 4188 uniri.
2566 4134 2734 4205 299
2762 4134 3232 4201 Quemadmodum
3278 4139 3425 4191 enim

1838 4224 1892 4279 in
1926 4238 2085 4279 sensu
2122 4225 2399 4291 usuvenit,
2433 4234 2491 4277 ut
2515 4235 2644 4279 tunc
2668 4226 2990 4291 sentiamus,
3012 4228 3229 4295 quando
3256 4229 3433 4283 sensi-

1837 4315 1930 4370 bili
1961 4331 2163 4370 sensus
2190 4316 2559 4385 conjungitur,
2588 4318 2667 4371 sic
2693 4319 2856 4371 etiam
2881 4319 2934 4372 in
2968 4319 3340 4376 intellectione
3368 4335 3429 4376 se

1838 4423 1928 4463 res
1961 4409 2167 4475 habet;
2210 4424 2333 4460 nam
2383 4408 2548 4463 etiam
2582 4409 2904 4478 intelligibili
2956 4411 3266 4467 intellectus
3305 4413 3426 4467 uni-

1841 4510 1954 4564 tur,
2014 4501 2230 4570 quando
2281 4500 2411 4554 illud
2466 4502 2841 4571 apprehendit.
2900 4503 2968 4557 Et
3030 4502 3147 4558 haec
3205 4504 3423 4573 quidem

1761 4575 1807 4634 Π
1832 4593 2012 4663 quoad
2046 4593 2184 4646 alia:
2213 4593 2390 4661 quoad
2423 4593 2590 4648 Deum
2622 4608 2775 4661 vero,
2804 4610 2927 4649 cum
2954 4596 3089 4650 nihil
3123 4595 3426 4654 habeamus

132 4691 245 4745 Deo
271 4690 448 4757 magis
472 4688 629 4742 aliine
650 4702 811 4757 quam
835 4697 1069 4743 mentem
1098 4704 1160 4742 ac
1185 4689 1476 4751 rationem,
1504 4701 1718 4740 rursum
1746 4700 1810 4739 ea
1834 4699 1952 4753 quae
1972 4685 2163 4739 harum
2193 4685 2477 4752 potissima
2503 4693 2631 4740 sunt
2654 4694 2711 4740 et
2730 4686 2886 4756 quasi
2908 4686 3088 4751 ﬂores,
3118 4688 3232 4743 base
3255 4686 3422 4741 etiam

131 4791 367 4852 purgata
400 4780 764 4849 accipiuntur,
786 4781 860 4833 ita
882 4788 1011 4833 utet
1036 4794 1189 4833 mens
1206 4780 1422 4848 quidem
1450 4775 1853 4846 quodammodo
1871 4783 2167 4844 cognoscat
2192 4814 2209 4838 ,
2229 4777 2369 4829 ratio
2388 4790 2518 4830 vero
2539 4776 2785 4831 enuntiet
2808 4792 2929 4845 quae
2953 4792 3116 4847 supra
3150 4793 3250 4832 nos
3274 4788 3420 4835 sunt.

203 4873 455 4929 Καθόλου
490 4872 779 4943 τοιγαροῦν
806 4872 868 4924 ού
902 4856 1197 4942 τολμητέον
1227 4870 1349 4924 οὕτε
1380 4871 1575 4931 εἰπεῖν,
1602 4867 1727 4921 οὔτε

136 4967 242 5038 μὴν
279 4962 529 5035 ἐννοῆσαί
562 4978 616 5015 τι
642 4964 769 5034 περὶ
795 4964 893 5034 τῆς
921 4964 1062 5034 ὑπὲρ
1092 4964 1271 5015 πᾶσαν
1318 4962 1506 5015 οὐσίαν
1535 4961 1727 5031 αἰσθη-

129 5060 231 5129 τήν
260 5075 322 5111 τε
352 5058 448 5109 καὶ
481 5054 673 5126 νοερὰν
712 5052 897 5125 οὔσης,
931 5056 1025 5108 καὶ
1056 5054 1295 5127 κρυφίας
1321 5057 1387 5125 τῇ
1415 5052 1572 5123 φύσει
1600 5051 1731 5106 Θεό-

130 5169 317 5222 τητος,
354 5149 507 5221 παρά
532 5149 602 5203 τὰ
625 5148 962 5219 ἐνδειχθέντα
1001 5152 1134 5220 ἡμῖν
1175 5151 1239 5201 ἐκ
1281 5149 1390 5200 τῶν
1426 5146 1586 5219 ἱερῶν
1628 5145 1725 5200 καὶ

132 5242 294 5296 θείων
336 5242 554 5311 λογίων,
588 5238 624 5293 ἃ
654 5241 716 5312 δὴ
751 5241 844 5294 καὶ
886 5241 1068 5305 ποσῶς
1095 5243 1123 5294 0
1148 5240 1415 5312 ἡμέτερος
1462 5238 1585 5302 νοῦς
1635 5239 1731 5291 καὶ

132 5332 289 5404 λόγος
337 5333 710 5405 ἐνασμενίςει·
764 5334 864 5404 τὴν
908 5332 1017 5404 γὰρ
1057 5332 1378 5404 ύπερούσιον
1414 5332 1724 5402 ἐπιστήμην

131 5427 229 5499 τῆς
256 5426 534 5495 ἀγνωσίας
574 5426 672 5497 τῆς
701 5424 841 5496 ὑπὲρ
868 5424 1043 5493 λόγον,
1077 5426 1171 5478 καὶ
1212 5424 1358 5487 νοῦν,
1396 5426 1490 5478 καὶ
1533 5423 1724 5476 οὐσίαν

134 5518 609 5591 ὒπερουσιότητος,
655 5518 791 5588 αὐτῇ
841 5516 977 5590 μόνῃ
1017 5516 1322 5570 ἀναθετέον.
1359 5516 1498 5587 Ὅρα
1540 5514 1595 5569 δὲ
1631 5516 1725 5569 καὶ

134 5613 446 5683 ἐπιστήμην
487 5609 781 5678 ἀγνωσίας,
813 5610 872 5661 ού
908 5609 1067 5679 μόνον
1114 5606 1400 5677 γνώσεως·
1439 5608 1513 5679 μὴ
1566 5607 1724 5678 μόνον

136 5705 240 5777 γὰρ
266 5704 326 5757 τὸ
357 5702 411 5755 τί
438 5704 555 5755 ἐστι
598 5700 729 5765 Θεὸς
767 5701 1146 5771 ἐπιστημόνως
1184 5699 1283 5753 οὐκ
1318 5697 1511 5769 ἔχομεν
1550 5696 1726 5768 (τοῦτο

1911 4866 2055 4922 Nihil
2090 4868 2255 4935 igitur
2284 4868 2513 4923 omnino
2539 4869 2972 4937 prmsumendum
3014 4870 3198 4925 dicere
3224 4870 3306 4925 vel
3332 4885 3426 4926 co-

1839 4961 2016 5031 gitare
2057 4962 2124 5016 de
2173 4976 2236 5015 ea
2287 4975 2409 5030 quae
2450 4976 2615 5031 supra
2675 4977 2892 5017 omnem
2938 4963 3261 5027 essentiam,
3312 4974 3421 5019 tam

1839 5053 2099 5109 sensilem
2143 5069 2310 5123 quam
2358 5053 2822 5118 intellectualem,
2862 5056 3029 5110 etiam
3080 5066 3276 5111 natura
3324 5073 3423 5112 sua

1839 5147 2025 5201 abdita
2064 5156 2172 5212 est,
2202 5145 2436 5210 Deitate,
2466 5159 2662 5213 praeter
2702 5147 2791 5200 illa
2822 5163 2943 5217 qua:
2978 5163 3044 5202 ex
3071 5150 3246 5204 sacris
3283 5149 3423 5203 divi-

1838 5238 2032 5307 nisque
2056 5237 2293 5293 oraculis
2318 5247 2443 5291 sunt
2471 5236 2845 5303 manifestata,
2869 5240 3071 5308 quibus
3093 5240 3257 5293 etiam
3280 5254 3421 5308 quo-

1828 5329 2120 5384 dammodo
2147 5344 2300 5382 mens
2326 5338 2511 5383 nostra
2560 5331 2807 5398 ratioque
2832 5330 3166 5394 delectatur;
3215 5344 3337 5383 nam
3363 5339 3420 5385 et

1827 5435 2135 5476 sermonem
2154 5429 2207 5474 et
2238 5420 2571 5474 intellectum
2596 5429 2651 5474 et
2673 5423 2971 5475 essentiam
2992 5422 3209 5475 excedit
3233 5436 3419 5488 super-

1827 5513 2243 5568 essentialitatis
2269 5512 2386 5579 ejus
2416 5514 2706 5583 ignoratio,
2737 5515 2823 5568 cui
2849 5514 2947 5569 soli
2977 5513 3419 5582 supercssentia-

1830 5604 1898 5660 lis
1958 5605 2189 5660 scientia
2255 5604 2543 5658 tribuenda
2597 5614 2703 5660 est.
2769 5604 3010 5661 Observa
3066 5616 3197 5657 vero
3252 5603 3417 5657 etiam

1831 5697 2114 5753 scicntiam
2135 5695 2517 5767 iguoratiouis,
2538 5704 2592 5750 et
2638 5711 2744 5753 non
2790 5704 3002 5751 tantum
3036 5692 3368 5761 cognitionis
3397 5708 3412 5750 :
