3876 6226
378 228 383 233 ’
493 253 594 311 stt

1670 253 1731 313 S.
1765 254 1975 313 DIONY
1984 253 2067 313 Sll
2103 256 2570 317 ΑεΕοΡΑειτΑι

3656 259 3776 317 619,

473 380 583 422 non
609 365 786 423 solum
819 365 966 423 enim
1004 380 1113 423 non
1148 365 1396 439 capimus
1433 366 1577 424 scite
1608 369 1741 439 quid
1787 369 1928 427 Deus
1986 371 2058 427 sit

2161 374 2271 445 γάρ
2314 376 2463 427 ἑστιν
2500 371 2805 444 ἀδύνατον),
2854 372 2992 427 ἀλλά
3042 374 3139 428 καὶ
3192 372 3256 426 τὺ
3306 373 3359 427 τί
3411 372 3514 427 ούκ
3572 372 3771 426 ἐστιν·

472 464 623 529 (nam
650 460 755 515 lioc
778 469 865 515 est
890 460 1277 532 impossibile),
1301 462 1396 515 sed
1442 462 1609 515 etiam
1635 462 1767 531 quid
1802 478 1907 517 non
1943 463 2052 529 sit;

470 552 675 607 scimus
703 562 881 607 tamen
905 550 1071 608 Deum
1097 568 1203 608 non
1226 568 1347 608 esse
1364 553 1567 623 aliquid
1587 568 1767 608 rerum
1790 555 2059 610 exsisten-

474 644 629 697 tium.
654 644 938 711 Quomodo
968 654 1149 699 autem
1177 654 1231 699 et
1256 660 1361 714 qua
1386 645 1456 700 de
1476 660 1642 701 causa
1670 661 1775 701 non
1806 649 2058 702 novimus

474 737 531 793 id
594 738 742 808 quod
797 749 1004 793 exactae
1059 739 1304 793 scientia:
1362 748 1448 793 est
1504 737 1556 792 in
1617 739 1776 793 rebus
1820 738 2057 795 nostris?

473 831 699 900 Quando
718 831 847 901 quid
868 840 950 885 est
976 832 1111 886 scite
1136 831 1409 897 novimus,
1442 841 1569 887 tunc
1594 831 1761 885 etiam
1789 831 1919 900 quid
1943 846 2056 887 non

474 935 560 980 est
598 925 734 980 scite
757 924 1028 980 novimus.
1055 926 1110 980 Si
1133 927 1277 979 enim
1304 939 1524 980 causam
1547 924 1754 980 scimus
1776 940 1877 979 cur
1898 925 2060 980 bomo

474 1020 551 1073 sit
598 1018 922 1083 rationalis,
962 1018 1106 1087 quod
1157 1018 1420 1073 nimirum
1464 1018 1670 1073 ratione
1719 1018 1906 1084 utitur,
1936 1030 2058 1071 cum

473 1112 576 1167 hoc
633 1111 704 1166 sit
728 1110 967 1165 medium
998 1118 1055 1166 et
1076 1126 1263 1176 causa,
1290 1126 1390 1180 per
1434 1110 1567 1166 illud
1612 1112 1788 1180 ipsum
1819 1111 2058 1165 medium

472 1205 720 1259 novimus
742 1203 905 1258 etiam
928 1218 1153 1258 causam
1178 1218 1278 1257 cur
1302 1204 1468 1258 homo
1498 1218 1603 1257 non
1647 1203 1720 1257 sit
1771 1202 2062 1257 irrationa-

472 1297 559 1354 lis.
592 1296 860 1365 Quoniam
886 1310 1017 1351 vero
1052 1296 1119 1351 de
1172 1296 1285 1352 Deo
1321 1296 1451 1365 quid
1495 1296 1568 1350 sit
1609 1294 1729 1351 dari
1776 1295 1927 1350 notio
1954 1310 2062 1350 non

470 1399 672 1460 potest,
697 1388 818 1458 ejus
860 1389 1029 1444 etiam
1054 1389 1185 1458 quid
1206 1404 1313 1443 non
1343 1387 1438 1453 sit,
1461 1389 1817 1459 iguorationis
1834 1386 2063 1444 scientia

471 1482 905 1553 supernaturalis
944 1483 1056 1537 Deo
1100 1495 1319 1550 quoque
1368 1481 1656 1536 tribuemla
1683 1490 1787 1539 est.
1823 1479 2058 1537 Tantum

471 1589 604 1645 ergo
647 1574 715 1629 ad
755 1574 1039 1645 superiora
1089 1572 1478 1641 suspiciamus,
1503 1582 1768 1642 quantum
1813 1590 1871 1629 se
1908 1574 2065 1631 nobis

473 1666 839 1721 insinuaverit
883 1680 1166 1721 sacrorum
1197 1665 1290 1722 ille
1330 1665 1517 1721 radius
1560 1666 1907 1721 oraculorum
1932 1669 2063 1737 (non

2155 466 2270 519 ἀλλ’
2299 465 2522 536 οἴδαμεν
2566 465 2648 518 ὅτι
2693 465 2747 517 τὶ
2786 463 2896 519 τῶν
2947 466 3117 519 όντων
3151 466 3253 519 οὐκ
3291 464 3405 517 ἑστι
3431 466 3587 529 Θεός.
3636 465 3777 530 Πῶς

2156 559 2235 621 δὲ,
2282 559 2378 611 καὶ
2422 557 2488 611 δι’
2531 557 2598 628 ἣν
2646 558 2825 612 αἰτίαν
2855 558 2956 611 ούκ
2994 557 3251 629 οἴδαμεν,
3297 558 3431 627 ὅπερ
3458 558 3560 628 τῆς
3598 558 3779 628 ἀκριο

2158 650 2287 717 ϐοῦς
2322 654 2467 705 ἑστιν
2520 653 2832 723 ἐπιστήμης
2873 652 2967 705 ἑπί
3020 650 3130 705 τῶν
3166 650 3288 703 καθ’
3316 652 3503 721 ἡμᾶς
3541 652 3681 703 Ὅτε
3714 651 3778 703 τὸ

2157 740 2211 798 τί
2236 749 2352 798 ἑστι
2406 742 2529 797 τόδε
2584 744 2805 816 οἴδαμεν
2854 744 3256 816 ἐπιστημόνως,
3298 743 3420 796 τότε
3463 744 3563 796 καὶ
3605 743 3678 795 τὸ
3722 742 3779 795 τί

2157 838 2259 892 οὐκ
2301 838 2448 892 ἔστιν
2495 839 2874 909 ἐπιστημόνως
2903 838 3140 909 οἴδαμεν.
3165 838 3228 889 Εἰ
3255 836 3365 907 γὰρ
3397 836 3624 907 οεδαμεν
3669 836 3777 907 την

2160 930 2337 987 αἰτίαν
2394 930 2489 984 τοῦ
2546 928 2684 985 εἶναι
2705 931 2796 985 τὸν
2834 930 3122 1003 ἄνθρωπον
3187 928 3426 997 λογικὸν,
3482 928 3567 981 ὅτι
3621 927 3777 997 λόγῳ

2161 1024 2359 1095 χρῆται
2384 1022 2565 1093 (τοῦτο
2592 1022 2701 1095 γάρ
2730 1024 2847 1076 ἑστι
2872 1022 2934 1075 τὸ
2964 1021 3133 1076 αἴτιον
3173 1020 3266 1075 καί
3289 1020 3351 1072 τὺ
3381 1018 3594 1090 μέσον),
3618 1020 3775 1073 om-

2164 1133 2263 1188 μεν
2286 1115 2384 1187 τὴν
2414 1116 2611 1179 αἰτίαν,
2639 1115 2733 1168 καὶ
2774 1113 2868 1167 τοῦ
2906 1114 2980 1185 μὴ
3008 1110 3145 1166 εἶναι
3180 1113 3271 1165 τὸν
3314 1112 3606 1183 άνθρωτων
3646 1111 3775 1164 ἄλο-

2162 1226 2257 1278 γον
2285 1208 2355 1261 δι’
2382 1207 2547 1261 αὑτοῦ
2577 1207 2767 1261 τούτου
2813 1205 2909 1261 τοῦ
2956 1206 3144 1278 μέσου.
3198 1204 3349 1258 Ἐπεὶ
3375 1204 3436 1258 δὲ
3480 1203 3582 1258 τοῦ
3626 1203 3770 1256 Θεοῦ

2162 1301 2259 1355 καὶ
2294 1302 2329 1374 ἡ
2368 1299 2570 1369 γνῶσις
2610 1299 2705 1353 τοῦ
2740 1298 2795 1352 τί
2833 1300 2982 1352 ἑστιν
3030 1296 3440 1361 ἀναπόδεικτος,
3480 1299 3580 1349 καὶ
3608 1299 3647 1368 ἠ
3669 1297 3773 1364 τῆς

2162 1391 2257 1446 τοῦ
2282 1393 2337 1447 τί
2368 1394 2471 1446 οὐκ
2513 1391 2661 1445 ἐστιν
2704 1390 3045 1460 ἀναγνωσίας
3096 1390 3373 1461 ἐπιστήμη
3411 1387 3771 1459 ὑπερούσιος,

2164 1485 2231 1555 ἢν
2258 1484 2321 1556 δὴ
2361 1484 2454 1538 καὶ
2490 1482 2781 1538 ἀναθετέον
2805 1482 2946 1553 Θεῷ.
2983 1480 3254 1535 Τοσοῦτον
3298 1481 3391 1533 ἑπὶ
3434 1480 3495 1533 τὸ
3535 1479 3772 1543 ἄναντες

2166 1575 2546 1639 ἀνανεύοντας,
2580 1576 2757 1647 ὅσονή
2787 1574 2897 1629 τῶν
2933 1572 3095 1646 ἱερῶν
3132 1573 3329 1643 λογίων
3355 1571 3515 1635 ἀκτὶς
3547 1570 3771 1623 ἑνδξδω-

2167 1683 2251 1720 σιν
2278 1666 2475 1738 ἑαυτὴν
2504 1666 2641 1737 πρὸς
2663 1667 2809 1737 ἡμᾶς
2842 1665 2986 1737 (οὐδὲ
3008 1664 3119 1736 γὰρ
3147 1665 3269 1718 ὅσον
3298 1663 3398 1727 ἔνι,
3431 1663 3493 1716 τὸ
3516 1662 3680 1715 Θεῖον
3708 1663 3771 1713 ἐκ

479 1759 624 1813 enim
654 1767 918 1828 quantum
947 1768 1150 1828 potest,
1182 1758 1277 1814 sed
1308 1768 1571 1828 quantum
1595 1760 1730 1814 satis
1760 1768 1863 1820 est.
1893 1761 2059 1815 Deum

2167 1756 2276 1810 τῶν
2338 1755 2570 1829 Γραφῶν
2619 1755 2997 1828 μανθάνομεν,
3050 1754 3164 1808 ἀλλ’
3212 1754 3337 1806 ὅσον
3392 1752 3628 1823 χωρεῖ),
3679 1752 3774 1803 καὶ

468 1848 883 1918 οκ.,8οι·ἰριιιι-ἰε
930 1850 1215 1916 discimus)
1282 1864 1392 1920 quo
1434 1851 1895 1906 eminentioribus
1940 1852 2059 1909 istis

2166 1847 2619 1918 συστελλομένους
2654 1847 2792 1919 πρὸς
2829 1847 2931 1912 τὰς
2970 1848 3277 1920 ὑπερτέρας
3316 1846 3490 1915 αὐγὰς
3527 1848 3601 1917 τῇ
3642 1845 3773 1915 περί

470 1956 656 1997 rerum
691 1942 999 1997 divinarum
1043 1942 1426 2013 splendoribus
1472 1943 1774 1998 sobrietate
1824 1946 2060 2013 quadam

471 2048 534 2088 ac
560 2033 868 2088 reverentia
918 2048 1417 2102 contemperamur.
1462 2033 1675 2088 Etenim
1713 2035 1757 2089 si
1804 2036 1934 2105 quid
1975 2050 2063 2090 sa-

469 2126 824 2197 pientissimus
852 2126 1035 2197 magni
1065 2125 1219 2179 Pauli
1262 2126 1551 2196 theologia“:
1584 2126 1917 2182 credendum
1956 2136 2059 2193 est,

469 2218 609 2287 (ipse
633 2219 778 2273 enim
816 2227 902 2273 est
947 2218 1039 2286 qui
1081 2217 1237 2282 dicit,
1271 2218 1571 2273 secundum
1611 2234 1920 2274 mensuram
1954 2220 2063 2273 vir-

472 2311 603 2366 tutis
636 2308 897 2379 cujusque
942 2325 973 2363 a
1015 2309 1126 2363 Deo
1163 2309 1355 2363 donari
1407 2308 1828 2365 illustrationem
1853 2312 1922 2381 δ)
1960 2311 2064 2367 hoc

470 2402 727 2470 dicimus,
769 2401 1025 2471 quoniam
1061 2416 1161 2470 pro
1207 2401 1547 2472 singularum
1589 2413 1750 2471 captu
1797 2402 2061 2457 mentium

470 2495 587 2550 sive
617 2495 1087 2559 humauarum,ut
1110 2507 1232 2563 quae
1255 2493 1491 2562 primum
1517 2491 1934 2548 illustratiouem
1966 2508 2063 2547 ac-

471 2588 683 2658 cipiant
704 2587 821 2641 sive
844 2585 1184 2655 angelorum,
1210 2601 1349 2655 quos
1372 2595 1585 2641 mentes
1610 2587 1884 2655 appellare
1901 2585 2062 2655 solet,

471 2688 529 2732 ut
553 2678 647 2747 qui
667 2677 886 2732 omnino
911 2676 1282 2731 essentialiter
1307 2690 1460 2730 meus
1484 2676 1776 2743 exsistant,
1800 2686 1855 2730 ct
1878 2675 2062 2731 omnia

472 2769 960 2842 intelligantaoo
982 2769 1131 2822 unite
1155 2783 1277 2837 quas
1315 2783 1346 2823 a
1388 2768 1500 2825 Deo
1537 2769 1589 2822 in
1624 2768 1773 2838 ipsos
1806 2768 2063 2823 continue

472 2860 811 2927 derivantur,
837 2874 933 2930 pro
958 2858 1238 2929 cujusque,
1274 2860 1517 2929 inquam,
1547 2869 1711 2930 captu
1747 2861 1928 2915 divina
1972 2875 2061 2915 re-

471 2952 758 3017 velantur;
788 2966 896 3005 uon
924 2950 1070 3020 quod
1098 2951 1244 3005 Deus
1288 2951 1357 3005 iis
1396 2951 1576 3005 lumen
1603 2950 1775 3021 majus
1802 2951 2060 3014 invideat,

473 3044 567 3098 sed
599 3052 658 3096 ut
681 3042 732 3096 in
761 3041 1150 3095 distributione
1200 3040 1395 3094 divinae
1424 3041 1761 3111 cognitionis
1798 3051 1853 3097 et
1895 3044 2062 3113 a-qui-

475 3144 639 3190 tatem
665 3144 866 3189 servet.
900 3132 1188 3202 Proprium
1224 3131 1500 3201 siquidem
1548 3131 1777 3201 justitiae
1809 3143 1914 3195 est,
1938 3134 2057 3188 cui-

471 3242 578 3299 que
601 3241 699 3297 pro
721 3226 920 3280 merito
950 3237 1260 3280 mensuram
1289 3226 1549 3279 tribuere.
1579 3226 1765 3294 Itaque
1795 3226 2060 3284 immensa

474 3320 693 3389 quidem
729 3324 814 3372 est
854 3316 948 3371 Dei
988 3317 1253 3386 cognitio,
1282 3315 1378 3370 sed
1412 3316 1688 3371 mensuris
1730 3317 1890 3371 nobis
1925 3332 2060 3387 opus

472 3419 578 3466 est.
626 3407 760 3463 Nam
806 3407 851 3462 si
907 3406 1117 3475 absque
1163 3422 1421 3463 mensura
1490 3408 1647 3463 nobis
1702 3410 2061 3478 revelaretur,

474 3503 698 3559 minime
729 3503 935 3556 servari
971 3515 1295 3569 possemus;
1329 3502 1474 3554 sicut
1506 3515 1682 3569 neque
1706 3502 1899 3557 oculus
1936 3518 2064 3557 cor-

473 3610 695 3666 poreus,
720 3595 763 3649 si
789 3603 961 3649 totum
995 3598 1166 3648 solem
1192 3593 1449 3663 excipiat.
1485 3594 1709 3647 Summa
1747 3593 1933 3664 itaque
1963 3593 2059 3649 Dei

473 3688 710 3752 bonitas,
746 3687 860 3741 sive
898 3684 1125 3753 iustitia:
1169 3684 1447 3750 decorem,
1472 3686 1591 3740 sive
1624 3701 1726 3741 nos
1770 3685 1915 3755 ipsos
1946 3700 2063 3740 scr-

474 3794 605 3833 vare
634 3778 843 3843 volens,
872 3778 950 3830 uti
979 3777 1147 3831 Deum
1173 3778 1334 3831 decet
1358 3778 1509 3847 (nam
1543 3777 1650 3830 Deo
1670 3776 1924 3831 convenit
1955 3776 2064 3831 sal-

477 3885 624 3934 vsre,
652 3876 707 3924 et
748 3882 854 3923 non
890 3866 1157 3930 invidere)
1187 3881 1217 3921 a
1257 3868 1421 3921 rebus
1455 3870 1786 3921 mensuratis
1818 3877 1874 3921 et
1913 3882 2062 3922 com-

475 3962 761 4033 prehensis
801 3976 954 4015 suam
1000 3960 1422 4015 immensitatem
1453 3999 1469 4026 ,
1523 3969 1709 4030 utpote
1756 3962 2059 4029 incompre-

476 4054 796 4110 hensibilem
822 4053 1097 4120 subducit,
1122 4054 1250 4107 dum
1276 4054 1474 4107 divina:
1496 4053 1823 4123 cognitionis
1851 4052 2059 4108 incom-

476 4150 1005 4223 prchensibilitatem
1036 4164 1135 4220 per
1178 4149 1598 4219 proportionem
1642 4150 1938 4218 quamdam
1965 4149 2062 4204 tri-

474 4244 611 4300 buit.
638 4241 795 4298 Sicut
819 4243 967 4297 enim
1000 4239 1469 4312 imperceptibiles
1496 4248 1625 4293 sunt
1659 4249 1717 4294 et
1763 4239 2062 4296 invisibiles

475 4334 641 4389 rebus
679 4331 956 4388 sensitivis
989 4330 1415 4395 intellectuales,
1443 4338 1501 4384 et
1540 4329 1686 4384 ﬁctis
1719 4331 2061 4400 compositis-

475 4438 580 4493 que
608 4424 891 4495 simplices
919 4434 975 4479 et
1005 4424 1403 4493 incompositae,
1440 4431 1494 4476 et
1532 4436 1632 4493 per
1658 4421 1859 4493 ﬁguras
1894 4421 2061 4478 eﬁ‘or-

476 4518 641 4572 matis
664 4518 990 4589 inﬁguratm,
1009 4519 1306 4572 secundum
1332 4516 1581 4571 eamdem
1609 4516 1873 4571 rationem
1899 4517 2059 4571 etiam

476 4624 569 4666 res
591 4609 788 4664 divinae.
814 4607 1394 4679 incomprehensibiles
1413 4607 1701 4663 exsistunt.
1722 4607 1778 4663 Si
1801 4610 1945 4663 eiiim
1974 4624 2063 4665 res

480 4702 758 4772 simplices
801 4712 858 4759 et
907 4701 1235 4771 inﬁguratae,
1280 4701 1408 4755 licet
1452 4700 1767 4755 substantia:
1814 4703 2058 4770 quaedam

2092 4450 2135 4506 D

2163 1941 2231 1994 τά
2278 1940 2395 1994 θεῖα
2426 1939 2752 2014 σωφροσύνῃ
2780 1941 2875 1994 καὶ
2917 1940 3191 2012 εὐλαϐείᾳ.
3240 1941 3350 1993 Καὶ
3389 1940 3499 2009 γάρ
3536 1941 3645 1992 εἴτι
3692 1940 3771 1992 δεῖ

2162 2032 2230 2101 τῇ
2261 2030 2522 2101 πανσόφῳ
2551 2029 2796 2102 θεολογίᾳ
2822 2030 2915 2084 τοῦ
2949 2032 3185 2102 μεγάλου
3226 2032 3441 2086 Παύλου
3478 2031 3773 2085 πείθεσθαι

2166 2124 2348 2195 (αὐτὸς
2372 2124 2481 2195 γάρ
2519 2126 2664 2177 ἑστιν
2712 2127 2742 2177 ό
2783 2124 2979 2193 λέγων,
3016 2127 3098 2179 ὅτι
3137 2126 3278 2179 κατὰ
3321 2126 3380 2179 τὸ
3418 2125 3626 2197 μέτρον
3674 2127 3772 2197 τῆς

2163 2215 2444 2287 δυνάμεως
2465 2216 2748 2288 ἑκάστουὴ
2773 2217 2926 2289 παρὰ
2946 2216 3080 2271 Θεοῦ
3117 2220 3428 2290 χορηγεῖται
3450 2217 3771 2289 ἔλλαμψις),

2162 2309 2320 2362 τοῦτο
2343 2308 2594 2379 λέγομεν,
2616 2309 2697 2362 ὅτι
2724 2309 2866 2363 κατά
2896 2309 3186 2379 ἀναλογίαν
3212 2311 3446 2364 ἑκάστου
3462 2311 3580 2364 τῶν
3607 2311 3768 2373 νοῶν,

2164 2400 2199 2472 ἢ
2226 2400 2334 2453 τῶν
2376 2400 2752 2472 ἀνθρωπίνων,
2785 2402 2861 2466 ὡς
2900 2401 3134 2474 πρώτως
3179 2403 3485 2473 δεχομένων
3526 2404 3633 2475 τὴν
3682 2404 3770 2457 έλ-

2165 2489 2392 2561 λαμψιν,
2428 2490 2461 2561 ἦ
2496 2490 2605 2571 τῶν
2645 2491 2914 2559 ἀγγέλων,
2957 2490 3048 2555 οὓς
3076 2491 3233 2545 εἴωθε
3275 2492 3402 2555 νόας
3450 2492 3768 2564 ὀνομάζειν,

2164 2582 2240 2645 ὼς
2266 2582 2327 2635 τὸ
2356 2584 2465 2636 πᾶν
2506 2582 2630 2647 νοῦς
2654 2584 2813 2648 ὄντας
2841 2584 3229 2655 ούσιωμένους,
3255 2586 3347 2638 καὶ
3374 2586 3559 2639 πάντα
3586 2586 3771 2641 νοοῦν-

2162 2692 2262 2739 τας
2294 2676 2508 2738 ἑνιαίως
2538 2675 2605 2728 τὰ
2634 2678 2698 2729 ἑκ
2726 2675 2861 2729 Θεοῦ
2890 2677 3081 2749 ῥέοντα
3111 2677 3395 2748 προσεχῶς
3424 2680 3503 2741 εἰς
3542 2679 3767 2744 αὐτοὺς,

2164 2766 2306 2821 κατά
2338 2766 2469 2836 γοῦν
2502 2767 2600 2837 τὴν
2624 2766 2914 2835 ἀναλογίαν
2956 2769 3186 2823 ἑκάστου
3215 2770 3668 2824 ἀνακαλύπτεται
3704 2772 3769 2825 τά

2165 2860 2315 2913 θεῖα·
2364 2859 2461 2930 οὐχ
2495 2860 2578 2912 ὅτι
2616 2858 2801 2927 φθονεῖ
2846 2861 2875 2912 ὁ
2912 2858 3044 2923 Θεὸς
3081 2859 3175 2914 τοῦ
3210 2861 3476 2927 πλείονος,
3508 2863 3657 2917 ἀλλὰ
3684 2864 3769 2917 διὰ

2162 2951 2225 3004 τὸ
2258 2952 2426 3004 σῶσαι
2455 2951 2554 3022 τὴν
2584 2953 2643 3004 ὲν
2687 2952 2753 3020 τῇ
2786 2952 3143 3021 ἑπιμετρήσει
3180 2953 3279 3020 τῆς
3316 2953 3659 3020 θεογνωσίας
3697 2954 3770 3007 δι-

2164 3043 2475 3114 καιοσύνην.
2504 3044 2859 3114 Δικαιοσύνης
2884 3044 2993 3115 γὰρ
3023 3044 3170 3107 ἴδιον,
3202 3045 3264 3097 τὸ
3285 3046 3425 3098 κατά
3452 3043 3621 3109 ἀξίαν
3652 3049 3768 3099 ἑπι-

2166 3138 2386 3207 μετρεῖν
2426 3135 2661 3206 ἑκάστῳ.
2711 3136 3010 3206 Τοιγαροῦν
3058 3137 3366 3207 ἀμέτρητος
3417 3140 3517 3207 μὲν
3563 3139 3599 3209 ή
3646 3138 3770 3209 περὶ

2161 3228 2296 3282 Θεοῦ
2323 3226 2549 3297 γνῶσις⁵
2584 3230 2745 3299 ἡμεῖς
2774 3227 2830 3279 δὲ
2864 3229 3077 3299 μέτρων
3105 3227 3356 3298 δεόμεθα.
3388 3228 3454 3280 Εἰ
3493 3228 3613 3299 γὰρ
3637 3230 3768 3299 ἀμέ-

2160 3337 2305 3391 τρως
2331 3322 2462 3391 ἡμῖν
2486 3318 2923 3383 ἀπεκαλύπτετο,
2954 3319 3055 3372 οὐκ
3082 3318 3147 3371 ἂν
3181 3318 3469 3389 ἐσώθημεν
3489 3336 3502 3349 ο
3540 3320 3625 3383 ὡς
3649 3321 3767 3373 οὐδὲ

2164 3411 2474 3483 σωματικὸς
2518 3410 2800 3481 ὀφθαλμὸς
2844 3410 2963 3463 ὅλον
3009 3410 3160 3481 ἥλιον
3197 3410 3503 3480 δεχόμενος.
3546 3412 3618 3464 Ἠ
3664 3412 3767 3464 τοί-

2161 3519 2257 3557 νυν
2285 3502 2551 3573 θεαρχικὴ
2585 3502 2859 3573 άγαθότης
2902 3500 3076 3554 σῶσαι
3130 3500 3511 3573 βουλομένη,ῆ
3562 3504 3630 3556 τὸ
3674 3504 3766 3573 τῆς

2160 3591 2507 3661 δικαιοσύνης
2536 3594 2719 3658 καλὸν,
2750 3592 2783 3663 ἢ
2806 3592 2902 3646 καὶ
2931 3594 3080 3663 ἡμᾶς
3104 3592 3322 3657 αὐτοὺς,
3350 3594 3764 3648 ἀποδιαστέλλει

2162 3686 2481 3758 θεοπρεπῶς
2512 3685 2742 3757 (πρέπον
2778 3684 2888 3755 γὰρ
2922 3684 2985 3737 τὸ
3027 3683 3242 3750 σώζειν,
3287 3685 3383 3740 καὶ
3426 3686 3501 3758 μὴ
3549 3688 3763 3757 φθονεῖν

2160 3777 2321 3848 Θεῷ),
2358 3778 2465 3830 ἀπὸ
2482 3777 2591 3829 τῶν
2616 3779 2673 3829 ἑν
2702 3775 2885 3847 μέτρῳ
2923 3775 3017 3828 καὶ
3040 3774 3305 3847 χωρητῶν
3340 3775 3437 3847 τὴν
3492 3777 3764 3851 ἀμετρίαν

2161 3868 2348 3933 αὑτοῦ,
2382 3869 2457 3933 ὡς
2499 3867 2803 3939 ἀχώρητον,
2848 3866 2908 3933 ἑξ
2954 3866 3245 3935 ἀναλογίας
3284 3865 3347 3920 τὸ
3374 3868 3763 3941 ἀκατάληπτον

2161 3964 2260 4034 τῆς
2292 3963 2419 4033 περί
2446 3961 2581 4014 Θεοῦ
2604 3959 2857 4029 γνώσεως
2886 3960 3121 4014 ἐνταῦθα
3147 3962 3499 4032 παρίσταται.
3546 3964 3640 4028 Ὡς
3660 3962 3762 4033 γὰρ

2162 4055 2379 4125 ἀληπτα
2408 4055 2522 4117 τοῖς
2558 4052 2834 4124 αἰσθητοῖς
2863 4052 2933 4106 τά
2961 4052 3149 4122 νοητά,
3177 4052 3273 4106 ιιια)⁸
3302 4055 3416 4116 τοῖς
3443 4054 3503 4107 ἑν
3542 4055 3760 4117 πλάσει,

2163 4149 2259 4202 καὶ
2292 4145 2557 4209 συνθέσει,
2588 4144 2683 4198 καὶ
2718 4145 2877 4215 τύπῳ
2906 4143 2975 4196 τά
3023 4143 3173 4197 ἁπλᾶ
3215 4144 3309 4197 καὶ
3351 4144 3643 4212 ἀτύπωτα,
3674 4145 3760 4199 καὶ

2161 4242 2273 4303 τοῖς
2298 4237 2439 4292 κατὰ
2468 4237 2722 4307 σχήματα
2748 4236 3221 4307 μεμορφωμένοις,
3248 4234 3315 4287 τά
3337 4236 3725 4307 ἀσχημάτιστα
3742 4254 3756 4266 ·

2162 4330 2305 4383 κατὰ
2334 4330 2426 4383 τὸν
2452 4329 2615 4381 αὑτὸν
2651 4326 2807 4396 λόγον
2832 4326 2925 4379 καὶ
2946 4326 3015 4380 τὰ
3046 4326 3167 4381 θεῖα
3197 4327 3564 4400 ἀκατάληπτα
3604 4332 3754 4384 εἰσιν.

2163 4419 2228 4471 Εἰ
2257 4416 2365 4487 γὰρ
2396 4415 2520 4469 οὗτε
2568 4415 2637 4469 τὰ
2684 4416 2833 4469 ἁπλᾶ
2874 4416 2970 4467 καὶ
3018 4415 3422 4487 ἀσχημάτιστα,
3452 4418 3562 4473 κᾶν
3588 4421 3756 4474 οὐσίαι

2162 4510 2306 4574 τινὲς
2332 4504 2453 4573 ὦσι,
2477 4511 2596 4572 ταῖς
2624 4508 2942 4579 αἰσθήσεσιν
2978 4509 3395 4575 ὑποπίπτουσιν,
3430 4512 3509 4575 ὡς
3536 4512 3753 4582 ἄγγελοι

2163 4603 2258 4656 καὶ
2302 4601 2490 4671 ψυχαὶ,
2538 4600 2689 4671 πόσῳ
2727 4600 2927 4671 μᾶλλον
2971 4602 3232 4674 ὑπερέχει
3274 4604 3302 4655 ὀ
3346 4602 3502 4668 Θεὸς,
3550 4607 3584 4658 ὁ
3623 4607 3753 4677 μήτε

2160 4692 2339 4759 ούσία,
2368 4691 2481 4744 ἀλλ’
2503 4691 2645 4761 ὑπὲρ
2670 4689 2883 4756 ούσίαν,
2913 4693 3007 4745 καὶ
3036 4692 3263 4765 ἄπειρος
3290 4694 3394 4746 ὢν·
3432 4696 3573 4766 μήτε
3603 4696 3749 4758 νοῦς.

480 4795 610 4857 sint,
671 4794 894 4848 minime
946 4795 1048 4849 sub
1106 4807 1330 4848 sensum
1391 4793 1629 4859 cadunt,
1678 4802 1738 4847 ut
1795 4794 1968 4864 angeli
2006 4802 2059 4849 et

2161 4786 2277 4840 ἀλλ’
2316 4786 2458 4857 ὑπὲρ
2482 4784 2606 4838 νοῦν
2651 4785 2877 4855 ἑνότης;
2919 4786 3146 4858 ἑνότητα
3183 4788 3240 4841 δὲ
3268 4787 3505 4854 ἀκούων,
3531 4791 3611 4862 μὴ
3644 4791 3750 4843 δια-

481 4886 923 4954 animae,quanto
965 4885 1139 4954 magis
1170 4884 1314 4939 Deus
1353 4883 1743 4955 supereminet,
1784 4885 1908 4954 quia
1948 4900 2057 4941 non

481 4975 809 5039 substantia,
834 4975 928 5030 sed
951 4989 1111 5043 supra
1144 4975 1505 5029 substantiam
1541 4984 1598 5030 et
1629 4974 1876 5031 inﬁnitus
1903 4979 2054 5032 exsi-

481 5067 610 5130 stit;
659 5080 834 5135 neque
876 5081 1029 5121 meus
1074 5074 1182 5132 est,
1217 5067 1310 5121 sed
1356 5082 1518 5135 supra
1562 5078 1797 5122 mentem
1836 5069 2056 5122 unitas?

483 5156 760 5214 Uuilatem
792 5174 922 5213 vero
952 5158 1199 5219 audiens,
1234 5174 1301 5211 ne
1332 5160 1453 5227 quis
1481 5160 1684 5229 cogitet
1715 5160 2050 5215 diversorqu

481 5252 846 5324 quorumdam
890 5250 958 5305 ad
1008 5249 1308 5305 unitionem
1352 5266 1712 5318 concursum;
1754 5269 1860 5307 non
1909 5254 2054 5308 enim

482 5344 552 5399 de
605 5345 803 5398 talibus
847 5343 1006 5397 modo
1050 5355 1228 5397 sermo
1274 5350 1380 5409 est,
1422 5343 1519 5398 sed
1565 5344 1632 5399 de
1687 5344 1796 5400 Deo
1830 5359 2055 5414 prorsus

484 5435 858 5507 incomposito.
921 5444 977 5492 et
1019 5448 1183 5505 supra
1211 5448 1297 5499 ea,
1350 5449 1471 5505 qua:
1528 5437 1690 5495 unius
1738 5438 2053 5494 substantiae

485 5538 632 5597 sunt,
657 5530 831 5585 unito.
865 5527 1002 5585 Nam
1033 5525 1164 5601 quid
1195 5541 1303 5584 uno
1335 5529 1506 5602 magis
1532 5530 1785 5604 simplex.
1808 5542 1864 5589 et
1892 5531 2051 5589 unius

558 5704 586 5746 II
612 5705 807 5775 Epiies.
835 5720 909 5773 ιν,
942 5704 996 5766 7.

2161 4877 2342 4952 φόρων
2380 4879 2541 4933 τινῶν
2587 4879 2725 4950 πρὸς
2761 4880 2957 4934 ἕνωσιν
3007 4883 3103 4934 καὶ
3155 4883 3459 4956 συνδρομὴν
3505 4886 3748 4956 νοησάτω

2156 4988 2273 5035 τις·
2312 4971 2373 5023 ού
2401 4972 2511 5044 γὰρ
2551 4973 2679 5042 περὶ
2706 4972 2963 5026 τοιούτων
3002 4973 3031 5027 ό
3074 4974 3230 5043 λόγος
3273 4976 3389 5041 νῦν,
3441 4978 3580 5031 ἀλλά
3628 4978 3745 5047 περὶ

2157 5060 2292 5114 Θεοῦ
2339 5062 2434 5115 τοῦ
2477 5061 2770 5115 ἀσυνθέτου
2803 5062 3002 5133 πάντη,
3056 5066 3152 5117 καὶ
3193 5066 3333 5137 ὑπὲρ
3361 5066 3428 5120 τά
3465 5068 3743 5139 μονοούςια

2154 5154 2454 5225 ήνωμένου.
2488 5154 2552 5207 Τί
2582 5154 2691 5226 γὰρ
2718 5156 2834 5220 ἑνὸς
2869 5156 3067 5226 μᾶλλον
3088 5158 3291 5212 ἁπλοῦν
3318 5177 3379 5213 τε
3416 5162 3513 5215 καὶ
3531 5160 3745 5231 μονοού-

2162 5263 2309 5311 σιον;
2356 5245 2492 5298 Ἀλλ’
2524 5244 2676 5316 ἠτοῦ
2721 5246 2857 5299 Θεοῦ
2907 5248 3094 5320 ἑνότης
3138 5250 3570 5324 ὑπεξῃρημένως
3613 5252 3741 5320 ὑπὲρ

2159 5343 2345 5397 τοῦτόν
2376 5345 2512 5407 ἐστι,
2550 5343 2643 5395 καί
2672 5342 2979 5417 ἀδιανόητόν
3004 5347 3121 5398 ἐστι
3150 5347 3347 5410 πάσαις
3387 5347 3661 5411 διανοίαις,
3686 5346 3739 5397 τὸ

2159 5435 2301 5507 ὑπὲρ
2315 5434 2550 5488 διάνοιαν
2570 5435 2748 5487 ἑκεῖσε
2774 5434 2852 5487 ἑν.
2890 5435 3339 5509 Ἐνταῦθαγάρὴ
3363 5438 3607 5509 ἡμετέρα
3633 5437 3741 5489 διά-

2158 5545 2277 5584 νοια
2299 5526 2705 5601 ποικιλλομένη,
2732 5529 2811 5594 εἰς
2840 5528 3142 5596 ἀποδείξεις
3164 5531 3257 5586 καί
3280 5549 3435 5597 τινας
3458 5530 3735 5606 προτάσεις
