1938 3113
43 169 45 171 ,
94 137 153 165 διδ

379 137 424 164 DE
441 136 570 165 DlVlNlS
587 136 789 170 NOMINIBUS,
808 136 886 164 CAP.
905 136 906 163 ἶ

960 152 980 156 -
996 135 1172 165 ΡΑΠΑΡΗῖὶ.
1192 135 1442 178 ΡΑΟΗΥΜΕΒᾹΞ...

1696 137 1749 165 6M

95 196 288 231 λαμϐάνουσα,
304 195 479 231 πληθύνεται.
503 196 568 223 Ὅτε
583 196 611 223 δὲ
624 197 657 223 ὲκ
669 196 771 223 τούτων
793 196 905 229 συνάξει

960 195 1118 223 substantiae
1141 195 1201 223 est?
1218 199 1312 223 tamen
1336 194 1386 223 Dei
1405 194 1497 223 unitas
1519 194 1753 230 supereminenter

94 243 130 269 ’τὸ
146 242 345 278 συμπέρασμα,
358 242 387 269 ἓν
401 251 428 269 τι
445 242 539 278 ἕτερον
553 242 608 269 τῶν
623 242 769 278 κειμένων,
785 243 903 278 συμϐαῖ-

95 298 145 315 νον
161 289 294 325 εὑρίσκει.
311 289 347 315 Τὸ
366 289 393 315 δὲ
417 289 487 324 ὑπὲρ
502 289 621 316 διάνοιαν
639 288 678 321 ἓν,
696 289 726 315 οὐ
744 289 863 315 τοιοῦτόν
876 298 903 316 τι

95 335 193 367 ἐστὶν,
220 334 278 360 ἀλλ’
304 334 462 369 ἀδιανόητον
493 335 540 361 καὶ
570 334 776 369 ἀσυλλόγιστον·
811 334 826 360 ὃ
859 334 906 361 καὶ

99 380 177 415 ὑπὲρ
203 380 282 414 λόγον
294 380 324 407 ὃν
345 379 457 414 ἀγαθὸν,
480 379 600 415 ἄῤῥητόν
619 381 677 407 ἐστι
716 380 788 416 λόγῳ
813 380 904 407 παντί.
927 392 930 395 ν

960 249 1041 277 supra
1056 241 1083 269 id
1101 242 1189 277 ipsum
1204 246 1260 275 est,
1284 246 1311 269 et
1331 241 1458 269 omnibus
1473 242 1612 269 mentibus
1628 243 1754 269 inconce-

959 287 1054 323 ptibile
1071 292 1113 315 est
1137 288 1204 315 illud
1231 295 1314 315 unum
1338 289 1411 323 quod
1434 289 1471 316 ibi
1493 292 1612 316 mentem
1630 292 1753 322 superat.

960 333 1011 361 Hic
1025 333 1097 361 enim
1109 334 1289 368 intelligentia
1306 339 1401 362 nostra
1415 335 1547 367 variatur,
1564 334 1626 361 dum
1640 334 1753 361 demon-

962 381 1112 408 strationes
1127 384 1154 408 et
1168 380 1372 416 propositiones
1388 380 1494 416 aliquas
1516 381 1664 416 excipiens,
1685 380 1754 407 mul-

97 427 252 462 tiplicatur.
277 426 395 459 Quando
424 430 515 454 autem
546 434 580 453 ex
610 427 652 454 his
675 427 780 461 colligit
805 426 1021 459 conclusionem,
1046 434 1081 453 ex
1104 426 1138 453 iis
1161 433 1223 460 quae
1249 426 1387 461 proposita
1418 431 1483 454 sunt
1510 427 1644 462 comperit
1667 434 1752 454 unum

96 474 230 509 quiddam
251 473 324 500 aliud
349 472 489 506 consequi.
515 470 582 498 illud
606 475 697 497 autem
718 478 801 497 unum
823 470 894 504 quod
912 478 993 505 supra
1008 474 1125 497 mentem
1142 474 1193 501 est,
1213 477 1267 497 non
1282 474 1325 498 est
1354 470 1408 498 tale
1434 471 1519 507 quid,
1549 472 1597 499 sed
1622 472 1753 499 inconce-

95 522 207 557 ptibile,
224 528 252 550 et
266 522 340 557 quod
354 519 529 549 ratiocinatio
545 527 599 547 non
613 519 722 555 attingit
735 528 742 546 :
755 519 856 555 quippe
879 521 952 554 quod
968 520 1069 547 bonum
1097 523 1152 552 est,
1171 521 1254 554 supra
1285 519 1432 551 rationem,
1461 518 1536 546 omni
1560 518 1644 546 etiam
1669 518 1754 546 verbo

98 567 242 595 ineﬂ'nbile
258 572 313 595 est.

86 625 91 651 η
136 615 239 641 Λοιπὸν
259 614 328 650 μετὰ
347 614 378 641 τὸ
400 613 500 647 ἐξελεῖν
524 614 634 640 πάντων
656 613 711 639 τῶν
730 613 759 639 ὲν
774 614 830 644 τοῖς
845 609 905 639 οὖσι

992 608 1129 636 Caeterum
1145 614 1206 634 cum
1221 613 1251 633 ea
1267 613 1328 642 qua;
1344 610 1408 634 sunt
1420 606 1479 639 Dei,
1494 613 1509 633 a
1527 606 1612 634 rebus
1625 608 1754 638 omnibus

96 661 134 688 τὰ
166 661 232 696 περὶ
256 660 335 692 Θεοῦ,
361 660 401 695 τῷ
427 661 520 696 μέτρῳ
545 659 594 695 τῆς
619 658 757 694 ἡμετέρας
778 657 906 693 γλώσσης

960 654 1153 682 Exsistentihus
1170 653 1296 688 excepit,
1314 653 1414 687 linguae.
1436 657 1538 680 nostra:
1557 654 1695 682 modulum
1710 663 1754 683 se-

99 706 259 733 ἀκολουθῶν
272 707 311 742 (οὐ
328 706 383 743 γὰρ
402 706 554 742 ὑπερϐῆναι
574 705 676 740 ταύτην
693 703 804 731 δυνατὸν
816 704 905 740 ἡμῖν),

960 708 1044 737 quens
1052 701 1152 736 (neque
1158 700 1230 728 enim
1240 700 1311 727 hunc
1317 700 1450 727 excedere
1461 700 1641 734 valemus),ex
1649 701 1682 729 iis
1688 702 1754 737 ipsis

98 753 132 785 ἐξ
152 752 243 779 αὐτῶν
257 751 362 786 δοξάζει
377 752 422 779 τὸν
435 752 511 783 Θεὸν,
532 751 562 784 ἐξ
582 750 619 777 ὧν
638 749 720 777 αὐτὸν
734 749 829 782 ἐξεῖλε.
853 749 906 776 Καὶ

960 748 1043 775 rebus
1060 755 1074 774 a
1092 747 1195 781 quibus
1208 746 1294 773 Deum
1310 746 1428 779 excepit,
1440 746 1527 781 ipsum
1547 746 1648 774 laudat.
1663 747 1698 775 Et
1715 748 1754 775 ait

100 799 186 826 ὲνάὂα
198 799 281 834 φησιν
292 799 375 825 αὑτὸν
386 819 393 830 ,
406 798 463 825 ἀλλ’
472 797 594 824 ἑνοποιὸν
602 797 712 832 ἁπάσης
724 796 817 827 ὲνάδος
827 815 834 827 ,
844 803 906 822 του-

961 794 1049 828 ipsum
1062 801 1123 821 esse
1135 793 1333 824 unitatem,sed
1344 791 1509 819 etl‘ectriceni
1521 792 1599 827 301
1617 795 1753 822 universae

101 845 181 872 τέστι
189 845 355 881 δημιουργὸν
365 844 419 871 τῶν
433 843 526 871 ἁπλῶν
539 843 648 875 οὐσιῶν,
656 842 789 877 ἀγγέλων,
798 841 903 877 ψυχῶν·

99 892 150 917 καὶ
165 890 240 923 νοῦν,
260 890 318 917 ἀλλ’
334 890 456 926 ἀνόητον,
480 890 541 917 ἀντὶ
562 890 609 916 τοῦ
634 888 671 925 μὴ
690 888 835 924 νοούμενον
852 887 905 914 ὑπό

99 946 177 971 τινος
192 937 249 964 νοῦ.
263 938 294 964 Εἰ
307 937 362 973 γὰρ
380 937 410 964 τὸ
430 937 523 973 ὅμοιον
535 936 588 963 ὑπὸ
604 936 651 963 τοῦ
665 935 758 971 ὁμοίου
774 934 906 969 γινώσκε-

99 993 158 1015 ται,
172 984 258 1019 ἐχρῆν
272 984 296 1010 εῑ
311 984 374 1016 νοῦς
396 982 441 1019 ῆν,
465 983 517 1010 ὑπὸ
530 983 585 1009 τῶν
602 982 670 1010 νοῶν
686 981 821 1009 νοεῖσθαι”
839 980 906 1008 ἀλλὰ

103 1031 154 1063 Τίς
169 1030 247 1064 ἔγνω
267 1029 344 1057 νοῦν
367 1030 498 1064 Kvplov;
515 1028 620 1056 Οὐκοῦν
645 1028 708 1060 νοῦς
732 1028 807 1054 ἐστιν
837 1027 906 1063 ὑπὲρ

99 1075 178 1107 νοῦν,
200 1076 248 1102 καὶ
262 1074 348 1110 ὄνομα
359 1075 389 1102 τὸ
403 1075 474 1111 ὑπὲρ
495 1075 550 1101 πᾶν
569 1074 663 1110 ὄνομα.
688 1073 744 1100 Καὶ
761 1072 795 1100 τὸ
813 1072 907 1107 ὄνομά

98 1131 173 1157 μου,
196 1121 288 1157 φησὶν,
310 1122 366 1149 οὐκ
386 1122 473 1149 εἷπον
496 1121 613 1154 αὐτοῖς·
637 1120 677 1147 διὸ
698 1121 747 1147 καὶ
766 1119 906 1155 ἀνώνυμός

104 1169 168 1195 ἐστι
194 1169 287 1195 πᾶσιν.
308 1168 371 1195 Ἐὰν
392 1168 421 1194 δὲ
442 1168 524 1205 λέγῃ·
554 1167 628 1203 Ἐγώ
646 1168 705 1202 εἶμι
721 1168 738 1194 ὁ
756 1167 807 1199 ὢν,
824 1166 907 1198 ἀξίως

101 1216 208 1241 νοεῖται
231 1215 347 1251 ἄναρχος
372 1214 421 1241 καὶ
440 1213 628 1249 ἀτελεύτητος,
651 1214 700 1241 καὶ
722 1214 760 1246 ὼς
787 1213 819 1240 ἂν
839 1212 907 1248 αὐτὴ

103 1261 173 1295 περὶ
191 1260 292 1295 ἑαυτῆς
316 1260 403 1287 εἴποι·
433 1260 501 1296 μόνῃ
520 1260 575 1296 γὰρ
597 1259 665 1295 αὐτῇ
679 1261 719 1295 ιτῇ
742 1259 855 1294 Θεότητι
874 1258 908 1285 τὰ

103 1306 169 1333 καθ’
181 1306 280 1342 ἑαυτὴν
292 1306 329 1338 ὡς
343 1306 399 1341 ἔχει
414 1306 521 1341 φύσεως
541 1306 684 1341 ἐπιστητὰ,
699 1306 746 1332 καὶ
767 1305 834 1341 μόνη
848 1305 908 1331 ὲπί-

104 1361 207 1380 σταται
220 1352 374 1388 ἐπιστητῶς
390 1353 437 1379 καὶ
452 1352 562 1388 κυρίως.
582 1352 688 1385 Οὐδεὶς
700 1352 754 1388 γὰρ
769 1351 908 1387 γινώσκει

104 1398 163 1426 τὸν
174 1399 301 1433 Πατέρα,
317 1400 343 1425 εὶ
356 1399 400 1433 μὴ
420 1400 436 1426 ό
456 1398 532 1431 Υἱός·
552 1399 600 1425 καὶ
618 1398 671 1425 τὸν
692 1398 776 1429 Υἱὸν,
790 1399 817 1425 εὶ
830 1397 873 1432 μὴ
892 1398 909 1425 ὁ

105 1445 222 1479 Πατήρ.
235 1444 272 1472 Τὸ
284 1444 349 1472 αὐτὸ
362 1445 482 1482 καὶπερὶ
495 1445 541 1471 τοῦ
554 1444 631 1479 ἁγίου
641 1445 812 1480 Πνεῦματος·
822 1445 909 1477 οὐδεὶς

958 841 1083 873 unitatis,
1096 841 1121 867 id
1131 844 1173 867 est
1184 843 1336 866 creatorem
1348 838 1512 873 simplicium
1524 840 1751 875 substantiarum,

958 892 986 914 ut
1003 886 1171 921 angelorum,
1182 885 1356 916 animarum;
1375 889 1402 911 et
1418 890 1549 917 mentem,
1568 886 1614 913 sed
1639 895 1692 914 non
1708 889 1752 916 in-

958 934 1124 965 tellectilem,
1145 933 1170 959 id
1185 938 1238 965 est,
1255 940 1315 968 qua!
1335 940 1350 960 a
1374 932 1447 959 nulla
1473 937 1564 960 mente
1581 933 1752 969 intelligitur.

958 982 988 1010 Si
1004 983 1076 1010 enim
1091 982 1181 1010 simile
1202 989 1216 1008 a
1231 981 1313 1008 simili
1335 981 1520 1016 cognoscitur,
1535 981 1556 1008 si
1573 989 1651 1009 mens
1669 989 1751 1017 esset,

958 1033 1098 1064 oporteret
1118 1033 1149 1055 ut
1164 1036 1179 1055 a
1195 1028 1332 1055 mentibus
1349 1032 1561 1062 cognosceretur
1575 1036 1581 1054 :
1598 1032 1625 1054 at
1639 1030 1697 1063 quis
1709 1038 1754 1056 co-

958 1076 1046 1111 gnovit
1070 1080 1183 1102 mentem
1210 1074 1318 1102 Domini
1340 1073 1374 1100 i'.'
1396 1073 1443 1101 Est
1468 1074 1550 1107 igitur
1571 1082 1648 1102 mens
1669 1083 1753 1109 supra

959 1127 1088 1153 mentem,
1107 1125 1135 1148 et
1151 1128 1251 1147 nomen
1270 1127 1353 1154 supra
1371 1127 1453 1147 omne
1471 1127 1581 1148 nomen.
1596 1119 1629 1146 EI
1646 1130 1752 1155 nomen,

959 1166 1059 1202 inquit,
1084 1172 1177 1193 meum
1189 1174 1241 1193 non
1262 1165 1434 1200 munifestavi
1461 1166 1498 1192 eis
1516 1166 1547 1200 IK;
1575 1168 1752 1201 quamobrem

958 1213 1085 1240 omnibus
1109 1217 1151 1240 est
1175 1212 1235 1239 sine
1259 1212 1381 1240 nomine.
1428 1211 1504 1245 Quod
1532 1213 1553 1240 si
1578 1213 1644 1241 dicit
1665 1223 1672 1241 :
1695 1214 1753 1250 Ego

958 1268 1017 1286 sum
1029 1257 1335 1294 quisum‘ﬁntelligitur
1350 1262 1381 1285 ut
1394 1260 1482 1290 decet,
1499 1266 1560 1286 esse
1575 1260 1679 1287 scilicet
1694 1261 1753 1289 sine

959 1306 1094 1341 principio
1111 1311 1138 1333 et
1155 1306 1216 1333 sine
1232 1305 1296 1336 line,
1309 1308 1335 1332 et
1347 1308 1377 1331 ut
1395 1305 1452 1339 ipsa
1469 1304 1602 1333 Divinitas
1616 1306 1649 1333 de
1664 1307 1754 1341 seipsa

960 1353 1046 1380 dicit:
1062 1352 1110 1380 soli
1125 1353 1196 1379 enim
1220 1352 1360 1380 Divinitati
1386 1352 1437 1386 ipsi
1459 1358 1511 1386 per
1534 1360 1563 1379 se
1582 1358 1678 1379 natura
1704 1361 1753 1381 sua

961 1404 1022 1426 nota
1039 1403 1091 1429 est.
1108 1403 1136 1426 ct
1153 1399 1209 1426 sola
1228 1406 1257 1426 se
1275 1399 1343 1425 scite
1366 1406 1398 1426 ac
1424 1398 1535 1433 proprie
1560 1399 1644 1426 novit.
1669 1398 1754 1426 Nemo

960 1444 1031 1470 enim
1050 1444 1120 1470 novit
1140 1442 1248 1470 Patrem
1274 1443 1325 1470 nisi
1346 1443 1446 1474 Filius,
1461 1448 1486 1470 et
1508 1442 1608 1470 Filium
1633 1444 1686 1470 nisi
1702 1443 1755 1470 Pa-

105 1492 163 1528 γέιρ
178 1490 233 1518 οἵδε
253 1492 288 1519 τὰ
307 1491 355 1518 τοῦ
370 1492 449 1525 Θεοῦ,
475 1492 498 1518 ει
522 1490 559 1527 μὴ
577 1490 606 1517 τὸ
629 1491 742 1526 Πνεῦμα
763 1490 793 1517 τὸ
811 1491 843 1517 ἐκ
861 1490 906 1517 τοῦ

961 1493 999 1515 ter
1013 1494 1044 1516 ιιι.
1062 1488 1135 1516 Idem
1150 1494 1192 1516 est
1209 1490 1242 1517 de
1266 1494 1362 1517 sancto
1378 1490 1498 1524 Spiritu;
1518 1497 1598 1517 nemo
1615 1490 1686 1517 enim
1706 1498 1755 1518 no-

105 1538 188 1565 Θεοῦ.

143 1585 158 1621 §
171 1584 206 1612 II.
221 1584 290 1621 Περὶ
306 1585 409 1622 ταύτης
421 1582 467 1612 οὖν
480 1583 531 1620 τῆς
545 1584 709 1619 ὑπερουσίου
720 1592 726 1599 ·
749 1584 765 1619 ἡ
788 1583 843 1619 γὰρ
862 1583 907 1610 οὑ-

106 1632 155 1659 σία
167 1631 278 1665 λέγεται
297 1631 373 1667 παρὰ
393 1631 423 1658 τὸ
442 1630 527 1658 εἶναι·
550 1631 580 1658 τὸ
598 1631 625 1658 δὲ
648 1629 718 1657 εἶναι
738 1629 907 1665 παραγωγῆς

103 1686 181 1708 τινος
194 1676 297 1703 ἔννοιαν
311 1677 483 1712 ὑπογράφει,
505 1676 555 1703 οὐκ
568 1675 600 1703 ἂν
617 1675 724 1709 λέγοιτο
743 1674 846 1710 κυρίως
863 1674 907 1700 οὑ-

107 1724 165 1754 σία,
180 1722 238 1750 ἀλλ’
253 1722 426 1758 ὑπερούσιος.
440 1724 509 1759 Περὶ
528 1722 631 1758 ταύτης
645 1720 690 1748 οὖν
712 1721 762 1756 τῆς
787 1719 906 1754 ὐπερου-

107 1771 168 1798 σίου
183 1771 231 1798 καὶ
244 1772 363 1806 κρυφίαις
376 1771 503 1808 θεότητος
514 1770 576 1798 οὔτε
587 1771 686 1802 εἰπεῖν,
703 1768 765 1796 οὔτε
779 1768 907 1804 ἐννοῆσαί

105 1825 133 1844 τι
146 1818 297 1854 τολμητέον
308 1817 385 1854 παρὰ
397 1818 433 1845 τὰ
446 1818 601 1854 δηλωθέντα
624 1818 656 1844 ὲκ
678 1817 732 1844 τῶν
745 1816 825 1843 θείων
839 1816 908 1851 Γρα-

108 1863 179 1898 φῶν.
196 1864 251 1890 Καὶ⁴
264 1864 318 1899 γὰρ
331 1864 369 1896 ὡς
382 1864 451 1900 αὑτὴ
465 1865 528 1900 περὶ
539 1864 640 1898 ἑαυτῆς
660 1864 689 1890 ἐν
710 1864 766 1895 τοῖς
784 1863 908 1897 Εὑαγγε-

108 1911 178 1942 λίοις
192 1909 350 1945 παρέδωκεν
366 1910 420 1945 (ὅτε
434 1912 448 1937 ὁ
460 1910 562 1946 Κύριος
584 1910 676 1944 ἔλεγεν
688 1918 694 1924 ·
718 1909 823 1942 Οὐδεὶς
846 1910 907 1937 οἶδε

109 1956 165 1982 τὸν
181 1956 300 1989 Πατέμῑ
315 1958 341 1983 εὶ
353 1956 392 1991 μὴ
405 1958 421 1983 ὁ
439 1957 506 1989 Υἱός
518 1965 524 1971 ·
539 1956 598 1988 καὶ,
613 1955 718 1988 Οὐδεὶς
730 1955 792 1982 οἵδε
806 1955 842 1982 τὰ
854 1956 907 1983 τοῦ

109 2000 188 2026 Θεοῦ
205 2001 231 2026 εὶ
250 1999 293 2034 μὴ
310 2000 343 2027 τὸ
362 2001 484 2035 Πνεῦμα
511 2000 544 2027 τὸ
561 2001 594 2027 ἐκ
610 2001 664 2028 τοῦ
689 2000 762 2028 Θεοῦ
775 2021 781 2033 ,
806 2001 907 2035 ἀγαθο-

109 2049 227 2084 πρεπῶς
250 2047 482 2086 ἀποφαινόμενος,
504 2050 675 2077 ἀναστέλλων
702 2050 750 2086 τὴν
769 2051 907 2086 ἡμετέραν

109 2094 269 2131 παράλογον
284 2095 397 2130 ἔρευναν
407 2095 428 2131 ),
473 2096 612 2132 ἐπιστήμη
625 2095 727 2132 ταύτης
749 2097 796 2122 καὶ
808 2093 908 2131 θεωρία

109 2139 212 2171 ἇϐατός
225 2141 282 2166 ἐστι
295 2140 361 2166 πᾶσι
370 2142 426 2173 τοῖς
438 2138 523 2173 οὖσιν,
533 2141 571 2173 ὼς
583 2141 652 2177 ὑπὲρ
663 2140 697 2168 τὰ
710 2141 797 2168 πάντα
811 2141 905 2177 οὔσης.

109 2186 168 2213 Καὶ
182 2185 296 2219 πολλοὺς
312 2186 366 2213 τῶν
380 2186 512 2221 θεολόγων
526 2187 656 2223 εὑρήσεις
668 2187 698 2214 οὐ
714 2188 793 2223 μόνον
804 2188 907 2224 ταύτην

109 2230 230 2266 ἀόρατον
244 2231 292 2257 καὶ
304 2231 489 2268 ἀπερίληπτον
513 2232 642 2266 λέγοντας
660 2232 749 2268 (τοῦτο
771 2233 826 2268 γάρ
848 2234 907 2260 ἐστι

109 2279 160 2305 καί
183 2276 267 2313 ὕμνος
280 2277 357 2309 Θεοῦ,
372 2278 416 2304 ὅτε
428 2278 621 2314 προσηκόντως
634 2288 676 2311 τις
696 2279 760 2315 περὶ
780 2278 848 2306 Ε)εοῦ
862 2279 907 2306 λέ-

109 2333 155 2359 γει
165 2344 172 2356 ,
188 2323 283 2360 ὥσπερ
296 2322 326 2350 τὸ
343 2324 464 2351 ἐναντίον
479 2324 639 2360 βλασφημία
649 2345 656 2357 ,
677 2325 721 2352 ὅτε
744 2324 780 2361 μὴ
803 2334 907 2361 προση-

108 2369 225 2405 κόντως)
237 2390 244 2401 ,
259 2369 327 2396 ἀλλὰ
338 2367 384 2396 καὶ
397 2370 607 2406 ἀνεξερεύνητον
627 2370 673 2398 καὶ
695 2370 906 2408 ἀνεξιχνίαστονδ

110 2417 153 2443 ὃτι
166 2415 270 2453 κρυφία
292 2416 308 2452 ὴ
329 2417 441 2453 ἀπειρία
456 2418 540 2453 αὐτῆς
562 2418 629 2445 ἐστι.
645 2418 700 2445 Καὶ
721 2419 758 2455 μὴ
780 2419 859 2455 μόνον
877 2419 907 2446 οὗ

109 2465 346 2500 περιλαμϐἁνεται
358 2465 403 2492 διὰ
414 2466 443 2492 τὸ
456 2465 568 2501 ἄπειρον
582 2464 684 2501 (τὸγὰρ
699 2466 908 2502 πεπερασμένον

109 2512 347 2548 περιλαμϐάνεται
368 2512 413 2547 ὑφ’
427 2509 456 2539 οὗ
478 2512 524 2538 καὶ
549 2513 736 2548 πεπέρασται·
759 2513 773 2538 ὁ
798 2512 865 2545 Θεὸς
876 2512 905 2539 δὲ

111 2559 245 2586 ἁπάντων
257 2558 338 2590 τόπος
351 2558 434 2589 ἐστὶν,
446 2559 476 2585 οὐ
492 2558 655 2594 σωματικῶς
665 2579 672 2591 ,
687 2558 755 2585 ἀλλὰ
776 2558 908 2595 δημιουρ-

110 2605 200 2640 γικῶς
209 2614 215 2619 ·
231 2604 276 2632 τὸν
290 2605 343 2641 γὰρ
356 2605 479 2641 οὐρανὸν,
494 2605 541 2631 καὶ
554 2605 602 2641 τὴν
615 2605 676 2640 γῆν,
698 2605 744 2631 καὶ
764 2605 799 2632 τὰ
819 2606 907 2633 πάντα

110 2650 195 2682 αὐτὸς
207 2650 328 2687 πληροῖ),
337 2650 405 2677 ἀλλὰ
416 2650 465 2677 καὶ
475 2650 551 2677 οὐδὲν
564 2650 636 2685 ἴχνος
651 2650 814 2686 ἐμφαίνεται
830 2651 906 2677 οὐδε-

110 2697 156 2729 νὸς
170 2696 225 2723 τῶν
236 2696 430 2732 διεληλυθότων
445 2695 492 2723 ἐπὶ
505 2695 609 2732 ταύτην
622 2696 672 2731 τὴν
687 2696 807 2732 κρυφίαν
826 2696 906 2723 ἀπει-

112 2743 186 2779 ρίαν.
202 2742 288 2769 Τοῦτο
305 2742 333 2769 δὲ
346 2742 430 2777 λέγει,
445 2742 495 2778 οὐχ
509 2742 550 2769 ὅτι
570 2742 676 2778 διῆλθον
700 2742 749 2778 μέν
766 2750 849 2775 τινες,
874 2742 904 2769 οὐ

152 2835 159 2854 i
175 2834 256 2861 Rom.
275 2842 313 2864 xi.
330 2833 375 2861 54.
415 2833 428 2853 ιι
442 2832 527 2860 Exod.
541 2841 578 2864 vr.
592 2834 619 2861 5.

111 2869 158 2898 27.
207 2871 242 2897 PI
261 2871 325 2898 Car.
347 2877 377 2898 ιι.
395 2870 438 2898 ιι;
452 2871 535 2898 Apoc.
554 2876 610 2898 xix.

660 2832 669 2852 ι
685 2833 769 2862 Exod.
784 2840 827 2867 ιιι,
845 2833 887 2863 14.

207 2871 242 2897 pl
261 2871 325 2898 Cor.
347 2877 377 2903 tt,
395 2870 438 2903 lt;
452 2871 535 2905 Apoc.
554 2876 610 2903 tux,
628 2869 670 2896 12.

963 1535 1001 1562 vit
1017 1542 1049 1562 ea
1063 1543 1123 1570 qum
1136 1540 1198 1562 sunt
1210 1535 1269 1571 Dei,
1288 1536 1339 1563 nisi
1364 1536 1483 1571 Spiritus
1500 1535 1547 1571 qui
1562 1543 1594 1563 ex
1608 1536 1664 1564 Deo
1675 1543 1717 1564 cst
1728 1540 1752 1565 π.

994 1581 1007 1618 §
1023 1582 1053 1609 ll.
1069 1583 1106 1609 De
1121 1583 1171 1610 hac
1184 1583 1268 1617 igitur
1279 1585 1520 1619 supercssentiali;
1543 1593 1606 1612 nam
1633 1586 1752 1613 essentia

959 1628 1060 1655 dicitur
1079 1628 1193 1662 abesse;
1215 1629 1302 1663 ipsum
1318 1634 1407 1657 autem
1423 1637 1495 1663 csse,
1518 1639 1578 1658 cum
1595 1631 1753 1665 productio-

959 1674 1002 1701 nis
1026 1674 1141 1707 alicujus
1161 1682 1270 1702 sensurn
1286 1676 1420 1708 insinuet,
1446 1685 1499 1705 non
1522 1678 1623 1705 dicitur
1644 1678 1755 1713 proprie

958 1722 1089 1753 essentia,
1107 1721 1155 1748 sed
1172 1723 1425 1756 superessentialis.
1444 1723 1482 1751 De
1494 1724 1545 1750 hac
1561 1724 1644 1759 igitur
1657 1732 1754 1759 super-

959 1766 1095 1793 essentiali
1111 1774 1143 1793 ac
1156 1767 1295 1795 recondita
1312 1768 1455 1796 divinitate
1468 1776 1519 1795 non
1537 1770 1756 1804 ptwsnmcndum

959 1814 1061 1847 dicere,
1080 1816 1127 1842 sed
1141 1823 1174 1842 ne
1190 1817 1312 1851 cogitare
1326 1817 1475 1852 quidquam
1487 1837 1495 1850 ,
1523 1822 1621 1852 prmter
1646 1825 1677 1845 ea
1693 1825 1753 1852 quae

959 1861 1046 1888 sacris
1069 1866 1133 1888 sunt
1148 1862 1265 1897 eloquiis
1283 1864 1436 1892 enuntiata.
1454 1864 1522 1891 Nam
1537 1869 1566 1891 ut
1582 1864 1640 1899 ipsa
1665 1864 1699 1892 de
1723 1872 1753 1892 se

960 1909 987 1936 in
1008 1908 1164 1943 Evangeliis
1179 1910 1420 1946 tradidit(qnando
1430 1911 1558 1938 Dominus
1571 1911 1656 1938 dixit:
1668 1910 1754 1938 Nemo

959 1955 1030 1981 novit
1045 1953 1156 1981 Patrem
1170 1956 1221 1982 nisi
1230 1954 1320 1982 Filius
1334 1958 1364 1988 °;
1380 1962 1425 1983 et:
1444 1954 1529 1983 Nemo
1542 1957 1679 1991 novitquw
1693 1961 1754 1983 sunt

959 2000 1020 2033 Dei,
1041 2001 1093 2028 nisi
1110 2001 1227 2035 Spiritus
1242 2002 1289 2037 qui
1303 2007 1341 2029 est
1358 2011 1391 2029 ea;
1406 2002 1462 2029 Deo
1476 2007 1507 2036 Ρ,
1535 2002 1652 2037 benigne
1680 2003 1753 2031 visus

959 2046 1089 2075 cohibere
1101 2052 1221 2075 nostram
1245 2054 1440 2083 prmposteram
1467 2048 1678 2084 scrutationem)
1694 2048 1753 2083 ejus

959 2092 1073 2120 scientia
1087 2099 1115 2121 et
1129 2093 1324 2129 contemplatio
1336 2094 1463 2121 omnibus
1473 2100 1515 2121 est
1531 2094 1671 2121 inaccessa
1686 2095 1753 2122 sub-

959 2139 1080 2173 stantiis,
1112 2144 1206 2175 utpote
1229 2139 1321 2167 omnia
1344 2140 1492 2167 excedens.
1518 2140 1617 2167 Multos
1642 2148 1752 2176 quoque

958 2184 1237 2220 tlteologosinvenias
1250 2185 1323 2212 illam
1352 2194 1404 2214 non
1420 2185 1500 2212 modo
1517 2186 1685 2214 invisibilem
1710 2186 1753 2213 in-

924 2226 946 2253 Ῑ)
960 2231 1290 2266 comprehensibilemque
1305 2231 1408 2259 dixisse
1434 2232 1504 2267 (hare
1522 2231 1594 2258 enim
1620 2231 1667 2259 Dei
1692 2230 1752 2259 laus

960 2282 1013 2309 ost,
1026 2278 1136 2312 quando
1152 2278 1213 2312 quis
1238 2278 1367 2304 decenter
1382 2278 1415 2304 de
1441 2278 1496 2304 Deo
1518 2277 1653 2312 loquitur;
1680 2277 1752 2305 sicut

961 2329 976 2351 e
988 2323 1097 2351 diverso
1113 2324 1293 2359 blasphemia,
1315 2325 1422 2359 quando
1438 2325 1498 2358 quis
1514 2322 1689 2360 indecenter)
1705 2332 1752 2351 ve-

960 2377 1020 2397 rum
1036 2371 1118 2398 etiam
1132 2371 1339 2398 inscrutahiletn
1356 2376 1384 2397 et
1399 2370 1665 2405 it‘iinvestigabilem:
1680 2378 1749 2405 quo-

961 2416 1034 2443 niam
1047 2425 1177 2444 arcanum
1192 2419 1262 2451 ejus,
1279 2419 1389 2451 estcjus
1405 2418 1535 2444 inﬁnitas.
1558 2417 1591 2444 Et
1609 2426 1661 2445 non
1688 2423 1750 2445 tan-

961 2467 1016 2489 tum
1034 2471 1088 2490 non
1107 2464 1348 2498 comprehenditur
1364 2470 1475 2498 propter
1489 2464 1649 2491 inﬁnitatem
1666 2464 1750 2500 (quod

961 2509 1033 2536 enim
1048 2509 1223 2536 terminatum
1240 2515 1293 2544 est,
1308 2511 1553 2545 comprehcmlilur
1570 2511 1603 2538 ab
1619 2519 1651 2537 eo
1667 2519 1681 2537 a
1695 2519 1750 2545 quo

960 2556 1142 2583 terminatur:
1156 2555 1227 2583 Deus
1238 2562 1328 2584 autem
1344 2562 1384 2584 est
1399 2559 1474 2584 locus
1485 2557 1606 2583 omnium
1619 2565 1671 2584 non
1688 2564 1750 2584 cor-

960 2601 1100 2635 poraliter,
1116 2602 1162 2629 sed
1186 2601 1326 2635 ctl'cctive;
1344 2611 1406 2629 nam
1422 2603 1520 2630 uelum
1547 2608 1574 2630 et
1601 2607 1700 2629 terram
1722 2607 1750 2630 et

959 2648 1050 2675 omnia
1066 2647 1124 2682 ipse
1138 2648 1253 2683 implet),
1270 2648 1391 2682 quinimo
1417 2648 1520 2675 nullum
1547 2653 1638 2675 exstat
1663 2648 1748 2675 vesti-

959 2694 1031 2728 gium
1044 2701 1139 2721 eorum
1154 2701 1214 2728 qua:
1226 2694 1260 2721 ad
1271 2694 1329 2728 ejus
1344 2695 1554 2722 secretissimam
1582 2694 1746 2721 inﬁnitatem

959 2741 1141 2775 penetrarint.
1158 2741 1214 2768 Hoc
1228 2744 1317 2768 autent
1335 2741 1412 2773 dicit,
1426 2743 1479 2767 non
1494 2740 1571 2775 quasi
1587 2740 1669 2775 aliqui
1683 2739 1747 2775 qui-

928 2838 948 2854 ιι
965 2834 1060 2861 Matth.
1078 2841 1116 2867 ιι,
1131 2834 1176 2869 Η,
1200 2833 1243 2862 t7.
1283 2833 1321 2862 nl
1341 2833 1404 2861 Cor.
1422 2841 1460 2865 ιι,
1477 2832 1518 2860 ιι.
1558 2835 1571 2849 ο
1590 2830 1686 2859 Matth.
1706 2838 1746 2864 xl,
