1938 3113
94 183 150 211 6ίῖ

385 180 430 208 DE
449 179 577 208 DIVINIS
594 176 795 209 ROLIINIBUS,
813 174 890 203 CAP.
909 174 930 203 1.
948 190 982 195 --
999 174 1174 203 PARAPHR.
1192 174 1428 203 PACHYMERA‘I.

1671 177 1725 206 6i8

91 242 142 269 τοῦ
154 240 288 272 θεοειδοῦς
300 239 492 275 παραφθορὰν
504 238 519 264 ὃ
531 237 586 273 γὰρ
600 237 687 272 φθορὰ
702 237 758 267 τοῖς
770 235 888 270 σώμασι,

944 234 996 261 cris
1008 233 1163 269 Evangeliis
1179 234 1233 261 ait:
1262 233 1320 269 Ego
1331 243 1389 261 sum
1415 236 1468 262 vita
1491 240 1514 262 el
1531 238 1686 264 resurrectio
1701 241 1724 263 ν.

93 286 174 313 τοῦτο
182 285 284 320 ψυχαῖς
296 285 313 319 ὴ
322 284 370 310 τοῦ
384 283 517 314 θεοειδοῦς
531 281 696 318 παραφθορά
706 289 712 295 ·
741 280 889 310 ἀνάστασις

92 333 150 359 τῶν
165 331 386 359 ἀποπιπτόντων.
401 331 461 357 Ἔτι
474 329 502 356 δὲ
513 329 568 356 τῶν
584 329 654 355 κατά
669 336 730 355 τινα
744 326 823 354 ἄλλον
846 326 891 352 λο-

93 378 196 414 γισμὸν
216 379 324 413 ἀνίερον
338 376 535 411 σαλευομένων,
551 374 621 401 ὥστε
636 373 700 409 παρ’
718 372 806 407 ὀλίγον
814 372 891 407 ὲκχυ-

94 425 176 461 θῆναι
191 424 226 451 τὰ
242 423 313 451 κατὰ
323 422 390 450 Θεὸν
404 422 571 457 διαὸήματα,
585 421 688 457 ἵδρυσις
702 419 772 455 ἱερὰ,
789 419 829 445 ὅτι
843 418 890 444 καὶ

93 472 108 497 ὸ
122 471 204 502 σάλος
218 471 325 507 ἀνίερος
335 477 342 485 ·
354 469 389 496 τὰ
404 469 431 495 δὲ
447 468 556 495 ἐναντία
569 468 623 494 τῶν
635 467 764 494 ἐναντίων
777 466 889 501 ἰάματα.

94 517 159 543 Ἐτι
169 516 224 543 τῶν
236 516 390 551 ἑστηκότων
400 514 534 550 ἀσφάλεια
544 523 550 529 ·
566 514 617 541 Ἐν
626 513 666 547 τῷ
675 512 735 545 Θεῷ
743 511 797 547 γὰρ
806 510 891 544 ποιή-

93 570 187 597 σομαι
200 562 340 597 δύναμιν,
357 562 438 596 φησὶν
453 561 467 587 ὁ
477 560 569 587 Δαυίδ.
581 560 636 586 Καὶ
649 558 703 585 τῶν
715 557 891 593 ἀναγομένων

93 609 141 635 διὰ
157 608 275 644 Θεωρίας
289 608 334 634 ἐπ’
354 608 439 643 αὐτὴν
455 606 639 642 χειραγωγία·
663 605 703 632 ἐτι
727 605 782 641 γὰρ
801 603 891 631 αὐτῶν

94 655 265 687 καλούντων,
282 655 357 691 ἐρεῖ·
387 654 453 680 Ἰδοὺ
468 653 593 689 πάρειμι.
608 653 663 679 Καὶ
678 652 747 688 μετὰ
757 651 807 687 τὴν
826 651 892 677 ἀνα-

91 702 190 737 γωγὴν
201 701 259 728 τῶν
276 699 469 736 φωτιζομένων
482 699 623 734 έλλαμψις.
638 699 686 725 καὶ
695 697 832 733 βαθμηδὸν
846 697 868 713 ⁸⁸
883 698 890 707 ”

91 747 151 774 τῶν
162 746 344 782 τελουμένων,
360 746 490 782 ἀρχὴτῆς
501 746 592 773 αὐτῶν
610 745 762 781 προκοπῆς,
775 744 822 771 καὶ
836 742 891 770 τῶν

92 792 252 828 θεουμένων
266 792 308 819 έτι
322 792 447 828 θεαρχῐα.
465 793 520 819 Καὶ
535 792 575 819 ἔτι
589 792 644 818 τῶν
663 791 718 818 ἀπὸ
739 791 788 826 τῆς
810 790 891 816 πολυ-

93 838 227 865 συνθέτου
243 837 309 874 ὕλης
320 838 540 873 ἀπογενομένων,
552 838 600 865 καὶ
618 837 795 872 ἁπλουμένων
809 836 891 863 ἁπλό-

91 892 157 919 της,
171 884 220 910 καὶ
241 884 296 910 τῶν
311 885 475 920 ένιζομένων
493 885 541 911 καὶ
559 884 590 910 τὸ
605 882 706 919 κυρίως
724 882 754 909 ἓν
769 883 890 910 καταλα-

942 279 1003 307 Vita
1018 287 1113 307 eorum
1139 281 1185 315 qui
1217 280 1338 308 divinam
1353 283 1499 316 imaginem
1515 282 1542 309 in
1555 291 1584 310 se
1601 284 1727 311 aboleve-

941 330 1020 358 runt;
1035 326 1106 360 quod
1121 327 1194 353 enim
1209 326 1336 354 interitus
1350 333 1392 354 est
1407 327 1577 361 corporibus,
1603 329 1654 356 hoc
1671 330 1730 356 ani-

942 371 994 399 mis
1004 371 1103 400 divina:
1115 372 1242 408 imaginis
1253 373 1381 407 abolitio;
1398 375 1563 402 resurrectio
1574 383 1667 403 eorttm
1682 378 1728 410 qui

942 418 1116 446 exciderunt.
1130 418 1171 446 Ad
1188 419 1245 446 haec
1259 427 1325 447 vero
1342 421 1450 455 impuro
1466 426 1541 449 motu
1561 424 1730 455 nutantium,

942 464 980 492 ita
999 470 1058 492 uta
1072 464 1119 492 Dei
1144 465 1268 500 vestigiis
1294 466 1455 502 semitisque
1483 468 1542 496 fere
1565 469 1731 504 exciderint,

942 517 1050 538 sacrum
1066 510 1283 543 ﬁrmamentum,
1301 512 1432 546 quoniam
1457 514 1566 542 nutatio
1581 515 1633 543 ista
1650 524 1731 551 pror-

942 565 988 585 sus
1005 557 1111 589 impura
1125 561 1185 590 est;
1202 558 1342 586 contraria
1358 563 1448 586 autem
1470 561 1615 589 contrariis
1633 569 1732 590 curan-

943 608 997 631 tur.
1012 604 1053 631 Ad
1070 604 1127 631 hanc
1142 605 1273 631 stantium
1290 606 1442 632 securitas:
1457 605 1492 633 1η
1507 606 1560 634 Deo
1580 608 1665 641 enim,
1689 609 1732 636 in-

941 650 1000 685 quit
1012 650 1108 683 David,
1123 650 1222 684 faciam
1234 651 1356 678 virtutem
1373 657 1397 678 ι.
1412 651 1445 679 Et
1460 652 1493 679 ad
1503 660 1533 681 se
1547 661 1595 688 per
1606 659 1731 682 conteru-

941 695 1091 730 plationem
1105 696 1274 723 tendentium
1287 697 1478 732 manuductio;
1490 707 1551 726 nam
1564 700 1629 735 ipsis
1641 702 1733 729 adhuc

941 742 1128 769 clamantibus
1143 742 1227 770 dicit:
1242 743 1314 771 Ecce
1332 744 1437 772 adsum.
1453 745 1488 773 Et
1513 751 1574 781 post
1590 747 1732 775 adductio-

943 796 1004 815 netn
1024 789 1241 816 illuminatorum
1263 789 1421 822 illustratio,
1450 795 1478 818 et
1504 791 1579 819 basis
1596 793 1732 827 perfecto-

942 842 1002 861 rttm
1017 841 1050 861 ac
1061 835 1224 869 principium
1234 835 1373 870 profectus
1382 844 1488 869 eorum,
1500 843 1530 865 et
1542 839 1730 867 dcilicatorum

942 881 1107 916 principium
1122 881 1284 909 divinitatis.
1304 883 1394 917 Atque
1420 884 1532 917 insuper
1559 892 1574 912 a
1596 887 1731 914 materiali

92 915 199 955 6d~rrmv
215 929 309 964 ἑνότης
319 938 325 944 '
340 915 431 966 τεάσης
441 930 527 966 ἀρχῆς
537 929 619 965 ἀρχὴ,
634 915 681 955 ita).
695 928 835 964 μετάδοσις
842 928 888 955 τοῦ

945 927 1147 962 multiplicitate
1160 928 1356 960 recedentium,
1370 936 1403 956 ac
1412 930 1648 965 simpliﬂcatorum
1662 934 1730 960 sim-

90 974 215 1010 κρυφίου
229 975 262 1001 δι’
274 975 440 1011 ἀγαθότητα,
453 974 510 1011 ζωὴ
523 975 577 1001 τῶν
596 974 705 1007 ζώντων
714 994 722 1006 ,
741 974 820 1001 οὐσία
835 974 890 1001 τῶν

91 1020 193 1051 ὄντων,
210 1021 281 1056 ἀρχὴ
296 1021 344 1048 καὶ
356 1021 430 1047 αἰτία
444 1020 500 1047 τῶν
512 1020 611 1047 οὐσιῶν
623 1039 631 1052 ,
645 1019 664 1046 ἃ
683 1019 715 1056 δὴ
736 1020 824 1047 πάντα
844 1020 892 1047 καὶ

92 1067 217 1102 παράγει
230 1067 278 1094 καὶ
298 1068 405 1103 συνέχει
424 1067 457 1094 δι’
472 1066 637 1102 ἀγαθότητα.

945 973 1064 1008 plicitas,
1079 977 1107 999 et
1119 973 1270 1005 unitorum,
1290 981 1322 1001 ac
1334 974 1443 1009 proprie
1451 976 1582 1003 unitatem
1596 978 1732 1012 recipien-

945 1019 1012 1046 tium
1026 1018 1136 1051 unitas;
1163 1019 1254 1046 omnis
1281 1019 1408 1055 principii
1436 1021 1620 1057 principium,
1649 1029 1733 1058 atque

946 1064 1031 1091 abditi
1049 1064 1122 1091 illius
1145 1072 1193 1099 per
1208 1064 1358 1093 bonitatem
1378 1068 1608 1101 communicatio;
1624 1070 1679 1097 vita
1692 1071 1733 1097 vi—

93 1114 232 1144 ventium.
247 1114 366 1141 essentia
381 1115 497 1147 eutiutn,
520 1114 685 1149 principium
708 1118 736 1142 et
760 1121 841 1141 causa
864 1113 980 1145 entium,
1002 1118 1114 1148 propter
1139 1113 1293 1141 bonitatem
1319 1120 1372 1148 qua
1400 1118 1429 1141 et
1452 1115 1581 1148 producit
1613 1120 1640 1143 et
1667 1124 1734 1144 con-

92 1165 191 1186 servat
208 1160 345 1188 universa.

130 1205 146 1241 §
167 1207 213 1233 IV.
233 1206 326 1234 Ταῦτα
339 1207 414 1244 παρὰ
424 1208 478 1235 τῶν
486 1209 567 1246 ἱερῶν
579 1209 695 1246 Γραφῶν
716 1209 890 1245 μεμυήμεθα.

93 1252 153 1278 Καὶ
167 1253 259 1280 πᾶσαν
272 1253 399 1289 εὑρήσεις
425 1254 588 1290 ὑμνολογίαν
611 1255 666 1282 τῶν
690 1255 822 1290 θεολόγων
842 1255 892 1287 τὰς

92 1296 166 1323 Θεοῦ
179 1298 330 1333 ὀνομασίας
342 1298 574 1331 διασκευάζουσαν
594 1299 662 1336 πρὸς
685 1300 735 1332 τὰς
756 1299 804 1327 τοῦ
823 1300 893 1327 Θεοῦ

92 1345 251 1380 ἐνεργείας,
265 1346 296 1372 οὺ
311 1345 379 1381 πρὸς
391 1346 440 1382 τὴν
452 1347 533 1381 φύσιν
553 1347 635 1376 αὑτοῦ
661 1348 702 1380 είς
727 1347 821 1383 ὕμνον,
845 1347 893 1374 καὶ

93 1391 280 1427 ὲκφαπορίαν
293 1392 383 1425 ποσῶς
395 1393 494 1420 αὐτοῦ*
510 1395 676 1430 ὲκφάντορες
694 1394 749 1431 γὰρ
767 1394 892 1430 λέγονται

91 1440 119 1466 οι
133 1438 192 1466 τῶν
207 1440 366 1476 μυστηρίων
376 1440 411 1468 τὰ
423 1440 530 1477 ἄρρητα
543 1441 714 1477 ωμῦολικῶς
733 1441 894 1477 ἀναφαίνον-

93 1493 152 1516 τες.
169 1485 252 1512 Ὅθεν
268 1486 315 1513 καὶ
337 1487 365 1513 ὲν
383 1487 503 1519 ἁπάσαις
524 1489 584 1519 ταῖς
604 1487 688 1519 θείαις
707 1488 828 1523 Γραφατς
848 1488 894 1515 τὸν

93 1531 165 1558 Θεὸν
177 1532 288 1567 ὁρῶμεν
308 1533 388 1568 ἱερῶς
410 1533 578 1569 ὑμνούμενον
597 1534 635 1566 ὡς
655 1534 756 1569 μονάδα
776 1534 826 1569 μὲν
845 1535 894 1562 καὶ

980 1209 1053 1246 διν.
1070 1209 1135 1237 Hac
1154 1217 1187 1237 ex
1217 1209 1367 1245 Scripturis
1396 1208 1496 1236 divinis
1519 1209 1675 1238 didicimus.
1700 1211 1734 1238 Et

945 1263 1054 1284 omnem
1071 1257 1191 1291 reperies
1207 1256 1396 1291 theologorum
1408 1256 1528 1289 laudem,
1557 1256 1604 1284 Dei
1621 1257 1732 1284 nomina

945 1303 979 1331 ad
994 1303 1100 1330 divinas
1114 1302 1290 1337 operationes
1306 1302 1422 1336 referre,
1436 1309 1489 1330 non
1504 1303 1538 1330 ad
1553 1303 1640 1338 ipsius
1654 1308 1734 1332 natu-

947 1357 1015 1381 ram,
1030 1348 1103 1383 quod
1118 1348 1146 1376 id
1161 1348 1235 1375 laudi
1249 1353 1279 1375 et
1299 1348 1526 1383 interpretationi
1550 1348 1610 1383 ejus
1631 1350 1735 1377 contiu-

946 1400 1007 1429 cat;
1026 1395 1189 1429 interpretes
1210 1395 1283 1422 enim
1298 1394 1437 1427 dictmtur,
1453 1395 1498 1430 qui
1516 1395 1664 1423 ineffabilia
1677 1404 1735 1432 my-

946 1441 1028 1469 steria
1040 1440 1190 1475 symbolice
1205 1445 1356 1474 exponunt.
1374 1440 1443 1467 llinc
1454 1440 1480 1467 in
1495 1441 1622 1469 omnibus
1647 1441 1734 1470 ferme

945 1486 1046 1514 divinis
1062 1485 1213 1521 Scripturis
1228 1478 1312 1514 Dbum
1328 1490 1422 1513 sancte
1440 1486 1623 1514 collaudatum
1640 1489 1734 1515 cerni-

946 1540 1018 1565 mus,
1036 1536 1066 1559 ut
1080 1533 1224 1561 monadem
1248 1532 1358 1566 quidem
1375 1537 1403 1559 et
1428 1533 1561 1560 unitatem
1574 1552 1583 1565 ,
1602 1534 1732 1568 quoniam

92 1577 189 1608 ἐνάδα,
204 1578 266 1604 ἐπεὶ
278 1579 295 1613 ἡ
309 1579 393 1614 μονὰς
407 1579 552 1612 ἀσύνθετός
567 1581 625 1607 ἐστι
637 1580 684 1607 καὶ
696 1580 803 1616 ἀμερής
814 1587 821 1595 ³
834 1582 850 1617 ἡ
865 1581 891 1607 δὲ

945 1587 1041 1607 mouas
1054 1579 1233 1614 incomposita
1248 1584 1290 1607 est
1301 1584 1329 1606 et
1340 1579 1492 1612 individua,
1522 1580 1615 1608 unitas
1641 1585 1732 1609 autem

92 1625 159 1657 ἑνὰς
172 1625 264 1651 ὲνιαία
275 1633 317 1656 τις
330 1626 378 1652 καὶ
388 1626 513 1662 ἡνωμένη
526 1627 573 1653 καὶ
584 1624 768 1663 ἐνοποιητικὴ,
783 1627 827 1653 ἵνα
841 1635 893 1653 πα-

92 1674 184 1708 ραστῇ
199 1672 216 1706 ὴ
227 1671 275 1698 τοῦ
288 1671 355 1698 Θεοῦ
369 1672 496 1708 ἁμέρεια.
509 1672 545 1700 Τὸ
561 1672 616 1709 γὰρ
629 1673 721 1707 ὔγκοις
742 1673 791 1700 καὶ
810 1674 891 1709 πηλι-

92 1720 194 1755 κότησι
206 1719 408 1755 διειλημμένον,
421 1719 501 1746 τοῦτο
513 1720 551 1752 ὡς
564 1720 611 1747 am
622 1721 670 1747 καὶ
685 1720 763 1756 σῶμα
785 1720 893 1757 μερίζε-

91 1774 156 1792 ται·
171 1765 205 1791 τὸ
214 1765 244 1792 δὲ
258 1765 370 1801 ἀμερὲς,
382 1766 429 1792 καὶ
439 1766 603 1802 ἀνέμφατον,
617 1766 685 1794 ἀλλὰ
697 1767 744 1794 καὶ
757 1766 828 1802 ὑπὲρ
841 1767 893 1793 πᾶ-

93 1812 147 1838 σαν
160 1812 238 1839 ἐστίν
253 1813 422 1848 ἀσωματῑαν.
440 1812 545 1845 ’Ἄλλως
555 1821 586 1839 τε
600 1812 694 1848 ἐπειδὴ
714 1812 865 1848 διανοηθεὶς
878 1813 892 1838 ὁ

92 1858 164 1890 Θεδς
178 1857 358 1893 βουλητικῶς,
374 1858 462 1885 πάντα
475 1858 640 1893 ὑπέστησεν,
653 1858 702 1893 οὐχ
712 1855 757 1885 οἷά
775 1867 818 1890 τις
830 1857 893 1889 νοῦς

92 1904 136 1936 εἰς
149 1904 261 1939 νοήσεις
273 1903 412 1939 μερισθεὶς
431 1903 668 1939 ὲπολυπλασιάσθη
681 1923 689 1935 ,
709 1902 778 1930 ἀλλὰ
799 1903 893 1939 μείνας

91 1949 142 1976 καὶ
152 1949 242 1984 μένων
256 1950 284 1975 ἐν
296 1949 328 1985 τῇ
347 1948 418 1976 mea
430 1949 541 1985 ἀμερῶς
553 1949 601 1976 καὶ
611 1949 793 1981 ἀσκεδάστως,
804 1949 893 1976 πάντα

89 1995 129 2022 τὰ
143 1996 173 2021 ὲν
184 1996 220 2030 τῇ
231 1994 318 2021 κτίσει
331 1996 378 2022 καὶ
395 1995 531 2031 ὑπέστησε
544 1996 591 2022 καὶ
604 1995 763 2031 ὑφίστησιν·
779 1995 831 2028 ἕως
839 1994 893 2031 γὰρ

90 2040 161 2074 ἄρτι
173 2039 335 2075 ἐργάζεται.
357 2041 566 2077 ’Υπερήπλωται
580 2039 636 2073 οὖν,
651 2042 741 2068 πᾶσαν
754 2041 893 2076 ἁπλότητα

89 2085 211 2121 ἀμερᾶκ
224 2085 382 2121 ὑπεραίρων
394 2094 400 2100 ·
415 2086 521 2113 ἐκεῖθεν
534 2086 562 2113 δὲ
575 2087 621 2113 καὶ
632 2087 699 2122 ἡμῖν
712 2087 728 2121 ἡ
745 2086 841 2118 ἓνωσις
852 2086 894 2121 γί-

90 2139 182 2158 νεται.
200 2130 263 2162 Πῶς
275 2131 303 2157 δὲ
317 2131 523 2167 ὲνοποιούμεθα,
536 2131 591 2158 τῶν
613 2132 748 2168 μεριστῶν
767 2132 894 2168 ἐτεροτή-

89 2185 159 2209 των,
174 2176 237 2203 καθ’
250 2177 282 2209 ἃς
294 2177 409 2209 ἕκαστος
422 2178 545 2213 διαφέρει
564 2178 690 2210 ἑκάστου,
718 2186 892 2213 συμπτυσσο-

91 2223 187 2260 μένων
202 2232 209 2255 ;
223 2224 284 2250 Μία
297 2224 352 2259 γὰρ
364 2224 476 2257 πίστις,
491 2223 539 2250 καὶ
561 2223 597 2251 ἓν
612 2224 787 2259 βάπτισμα,
806 2224 854 2250 καὶ
878 2225 893 2251 ὁ

943 1626 1047 1654 unitiva
1060 1630 1111 1658 est,
1126 1630 1154 1653 et
1166 1625 1253 1657 unita,
1270 1630 1298 1652 et
1313 1625 1428 1659 unitlca,
1444 1631 1473 1652 ut
1488 1631 1666 1661 repraesentet
1683 1627 1732 1655 Dei

944 1672 1173 1700 individuitatem.
1191 1671 1268 1705 Quod
1289 1673 1363 1698 enim
1386 1673 1457 1699 tnole
1482 1677 1510 1700 et
1533 1674 1734 1708 quantitatibus

944 1719 1107 1746 distinctum
1123 1723 1176 1750 est,
1193 1719 1243 1745 hoc
1259 1718 1347 1745 instar
1362 1719 1487 1753 corporis
1506 1720 1532 1746 in
1554 1724 1646 1754 partes
1661 1721 1733 1748 divi-

943 1764 1036 1797 ditur;
1054 1764 1126 1799 quod
1138 1769 1230 1791 autem
1245 1770 1324 1798 parte
1335 1769 1420 1796 caret,
1438 1764 1465 1791 id
1481 1764 1562 1792 etiam
1576 1773 1628 1792 non
1646 1773 1733 1800 appu-

944 1815 996 1844 ret,
1009 1810 1131 1844 quinimo
1140 1814 1183 1837 est
1198 1817 1279 1845 supra
1290 1817 1399 1837 omnem
1409 1810 1660 1844 iucorpm-eitatem.
1675 1812 1734 1839 Ca:-

945 1859 1033 1884 terutn
1050 1864 1112 1884 cum
1139 1856 1222 1884 etiam
1246 1856 1391 1891 cogitando
1421 1856 1494 1884 Deus
1515 1857 1654 1886 voluntate
1682 1866 1731 1885 sua

944 1903 1008 1930 fecit
1021 1907 1117 1930 cuncta
1131 1903 1291 1934 subsistere,
1318 1911 1371 1930 non
1389 1907 1518 1937 tanquam
1538 1911 1615 1931 meus
1642 1903 1732 1939 aliqua

944 1949 971 1976 itt
986 1949 1165 1983 cogitationes
1180 1949 1266 1976 divisa
1287 1948 1483 1982 multiplicatus
1508 1949 1579 1981 fuit,
1593 1950 1639 1977 sed
1656 1955 1733 1985 post-

944 2002 1025 2029 quam
1044 1994 1070 2021 in
1089 2002 1118 2022 se
1132 1995 1234 2022 mansit
1245 2002 1277 2022 ac
1292 1999 1382 2022 manet
1392 1995 1418 2022 in
1433 1994 1539 2022 unitate
1555 1995 1657 2030 absque
1670 2004 1733 2030 par-

944 2042 1040 2069 titione
1053 2046 1137 2076 atque
1150 2041 1296 2074 divisione,
1318 2047 1461 2068 creaturas
1481 2049 1577 2069 omnes
1593 2048 1621 2069 et
1651 2041 1733 2078 305

945 2088 1096 2115 subsistere
1126 2087 1210 2118 fecit,
1230 2092 1258 2114 et
1283 2091 1434 2119 sustentat;
1465 2095 1528 2114 nam
1550 2096 1631 2122 usque
1655 2090 1733 2115 modo

943 2138 1068 2167 operatur
1080 2132 1104 2160 ι.
1119 2133 1257 2168 Singulari
1280 2140 1346 2167 ergo
1363 2134 1444 2160 modo
1470 2133 1660 2168 simpliﬁcatus
1678 2139 1731 2165 est,

944 2180 1112 2214 quiomnem
1125 2179 1329 2214 simplicitatem
1354 2178 1493 2206 indivisim
1522 2179 1642 2212 excedit,
1669 2180 1732 2206 inde

944 2227 1017 2253 euitn
1034 2226 1112 2254 nobis
1126 2226 1189 2253 unio
1205 2225 1331 2260 obtingit.
1348 2225 1490 2258 Quomodo
1502 2230 1593 2252 autem
1610 2225 1730 2258 unimur,

88 2271 215 2307 Χριστὸς
227 2270 257 2296 οὐ
270 2271 434 2306 μεμέρισται
454 2271 525 2298 κατὰ
544 2271 589 2297 τὸν
611 2271 698 2307 μέγαν
718 2270 888 2298 Ἀπόστολον.

944 2280 1004 2299 cutn
1021 2272 1182 2307 partialibus
1196 2276 1354 2299 constetnus
1378 2271 1603 2303 diversitatibus,
1629 2279 1729 2299 secun-

90 2316 275 2352 Συνατόμεθα
286 2317 351 2350 γοῦν
364 2317 404 2349 εἰς
418 2317 523 2352 θεοειδῆ
537 2316 637 2352 μονάδα
647 2337 654 2349 ,
669 2316 750 2343 ἁπλοῖ
761 2316 807 2343 καὶ
823 2317 892 2352 ἀμε-

90 2364 151 2398 ρεῖς
166 2363 216 2389 καὶ
230 2363 321 2398 μεῖς,
339 2363 376 2395 ὼς
389 2364 403 2389 ὁ
414 2363 491 2395 Θεὸς,
506 2363 577 2389 κατὰ
589 2362 619 2389 τὺ
633 2362 774 2398 προσῆκον
782 2362 891 2398 γινόμε-

88 2417 144 2438 νοι,
156 2409 207 2435 καὶ
220 2410 261 2440 είς
274 2408 437 2445 θεομίμητον
448 2409 554 2441 ἕνωσιν,
563 2409 685 2436 τουτέστι
694 2409 740 2435 καὶ
751 2408 890 2435 ἑνοποιού-

89 2455 165 2489 μεθα
180 2456 229 2482 καὶ
243 2456 417 2491 ἐνοποιοῦμεν
427 2465 433 2471 ·
446 2456 525 2483 τοῦτο
535 2457 588 2492 γάρ
599 2457 656 2483 ἐστι
669 2456 700 2483 τὸ
714 2456 889 2492 θεομίμητον,

87 2501 154 2527 καθ’
169 2501 184 2527 ὃ
198 2502 245 2527 καὶ
263 2502 315 2528 υίοὶ
327 2502 394 2529 Θεοῦ
412 2502 556 2529 καλοῦνται
570 2503 595 2529 oi
609 2503 784 2539 είρηνοποιοὶ,
797 2503 838 2529 ὃτι
850 2511 892 2538 μι-

88 2547 293 2583 μοῦνταιθεόν.
311 2548 347 2575 Ἦ
359 2548 425 2583 γοῦν
436 2548 522 2580 οὕτως
530 2549 554 2575 οἱ
569 2548 660 2575 πολλοὶ
669 2549 702 2584 τῇ
712 2548 807 2584 εἰρήνῃ
816 2548 892 2575 ἑνού-

88 2593 176 2629 μεθα,
191 2593 210 2628 ἢ
223 2594 271 2620 καὶ
282 2595 297 2620 ὀ
308 2592 348 2626 εἷς
362 2595 423 2621 καθ’
435 2594 530 2621 ἑαυτὸν
544 2594 651 2621 ἑνοῦται
663 2595 887 2630 τοιουτοτρόπως.

93 2639 142 2671 Ὠς
155 2639 215 2675 γὰρ
228 2640 274 2665 ἐπὶ
286 2640 341 2667 τῶν
353 2640 556 2677 ὐπερκοσμίων,
581 2641 627 2667 καὶ
640 2639 719 2667 τοῦδε
730 2640 777 2666 τοῦ
790 2640 888 2676 ὁρατοῦ

84 2684 124 2711 τὰ
137 2683 288 2720 κατώτερα
301 2684 450 2721 ἔστραπται
462 2686 508 2712 ἐπὶ
519 2685 553 2712 τὰ
566 2685 752 2721 ὑπερκείμενα
764 2705 772 2718 ,
792 2685 840 2712 καὶ
858 2685 889 2711 τὸ

131 2769 142 2783 τ
159 2763 245 2791 Joan.
259 2772 301 2796 ιι,
317 2763 365 2792 25.
404 2769 415 2783 θ
434 2763 508 2791 Psal.
526 2771 582 2796 th,
598 2765 640 2792 l5.
682 2763 784 2792 'Joau.
800 2772 829 2796 ν,
845 2763 889 2791 ‘l'l.

943 2318 1006 2345 dutn
1015 2325 1085 2352 quas
1100 2317 1215 2351 quilibet
1225 2317 1259 2344 ab
1274 2316 1361 2344 altero
1372 2316 1480 2344 dilTert?
1493 2316 1546 2344 Sed
1558 2325 1609 2343 una
1619 2318 1696 2351 ﬁdes,
1708 2323 1731 2345 et

942 2372 1024 2391 unum
1036 2364 1164 2398 baptisma
1180 2369 1211 2395 ιι,
1226 2368 1254 2390 et
1269 2363 1394 2390 Christus
1410 2371 1462 2390 non
1487 2363 1630 2397 dividitur,
1650 2364 1728 2397 juxta

942 2416 1068 2443 magnum
1083 2408 1555 2443 Apostolum.Cettjuttgitnuritaquc
1568 2408 1594 2435 iu
1606 2408 1730 2436 dcil‘ormi

944 2454 1061 2487 unitate,
1078 2455 1127 2490 ipsi
1144 2461 1264 2489 quoque,
1296 2458 1376 2487 prout
1399 2455 1478 2481 decet
1494 2454 1582 2480 instar
1599 2454 1644 2481 Dei
1663 2455 1732 2481 sim-

943 2500 1028 2535 plices
1056 2505 1083 2527 et
1103 2500 1222 2534 partium
1249 2504 1377 2534 expertes
1391 2498 1491 2531 etl‘ecti,
1507 2504 1535 2526 et
1550 2500 1583 2526 ad
1601 2500 1729 2527 unionetn

944 2546 1027 2572 Deum
1039 2545 1191 2572 imitantem
1209 2545 1339 2576 revocati,
1359 2545 1384 2572 id
1396 2548 1437 2572 est
1450 2544 1613 2572 uuiiicamur
1627 2549 1653 2571 el
1669 2545 1731 2571 uni-

942 2590 1071 2623 iicamus;
1087 2591 1139 2618 hoc
1150 2591 1222 2617 enim
1238 2595 1282 2618 est
1300 2590 1384 2618 Deum
1411 2590 1530 2623 imitari,
1554 2590 1629 2624 juxta
1656 2590 1728 2624 quod

941 2638 1023 2664 etiam
1036 2637 1144 2671 paciﬁci
1154 2637 1203 2664 ﬁlii
1216 2637 1262 2665 Dci
1274 2637 1445 2672 appellantur
1455 2641 1486 2670 τ,
1502 2636 1630 2671 quoniam
1642 2636 1726 2662 Deum

941 2683 1095 2711 imitantur.
1108 2683 1201 2718 Itaque
1216 2683 1257 2710 vel
1277 2683 1355 2710 multi
1370 2683 1407 2710 ita
1421 2690 1469 2718 per
1489 2690 1585 2718 pacem
1605 2682 1727 2714 unituur,

928 2768 941 2782 '-'
954 2763 1053 2799 Ephes.
1072 2771 1109 2796 tv,
1127 2763 1153 2790 5.
1194 2767 1207 2782 τ
1220 2762 1314 2790 Matth.
1336 2770 1362 2794 ν,
1376 2761 1403 2789 9.

738 2841 855 2869 VABIIE
874 2839 1077 2869 LECTIONES.

125 2912 163 2931 η·
179 2912 290 2938 Βαοιιίε.

178 2910 290 2948 βαθμίς.

360 2960 494 2991 Ριτιιοι..
517 2961 575 2993 Gn.
600 2960 652 2993 lli.

1443 2957 1484 2987 20
