1938 3113
241 157 294 186 619

822 159 850 187 S.
869 159 1020 187 DlONYSll
1039 160 1270 189 AREOI‘AGiTE

1812 166 1868 194 εἴ)

242 217 284 242 vel
301 216 347 251 qui
366 216 391 243 in
409 223 438 243 se
458 223 528 243 unus
542 220 583 243 est
597 216 681 245 hocce
694 217 774 245 modo
797 218 901 246 unitur.
928 219 1019 253 Quem-

1080 221 1234 257 σωματικὸν
1251 222 1383 258 ἦδρασται
1398 222 1428 249 ἐν
1445 222 1484 258 τῷ
1498 223 1591 256 ζῶντι,
1602 222 1647 258 (ἐν
1661 223 1716 260 γὰρ
1738 223 1776 259 τῇ
1789 227 1866 260 χειρὶ

242 262 386 289 admodum
399 262 470 289 enim
487 262 512 289 in
526 262 803 297 snpramundialibus,
819 268 847 291 et
860 264 910 291 hoc
925 266 1027 292 mundo

241 311 285 345 qui
301 310 407 337 videtur
436 309 567 337 inferiora
593 317 723 338 conversa
749 314 812 338 sunt
823 311 856 338 ad
873 312 1025 345 superiora,

241 362 267 383 ct
285 364 328 382 res
350 363 480 390 corporea
504 357 554 382 sita
578 362 621 383 est
647 356 672 383 in
687 356 796 384 vivente
818 356 970 392 (siquidem
998 358 1026 384 in

240 410 321 428 manu
333 402 390 436 ejus
402 410 489 429 omnes
499 402 564 436 ﬁnes
577 406 653 429 terra:
668 406 697 435 ι,
715 402 769 430 imo
784 403 868 431 etiam
892 403 955 430 cmli
967 423 975 435 ,
998 403 1026 429 in

240 456 291 483 quo
310 448 393 480 enim,
414 448 516 482 inquit,
530 452 592 475 sunt
607 449 695 476 omnia
705 448 726 484 ).
743 449 782 477 sic
805 449 887 477 etiam
915 449 942 477 in
965 457 1026 485 pro-

241 494 330 529 posito
346 500 439 522 nostro
457 496 600 529 usuvenit;
616 503 678 523 nam
699 496 791 523 anima
808 497 980 524 convertitur
991 497 1025 524 ad

240 541 378 574 spiritum,
394 541 422 568 in
436 549 490 576 quo
505 549 601 569 sensus
613 549 645 570 ac
658 542 884 570 ratiocinationes
909 542 1026 571 fundan-

240 592 294 619 tur,
315 587 413 622 quibus
439 587 466 614 in
495 587 680 622 speculatione
706 588 827 616 rationes
847 589 1023 623 Indagamus;

239 634 302 669 quia
319 634 433 668 spiritus
447 634 523 661 novit
543 641 604 668 quae
633 634 689 661 sint
715 635 740 661 in
766 635 875 662 homine
887 640 912 662 r.
928 635 1024 662 Anima

239 679 321 714 igitur
329 680 362 707 ad
372 679 443 707 hunc
454 679 580 714 spiritum
590 686 733 713 conversa,
744 680 781 707 uti
794 684 820 708 et
830 680 863 707 ad
872 688 969 708 sensus
979 680 1024 715 qui

239 726 266 753 in
283 726 341 761 ipso
354 730 428 757 sunt.
444 730 471 753 et
483 733 530 760 per
542 733 589 753 eos
603 726 636 753 ad
653 733 763 762 corpus,
777 726 950 755 intellectiles
961 735 1026 763 ope-

240 772 360 800 rationes
375 772 478 799 divisas
493 771 574 799 habet
586 772 611 799 in
624 772 758 805 diversas.
773 777 801 800 et
813 772 1024 800 discriminatim

238 819 404 853 prodeuntes
420 825 435 845 a
463 818 559 853 primis
577 818 788 852 cogitationibus
812 819 846 845 ad
866 823 1024 854 sequentes,

238 865 295 892 sive
309 865 403 896 bonas,
420 864 478 892 sive
491 864 585 891 malas.
600 864 672 892 Dicit
684 872 760 900 ergo,
773 872 822 893 nos
837 865 863 892 in
880 865 963 893 Deum
982 866 1024 892 in-

1078 268 1171 295 αὑτοῦ
1184 268 1281 295 πάντα
1297 268 1333 295 τὰ
1342 268 1454 303 πέρατα
1466 269 1521 303 τῆς
1533 268 1600 304 γῆς,
1614 269 1681 296 ἀλλά
1693 271 1740 297 καὶ
1749 272 1774 297 οἱ
1787 273 1870 308 οὐρα-

1078 313 1126 339 νοί·
1134 313 1169 340 ἐν
1179 313 1202 346 ᾦ
1214 314 1278 349 γὰρ,
1286 314 1361 350 φησὶ,
1370 314 1406 341 τὰ
1415 313 1535 351 πάντα),
1548 315 1619 342 οὕτω
1631 316 1677 342 καὶ
1690 316 1737 342 ἐπὶ
1748 316 1796 343 τοῦ
1805 317 1868 344 καθ’

1076 360 1150 394 ἡμᾶς
1163 359 1236 395 ἔχει’
1252 361 1269 395 ἡ
1283 360 1336 396 γὰρ
1348 360 1420 396 ψυχὴ
1437 360 1589 396 έστραπται
1608 362 1674 397 πρὸς
1694 362 1724 388 τὸ
1745 362 1867 397 πνεῦμα,

1077 404 1106 430 ἐν
1118 400 1140 438 ᾦ
1151 405 1217 432 εἰσιν
1229 406 1462 443 ἀπεστηριγμέναι
1475 408 1502 434 αί
1516 407 1655 443 αἰσθήσεις
1667 408 1713 434 καὶ
1734 409 1758 434 οἱ
1772 407 1867 441 λογισ-

1078 451 1133 485 μοὶ,
1146 451 1179 477 δι’
1193 448 1230 479 ὧν
1241 452 1271 479 τὺ
1279 453 1308 478 ὲν
1321 452 1415 487 σκέψει
1427 452 1601 488 λογιζόμεθα,
1614 453 1682 488 ὅπερ
1694 453 1804 488 πνεῦμα
1811 451 1866 479 οἶδε

1076 497 1111 523 τὰ
1131 498 1159 523 ὲν
1179 497 1218 533 τῷ
1240 497 1385 534 ἀνθρώπῳ.
1418 498 1644 534 Ἐπεστραμμένη
1671 496 1717 525 οὖν
1742 499 1813 534 πρὸς
1836 498 1869 525 τὺ

1076 543 1184 579 πνεῦμα
1196 544 1213 579 ἡ
1226 543 1308 579 ψυχὴ,
1323 545 1369 571 καὶ
1382 544 1449 579 πρὸς
1460 544 1509 576 τὰς
1526 545 1554 571 ὲν
1568 544 1642 579 αὐτῷ
1655 544 1807 579 αἰσθήσεις,
1820 545 1868 571 καὶ

1075 588 1108 615 δι’
1121 589 1210 616 αὐτῶν
1224 590 1291 624 πρὸς
1302 590 1333 616 τὸ
1351 589 1446 625 σῶμα,
1466 590 1516 622 τὰς
1535 589 1631 625 νοεράς
1651 591 1791 625 ἐνεργείας
1809 590 1867 625 ἔχει

1078 634 1257 671 μεριξομένας
1270 636 1309 667 είς
1324 635 1495 671 ἑτερότητας,
1512 636 1559 662 καὶ
1579 635 1732 667 σκεδαστῶς
1753 636 1867 671 προϊού-

1076 689 1125 712 σας
1133 681 1187 707 ἀπὸ
1200 680 1310 717 πρώτης
1323 682 1442 717 νοήσεως
1455 682 1494 713 εἰς
1511 681 1639 717 δευτέρας
1649 701 1656 713 ,
1670 682 1687 717 ἢ
1706 682 1867 717 κρείττονας

1075 726 1220 762 ἢφαύλας.
1238 727 1322 763 Φησὶν
1333 725 1389 758 οὖν,
1416 728 1456 754 ὅτι
1481 727 1682 763 ἀνατεινάμενοι
1708 728 1778 763 πρὸς
1798 728 1866 754 Θεὸν

1075 772 1206 808 γινόμεθα.
1219 772 1271 799 ὑπὸ
1283 773 1334 808 τῆς
1347 772 1438 804 ὲνάδος
1451 773 1558 808 ἐκείνης
1571 772 1600 799 ἒν
1611 773 1722 808 ἀμερὲς,
1736 772 1793 799 τῶν
1815 781 1866 799 πο-

1075 818 1201 854 λυμερῶν
1215 817 1293 854 ἡμῶν
1309 819 1475 854 ἑτεροτήτων
1487 818 1519 844 ὲκ
1526 817 1573 844 τοῦ
1585 817 1738 853 σκεδασμοῦ
1746 818 1787 850 είς
1801 818 1868 852 σύμ»-

1075 864 1171 898 πτυξιν
1199 864 1399 900 ἀθροιζομένων
1412 885 1420 897 ,
1436 865 1483 891 καὶ
1496 864 1708 900 ὲνοποιουμένων
1727 864 1867 899 ὑπερκοσ-

238 911 374 939 tendendo
393 911 427 939 ab
442 911 546 939 unitate
572 911 614 938 illa
627 911 691 946 quid
722 919 803 938 unum
834 912 1019 939 indistinctum

1078 911 1157 946 μίως,
1172 911 1310 937 τουτέστιν
1334 911 1385 937 οὐκ
1399 910 1545 946 αἰσθητῶς,
1560 910 1627 937 ἀλλά
1639 910 1750 946 νοερῶς,
1764 911 1816 936 οὐκ
1825 910 1865 937 ἑτι

238 958 308 991 ﬁeri,
324 957 528 986 discriminibus
553 958 668 991 nostris,
697 965 757 993 qum
784 957 877 985 multis
901 958 1024 993 partibus

236 1004 412 1037 constabant,
429 1011 463 1031 ex
476 1003 609 1031 divisione
632 1003 658 1030 in
681 1003 897 1038 complexionem
910 1004 1022 1037 coactis,

232 1056 264 1079 et
277 1050 537 1086 supermundialiter
548 1050 695 1082 uniiicatis,
705 1049 732 1077 id
747 1054 790 1077 est
805 1057 857 1077 non
872 1050 963 1078 sensili
977 1050 1023 1078 sed

236 1096 416 1125 intellectuali
447 1097 539 1129 modo.
560 1104 622 1124 cum
641 1097 676 1124 ab
707 1103 802 1124 eorum
829 1095 1024 1131 conjunctione

236 1143 347 1170 minime
369 1143 576 1175 abltorreamus,
593 1142 640 1170 sed
661 1142 834 1170 uniformiter
853 1142 919 1178 quid
939 1150 1022 1169 unum

232 1187 325 1215 cll'ecti
344 1188 442 1221 simus,
457 1187 530 1215 sicut
547 1191 574 1214 et
589 1187 647 1222 ipse
667 1196 750 1216 unum
772 1192 828 1220 est,
846 1188 1023 1223 quemadmo-

236 1235 299 1261 dum
311 1234 343 1261 Δὶιι
355 1234 442 1261 sacris
455 1233 611 1269 Evangeliis
621 1238 737 1262 testatur
757 1238 779 1260 ι.
808 1233 915 1262 Rursus
931 1233 1023 1261 Triui-

236 1284 332 1312 tatem,
346 1283 440 1315 utpote
462 1279 488 1306 in
504 1279 591 1306 tribus
614 1280 738 1314 personis
765 1279 973 1313 subsistentem,
995 1284 1023 1306 et

234 1332 345 1362 propter
354 1326 654 1361 incomprehensibilem
664 1331 806 1362 paternam
817 1328 1020 1362 processionem

235 1373 369 1408 principio
393 1376 545 1405 carentem,
561 1372 594 1399 ad
610 1373 820 1407 productionem
836 1372 899 1400 Filii
917 1377 945 1401 et
960 1372 1021 1409 Spi-

235 1419 304 1446 ritus
317 1419 417 1451 sancti,
433 1426 466 1445 ea:
477 1426 531 1452 qua
541 1418 625 1445 omnis
638 1418 785 1452 paternitas
800 1419 827 1445 in
847 1418 921 1450 calo,
937 1419 964 1446 id
979 1423 1022 1446 est

233 1465 344 1492 ordines
360 1464 497 1496 caelestes,
512 1469 536 1491 et
560 1464 588 1491 in
604 1469 676 1491 terra
692 1470 723 1497 ι,
750 1464 856 1492 scilicet
883 1464 1021 1499 spiritales

233 1509 414 1544 cogitationes
429 1513 458 1536 et
482 1508 705 1543 complexiones,
725 1508 834 1544 Moyses
861 1509 934 1536 enim
966 1519 1020 1537 πα-

234 1555 313 1591 τριάς
330 1560 409 1582 vocat
423 1555 600 1590 cognationes
611 1562 658 1582 seu
677 1554 833 1587 aiﬁnitates,
847 1560 883 1582 est
899 1560 921 1582 ει
936 1556 1021 1583 nomi-

232 1606 323 1629 natur.
338 1600 372 1628 Ut
391 1608 481 1627 rerum
500 1607 621 1633 causam,
635 1600 765 1635 quoniam
780 1601 864 1628 etiam
878 1602 970 1629 omnia
985 1609 1019 1629 ex

232 1647 314 1674 Patre
329 1654 377 1682 per
390 1646 489 1674 Filium
507 1646 533 1673 in
559 1645 659 1681 Spiritu
677 1651 773 1674 sancto
791 1646 862 1674 facta
888 1651 962 1681 sunt,
992 1652 1020 1675 et

232 1692 379 1720 essentiam
395 1691 476 1727 305
496 1696 669 1726 acceperunt.
690 1700 745 1719 non
771 1698 883 1728 propter
898 1694 1020 1721 necessi-

232 1744 328 1770 tatem,
342 1738 388 1766 sed
399 1743 508 1773 propter
523 1737 685 1766 bonitatem.
702 1737 735 1765 Ut
747 1739 897 1773 sapientem
910 1747 1018 1774 quoque

232 1792 266 1812 ac
280 1784 434 1819 pulchram,
448 1783 576 1818 quoniam
594 1791 692 1811 omnes
712 1789 845 1812 creatura:
869 1784 915 1812 Dei
942 1785 1020 1813 bonas

230 1829 311 1856 valde
324 1828 403 1856 iactae
417 1833 492 1861 sunt.
507 1833 535 1856 et
561 1833 634 1856 sunt.
647 1828 704 1857 Nisi
721 1830 811 1864 itaque
831 1830 945 1858 Creator
961 1836 1020 1858 erat

230 1874 352 1909 sapiens,
364 1874 499 1909 quomodo
515 1873 594 1902 factas
607 1875 689 1902 sunt?
705 1880 732 1902 et
748 1875 800 1903 nisi
816 1880 876 1903 erat
892 1876 1019 1911 pulcher,

231 1919 366 1954 quomodo
391 1920 456 1954 ipsa;
477 1920 599 1955 pulchra:
632 1920 717 1948 sunt?
736 1921 762 1948 in
793 1925 897 1948 tantum
925 1927 1018 1950 autem

230 1965 351 2000 pulchra:
364 1969 438 1998 sunt,
460 1965 486 1992 in
503 1970 636 2001 quantum
662 1971 776 1994 manent
799 1967 827 1994 in
840 1968 959 1995 naturali
972 1976 1016 1996 or-

231 2011 330 2038 dinein
346 2018 401 2046 quo
413 2011 551 2046 producta:
567 2016 642 2040 sunt.
671 2011 815 2040 Perversio
837 2018 939 2045 autem,
958 2022 1018 2048 qum

230 2061 326 2084 contra
339 2061 464 2083 naturam
474 2062 526 2089 est,
539 2057 597 2084 sive
620 2057 645 2084 in
659 2057 775 2092 angelis.
790 2058 848 2086 sive
864 2059 890 2086 in
907 2059 1016 2092 animis,

230 2102 287 2129 sive
300 2102 327 2129 in
340 2102 546 2138 quibuscunque
555 2103 718 2137 corporibus
727 2104 854 2136 exsistat,
865 2104 1015 2139 pulchritu-

230 2149 320 2176 dinem
337 2148 464 2180 destruit,
478 2154 505 2176 et
517 2148 552 2175 ab
575 2148 626 2176 hac
653 2149 803 2177 deiicienda
822 2151 1016 2185 turpitudinem

228 2200 368 2229 operatur.
380 2194 517 2230 Singulari
541 2202 607 2222 vero
635 2202 727 2223 amore
752 2196 901 2223 humanum
930 2203 1016 2231 genus

230 2241 466 2276 complectentem,
482 2241 611 2275 quoniam
628 2240 656 2268 in
671 2242 787 2268 veritate
806 2249 858 2268 una
875 2241 1016 2269 Trinitatis

229 2294 345 2321 persona
361 2287 502 2313 incarnata
519 2290 573 2317 est.
592 2291 620 2313 et
641 2285 792 2320 perfectum
815 2286 952 2315 hominem
974 2295 1016 2315 as-

229 2331 346 2365 sumpsit
362 2330 430 2365 (boc
456 2331 528 2358 enim
545 2331 658 2358 denotat
683 2338 734 2358 vox
753 2332 868 2366 integre)
883 2332 1014 2367 nobisque

229 2385 258 2405 se
274 2378 497 2409 communicavit,
516 2385 648 2405 revocans
662 2378 695 2404 ad
715 2385 745 2405 se
774 2378 881 2412 sibique
894 2378 1014 2415 jungens

230 2424 377 2450 humanam
393 2423 621 2456 exinanilionem,
635 2431 668 2450 ex
684 2431 735 2457 qua
752 2423 870 2450 humana
890 2424 1015 2451 exinani-

224 2469 303 2496 Itione
320 2469 462 2496 divinitate
477 2469 592 2503 simplex
616 2469 695 2497 Jesus
720 2474 761 2497 est
781 2470 959 2504 compositus,
986 2474 1014 2498 et

229 2520 326 2541 natura
342 2514 440 2548 duplex
459 2515 584 2547 exstitit;
602 2522 633 2542 ac
649 2515 694 2549 qui
708 2520 826 2542 mternns
843 2521 884 2543 est
908 2521 1013 2551 tempo-

224 2560 315 2587 ralem
327 2560 444 2594 sumpsit
458 2560 655 2592 accessionem,
670 2560 775 2588 scilicet
795 2562 821 2588 in
849 2569 932 2589 carne
947 2570 1013 2590 con-

226 2606 427 2638 versationem;
440 2613 491 2633 nec
511 2613 564 2633 non
588 2606 614 2632 in
630 2613 725 2633 natura
740 2611 830 2633 nostra
849 2607 954 2634 exstitit
969 2614 1013 2635 se-

229 2652 350 2686 cundum
362 2651 522 2688 hypostasin
542 2651 592 2686 ipsi
609 2652 711 2685 unitus,
732 2652 777 2686 qui
793 2652 949 2679 universum
964 2660 1012 2679 na-

229 2704 296 2725 tura;
307 2698 431 2726 ordinem
443 2698 589 2725 divinitate
604 2698 785 2730 transcendit,
804 2698 1013 2725 immutabiliter

227 2743 591 2771 etinconfuseincarnatus.
616 2743 649 2770 Et
670 2751 847 2778 quascunque
874 2743 941 2771 alias
962 2745 1011 2771 do-

222 2789 332 2828 ‘ctrinas
349 2788 497 2824 Scripturis
513 2796 635 2817 consone
646 2809 654 2822 ,
680 2794 877 2824 prmceptorum
907 2794 1011 2817 nostro-

266 2862 279 2876 ²
295 2856 365 2884 Psal.
382 2865 454 2889 χειν,
470 2858 495 2884 ὃ.
533 2861 547 2882 1
561 2857 569 2885 1
585 2857 648 2887 Cor.
660 2866 689 2890 tt,
705 2857 746 2885 ii.

1074 957 1240 992 ἀσυμϐάτων
1251 956 1335 984 ὄντων
1349 956 1426 992 ἡμῶν
1440 956 1507 993 πρὸς
1521 957 1644 989 ἑαυτοὺς,
1665 956 1733 983 ἀλλά
1751 957 1865 991 γινομέ-

1075 1012 1128 1029 νων
1140 1003 1169 1029 ἒν
1179 1002 1313 1035 ένοειδῶς,
1328 1003 1366 1035 ὡς
1379 1003 1425 1029 καὶ
1437 1002 1518 1034 αὐτὸς
1531 1003 1561 1029 ἓν
1574 1003 1663 1035 ἐστιν,
1680 1003 1718 1035 ὥς
1739 1011 1822 1038 φησιν
1835 1002 1866 1028 ὲν

1073 1050 1130 1080 τοῖς
1145 1050 1227 1084 ίεροῖς
1246 1049 1431 1083 Εὑαγγελιοις.
1446 1046 1529 1076 Πάλιν
1541 1049 1644 1085 Τριάδα
1655 1069 1663 1081 ,
1677 1049 1715 1081 ὼς
1734 1049 1866 1084 τρισυπό-

1074 1103 1181 1127 στατον,
1196 1095 1243 1121 καὶ
1255 1094 1299 1121 διά
1316 1094 1365 1130 τὴν
1385 1094 1520 1131 πατρικὴν
1540 1095 1611 1131 ὑπὲρ
1622 1095 1724 1122 ἔννοιαν
1745 1095 1865 1130 ἄναρχον

1073 1141 1195 1177 πρόοδον,
1208 1142 1248 1174 είς
1256 1141 1384 1176 ἒκφανσιν
1395 1141 1442 1169 τοῦ
1451 1141 1515 1168 Υίοῠ
1526 1142 1628 1169 καὶτοῦ
1641 1142 1719 1176 ἀγίου
1733 1142 1863 1178 Πνεῦμα-

1072 1196 1128 1220 τος,
1139 1187 1173 1220 ἐξ
1185 1186 1223 1221 ἧς
1234 1187 1317 1215 πᾶσα
1332 1188 1439 1222 πατριὰ
1451 1188 1485 1215 ἐν
1496 1187 1630 1223 οὐρανῷ(
1640 1188 1759 1223 δηλονότι
1771 1188 1808 1215 τὰ
1819 1189 1866 1215 οὐ·

1074 1233 1154 1269 ράνια
1165 1233 1313 1269 τάγματα),
1326 1234 1375 1260 καὶ
1384 1233 1434 1260 ἐπὶ
1446 1233 1502 1269 γῆς
1513 1233 1653 1269 (δηλονότι
1667 1235 1693 1260 at
1715 1242 1865 1269 πνευματι-

1073 1278 1120 1305 καὶ
1133 1278 1289 1313 συγγένειαι
1311 1279 1358 1305 καὶ
1381 1278 1571 1314 ἀλληλουχίαι,
1598 1278 1715 1314 πατριὰς
1733 1279 1788 1314 γὰρ
1811 1280 1863 1311 τὰς

1073 1324 1231 1359 συγγενείας
1241 1325 1321 1358 φησὶν
1329 1326 1343 1352 ό
1354 1325 1484 1361 Μωῦσῆς)
1492 1326 1558 1353 ἐστι
1572 1334 1604 1352 τε
1616 1325 1665 1352 καὶ
1679 1325 1862 1360 ὀνομάζεται.

1078 1370 1122 1403 Ὧς
1134 1370 1221 1397 αίτίαν
1234 1377 1263 1398 σε
1274 1379 1328 1398 των
1340 1371 1434 1404 όντων,
1442 1371 1483 1398 ὅτι
1496 1371 1543 1398 καὶ
1555 1372 1644 1399 πάντα
1655 1373 1687 1399 ὲκ
1702 1372 1809 1407 Πατρδς
1818 1371 1866 1398 διὰ

1071 1415 1119 1442 τοῦ
1134 1415 1198 1443 Υίοῦ
1212 1417 1240 1443 ὲν
1252 1416 1322 1452 ἁγίῳ
1333 1417 1507 1451 ἐγεγόνεισαν
1529 1417 1668 1453 Πνεύματι
1678 1437 1685 1450 ,
1705 1418 1865 1452 οὺσιοποιη-

1072 1461 1162 1495 θέντα,
1177 1462 1207 1489 οὺ
1226 1462 1270 1489 διὰ
1283 1463 1388 1498 χρείαν,
1407 1463 1464 1489 ἀλλ’
1478 1463 1641 1498 ἀγαθότητα.
1663 1463 1750 1498 Σοφὴν
1762 1463 1790 1489 δὲ
1814 1463 1866 1490 καὶ

1072 1508 1166 1544 καλὴν,
1179 1508 1221 1535 ὅτι
1234 1509 1323 1535 πάντα
1333 1508 1367 1535 τά
1383 1508 1430 1535 τοῦ
1449 1508 1517 1535 Θεοῦ
1539 1509 1764 1545 δημιουργήματα
1789 1509 1864 1536 καλὰ

1071 1554 1130 1581 λίαν
1143 1554 1269 1589 γεγόνασι
1282 1555 1329 1582 καὶ
1337 1555 1415 1581 εἰσιν.
1425 1555 1457 1581 Et
1466 1555 1503 1590 μὴ
1511 1552 1545 1590 ἦν
1555 1553 1601 1582 οὖν
1614 1555 1694 1590 σοφὸς
1703 1556 1717 1582 ό
1727 1556 1863 1591 δημιουρ-

1072 1600 1129 1636 γὸς,
1144 1600 1202 1632 πῶς
1217 1600 1287 1627 αι’)τά
1299 1600 1443 1634 γεγόνασι;
1469 1601 1516 1627 καὶ
1529 1601 1554 1627 εί
1579 1601 1617 1636 μὴ
1634 1599 1667 1636 ἦν
1689 1601 1781 1634 καλὸς,
1801 1602 1863 1633 πῶς

1070 1645 1141 1673 αὑτά
1153 1645 1239 1678 καλά;
1253 1645 1328 1677 Τέως
1339 1645 1366 1672 δὲ
1376 1644 1456 1677 καλὰ,
1471 1645 1513 1680 ἐφ’
1535 1645 1596 1672 ὅσον
1607 1646 1636 1672 ὲν
1647 1647 1680 1681 τῇ
1694 1645 1764 1672 κατά
1779 1646 1864 1680 φύσιν

1070 1691 1108 1723 ὡς
1122 1691 1249 1725 γεγόνασι
1266 1690 1375 1726 μένουσι
1390 1690 1475 1723 τάξει.
1508 1691 1540 1717 'H
1562 1691 1591 1718 δὲ
1614 1691 1660 1718 τοῦ
1684 1691 1755 1718 κατά
1778 1692 1864 1727 φύσιν

1070 1736 1243 1772 παρατροπὴ,
1259 1736 1314 1763 είτε
1326 1737 1354 1762 ὲν
1368 1736 1504 1770 ἀγγέλοις,
1517 1735 1572 1762 εἴτε
1585 1737 1615 1762 ὲν
1632 1736 1742 1772 ψυχαῖς,
1761 1737 1818 1764 εἴτε
1831 1738 1863 1764 ὲν

1069 1781 1221 1808 ὁποιοισοῦν
1236 1780 1343 1817 σώμασι
1356 1781 1497 1817 γινομένη,
1510 1781 1541 1807 τὸ
1554 1781 1651 1813 κάλλος
1662 1781 1805 1813 ἀπόλλυσι,
1814 1782 1864 1808 καὶ

1069 1829 1103 1863 τῇ
1117 1827 1212 1854 τούτου
1226 1827 1374 1863 διαμαρτίᾳ
1381 1827 1411 1853 τὺ
1421 1825 1514 1862 αἶσχος
1522 1827 1692 1863 δημιουργεῖ.
1709 1826 1865 1863 Φιλάνθρω-

1070 1882 1120 1900 πον
1133 1872 1160 1899 δὲ
1176 1873 1222 1899 καὶ
1236 1872 1334 1908 μᾶλλον
1349 1872 1437 1905 τοῦτο,
1452 1873 1493 1899 ὅτι
1508 1872 1650 1908 ὲσαρκώθη
1670 1873 1699 1898 ὲν
1718 1871 1832 1907 ἀληθείᾳ
1848 1873 1865 1898 ὁ

1068 1920 1119 1955 τῆς
1132 1919 1246 1955 Τριάδος
1258 1917 1308 1951 εἷς,
1322 1919 1369 1945 καὶ
1388 1918 1491 1945 τέλειον
1511 1918 1654 1954 ἄνθρωπον
1676 1917 1864 1953 προσελάϐετο

1070 1965 1167 2001 (τοῦτο
1190 1966 1245 2001 γάρ
1274 1965 1333 1991 tam
1352 1964 1383 1991 τὸ
1403 1964 1529 2000 όλικῶς)
1552 1965 1599 1991 καὶ
1623 1966 1679 1996 τοῖς
1702 1963 1763 1990 καθ’
1787 1965 1864 1999 ἡμᾶς

1069 2011 1245 2048 ἐκοινώνησεν
1255 2010 1452 2047 ἀνακληθείσης
1463 2010 1513 2045 τῆς
1525 2010 1697 2046 ἀνθρωπίνης
1709 2010 1863 2042 οὖθενείας,

1068 2056 1098 2089 ἐξ
1111 2053 1145 2091 ἦς
1159 2056 1210 2091 τῆς
1221 2056 1394 2091 ἀνθρωπίνης
1412 2056 1540 2090 ἐσχατιᾶς
1554 2057 1568 2082 ό
1580 2054 1683 2087 ἁπλοῦς
1700 2057 1735 2091 τῇ
1750 2055 1862 2091 θεότητι

1075 2102 1176 2138 Ἰησοῦς
1192 2102 1331 2138 συνετέθη,
1347 2103 1395 2129 καὶ
1411 2101 1522 2134 διπλοῦς
1536 2103 1569 2138 τῇ
1589 2101 1668 2136 φύσει
1688 2102 1796 2136 γέγονε,
1813 2103 1863 2129 καὶ

1067 2148 1081 2174 ὁ
1094 2148 1178 2179 ἀΐδιος
1192 2148 1343 2183 παράτασιν
1362 2145 1457 2182 εἴληφε
1471 2147 1609 2182 χρονικὴν,
1623 2146 1744 2182 δηλονότι
1760 2148 1813 2183 τὴν
1832 2149 1862 2174 ὲν

1068 2194 1149 2229 σαρκὶ
1162 2193 1308 2228 διαγωγήν”
1322 2193 1369 2219 καὶ
1382 2192 1447 2219 εἴσω
1458 2192 1508 2227 τῆς
1520 2192 1582 2219 καθ’
1593 2193 1667 2228 ἡμᾶς
1680 2193 1791 2228 φύσεως
1803 2195 1863 2228 ὲγε-

1066 2240 1140 2274 γόνει
1152 2240 1211 2266 καθ’
1227 2239 1374 2266 ὑπόστασιν
1388 2239 1455 2274 αὐτῇ
1473 2239 1583 2271 ὲνωθεὶς
1592 2259 1599 2271 ,
1613 2240 1627 2265 ό
1641 2240 1730 2275 πάσης
1743 2240 1861 2275 ὲκὸεὸη-

1067 2286 1123 2318 κὼς
1142 2285 1260 2321 φυσικῆς
1279 2285 1381 2319 τάξεως
1399 2287 1431 2321 τῇ
1456 2285 1579 2321 θεότητι,
1593 2284 1790 2321 ἀμεταδλήτως
1814 2286 1859 2312 καὶ

1068 2329 1227 2366 ἁσυγχύτως
1239 2329 1458 2365 ἐνανθρωπήσας.
1472 2330 1527 2356 Καὶ
1540 2330 1605 2361 ὅσας
1626 2329 1708 2361 ἄλλας
1730 2330 1858 2357 διδασκα-

1067 2376 1126 2408 λίας
1138 2377 1197 2407 ταῖς
1206 2375 1327 2411 Γραφαῖς
1339 2375 1492 2407 ἀκολούθως
1506 2376 1522 2411 ὴ
1535 2375 1589 2402 τῶν
1598 2375 1765 2402 διδασκάλων
1779 2376 1858 2411 ἡμῶν

1068 2422 1170 2457 κρυφία
1191 2421 1337 2457 παράδοσις
1360 2422 1389 2448 ὲν
1414 2421 1554 2457 μυστηρίῳ
1568 2421 1657 2457 (τοῦτο
1678 2422 1734 2458 γάρ
1758 2423 1858 2449 ἔστιτὸ

1067 2467 1305 2503 ἐκφαγτορικώς)
1346 2469 1412 2504 ἡμῖν
1438 2469 1603 2504 ἐδωρήσατο,
1617 2468 1679 2504 (καὶ
1693 2469 1855 2504 σημείωσαι,

1066 2514 1107 2540 ὅτι
1121 2513 1204 2540 πολλὰ
1217 2515 1272 2546 τοῖς
1288 2514 1402 2546 τελείοις
1415 2514 1458 2541 διὰ
1469 2514 1548 2549 λόγου
1561 2515 1740 2551 παρεδίδοσαν
1753 2516 1777 2541 οι
1791 2515 1856 2541 ἀπό-

1067 2559 1154 2586 στολοι
1170 2559 1363 2595 μυστηριωδῶς
1381 2560 1628 2592 ἀποκαλύπτοντες·
1642 2560 1682 2586 διὸ
1695 2561 1743 2586 καὶ
1755 2561 1769 2586 ὁ
1778 2560 1855 2587 Ἀπό-

1067 2606 1169 2638 στολος,
1181 2606 1293 2641 γράφων
1306 2606 1541 2638 Θεσσαλονικεῠσι,
1555 2607 1631 2642 φησὶ,
1645 2606 1743 2642 χρῆναι
1756 2607 1851 2638 gauli:-

1065 2661 1122 2679 τειν
1135 2652 1232 2684 αὐτοὺς
1245 2651 1263 2679 ἃ
1276 2652 1395 2688 ἥκουσαν
1407 2652 1467 2679 εἴτε
1485 2652 1534 2680 διὰ
1551 2653 1650 2687 λόγων
1663 2653 1724 2679 εἴτε
1739 2652 1776 2679 δι’
1790 2653 1852 2679 ἑπι-

1066 2698 1190 2733 στρλῆς·
1215 2698 1262 2725 καὶ
1283 2698 1406 2734 Τιμοθέῳ
1430 2698 1592 2734 παραθήκην
1611 2698 1697 2732 λέγων
1708 2698 1851 2725 δεδωκέναι

1064 2746 1093 2772 ἐν
1107 2744 1275 2781 μυστηρίῳ),
1293 2744 1379 2771 ταῦτα
1394 2745 1440 2771 καὶ
1452 2746 1533 2780 ἡμεῖς
1553 2744 1727 2780 μεμυήμεθα·
1743 2745 1790 2772 νῦν
1803 2744 1851 2780 μὲν

1064 2792 1111 2818 καὶ
1124 2791 1193 2818 κατὰ
1206 2791 1253 2818 τοῦ
1268 2791 1326 2826 βίου
1345 2791 1450 2826 καιρὸν,
1471 2790 1610 2827 ἀναλόγως
1623 2793 1656 2827 τῇ
1674 2791 1789 2827 δυνάμει

786 2863 796 2876 ῖ
810 2858 887 2886 Joan.
905 2866 971 2890 xm,
988 2859 1032 2886 ‘21.
1071 2866 1084 2881 ι
1101 2860 1199 2895 liplics.
1218 2868 1258 2892 In,
1274 2860 1315 2887 i5.
