3876 6226
204 379 306 433 6%!

1114 380 1153 434 S
1188 377 1585 445 NOMINIBUS,
1620 378 1773 433 CAP.
1813 379 1854 435 Ι.
1890 412 1956 420 --
1991 378 2339 437 ΡΑΙῖΑΡΗΒ,
2380 380 2851 439 ΡΑΟΗΥΜΕΒᾸΞ.

3366 392 3472 446 02?.

209 488 485 563 ήμετέρας
509 488 771 559 νοήσεως,
807 488 899 543 διά
940 506 999 543 τε
1044 491 1339 561 Γραφικῶν
1364 492 1797 563 παραπετασμά-

1907 506 2025 544 rum
2074 507 2275 546 arcana
2338 494 2561 550 traditio
2608 497 2662 550 in
2714 497 3140 570 mysterio(hoc
3188 502 3335 559 enim
3386 519 3475 564 est

199 600 331 644 των,
376 582 507 634 ὅταν
554 580 783 651 λέγηται
834 582 930 634 ἐπὶ
973 582 1073 653 μὲν
1100 583 1258 647 Θεοῦ,
1300 584 1377 647 ὡς
1418 583 1552 656 πῦρ,
1591 585 1686 637 καὶ
1722 584 1798 647 ὡς

200 671 405 743 γέρων,
434 673 527 725 καὶ
551 672 626 735 ὡς
654 672 902 726 παλαίων
937 672 1017 744 τῷ
1052 674 1266 740 Ἰακὼϐ,
1297 676 1392 729 καὶ
1417 677 1516 729 ὅσα
1550 674 1793 730 τοιαῦτα·

199 767 299 819 ἐπὶ
324 766 382 819 δὲ
406 765 672 834 ἀγγέλων,
698 766 774 830 ὡς
797 766 867 819 τὰ
895 768 1261 841 θηριόμορφα,
1301 770 1397 823 καὶ
1428 772 1478 823 οί
1506 770 1796 832 νεανίσκοι,

201 860 301 913 καὶ
329 862 386 912 αἱ
422 858 608 913 λοιπαὶ
646 856 1108 936 εἰκόνες.’Ταῦτα
1149 865 1257 934 γάρ
1305 865 1412 917 εἰσι
1436 864 1505 918 τά
1544 881 1797 936 παραπε-

200 952 486 1023 τάσματα,
540 952 615 1024 μὴ
658 934 893 1025 ἐχόντων
916 942 1100 1026 Δήμῶν
1158 957 1380 1027 ἀμέσως
1439 934 1798 1028 προσϐάλλειν

199 1048 321 1109 τοῖς
352 1045 668 1116 πράγμασι,
710 1046 806 1099 καὶ
831 1046 920 1100 διὰ
960 1047 1120 1100 τοῦτο
1159 1048 1431 1119 δεομένων
1460 1048 1801 1120 περικαλυμ-

205 1134 397 1204 μάτων
447 1136 649 1201 τινῶν,
694 1136 839 1211 ειπερ
888 1139 994 1191 εἰσ)¹
1036 1139 1105 1192 τὰ
1154 1140 1549 1211 προειρημένα.
1596 1142 1694 1195 Διά
1739 1158 1799 1194 τε

200 1224 340 1293 γοῦν
379 1225 481 1295 τῆς
521 1225 726 1280 τούτων
754 1229 1183 1300 φιλανθρωπίας,
1216 1233 1311 1285 καὶ
1346 1230 1449 1284 εἴτι
1475 1231 1583 1284 τῶν
1611 1234 1798 1303 ἱεραρ-

200 1319 378 1388 χικῶν
404 1320 776 1391 παραδόσεων,
804 1323 905 1393 τὴν
949 1322 1148 1396 μύησιν
1174 1326 1389 1396 ἔχομεν.
1424 1326 1534 1378 Καὶ
1562 1326 1801 1397 σημείω-

203 1427 321 1473 σαι,
349 1412 431 1464 ὅτι
454 1415 549 1466 καὶ
571 1414 743 1468 πολλά
769 1414 1258 1485 ὲμυσταγωγοῦντο
1280 1418 1542 1489 ἀγράφως
1564 1420 1611 1470 οἱ
1632 1418 1797 1487 ἆγιοι.

200 1502 272 1554 Τί
318 1501 376 1556 δέ
420 1505 535 1558 ἐστι
588 1505 650 1558 τὸ
702 1505 1081 1578 φιλάνθρωπον
1145 1507 1250 1561 τῶν
1308 1508 1469 1580 ἱερῶν
1526 1507 1797 1580 Γραφῶνς

202 1594 333 1647 ’Ότι
361 1595 502 1648 κατά
527 1597 808 1667 ἀγάπησιν
832 1596 1004 1662 θείαν,
1035 1599 1122 1651 ἵνα
1149 1599 1370 1671 χωρηθῇ
1399 1598 1460 1651 τὸ
1487 1599 1676 1671 νοητὸν
1705 1602 1801 1653 καὶ

201 1683 493 1757 ἀχώρητον
536 1688 594 1740 ἐν
641 1689 805 1759 ἡμῖν,
855 1688 1132 1761 αἰσθητοῖς
1178 1690 1466 1761 συμϐόλοις
1508 1691 1797 1763 ἐχρήσατο,

200 1776 371 1829 οἱονεί
390 1793 500 1830 τισι
521 1777 995 1849 περικαλύμμασι,
1013 1781 1107 1833 καὶ
1132 1779 1201 1833 τὰ
1225 1781 1364 1852 ἀσχη
1375 1782 1606 1851 μάτιστα
1629 1782 1801 1835 εἰκον-

1900 582 2328 655 ὲκφαντορικῶς)
2378 586 2533 641 nobis
2569 588 2795 643 indulsit
2833 590 2959 660 (ubi
3013 605 3162 662 nota,
3199 599 3474 665 apostolos

1900 673 2157 741 perfectis
2194 690 2292 744 per
2326 691 2635 732 sermonem
2662 680 2831 733 multa
2883 687 3140 754 mysteria
3181 688 3476 749 revelando

1904 766 2223 835 tradidisse;
2260 784 2429 837 quare
2455 780 2511 826 et
2542 772 2835 840 Apostolus
2865 778 2931 830 ad
2958 777 3477 839 Thessalonicenses

1901 856 2148 912 scribens
2183 859 2280 923 ait,
2305 872 2560 929 oportere
2588 862 2736 933 ipsos
2769 880 2989 922 servare
3012 885 3132 938 qua:
3158 873 3477 929 audiverant

1900 947 2007 999 sive
2033 964 2126 1015 per
2151 965 2466 1017 sermonem,
2500 954 2607 1007 sive
2645 971 2737 1022 per
2779 958 3057 1024 epistolam
3097 961 3126 1001 ιι
3160 979 3174 1015 :
3203 972 3257 1017 et
3289 962 3475 1020 Timo-

1902 1037 2030 1092 tbeo
2068 1039 2219 1106 dicit,
2264 1057 2325 1097 se
2354 1044 2661 1113 depositum
2711 1049 2925 1103 dedisse
2964 1051 3017 1105 in
3051 1056 3334 1128 mysterio)
3377 1058 3476 1114 has

1901 1136 1955 1181 et
1995 1143 2093 1183 nos
2137 1146 2355 1201 quoque
2389 1134 2703 1203 hausimus;
2748 1154 2889 1194 nunc
2925 1143 3140 1210 quidem
3174 1147 3339 1202 etiam
3375 1150 3477 1204 liu-

1896 1216 1985 1287 jus
2014 1219 2139 1273 vitae
2178 1231 2445 1291 tempore,
2495 1226 2863 1297 intelligentia
2904 1241 3102 1288 nostra:
3140 1238 3345 1295 viribus
3384 1258 3478 1297 ac-

1902 1311 2264 1380 commodate,
2316 1330 2413 1384 per
2454 1318 2719 1374 velamina
2772 1321 3177 1393 Scripturarum
3239 1342 3296 1385 ut
3349 1349 3475 1391 cum

1902 1402 2120 1471 dicitur,
2171 1405 2312 1461 Deus
2349 1410 2607 1477 quidem,
2638 1414 2788 1467 velut
2817 1416 2977 1485 ignis,
3007 1429 3064 1473 et
3103 1430 3359 1492 tanquam
3390 1442 3477 1481 se-

1902 1513 2029 1563 nex,
2069 1511 2123 1555 et
2160 1502 2300 1556 sicut
2332 1504 2545 1561 luctans
2573 1523 2695 1563 cum
2742 1509 2911 1566 Jacob
2943 1522 2997 1567 et
3027 1515 3264 1583 similia;
3295 1523 3474 1591 angeli

1904 1604 2052 1656 vero,
2099 1593 2245 1648 velut
2291 1593 2481 1651 forma:
2504 1596 2777 1666 ferarum,
2809 1603 3142 1676 juvenesque
3177 1622 3231 1663 et
3263 1623 3479 1668 caaterae

1904 1680 2106 1751 figura}.
2140 1684 2266 1741 Hzec
2294 1689 2439 1741 enim
2484 1700 2611 1744 sunt
2640 1692 2927 1758 velamina,
2967 1699 3108 1765 quod
3151 1714 3256 1754 non
3300 1707 3477 1771 possi-

1906 1789 2026 1829 mus
2072 1777 2385 1833 immediate
2425 1781 2589 1835 rebus
2638 1783 2770 1853 ipsis
2798 1786 3079 1859 conjungi,
3112 1792 3360 1862 adeoque
3385 1810 3477 1849 ve-

202 1866 449 1939 ούργησε
469 1909 484 1933 ,
524 1871 620 1923 καὶ
654 1870 723 1924 τὰ
748 1870 896 1924 ἀπλᾶ
919 1872 977 1923 ὲν
1003 1874 1069 1943 τῇ
1116 1871 1358 1944 ποικιλίᾳ
1389 1871 1498 1925 τῶν
1530 1873 1797 1945 μεριστῶν

1907 1864 2200 1923 laminibus
2249 1871 2574 1939 quibusdam
2621 1852 2757 1944 opus
2803 1852 3132 1949 habeamus,
3184 1852 3304 1954 qua:
3352 1897 3479 1941 sunt

204 1976 271 2011 συ
281 1958 513 2029 μϐόλων·
566 1961 656 2013 ὅτε
709 1961 952 2031 δηλονότι
994 1962 1405 2033 ἀνθρωπολογεῖ
1450 1965 1484 2035 ή
1523 1963 1715 2034 Γραφή
1742 1962 1802 2015 τὸ

201 2051 387 2118 Θεῖον,
418 2052 588 2118 πόδας
614 2055 707 2107 κα).
734 2057 924 2127 χεῖρας
965 2056 1063 2109 καὶ
1090 2055 1379 2127 πρόσωπον
1421 2054 1569 2126 αὐτῷ
1590 2072 1801 2127 περιτικ

202 2141 385 2205 θεῖσα,
416 2141 684 2214 ἐπλήθυνε
727 2145 824 2198 καὶ
857 2144 1114 2197 διέπλασε
1155 2144 1219 2197 τὸ
1257 2143 1315 2197 ἒν
1346 2147 1412 2217 τῇ
1446 2145 1605 2214 φύσει
1632 2144 1802 2199 πολλά

199 2236 320 2297 τοῖς
352 2233 643 2306 συμϐόλοις
670 2234 899 2290 ποιοῦσα
922 2237 1016 2290 καὶ
1055 2235 1414 2302 εἰκονίζουσα.
1446 2237 1557 2290 Καὶ
1577 2236 1673 2290 νῦν
1704 2236 1802 2308 μὲν

201 2326 402 2391 οὕτως·
446 2326 505 2381 ἕν
536 2345 595 2380 τε
631 2332 697 2401 τῇ
727 2329 1044 2397 ἀναστάσει,
1080 2330 1170 2384 ὅτε
1205 2329 1586 2400 Χριστοειδοῦς
1618 2330 1803 2397 τευξό-

207 2419 354 2489 μεθα
402 2419 793 2484 καταστάσεως
841 2421 1032 2491 (τοῦτο
1071 2423 1180 2492 γάρ
1226 2425 1344 2475 ἐστι
1414 2422 1477 2475 τὸ
1521 2422 1798 2495 λήξεως),

203 2506 470 2561 πάντοτε
496 2507 619 2561 σὺν
641 2510 837 2577 Κυρίῳ
860 2510 1139 2579 ἐσόμεθα,
1163 2510 1306 2565 κατά
1334 2510 1425 2565 τδν
1459 2511 1798 2577 Ἀπόστολον,

204 2599 692 2672 ἀποπληρούμενοι
742 2603 838 2673 μὲν
884 2604 979 2656 καὶ
1008 2603 1109 2673 τῆς
1150 2604 1354 2675 ὁρατῆς
1396 2603 1561 2659 αὐτοῦ
1602 2604 1800 2675 θεοφα-

204 2691 395 2756 νείας,
447 2693 529 2745 ὅτι
583 2694 671 2747 ἀεί
730 2695 880 2747 ἐστιν
942 2694 1249 2767 ἀδιαίρετος
1298 2699 1364 2769 τῇ
1431 2697 1801 2771 ἐμψυχωμένῃ

207 2788 379 2857 σαρκὶ
409 2788 476 2859 ἢν
503 2787 886 2860 προσελάϐετο,
916 2790 1395 2862 περιαυγαζούσης
1414 2793 1473 2845 ἐν
1510 2809 1802 2864 μαρμαρυ-

205 2886 338 2952 γαῖς
371 2886 502 2955 ἡμῖν
522 2885 871 2953 φανοτάταις,
891 2884 1074 2948 καθὼς
1100 2885 1195 2937 καὶ
1216 2886 1272 2937 ἐν
1285 2886 1350 2955 τῇ
1378 2884 1800 2956 μεταμορφῶσει

204 2978 408 3049 ἐφάνη·
432 2978 751 3049 μετέχοντες
770 2978 825 3031 δὲ
844 2979 1055 3049 καὶτῆς
1076 2977 1273 3047 νοητῆς
1302 2978 1653 3046 φωτοδοσίας,
1678 2978 1800 3048 ἥτις

206 3070 329 3122 ἐστὶ
363 3070 461 3123 καὶ
491 3070 631 3143 ὑπὲρ
658 3070 783 3125 νοῦν
811 3072 904 3125 καὶ
942 3072 1085 3126 κατὰ
1112 3071 1238 3126 νοῦν
1259 3073 1452 3136 ἓνωσις
1479 3071 1640 3143 (κατά
1674 3070 1800 3125 νοῦν

204 3159 318 3231 γὰρ
347 3159 501 3213 ἔσται
534 3163 665 3232 ἡμῖν
686 3162 968 3234 μεθεκτή),
990 3163 1111 3215 τότε
1128 3162 1488 3234 τελεωτέρως,
1510 3164 1660 3225 ὅταν,
1677 3163 1799 3215 ἐπι-

207 3252 546 3321 στραφέντες
570 3253 706 3324 πρὸς
734 3254 885 3318 Θεὸν,
909 3254 1118 3307 ἐκεῖθεν
1141 3254 1361 3317 τελείως
1382 3253 1798 3324 ἐλλαμπόμενοι,

206 3344 457 3409 ἐνοειδῶς
504 3345 791 3416 γενώμεθα
839 3346 931 3410 ἓν,
984 3346 1436 3419 ἐλευθερωθέντες
1491 3345 1601 3399 τῶν
1661 3346 1800 3400 κατά

208 3436 463 3490 σύνθεσιν
511 3440 643 3508 ἡμῖν
693 3440 1045 3513 ἐτεροτήτων,
1096 3440 1337 3510 δηλονότι
1382 3439 1491 3492 τῶν
1519 3439 1800 3510 κοσμικῶν

209 3526 523 3597 ἐπιθυμιῶν
548 3530 643 3582 καὶ
669 3529 996 3601 αἰσθήσεωνο
1019 3528 1179 3583 τοῦτο
1207 3530 1315 3601 γάρ
1342 3531 1491 3583 ἐστιν
1521 3531 1550 3583 ό
1581 3530 1798 3602 ἀπαθὴς

204 3620 307 3672 καὶ
352 3618 517 3684 ἆῦλος
563 3620 707 3685 νοῦς.
755 3621 880 3685 Πῶς
930 3621 987 3674 δὲ
1034 3620 1367 3693 μεθέξομεν;
1415 3624 1472 3675 ἐν
1519 3623 1799 3687 ἐπιϐολαῖς

208 3712 515 3781 ἀγνώστοις
542 3713 652 3768 τῶν
681 3715 937 3768 ἀκτίνων.
970 3714 1135 3768 Ὅσον
1177 3714 1286 3787 γὰρ
1327 3716 1639 3786 ἐγγίσομεν,
1676 3733 1800 3769 τοσ-

203 3802 365 3855 οῦτον
414 3803 475 3856 τὺ
520 3804 796 3871 ἄγνωστον
823 3807 954 3876 ήμῖν
983 3807 1289 3877 γενήσεται·
1328 3807 1420 3859 καὶ
1455 3807 1578 3859 ὅσον
1606 3808 1798 3860 ἐπιϐα-

204 3892 413 3964 λοῦμεν
451 3896 520 3965 τῇ
554 3895 775 3966 θεωρίᾳ,
806 3894 1062 3949 τοσοῦτον
1091 3896 1152 3949 τὸ
1185 3895 1279 3949 τοῦ
1308 3897 1537 3968 ἀπείρου
1564 3898 1798 3966 πέλαγος

206 3984 670 4056 πλατυνθήσεται,
716 3989 775 4041 ἐν
822 3987 1071 4059 θειοτέρα
1123 3989 1351 4059 μιμήσει
1389 3989 1498 4042 τῶν
1530 3990 1795 4058 ἀγγέλων,

202 4073 452 4130 δηλονότι
498 4078 888 4150 ἀκριϐεστέρᾳο
936 4080 1216 4151 σημαίνων
1262 4080 1530 4145 ἐντεῦθεν,
1580 4082 1656 4145 ὡς
1702 4082 1796 4135 καὶ

205 4167 304 4221 νῦν
325 4169 749 4242 ἀγγελοπρεπὴς
778 4172 805 4222 ό
844 4170 954 4223 τῶν
987 4170 1159 4238 ἀγίων
1188 4170 1301 4241 βίος
1345 4174 1403 4225 ὲν
1431 4176 1497 4244 τῇ
1532 4172 1626 4225 τοῦ
1660 4172 1795 4226 Θεοῦ

206 4262 442 4325 αἰνέσει,
477 4265 571 4317 καὶ
595 4262 865 4334 ὑπεροψίᾳ
894 4261 1003 4317 τῶν
1041 4263 1339 4336 σαρκικῶν,
1372 4264 1475 4318 κᾶν
1496 4265 1557 4317 οὐ
1598 4284 1795 4319 παντε-

204 4353 310 4407 λεῖ’
354 4354 436 4406 διὸ
477 4357 571 4408 καὶ
607 4354 675 4407 τὰ
716 4355 816 4425 τῆς
863 4356 1146 4426 μιμήσεως
1188 4353 1560 4425 μετριώτερα,
1589 4356 1707 4408 τότε
1737 4357 1795 4409 δὲ

206 4446 458 4518 θειοτέρα
488 4450 521 4519 ή
553 4448 782 4520 μίμησις
818 4448 1126 4518 γενήσεταιο
1153 4449 1477 4518 Ἰσὰγνγελοι
1504 4448 1794 4519 γάρ,κατὰ

1903 1957 2182 2023 praedicta.
2211 1958 2309 2013 His
2340 1960 2523 2030 itaque
2568 1963 2806 2021 humano
2834 1982 2986 2023 more
3034 1973 3189 2026 nobis
3229 1975 3476 2042 indultis,

1904 2056 2069 2116 atque
2120 2050 2340 2122 insuper
2385 2054 2764 2112 traditionibus
2810 2061 3107 2118 erudimur.
3157 2064 3256 2121 Ubi
3309 2079 3476 2139 nom,

1902 2147 2122 2197 sanctos
2145 2160 2367 2215 quoque
2396 2147 2564 2201 multa
2614 2164 2717 2204 non
2768 2153 2973 2223 scripto
3001 2156 3278 2217 didicisse.
3310 2161 3476 2229 Quae-

1904 2247 2031 2286 nam
2086 2245 2269 2289 autem
2322 2245 2407 2291 est
2455 2239 2772 2297 humanitas
2824 2243 3276 2314 Scripturarum?
3321 2253 3475 2320 Quod

1903 2324 2159 2380 nimirum
2208 2329 2505 2383 secundum
2559 2331 2795 2386 divinam
2844 2334 3225 2406 dilectionem,
3279 2352 3338 2398 ut
3386 2359 3476 2401 res

1901 2416 2169 2486 spiritalis
2210 2428 2265 2472 et
2296 2420 2885 2491 incomprehensibilis,
2916 2441 2944 2480 a
2976 2428 3131 2485 nobis
3163 2443 3473 2503 caperetur,

1900 2506 2066 2577 306
2088 2508 2381 2564 sensilibus
2410 2511 2580 2581 signis
2608 2528 2703 2567 usa
2731 2515 2817 2578 sit,
2852 2525 3107 2586 tanquam
3153 2522 3475 2590 quibusdam

1901 2600 2256 2665 velamentis,
2285 2611 2343 2657 et
2383 2618 2474 2658 res
2501 2603 2822 2676 infiguratas
2870 2607 3139 2680 ﬁgurarit,
3171 2613 3478 2684 simplices-

1901 2705 2007 2761 que
2034 2693 2379 2748 dividuorum
2428 2696 2705 2765 signorum
2736 2698 2998 2753 varietate
3031 2701 3342 2771 depinxerit
3372 2716 3477 2771 :_ut

1901 2785 2119 2853 quando
2144 2786 2400 2840 nimirum
2444 2786 2726 2858 Scriptura
2768 2788 2936 2845 Deum
2959 2768 3202 2849 humana
3231 2810 3362 2852 voce
3390 2768 3475 2853 ὼ-

1901 2887 2183 2946 quentem,
2210 2880 2379 2949 pedes
2407 2889 2463 2934 et
2499 2895 2690 2935 manus
2718 2882 3019 2952 faciemque
3058 2886 3134 2939 illi
3175 2888 3477 2960 circumpo-

1901 2985 2058 3037 nens,
2114 2972 2439 3042 multiplicat
2487 2984 2541 3027 et
2592 2972 2794 3043 elliugit
2845 2976 2897 3030 id
2941 2979 3082 3046 quod
3134 2990 3324 3035 natura
3376 2998 3475 3038 sua

1903 3077 2069 3127 unum
2099 3075 2204 3129 est,
2237 3079 2336 3134 per
2371 3065 2614 3137 symbola
2660 3067 2944 3137 variegans
2991 3080 3045 3123 et
3069 3069 3379 3127 eﬂ'ormans.
3412 3074 3477 3129 Et

1905 3169 2047 3210 nunc
2075 3155 2293 3224 quidem
2321 3158 2426 3221 sic;
2464 3167 2520 3211 at
2548 3157 2600 3211 in
2631 3161 3051 3224 resurrectione,
3084 3165 3299 3229 quando
3326 3163 3479 3220 Citri-

1905 3246 2209 3302 stil‘ormem
2241 3259 2443 3304 statum
2487 3264 2883 3319 consequemur
2910 3254 3035 3323 (hoc
3069 3256 3213 3311 enim
3257 3258 3478 3312 denotat

1903 3353 2006 3392 vox
2047 3338 2276 3410 λήξεως)
2318 3356 2517 3407 semper
2557 3357 2674 3395 cum
2722 3341 2948 3395 Domino
2991 3345 3188 3398 erimus
3221 3356 3269 3409 ο,
3302 3354 3359 3400 ιιι
3400 3348 3480 3401 ait

1901 3431 2213 3498 Apostolus,
2235 3432 2436 3487 visibili
2466 3434 2680 3502 quidem
2708 3436 2990 3502 ipsiusmet
3019 3438 3108 3492 Dei
3140 3439 3478 3507 apparitione

1902 3524 2069 3593 pleni,
2099 3525 2355 3594 quoniam
2392 3526 2561 3593 ipsius
2589 3528 2843 3583 animata:
2866 3530 3035 3594 carni,
3068 3545 3231 3599 quam
3262 3547 3478 3587 assum-

1902 3616 2027 3682 psit,
2064 3614 2334 3668 indivulsa
2377 3616 2465 3669 lux
2512 3617 2820 3688 inest,.qnae
2848 3617 3195 3675 lucidissimis
3221 3637 3478 3679 corusca-

1903 3706 2139 3761 tionibus
2165 3707 2319 3761 nobis
2342 3707 2729 3776 resplendebit,
2752 3712 3206 3777 quemadmodum
3228 3717 3478 3783 apparuit

1900 3797 1955 3852 in
2016 3798 2537 3867 transﬁguratione;
2584 3799 2940 3870 iutelligibilis
2984 3815 3113 3855 vero
3163 3802 3309 3859 illius
3352 3804 3478 3859 illu-

1900 3889 2180 3943 strationis
2209 3889 2536 3958 participes,
2565 3905 2685 3960 qua:
2714 3902 2796 3945 est
2838 3893 2999 3947 etiam
3031 3908 3196 3964 supra
3236 3909 3475 3951 mentem

1899 3990 1952 4034 et
1976 3981 2269 4035 secundum
2304 3993 2536 4036 mentem
2566 3982 2693 4037 nnio
2718 3984 3037 4050 (secundum
3066 3997 3299 4043 mentem
3327 3990 3473 4044 enim

1900 4073 2044 4127 illam
2094 4073 2559 4143 participabiinus)
2614 4084 2725 4128 tum
2775 4076 3103 4145 perfectius,
3136 4081 3352 4143 quando
3403 4085 3471 4136 ad

1901 4166 2069 4219 Deum
2099 4166 2392 4230 conversi,
2440 4165 2565 4220 inde
2613 4167 2853 4235 perfecte
2898 4168 3313 4237 illustrabiinur,
3344 4174 3472 4227 uni-

1898 4257 2145 4312 formiter
2188 4258 2318 4327 quid
2366 4273 2532 4311 unum
2580 4259 2815 4324 erimus,
2852 4276 2880 4314 a
2933 4262 3338 4318 diversitatiltus
3369 4281 3471 4319 no-

1898 4352 2028 4404 stris
2054 4366 2173 4420 qua:
2192 4365 2268 4405 ex
2299 4350 2696 4420 compositione
2736 4353 3008 4417 oriuntur,
3045 4355 3095 4407 id
3124 4363 3205 4409 est
3248 4370 3275 4408 a
3308 4372 3469 4411 mun-

1900 4442 2058 4496 danis
2090 4442 2476 4511 cupiditatibus
2510 4442 2870 4512 sensibusqne
2896 4444 3147 4514 liberati;
3185 4448 3288 4501 lioc
3326 4450 3473 4505 enim

202 4539 275 4593 τὰ
304 4539 427 4610 ἱερὰ
454 4540 781 4608 Εύαγγέλια,
811 4541 911 4594 καὶ
945 4541 1064 4595 υἱοὶ
1091 4540 1258 4604 Θεοῦ,
1294 4540 1370 4603 ὼς
1403 4540 1509 4593 υἱοὶ
1541 4540 1640 4609 τῆς
1666 4540 1795 4592 ἀνα-

1902 4542 1985 4588 est
2037 4550 2192 4589 mens
2248 4536 2600 4604 impassibilis
2645 4543 2700 4588 et
2742 4537 3128 4594 immateriata.
3176 4541 3473 4608 Quomodo

206 4632 475 4695 στάσεως,
512 4634 977 4703 χρηματίσομεν.
1014 4637 1077 4687 Ol
1109 4633 1220 4703 γὰρ
1250 4634 1550 4702 σύμφυτοι
1578 4631 1658 4697 τῷ
1685 4632 1792 4686 τοῦ

196 4710 516 4777 ⁴,δεσπότου
567 4724 801 4788 θανάτῳ.
840 4726 1146 4795 γενόμενοι
1202 4723 1475 4778 κοινωνοὶ
1532 4723 1630 4776 καὶ
1681 4722 1792 4791 τῆς

202 4816 395 4883 δόξης
442 4818 717 4881 ἔσονται,
762 4816 945 4881 καθὼς
980 4817 1075 4871 καὶ
1116 4819 1145 4869 ὁ
1193 4816 1415 4887 Κύριος·
1462 4815 1792 4883 Πορεύομαι

200 4907 357 4972 πριλς
388 4905 497 4957 τὸν
536 4906 767 4974 Πατέρα
805 4926 946 4976 μου,
993 4907 1091 4961 καὶ
1133 4906 1366 4974 Πατέρα
1396 4905 1582 4975 ὑμῶν.
1630 4903 1790 4958 Ἀλλά

199 4997 383 5052 ταῦτα
417 4998 515 5068 μὲν
539 5000 675 5070 μετά
700 5001 798 5071 τὴν
835 5001 1148 5054 ἀνάστασιν·
1180 4999 1275 5053 νῦν
1299 4998 1357 5051 δὲ
1391 4998 1611 5060 οἰκείοις
1650 5014 1790 5067 συμ-

200 5088 382 5151 ϐόλοις
406 5089 685 5160 χρώμεθα,
721 5093 814 5144 ἐπὶ
844 5091 978 5145 Θεοῦ
1014 5092 1288 5162 δηλονότι,
1324 5092 1417 5145 καὶ
1460 5091 1673 5155 τύποις,
1704 5092 1797 5143 κα)¹

198 5179 545 5249 ὀνομασίαις.
577 5181 722 5252 Πλὴν
764 5184 864 5235 οὐκ
891 5185 948 5235 ὲν
979 5183 1189 5247 τούτοις
1215 5182 1651 5253 ἐωπομὲνομεν,
1680 5180 1796 5233 ἀλλ’

200 5270 619 5339 ἀνατεινόμεθα,
647 5271 766 5325 καθ’
789 5275 912 5326 ὅσον
931 5273 1030 5337 ἔνι,
1058 5276 1150 5326 ἐπὶ
1178 5274 1278 5345 τὴν
1311 5273 1490 5343 ἁπλῆν
1526 5273 1621 5325 καὶ
1651 5272 1796 5341 ἡνω-

204 5360 379 5430 μένην
418 5360 689 5432 ἀλήθειαν.
745 5364 947 5434 Ἀπλῆν
996 5365 1126 5435 μὲν,
1165 5365 1246 5418 ὃτι
1279 5366 1492 5435 ἀμερής
1538 5366 1654 5416 ἐστι
1702 5366 1799 5417 καὶ

204 5452 505 5525 μονοειδής·
537 5456 819 5526 ἡνωμένην
846 5455 922 5518 δὲ,
948 5457 1028 5509 ὅτι
1050 5458 1226 5510 ὲνιαία
1250 5458 1384 5510 ἐστί.
1413 5456 1523 5508 Καὶ
1548 5458 1595 5508 εἰ
1623 5473 1795 5509 ποικι-

199 5544 486 5615 λοτρόπως
511 5551 622 5611 τοῖς
664 5549 947 5620 συμϐόλοις
987 5551 1348 5621 πληθύνεται,
1388 5550 1481 5603 καὶ
1519 5548 1654 5620 μετὰ
1682 5552 1789 5603 πᾶ-

198 5655 303 5692 σαν
340 5640 527 5711 νόησιν
570 5641 677 5695 τῶν
712 5642 958 5698 θεοειδῶν
986 5644 1231 5714 ἀγγέλων
1254 5642 1659 5707 ἀποπαύοντες,
1695 5646 1789 5698 καὶ

1898 4635 2079 4680 autem
2106 4628 2832 4697 participabimus?jactibus
2855 4630 3147 4700 incognitis
3173 4634 3469 4690 radiorum.

1898 4716 2172 4782 Quantum
2202 4717 2346 4771 enim
2379 4720 2726 4784 accedemus,
2770 4720 2823 4773 in
2877 4730 3085 4774 tantum
3131 4723 3288 4779 nobis
3316 4724 3472 4779 incoo

1897 4811 2107 4879 gnitum
2139 4811 2280 4876 erit;
2308 4820 2363 4864 et
2391 4821 2651 4879 quantum
2686 4827 2782 4865 nos
2830 4815 3274 4881 contemplationi
3306 4832 3470 4871 vaca-

1897 4904 2097 4970 bimus,
2129 4912 2335 4957 tantum
2365 4905 2527 4957 etiam
2561 4903 2847 4959 inﬁnitatis
2874 4904 2993 4972 ejus
3019 4907 3239 4976 pelagus
3272 4908 3470 4963 dilata-

1896 4996 2067 5061 bitur,
2101 4997 2166 5050 ad
2193 4996 2515 5050 diviniorem
2542 4997 2857 5067 angelorum
2892 4999 3271 5065 imitationem,
3309 5002 3361 5055 id
3388 5012 3473 5056 est

1899 5089 2324 5152 accuratiorem;
2359 5087 2674 5158 signiﬁcans
2703 5106 2799 5159 per
2830 5090 2952 5155 hoc,
2980 5095 3251 5160 quomodo
3272 5095 3468 5148 etiam-

1901 5196 2028 5235 num
2060 5180 2263 5249 angelis
2302 5179 2461 5249 digna
2513 5180 2797 5234 beatorum
2833 5182 2936 5234 vita
2985 5182 3039 5235 in
3080 5181 3174 5237 Dei
3206 5182 3384 5245 laude,
3416 5192 3472 5239 et

1898 5274 2196 5327 carnalium
2229 5281 2541 5341 contemptu
2566 5312 2582 5335 ,
2616 5272 2719 5326 etsi
2758 5288 2860 5325 non
2906 5274 3217 5327 omnimodo
3238 5318 3250 5339 ,
3285 5290 3470 5329 verse-

1902 5375 2026 5429 tur;
2080 5365 2306 5434 ideoqne
2360 5365 2525 5418 etiam
2560 5365 2677 5419 haec
2725 5365 2959 5418 imitatio
3009 5367 3340 5419 moderatior
3381 5378 3469 5420 est

1900 5471 2012 5512 tum
2060 5469 2244 5513 autem
2292 5458 2525 5511 imitatio
2567 5456 2802 5511 divinior
2851 5457 3096 5511 exsistet.
3130 5455 3463 5522 Nam,juxt:i

1898 5566 2054 5605 sacra
2088 5551 2377 5620 Evangelia
2410 5569 2425 5604 :
2458 5548 2716 5619 /Equales
2756 5550 2959 5618 angelis
3008 5549 3224 5611 erimus,
3273 5558 3321 5600 et
3360 5547 3466 5618 [itii

1899 5641 2000 5697 Dei
2028 5642 2077 5709 ἀ,
2104 5644 2301 5713 quippe
2328 5640 2419 5696 lilii
2455 5640 2873 5695 resurrectionis
2909 5638 3327 5709 appellabimur.
3360 5640 3464 5707 Qui

275 5819 304 5859 δ
333 5816 373 5872 ιι
407 5816 600 5886 Thess.
634 5834 695 5881 It,
728 5818 805 5872 Li.
885 5829 907 5857 ε
949 5816 1182 5875 lThess.
1227 5835 1298 5883 iv,
1342 5820 1422 5874 I6.
1497 5819 1522 5857 (ι
1555 5818 1688 5887 Luc.
1724 5835 1815 5887 xx,
1849 5819 1962 5883 56..
