3876 6226
435 346 544 401 623

1620 347 1675 402 S.
1715 345 2020 402 DiONYSli
2054 344 2518 402 ΔΒΕΟΡΑΟΙΤᾸΞ

3587 351 3693 405 625

436 462 578 516 enim
608 459 765 514 morti
796 459 1011 514 Domini
1037 463 1378 532 complantati
1409 476 1528 519 sunt
1548 505 1561 529 ,
1593 478 1861 522 consortes
1884 486 2003 538 quo-

2122 470 2376 533 ίστῶντες
2404 469 2502 533 τὰς
2536 467 2726 539 νοεράς
2764 467 3063 539 ἐνεργείας,
3088 470 3155 539 τῇ
3188 467 3309 538 Θεία
3348 470 3525 524 ἀκτῖνι
3557 474 3698 527 κατὰ

436 570 539 623 que
566 554 750 622 gloria:
785 564 938 607 erunt
974 566 1018 617 ο,
1043 558 1498 622 quemadmodum
1545 560 1709 613 etiam
1751 560 2016 614 Dominus

436 646 515 698 ait
544 661 558 695 :
600 643 745 699 Vada
776 646 845 698 ad
878 645 1093 700 Patrem
1135 648 1153 686 τ
1188 663 1388 715 meum,
1419 660 1472 705 et
1504 649 1718 706 Patrem
1748 661 2011 709 vestrum.

446 736 641 792 Verum
690 738 804 793 lucc
844 751 965 808 post
998 741 1447 796 resurrectionem
1488 758 1502 794 :
1549 758 1693 797 nunc
1724 760 1853 800 vero
1890 761 2015 816 pro-

438 831 573 899 priis
620 830 890 901 symbolis
928 842 1143 885 utamur
1180 834 1257 902 (in
1304 834 1414 889 Deo
1440 836 1672 907 scilicet)
1711 846 1766 891 et
1799 839 2012 907 ﬁguris.

439 931 495 975 et
552 920 882 976 nominibus.
946 920 1332 979 Verumtamen
1393 927 1447 980 in
1516 927 1624 983 illis
1671 946 2013 1000 nequaquam

438 1015 832 1079 immoremur,
876 1014 969 1068 sed
1013 1017 1442 1080 contendamus,
1493 1022 1672 1089 quoad
1703 1036 2010 1090 possumus,

439 1106 506 1158 ad
547 1106 849 1173 simplicem
883 1114 937 1160 et
966 1108 1171 1161 unitam
1202 1109 1509 1164 veritatem.
1551 1110 1862 1181 Simplicem
1896 1113 2015 1181 qui-

436 1198 596 1263 dem,
642 1199 897 1265 quoniam
938 1198 1164 1253 indivisa
1211 1208 1316 1263 est,
1350 1210 1406 1254 et
1449 1201 1764 1267 uniformis;
1802 1205 2011 1257 unitam

438 1303 604 1353 vero,
639 1288 765 1358 quia
806 1288 1100 1359 singularis
1154 1303 1248 1344 seu
1300 1291 1455 1345 unica
1502 1302 1604 1348 est.
1636 1294 1749 1349 Etsi
1785 1296 2015 1349 diversi-

435 1379 597 1436 mode
626 1378 887 1450 symbolis
917 1378 1326 1447 multiplicetur,
1360 1394 1481 1451 post
1508 1383 1818 1439 divinorum
1844 1384 2009 1440 etiam

434 1472 685 1527 notitiam
714 1471 1054 1541 angelorum,
1084 1472 1245 1543 307
1274 1474 1691 1544 tranquillantes
1723 1491 1786 1531 ac
1812 1478 2015 1532 sisten-

435 1575 518 1620 tes
559 1564 909 1619 intellectiles
955 1575 1171 1620 nostras
1214 1568 1560 1636 operationes
1604 1568 1785 1624 divino
1839 1571 2009 1635 radio,

433 1666 699 1726 quantum
740 1656 820 1711 las
844 1666 951 1723 est,
982 1658 1337 1714 attendimus.
1367 1657 1798 1729 Tranquillantes
1830 1671 2010 1714 autem

432 1765 530 1803 seu
558 1748 818 1805 sistentes
855 1748 1018 1813 dixit,
1059 1751 1353 1804 secundum
1396 1750 1533 1805 duas
1582 1752 1888 1821 explicandi
1925 1769 2012 1805 ra-

435 1844 644 1906 tiones;
679 1841 763 1895 vel
798 1843 940 1911 quod
966 1856 1137 1911 usque
1159 1843 1225 1896 ad
1257 1844 1502 1912 angelica
1525 1844 1836 1913 spectacula
1868 1848 2012 1901 sisti-
2043 1824 2083 1878 Β

432 1951 553 1990 mus
579 1933 1020 2003 intelligentiam,
1048 1935 1203 2005 quasi
1235 1936 1288 1989 in
1335 1936 1445 1990 Deo
1487 1938 1666 1992 omnis
1694 1939 1846 1992 notio
1876 1940 2013 1994 deti-

432 2025 650 2090 ciat,ut
692 2026 781 2093 qui
838 2024 975 2077 nihil
1019 2025 1091 2078 sit
1119 2039 1309 2079 eorum
1356 2026 1500 2094 quod
1552 2027 1749 2082 mentis
1793 2030 2012 2084 notione

430 2115 746 2185 percipitur,
780 2124 990 2170 tantum
1030 2123 1213 2169 autem
1261 2131 1424 2185 supra
1469 2117 1743 2174 notionem
1799 2119 2013 2175 divinus

433 2209 619 2262 radius
651 2208 813 2263 nobis
863 2223 960 2277 per
993 2208 1294 2262 bonitatem
1326 2207 1580 2278 aﬂ‘ulget;
1627 2210 1712 2264 vel
1745 2211 2010 2280 tranquil-

431 2301 623 2364 lames,
672 2299 826 2369 quasi
875 2300 942 2353 ad
990 2299 1230 2369 aliquam
1259 2314 1378 2369 qua:
1419 2301 1471 2353 in
1499 2300 1752 2357 confesso
1779 2312 1882 2365 est,
1913 2318 2007 2356 seu

436 2390 786 2460 perspicuam
811 2389 1337 2457 romprobationem,
1368 2389 1777 2458 intelligentiam
1807 2390 2009 2445 sisten-

436 2494 541 2546 tes,
572 2481 783 2537 scilicet
822 2481 969 2535 circa
996 2480 1093 2535 Dei
1124 2481 1861 2551 incomprehensibilitatem,
1887 2496 2009 2551 quae

434 2573 745 2629 intellectus
790 2572 1099 2627 cessatione
1144 2572 1479 2641 percipitur;
1517 2574 1570 2627 in
1613 2588 1722 2643 quo
1748 2573 2006 2628 nimirum

431 2666 617 2721 divino
672 2664 824 2719 radio
863 2678 1055 2720 omnes
1103 2665 1237 2719 lines
1276 2674 1401 2719 sunt
1453 2664 1698 2719 omnium
1745 2665 2009 2734 cegnitio-

432 2773 561 2812 num
587 2773 601 2822 ;
633 2771 739 2810 non
769 2757 914 2810 enim
943 2770 1011 2811 ex
1056 2766 1234 2825 parte,
1272 2758 1364 2812 sed
1400 2755 1687 2812 confertim
1707 2796 1723 2821 ,
1761 2767 1817 2812 et
1845 2757 2003 2811 simul

429 2849 774 2921 praaexstitit.
799 2847 864 2902 Et
888 2848 1014 2903 hinc
1051 2848 1391 2917 intelligitur,
1410 2846 1683 2917 quomodo
1729 2849 2007 2917 apostolus

429 2943 534 3007 ait,
576 2944 629 2999 in
662 2941 772 2995 Deo
809 2956 907 2995 nos
939 2955 1065 2996 esse
1114 2951 1237 2993 ante
1284 2940 1471 2993 mundi
1501 2940 1924 2993 constitutionem
1953 2940 2003 2995 ³.

437 3036 729 3090 Sciendum
762 3034 946 3102 itaque
967 3033 1377 3101 productionem
1407 3032 1782 3086 universorum
1811 3046 2006 3087 secun-

2115 560 2177 613 τὸ
2242 559 2461 629 Θεμιτδν
2519 557 2897 627 ἐπιϐάλλομεν.
2950 557 3388 624 Ἀποπαύοντες
3422 559 3532 631 γὰρ
3577 557 3697 614 εἷπε

2117 651 2258 705 κατὰ
2295 651 2390 705 δύο
2428 650 2664 722 τρόπους
2696 647 2794 717 τῆς
2831 647 3161 719 ἐξηγήσεως·
3201 648 3233 720 ἢ
3279 649 3359 701 ὅτι
3402 649 3566 720 μέχρι
3590 652 3698 705 τῶν

2116 742 2423 812 ἀγγελικῶν
2452 741 2739 811 θεαμάτων
2776 739 3010 810 ἱστῶμεν
3040 742 3140 811 τὴν
3170 740 3375 811 νόησιν,
3400 742 3475 805 ὡς
3502 744 3700 814 ἀργοῦ.

2118 850 2219 903 σης
2254 833 2434 902 πάσης
2476 830 2731 899 γνώσεως
2759 829 2852 881 ἐπὶ
2882 828 3039 892 Θεοῦ,
3070 831 3164 883 καὶ
3197 830 3406 894 οὐδενὸς
3430 830 3542 883 τῶν
3575 831 3699 884 τού-

2114 941 2208 977 του
2240 926 2309 994 τῇ
2335 923 2543 993 κινήσει
2573 919 2666 972 τοῦ
2705 918 2795 972 νοῦ
2832 918 3400 990 καταλαμϐανομένου,
3445 922 3606 991 μόνον
3641 922 3696 974 δὲ

2117 1017 2260 1089 ὑπὲρ
2286 1016 2529 1085 νόησινὴ
2560 1012 2677 1066 Θεία
2711 1014 2867 1076 ἀκτὶς
2900 1014 3034 1083 ἡμῖν
3074 1012 3370 1083 ἐπιλάμπει
3402 1014 3469 1066 δι’
3497 1015 3697 1082 ἀγαθό-

2115 1125 2271 1179 τητα·
2302 1107 2336 1179 ἦ
2364 1105 2781 1169 ἀποπαύοντες
2805 1101 2916 1157 οἷον
2947 1103 3082 1173 πρός
3107 1121 3228 1156 τινα
3262 1103 3698 1175 ὁμολογουμένην

2116 1201 2211 1254 καὶ⁸
2237 1197 2440 1270 τρανὴν
2466 1193 2835 1266 πληροφορίαν
2862 1194 3114 1258 ίστῶντες
3148 1196 3245 1266 τὴν
3284 1198 3490 1266 νόησιν,
3516 1198 3701 1267 δηλον-

2114 1293 2197 1346 ότι
2249 1291 2378 1363 περὶ
2416 1288 2549 1341 αὐτὸ
2590 1286 2651 1339 τὸ
2694 1286 3074 1356 ἀκατάληπτον
3111 1288 3205 1340 τοῦ
3243 1288 3397 1354 Θεοῦ,
3451 1291 3594 1360 ὅπερ
3632 1294 3697 1360 τῇ

2112 1384 2207 1438 τοῦ
2232 1384 2349 1447 νοὸς
2385 1379 2745 1451 ἀνενεργησίᾳ
2778 1378 3274 1448 καταλαμϐάνεται·
3312 1383 3369 1434 ἐν
3406 1375 3552 1453 ᾗτινι
3580 1380 3699 1451 θεία

2115 1480 2292 1532 ἀκτῖνι
2321 1478 2495 1531 πάντα.
2529 1482 2596 1534 τὰ
2618 1482 2726 1534 τῶν
2752 1480 2941 1534 πασῶν
2962 1476 3214 1549 γνώσεων
3245 1474 3476 1544 πέρατα·
3504 1475 3564 1525 οὐ
3592 1474 3700 1545 γὰρ

2114 1570 2179 1621 ἐκ
2204 1570 2424 1639 μέρους,
2452 1570 2566 1623 ἀλλ’
2605 1570 2817 1642 ἀθρόως
2859 1569 2953 1623 καὶ
2990 1570 3106 1639 ἅμα
3140 1564 3545 1634 προϋφέστηκε.
3590 1565 3698 1616 Καὶ

2113 1665 2179 1717 ἐκ
2218 1663 2407 1716 τούτου
2438 1664 2780 1735 νοηθήσεται,
2820 1662 2938 1727 πῶς
2986 1678 3151 1731 φησιν
3189 1661 3217 1712 ό
3286 1657 3607 1721 ἀπόστολος,
3640 1660 3699 1712 ἐν

2112 1756 2191 1826 τῷ
2214 1755 2332 1827 Θεῷ
2354 1751 2492 1809 εἶναι
2514 1757 2663 1826 ἡμᾶς
2686 1756 2798 1822 πρὸ
2825 1749 3165 1818 καταϐολῆς
3203 1750 3453 1818 κόσμου.
3503 1748 3697 1800 Ίστέον

2112 1844 2225 1912 οῦν,
2252 1848 2332 1901 ὅτι
2372 1848 2447 1911 ὡς
2477 1848 2577 1917 τῆς
2607 1848 2859 1901 ἁπάντων
2891 1843 3228 1916 παραγωγῆς
3260 1841 3396 1894 κατά
3424 1840 3490 1893 τὺ
3522 1841 3698 1893 αἴτιον

2114 1939 2208 1992 καὶ
2242 1938 2342 2009 τὴν
2384 1937 2558 2009 ἀρχὴν
2594 1934 2988 2007 ἀπηρτημένης
3027 1932 3213 1995 αὑτοῦ,
3251 1930 3437 2001 ἐπειδὴ
3474 1930 3545 1984 τὰ
3572 1930 3701 1981 ὄντα

2114 2030 2292 2083 πάντα
2340 2028 2397 2093 ἐξ
2447 2026 2613 2080 αὑτοῦ
2660 2028 2820 2087 εἰσιν,
2873 2024 3099 2085 εἰκότως
3145 2023 3239 2075 ᾰτε
3282 2022 3374 2073 καὶ
3431 2020 3699 2090 μέλλοντα

2113 2119 2357 2182 ἔσεσθαι,
2391 2120 2449 2170 ἐν
2487 2117 2635 2186 αὐτῷ
2668 2116 2761 2169 καὶ
2797 2114 3254 2186 προῦφειστήκειν
3283 2110 3360 2181 τῷ
3396 2111 3586 2174 εἰδότι,
3616 2111 3698 2163 ὅτι

2113 2212 2206 2265 καὶ
2245 2209 2497 2281 παράξει,
2538 2208 2631 2262 καὶ
2665 2207 2795 2260 πότε
2822 2206 3074 2277 παράξει,
3099 2205 3173 2268 ὡς
3202 2206 3438 2274 ε’ρηται,
3483 2204 3512 2255 ὁ
3542 2200 3697 2264 εἰδὼς

2113 2302 2289 2356 πάντα
2333 2303 2459 2373 πρὶν
2506 2301 2771 2369 γενέσεων
2815 2298 3013 2352 αὐτῶν.
3053 2299 3155 2351 Ἦν
3203 2297 3268 2369 δὴ
3318 2297 3517 2350 ἀκτῖνα
3574 2294 3697 2347 οὔτε

2111 2395 2362 2464 ἐννοῆσαι
2423 2392 2685 2452 δυνατὸν,
2731 2389 2855 2443 οὔτε
2910 2391 3118 2453 εἰπεῖν,
3171 2388 3294 2441 οῦτε
3345 2387 3523 2450 ἄλλως
3581 2403 3699 2449 πως

2112 2484 2420 2557 θεωρῆσαι,
2462 2484 2550 2537 διὰ
2597 2484 2657 2536 τὸ
2702 2479 2837 2537 εἶναι
2898 2482 3117 2535 πάντων
3175 2482 3558 2553 ἐξῃρημένην,
3606 2480 3701 2533 καὶ

2112 2577 2552 2649 προσλαμϐάνειν
2598 2576 2696 2646 μὲν
2738 2577 2916 2628 πᾶσαν
2955 2574 3371 2645 ἀποπεράτωσιν
3414 2572 3698 2641 γνώσεως,

2111 2668 2205 2720 καὶ
2223 2667 2430 2730 οὐσίας,
2465 2666 2561 2720 καὶ
2597 2666 2899 2736 δυνάμεως·
2939 2666 3156 2719 πάντων
3180 2664 3237 2717 δὲ
3273 2665 3368 2717 καὶ
3388 2665 3501 2717 τῶν
3528 2665 3699 2735 οὐρα-

2109 2762 2238 2816 νίων
2261 2760 2396 2815 νοῶν
2421 2758 2862 2830 ὑπεριδρῦεσθαι.
2890 2759 3001 2810 Καὶ
3021 2758 3122 2829 ὅρα
3152 2756 3267 2820 πῶς
3293 2755 3700 2818 κατασκευάζει

2109 2853 2285 2908 τοῦτο.
2327 2854 2447 2907 ’Ὁτι
2488 2854 2542 2905 αί
2572 2850 2803 2920 γνώσεις
2845 2850 3007 2903 τινῶν
3049 2850 3156 2902 είσι
3201 2848 3430 2918 γνώσεις
3454 2888 3469 2911 ,
3529 2850 3701 2919 ἤγουν

2108 2945 2297 2999 ὄντων·
2346 2946 2441 2999 καὶ
2486 2944 2539 2998 εἴ
2586 2961 2710 2997 τινα
2753 2942 3219 3013 ἀποπερατοῦνται
3260 2941 3501 3010 γνωστὰ,
3551 2942 3702 3010 ἅπερ

2110 3038 2216 3091 εἰσὶ
2253 3038 2348 3089 καὶ
2376 3036 2513 3089 αὐτά
2551 3037 2697 3089 ὄντα.
2736 3037 2807 3088 Ἢ
2831 3035 3011 3106 πάσης
3035 3033 3164 3102 γοῦν
3190 3033 3393 3095 οὐσίας,
3432 3033 3529 3085 καὶ⁵
3568 3034 3703 3085 πάν-

427 3129 553 3181 dum
595 3141 818 3182 causam
850 3135 906 3180 et
952 3124 1275 3194 principium
1319 3124 1385 3177 ab
1429 3137 1495 3178 eo
1545 3124 1803 3192 pendere,
1836 3140 2003 3194 quan-

2108 3141 2214 3177 των
2238 3122 2347 3176 τῶν
2378 3122 2544 3176 ὄντων
2566 3122 2841 3185 ἐπέκεινα,
2867 3122 3083 3185 πάντως
3110 3121 3203 3174 καὶ
3235 3119 3488 3189 γνώσεως
3514 3122 3701 3190 πάσης

427 3220 716 3285 doquidem
752 3232 840 3273 res
883 3229 1072 3271 omnes
1103 3231 1200 3285 per
1224 3216 1397 3284 ipsum
1437 3216 1725 3284 exsistant,
1750 3216 2002 3285 probabi-

2108 3215 2418 3289 ἐξῃρημένη
2463 3215 2631 3268 ἐστίν.
2686 3215 2879 3268 Ἰστέον
2917 3214 2973 3266 δέ
3020 3215 3100 3267 ὃτι
3148 3213 3332 3283 ἕτερον
3376 3213 3559 3276 οὐσία,
3605 3215 3705 3267 καὶ

424 3308 552 3362 liter
596 3308 763 3361 etiam
805 3321 905 3372 ea,
947 3321 1069 3361 cum
1110 3306 1291 3358 futura
1335 3312 1527 3371 erant,
1559 3305 1611 3358 in
1647 3306 1763 3373 ipso
1786 3320 2001 3375 quoque

2108 3305 2291 3376 ἕτερον
2313 3304 2559 3375 δύναμις·
2581 3306 2614 3375 η
2641 3305 2739 3375 μὲν
2765 3306 2874 3377 γάρ
2894 3306 3001 3359 τῶν
3019 3305 3140 3358 καθ’
3169 3304 3307 3358 αῦτά
3340 3302 3703 3371 ὑφεστώτων,

426 3409 555 3453 ante
581 3397 916 3460 constitisse,
960 3405 1147 3466 utpote
1178 3395 1416 3459 sciente,
1443 3403 1498 3448 et
1525 3396 1669 3464 quod
1703 3398 2001 3464 producet,

2108 3398 2139 3469 ἠ
2169 3397 2226 3449 δὲ
2253 3395 2361 3449 τῶν
2384 3398 2442 3450 ἐν
2470 3398 2640 3469 ἑτέρῳ
2665 3398 2724 3450 τὸ
2748 3395 2885 3452 εἶναι
2907 3399 3138 3468 ἐχόντων
3162 3398 3329 3451 ἐστίν.

422 3499 481 3548 et
513 3490 728 3559 quando
775 3488 1072 3559 producet,
1115 3487 1192 3541 uti
1241 3488 1446 3543 dictum
1491 3498 1576 3545 eSt
1615 3502 1781 3542 :eum
1813 3489 1993 3544 omnia
2031 3498 2327 3557 cognoscat
2381 3502 2506 3543 ante
2554 3490 2765 3544 illorum
2813 3492 3247 3563 generationem.
3302 3489 3460 3544 Hunc
3502 3493 3699 3561 utique

425 3586 636 3639 radium
669 3595 846 3651 neque
869 3590 1052 3635 mente
1075 3578 1361 3649 concipere
1389 3594 1491 3635 nec
1524 3581 1772 3636 oratione
1828 3580 2074 3649 proloqui
2126 3579 2389 3644 valemus,
2443 3595 2617 3648 neque
2672 3581 2781 3635 alio
2836 3597 3160 3651 quocunque
3205 3582 3364 3635 modo
3411 3584 3697 3649 contueri,

424 3677 571 3745 quod
601 3675 675 3728 sit
700 3673 955 3728 omnibus
1003 3682 1311 3739 exemptus,
1364 3682 1421 3727 et
1458 3688 1675 3729 onmem
1716 3672 1931 3741 quidem
1990 3672 2229 3726 notionis
2288 3680 2343 3725 et
2387 3672 2638 3726 essentia:
2681 3681 2737 3727 et
2790 3674 3009 3727 virtutis
3056 3672 3499 3727 terminationem
3550 3678 3700 3728 anti-

422 3771 589 3837 cipet,
616 3780 777 3835 supra
800 3779 992 3820 omnes
1044 3779 1174 3820 vero
1204 3769 1455 3823 caelestes
1498 3768 1880 3838 intelligentias
1938 3768 2260 3823 collocetur.
2315 3766 2383 3821 Et
2436 3768 2556 3821 vide
2601 3769 2874 3837 quomodo
2921 3770 2974 3824 id
3017 3769 3230 3838 probet.
3284 3768 3556 3834 Quoniam
3604 3786 3701 3824 eo-

424 3861 696 3930 gnitiones
724 3859 1031 3927 aliquorum
1068 3863 1577 3934 suntcognitiones,
1614 3862 1769 3917 verbi
1794 3862 1991 3932 gratia,
2023 3870 2317 3926 rerum;et
2359 3860 2405 3914 si
2451 3861 2633 3930 aliqua
2698 3862 3035 3916 deﬁniuntur
3090 3872 3243 3923 nota,
3303 3876 3423 3929 quae
3472 3870 3531 3915 et
3576 3861 3698 3930 ipsa

425 3970 514 4007 res
547 3962 692 4006 sunt.
726 3950 880 4017 Quod
928 3951 1095 4020 igitur
1139 3951 1284 4005 omni
1322 3950 1560 4006 essentia
1599 3952 1867 4018 rebusque
1908 3952 2159 4005 0tnnibus
2190 3948 2519 4003 eminentius
2570 3959 2674 4017 est,
2737 3951 2925 4020 utique
2986 3950 3053 4003 ab
3108 3950 3257 4004 omni
3308 3964 3533 4018 quoque
3600 3966 3699 4004 eo-

422 4049 670 4117 gnitione
694 4044 974 4100 eximitur.
1004 4042 1299 4097 Sciendum
1341 4058 1533 4111 porro,
1589 4042 1736 4095 aliud
1783 4057 1907 4097 esse
1965 4043 2286 4107 essentiam,
2341 4052 2396 4097 et
2453 4043 2600 4098 aliud
2648 4044 2945 4108 virtutem;
3012 4042 3104 4097 illa
3156 4044 3302 4097 enim
3355 4052 3442 4096 est
3493 4058 3696 4098 eorum

423 4157 542 4210 qua:
578 4152 673 4208 per
715 4152 773 4191 se
812 4134 1148 4200 subsistunt,
1192 4137 1308 4189 haec
1336 4149 1471 4189 vero
1495 4149 1686 4191 eorum
1715 4147 1841 4203 qua:
1883 4134 2005 4189 aliis
2044 4136 2245 4191 insunt.

496 4232 525 4305 ς
560 4232 623 4284 ν.
650 4228 786 4285 Cum
828 4227 1056 4283 dixisset
1083 4226 1423 4280 divinitatem
1447 4242 1662 4283 omnem
1696 4229 1989 4284 essentiam

419 4338 475 4382 et
505 4327 870 4397 cognitionem
910 4337 1193 4392 superare,
1225 4324 1361 4392 petit
1388 4325 1661 4391 quomodo
1688 4325 1853 4394 igitur
1894 4340 1991 4378 no-

2172 4232 2200 4303 §
2241 4230 2302 4286 V.
2334 4230 2517 4286 Εἰπὼν
2560 4230 2659 4301 τὴν
2686 4226 2943 4299 θεαρχίαν
2974 4226 3155 4296 πάσης
3187 4224 3371 4288 οὐσίας
3412 4221 3699 4298 ἐξῃρημέ-

2098 4342 2195 4395 νην
2243 4324 2338 4377 καλ⁵
2383 4322 2655 4392 γνώσεως,
2698 4322 2894 4391 ἀπορεῖ
2937 4318 3054 4382 πῶς
3100 4314 3193 4371 οῦν
3250 4317 3697 4387 ὀνομασθήσεται

425 4420 620 4473 minari
674 4420 845 4489 possit
897 4417 1147 4488 (nomina
1200 4416 1344 4470 enim
1396 4430 1575 4471 rerum
1625 4417 1991 4485 subiectarum

2108 4420 2188 4489 [τά
2224 4418 2335 4489 γὰρ
2361 4417 2599 4488 ὀνόματα
2640 4412 2915 4486 δηλωτικὰ
2939 4414 3044 4465 εἰσι
3080 4410 3421 4483 πραγμάτων
3463 4411 3700 4465 ὑποκειο

423 4520 549 4565 sunt
578 4510 930 4578 declarativa)
959 4516 1013 4561 et
1040 4508 1312 4576 quomodo
1341 4507 1407 4561 de
1455 4507 1656 4562 divinis
1687 4509 1996 4564 nominibus

422 4620 451 4655 a
484 4602 639 4657 nobis
663 4619 844 4659 sermo
872 4603 1315 4668 cencinnabitur,
1341 4602 1417 4669 si,
1458 4603 1535 4657 uti
1577 4603 1777 4657 dictum
1806 4611 1913 4668 est,
1943 4612 1997 4656 et

420 4708 641 4747 omnem
683 4710 991 4749 sermonem
1044 4703 1099 4748 et
1140 4709 1357 4749 omnem
1404 4693 1682 4748 notionem
1728 4693 1996 4748 excedat?

423 4794 481 4839 et
505 4785 550 4839 si
576 4785 647 4839 sit
675 4800 839 4854 supra
870 4794 1105 4840 mentem
1134 4796 1190 4840 et
1216 4786 1819 4855 essentiam,quomodo
1842 4798 1994 4838 mens

422 4892 542 4931 eam
571 4877 820 4946 attinget,
863 4888 953 4931 aut
985 4877 1399 4947 apprebettdet?
1423 4876 1549 4931 Haec
1578 4877 1723 4931 enim
1757 4886 1815 4930 ut
1841 4891 1997 4931 crea-

421 4968 529 5021 trix
564 4967 746 5021 omnia
791 4969 1213 5036 complectitur,
1264 4970 1392 5037 quia
1438 4968 1637 5023 coelum
1690 4977 1746 5021 et
1790 4979 1991 5023 terram

418 5059 641 5128 implet;
681 5067 736 5111 et
762 5059 1204 5126 comprehendit,
1249 5060 1301 5111 in
1330 5067 1587 5128 quantum
1619 5058 1787 5129 308
1811 5060 1992 5128 provi-

422 5149 531 5212 det,
565 5148 619 5201 ia
648 5150 761 5217 ipsa
812 5148 959 5202 enim
1008 5149 1188 5203 omnia
1238 5150 1585 5213 consistunt,
1623 5160 1679 5204 et
1703 5148 1985 5217 anticipat,

418 5238 547 5307 quia
600 5237 840 5292 rationes
890 5238 1170 5302 omnium,
1218 5238 1303 5292 vel
1351 5240 1528 5309 potius
1581 5239 1716 5294 lines
1744 5240 1984 5293 omnium

419 5332 721 5394 notionum,
748 5330 798 5383 in
824 5330 942 5399 ipsa
980 5332 1378 5398 praeexsistnnt.
1410 5330 1507 5385 Est
1530 5341 1710 5386 autem
1738 5332 1990 5386 omnibus

420 5436 527 5473 non
561 5419 879 5488 simpliciter
908 5421 1129 5474 omnino
1157 5430 1214 5476 et
1255 5424 1495 5491 pr0prie,
1526 5424 1619 5477 sed
1664 5437 1760 5491 per
1786 5438 1845 5477 se
1871 5438 1987 5478 om-

422 5512 569 5572 nino,
599 5520 653 5564 et
694 5524 792 5578 per
830 5525 888 5564 se
930 5511 1174 5580 proprie,
1199 5520 1255 5565 et
1297 5527 1393 5581 per
1432 5527 1490 5567 se
1525 5515 1739 5582 penitus
1779 5514 1987 5569 incon:~

422 5601 823 5669 prehensibilis.
848 5600 982 5656 Nam
1006 5602 1146 5672 quod
1173 5618 1272 5672 per
1293 5619 1352 5658 se
1383 5603 1650 5659 inﬁnitum
1677 5615 1780 5671 est,
1813 5607 1977 5661 etiam

1418 5778 1483 5831 ει
1513 5777 1657 5832 Pctr.
1688 5794 1724 5842 I,
1757 5778 1846 5831 20.

498 5787 523 5811 ο
556 5774 707 5825 ltum.
738 5793 813 5828 τι.
846 5776 896 5829 5.
979 5774 995 5813 ί
1028 5774 1186 5832 ³0811.
1228 5794 1337 5833 XVI.

2096 4510 2304 4581 μένων)
2340 4510 2435 4562 καί⁹
2493 4508 2608 4571 πῶς
2658 4503 3213 4576 πραγματευθήσεται
3262 4504 3291 4555 ὁ
3332 4504 3463 4573 περὶ
3521 4504 3699 4557 Os.in

2092 4602 2370 4671 ὀνομάτων
2404 4599 2561 4667 λόγος
2586 4601 2740 4669 ἡμῖν,
2776 4599 2825 4650 εί
2855 4597 3123 4668 κρείττων
3157 4596 3325 4661 ἐστὶν,
3346 4595 3423 4658 ὡς
3458 4596 3695 4667 ἐρρέθη,

2092 4694 2187 4747 καὶ
2216 4691 2414 4755 παντὸς
2438 4691 2596 4759 λόγου
2620 4691 2714 4743 καὶ
2741 4690 2919 4759 πάσης
2942 4686 3218 4757 γνώσεως,
3254 4688 3349 4741 καὶ
3386 4688 3436 4739 εί
3463 4686 3562 4740 νοῦ
3597 4690 3698 4742 καὶ

2090 4783 2276 4847 οὐσίας
2299 4784 2577 4846 ἐπέκεινα,
2615 4781 2734 4843 πῶς
2771 4780 2799 4831 ὁ
2837 4779 2961 4844 νοῦς
3005 4779 3367 4841 ἐπιϐαλεῖται,
3397 4779 3497 4831 καὶ
3537 4797 3697 4851 περι-

2095 4876 2382 4948 δράξεται;
2414 4874 2562 4945 Αὕτη
2587 4875 2695 4945 γάρ
2721 4876 2868 4928 ἐστιν
2895 4874 3149 4927 ἁπάντων
3187 4870 3590 4943 περιληπτικὴ,
3613 4872 3695 4934 ὡς

2094 4967 2444 5038 δημιουργὸς,
2484 4967 2566 5019 ὅτι
2609 4966 2701 5019 τὸν
2744 4966 2970 5036 οὐρανὸν
3013 4966 3108 5018 καὶ
3149 4966 3249 5036 τὴν
3299 4962 3407 5031 γῆν
3454 4961 3687 5031 πληροῖ·

2094 5060 2189 5112 καὶ
2226 5058 2582 5130 συλληπτικὴ,
2638 5059 2714 5123 ὼς
2761 5059 3115 5131 προνοητική·
3157 5060 3216 5110 ἐν
3263 5056 3401 5125 αὐτῇ
3444 5053 3559 5125 γὰρ
3620 5053 3691 5106 τά

2094 5152 2271 5205 πάντα
2311 5151 2628 5223 συνέστηκε·
2664 5151 2758 5205 καὶ
2792 5150 3158 5222 προληπτικὴ,
3186 5149 3269 5201 ὅτι
3306 5147 3401 5201 καὶ¹
3437 5147 3488 5198 οἱ
3528 5144 3690 5214 λόγοι

2090 5243 2331 5307 πάντων,
2360 5242 2557 5314 μᾶλλον
2592 5242 2650 5297 δὲ
2677 5243 2746 5296 τά
2782 5242 2994 5314 πέρατα
3020 5240 3130 5294 τῶν
3168 5238 3422 5308 γνώσεων
3446 5237 3688 5291 ἀπασῶν

2097 5338 2156 5390 ἐν
2199 5338 2335 5409 αὐτῇ
2380 5338 2811 5409 προῦφέστηκεν.
2840 5339 2996 5390 Ἐστι
3032 5336 3089 5389 δὲ
3135 5336 3301 5388 πᾶσιν
3347 5332 3448 5403 οὐχ
3486 5330 3688 5394 ἁπλῶς

2094 5428 2320 5483 καθόλου
2361 5430 2455 5483 καὶ
2484 5429 2684 5502 κυρίως
2718 5429 2976 5500 ἄληπτος,
3006 5428 3143 5482 ἀλλά
3167 5424 3553 5485 αὐτοκαθόλου,
3586 5432 3686 5475 καὶ

2092 5518 2450 5591 αὑτοκυρίως,
2476 5520 2569 5575 καὶ
2591 5518 3022 5582 αὑτοπαντελῶς.
3050 5518 3124 5570 Τὸ
3149 5516 3258 5587 γὰρ
3287 5514 3683 5582 αὐτοάπειρον,

2088 5610 2181 5665 καὶ
2219 5609 2575 5665 αὐτοκαοόλου
2614 5609 2871 5681 ἄληπτον·
2926 5610 3022 5663 καὶ
3045 5603 3155 5663 οἷον
3195 5608 3256 5661 τὸ
3289 5603 3684 5672 ὑποκείμενον,
