3876 6226
262 339 376 398 ινδ

832 342 923 397 DE
956 342 1209 398 DIVINIS
1241 341 1644 411 NOMINIBUS,
1677 342 1831 397 CAP.
1868 341 1909 395 1.
1944 372 2013 382 -
2045 339 2395 398 PARAPHR.
2432 339 2906 397 PACHYMERE.

3418 338 3524 392 69.6

262 457 509 511 τοιοῦτον
548 459 640 511 καὶ
674 458 735 509 τὸ
775 458 923 511 ῐδιον.
957 460 1066 512 Καὶ
1102 458 1225 512 οὔτε
1257 458 1505 531 αἰσθήσει
1535 457 1833 512 ὑποπίπτει

1960 471 2058 527 per
2085 472 2144 511 se
2164 459 2387 513 omnino
2412 455 2967 528 iucomprebensibile
2996 456 3212 513 exsistit
3238 473 3255 511 :
3280 464 3336 510 et
3366 456 3524 524 quale

262 551 386 603 οὐδὲ
413 550 522 621 γὰρ
544 549 819 621 αἰσθητόνο
854 550 978 603 οὔτε
1016 552 1284 623 φαντασίᾳ
1319 552 1445 615 τινὶ,
1488 550 1731 604 τυπώσει
1759 550 1854 621 δη-

259 641 397 712 λαδὴ
439 642 801 714 ἀναγγελτικῇ
841 642 1099 713 αἰσθητοῦ
1135 643 1287 707 νοὸς,
1315 644 1526 712 γίνεται
1570 644 1680 715 γὰρ
1718 661 1853 713 φαν-

258 734 428 787 τασία
461 736 526 785 ἐκ
578 734 846 804 μενόντων
879 733 1041 786 τινῶν
1081 733 1603 805 ἐγκαταλειμμάτων
1623 774 1637 799 ,
1680 736 1737 801 ἐξ
1768 734 1852 787 αἰ-

261 826 366 897 σθη
377 827 559 897 μάτων
582 827 656 898 μὴ
681 825 876 897 ἔχουσα
896 828 1290 899 ἐρηρεισμένας
1312 827 1402 881 ἐπί
1422 844 1474 880 τι
1494 827 1593 891 τάς
1614 827 1846 891 εἰκόνας.

260 918 393 981 Πῶς
434 914 528 971 οὖν
577 918 1015 989 φαντασθήσεται
1065 919 1125 972 τὸ
1176 918 1444 986 ἀθέατον;
1504 918 1641 973 Οὑτε
1697 918 1845 993 δόξῃ,

259 1010 429 1062 οἰονεί
452 1010 632 1081 τοιᾷδέ
652 1027 758 1063 τινι
784 1009 1045 1082 ὑπολήψει
1069 1008 1207 1064 κατὰ
1227 1010 1287 1063 τὸ
1314 1010 1504 1065 δοκοῦν
1529 1010 1845 1083 φαινομένῃ*

257 1103 313 1154 εἰ
338 1102 449 1173 γὰρ
478 1103 572 1156 καί
601 1102 799 1174 μᾶλλον
824 1104 924 1174 τῆς
955 1103 1255 1172 φαντασίας
1278 1105 1311 1176 ἠ
1335 1104 1459 1172 δόξα
1486 1105 1845 1175 πεπέρασται,

258 1194 358 1246 καὶ
381 1195 496 1245 ἐστι
520 1193 655 1265 πρὸς
693 1194 773 1264 τῷ
798 1196 879 1248 ἐνὶ
905 1195 1167 1265 σύνεγγυς
1188 1195 1281 1249 τοῦ
1318 1196 1454 1261 νοός*
1481 1197 1561 1250 δτι
1586 1198 1679 1250 καὶ⁹
1708 1196 1845 1268 αὕτη

255 1284 543 1338 ἐπιϐάλλει
563 1286 966 1355 ἀσυλλογίστως
1000 1289 1112 1351 τοῖς
1133 1287 1241 1340 τῶν
1274 1288 1612 1359 πραγμάτων
1641 1306 1849 1360 συμπε-

259 1378 559 1449 ράσμασιν,
604 1378 795 1449 ῶσπερ
831 1381 860 1433 ό
899 1378 1023 1443 νοῦς
1070 1380 1190 1433 καθ’
1227 1380 1405 1452 ἁπλῆν
1442 1382 1719 1453 ἐπιϐολὴν,
1746 1382 1847 1452 τῆς

256 1470 564 1536 φαντασίας
586 1470 789 1539 πλῆθος
815 1471 1040 1541 ἄπειρον
1062 1472 1157 1523 καὶ
1184 1472 1434 1544 ἀόριστον
1459 1473 1707 1545 ἐχούσης,
1730 1472 1845 1527 ἀλλ’

252 1559 357 1629 οὑχ
380 1559 466 1613 οἵα
505 1559 568 1612 τέ
605 1560 750 1613 ἐστιν
784 1562 816 1631 ἡ
846 1559 971 1624 δόξα
1006 1562 1316 1616 ἐπιϐάλλειν
1351 1567 1463 1628 τοῖς
1498 1565 1640 1637 ὑπὲρ
1677 1565 1846 1620 κατά-

252 1650 439 1722 ληψιν.
474 1651 610 1705 Οὑτε
653 1653 879 1723 ὀνόματι
917 1654 1232 1707 ὑποπίπτει·
1280 1656 1398 1720 πῶς
1424 1657 1533 1729 γὰρ
1560 1658 1621 1711 τὸ
1664 1658 1844 1731 πάσης

250 1742 513 1811 γνώσεως
553 1744 812 1796 ἐπέκεινα
852 1744 1316 1818 ὀνομασθήσεται;
1354 1747 1478 1801 οὔτε
1520 1748 1682 1821 λόγῳ·
1725 1750 1843 1816 πῶς

1954 555 2037 603 est
2084 551 2406 617 subjectum,
2462 550 2583 604 talis
2632 551 2799 605 etiam
2846 560 2932 603 est
2969 551 3297 619 proprietas.
3338 547 3525 616 Neque

1952 641 2118 695 etiam
2148 642 2247 696 sub
2288 656 2509 696 sensum
2536 643 2704 704 cadit,
2738 641 3000 712 quoniam
3031 657 3139 697 non
3179 652 3264 697 est
3290 642 3520 704 sensile;

1952 748 2130 804 neque
2159 732 2275 802 ejus
2300 744 2383 791 est
2408 734 2746 806 imaginatio,
2771 748 2895 804 quae
2924 733 3179 789 videlicet
3207 734 3281 788 sit
3307 732 3525 787 sensilis

1951 824 2177 891 alicujus
2212 826 2551 880 cnuntiativa
2594 826 2870 897 tiguratio,
2915 826 2971 880 ﬁt
3014 826 3158 880 enim
3204 825 3523 895 imaginatio

1947 929 2015 969 ex
2048 917 2297 986 reliquiis
2328 918 2658 988 quibusdam
2691 933 2760 973 ex
2804 918 3211 973 sensationibus
3241 931 3524 971 remanen-

1950 1004 2117 1072 tibus,
2157 1022 2261 1061 non
2294 1007 2506 1063 habens
2538 1007 2740 1063 solidas
2768 1010 2820 1063 in
2849 1008 3034 1077 aliquo
3064 1008 3349 1077 imagines.
3383 1007 3521 1074 Quo.

1947 1099 2111 1152 modo
2178 1098 2343 1168 igitur
2404 1099 2794 1170 imaginatione
2861 1098 3093 1169 exprimi
3149 1098 3318 1168 possit
3376 1097 3519 1168 quod

1946 1193 2097 1247 cerui
2152 1192 2379 1261 nequit?
2425 1190 2611 1263 Neque
2660 1193 2825 1247 etiam
2873 1193 2992 1257 ejus
3039 1200 3121 1248 est
3172 1191 3377 1261 opinio,
3402 1206 3519 1260 qua:

1946 1285 2101 1354 quasi
2126 1299 2191 1339 ex
2227 1286 2544 1355 conjectura
2569 1284 2749 1355 aliqua
2779 1287 3077 1340 secundum
3105 1284 3518 1341 :estimationem

1945 1377 2217 1446 probabili
2269 1378 2496 1432 formari
2529 1379 2743 1448 possit:
2777 1379 3043 1447 siquidem
3073 1377 3259 1447 opinio
3294 1386 3378 1431 est
3407 1392 3523 1430 ma-

1944 1469 2027 1538 gis
2074 1468 2305 1524 limitata
2352 1484 2516 1539 quam
2569 1472 2924 1542 imaginatio,
2975 1479 3163 1540 estque
3215 1469 3408 1524 mentis
3451 1470 3518 1522 ad

1944 1576 2110 1615 unum
2153 1561 2284 1630 quid
2331 1562 2667 1632 applicatio;
2710 1564 2968 1633 quoniam
3016 1563 3131 1617 haec
3188 1561 3352 1616 etiam
3400 1561 3519 1614 sine

1945 1652 2369 1707 ratiocinatione
2412 1666 2597 1707 rerum
2645 1652 2910 1707 terminos
2954 1648 3343 1722 apprehendit,
3376 1648 3519 1704 sicut

1946 1738 2255 1794 intellectus
2300 1755 2399 1809 per
2452 1740 2761 1810 simplicem
2818 1740 3345 1810 apprehensionem,
3393 1753 3515 1793 cum

249 1833 365 1904 γάρ
396 1833 588 1905 ῥηθείη
613 1834 675 1886 τὸ
700 1832 937 1906 ἄρρητον
958 1852 972 1901 ;
1010 1834 1134 1889 οὔτε
1155 1839 1362 1909 ἐπαφῇ,
1394 1841 1557 1911 νοερᾷ
1582 1840 1837 1912 δηλονότι,

1946 1832 2275 1904 imaginalio
2323 1833 2594 1888 inﬁnitam
2657 1844 2714 1890 et
2776 1834 3255 1889 indeterminatam
3321 1832 3519 1886 habeat

248 1924 281 1980 ὅ
323 1925 443 1977 ἐστι
469 1925 567 1995 νῷ,
598 1927 693 1979 καὶ
727 1926 835 1998 γὰρ
872 1928 920 1979 οἰ
961 1931 1075 1991 τοῖς
1112 1932 1323 2001 νοητοῖς
1361 1931 1739 1998 ἐπιϐάλλοντες
1765 1933 1837 2006 τῷ

1944 1925 2376 1990 multitudinem,
2408 1925 2502 1980 sed
2549 1942 2725 1997 neque
2771 1927 2936 1982 etiam
2985 1933 3170 1996 potest
3218 1925 3405 1991 opinio
3452 1939 3514 1977 ea

245 2013 333 2067 νοῒ
363 2014 611 2069 δοκοῦσιν
638 2015 827 2087 ὥσπερ
853 2017 1149 2088 ἁπτόμενοι
1178 2019 1377 2083 αὐτῶν,
1410 2025 1550 2075 νοεῖν
1578 2024 1606 2076 ὃ
1628 2042 1682 2078 τι
1712 2026 1837 2079 ποτέ

1942 2033 2065 2088 quae
2093 2033 2255 2088 supra
2286 2030 2503 2089 captum
2534 2029 2661 2075 sunt
2686 2020 3111 2090 apprehendere.
3137 2016 3324 2088 Neque
3349 2019 3513 2073 etiam

246 2106 415 2169 εἰσιν,
440 2105 516 2169 ὡς
542 2107 635 2159 καὶ
658 2106 747 2160 διὰ
773 2108 873 2177 τῆς
901 2109 1047 2179 ἀφῆς
1072 2110 1180 2163 τῶν
1207 2111 1478 2183 αἰσθητῶν
1496 2114 1565 2167 τὰ
1587 2116 1837 2189 αἰσθητὰ,

1940 2109 2044 2163 sub
2073 2124 2271 2164 nomen
2294 2109 2475 2175 cadit;
2502 2112 2775 2175 quomodo
2800 2111 2944 2165 enim
2970 2111 3340 2165 nominabitur
3371 2112 3514 2179 quod

244 2196 346 2248 ἐπὶ
374 2196 432 2249 δὲ
460 2195 595 2248 Θεοῦ
640 2198 850 2261 οὐδενὸς
876 2200 1078 2271 νοερῶς
1118 2199 1471 2272 ὲπαφώμεθα.
1506 2204 1688 2259 Εἰπὼν
1726 2208 1837 2261 τοί-

1941 2209 2166 2270 superat
2196 2215 2361 2256 omne
2406 2202 2641 2257 nomen?
2666 2201 2853 2271 Neque
2878 2201 2979 2256 sub
3012 2216 3353 2269 sermonem;
3383 2217 3515 2271 quo-

245 2304 347 2339 νυν
386 2286 487 2351 τὰς
529 2288 805 2360 τέσσαρας
852 2291 1156 2359 γνωστικάς
1200 2292 1455 2365 δυνάμεις
1500 2296 1601 2368 τῆς
1638 2296 1837 2370 ψυχῆς,

1942 2291 2103 2345 modo
2144 2291 2290 2345 enim
2340 2292 2487 2360 quod
2537 2290 2812 2348 inell‘abile
2856 2301 2942 2348 est
2981 2293 3255 2348 enuntiari
3310 2294 3517 2363 possit?

243 2379 350 2450 τὴν
380 2378 658 2451 αἴσθησιν,
706 2380 804 2451 τὴν
853 2385 1176 2449 φαντασίαν,
1223 2388 1323 2458 τήν
1359 2388 1545 2456 δόξαν,
1574 2390 1665 2443 τὸν
1690 2392 1836 2458 νοῦν,

1939 2376 2127 2447 Neque
2164 2379 2265 2433 sub
2307 2388 2547 2446 tactum,
2601 2381 2974 2437 iutellectilem
3024 2382 3301 2447 videlicet,
3351 2384 3403 2438 id
3433 2399 3516 2437 est

242 2471 433 2543 τίθησι
462 2474 557 2527 καὶ
586 2475 686 2545 τὴν
730 2473 922 2545 λοιπὴν
955 2476 1285 2550 ἐπιστήμην,
1319 2481 1557 2553 δηλονότι
1598 2486 1696 2556 τὴν
1726 2485 1837 2539 διά-

1940 2470 2140 2525 mentis
2169 2488 2184 2525 :
2212 2472 2305 2539 qui
2332 2472 2481 2527 enim
2513 2472 2949 2543 intelligibilibus
2976 2484 3035 2529 et
3062 2473 3515 2530 immaterialibus

242 2581 421 2617 νοιαψ
470 2568 505 2636 ἡ
552 2565 661 2637 γὰρ
703 2566 978 2640 ἐπιστήμη
1025 2570 1113 2623 διά
1161 2589 1321 2626 τινων
1372 2578 1837 2649 προῦπαρχουσῶν

1942 2564 2103 2616 rebus
2134 2576 2313 2617 mente
2337 2563 2942 2627 incumbunt,videntur
2968 2565 3370 2634 quodammodo
3398 2565 3512 2634 ipsa

240 2656 504 2724 γνὼσεων
531 2658 757 2728 γίνεται.
779 2661 916 2714 Ποία
940 2661 997 2714 δὲ
1027 2663 1092 2717 ἂν
1120 2664 1204 2736 εῐη
1240 2666 1437 2733 γνῶσις
1467 2668 1602 2721 Θεοῦ
1630 2673 1840 2740 προῦπ-

241 2749 526 2819 ἀρχουσα;
570 2750 693 2804 ὅθεν
732 2752 854 2804 οὑδέ
896 2754 1173 2829 ἐπιστήμῃ
1215 2757 1535 2814 ὑποπίπτει.
1580 2761 1706 2825 Πῶς
1744 2757 1838 2816 οῦν

239 2841 731 2913 ὀνομασθήσεταιή
754 2843 986 2915 ἄκλητος
1016 2848 1109 2900 καὶ
1131 2848 1204 2919 μὴ
1234 2851 1538 2923 καλουμένη
1570 2855 1675 2906 τινὶ
1700 2871 1839 2923 γνω-

244 2932 499 3002 ρίσματι,
523 2933 618 2985 καὶ
641 2934 714 3005 μὴ
749 2934 908 3004 μόνον
936 2936 1186 3008 ἄκλητος,
1209 2939 1344 2993 ἀλλά
1372 2943 1465 2995 καὶ
1488 2943 1626 3014 ὑπὲρ
1657 2946 1835 2999 πᾶσαν

1939 2931 2191 2995 virtutes,
2226 2945 2346 3000 qua:
2388 2931 2755 3001 cognoscendi
2803 2930 2853 2984 vi
2899 2930 3121 3000 pollent,
3154 2931 3511 2994 recensuerit,

238 3022 549 3094 ὀνομασίαν
582 3020 750 3091 οῦσα;
789 3026 965 3098 Ὅπερ
993 3029 1101 3101 γὰρ
1130 3030 1359 3103 ἔφημεν,
1390 3036 1550 3106 ήνίκα
1593 3037 1692 3100 τὰς
1721 3038 1836 3092 θεο-

1939 3022 2150 3077 scilicet
2190 3036 2435 3087 sensum,
2481 3022 2961 3092 imaginationem,
2999 3023 3335 3091 opinionem,
3366 3038 3515 3077 men-

239 3115 472 3183 λογικάς
501 3118 878 3183 ὑποτυπώσεις
904 3120 1275 3193 ἐξετιθέμεθα,
1304 3127 1401 3197 τὴν
1428 3129 1708 3202 τριαδικὴν
1741 3134 1835 3186 καὶ

1942 3124 2074 3178 tem,
2112 3117 2265 3170 addit
2306 3125 2361 3170 et
2399 3116 2665 3185 reliquam
2713 3117 3023 3180 scientiam,
3049 3116 3263 3171 scilicet
3287 3127 3512 3171 senten-

238 3208 557 3279 ὁμοάγαθον
581 3214 674 3265 καὶ
708 3212 931 3283 όμόθεον
961 3214 1142 3281 ἐνάδα,
1172 3218 1309 3291 ὅπερ
1338 3221 1453 3274 ἐστὶ
1481 3224 1622 3276 κατὰ
1650 3225 1830 3292 φύσιν,

1940 3207 2106 3273 tiam;
2141 3209 2372 3264 scientia
2416 3210 2562 3264 enim
2606 3210 2668 3264 ﬁt
2692 3224 2787 3280 per
2824 3209 3034 3279 aliquas
3068 3210 3512 3280 praexsistentcs

238 3298 368 3389 οὔτε
396 3301 589 3364 εἰπεῖν,
621 3300 744 3354 οὑτε
775 3303 1023 3373 ἐννοῆσαι
1050 3304 1291 3363 δυνατόν.
1320 3311 1429 3364 Καὶ
1460 3312 1513 3364 τί
1540 3331 1679 3385 φημι
1709 3317 1835 3389 περὶ

1939 3299 2206 3354 notiones.
2220 3300 2409 3367 Qualis
2438 3310 2620 3355 autem
2647 3301 2739 3356 Dei
2765 3302 2916 3355 notio
2938 3301 3318 3370 pratexsistat?
3337 3314 3509 3370 quare

236 3388 405 3451 θεοῦ,
431 3391 513 3443 ὅτι
541 3392 857 3463 ἀνεννόητος
881 3394 1011 3464 ἡμῖν
1042 3396 1135 3450 καὶ
1166 3397 1468 3468 ἀφθεγκτός
1495 3403 1673 3470 ἐστιν;
1701 3388 1836 3460 ἀλλά

1939 3404 2112 3460 neque
2138 3392 2238 3445 sub
2276 3391 2561 3447 scientiam
2601 3392 2775 3447 cadit.
2819 3392 3102 3459 Quomodo
3144 3392 3311 3461 igitur
3334 3392 3510 3444 nomi-

237 3484 339 3535 καὶ¹
372 3484 536 3536 αὑταὶ
564 3486 619 3537 αἱ
667 3488 773 3541 τῶν
800 3489 1068 3561 οὐρανίων
1096 3490 1377 3562 δυνάμεων
1405 3494 1835 3568 ἀγγελοπρεπεῖς

1939 3483 2053 3537 nari
2082 3482 2370 3550 possit,et
2412 3498 2538 3538 cum
2583 3482 2989 3538 innominabilis
3036 3484 3140 3549 sit,
3186 3498 3363 3551 neque
3404 3483 3508 3536 ulla

238 3574 492 3638 ἐνώσεις,
542 3577 666 3631 καθ’
718 3579 785 3643 ἃς
834 3580 1077 3635 ἐνοῦνται
1130 3582 1248 3654 Θεῷ
1288 3584 1410 3638 καθ’
1457 3587 1581 3639 ὅσον
1634 3589 1834 3660 πρέπει

1939 3576 2160 3630 notione
2206 3575 2529 3645 compellari
2580 3575 2790 3642 valeat;
2842 3592 3017 3648 neque
3047 3587 3255 3633 tantum
3283 3575 3512 3631 innomi-

238 3666 497 3721 ἐνοῦσθαι
526 3669 791 3737 ἀγγέλους
812 3672 948 3744 Θεῷ.
980 3668 1147 3727 Αὑται
1175 3670 1269 3727 οῦν
1306 3677 1360 3729 αἰ
1391 3676 1611 3742 ἐνώσεις
1638 3680 1705 3744 ἃς
1723 3680 1831 3734 εἴτε

1939 3669 2159 3733 nabilis,
2191 3669 2286 3723 sed
2311 3677 2368 3724 et
2395 3683 2561 3737 supra
2602 3683 2766 3725 omne
2814 3686 3010 3726 nomen
3042 3670 3151 3725 sit?
3180 3670 3333 3736 Quod
3361 3669 3505 3724 enim

236 3757 506 3821 ἐπιϐολὰς
530 3759 639 3812 εἴτε
669 3763 980 3833 παραδοχάς
1019 3764 1125 3835 χρὴ
1170 3765 1333 3833 φάναι
1370 3769 1468 3840 τῆς
1500 3770 1832 3843 ἀγαθότητος

1939 3760 2274 3825 dicebamus,
2300 3760 2518 3828 quando
2546 3759 2878 3830 tlieologicas
2901 3759 3315 3816 informatioues
3340 3773 3507 3827 expc--

234 3851 338 3904 τοῦ
370 3851 531 3916 Θεοῦ,
565 3850 792 3924 ἄρρητοι
835 3857 929 3909 καὶ
956 3855 1223 3925 ἀγνωστοί
1263 3861 1419 3915 εἰσιν.
1460 3860 1747 3935 Ἐπιϐολὴν
1774 3865 1830 3919 δέ

1939 3850 2223 3915 nebamus,
2253 3851 2455 3905 trinam
2506 3849 2655 3904 illam
2704 3852 2969 3906 unitatem
3012 3859 3066 3906 et
3093 3850 3254 3907 simul
3284 3850 3504 3925 bonum,

234 3944 466 4016 νοητέον
489 3946 587 4016 τὴν
617 3948 697 4010 εἰς
729 3948 790 4000 τὸ
818 3948 939 4002 καθ’
967 3949 1025 4002 ἓν
1052 3950 1159 4003 τῶν
1188 3955 1587 4025 παραγομένων
1616 3958 1831 4029 μεριζο-

238 4036 416 4107 μὲνην
443 4038 668 4110 ἀμερῶς
695 4038 911 4112 θέλησιν
937 4042 983 4073 ³⁸
1013 4043 1106 4096 τοῦ
1136 4044 1293 4110 Θεοῦ,
1318 4048 1592 4102 τουτέστιν
1627 4052 1706 4113 εἰς
1733 4053 1831 4123 τὴν

234 4130 476 4183 ἑκάστου
516 4135 876 4204 παραγωγήν.
938 4134 1074 4189 Ἀλλ’
1117 4138 1239 4191 ἐπεὶ
1291 4140 1352 4192 οὑ
1411 4142 1830 4212 συμϐιϐάζονται

234 4223 335 4275 καὶ
364 4224 420 4274 αἱ
453 4224 753 4295 παρα-δοχαὶ
780 4226 923 4280 κατὰ
949 4229 1047 4299 τὴν
1068 4230 1321 4303 τοιαύτην
1352 4231 1563 4286 ἔννοιαν
1580 4235 1678 4305 τῆς
1706 4236 1828 4290 ἐπι-

234 4315 428 4384 ϐολῆς,
462 4315 637 4379 ἄλλως
685 4318 903 4389 νοητέον
935 4321 995 4373 τὸ
1029 4322 1190 4393 ῥητὸν
1234 4323 1327 4376 ἐπὶ
1356 4325 1464 4377 τῶν
1493 4326 1738 4394 ἀγγέλων
1759 4367 1773 4388 ,
1802 4327 1831 4380 ὃ

1939 4326 2054 4381 gnte
2082 4310 2290 4381 angelis
2333 4312 2589 4377 uniones,
2624 4310 2926 4365 secundum
2972 4324 3110 4379 quas
3139 4309 3246 4362 Deo
3282 4306 3507 4375 conjun-

234 4408 335 4460 καὶ
370 4407 591 4478 μᾶλλον,
621 4410 703 4462 ὄτι
737 4413 832 4463 καὶ
857 4413 1106 4467 ἐπιϐολαὶ
1133 4415 1228 4468 καὶ
1268 4417 1569 4488 παραδοχαϊ
1595 4419 1702 4471 τῶν
1730 4421 1830 4488 ἀγ-

1939 4411 2135 4471 guntur
2170 4411 2435 4470 quantutn
2473 4401 2695 4471 angelos
2737 4402 2878 4454 uniri
2941 4401 3052 4455 Deo
3095 4399 3368 4454 convenit.
3412 4397 3504 4451 lla:

229 4496 415 4565 γέλων
458 4498 595 4569 πρὸς
636 4499 697 4552 τὸ
744 4500 898 4555 Θεῖον
938 4502 1213 4572 λέγονται.
1257 4507 1508 4579 Έπιϐολὴ
1555 4510 1673 4580 μὲν,
1705 4512 1826 4565 καθ’

1939 4496 2047 4550 sive
2076 4495 2440 4549 immissioues
2468 4496 2584 4550 sive
2615 4494 2991 4562 susceptiones
3018 4493 3214 4546 divinae
3247 4492 3503 4547 bonitatis

227 4590 303 4659 ἦν
337 4588 690 4643 ἐπιϐάλλουσι
718 4591 859 4645 κατά
886 4593 986 4665 τήν
1018 4596 1223 4649 οἰκείαν
1254 4596 1410 4661 ἀξίαν
1438 4601 1501 4669 τῇ
1532 4599 1827 4671 ἀγαθότητι

1939 4586 2262 4656 appellanda:
2286 4587 2414 4650 sint,
2442 4586 2738 4640 ineiIabiles
2766 4595 2821 4641 et
2849 4585 3044 4653 ignota:
3075 4584 3371 4638 exsistunt.
3400 4581 3503 4636 Per

225 4677 329 4730 τοῦ
379 4677 538 4731 Θεοῦ*
580 4680 857 4755 παραδοχὴ
896 4682 953 4735 δὲ
985 4685 1018 4755 ἡ
1049 4685 1150 4756 τῆς
1183 4686 1278 4740 τοῦ
1312 4687 1447 4741 Θεοῦ
1493 4688 1827 4760 ἀγαθότητος

1939 4681 2324 4735 immissiouetn
2373 4691 2550 4734 autem
2590 4681 2936 4750 intelligenda
2976 4688 3059 4731 est
3096 4678 3187 4732 Dei
3226 4678 3413 4733 volitio
3434 4678 3503 4710 "‘

226 4770 427 4832 αὐτοῖς
454 4770 814 4843 ἀποκάλυψις.
845 4769 1012 4829 Αὑται
1056 4774 1190 4845 γοῦν
1223 4776 1296 4847 μὴ
1347 4778 1506 4848 μόνον
1535 4782 1667 4850 ἡμῖν
1696 4784 1823 4847 εἰσι,

1939 4773 2204 4828 indivisim
2233 4774 2404 4828 divisa
2444 4774 2498 4827 in
2548 4788 2730 4829 rerum
2779 4775 3168 4841 productarum
3214 4770 3503 4836 unitatem,

1942 2663 2166 2723 tangere
2193 2655 2547 2726 intelligendo
2591 2655 2772 2725 qualia
2814 2658 2944 2721 sint,
2974 2672 3079 2711 non
3118 2672 3277 2713 secus
3302 2673 3366 2711 ac
3389 2674 3508 2713 sen-

1940 2745 2062 2801 silia
2093 2760 2191 2816 per
2229 2755 2434 2801 tactum
2467 2747 2757 2815 sensilem,
2790 2748 2959 2803 Deum
2993 2758 3174 2803 tamen
3202 2763 3271 2804 ne
3295 2749 3511 2819 quidem

1939 2848 2123 2895 mente
2170 2839 2558 2910 contingimus.
2608 2839 2745 2895 Cum
2803 2840 2990 2910 itaque
3038 2848 3273 2909 quatuor
3318 2840 3513 2894 anima.-

1933 3953 1988 3997 et
2030 3942 2194 3998 simul
2245 3943 2438 4009 Deum,
2479 3942 2610 4011 quid
2641 3954 2836 3999 natura
2863 3959 2959 3999 sua
2987 3944 3082 4010 sit,
3118 3958 3297 4012 neque
3328 3942 3508 3997 verbis

1931 4035 2184 4105 exprimi,
2210 4050 2388 4105 neque
2414 4038 2710 4106 cogitando
2734 4038 2852 4105 capi
2884 4051 3061 4106 posse.
3095 4035 3162 4089 Et
3187 4034 3358 4105 309
3379 4034 3504 4103 quid

1932 4127 2060 4180 dico
2092 4126 2260 4180 Deum
2290 4126 2768 4197 inexcogitabilem
2796 4127 2954 4182 nobis
2980 4136 3037 4182 et
3066 4126 3503 4195 inexplicabilem

1932 4218 2242 4273 exsistere?
2267 4220 2399 4288 quin
2430 4228 2486 4274 et
2533 4219 2839 4275 cwlestium
2886 4232 3101 4288 quoque
3144 4217 3402 4271 virtutum
3432 4218 3507 4271 di-

1928 4865 1985 4919 id
2016 4875 2099 4919 est
2122 4864 2176 4918 iu
2199 4866 2490 4933 cujuslibet
2533 4864 2968 4935 productionem.
3001 4863 3203 4918 Verum
3232 4878 3357 4916 cum
3384 4876 3500 4916 sus-

1925 4957 2202 5026 ceptiones
2231 4973 2336 5012 non
2374 4957 2566 5012 eodem
2612 4971 2774 5011 sensu
2798 4956 3136 5025 accipiantur
3156 4968 3267 5023 quo
3303 4954 3508 5007 inunis-

1928 5051 2137 5115 siones,
2165 5051 2326 5104 aliter
2372 5048 2782 5121 intelligendum
2818 5057 2906 5104 est
2931 5050 3036 5101 hoc
3074 5047 3279 5101 dictum
3312 5048 3377 5099 de
3406 5061 3501 5098 an-

1929 5141 2088 5209 gelis,
2124 5142 2427 5210 prtesertim
2457 5157 2583 5196 cum
2635 5140 2998 5195 immissiones
3034 5150 3090 5193 et
3129 5139 3504 5206 susceptiones

1930 5234 2251 5305 angelorum
2284 5239 2351 5288 ad
2400 5232 2568 5288 Deum
2614 5234 2944 5288 referantur.
2982 5231 3253 5285 Immissio
3280 5230 3498 5298 quidem

1928 5338 2031 5392 est,
2062 5328 2358 5382 secundum
2403 5342 2566 5395 quam
2615 5324 2937 5380 incumbunt
2981 5340 3081 5393 pro
3111 5339 3206 5377 sua
3238 5321 3499 5391 dignitate

1928 5422 2154 5476 bonitati
2180 5421 2305 5485 Dei;
2334 5422 2603 5490 susceptio
2624 5433 2751 5474 vero
2778 5428 2862 5472 est
2883 5419 2997 5487 ipsa
3028 5414 3282 5471 revelatio
3304 5412 3504 5464 divinw

1927 5516 2213 5580 bonitatis,
2240 5530 2360 5585 quae
2393 5514 2523 5585 ipsis
2566 5513 2877 5569 exhibetur.
2919 5509 3013 5565 Ha:
3052 5509 3234 5577 itaque
3267 5520 3371 5559 non
3405 5520 3498 5558 so-

226 4861 425 4924 καθώς
458 4864 616 4925 εἰσιν,
668 4866 970 4933 ἄγνωστοι,
1013 4867 1148 4921 ἀλλά
1199 4871 1293 4923 καί⁸
1339 4873 1453 4935 τοῖς
1497 4874 1826 4946 κατωτέροις

224 4952 512 5021 ἀγγέλοις,
547 4954 727 5025 μόνοις
755 4956 811 5010 δὲ
842 4960 957 5021 τοῖς
993 4960 1288 5025 ἀνωτάτοις
1315 4962 1693 5031 γινώσκονται,
1730 4967 1825 5020 ἆτε

223 5044 564 5115 ἠξιωμένοις
602 5048 710 5101 τῶν
758 5051 1079 5120 κρειττόνων
1119 5052 1384 5108 ἐνὼσεων.
1426 5055 1663 5121 Ταύταις
1704 5062 1822 5123 ταῖς

223 5137 411 5201 θείαις
457 5138 713 5193 ἐνώσεσιν
747 5144 795 5195 οἱ
841 5142 1092 5210 θεοειδεῖς
1130 5146 1249 5211 νόες
1284 5147 1393 5201 τῶν
1426 5148 1689 5217 θεολόγων
1728 5154 1823 5205 καὶ

222 5228 535 5299 προφητῶν
563 5230 1016 5305 ἀγγελομιμήτως
1034 5236 1151 5289 ἐνού
1160 5254 1330 5308 μενοι,
1354 5239 1539 5310 ἐπειδὴ
1563 5241 1656 5293 καὶ
1681 5240 1824 5295 οὑτω

220 5318 445 5386 γίνεται
473 5320 681 5383 τούτοις
704 5323 737 5393 ἡ
765 5323 987 5397 τοιαύτη
1008 5324 1218 5392 ἐνωσις,
1250 5328 1594 5383 ἀποπαύουσι
1622 5330 1819 5403 δηλαδὴ

220 5409 378 5464 κατά
422 5411 607 5485 πάσης
647 5418 839 5486 νοερᾶς
872 5417 1173 5489 ἐνεργείας·
1213 5420 1333 5473 οὑδὲ
1363 5420 1472 5494 γὰρ
1513 5424 1572 5475 ἐν
1608 5424 1821 5495 κινήσει

219 5502 390 5567 Θεὸς,
421 5503 559 5559 ἀλλά
606 5506 805 5577 μᾶλλον
848 5510 907 5563 ἐν
946 5511 1151 5583 ἠρεμίᾳ
1180 5513 1274 5566 καί
1301 5514 1609 5568 ἀποπαύσει
1637 5517 1670 5586 ἡ
1699 5515 1819 5569 θεία

1523 5672 1753 5730 VARUE
1792 5672 2085 5732 LECTION
2092 5670 2197 5729 ES.

316 5786 361 5822 δ’
391 5788 621 5862 κίνησιν.
703 5793 768 5826 ⁵³·
798 5795 987 5852 motio.
