3876 6226
392 341 496 396 627

1569 333 1626 390 S.
1665 332 1969 399 DIONYSII,
1998 333 2465 391 AREOPAGITE

3543 339 3651 395 69.3

389 451 501 507 lum
538 451 692 505 nobis
728 458 852 503 sunt
882 446 1100 518 ignota,
1131 447 1207 503 uti
1242 460 1430 503 revera
1464 456 1625 511 sunt,
1653 449 1745 502 sed
1791 448 1954 501 etiam

2073 446 2257 515 γνῶσις
2289 447 2605 504 ίνδάλλεται.
2634 450 2747 503 Καὶ
2785 448 3157 520 ἑνθεουμένοις
3192 451 3281 507 διὰ
3324 453 3652 524 καθάρσεως

397 542 604 612 angelis
652 540 1035 603 inferioribus;
1084 554 1113 591 a
1167 539 1298 593 solis
1334 546 1512 593 autem
1560 540 1827 606 supremis
1870 555 1965 594 co—

396 644 753 705 guosrttntur,
785 642 968 700 utpote
1000 631 1174 699 dignis
1212 630 1676 699 pnestantioribus
1706 631 1965 686 nnitioni-

393 728 515 781 bus.
550 725 705 779 Hisce
727 723 923 779 divinis
952 721 1236 776 unionibus
1268 722 1333 775 ad
1364 723 1673 793 angelorum
1703 722 1963 777 imitatio-

396 836 521 875 nem
554 820 716 873 unitm
748 828 872 872 sunt
905 824 1113 871 mentes
1139 814 1240 868 illa:
1268 813 1557 870 deiformes
1590 815 1959 885 theologorum

397 928 463 966 ac
505 911 914 981 prophetarum,
961 923 1197 978 cumque
1244 908 1364 962 talis
1404 908 1486 963 eis
1528 909 1657 962 unio
1687 908 1962 978 obtigerit,

393 1004 581 1073 utique
626 1010 843 1057 cessant
907 1005 1203 1057 secundum
1265 1014 1481 1056 omnem
1545 999 1961 1055 intellectualem

392 1092 795 1161 operationem;
827 1106 931 1145 non
967 1092 1108 1146 enim
1135 1091 1187 1144 in
1217 1090 1455 1144 motione
1484 1088 1646 1154 Deus,
1672 1090 1764 1144 sed
1794 1090 1965 1158 magis

394 1185 450 1240 in
489 1185 703 1239 silentio
733 1192 787 1239 et
814 1183 995 1253 quiete
1035 1182 1213 1235 divina
1264 1181 1503 1249 cognitio
1550 1179 1859 1235 instillatur.
1900 1180 1966 1233 Et

395 1280 490 1347 qui
542 1277 779 1332 deiﬁcati
820 1286 948 1330 sunt
986 1284 1208 1344 propter
1250 1275 1543 1343 puritatem
1594 1272 1967 1343 propriissime

393 1368 565 1423 Deum
609 1368 831 1423 laudant
878 1383 946 1423 ex
1007 1367 1313 1429 ablatione,
1363 1381 1527 1434 quam
1573 1376 1629 1419 et
1678 1374 1962 1435 negantem

393 1458 721 1528 theologiam
752 1469 976 1523 vocant;
1011 1458 1135 1526 quia
1187 1472 1292 1510 non
1331 1470 1552 1525 corpus,
1587 1472 1692 1511 non
1726 1456 1961 1522 habitus,

2065 536 2293 607 ὑμνοῦσι
2340 537 2401 590 rb
2442 538 2597 592 Θείον
2632 539 2944 611 κυριώτατα
2991 541 3049 607 ἐξ
3091 542 3456 614 ἀφαιρέσεως,
3488 549 3557 616 ἣν
3585 548 3649 618 δὴ

2065 630 2159 682 καὶ
2187 630 2547 702 ἀφαιρετικὴν
2576 631 2852 699 θεολογίαν
2900 635 3085 701 φασὶν,
3125 636 3208 687 ὅτι
3248 638 3309 689 οὑ
3342 638 3523 706 σῶμα,
3549 640 3651 709 οὑχ

2063 721 2196 788 ἕξις,
2228 726 2289 776 οὺ
2332 722 2579 793 δύναμις,
2624 725 2715 777 καὶ
2753 723 2823 777 τά
2866 724 3061 793 λογικά
3098 728 3309 791 πάντα,
3338 729 3523 794 καθὼς
3555 734 3652 784 καὶ

2062 813 2151 867 διὰ
2178 814 2286 867 τῶν
2306 814 2431 885 ἑξῆς
2455 815 2730 886 σημαίνει,
2750 814 2908 868 τοῦτο
2928 817 3323 887 ἐλλαμφθέντες
3352 822 3650 892 ὑπερφυῶς

2065 904 2130 957 ὲκ
2153 905 2254 974 τῆς
2281 906 2533 976 τοιαύτης
2574 907 2813 977 ἀρρήτου
2854 906 3119 971 ἑνώσεως,
3160 910 3241 961 ὅτι
3283 911 3507 965 πάντων
3554 914 3650 966 μὲν

2066 995 2181 1049 ἐστι
2228 996 2337 1050 τῶν
2384 997 2551 1050 ὄντων
2596 997 2789 1060 αἴτιον,
2844 1000 2976 1052 αὑτὸ
3030 1001 3086 1052 δὲ
3123 1002 3277 1055 οὐδὲν
3317 1003 3427 1055 τῶν
3449 1004 3645 1056 ὄντωνο

2068 1089 2205 1161 πλὴν
2227 1090 2325 1159 οὑχ
2364 1090 2439 1153 ὡς
2481 1090 2703 1160 μηδαμῆ
2752 1090 3013 1161 μηδαμῶς
3059 1091 3139 1155 ὂν,
3171 1093 3283 1146 ἀλλ’
3323 1095 3399 1157 ὡς
3431 1094 3650 1147 πάντων

2069 1184 2407 1255 ὑπερουσίως
2460 1182 2817 1257 ἐξῃρημένον.
2858 1186 3217 1256 κυριωτάτην
3267 1186 3326 1238 δὲ
3362 1187 3510 1255 λέγει
3546 1186 3645 1257 τὴι

2069 1277 2127 1343 ἐξ
2185 1276 2526 1347 ἀφαιρέσεως
2565 1276 2702 1347 πρὸς
2741 1277 3143 1348 ἀντιδιαστολὴν
3194 1279 3294 1348 τῆς
3347 1297 3645 1349 καταφατι-

2073 1368 2195 1435 κῆς·
2237 1368 2289 1419 τί
2327 1368 2437 1438 γάρ
2488 1368 2590 1420 οὑκ
2640 1367 2821 1432 ἐστιν,
2860 1368 3102 1439 οἴδαμενο
3144 1371 3195 1423 τί
3244 1371 3301 1424 δέ
3340 1373 3510 1435 ἐστιν,
3552 1372 3653 1423 οὑκ

2073 1458 2313 1528 οἴδαμεν.

392 1569 500 1608 non
554 1555 750 1616 virtus.
785 1566 1086 1621 ceteraque
1135 1550 1439 1614 rationalia,
1471 1552 1725 1619 exsistit,
1778 1553 1921 1607 sicut
1973 1553 2027 1607 in
2061 1554 2418 1622 sequentibus
2472 1553 2733 1620 declarat,
2790 1554 2893 1609 hoc
2942 1568 3009 1607 ex
3050 1551 3352 1607 istiusmodi
3386 1546 3655 1606 ineffabili

394 1651 598 1706 unione
650 1651 1138 1720 supernaturaiiter
1204 1646 1498 1712 illustrati,
1551 1648 1723 1717 ipsum
1780 1649 1997 1717 quidem
2033 1664 2213 1702 rerum
2271 1650 2516 1704 omnium
2582 1664 2700 1704 esse
2742 1665 2996 1713 causam,
3047 1649 3179 1704 nihil
3227 1658 3406 1701 autem
3459 1663 3655 1701 earum

393 1744 696 1809 exsistere,
735 1760 842 1798 non
897 1742 1073 1796 tamen
1134 1744 1285 1813 quasi
1338 1744 1470 1798 nihil
1521 1746 1742 1799 omnino
1797 1747 2011 1815 penitus
2058 1748 2327 1807 exsistat,
2370 1750 2464 1801 sed
2513 1748 2655 1815 quod
2705 1751 2773 1801 ab
2825 1748 3076 1801 omnibus
3124 1744 3656 1813 superessentialiter

391 1848 679 1906 exemptus
719 1837 812 1892 sit.
858 1837 1296 1908 Propriissimam
1337 1854 1499 1909 porro
1543 1840 1677 1894 dicit
1721 1841 1859 1895 hanc
1891 1856 1958 1895 ex
2020 1841 2295 1897 ablatione
2342 1843 2408 1897 ad
2465 1841 2832 1897 dili‘erentiam
2881 1842 3039 1897 istius
3114 1838 3482 1893 allirmantis:
3521 1838 3656 1906 quid

390 1930 536 1984 enim
574 1946 678 1985 non
716 1932 821 1996 sit,
864 1932 1063 1988 scimus
1088 1974 1103 1999 ,
1152 1935 1246 1990 sed
1291 1937 1420 2005 quid
1465 1937 1733 2004 exsistat,
1774 1940 2105 2009 ignoramus.

461 2023 608 2077 Illam
639 2024 806 2094 igitur
827 2041 989 2096 supra
1004 2043 1164 2097 quam
1183 2030 1503 2096 essentiam,
1533 2040 1586 2083 et
1605 2047 1766 2100 supra
1790 2048 1955 2101 quam

2131 2032 2243 2104 Τὴν
2288 2033 2385 2105 μὲν
2423 2029 2520 2087 οὖν
2547 2034 2973 2105 ὑπερουσιότητα
3016 2032 3108 2085 καὶ
3147 2027 3524 2101 ὑπερύπαρξιν
3556 2028 3658 2098 τῆς

390 2114 765 2169 exsistentiam
786 2130 948 2185 supra
970 2131 1132 2187 quam
1155 2118 1435 2185 bonitatis,
1453 2121 1707 2189 quoniam
1730 2131 1785 2173 et
1807 2136 1967 2191 supra

388 2206 708 2272 bonitatem,
742 2215 799 2261 et
832 2222 995 2276 supra
1022 2224 1163 2275 esse,
1192 2219 1244 2265 et
1279 2227 1442 2281 supra
1487 2211 1658 2281 ipsam
1694 2214 1969 2269 exsisten-

390 2299 525 2352 tiam
554 2300 789 2354 exsistit.
817 2299 941 2355 Haec
967 2303 1108 2355 enim
1136 2305 1315 2357 omnia
1348 2306 1723 2374 productionis
1757 2307 1969 2376 signiti-

392 2392 662 2446 cationem
713 2391 942 2458 habent,
995 2394 1137 2449 Deus
1182 2404 1365 2450 autem
1399 2407 1483 2451 est
1534 2413 1695 2467 supra
1747 2414 1963 2452 omnem

390 2484 826 2551 productionem.
864 2487 1005 2541 Deus
1046 2488 1227 2557 itaque
1252 2490 1379 2557 quid
1407 2490 1477 2545 sit
1505 2492 1711 2545 nemini
1749 2491 1965 2546 illorum

393 2576 485 2643 qui
515 2591 655 2631 verae
680 2579 928 2633 veritatis
953 2572 1226 2635 amatores
1249 2583 1538 2645 exsistunt.
1568 2584 1864 2652 praedicare
1888 2583 1969 2637 fas

392 2678 481 2722 est
512 2683 523 2717 :
568 2685 742 2738 neque
766 2681 824 2725 ut
857 2672 1149 2738 rationem,
1178 2688 1353 2742 neque
1381 2684 1437 2727 ut
1463 2674 1745 2737 virtutem,
1793 2690 1966 2744 neque

393 2770 452 2813 ut
484 2762 611 2825 alia,
642 2776 764 2830 quae
812 2773 939 2817 sunt
982 2766 1283 2832 recensita;
1316 2765 1482 2836 310
1529 2766 1623 2820 sed
1671 2776 1757 2821 est
1800 2781 1967 2836 super

395 2856 513 2909 haec
539 2856 753 2919 omnia,
807 2866 863 2910 et
910 2873 1007 2927 per
1055 2857 1432 2913 excellentiam
1466 2868 1769 2928 exemptus,
1807 2871 1863 2913 et
1897 2862 1966 2916 ab

393 2946 543 3001 omni
571 2946 776 3013 habitu,
807 2951 950 3003 etab
984 2950 1132 3003 omni
1166 2958 1339 3015 motu,
1372 2958 1428 3003 et
1468 2952 1536 3006 ab
1566 2953 1817 3005 omnibus
1847 2967 1967 3021 qua:

394 3037 539 3090 circa
566 3036 678 3093 haec
701 3049 1010 3093 versantur.
1045 3040 1323 3109 Siquidem
1359 3040 1581 3095 habitus
1607 3052 1689 3096 est
1734 3043 1966 3110 qualitas

396 3126 723 3195 immanens,
774 3138 952 3184 motus
1005 3138 1187 3183 autem
1244 3138 1327 3183 est
1387 3129 1439 3183 id
1477 3132 1621 3199 quod
1674 3133 1965 3200 opponitur

395 3218 604 3287 quieti;
645 3234 768 3288 qum
794 3221 1063 3289 Oppositio
1095 3222 1147 3277 in
1186 3222 1433 3289 pluribus
1460 3221 1755 3276 consistit:
1788 3234 1967 3279 motus

394 3312 539 3365 enim
568 3311 737 3378 elicit,
766 3313 873 3365 vita
904 3328 1033 3367 vero
1082 3312 1195 3367 hare
1227 3313 1465 3368 ostendit
1510 3312 1783 3379 eﬂicacia;
1824 3315 1963 3368 ima-

2072 2127 2569 2199 ὑπεραγαθότητος,
2602 2128 2695 2180 καὶ
2723 2127 2865 2197 ὑπὲρ
2905 2127 2964 2178 rb
2995 2124 3199 2193 ἀγαθὸν
3245 2124 3353 2195 γάρ
3379 2125 3475 2176 καὶ
3514 2124 3660 2193 ὑπὲρ

2068 2218 2129 2271 rb
2154 2214 2311 2283 εἶναι,
2341 2220 2434 2271 καὶ
2462 2219 2601 2288 ὑπὲρ
2620 2220 2788 2290 αὐτὴν
2812 2217 2909 2289 τὴν
2934 2216 3165 2288 ὑπαρξίν
3185 2219 3319 2269 ἐστι.
3344 2215 3531 2269 Ταῦτα
3549 2216 3660 2285 γὰρ

2071 2310 2248 2365 πάντα
2275 2311 2608 2382 παραγωγῆς
2636 2311 2909 2382 σημασίαν
2936 2311 3147 2380 ἔχουσιν
3165 2327 3179 2340 ·
3229 2310 3368 2380 ὑπὲρ
3389 2309 3447 2361 δὲ
3476 2311 3661 2362 πᾶσαν

2069 2406 2407 2476 παραγωγὴν
2433 2402 2493 2456 rb
2522 2403 2675 2457 Θεῖόν
2721 2404 2871 2455 ἐστι’
2898 2403 2957 2455 rb
2996 2403 3127 2471 γοῦν
3173 2402 3325 2455 Θεῖον
3365 2402 3392 2454 ὅ
3432 2418 3487 2452 τι
3525 2402 3660 2454 ποτέ

2069 2495 2237 2558 ἐστιν,
2265 2495 2440 2547 οὐδενὶ
2463 2494 2681 2565 θεμιτὸν
2704 2494 2943 2564 ὑμνῆσαι
2985 2492 3093 2546 τῶν
3119 2494 3233 2545 ὅσοι
3260 2494 3396 2545 εἰσὶν
3426 2493 3659 2561 ἐρασταὶ

2067 2586 2168 2655 τῆς
2192 2587 2360 2650 ὅντως
2387 2586 2663 2656 ἀληθείας,
2692 2586 2813 2638 οὔτε
2838 2585 2912 2648 ὡς
2937 2585 3094 2653 λόγον
3111 2624 3125 2647 ,
3154 2584 3275 2636 οὔτε
3299 2585 3375 2646 ὡς
3398 2583 3657 2655 δύναμιν,

2067 2676 2191 2729 οὔτε
2227 2678 2302 2741 ὡς
2329 2678 2497 2731 τᾶλλα
2521 2679 2667 2747 τάπη
2678 2677 2841 2748 ριθμη
2852 2678 2985 2748 μένα
3006 2694 3019 2707 ·
3054 2677 3195 2746 ὑπὲρ
3212 2673 3383 2727 ταῦτα
3398 2674 3457 2726 δὲ
3479 2675 3660 2727 πάντα

2070 2769 2207 2833 ἐστὶ,
2248 2770 2341 2823 καί
2385 2769 2727 2841 ὑπεροχικῶς
2754 2768 3108 2841 ἀφῃρημένον
3156 2767 3293 2828 Earl,
3337 2767 3432 2819 καὶ
3474 2766 3659 2834 πάσης

2074 2860 2258 2927 ἕξεως,
2289 2861 2384 2913 καὶ
2411 2860 2591 2930 πάσης
2625 2862 2913 2930 κινήσεως,
2942 2860 3035 2913 καὶ
3079 2859 3293 2911 πάντων
3322 2858 3422 2909 ὅσα
3444 2856 3659 2919 τούτοις

2072 2952 2585 3017 συνείλεκται.Ἕξις
2615 2952 2711 3022 μὲν
2732 2947 2824 3004 οὖν
2843 2953 2957 3004 ἐστι
2974 2950 3209 3013 διάθεσις
3228 2949 3487 3019 ἔμμονος·
3511 2948 3664 3017 κίνη-

2071 3063 2154 3110 σις
2180 3046 2257 3111 δὲ,
2274 3046 2336 3097 rb
2361 3049 2426 3117 τῇ
2454 3046 2659 3117 ἠρεμίᾳ
2688 3041 3248 3112 ἀντιδιαστελλόμενον
3274 3041 3414 3093 κατὰ
3444 3039 3659 3092 πολλῶν

2067 3140 2368 3209 τιθέμενον·
2400 3138 2604 3209 ὲξαχῶς
2622 3137 2678 3209 (Ι.
2701 3135 2905 3207 ἐξάγει)
2935 3135 3043 3206 γὰρ
3070 3137 3103 3205 ἡ
3127 3134 3358 3204 κίνησις,
3386 3132 3502 3202 ζωὴ
3526 3132 3585 3183 δὲ
3601 3131 3663 3183 rb

2066 3227 2239 3281 ταῦτα
2261 3228 2501 3281 δεικνὺον
2526 3228 2721 3297 ἐνεργά
2739 3245 2751 3256 ·
2784 3226 3051 3295 φαντασία
3075 3225 3133 3278 δὲ
3158 3224 3219 3276 rb
3243 3224 3301 3275 ὲν
3352 3224 3421 3292 τῇ
3450 3220 3662 3290 διανοίᾳ.

2070 3320 2479 3373 ἀνατυπωτικόν
2500 3337 2513 3350 ’
2540 3319 2665 3385 δόξα
2690 3318 2747 3371 δὲ
2789 3313 3323 3386 πεπληροφορημένη
3351 3311 3624 3382 ὑπόληψις
3641 3328 3657 3341 ·

395 3403 598 3470 ginatio
631 3412 715 3457 est
761 3403 813 3457 id
843 3403 984 3472 quod
1016 3403 1069 3457 in
1121 3404 1395 3459 intellectu
1440 3406 1650 3475 species
1691 3405 1963 3470 eil'ormat,

2073 3412 2276 3465 διάνοια
2303 3415 2335 3482 ἠ
2366 3410 2762 3481 ἐπιστημονικὴ
2788 3408 2903 3475 ἕξις
2927 3409 3027 3479 τῆς
3042 3407 3220 3477 ψυχῆς
3243 3423 3257 3436 ·
3284 3406 3477 3474 νόησις
3502 3407 3537 3475 η
3565 3402 3662 3455 τοῦ

394 3494 578 3560 opinio
604 3502 783 3549 autem
813 3505 898 3549 est
922 3510 1181 3565 persuasa
1211 3497 1546 3566 conjectura,
1578 3498 1851 3552 sententia
1884 3507 1970 3552 est

398 3586 734 3642 scientiticus
779 3590 946 3642 animi
1000 3589 1239 3654 habitus,
1290 3589 1587 3645 intellectio
1641 3598 1725 3644 est
1772 3591 1969 3645 mentis

396 3680 663 3745 operatio,
691 3682 853 3735 statio
886 3691 969 3735 est
1002 3682 1220 3749 quidem
1253 3683 1418 3736 etiam
1442 3683 1598 3752 quies
1642 3698 1763 3752 quae
1796 3683 1968 3738 motui

397 3772 706 3839 opponitur,
741 3781 1111 3827 verumtamen
1143 3788 1361 3842 quoque
1409 3774 1550 3829 idem
1580 3785 1663 3829 est
1688 3775 1831 3843 quod
1865 3784 1972 3828 sta-

398 3860 607 3926 bilitas,
641 3878 739 3932 pro
764 3878 868 3931 qua
915 3876 984 3917 ex
1036 3863 1351 3919 Graecorum
1399 3880 1497 3919 usu
1548 3866 1831 3933 accipitur.
1892 3865 1969 3918 Illi

398 3953 543 4007 enim
580 3954 911 4018 statuebant,
936 3962 992 4008 et
1012 3956 1332 4023 quibusdam
1359 3958 1551 4011 ritibus
1573 3960 1972 4016 conﬁrmabant

398 4062 495 4099 eos
537 4046 625 4114 qui
653 4044 780 4099 olim
826 4046 964 4114 apud
993 4061 1088 4101 eos
1116 4047 1186 4100 dii
1217 4047 1578 4101 habebantur.
1616 4048 1848 4113 Ἕνωσις
1874 4066 1966 4106 seu

400 4135 529 4190 unio
560 4144 643 4189 est
677 4138 876 4191 mentis
900 4146 1159 4203 attactus,
1203 4148 1259 4193 et
1292 4139 1449 4208 quasi
1479 4142 1744 4210 cognitio;
1777 4144 1969 4196 termi-

401 4245 529 4293 nus,
561 4231 706 4299 quod
738 4246 842 4284 non
880 4240 937 4285 ut
965 4246 1091 4300 pars
1137 4240 1221 4286 est
1276 4232 1329 4286 in
1360 4233 1674 4297 terminato,
1703 4242 1760 4288 ut
1789 4238 1973 4290 termi-

402 4335 508 4375 nus
536 4320 693 4375 linea:
723 4332 806 4375 est
836 4332 1121 4391 punctum,
1174 4330 1231 4376 et
1280 4322 1545 4375 terminus
1597 4324 1853 4393 temporis
1890 4334 1975 4379 est

402 4426 565 4480 nunc,
595 4428 688 4467 seu
718 4414 956 4475 instans;
989 4415 1200 4468 instans
1232 4422 1410 4468 autem
1435 4414 1590 4468 estin
1622 4425 1884 4484 tempore,
1920 4429 1976 4471 et

405 4522 511 4561 non
565 4516 820 4578 tanquam
872 4521 998 4574 pars
1032 4508 1323 4576 temporis;
1369 4522 1492 4559 nam
1535 4522 1660 4575 pars
1715 4509 1973 4578 temporis

376 4613 617 4671 'tempus
638 4602 875 4656 exsistit.
897 4600 1139 4655 lniinitas
1165 4608 1249 4655 est
1268 4600 1462 4654 inﬁniti
1493 4604 1825 4658 coextensio.
1848 4603 1975 4658 Haec

404 4694 584 4755 omnia
624 4709 729 4748 nou
765 4702 893 4748 sunt
939 4693 1201 4759 essentia,
1236 4693 1331 4747 sed
1379 4693 1523 4748 circa
1552 4696 1849 4750 essentiam
1886 4697 1971 4749 vi-

2071 3504 2188 3567 νοὺς
2214 3504 2492 3575 ἐνέργεια·
2526 3504 2711 3565 στάσις
2762 3501 2878 3553 Earl.
2930 3500 3030 3571 μὲν
3066 3499 3161 3552 καὶ
3206 3499 3239 3568 ὴ
3287 3497 3495 3567 ἠρεμία
3526 3494 3665 3564 πρὺς

2070 3598 2168 3668 τὴν
2207 3596 2419 3666 κίνησιν
2448 3594 2988 3663 ἀντιδιαστελλομένη
3010 3632 3024 3653 ,
3081 3590 3194 3643 ἔστι
3233 3589 3290 3640 δὲ
3322 3590 3417 3641 καὶ
3440 3587 3503 3639 rb
3530 3586 3664 3639 αὑτὸ

2070 3691 2135 3759 τῇ
2168 3687 2393 3757 ἱδρύσει,
2427 3686 2550 3755 ἥτις
2599 3684 2970 3755 παρείληπται
2999 3684 3062 3733 ὲκ
3110 3680 3208 3749 τῆς
3243 3677 3352 3730 τῶν
3391 3675 3662 3746 Ἑλλήνων

2074 3772 2379 3843 συνηθείας.
2421 3773 2647 3825 Ἐκεῖνοι
2693 3771 2801 3841 γάρ
2847 3771 3009 3824 ἴστων
3047 3768 3141 3820 καὶ
3167 3767 3349 3838 ἵδρυον
3382 3765 3475 3818 διά
3499 3782 3665 3817 τινων

2072 3864 2307 3919 τελετῶν
2353 3864 2482 3928 τοὺς
2526 3862 2987 3934 δοκιμαζομένους
3034 3860 3297 3930 πρότερον
3328 3858 3487 3921 θεοὺς
3530 3858 3664 3928 παρ’

2073 3962 2275 4023 αὑτοῖς.
2314 3960 2546 4021 ’Ἑνωσις
2573 3959 2606 4028 ἡ
2629 3956 2722 4009 τοῦ
2749 3956 2867 4019 νοὸς
2893 3954 3077 4024 ἐπαφὴ
3104 3954 3197 4005 καὶ
3222 3950 3382 4004 οἱονεί
3408 3967 3493 4013 τις
3520 3950 3665 4018 γνῶ-

2076 4071 2158 4117 σις
2176 4070 2189 4083 ⁸
2222 4052 2415 4123 πέρας,
2443 4050 2505 4103 rb
2530 4050 2629 4119 οὑχ
2653 4049 2728 4112 ὡς
2759 4048 2928 4118 μέρος
2956 4049 3012 4099 Ev
3034 4045 3113 4114 τῷ
3145 4044 3540 4115 περατουμένῳ
3580 4044 3662 4105 δν,

2074 4147 2149 4210 ὼς
2176 4146 2350 4216 πέρας
2373 4142 2637 4214 γραμμῆς
2680 4142 2713 4211 ή
2742 4142 2977 4211 στιγμή·
3009 4139 3104 4191 καὶ
3129 4138 3303 4207 πέρας
3328 4136 3424 4189 τοῦ
3467 4138 3662 4209 χρόνου

2074 4240 2135 4293 τὸ
2158 4240 2252 4293 νῦν
2272 4258 2284 4270 ·
2313 4241 2374 4293 rb
2405 4240 2461 4294 δὲ
2493 4240 2586 4294 νῦν
2611 4241 2669 4292 ἐν
2694 4238 2770 4309 τῷ
2797 4239 2992 4309 χρόνῳ,
3020 4241 3112 4292 καὶ
3136 4240 3234 4306 οὑχ
3255 4237 3328 4299 ὡς
3378 4236 3546 4305 μέρος
3570 4232 3663 4286 τοῦ

2077 4333 2269 4404 χρόνου
2291 4349 2304 4361 ο
2332 4332 2393 4384 rb
2418 4330 2526 4403 γάρ
2555 4332 2717 4401 μέρος
2740 4330 2834 4383 τοῦ
2861 4331 3049 4401 χρόνου
3094 4330 3301 4400 χρόνος.
3344 4327 3603 4397 ’Ᾱπειρία
3630 4327 3663 4395 ἡ

2075 4424 2170 4478 τοῦ
2244 4425 2473 4495 ἀπείρου
2522 4423 2987 4494 συμπαρέκτασις.
3041 4424 3107 4475 ’Δ
3149 4422 3322 4475 ταῦτα
3362 4421 3464 4472 οὑκ
3507 4420 3664 4471 οὑσία

2076 4519 2233 4580 εἰσὶν,
2261 4517 2396 4570 ἀλλά
2420 4518 2549 4588 περὶ
2572 4518 2760 4570 οὑσίαν
2785 4516 2997 4586 ὁρᾶται.
3029 4515 3246 4584 Ταύτης
3272 4514 3326 4565 δὲ
3366 4511 3531 4565 πάλιν
3566 4512 3667 4581 τῆς

2076 4609 2264 4672 οὐσίας
2286 4608 2345 4661 rb
2369 4608 2523 4660 Θεῖον
2551 4607 2892 4678 ὑπέρκειται,
2922 4607 3017 4660 καὶ
3053 4604 3376 4676 ὑπερούσιόν
3420 4605 3542 4656 ἐστι
3572 4605 3666 4656 καὶ

2078 4700 2359 4772 ὑπέρθεον.
2392 4699 2607 4771 Ἐπειδὴ
2634 4699 2691 4751 δὲ
2714 4700 2843 4751 αὐτὸ
2865 4698 2961 4769 μὲν
2974 4698 3119 4750 ἐστιν
3139 4696 3475 4767 ἀγαθότητος
3497 4695 3667 4766 ὕπαρ-

404 4787 621 4839 ιιοιιιιιιτ.
653 4783 826 4853 Super
854 4785 994 4839 hanc
1015 4792 1194 4838 autem
1226 4783 1395 4852 ipsam
1430 4783 1722 4837 essentiam
1751 4800 1969 4839 rursum

2080 4791 2162 4856 ξις
2185 4792 2279 4843 καὶ
2299 4791 2398 4861 οὑχ
2422 4789 2610 4852 ἁπλῶς
2638 4789 2929 4858 ἀγαθότης,
2957 4788 3027 4841 τά
3047 4789 3105 4841 δὲ
3154 4788 3435 4858 κτίσματα
3484 4788 3662 4840 πάντα

405 4878 547 4931 Deus
560 4876 785 4942 eminet,
814 4886 867 4931 et
886 4891 1046 4946 supra
1072 4876 1367 4930 essentiam
1388 4883 1563 4939 est,et
1593 4891 1761 4944 supra
1780 4878 1968 4931 Deum.

404 4970 671 5036 Quoniam
701 4969 817 5037 ipse
847 4969 1063 5035 quidem
1102 4974 1185 5022 est
1206 4970 1444 5023 essentia
1474 4968 1752 5031 bonitatis,
1784 4980 1838 5024 et
1869 4985 1974 5024 non

406 5062 639 5131 simplici
686 5062 902 5115 ratione
944 5059 1193 5126 bonitas;
1239 5072 1423 5115 creata
1468 5075 1597 5115 vero
1625 5062 1808 5115 omnia
1854 5078 1977 5132 quae

408 5162 560 5219 sunt,
592 5153 755 5208 etiam
790 5153 957 5220 ipsius
989 5152 1073 5205 sui
1120 5166 1243 5205 esse
1280 5166 1500 5206 causam
1564 5150 1769 5205 habent
1806 5152 1975 5206 Deum

408 5250 463 5303 in
492 5251 594 5303 hoc
622 5248 740 5317 ipso
766 5260 907 5307 esse,
940 5244 1080 5312 quod
1136 5243 1373 5297 divinum
1427 5258 1624 5297 numen
1666 5244 1976 5297 eminenter

409 5341 576 5396 habet
601 5350 857 5408 tanquam
887 5336 1127 5390 essentia
1156 5336 1434 5399 bonitatis,
1469 5351 1566 5405 per
1590 5351 1753 5405 quam
1787 5340 1978 5404 utique

410 5434 710 5487 bonitatem
765 5434 929 5484 etiam
977 5444 1135 5483 omne
1182 5430 1326 5497 quod
1363 5437 1450 5483 est
1490 5430 1763 5498 produxit.
1800 5428 1978 5498 Atque

410 5526 537 5579 hinc
574 5524 857 5578 solvuntur
885 5523 1044 5576 fatua:
1060 5523 1345 5590 opiniones
1368 5536 1555 5575 eorum
1583 5521 1673 5590 qui
1710 5521 1829 5577 ausi
1853 5531 1980 5576 sunt

412 5615 633 5678 dicere,
693 5613 916 5668 insitam
990 5628 1113 5669 esse
1174 5615 1282 5668 Deo
1331 5622 1525 5668 natura
1576 5613 1813 5682 quadam
1869 5613 1978 5666 vim

411 5708 661 5771 creandi,
696 5707 837 5761 sicut
861 5707 1086 5761 insitum
1118 5714 1202 5760 est
1226 5704 1499 5760 araneolis
1532 5715 1737 5770 texere,
1770 5720 1867 5773 per
1892 5719 1980 5758 so-

417 5799 522 5850 lum
558 5799 700 5851 enim
745 5798 1036 5853 bonitatem
1073 5797 1326 5853 ineil‘ai-ili
1362 5796 1636 5853 voluntate
1668 5796 1807 5852 Deus
1852 5811 1978 5866 pro-

2076 4882 2224 4945 bvra,
2252 4881 2345 4934 καὶ
2369 4879 2511 4934 κατά
2535 4880 2595 4932 rb
2620 4878 2757 4933 εἶναι
2781 4880 2957 4932 αἰτίαν
2982 4878 3164 4949 ἔχουσι
3191 4879 3281 4931 τὸν
3295 4878 3449 4942 Θεὸν,
3465 4880 3524 4931 ὲν
3545 4877 3664 4930 τού-

2078 4990 2155 5041 τῳ
2172 4971 2407 5042 αὑτῴτῷ
2440 4968 2600 5037 εἶναι,
2630 4972 2769 5043 ὅπερ
2790 4972 2901 5042 ἔχει
2928 4970 3278 5043 ὲξῃρημένως
3300 4970 3362 5022 rb
3384 4969 3565 5033 Θεῖον,
3589 4969 3664 5032 ὡς

2083 5063 2671 5135 ὓπαρξις,ἀγαθότητος
2696 5063 2762 5115 δι’
2784 5064 2851 5133 ἣν
2875 5063 2940 5133 δὴ
2965 5062 3277 5131 ἀγαθὸτητα
3318 5063 3412 5114 καὶ
3453 5062 3515 5114 τὸ
3558 5064 3659 5115 πᾶν

2085 5156 2377 5225 παρήγαγε
2397 5171 2410 5185 ⁸
2442 5154 2535 5206 καὶ
2560 5156 2624 5206 ὲκ
2647 5153 2852 5205 τούτων
2891 5153 2945 5204 αί
2990 5151 3207 5222 ἀνόητοι
3245 5150 3396 5215 δόξαι
3443 5150 3661 5203 ἐκλύον-

2084 5263 2171 5299 ται
2217 5246 2324 5299 τῶν
2371 5244 2755 5316 τολμησάντων
2802 5243 2999 5311 λέγειν,
3051 5241 3210 5311 φύσει
3234 5242 3340 5294 τινὶ
3367 5242 3567 5293 ἐνεῖναι
3604 5240 3660 5291 rb

2084 5334 2469 5407 δημιουργικὸν
2493 5334 2570 5406 τῷ
2594 5333 2732 5405 Θεῷ,
2761 5334 2836 5396 ὡς
2862 5334 2956 5385 καὶ
2978 5336 3092 5396 τοῖς
3118 5333 3397 5403 ἀραχνίοις
3419 5331 3487 5384 rb
3513 5330 3665 5399 ὑφαί-

2086 5447 2195 5483 νειν
2215 5446 2227 5458 ·
2257 5429 2348 5482 διά
2370 5429 2478 5500 γάρ
2506 5429 2673 5499 μόνην
2698 5427 3010 5497 ἀγαθότητα
3046 5426 3116 5478 τά
3164 5426 3440 5495 κτίσματα
3488 5424 3663 5494 παρή-

2084 5540 2253 5591 γαγεν
2275 5524 2303 5575 ὀ
2328 5522 2459 5585 Θεὸς
2486 5522 2708 5593 ἀρρήτῳ
2730 5520 2979 5590 θελήσει·
3010 5519 3132 5571 ἐπεὶ
3152 5514 3246 5571 οὖν
3268 5517 3462 5579 ταῦτα,
3489 5517 3585 5569 καὶ
3609 5516 3663 5565 ἐν

2085 5612 2234 5683 αὑτῷ
2260 5611 2337 5682 τῷ
2364 5608 2501 5665 εἶναι
2524 5611 2669 5664 αἰτία
2692 5612 2799 5663 τῶν
2824 5611 2991 5663 ὄντων
3014 5610 3162 5662 ἐστὶν
3184 5610 3212 5661 ὁ
3239 5608 3392 5672 Θεὸς,
3420 5609 3525 5679 τὴν
3549 5607 3665 5659 τού-

2084 5722 2177 5758 του
2213 5704 2488 5775 πρόνοιαν,
2535 5704 2655 5755 ἐπεὶ
2680 5702 2884 5773 ταύτης
2906 5703 3005 5773 τῆς
3042 5702 3223 5766 αἰτίας
3249 5700 3499 5770 ἀνωτέρα
3526 5698 3662 5753 atria

2084 5799 2183 5851 οὑκ
2211 5797 2374 5863 ἔστιν,
2405 5796 2462 5863 ἐξ
2488 5789 2555 5868 ἦς
2580 5794 2971 5870 ὑμνηθήσεται,
2997 5796 3060 5846 ἐκ
3087 5794 3194 5847 τῶν
3212 5793 3467 5847 αἰτιατῶν
3494 5793 3655 5862 ὑμνη-
