3876 6226
440 307 538 362 651

1619 310 1678 367 S.
1717 309 2011 366 DIONYSII
2046 310 2511 367 AREOI’AGITIE

3576 312 3679 365 653

443 430 504 473 ut
522 420 639 490 ejus
670 422 834 477 etiam
854 425 1127 495 particeps
1152 426 1244 490 sit,
1271 427 1366 483 sed
1387 428 1640 483 conditor
1662 428 2008 486 szeculorum.

2119 429 2170 482 δέ
2195 428 2327 493 Θεὸς
2352 430 2413 482 οὐ
2438 428 2690 500 δεύτερός
2718 432 2864 483 ἐστιν
2888 429 3104 492 αἰῶνος,
3133 430 3218 483 ἴνα
3244 430 3337 483 καί
3367 429 3564 500 μετέχῃ
3590 432 3681 484 αὖ·

445 512 594 566 Senii
640 526 923 583 expertem
971 518 1123 585 dicit,
1177 521 1473 574 secundum
1522 517 1702 573 illud:
1739 519 1814 573 Tu
1837 530 2013 575 autem

442 606 582 659 idem
610 606 718 674 ipse
746 624 824 670 es,
869 617 919 662 et
960 612 1087 663 anni
1116 612 1195 664 tui
1225 627 1326 665 non
1348 612 1588 680 deﬁcient
1626 621 1648 650 τ
1673 629 1687 676 ;
1711 621 1767 666 et
1792 612 2010 679 iterum,

442 704 504 749 ut
526 699 896 765 magnitudine
916 701 1099 755 omnia
1136 712 1521 771 superantem;
1546 703 1745 757 caelum
1785 703 1932 758 enim
1957 715 2012 759 et

444 793 650 841 terram
688 789 915 859 implet:
949 800 1006 845 et
1039 794 1176 846 utin
1211 808 1343 847 aura
1379 794 1551 858 tenui,
1574 794 1729 862 juxta
1752 796 1899 864 quod
1931 795 2013 850 di-

441 880 589 935 citur
614 881 664 934 itt
700 882 855 936 libris
904 882 1149 952 Regum:
1190 885 1298 941 Sed
1326 885 1514 941 sibilus
1552 903 1699 942 aura:
1730 889 1926 952 tenuis,
1962 896 2014 941 el

444 973 518 1024 ibi
545 972 803 1027 Dominus
831 986 876 1028 ³.
905 976 1069 1045 Atqui
1097 986 1152 1031 et
1201 978 1255 1031 in
1286 978 1561 1033 mentibus
1608 993 1732 1034 eum
1781 994 1905 1035 esse
1933 979 2014 1033 di-

442 1068 594 1119 cunt.
635 1069 689 1115 et
717 1061 769 1113 in
797 1063 1019 1129 animis,
1068 1072 1124 1119 et
1150 1064 1202 1117 in
1233 1064 1579 1134 corporibus,
1628 1064 1784 1133 juxta
1835 1065 1965 1119 illud
1996 1082 2009 1118 :

446 1149 513 1205 Et
543 1153 848 1208 inhabitabo
900 1155 956 1209 in
992 1156 1121 1220 illis,
1153 1167 1202 1211 et
1248 1156 1585 1212 inambulabo
1620 1158 1668 1222 ί,
1704 1166 1759 1213 et
1790 1159 1843 1212 in
1884 1157 2011 1211 uui-

444 1258 631 1309 vcrso;
666 1252 722 1300 et
769 1246 1019 1301 eumdem
1056 1248 1215 1301 simul
1246 1248 1296 1302 in
1333 1248 1555 1311 mundo,
1602 1256 1661 1304 ut
1709 1248 1928 1316 quando
1959 1246 2011 1301 in

445 1336 647 1389 mundo
668 1350 789 1390 esse
820 1336 1021 1391 dicitur
1051 1350 1100 1403 ιι,
1125 1349 1179 1393 et
1204 1338 1350 1394 circa
1384 1340 1665 1400 mundum,
1698 1349 1757 1393 ut
1799 1337 2014 1408 quando

444 1428 496 1479 in
523 1426 694 1487 omni.
726 1436 781 1481 et
813 1443 977 1496 supra
1013 1427 1297 1491 mundum,
1335 1438 1393 1482 ut
1422 1428 1637 1497 quando
1662 1427 1728 1482 ab
1761 1428 2014 1483 universo

442 1521 828 1591 comprehendi
898 1539 1057 1593 posse
1110 1534 1371 1593 negatur;
1422 1534 1481 1579 et
1521 1523 1967 1593 supracwlestem
1998 1560 2015 1586 ,

444 1614 1046 1683 suprasubslantialem,
1074 1613 1229 1682 juxta
1254 1616 1421 1671 illud:
1456 1616 1634 1684 Supra
1666 1615 1866 1669 coelum
1899 1613 2016 1683 glo-

445 1706 527 1759 ria
572 1706 784 1761 Domini
810 1724 824 1773 ;
854 1718 911 1761 et
934 1708 1130 1763 iterum
1159 1709 1329 1764 solem
1352 1708 1603 1780 justitiaa,
1626 1716 1681 1762 et
1706 1706 1933 1773 similia,
1961 1714 2016 1759 et

2114 520 2231 584 τοῦ,
2258 522 2373 574 ἀλλ’
2400 520 2611 575 αἰώνων
2635 524 2881 593 ποιητής.
2923 523 3137 593 Ἀγήρω
3159 523 3216 575 δὲ
3240 522 3387 590 λέγει
3426 523 3563 576 κατά
3587 526 3644 577 τό
3666 542 3679 554 ·

2113 613 2197 666 Σὺ
2213 612 2281 665 δὲ
2314 616 2347 667 ό
2370 615 2550 680 αὐτὸς
2567 615 2642 677 εἷ,
2674 614 2771 668 καὶ
2792 616 2863 668 τὰ
2886 615 2991 682 ἐτη
3020 632 3138 669 σου
3171 617 3280 667 οὐκ
3297 616 3647 683 ἐπιλείψουσι
3666 634 3677 645 ·

2113 707 2208 760 καὶ
2250 706 2434 770 πάλιν,
2464 707 2540 770 ὡς
2580 708 2638 759 ἐν
2666 707 2884 777 μεγέθει
2928 708 3145 760 πάντων
3191 707 3557 778 ὑπερέχοντα·
3597 706 3682 758 τὸν

2111 800 2338 872 οὐρανὸν
2375 800 2485 872 γὰρ
2515 801 2610 855 καὶ
2646 802 2746 871 τὴν
2786 802 2889 871 γῆν
2931 801 3162 873 πληροῖ·
3212 803 3304 855 καὶ
3348 801 3423 863 ώς
3465 801 3521 852 ἐν
3548 799 3685 871 αὔρᾳ.

2112 894 2280 964 λεπτῇ
2296 894 2508 947 κατὰτὸ
2533 895 2816 964 εἰρημένον
2841 895 2902 947 ἐν
2923 896 3041 957 ταῖς
3059 894 3386 956 Βασιλεὶαις·
3406 894 3578 947 Ἀλλὰ
3592 893 3684 958 καὶ

2112 988 2281 1056 φωνὴ
2302 988 2490 1054 αὔρας
2514 987 2766 1056 λεπτῆς,
2799 988 3020 1042 κὰκεῖό
3039 990 3270 1056 Κύριος.
3297 987 3405 1042 Καί
3430 1003 3494 1055 γε
3519 989 3612 1040 καὶ
3631 989 3684 1038 ἐν

2114 1078 2255 1143 νόοις
2280 1078 2463 1132 αὐτῶν
2507 1096 2662 1148 φασι,
2692 1080 2787 1133 καὶ
2811 1081 2869 1133 ἐν
2894 1079 3111 1150 ψυχαῖς,
3138 1080 3232 1133 καὶ
3274 1082 3333 1132 ἐν
3358 1078 3593 1149 σώμασι,
3615 1079 3685 1141 ὡς

2113 1172 2175 1227 τό
2193 1190 2205 1203 ·
2250 1171 2573 1238 Ἐνοικήσω
2600 1173 2671 1226 ἐν
2696 1173 2919 1239 αὐτοῖς,
2948 1175 3047 1227 καὶ
3075 1173 3534 1244 ἐμπεριπατήσω
3555 1190 3570 1202 ο
3598 1171 3684 1224 καὶ

2115 1271 2172 1322 ἐν
2195 1267 2273 1339 τῷ
2298 1269 2479 1333 παντὶ,
2504 1269 2599 1321 καὶ
2613 1269 2730 1338 ἅμα
2751 1268 2842 1320 τὸν
2861 1269 3022 1321 αὐτὸν
3043 1268 3353 1337 ἐγκόσμιον,
3371 1267 3459 1319 ὅτε
3476 1264 3686 1331 λέγεται

2114 1360 2173 1412 ἐν
2197 1358 2274 1430 τῷ
2300 1360 2490 1430 κόσμῳ
2508 1355 2645 1413 εἶναι
2669 1377 2682 1390 ·
2711 1360 3061 1430 περικόσμιον
3084 1359 3160 1422 δὲ,
3185 1358 3274 1411 ὅτε
3308 1358 3367 1410 ἐν
3390 1355 3470 1426 τῷ
3494 1354 3683 1409 παντί·

2115 1452 2209 1507 καὶ
2229 1452 2616 1523 ὑπερκόσμιον,
2634 1454 2722 1506 ὅτε
2748 1452 3029 1524 ἀχώρητος
3049 1450 3128 1521 τῷ
3161 1450 3321 1504 παντὶ
3344 1450 3583 1518 λέγεται·
3602 1449 3689 1502 καί

2115 1547 2521 1619 ὑπερουράνιον,
2544 1550 2637 1602 καὶ
2658 1547 2997 1618 ὑπερούσιον,
3024 1547 3099 1609 ὡς
3120 1547 3201 1599 τό·
3231 1545 3400 1615 ’Υπὲρ
3420 1543 3515 1596 τὸν
3536 1544 3689 1614 οὐρα-

2115 1640 2204 1693 νὸν
2227 1642 2261 1711 ἡ
2289 1640 2416 1706 δόξα
2445 1641 2649 1711 Κυρίου
2670 1658 2682 1670 ·
2711 1642 2805 1694 καὶ
2837 1640 2997 1695 πάλιν
3023 1639 3174 1709 ἥλιον
3199 1637 3571 1706 δικαιοσύνης·
3602 1637 3689 1689 καὶ

2115 1733 2183 1786 τὰ
2205 1732 2429 1787 τοιαῦτα
2447 1750 2459 1762 ·
2480 1734 2573 1786 καὶ
2592 1732 2738 1786 λίθον
2760 1733 3036 1803 τμηθέντα
3058 1732 3117 1797 ἐξ
3142 1731 3303 1802 ὅρους
3326 1748 3343 1759 ·
3368 1732 3463 1784 καὶ
3490 1729 3689 1799 πέτραν

444 1798 674 1868 lapidem
696 1814 762 1854 ex
789 1810 970 1856 monte
995 1802 1318 1867 abscissum,
1346 1810 1402 1856 et
1425 1810 1633 1870 petram
1664 1797 1937 1862 scandali;
1960 1806 2015 1851 et

2120 1824 2436 1887 σκανδάλου,
2479 1826 2573 1877 καὶ
2614 1825 2792 1879 πάντα
2823 1823 2893 1878 τὰ
2916 1824 3046 1877 ὄντα
3072 1826 3136 1877 ἐκ
3161 1824 3269 1876 τῶν
3293 1822 3576 1885 αἰτιατῶν,
3605 1822 3689 1873 καὶ

444 1907 513 1944 ex
541 1890 774 1959 ell‘ectis,
805 1894 989 1947 omnia
1020 1907 1143 1963 qua:
1185 1903 1332 1962 sunt,
1385 1902 1440 1949 et
1490 1892 1624 1947 nihil
1676 1904 1866 1948 eorum
1899 1903 2018 1958 quae

442 1990 586 2036 δυιιι.

518 2071 548 2142 §
580 2070 689 2129 VII.
718 2071 809 2127 Sic
838 2073 1002 2143 igitur
1022 2073 1072 2128 ei
1102 2073 1195 2143 qui
1230 2073 1475 2129 omnium
1500 2088 1683 2128 rerum
1709 2087 1875 2127 causa
1906 2078 2010 2138 est,

441 2177 497 2219 et
528 2178 689 2234 super
712 2165 918 2230 omnia,
942 2166 1193 2235 congruit
1222 2179 1413 2220 carere
1442 2164 1684 2229 nomine,
1735 2165 1785 2218 in
1837 2178 2013 2232 quan-

446 2268 559 2311 tum
590 2272 757 2326 super
787 2258 969 2313 omnia
995 2268 1100 2322 est,
1138 2268 1194 2311 et
1221 2258 1356 2312 nihil
1390 2255 1605 2313 horum.
1651 2256 1717 2311 Et
1749 2271 1939 2311 rursus
1964 2255 2013 2310 ei

442 2358 754 2417 congruunt
798 2349 980 2402 omnia
1040 2363 1223 2403 rerum
1268 2348 1508 2411 nomina,
1544 2348 1597 2401 in
1634 2355 1901 2417 quantum
1932 2354 2017 2400 est

442 2453 605 2490 causa
631 2452 897 2504 omnium,
924 2439 1217 2509 omniaque
1250 2440 1424 2509 ipsum
1450 2454 1550 2509 pro
1576 2446 1737 2509 captu
1770 2452 1867 2492 suo
1889 2452 2016 2505 par-

445 2531 695 2599 ticipant,
725 2540 784 2584 ut
818 2532 887 2585 sit
924 2531 1173 2602 perfecte
1223 2547 1445 2603 regnum
1480 2530 1884 2593 universorum,
1934 2528 2017 2581 di-

443 2619 652 2688 gnitate
693 2622 913 2689 quidem
955 2622 1213 2676 erunibus
1240 2621 1591 2687 antecellens,
1621 2629 1676 2676 et
1714 2636 1745 2674 a
1793 2620 2014 2675 neruine

445 2728 643 2767 nomen
681 2714 958 2783 accipiens
984 2754 1001 2779 ,
1056 2711 1405 2785 providentia
1432 2728 1563 2767 vero
1613 2711 2014 2783 complexuque

441 2821 544 2860 suo
577 2806 629 2860 in
666 2806 773 2859 illis
800 2807 1094 2873 exsistens,
1127 2817 1182 2862 et
1211 2807 1277 2861 ab
1304 2807 1412 2861 illis
1438 2803 2011 2862 nominatunt.0mnia

443 2900 590 2954 enim
620 2899 689 2953 ab
721 2901 837 2970 ipso
860 2900 1130 2969 pendent,
1168 2910 1423 2970 tanquam
1451 2916 1480 2953 a
1506 2914 1672 2955 causa
1706 2898 1924 2969 quidem
1958 2909 2011 2952 et

445 2991 738 3062 principio,
789 2993 1043 3047 omnibus
1094 2994 1389 3048 essentiam
1427 2993 1840 3062 suppeditante,
1891 2998 2013 3043 tan-

445 3099 610 3150 quam
643 3100 672 3137 a
708 3085 812 3139 line
856 3099 1007 3151 vero,
1036 3096 1095 3140 ut
1133 3086 1225 3155 qui
1269 3085 1486 3139 illorum
1512 3098 1630 3138 esse
1651 3082 1912 3137 continet.
1949 3080 2016 3134 Et

2118 1914 2270 1969 οὐδὲν
2296 1916 2403 1970 τῶν
2423 1915 2611 1970 ὄντων.

2186 2090 2214 2162 §
2246 2089 2349 2145 VII.
2377 2089 2563 2156 Οὕτως
2593 2087 2684 2147 οὖν
2708 2094 2775 2163 τῇ
2807 2093 3026 2146 πάντων
3060 2093 3206 2165 αἰτία
3234 2096 3327 2147 καὶ
3355 2095 3500 2165 ὑπὲρ
3527 2097 3689 2150 πάντα

2116 2182 2248 2256 οὔσῃ
2276 2184 2450 2238 καὶτὸ
2475 2183 2754 2255 ἀνώνυμον
2780 2185 3102 2255 ἐφαρμόσει,
3154 2186 3273 2238 καθ’
3299 2187 3326 2239 ὃ
3350 2186 3495 2256 ὑπὲρ
3524 2188 3688 2240 πάντα

2116 2275 2252 2339 ἐστὶ,
2286 2276 2377 2329 καὶ
2411 2274 2561 2328 οὐδὲν
2588 2274 2809 2328 τούτων.
2858 2276 2967 2328 Καὶ
2998 2275 3156 2328 πάλιν
3195 2277 3369 2329 πάντα
3398 2276 3689 2346 ὲιξαρμόσει

2116 2366 2184 2421 τὰ
2208 2367 2316 2421 τῶν
2343 2367 2515 2422 ὄντων
2538 2368 2797 2439 ὀνόματα,
2829 2367 2950 2422 καθ’
2966 2368 2995 2421 ὃ
3021 2368 3171 2423 αἰτία
3201 2370 3418 2422 πάντων
3443 2370 3583 2427 ἐστὶ,
3604 2369 3693 2419 καὶ

2120 2459 2437 2530 μετέχουσιν
2460 2460 2628 2529 αὐτῆς
2646 2460 2920 2530 ἀναλόγως
2946 2460 3016 2514 τὰ
3042 2462 3240 2525 πάντα,
3268 2460 3518 2532 ἀκριϐῶς
3538 2461 3690 2531 οὔσης

2115 2552 2368 2606 ἀπάντων
2394 2552 2690 2623 βασιλείας,
2715 2553 2792 2617 ὡς
2817 2552 2895 2624 τῷ
2922 2554 3021 2623 μέν
3049 2553 3320 2625 ἀξιώματι
3348 2554 3693 2627 ὑπεξῃρημέ-

2116 2661 2233 2714 νης,
2263 2646 2357 2700 καὶ
2403 2646 2477 2718 μὴ
2517 2646 2625 2699 ἀπό
2650 2663 2795 2710 τινος
2822 2647 3248 2719 ὀνομαζομένης,
3275 2651 3342 2719 τῇ
3384 2648 3445 2701 δὲ
3473 2650 3692 2718 προνοίᾳ

2116 2737 2211 2791 καὶ
2236 2739 2304 2807 τῇ
2331 2741 2529 2808 συνοχῇ
2556 2737 2709 2801 ἐντὸς
2748 2737 2934 2808 οὔσης,
2978 2741 3074 2792 καὶ
3105 2740 3201 2792 ἀπ’
3229 2740 3408 2792 αὐτῶν
3441 2740 3693 2809 ὀνομαζο-

2120 2827 2306 2900 μένης.
2357 2828 2541 2882 Πάντα
2568 2829 2679 2900 γὰρ
2716 2831 2884 2901 αὐτῆς
2929 2830 3222 2903 ἐξήρτηται
3255 2831 3329 2895 ὡς
3359 2831 3579 2895 αἰτίας·
3608 2832 3694 2884 καὶ

2117 2921 2292 2992 ἀρχῆς
2324 2921 2443 2991 μὲν,
2467 2920 2544 2985 ὡς
2581 2922 2643 2975 τὸ
2671 2917 2811 2977 εἶναι
2841 2924 3268 2994 παρασχομένης
3290 2939 3304 2953 ·
3335 2922 3573 2993 πέρατος
3623 2923 3691 2983 δὲ,

2116 3012 2193 3075 ὡς
2237 3010 2297 3065 τὸ
2345 3006 2484 3066 εἶναι
2538 3012 2887 3082 συνεχούσης.
2933 3013 3043 3066 Καὶ
3078 3013 3215 3083 αὐτή
3242 3013 3378 3075 ἐστι,
3421 3012 3575 3067 κατά
3610 3013 3691 3064 τὸν

2119 3102 2261 3158 θεῖον
2286 3104 2603 3171 ἀπόστολον,
2628 3104 2697 3158 τὰ
2720 3105 2898 3159 πάντα
2925 3106 2982 3158 ἐν
3012 3106 3196 3169 πᾶσιν,
3239 3104 3543 3169 ὑποστάτις
3570 3105 3693 3159 πάν-

447 3176 565 3244 ipse
588 3186 692 3239 est,
726 3185 783 3232 ιιι
822 3178 899 3232 ait
942 3178 1255 3247 Scriptura,
1284 3178 1460 3231 omnia
1486 3179 1541 3231 in
1572 3176 1811 3230 omnibus
1841 3183 1890 3240 ν,
1918 3174 2011 3243 qui

2119 3215 2245 3261 των,
2273 3199 2368 3253 καὶ
2392 3198 2614 3270 ἀρχικὴ,
2643 3199 2738 3252 καὶ
2763 3198 3077 3269 τελειωτική
3105 3216 3120 3225 ·
3160 3199 3263 3252 οὐκ
3283 3198 3443 3253 ἄλλου
3475 3200 3575 3269 μὲν
3599 3200 3690 3268 ἀρ-

447 3281 645 3328 cuucta
680 3272 811 3326 facit
841 3272 1163 3337 subsistere,
1200 3282 1458 3341 tanquam
1506 3271 1832 3342 principium
1860 3280 1915 3325 et
1947 3269 2013 3322 li-

445 3367 565 3431 nis;
596 3381 701 3420 non
728 3365 884 3435 quasi
913 3365 1051 3421 alius
1070 3365 1290 3435 quidem
1319 3364 1568 3434 incipiat,
1595 3364 1709 3435 ipse
1732 3378 1860 3417 vero
1893 3376 2018 3431 per-

448 3458 597 3512 Iiciat
628 3459 713 3513 vel
742 3458 1051 3528 quasi‘ipse
1095 3458 1186 3512 det
1220 3457 1458 3521 initium,
1513 3466 1568 3511 et
1614 3456 1683 3512 ad
1714 3455 1883 3511 alium
1932 3469 2017 3509 re-

446 3553 651 3617 mittat,
682 3552 774 3621 qui
810 3551 1078 3621 perliciat.
1126 3550 1361 3619 lpsemet
1413 3558 1493 3603 est
1528 3548 1618 3617 qui
1662 3547 1911 3603 continet
1960 3557 2017 3602 et

447 3641 879 3712 custodit,quasi
922 3640 1256 3697 domicilium
1290 3639 1559 3694 exsistens
1588 3647 1645 3691 et
1669 3652 1889 3692 sacrum
1920 3637 2019 3691 ba-

447 3734 767 3791 bitaculum.
818 3734 914 3789 Est
944 3734 1059 3789 haec
1105 3733 1322 3805 phrasis
1363 3729 1695 3801 graecanica;
1748 3729 2019 3783 convertit

447 3827 593 3882 enim
625 3826 692 3881 ad
725 3840 785 3881 se
811 3834 1141 3889 creaturam,
1185 3825 1375 3878 dicens
1403 3838 1417 3874 :
1458 3821 1672 3877 Manete
1692 3822 1749 3876 in
1770 3838 1850 3876 me
1874 3829 1937 3887 x;
1964 3830 2020 3876 et

447 3922 648 3975 iterum
681 3918 821 3985 :Qui
848 3920 1312 3972 manducatmeam
1344 3933 1574 3979 carnem,
1612 3928 1659 3970 et
1694 3917 1820 3970 bibit
1847 3933 2018 3970 meum

451 4012 782 4081 srrnguinem,
836 4012 893 4065 in
941 4027 1021 4065 me
1070 4020 1245 4063 manet
1278 4018 1328 4062 γ.
1378 4009 1841 4077 Quemadmodum
1872 4010 2017 4064 enim

448 4119 638 4160 sumus
659 4102 807 4158 velut
832 4103 1091 4171 templum
1123 4102 1265 4171 ejus,
1299 4100 1454 4171 juxta
1487 4101 1614 4155 illud
1651 4118 1665 4153 :
1701 4100 2019 4155 lnhabitabo

443 4202 503 4252 in
530 4197 640 4252 illis
660 4236 677 4263 ,
703 4206 750 4250 et
778 4195 1120 4248 inambulabo
1158 4203 1180 4230 ι
1211 4209 1225 4245 :
1254 4193 1325 4247 ita
1357 4195 1522 4247 etiam
1553 4194 1667 4261 ipse
1700 4194 1894 4248 domus
1922 4206 2022 4246 no-

446 4303 560 4348 stra
595 4299 700 4345 est.
736 4288 903 4343 Recte
926 4295 1108 4341 autem
1139 4285 1325 4340 statim
1360 4284 1644 4353 subjunxit
1688 4284 1856 4339 unite.
1880 4283 2019 4339 Cum

447 4386 594 4439 enim
626 4383 854 4438 dixisset
877 4381 1049 4450 ipsum
1070 4393 1192 4434 esse
1211 4381 1389 4433 omnia
1417 4386 1473 4432 et
1491 4378 1546 4432 in
1571 4378 1689 4447 ipso
1712 4378 1919 4443 omnia,
1950 4392 2019 4432 ne

448 4474 573 4542 quis
601 4473 942 4528 existimaret
976 4456 1253 4525 omniain
1312 4470 1420 4525 Deo
1450 4470 1746 4525 acervatim
1785 4470 2021 4524 circum-

448 4565 603 4628 [οι-τί,
631 4574 795 4635 atque
825 4564 950 4619 inde
980 4562 1330 4632 incorporeas
1352 4560 1615 4631 quasdam
1637 4561 1798 4632 313
1817 4560 2021 4615 divisas

445 4667 505 4711 et
559 4657 892 4727 compositas
939 4656 1226 4725 opiniones
1281 4654 1587 4719 incideret,
1645 4654 2014 4724 suspicionem

451 4757 595 4809 hanc
622 4753 902 4821 corrigens
932 4752 1008 4803 ait
1032 4749 1200 4813 unite,
1231 4748 1389 4817 quasi
1424 4763 1529 4802 non
1566 4748 1835 4818 partitim,
1877 4758 1930 4803 et
1963 4752 2014 4803 in

451 4845 671 4916 propria
690 4845 921 4909 unitate,
953 4845 1083 4912 quin
1110 4843 1289 4912 potius
1327 4856 1485 4912 supra
1517 4843 1778 4897 unitatem
1806 4860 2017 4913 perma-

449 4954 588 4993 nens
618 4949 702 4993 est
720 4937 959 4992 omnium
982 4936 1342 4999 domicilium;
1370 4936 1500 5003 quin
1523 4937 1685 4989 etiam
1726 4939 2015 5003 incompre-

448 5036 631 5092 Icense.
660 5031 714 5085 id
750 5040 835 5085 est
860 5046 891 5083 a
936 5032 1156 5083 nemine
1180 5027 1614 5097 comprehensus
1647 5038 1743 5083 aut
1774 5031 2016 5085 circum-

446 5126 715 5195 scriptus;
746 5123 829 5177 vel
873 5122 1057 5191 potius
1101 5123 1315 5184 eximie,
1352 5136 1478 5175 nam
1512 5130 1595 5175 est
1625 5132 1778 5176 extra
1809 5122 2015 5177 omnia.

449 5219 730 5288 Siquidem
761 5230 866 5269 non
888 5224 1095 5269 tantum
1127 5229 1287 5269 causa
1310 5224 1394 5269 est
1412 5213 1804 5284 complexiouis
1832 5229 2021 5269 eorum

447 5326 568 5378 quo:
600 5307 922 5378 simpliciter
952 5314 1101 5371 sunt,
1146 5306 1226 5361 vel
1252 5308 1374 5361 vita:
1407 5308 1728 5370 viventium,
1779 5306 1859 5360 vel
1890 5323 2019 5370 per-

447 5401 703 5456 l'ectionis
758 5398 1085 5468 spiritalium
1140 5412 1206 5453 ac
1253 5398 1598 5452 rationalium
1629 5397 2014 5462 essentiarmn,

453 5493 611 5560 quasi
631 5502 786 5547 extra
816 5491 915 5545 has
943 5499 1183 5558 maneat,
1214 5500 1274 5546 ut
1314 5490 1383 5545 ab
1409 5489 1493 5545 liis
1521 5488 1651 5546 solis
1682 5490 2016 5556 nominetur,

2120 3290 2348 3361 χομένου
2376 3290 2513 3361 αὑτὴ
2553 3290 2851 3355 τελειοῦσα,
2895 3290 3003 3343 οὐδ’
3031 3290 3168 3360 αὐτὴ
3194 3291 3473 3362 ἀρχομένη
3505 3293 3599 3345 καὶ
3618 3292 3690 3354 εἰς

2118 3380 2275 3434 ἄλλον
2303 3380 2748 3452 παραπέμπουσα
2773 3379 2863 3433 τὸν
2887 3379 3269 3433 τελειώσαντα.
3293 3380 3439 3450 Αὑτή
3478 3381 3691 3434 ἐστικαὶ

2117 3477 2152 3547 ἡ
2179 3475 2495 3545 συνέχουσα,
2518 3476 2611 3528 καὶ
2636 3477 2670 3545 ἡ
2696 3473 3028 3547 φρουροῦσα,
3079 3476 3175 3529 καὶ
3200 3474 3355 3529 ἐστία
3376 3470 3691 3542 οὗσα,οίονεὶ

2120 3567 2242 3638 ἱερά
2287 3583 2370 3630 τις
2400 3565 2625 3635 οἴκησις.
2670 3564 2962 3636 Ἑλληνικὴ
2997 3565 3057 3618 δέ
3095 3568 3133 3637 ἡ
3164 3565 3308 3631 λέξις
3329 3589 3347 3605 ·
3376 3566 3689 3637 ἐπιστρέφει

2119 3656 2229 3728 γὰρ
2251 3656 2388 3727 πρὸς
2426 3654 2624 3726 ἑαυτὴν
2659 3655 2759 3726 τὴν
2795 3653 2991 3721 κτίσιν,
3029 3654 3291 3723 λέγουσα*
3330 3656 3591 3711 Μείνατε
3628 3656 3691 3709 ἐν

2117 3749 2247 3817 ἐμοί
2270 3766 2282 3778 ·
2328 3748 2422 3802 καὶ
2456 3746 2620 3803 πάλιν
2644 3764 2657 3776 ·
2692 3746 2746 3800 Ὀ
2778 3744 3012 3813 τρώμαν
3032 3764 3152 3814 μου
3194 3746 3310 3815 τὴν
3348 3746 3572 3815 σάρκα,
3601 3745 3691 3799 καὶ

2120 3842 2312 3895 πίνων
2326 3858 2449 3909 μου
2470 3840 2533 3893 τὸ
2558 3840 2724 3908 αἷμα,
2740 3838 2809 3892 ὲν
2835 3837 2965 3907 ἐμοὶ
2986 3837 3176 3907 μένει.
3205 3839 3415 3910 Ὥσπερ
3438 3840 3550 3912 γὰρ
3575 3840 3689 3901 ναὸς

2120 3932 2285 3989 αὐτοῦ
2328 3934 2517 4004 ἐσμεν,
2564 3932 2706 3991 κατὰ
2744 3932 2835 3987 τό·
2880 3933 3202 3999 Ἐνοικήσω
3242 3934 3313 3987 ἐν
3340 3934 3569 4000 αὐτοῖς,
3603 3930 3690 3985 καί

2120 4024 2606 4093 ἐμπεριπατήσω·
2635 4024 2779 4082 οὓτω
2825 4025 2921 4078 καὶ
2961 4024 3125 4089 αὐτὸς
3171 4022 3319 4089 οἶκος
3366 4026 3530 4096 ἡμῶν
3560 4028 3687 4078 ἐστι.

2122 4117 2317 4181 Καλῶς
2342 4116 2397 4169 δὲ
2420 4116 2583 4181 εὐθὺς
2609 4118 2859 4189 ἐπήγαγε
2883 4120 2945 4173 τὸ
2970 4120 3306 4189 ήνωμένως.
3344 4118 3567 4190 Ἐπειδὴ
3592 4116 3691 4188 γὰρ

2121 4205 2292 4275 εἶπεν,
2320 4209 2479 4264 αὑτὸν
2505 4205 2642 4264 εἷναι
2672 4211 2871 4277 πάντα,
2902 4212 2997 4265 καὶ
3023 4214 3083 4266 ἐν
3109 4210 3259 4281 αὺτῷ
3292 4210 3362 4265 τὰ
3388 4212 3586 4273 πάντα,
3614 4211 3689 4261 ἴνα

2124 4302 2199 4373 μὴ
2220 4303 2387 4375 νοήσῃ
2400 4320 2484 4368 τις
2501 4304 2715 4359 ἅπαντα
2741 4303 2979 4375 σωρηδὸν
2993 4306 3052 4357 ἐν
3072 4304 3150 4375 τῷ
3162 4302 3280 4374 Θεῷ
3302 4303 3688 4375 συμφέρεσθαι,

2121 4390 2369 4445 ἐντεῦθεν
2394 4392 2451 4446 δὲ
2474 4393 2555 4456 εἰς
2587 4393 2905 4463 σωματικὰς
2947 4392 3203 4455 ὑπονοίας
3239 4391 3478 4462 ἐμπέσῃ,
3514 4404 3690 4461 μερισ-

2132 4484 2264 4556 μούς
2285 4501 2437 4548 τινας
2476 4486 2572 4540 καὶ
2619 4483 2916 4548 συνθέσεις,
2949 4483 3267 4555 θεραπεύων
3294 4483 3394 4553 τὴν
3421 4483 3689 4540 ὑπόνοιαν,

2126 4578 2294 4649 φησιν
2322 4577 2660 4647 ἠνωμένως,
2706 4579 2870 4632 οἱονεὶ
2908 4577 3156 4650 ἀμερῶς,
3184 4578 3276 4632 καὶ
3306 4579 3365 4631 ἐν
3407 4578 3477 4647 τῇ
3526 4574 3691 4643 οἰκείᾳ.

2126 4668 2293 4732 ἐνάδι,
2325 4667 2522 4738 μᾶλλον
2552 4668 2629 4733 δὲ,
2653 4668 2749 4721 καὶ
2776 4668 2919 4737 ὑπὲρ
2943 4669 3042 4739 τὴν
3071 4667 3254 4732 ἑνάδα,
3285 4666 3523 4738 μένουσα
3550 4663 3689 4718 ἑστία

2124 4758 2233 4811 τῶν
2254 4758 2470 4812 πάντων
2505 4760 2674 4822 ἐστὶν,
2699 4758 2840 4812 ἀλλά
2863 4760 2956 4813 καὶ
2974 4759 3273 4827 ἀσχέτως,
3318 4758 3439 4811 ἀντὶ
3484 4757 3579 4810 τοῦ
3605 4755 3687 4808 ὑπ’

2123 4849 2335 4912 οὐδενὸς
2372 4848 2770 4921 κατεχομένηῆ
2815 4849 3259 4920 περιγραφομένη
3284 4864 3297 4877 ·
3349 4846 3687 4919 ἐξῃρημένως

2124 4945 2181 4998 δὲ
2201 4944 2421 5015 μᾶλλον,
2448 4942 2553 5008 ἔξω
2578 4943 2685 5013 γάρ
2710 4944 2824 4996 ἐστι
2848 4943 2956 4995 τῶν
2982 4944 3255 4996 ἁπάντων.
3304 4941 3378 4994 Οὐ
3404 4940 3515 5012 γὰρ
3542 4940 3686 5011 μόνον

2121 5036 2270 5091 αἰτία
2323 5036 2439 5089 ἐστι
2470 5035 2699 5105 συνοχῆς
2741 5033 2851 5087 τῶν
2894 5033 3083 5098 ἁπλῶς
3110 5034 3303 5097 ὄντων,
3333 5034 3368 5104 ἢ
3406 5033 3553 5102 ζωῆς
3586 5029 3684 5083 τῶν

2121 5128 2358 5194 ζώντων,
2397 5127 2787 5197 ἥτελειώσειιλς
2828 5126 2944 5179 τῶν
2956 5144 3042 5180 νοε
3052 5125 3160 5197 ρῶν
3199 5126 3296 5179 καὶ
3336 5124 3570 5193 λογικῶν
3603 5122 3683 5175 οὐ-

2121 5219 2252 5272 σιῶν
2274 5236 2287 5250 ο
2322 5218 2472 5289 μένει
2505 5219 2564 5272 δὲ
2598 5218 2703 5285 ἔξω
2739 5218 2964 5282 τούτων,
3006 5218 3096 5271 ἵνα
3138 5216 3247 5271 ἀπὸ
3294 5216 3499 5269 τούτων
3538 5213 3682 5285 μόνον

2118 5309 2461 5382 ὀνομάζοιτο,
2501 5312 2757 5382 συνοχεὺς
2794 5310 2978 5382 τυχὸν,
3019 5308 3156 5382 ζωὴ,
3184 5310 3279 5365 καὶ
3318 5303 3677 5371 τελείωσιςῆ

2122 5404 2216 5458 καὶ
2252 5404 2343 5473 ἀφ’
2370 5403 2560 5474 ἐτέρας
2588 5403 2861 5473 προνοίας,
2899 5402 3227 5473 δημιουργὸς
3273 5400 3434 5465 ἴσως,
3461 5413 3680 5463 παντεπ-

2126 5495 2321 5564 όπτης,
2349 5492 2746 5565 φιλάνθρωπος,
2776 5492 3187 5563 παντοκράτωρ,
3217 5494 3311 5547 καὶ
3340 5490 3419 5549 τά
3447 5488 3674 5547 τοιαῦτα,

528 5684 550 5747 γ
582 5676 722 5728 Psal.
753 5692 824 5737 ct,
856 5678 945 5734 ‘28.
1030 5689 1050 5747 ξι
1086 5674 1147 5728 lll
1175 5675 1309 5744 Reg.
1357 5689 1470 5747 xix.
1499 5674 1583 5731 19..
1664 5675 1750 5731 ιιι
1777 5676 1901 5733 Cor.
1933 5692 2007 5747 vi,

2119 5716 2126 5729 .
2207 5690 2229 5716 ιι
2263 5674 2420 5732 Joan.
2447 5690 2483 5741 ι,
2516 5676 2600 5734 10.
2682 5686 2705 5710 '
2735 5676 2750 5732 Ι
2778 5676 2903 5734 Cor.
2940 5692 3027 5741 xv,
3071 5674 3157 5729 ‘38.
3244 5688 3263 5714 ι
3301 5671 3458 5729 iuan.
3506 5688 3588 5739 xv,
3630 5670 3670 5725 ι,

460 5749 481 5787 1
512 5742 662 5799 Juan.
694 5762 768 5811 vt,
802 5747 889 5801 57.
970 5759 990 5785 ι
1027 5746 1066 5799 il
1094 5749 1219 5801 Cor.
1259 5742 1332 5812 (1,
1375 5746 1438 5799 lli
