  <div class='ocr_page' id='page_1' title='image "/cluster/home/n/w/nwhite01/storage/ocr_20150623/3/nnc1.0046978666/344.png"; bbox 0 0 3876 6226; ppageno 0'>
   <div class='ocr_carea' id='block_1_1' title="bbox 199 324 310 381">
    <p class='ocr_par' dir='ltr' id='par_1_1' title="bbox 199 324 310 381">
     <span class='ocr_line' id='line_1_1' title="bbox 199 324 310 381; baseline 0.018 -2"><span class='ocrx_word' id='word_1_1' title='bbox 199 324 310 381; x_wconf 67' lang='lat'><strong>633</strong></span> 
     </span>
    </p>
   </div>
   <div class='ocr_carea' id='block_1_2' title="bbox 769 326 2849 399">
    <p class='ocr_par' dir='ltr' id='par_1_2' title="bbox 769 326 2849 399">
     <span class='ocr_line' id='line_1_2' title="bbox 769 326 2849 399; baseline 0.004 -17"><span class='ocrx_word' id='word_1_2' title='bbox 769 327 859 382; x_wconf 88' lang='lat' dir='ltr'><strong>DE</strong></span> <span class='ocrx_word' id='word_1_3' title='bbox 891 326 1146 385; x_wconf 78' lang='lat' dir='ltr'><strong>DIVINIS</strong></span> <span class='ocrx_word' id='word_1_4' title='bbox 1179 328 1578 396; x_wconf 73' lang='lat' dir='ltr'><strong>NOMINIBUS,</strong></span> <span class='ocrx_word' id='word_1_5' title='bbox 1619 330 1771 387; x_wconf 76' lang='lat' dir='ltr'><strong>CAP.</strong></span> <span class='ocrx_word' id='word_1_6' title='bbox 1812 328 1851 387; x_wconf 94' lang='grc'><strong>1.</strong></span> <span class='ocrx_word' id='word_1_7' title='bbox 1889 362 1957 371; x_wconf 89' lang='grc'><strong>-</strong></span> <span class='ocrx_word' id='word_1_8' title='bbox 1991 331 2337 399; x_wconf 64' lang='grc' dir='ltr'><strong>ΡᾹΒΑΡΙΙΚ.</strong></span> <span class='ocrx_word' id='word_1_9' title='bbox 2376 332 2849 390; x_wconf 68' lang='grc' dir='ltr'><strong>ΡΛΟΙῙΥΜΕΒᾸΞ.</strong></span> 
     </span>
    </p>
   </div>
   <div class='ocr_carea' id='block_1_3' title="bbox 3376 336 3487 392">
    <p class='ocr_par' dir='ltr' id='par_1_3' title="bbox 3376 336 3487 392">
     <span class='ocr_line' id='line_1_3' title="bbox 3376 336 3487 392; baseline 0.027 -3"><span class='ocrx_word' id='word_1_10' title='bbox 3376 336 3487 392; x_wconf 68' lang='grc'><strong>639-</strong></span> 
     </span>
    </p>
   </div>
   <div class='ocr_carea' id='block_1_4' title="bbox 197 439 1774 521">
    <p class='ocr_par' dir='ltr' id='par_1_4' title="bbox 197 439 1774 514">
     <span class='ocr_line' id='line_1_4' title="bbox 197 439 1774 514; baseline 0.003 -21"><span class='ocrx_word' id='word_1_11' title='bbox 197 439 233 493; x_wconf 67' lang='lat'><strong>1</strong></span> <span class='ocrx_word' id='word_1_12' title='bbox 259 439 329 511; x_wconf 80' lang='grc' dir='ltr'>δὴ</span> <span class='ocrx_word' id='word_1_13' title='bbox 354 439 421 491; x_wconf 81' lang='grc' dir='ltr'>ὲκ</span> <span class='ocrx_word' id='word_1_14' title='bbox 448 439 549 511; x_wconf 81' lang='grc' dir='ltr'>τῆς</span> <span class='ocrx_word' id='word_1_15' title='bbox 572 439 752 504; x_wconf 79' lang='grc' dir='ltr'><strong>αἰτίας</strong></span> <span class='ocrx_word' id='word_1_16' title='bbox 781 442 876 494; x_wconf 76' lang='grc' dir='ltr'><strong>καὶ</strong></span> <span class='ocrx_word' id='word_1_17' title='bbox 901 441 1002 512; x_wconf 87' lang='grc' dir='ltr'>τῆς</span> <span class='ocrx_word' id='word_1_18' title='bbox 1029 441 1287 513; x_wconf 80' lang='grc' dir='ltr'><strong>προνοίας</strong></span> <span class='ocrx_word' id='word_1_19' title='bbox 1308 443 1774 514; x_wconf 78' lang='grc' dir='ltr'>όνομασθήσονται</span> 
     </span>
    </p>
   </div>
   <div class='ocr_carea' id='block_1_5' title="bbox 1880 439 3483 521">
    <p class='ocr_par' dir='ltr' id='par_1_5' title="bbox 1903 445 3483 521">
     <span class='ocr_line' id='line_1_5' title="bbox 1903 445 3483 521; baseline 0.005 -22"><span class='ocrx_word' id='word_1_20' title='bbox 1903 446 2195 500; x_wconf 88' lang='lat' dir='ltr'><strong>continens</strong></span> <span class='ocrx_word' id='word_1_21' title='bbox 2222 461 2271 497; x_wconf 76' lang='grc' dir='ltr'><strong>ι’.</strong></span> <span class='ocrx_word' id='word_1_22' title='bbox 2297 460 2351 514; x_wconf 86' lang='lat' dir='ltr'><strong>g.</strong></span> <span class='ocrx_word' id='word_1_23' title='bbox 2385 445 2492 499; x_wconf 83' lang='lat' dir='ltr'><strong>vita</strong></span> <span class='ocrx_word' id='word_1_24' title='bbox 2516 454 2573 501; x_wconf 88' lang='lat' dir='ltr'><strong>et</strong></span> <span class='ocrx_word' id='word_1_25' title='bbox 2598 448 2891 518; x_wconf 72' lang='lat' dir='ltr'><strong>perfectio,</strong></span> <span class='ocrx_word' id='word_1_26' title='bbox 2927 449 3009 504; x_wconf 90' lang='lat' dir='ltr'><strong>vel</strong></span> <span class='ocrx_word' id='word_1_27' title='bbox 3040 451 3109 505; x_wconf 87' lang='lat' dir='ltr'><strong>ab</strong></span> <span class='ocrx_word' id='word_1_28' title='bbox 3138 449 3245 504; x_wconf 84' lang='lat' dir='ltr'><strong>alia</strong></span> <span class='ocrx_word' id='word_1_29' title='bbox 3294 454 3483 521; x_wconf 77' lang='lat' dir='ltr'><strong>provi-</strong></span> 
     </span>
    </p>
   </div>
   <div class='ocr_carea' id='block_1_6' title="bbox 194 532 1792 600">
    <p class='ocr_par' dir='ltr' id='par_1_6' title="bbox 194 532 1792 600">
     <span class='ocr_line' id='line_1_6' title="bbox 194 532 1792 600; baseline 0.003 -15"><span class='ocrx_word' id='word_1_30' title='bbox 194 532 314 585; x_wconf 79' lang='grc' dir='ltr'>ἀλλ’</span> <span class='ocrx_word' id='word_1_31' title='bbox 342 534 468 586; x_wconf 75' lang='grc' dir='ltr'>ἐπεὶ</span> <span class='ocrx_word' id='word_1_32' title='bbox 502 535 598 587; x_wconf 81' lang='grc' dir='ltr'><strong>καὶ</strong></span> <span class='ocrx_word' id='word_1_33' title='bbox 636 536 813 588; x_wconf 85' lang='grc' dir='ltr'>πάντα</span> <span class='ocrx_word' id='word_1_34' title='bbox 836 534 964 588; x_wconf 68' lang='grc' dir='ltr'>ὄντα</span> <span class='ocrx_word' id='word_1_35' title='bbox 988 535 1176 599; x_wconf 82' lang='grc' dir='ltr'>ἁπλῶς</span> <span class='ocrx_word' id='word_1_36' title='bbox 1201 537 1296 591; x_wconf 82' lang='grc' dir='ltr'>καὶ</span> <span class='ocrx_word' id='word_1_37' title='bbox 1325 536 1662 600; x_wconf 84' lang='grc' dir='ltr'>ἀσυνθέτως,</span> <span class='ocrx_word' id='word_1_38' title='bbox 1694 537 1792 590; x_wconf 81' lang='grc' dir='ltr'>καὶ</span> 
     </span>
    </p>
   </div>
   <div class='ocr_carea' id='block_1_7' title="bbox 195 623 1789 699">
    <p class='ocr_par' dir='ltr' id='par_1_7' title="bbox 195 623 1789 699">
     <span class='ocr_line' id='line_1_7' title="bbox 195 623 1789 699; baseline 0.004 -24"><span class='ocrx_word' id='word_1_39' title='bbox 195 623 619 695; x_wconf 83' lang='grc' dir='ltr'>ἀπεριορίστως,</span> <span class='ocrx_word' id='word_1_40' title='bbox 647 626 742 678; x_wconf 77' lang='grc' dir='ltr'>καὶ</span> <span class='ocrx_word' id='word_1_41' title='bbox 764 627 1089 698; x_wconf 75' lang='grc' dir='ltr'>ἀκρατῆ-τως</span> <span class='ocrx_word' id='word_1_42' title='bbox 1120 629 1180 680; x_wconf 84' lang='grc' dir='ltr'>ὲν</span> <span class='ocrx_word' id='word_1_43' title='bbox 1207 629 1345 699; x_wconf 79' lang='grc' dir='ltr'>αὐτῇ</span> <span class='ocrx_word' id='word_1_44' title='bbox 1376 629 1451 699; x_wconf 83' lang='grc' dir='ltr'>μὴ</span> <span class='ocrx_word' id='word_1_45' title='bbox 1476 628 1636 699; x_wconf 89' lang='grc' dir='ltr'>μόνον</span> <span class='ocrx_word' id='word_1_46' title='bbox 1662 645 1789 681; x_wconf 84' lang='grc' dir='ltr'>συν-</span> 
     </span>
    </p>
   </div>
   <div class='ocr_carea' id='block_1_8' title="bbox 194 715 1792 792">
    <p class='ocr_par' dir='ltr' id='par_1_8' title="bbox 194 715 1792 792">
     <span class='ocr_line' id='line_1_8' title="bbox 194 715 1792 792; baseline 0.004 -25"><span class='ocrx_word' id='word_1_47' title='bbox 194 715 335 785; x_wconf 76' lang='grc' dir='ltr'>ἔχει,</span> <span class='ocrx_word' id='word_1_48' title='bbox 374 716 513 769; x_wconf 85' lang='grc' dir='ltr'><strong>ἀλλά</strong></span> <span class='ocrx_word' id='word_1_49' title='bbox 554 718 651 770; x_wconf 74' lang='grc' dir='ltr'>καὶ</span> <span class='ocrx_word' id='word_1_50' title='bbox 686 719 982 790; x_wconf 81' lang='grc' dir='ltr'><strong>προείληφε</strong></span> <span class='ocrx_word' id='word_1_51' title='bbox 1028 722 1148 783; x_wconf 87' lang='grc' dir='ltr'>ταῖς</span> <span class='ocrx_word' id='word_1_52' title='bbox 1191 720 1489 791; x_wconf 86' lang='grc' dir='ltr'>ἀγαθότησι</span> <span class='ocrx_word' id='word_1_53' title='bbox 1530 722 1629 792; x_wconf 84' lang='grc' dir='ltr'>τῆς</span> <span class='ocrx_word' id='word_1_54' title='bbox 1657 737 1792 773; x_wconf 84' lang='grc' dir='ltr'>παν-</span> 
     </span>
    </p>
   </div>
   <div class='ocr_carea' id='block_1_9' title="bbox 191 809 1790 883">
    <p class='ocr_par' dir='ltr' id='par_1_9' title="bbox 191 809 1790 883">
     <span class='ocr_line' id='line_1_9' title="bbox 191 809 1790 883; baseline 0.005 -23"><span class='ocrx_word' id='word_1_55' title='bbox 191 809 374 861; x_wconf 89' lang='grc' dir='ltr'>αιτίου</span> <span class='ocrx_word' id='word_1_56' title='bbox 429 810 711 879; x_wconf 80' lang='grc' dir='ltr'><strong>προνοίας·</strong></span> <span class='ocrx_word' id='word_1_57' title='bbox 755 811 892 883; x_wconf 83' lang='grc' dir='ltr'>αὐτὴ</span> <span class='ocrx_word' id='word_1_58' title='bbox 947 813 1056 883; x_wconf 91' lang='grc' dir='ltr'><strong>γάρ</strong></span> <span class='ocrx_word' id='word_1_59' title='bbox 1100 814 1248 866; x_wconf 72' lang='grc' dir='ltr'>ἐστιν</span> <span class='ocrx_word' id='word_1_60' title='bbox 1291 815 1331 882; x_wconf 80' lang='grc' dir='ltr'><em>ὴ</em></span> <span class='ocrx_word' id='word_1_61' title='bbox 1396 814 1675 867; x_wconf 79' lang='grc' dir='ltr'>καλοῦσα</span> <span class='ocrx_word' id='word_1_62' title='bbox 1716 815 1790 869; x_wconf 82' lang='grc' dir='ltr'>τὰ</span> 
     </span>
    </p>
   </div>
   <div class='ocr_carea' id='block_1_10' title="bbox 186 899 1786 977">
    <p class='ocr_par' dir='ltr' id='par_1_10' title="bbox 186 899 1786 977">
     <span class='ocr_line' id='line_1_10' title="bbox 186 899 1786 977; baseline 0.004 -24"><span class='ocrx_word' id='word_1_63' title='bbox 186 899 276 970; x_wconf 80' lang='grc' dir='ltr'>μὴ</span> <span class='ocrx_word' id='word_1_64' title='bbox 312 901 460 954; x_wconf 81' lang='grc' dir='ltr'>ὄντα</span> <span class='ocrx_word' id='word_1_65' title='bbox 485 902 566 969; x_wconf 86' lang='grc' dir='ltr'>ὡς</span> <span class='ocrx_word' id='word_1_66' title='bbox 593 904 757 956; x_wconf 81' lang='grc' dir='ltr'>ὄντα.</span> <span class='ocrx_word' id='word_1_67' title='bbox 799 903 1166 975; x_wconf 86' lang='grc' dir='ltr'>Ἐναρμονίως</span> <span class='ocrx_word' id='word_1_68' title='bbox 1195 905 1304 977; x_wconf 80' lang='grc' dir='ltr'>ἄρα</span> <span class='ocrx_word' id='word_1_69' title='bbox 1318 906 1411 959; x_wconf 76' lang='grc' dir='ltr'>καὶ</span> <span class='ocrx_word' id='word_1_70' title='bbox 1430 905 1786 977; x_wconf 79' lang='grc' dir='ltr'>καταλλήλως</span> 
     </span>
    </p>
   </div>
   <div class='ocr_carea' id='block_1_11' title="bbox 190 995 1782 1069">
    <p class='ocr_par' dir='ltr' id='par_1_11' title="bbox 190 995 1782 1069">
     <span class='ocr_line' id='line_1_11' title="bbox 190 995 1782 1069; baseline 0.003 -24"><span class='ocrx_word' id='word_1_71' title='bbox 190 995 259 1046; x_wconf 83' lang='grc' dir='ltr'>ὲκ</span> <span class='ocrx_word' id='word_1_72' title='bbox 279 995 504 1048; x_wconf 86' lang='grc' dir='ltr'>πάντων</span> <span class='ocrx_word' id='word_1_73' title='bbox 531 995 643 1050; x_wconf 90' lang='grc' dir='ltr'><strong>τῶν</strong></span> <span class='ocrx_word' id='word_1_74' title='bbox 682 996 851 1049; x_wconf 73' lang='grc' dir='ltr'>ὄντων</span> <span class='ocrx_word' id='word_1_75' title='bbox 879 997 1130 1067; x_wconf 85' lang='grc' dir='ltr'><strong>ὑμνεῖται</strong></span> <span class='ocrx_word' id='word_1_76' title='bbox 1156 999 1251 1053; x_wconf 78' lang='grc' dir='ltr'>καὶ</span> <span class='ocrx_word' id='word_1_77' title='bbox 1288 998 1615 1069; x_wconf 75' lang='grc' dir='ltr'>ὀνομάζεται</span> <span class='ocrx_word' id='word_1_78' title='bbox 1645 996 1782 1066; x_wconf 88' lang='grc' dir='ltr'>φῶς,</span> 
     </span>
    </p>
   </div>
   <div class='ocr_carea' id='block_1_12' title="bbox 190 1086 1505 1161">
    <p class='ocr_par' dir='ltr' id='par_1_12' title="bbox 190 1086 1505 1161">
     <span class='ocr_line' id='line_1_12' title="bbox 190 1086 1505 1161; baseline 0.005 -22"><span class='ocrx_word' id='word_1_79' title='bbox 190 1086 362 1157; x_wconf 76' lang='grc' dir='ltr'>ὕδωρ,</span> <span class='ocrx_word' id='word_1_80' title='bbox 393 1087 527 1158; x_wconf 82' lang='grc' dir='ltr'>πῦρ,</span> <span class='ocrx_word' id='word_1_81' title='bbox 558 1088 767 1160; x_wconf 84' lang='grc' dir='ltr'><strong>δρόσος,</strong></span> <span class='ocrx_word' id='word_1_82' title='bbox 794 1089 1016 1161; x_wconf 80' lang='grc' dir='ltr'><strong>νεφέλη,</strong></span> <span class='ocrx_word' id='word_1_83' title='bbox 1042 1092 1137 1147; x_wconf 81' lang='grc' dir='ltr'>καὶ</span> <span class='ocrx_word' id='word_1_84' title='bbox 1164 1091 1234 1145; x_wconf 82' lang='grc' dir='ltr'>τὰ</span> <span class='ocrx_word' id='word_1_85' title='bbox 1260 1092 1505 1145; x_wconf 64' lang='grc' dir='ltr'>τοιαῦτα.</span> 
     </span>
    </p>
   </div>
   <div class='ocr_carea' id='block_1_13' title="bbox 187 1192 1032 1252">
    <p class='ocr_par' dir='ltr' id='par_1_13' title="bbox 187 1192 1032 1252">
     <span class='ocr_line' id='line_1_13' title="bbox 187 1192 1032 1252; baseline 0.006 -18"><span class='ocrx_word' id='word_1_86' title='bbox 187 1192 346 1244; x_wconf 79' lang='lat' dir='ltr'><strong>sunt,</strong></span> <span class='ocrx_word' id='word_1_87' title='bbox 390 1193 646 1250; x_wconf 84' lang='lat' dir='ltr'><strong>tanquam</strong></span> <span class='ocrx_word' id='word_1_88' title='bbox 680 1200 741 1238; x_wconf 88' lang='lat' dir='ltr'><strong>ea</strong></span> <span class='ocrx_word' id='word_1_89' title='bbox 766 1201 884 1252; x_wconf 76' lang='lat' dir='ltr'><strong>qua:</strong></span> <span class='ocrx_word' id='word_1_90' title='bbox 909 1197 1032 1240; x_wconf 86' lang='lat' dir='ltr'><strong>sunt</strong></span> 
     </span>
    </p>
   </div>
   <div class='ocr_carea' id='block_1_14' title="bbox 193 1274 1355 1348">
    <p class='ocr_par' dir='ltr' id='par_1_14' title="bbox 193 1274 1355 1348">
     <span class='ocr_line' id='line_1_14' title="bbox 193 1274 1355 1348; baseline 0.009 -22"><span class='ocrx_word' id='word_1_91' title='bbox 193 1283 286 1327; x_wconf 90' lang='lat' dir='ltr'><strong>tur</strong></span> <span class='ocrx_word' id='word_1_92' title='bbox 326 1274 447 1340; x_wconf 88' lang='lat' dir='ltr'><strong>lux,</strong></span> <span class='ocrx_word' id='word_1_93' title='bbox 473 1291 640 1346; x_wconf 88' lang='lat' dir='ltr'><strong>aqua,</strong></span> <span class='ocrx_word' id='word_1_94' title='bbox 682 1278 845 1348; x_wconf 83' lang='lat' dir='ltr'><strong>ignis,</strong></span> <span class='ocrx_word' id='word_1_95' title='bbox 879 1295 988 1346; x_wconf 87' lang='lat' dir='ltr'><strong>ros,</strong></span> <span class='ocrx_word' id='word_1_96' title='bbox 1018 1282 1212 1341; x_wconf 86' lang='lat' dir='ltr'><strong>nubes,</strong></span> <span class='ocrx_word' id='word_1_97' title='bbox 1241 1289 1355 1336; x_wconf 84' lang='lat' dir='ltr'><strong>ctc.</strong></span> 
     </span>
    </p>
   </div>
   <div class='ocr_carea' id='block_1_15' title="bbox 263 1368 1785 1446">
    <p class='ocr_par' dir='ltr' id='par_1_15' title="bbox 263 1368 1785 1446">
     <span class='ocr_line' id='line_1_15' title="bbox 263 1368 1785 1446; baseline 0.003 -25"><span class='ocrx_word' id='word_1_98' title='bbox 263 1368 294 1439; x_wconf 87' lang='lat'><strong>§</strong></span> <span class='ocrx_word' id='word_1_99' title='bbox 333 1368 469 1426; x_wconf 82' lang='lat' dir='ltr'><strong>VIII.</strong></span> <span class='ocrx_word' id='word_1_100' title='bbox 510 1372 619 1425; x_wconf 78' lang='grc' dir='ltr'><strong>Καὶ</strong></span> <span class='ocrx_word' id='word_1_101' title='bbox 648 1372 712 1445; x_wconf 83' lang='grc' dir='ltr'>δὴ</span> <span class='ocrx_word' id='word_1_102' title='bbox 750 1374 824 1445; x_wconf 86' lang='grc' dir='ltr'><strong>μὴ</strong></span> <span class='ocrx_word' id='word_1_103' title='bbox 856 1375 1016 1446; x_wconf 89' lang='grc' dir='ltr'>μόνον</span> <span class='ocrx_word' id='word_1_104' title='bbox 1040 1375 1244 1438; x_wconf 84' lang='grc' dir='ltr'>ταύτας</span> <span class='ocrx_word' id='word_1_105' title='bbox 1272 1374 1371 1439; x_wconf 77' lang='grc' dir='ltr'><strong>τὰς</strong></span> <span class='ocrx_word' id='word_1_106' title='bbox 1401 1374 1706 1446; x_wconf 85' lang='grc' dir='ltr'>θεωνυμίας</span> <span class='ocrx_word' id='word_1_107' title='bbox 1734 1375 1785 1427; x_wconf 88' lang='grc' dir='ltr'>οἱ</span> 
     </span>
    </p>
   </div>
   <div class='ocr_carea' id='block_1_16' title="bbox 1894 536 3485 606">
    <p class='ocr_par' dir='ltr' id='par_1_16' title="bbox 1894 536 3485 606">
     <span class='ocr_line' id='line_1_16' title="bbox 1894 536 3485 606; baseline 0.003 -15"><span class='ocrx_word' id='word_1_108' title='bbox 1894 536 2077 591; x_wconf 89' lang='lat' dir='ltr'><strong>dentia</strong></span> <span class='ocrx_word' id='word_1_109' title='bbox 2105 551 2159 589; x_wconf 81' lang='grc' dir='ltr'>ν.</span> <span class='ocrx_word' id='word_1_110' title='bbox 2186 552 2239 604; x_wconf 85' lang='lat' dir='ltr'><strong>g.</strong></span> <span class='ocrx_word' id='word_1_111' title='bbox 2264 545 2484 590; x_wconf 76' lang='lat' dir='ltr'><strong>creator</strong></span> <span class='ocrx_word' id='word_1_112' title='bbox 2505 549 2699 593; x_wconf 91' lang='lat' dir='ltr'><strong>cuncta</strong></span> <span class='ocrx_word' id='word_1_113' title='bbox 2732 556 2992 606; x_wconf 85' lang='lat' dir='ltr'><strong>cernens,</strong></span> <span class='ocrx_word' id='word_1_114' title='bbox 3023 542 3306 596; x_wconf 83' lang='lat' dir='ltr'><strong>hominum</strong></span> <span class='ocrx_word' id='word_1_115' title='bbox 3330 558 3485 595; x_wconf 64' lang='lat' dir='ltr'><strong>auita-</strong></span> 
     </span>
    </p>
   </div>
   <div class='ocr_carea' id='block_1_17' title="bbox 1894 628 3481 703">
    <p class='ocr_par' dir='ltr' id='par_1_17' title="bbox 1894 628 3481 703">
     <span class='ocr_line' id='line_1_17' title="bbox 1894 628 3481 703; baseline 0.005 -22"><span class='ocrx_word' id='word_1_116' title='bbox 1894 637 2003 693; x_wconf 92' lang='lat' dir='ltr'><strong>tor,</strong></span> <span class='ocrx_word' id='word_1_117' title='bbox 2030 628 2404 695; x_wconf 89' lang='lat' dir='ltr'><strong>omnipotens,</strong></span> <span class='ocrx_word' id='word_1_118' title='bbox 2431 636 2567 693; x_wconf 83' lang='lat' dir='ltr'><strong>etc.;</strong></span> <span class='ocrx_word' id='word_1_119' title='bbox 2593 645 2714 699; x_wconf 68' lang='lat' dir='ltr'><strong>qua:</strong></span> <span class='ocrx_word' id='word_1_120' title='bbox 2741 634 2962 687; x_wconf 91' lang='lat' dir='ltr'><strong>nomina</strong></span> <span class='ocrx_word' id='word_1_121' title='bbox 2996 633 3198 703; x_wconf 93' lang='lat' dir='ltr'><strong>partim</strong></span> <span class='ocrx_word' id='word_1_122' title='bbox 3225 647 3255 685; x_wconf 87' lang='lat' dir='ltr'><strong>a</strong></span> <span class='ocrx_word' id='word_1_123' title='bbox 3291 648 3481 698; x_wconf 80' lang='lat' dir='ltr'><strong>causa,</strong></span> 
     </span>
    </p>
   </div>
   <div class='ocr_carea' id='block_1_18' title="bbox 1892 720 3485 794">
    <p class='ocr_par' dir='ltr' id='par_1_18' title="bbox 1892 720 3485 794">
     <span class='ocr_line' id='line_1_18' title="bbox 1892 720 3485 794; baseline 0.003 -21"><span class='ocrx_word' id='word_1_124' title='bbox 1892 720 2089 790; x_wconf 89' lang='lat' dir='ltr'><strong>partim</strong></span> <span class='ocrx_word' id='word_1_125' title='bbox 2118 735 2147 772; x_wconf 85' lang='lat' dir='ltr'><strong>a</strong></span> <span class='ocrx_word' id='word_1_126' title='bbox 2176 720 2513 787; x_wconf 78' lang='lat' dir='ltr'><strong>providentia</strong></span> <span class='ocrx_word' id='word_1_127' title='bbox 2543 721 2935 790; x_wconf 84' lang='lat' dir='ltr'><strong>desumuntur;</strong></span> <span class='ocrx_word' id='word_1_128' title='bbox 2967 724 3063 779; x_wconf 86' lang='lat' dir='ltr'><strong>sed</strong></span> <span class='ocrx_word' id='word_1_129' title='bbox 3085 724 3228 794; x_wconf 89' lang='lat' dir='ltr'><strong>quod</strong></span> <span class='ocrx_word' id='word_1_130' title='bbox 3259 726 3485 778; x_wconf 78' lang='lat' dir='ltr'><strong>univer-</strong></span> 
     </span>
    </p>
   </div>
   <div class='ocr_carea' id='block_1_19' title="bbox 1892 811 3481 885">
    <p class='ocr_par' dir='ltr' id='par_1_19' title="bbox 1892 811 3481 885">
     <span class='ocr_line' id='line_1_19' title="bbox 1892 811 3481 885; baseline 0.003 -19"><span class='ocrx_word' id='word_1_131' title='bbox 1892 828 1950 866; x_wconf 88' lang='lat' dir='ltr'><strong>sa</strong></span> <span class='ocrx_word' id='word_1_132' title='bbox 1986 811 2332 882; x_wconf 85' lang='lat' dir='ltr'><strong>simpliciter,</strong></span> <span class='ocrx_word' id='word_1_133' title='bbox 2360 823 2416 869; x_wconf 89' lang='lat' dir='ltr'><strong>et</strong></span> <span class='ocrx_word' id='word_1_134' title='bbox 2440 812 2800 885; x_wconf 84' lang='lat' dir='ltr'><strong>incomposite</strong></span> <span class='ocrx_word' id='word_1_135' title='bbox 2820 826 2911 885; x_wconf 91' lang='lat' dir='ltr'><strong>,et</strong></span> <span class='ocrx_word' id='word_1_136' title='bbox 2963 817 3284 881; x_wconf 88' lang='lat' dir='ltr'><strong>indelinite,</strong></span> <span class='ocrx_word' id='word_1_137' title='bbox 3316 828 3371 872; x_wconf 90' lang='lat' dir='ltr'><strong>et</strong></span> <span class='ocrx_word' id='word_1_138' title='bbox 3390 816 3481 871; x_wconf 54' lang='lat' dir='ltr'><strong>in.</strong></span> 
     </span>
    </p>
   </div>
   <div class='ocr_carea' id='block_1_20' title="bbox 1893 906 3479 977">
    <p class='ocr_par' dir='ltr' id='par_1_20' title="bbox 1893 906 3479 977">
     <span class='ocr_line' id='line_1_20' title="bbox 1893 906 3479 977; baseline 0.004 -17"><span class='ocrx_word' id='word_1_139' title='bbox 1893 906 2036 961; x_wconf 82' lang='lat' dir='ltr'><strong>victe</strong></span> <span class='ocrx_word' id='word_1_140' title='bbox 2052 906 2105 959; x_wconf 90' lang='lat' dir='ltr'><strong>in</strong></span> <span class='ocrx_word' id='word_1_141' title='bbox 2129 906 2421 977; x_wconf 88' lang='lat' dir='ltr'><strong>semetipso</strong></span> <span class='ocrx_word' id='word_1_142' title='bbox 2437 923 2542 961; x_wconf 90' lang='lat' dir='ltr'><strong>non</strong></span> <span class='ocrx_word' id='word_1_143' title='bbox 2566 907 2739 962; x_wconf 88' lang='lat' dir='ltr'><strong>solum</strong></span> <span class='ocrx_word' id='word_1_144' title='bbox 2764 910 3065 975; x_wconf 85' lang='lat' dir='ltr'><strong>contineat,</strong></span> <span class='ocrx_word' id='word_1_145' title='bbox 3097 927 3283 966; x_wconf 84' lang='lat' dir='ltr'><strong>verum</strong></span> <span class='ocrx_word' id='word_1_146' title='bbox 3312 913 3479 967; x_wconf 87' lang='lat' dir='ltr'><strong>etiam</strong></span> 
     </span>
    </p>
   </div>
   <div class='ocr_carea' id='block_1_21' title="bbox 1893 999 3473 1071">
    <p class='ocr_par' dir='ltr' id='par_1_21' title="bbox 1893 999 3473 1071">
     <span class='ocr_line' id='line_1_21' title="bbox 1893 999 3473 1071; baseline 0.006 -18"><span class='ocrx_word' id='word_1_147' title='bbox 1893 999 2236 1069; x_wconf 75' lang='lat' dir='ltr'><strong>ainticiparit,</strong></span> <span class='ocrx_word' id='word_1_148' title='bbox 2268 1000 2606 1055; x_wconf 88' lang='lat' dir='ltr'><strong>bonitatibus</strong></span> <span class='ocrx_word' id='word_1_149' title='bbox 2651 1001 2822 1071; x_wconf 87' lang='lat' dir='ltr'><strong>ipsius</strong></span> <span class='ocrx_word' id='word_1_150' title='bbox 2866 1005 3148 1059; x_wconf 88' lang='lat' dir='ltr'><strong>hominum</strong></span> <span class='ocrx_word' id='word_1_151' title='bbox 3178 1004 3473 1063; x_wconf 84' lang='lat' dir='ltr'><strong>etlectricis</strong></span> 
     </span>
    </p>
   </div>
   <div class='ocr_carea' id='block_1_22' title="bbox 1897 1090 3480 1168">
    <p class='ocr_par' dir='ltr' id='par_1_22' title="bbox 1897 1090 3480 1168">
     <span class='ocr_line' id='line_1_22' title="bbox 1897 1090 3480 1168; baseline 0.008 -27"><span class='ocrx_word' id='word_1_152' title='bbox 1897 1091 2272 1159; x_wconf 68' lang='lat' dir='ltr'><strong>providentiae.</strong></span> <span class='ocrx_word' id='word_1_153' title='bbox 2311 1090 2439 1146; x_wconf 72' lang='lat' dir='ltr'><strong>Ilaec</strong></span> <span class='ocrx_word' id='word_1_154' title='bbox 2468 1092 2614 1146; x_wconf 90' lang='lat' dir='ltr'><strong>enim</strong></span> <span class='ocrx_word' id='word_1_155' title='bbox 2646 1105 2732 1147; x_wconf 89' lang='lat' dir='ltr'><strong>est</strong></span> <span class='ocrx_word' id='word_1_156' title='bbox 2776 1110 2899 1164; x_wconf 67' lang='lat' dir='ltr'><strong>qna:</strong></span> <span class='ocrx_word' id='word_1_157' title='bbox 2943 1109 3091 1150; x_wconf 86' lang='lat' dir='ltr'><strong>vocat</strong></span> <span class='ocrx_word' id='word_1_158' title='bbox 3126 1114 3188 1151; x_wconf 87' lang='lat' dir='ltr'><strong>ea</strong></span> <span class='ocrx_word' id='word_1_159' title='bbox 3213 1115 3334 1168; x_wconf 63' lang='lat' dir='ltr'><strong>quis</strong></span> <span class='ocrx_word' id='word_1_160' title='bbox 3370 1116 3480 1154; x_wconf 82' lang='lat' dir='ltr'><strong>non</strong></span> 
     </span>
    </p>
   </div>
   <div class='ocr_carea' id='block_1_23' title="bbox 1077 1186 3474 1259">
    <p class='ocr_par' dir='ltr' id='par_1_23' title="bbox 1077 1186 3474 1259">
     <span class='ocr_line' id='line_1_23' title="bbox 1077 1186 3474 1259; baseline 0.001 -17"><span class='ocrx_word' id='word_1_161' title='bbox 1077 1200 1126 1242; x_wconf 76' lang='grc' dir='ltr'><strong>ι.</strong></span> <span class='ocrx_word' id='word_1_162' title='bbox 1157 1186 1415 1259; x_wconf 82' lang='lat' dir='ltr'><strong>Congrue</strong></span> <span class='ocrx_word' id='word_1_163' title='bbox 1452 1188 1619 1257; x_wconf 80' lang='lat' dir='ltr'><strong>igitur</strong></span> <span class='ocrx_word' id='word_1_164' title='bbox 1668 1186 1913 1243; x_wconf 91' lang='lat' dir='ltr'><strong>vicissim</strong></span> <span class='ocrx_word' id='word_1_165' title='bbox 1938 1201 2156 1257; x_wconf 88' lang='lat' dir='ltr'><strong>quoque</strong></span> <span class='ocrx_word' id='word_1_166' title='bbox 2182 1201 2249 1242; x_wconf 88' lang='lat' dir='ltr'><strong>ex</strong></span> <span class='ocrx_word' id='word_1_167' title='bbox 2280 1188 2442 1243; x_wconf 82' lang='lat' dir='ltr'><strong>rebus</strong></span> <span class='ocrx_word' id='word_1_168' title='bbox 2498 1189 2757 1243; x_wconf 87' lang='lat' dir='ltr'><strong>omnibus</strong></span> <span class='ocrx_word' id='word_1_169' title='bbox 2801 1188 3054 1243; x_wconf 88' lang='lat' dir='ltr'><strong>laudatur</strong></span> <span class='ocrx_word' id='word_1_170' title='bbox 3116 1206 3182 1247; x_wconf 91' lang='lat' dir='ltr'><strong>ac</strong></span> <span class='ocrx_word' id='word_1_171' title='bbox 3225 1192 3474 1246; x_wconf 83' lang='lat' dir='ltr'><strong>nomina-</strong></span> 
     </span>
    </p>
   </div>
   <div class='ocr_carea' id='block_1_24' title="bbox 1964 1369 3476 1444">
    <p class='ocr_par' dir='ltr' id='par_1_24' title="bbox 1964 1369 3476 1444">
     <span class='ocr_line' id='line_1_24' title="bbox 1964 1369 3476 1444; baseline 0 -19"><span class='ocrx_word' id='word_1_172' title='bbox 1964 1372 1993 1444; x_wconf 85' lang='lat'><strong>§</strong></span> <span class='ocrx_word' id='word_1_173' title='bbox 2035 1369 2163 1426; x_wconf 79' lang='lat' dir='ltr'><strong>VIII.</strong></span> <span class='ocrx_word' id='word_1_174' title='bbox 2206 1370 2368 1441; x_wconf 85' lang='lat' dir='ltr'><strong>Atqui</strong></span> <span class='ocrx_word' id='word_1_175' title='bbox 2403 1370 2634 1442; x_wconf 85' lang='lat' dir='ltr'><strong>theologi</strong></span> <span class='ocrx_word' id='word_1_176' title='bbox 2666 1386 2772 1427; x_wconf 91' lang='lat' dir='ltr'><strong>non</strong></span> <span class='ocrx_word' id='word_1_177' title='bbox 2807 1371 2923 1428; x_wconf 78' lang='lat' dir='ltr'><strong>lucc</strong></span> <span class='ocrx_word' id='word_1_178' title='bbox 2950 1374 3124 1428; x_wconf 89' lang='lat' dir='ltr'><strong>solum</strong></span> <span class='ocrx_word' id='word_1_179' title='bbox 3153 1374 3340 1429; x_wconf 73' lang='lat' dir='ltr'><strong>divina</strong></span> <span class='ocrx_word' id='word_1_180' title='bbox 3372 1391 3476 1428; x_wconf 84' lang='lat' dir='ltr'><strong>no-</strong></span> 
     </span>
    </p>
   </div>
   <div class='ocr_carea' id='block_1_25' title="bbox 188 1459 1774 1543">
    <p class='ocr_par' dir='ltr' id='par_1_25' title="bbox 188 1459 1774 1543">
     <span class='ocr_line' id='line_1_25' title="bbox 188 1459 1774 1543; baseline 0.007 -29"><span class='ocrx_word' id='word_1_181' title='bbox 188 1459 433 1531; x_wconf 86' lang='grc' dir='ltr'>θεολόγοι</span> <span class='ocrx_word' id='word_1_182' title='bbox 450 1464 729 1530; x_wconf 80' lang='grc' dir='ltr'>δοξάζουσι</span> <span class='ocrx_word' id='word_1_183' title='bbox 740 1467 839 1532; x_wconf 89' lang='grc' dir='ltr'><strong>τάς</strong></span> <span class='ocrx_word' id='word_1_184' title='bbox 853 1469 964 1523; x_wconf 85' lang='grc' dir='ltr'><strong>τῶν</strong></span> <span class='ocrx_word' id='word_1_185' title='bbox 980 1469 1257 1524; x_wconf 89' lang='grc' dir='ltr'>παντελῶν</span> <span class='ocrx_word' id='word_1_186' title='bbox 1271 1471 1533 1542; x_wconf 88' lang='grc' dir='ltr'>προνοιῶν</span> <span class='ocrx_word' id='word_1_187' title='bbox 1546 1471 1653 1524; x_wconf 88' lang='grc' dir='ltr'><strong>τῶν</strong></span> <span class='ocrx_word' id='word_1_188' title='bbox 1670 1488 1774 1543; x_wconf 92' lang='grc' dir='ltr'><strong>προ</strong></span> 
     </span>
    </p>
   </div>
   <div class='ocr_carea' id='block_1_26' title="bbox 1880 1459 3473 1543">
    <p class='ocr_par' dir='ltr' id='par_1_26' title="bbox 1895 1464 3473 1537">
     <span class='ocr_line' id='line_1_26' title="bbox 1895 1464 3473 1537; baseline 0.002 -17"><span class='ocrx_word' id='word_1_189' title='bbox 1895 1466 2039 1520; x_wconf 85' lang='lat' dir='ltr'><strong>mina</strong></span> <span class='ocrx_word' id='word_1_190' title='bbox 2071 1464 2371 1532; x_wconf 80' lang='lat' dir='ltr'><strong>celebrant,</strong></span> <span class='ocrx_word' id='word_1_191' title='bbox 2422 1480 2545 1533; x_wconf 74' lang='lat' dir='ltr'><strong>qure</strong></span> <span class='ocrx_word' id='word_1_192' title='bbox 2587 1469 2656 1521; x_wconf 91' lang='lat' dir='ltr'><strong>ab</strong></span> <span class='ocrx_word' id='word_1_193' title='bbox 2684 1468 3088 1522; x_wconf 79' lang='lat' dir='ltr'><strong>univchuIilnts</strong></span> <span class='ocrx_word' id='word_1_194' title='bbox 3124 1484 3306 1521; x_wconf 91' lang='lat' dir='ltr'><strong>rerum</strong></span> <span class='ocrx_word' id='word_1_195' title='bbox 3341 1484 3473 1537; x_wconf 88' lang='lat' dir='ltr'><strong>pre-</strong></span> 
     </span>
    </p>
   </div>
   <div class='ocr_carea' id='block_1_27' title="bbox 186 1553 1795 1635">
    <p class='ocr_par' dir='ltr' id='par_1_27' title="bbox 186 1553 1795 1635">
     <span class='ocr_line' id='line_1_27' title="bbox 186 1553 1795 1635; baseline 0.004 -24"><span class='ocrx_word' id='word_1_196' title='bbox 186 1557 526 1628; x_wconf 84' lang='grc' dir='ltr'>νοουμένων,</span> <span class='ocrx_word' id='word_1_197' title='bbox 553 1553 665 1612; x_wconf 75' lang='grc' dir='ltr'>οἷον</span> <span class='ocrx_word' id='word_1_198' title='bbox 681 1560 744 1613; x_wconf 87' lang='grc' dir='ltr'>τὸ</span> <span class='ocrx_word' id='word_1_199' title='bbox 761 1560 1042 1626; x_wconf 82' lang='grc' dir='ltr'>Βασιλεὺς,</span> <span class='ocrx_word' id='word_1_200' title='bbox 1056 1564 1117 1615; x_wconf 84' lang='grc' dir='ltr'>τὸ</span> <span class='ocrx_word' id='word_1_201' title='bbox 1133 1564 1389 1635; x_wconf 83' lang='grc' dir='ltr'>Ποιητὴς,</span> <span class='ocrx_word' id='word_1_202' title='bbox 1406 1565 1468 1617; x_wconf 89' lang='grc' dir='ltr'>τὸ</span> <span class='ocrx_word' id='word_1_203' title='bbox 1483 1564 1795 1635; x_wconf 86' lang='grc' dir='ltr'>Παντοκρά-</span> 
     </span>
    </p>
   </div>
   <div class='ocr_carea' id='block_1_28' title="bbox 1895 1556 3469 1627">
    <p class='ocr_par' dir='ltr' id='par_1_28' title="bbox 1895 1556 3469 1627">
     <span class='ocr_line' id='line_1_28' title="bbox 1895 1556 3469 1627; baseline 0.003 -18"><span class='ocrx_word' id='word_1_204' title='bbox 1895 1556 2131 1610; x_wconf 78' lang='lat' dir='ltr'><strong>visurum</strong></span> <span class='ocrx_word' id='word_1_205' title='bbox 2178 1557 2536 1625; x_wconf 74' lang='lat' dir='ltr'><strong>provitlcntiis</strong></span> <span class='ocrx_word' id='word_1_206' title='bbox 2580 1558 2876 1621; x_wconf 83' lang='lat' dir='ltr'><strong>ducuntur,</strong></span> <span class='ocrx_word' id='word_1_207' title='bbox 2930 1568 2984 1611; x_wconf 90' lang='lat' dir='ltr'><strong>ut</strong></span> <span class='ocrx_word' id='word_1_208' title='bbox 3042 1557 3178 1623; x_wconf 77' lang='lat' dir='ltr'><strong>Rex,</strong></span> <span class='ocrx_word' id='word_1_209' title='bbox 3218 1559 3469 1627; x_wconf 86' lang='lat' dir='ltr'><strong>Creator,</strong></span> 
     </span>
    </p>
   </div>
   <div class='ocr_carea' id='block_1_29' title="bbox 184 1647 1774 1726">
    <p class='ocr_par' dir='ltr' id='par_1_29' title="bbox 184 1647 1774 1726">
     <span class='ocr_line' id='line_1_29' title="bbox 184 1647 1774 1726; baseline 0.007 -27"><span class='ocrx_word' id='word_1_210' title='bbox 184 1664 305 1717; x_wconf 87' lang='grc' dir='ltr'><strong>τωρ</strong></span> <span class='ocrx_word' id='word_1_211' title='bbox 324 1663 342 1678; x_wconf 80' lang='grc'><strong><em>⁸</em></strong></span> <span class='ocrx_word' id='word_1_212' title='bbox 369 1647 546 1701; x_wconf 80' lang='grc' dir='ltr'>ταῦτα</span> <span class='ocrx_word' id='word_1_213' title='bbox 570 1649 679 1721; x_wconf 82' lang='grc' dir='ltr'><strong>γὰρ</strong></span> <span class='ocrx_word' id='word_1_214' title='bbox 701 1650 812 1704; x_wconf 87' lang='grc' dir='ltr'><strong>τῶν</strong></span> <span class='ocrx_word' id='word_1_215' title='bbox 842 1652 1038 1707; x_wconf 82' lang='grc' dir='ltr'>κοινῶν</span> <span class='ocrx_word' id='word_1_216' title='bbox 1068 1655 1355 1726; x_wconf 73' lang='grc' dir='ltr'>προνοιιῖινο</span> <span class='ocrx_word' id='word_1_217' title='bbox 1377 1657 1471 1709; x_wconf 73' lang='grc' dir='ltr'>καὶ</span> <span class='ocrx_word' id='word_1_218' title='bbox 1503 1656 1665 1711; x_wconf 85' lang='grc' dir='ltr'>πάλιν</span> <span class='ocrx_word' id='word_1_219' title='bbox 1691 1656 1774 1718; x_wconf 66' lang='grc' dir='ltr'>τὰς</span> 
     </span>
    </p>
   </div>
   <div class='ocr_carea' id='block_1_30' title="bbox 1880 1647 3476 1726">
    <p class='ocr_par' dir='ltr' id='par_1_30' title="bbox 1892 1648 3476 1717">
     <span class='ocr_line' id='line_1_30' title="bbox 1892 1648 3476 1717; baseline 0.002 -14"><span class='ocrx_word' id='word_1_220' title='bbox 1892 1648 2287 1717; x_wconf 87' lang='lat' dir='ltr'><strong>Omnipotens;</strong></span> <span class='ocrx_word' id='word_1_221' title='bbox 2323 1649 2437 1703; x_wconf 61' lang='lat' dir='ltr'><strong>haec</strong></span> <span class='ocrx_word' id='word_1_222' title='bbox 2467 1648 2611 1701; x_wconf 91' lang='lat' dir='ltr'><strong>cnim</strong></span> <span class='ocrx_word' id='word_1_223' title='bbox 2655 1650 2873 1703; x_wconf 88' lang='lat' dir='ltr'><strong>nomina</strong></span> <span class='ocrx_word' id='word_1_224' title='bbox 2910 1660 3035 1703; x_wconf 87' lang='lat' dir='ltr'><strong>sunt</strong></span> <span class='ocrx_word' id='word_1_225' title='bbox 3066 1651 3261 1704; x_wconf 79' lang='lat' dir='ltr'><strong>divina:</strong></span> <span class='ocrx_word' id='word_1_226' title='bbox 3288 1650 3476 1707; x_wconf 88' lang='lat' dir='ltr'><strong>Provi-</strong></span> 
     </span>
    </p>
   </div>
   <div class='ocr_carea' id='block_1_31' title="bbox 182 1738 1774 1815">
    <p class='ocr_par' dir='ltr' id='par_1_31' title="bbox 182 1740 1774 1815">
     <span class='ocr_line' id='line_1_31' title="bbox 182 1740 1774 1815; baseline 0.007 -24"><span class='ocrx_word' id='word_1_227' title='bbox 182 1740 299 1792; x_wconf 80' lang='grc' dir='ltr'>ἀπὸ</span> <span class='ocrx_word' id='word_1_228' title='bbox 328 1740 443 1793; x_wconf 89' lang='grc' dir='ltr'><strong>τῶν</strong></span> <span class='ocrx_word' id='word_1_229' title='bbox 470 1742 712 1811; x_wconf 84' lang='grc' dir='ltr'>μερικῶν</span> <span class='ocrx_word' id='word_1_230' title='bbox 742 1746 1029 1815; x_wconf 86' lang='grc' dir='ltr'>προνοιῶν,</span> <span class='ocrx_word' id='word_1_231' title='bbox 1048 1747 1123 1811; x_wconf 84' lang='grc' dir='ltr'>ὡς</span> <span class='ocrx_word' id='word_1_232' title='bbox 1138 1748 1219 1814; x_wconf 80' lang='grc' dir='ltr'>τὸ,</span> <span class='ocrx_word' id='word_1_233' title='bbox 1234 1749 1367 1813; x_wconf 84' lang='grc' dir='ltr'>Θεὸς</span> <span class='ocrx_word' id='word_1_234' title='bbox 1382 1749 1490 1804; x_wconf 88' lang='grc' dir='ltr'><strong>τῶν</strong></span> <span class='ocrx_word' id='word_1_235' title='bbox 1506 1750 1665 1814; x_wconf 89' lang='grc' dir='ltr'>θεῶν,</span> <span class='ocrx_word' id='word_1_236' title='bbox 1684 1751 1774 1803; x_wconf 68' lang='grc' dir='ltr'>καὶ</span> 
     </span>
    </p>
   </div>
   <div class='ocr_carea' id='block_1_32' title="bbox 1880 1738 3472 1815">
    <p class='ocr_par' dir='ltr' id='par_1_32' title="bbox 1883 1738 3472 1809">
     <span class='ocr_line' id='line_1_32' title="bbox 1883 1738 3472 1809; baseline 0.004 -17"><span class='ocrx_word' id='word_1_237' title='bbox 1883 1740 2079 1793; x_wconf 70' lang='lat' dir='ltr'><strong>dentia:</strong></span> <span class='ocrx_word' id='word_1_238' title='bbox 2112 1739 2166 1792; x_wconf 88' lang='lat' dir='ltr'><strong>in</strong></span> <span class='ocrx_word' id='word_1_239' title='bbox 2199 1752 2418 1809; x_wconf 78' lang='lat' dir='ltr'><strong>genere.</strong></span> <span class='ocrx_word' id='word_1_240' title='bbox 2448 1738 2513 1792; x_wconf 85' lang='lat' dir='ltr'><strong>Et</strong></span> <span class='ocrx_word' id='word_1_241' title='bbox 2563 1755 2780 1793; x_wconf 80' lang='lat' dir='ltr'><strong>rursum</strong></span> <span class='ocrx_word' id='word_1_242' title='bbox 2810 1754 2931 1808; x_wconf 68' lang='lat' dir='ltr'><strong>qua:</strong></span> <span class='ocrx_word' id='word_1_243' title='bbox 2981 1758 3009 1793; x_wconf 84' lang='lat' dir='ltr'><strong>:t</strong></span> <span class='ocrx_word' id='word_1_244' title='bbox 3049 1742 3472 1809; x_wconf 83' lang='lat' dir='ltr'><strong>particularibus</strong></span> 
     </span>
    </p>
   </div>
   <div class='ocr_carea' id='block_1_33' title="bbox 185 1834 1776 1913">
    <p class='ocr_par' dir='ltr' id='par_1_33' title="bbox 185 1834 1776 1913">
     <span class='ocr_line' id='line_1_33' title="bbox 185 1834 1776 1913; baseline 0.008 -29"><span class='ocrx_word' id='word_1_245' title='bbox 185 1834 396 1906; x_wconf 82' lang='grc' dir='ltr'>Κύριος</span> <span class='ocrx_word' id='word_1_246' title='bbox 418 1834 530 1888; x_wconf 89' lang='grc' dir='ltr'><strong>τῶν</strong></span> <span class='ocrx_word' id='word_1_247' title='bbox 552 1837 775 1908; x_wconf 86' lang='grc' dir='ltr'><strong>κυρίων,</strong></span> <span class='ocrx_word' id='word_1_248' title='bbox 803 1840 898 1894; x_wconf 80' lang='grc' dir='ltr'>καὶ</span> <span class='ocrx_word' id='word_1_249' title='bbox 926 1840 1188 1905; x_wconf 80' lang='grc' dir='ltr'>Βασιλεὺς</span> <span class='ocrx_word' id='word_1_250' title='bbox 1215 1841 1325 1896; x_wconf 86' lang='grc' dir='ltr'><strong>τῶν</strong></span> <span class='ocrx_word' id='word_1_251' title='bbox 1350 1842 1741 1913; x_wconf 86' lang='grc' dir='ltr'>βασιλευόντων</span> <span class='ocrx_word' id='word_1_252' title='bbox 1762 1860 1776 1875; x_wconf 77' lang='grc' dir='ltr'><strong>ο</strong></span> 
     </span>
    </p>
   </div>
   <div class='ocr_carea' id='block_1_34' title="bbox 179 1925 1776 2004">
    <p class='ocr_par' dir='ltr' id='par_1_34' title="bbox 179 1925 1776 2004">
     <span class='ocr_line' id='line_1_34' title="bbox 179 1925 1776 2004; baseline 0.007 -26"><span class='ocrx_word' id='word_1_253' title='bbox 179 1925 359 1979; x_wconf 74' lang='grc' dir='ltr'>ταῦτα</span> <span class='ocrx_word' id='word_1_254' title='bbox 386 1926 498 1999; x_wconf 74' lang='grc' dir='ltr'>γὰρ</span> <span class='ocrx_word' id='word_1_255' title='bbox 526 1928 635 1981; x_wconf 90' lang='grc' dir='ltr'><strong>τῶν</strong></span> <span class='ocrx_word' id='word_1_256' title='bbox 662 1931 905 2000; x_wconf 84' lang='grc' dir='ltr'>μερικῶν</span> <span class='ocrx_word' id='word_1_257' title='bbox 930 1933 1037 1985; x_wconf 80' lang='grc' dir='ltr'>εἱσι</span> <span class='ocrx_word' id='word_1_258' title='bbox 1063 1933 1351 2004; x_wconf 89' lang='grc' dir='ltr'>προνοιῶν,</span> <span class='ocrx_word' id='word_1_259' title='bbox 1394 1936 1487 1989; x_wconf 78' lang='grc' dir='ltr'>καὶ</span> <span class='ocrx_word' id='word_1_260' title='bbox 1514 1936 1607 1988; x_wconf 76' lang='grc' dir='ltr'>ἐπί</span> <span class='ocrx_word' id='word_1_261' title='bbox 1633 1952 1776 1989; x_wconf 87' lang='grc' dir='ltr'>τισι·</span> 
     </span>
    </p>
   </div>
   <div class='ocr_carea' id='block_1_35' title="bbox 184 2016 1778 2099">
    <p class='ocr_par' dir='ltr' id='par_1_35' title="bbox 184 2016 1778 2099">
     <span class='ocr_line' id='line_1_35' title="bbox 184 2016 1778 2099; baseline 0.007 -28"><span class='ocrx_word' id='word_1_262' title='bbox 184 2018 262 2090; x_wconf 78' lang='grc' dir='ltr'>μὴ</span> <span class='ocrx_word' id='word_1_263' title='bbox 294 2019 460 2089; x_wconf 88' lang='grc' dir='ltr'>μόνον</span> <span class='ocrx_word' id='word_1_264' title='bbox 484 2016 577 2075; x_wconf 80' lang='grc' dir='ltr'>οὖν</span> <span class='ocrx_word' id='word_1_265' title='bbox 604 2021 705 2086; x_wconf 79' lang='grc' dir='ltr'>τὰς</span> <span class='ocrx_word' id='word_1_266' title='bbox 730 2023 837 2076; x_wconf 86' lang='grc' dir='ltr'>ἀπὸ</span> <span class='ocrx_word' id='word_1_267' title='bbox 866 2024 1071 2079; x_wconf 89' lang='grc' dir='ltr'>τούτων</span> <span class='ocrx_word' id='word_1_268' title='bbox 1110 2026 1417 2099; x_wconf 85' lang='grc' dir='ltr'>θεωνυμίας</span> <span class='ocrx_word' id='word_1_269' title='bbox 1445 2028 1778 2095; x_wconf 78' lang='grc' dir='ltr'>δοξάζουσιν,</span> 
     </span>
    </p>
   </div>
   <div class='ocr_carea' id='block_1_36' title="bbox 181 2113 1780 2191">
    <p class='ocr_par' dir='ltr' id='par_1_36' title="bbox 181 2113 1780 2191">
     <span class='ocr_line' id='line_1_36' title="bbox 181 2113 1780 2191; baseline 0.005 -26"><span class='ocrx_word' id='word_1_270' title='bbox 181 2113 323 2165; x_wconf 84' lang='grc' dir='ltr'><strong>ἀλλά</strong></span> <span class='ocrx_word' id='word_1_271' title='bbox 348 2115 445 2167; x_wconf 78' lang='grc' dir='ltr'>καὶ</span> <span class='ocrx_word' id='word_1_272' title='bbox 469 2114 578 2167; x_wconf 86' lang='grc' dir='ltr'><strong>ἀπό</strong></span> <span class='ocrx_word' id='word_1_273' title='bbox 600 2132 762 2169; x_wconf 89' lang='grc' dir='ltr'>τινων</span> <span class='ocrx_word' id='word_1_274' title='bbox 788 2115 937 2169; x_wconf 80' lang='grc' dir='ltr'>ἔστιν</span> <span class='ocrx_word' id='word_1_275' title='bbox 960 2118 1052 2170; x_wconf 82' lang='grc' dir='ltr'>ὅτε</span> <span class='ocrx_word' id='word_1_276' title='bbox 1077 2118 1238 2173; x_wconf 81' lang='grc' dir='ltr'>θείων</span> <span class='ocrx_word' id='word_1_277' title='bbox 1269 2120 1590 2191; x_wconf 83' lang='grc' dir='ltr'>φασμάτων·</span> <span class='ocrx_word' id='word_1_278' title='bbox 1616 2121 1780 2173; x_wconf 80' lang='grc' dir='ltr'>οἱονεὶ</span> 
     </span>
    </p>
   </div>
   <div class='ocr_carea' id='block_1_37' title="bbox 179 2202 1779 2277">
    <p class='ocr_par' dir='ltr' id='par_1_37' title="bbox 179 2202 1779 2277">
     <span class='ocr_line' id='line_1_37' title="bbox 179 2202 1779 2277; baseline 0.003 -22"><span class='ocrx_word' id='word_1_279' title='bbox 179 2202 291 2256; x_wconf 87' lang='grc' dir='ltr'><strong>τῶν</strong></span> <span class='ocrx_word' id='word_1_280' title='bbox 336 2204 399 2256; x_wconf 77' lang='grc' dir='ltr'>ἐν</span> <span class='ocrx_word' id='word_1_281' title='bbox 442 2204 732 2275; x_wconf 77' lang='grc' dir='ltr'>συμϐόλοις</span> <span class='ocrx_word' id='word_1_282' title='bbox 773 2205 1169 2276; x_wconf 78' lang='grc' dir='ltr'>ἀποκαλύψεων</span> <span class='ocrx_word' id='word_1_283' title='bbox 1203 2207 1313 2261; x_wconf 92' lang='grc' dir='ltr'><strong>τῶν</strong></span> <span class='ocrx_word' id='word_1_284' title='bbox 1352 2208 1411 2261; x_wconf 79' lang='grc' dir='ltr'>ὲν</span> <span class='ocrx_word' id='word_1_285' title='bbox 1464 2211 1577 2272; x_wconf 89' lang='grc' dir='ltr'>τοῖς</span> <span class='ocrx_word' id='word_1_286' title='bbox 1616 2208 1779 2277; x_wconf 80' lang='grc' dir='ltr'>ἱεροῖς</span> 
     </span>
    </p>
   </div>
   <div class='ocr_carea' id='block_1_38' title="bbox 182 2294 1781 2370">
    <p class='ocr_par' dir='ltr' id='par_1_38' title="bbox 182 2294 1781 2370">
     <span class='ocr_line' id='line_1_38' title="bbox 182 2294 1781 2370; baseline 0.006 -25"><span class='ocrx_word' id='word_1_287' title='bbox 182 2294 532 2366; x_wconf 83' lang='grc' dir='ltr'>ἀνακτόροις,</span> <span class='ocrx_word' id='word_1_288' title='bbox 551 2297 720 2367; x_wconf 82' lang='grc' dir='ltr'>ἦγουν</span> <span class='ocrx_word' id='word_1_289' title='bbox 735 2300 904 2363; x_wconf 85' lang='grc' dir='ltr'>ναοῖς,</span> <span class='ocrx_word' id='word_1_290' title='bbox 917 2298 1349 2369; x_wconf 81' lang='grc' dir='ltr'>ὲμφαινομένων’</span> <span class='ocrx_word' id='word_1_291' title='bbox 1368 2298 1643 2370; x_wconf 80' lang='grc' dir='ltr'>ἀνάκτορα</span> <span class='ocrx_word' id='word_1_292' title='bbox 1670 2298 1781 2368; x_wconf 79' lang='grc' dir='ltr'>γὰρ</span> 
     </span>
    </p>
   </div>
   <div class='ocr_carea' id='block_1_39' title="bbox 181 2385 1776 2461">
    <p class='ocr_par' dir='ltr' id='par_1_39' title="bbox 181 2385 1776 2461">
     <span class='ocr_line' id='line_1_39' title="bbox 181 2385 1776 2461; baseline 0.002 -24"><span class='ocrx_word' id='word_1_293' title='bbox 181 2385 421 2439; x_wconf 76' lang='grc' dir='ltr'>ἐκάλουν</span> <span class='ocrx_word' id='word_1_294' title='bbox 442 2387 494 2439; x_wconf 83' lang='grc' dir='ltr'>οἱ</span> <span class='ocrx_word' id='word_1_295' title='bbox 522 2387 780 2459; x_wconf 86' lang='grc' dir='ltr'>Ἕλληνες</span> <span class='ocrx_word' id='word_1_296' title='bbox 802 2389 911 2442; x_wconf 90' lang='grc' dir='ltr'><strong>τῶν</strong></span> <span class='ocrx_word' id='word_1_297' title='bbox 938 2392 1067 2461; x_wconf 77' lang='grc' dir='ltr'>παρ’</span> <span class='ocrx_word' id='word_1_298' title='bbox 1092 2390 1274 2453; x_wconf 82' lang='grc' dir='ltr'>αὐτοῖς</span> <span class='ocrx_word' id='word_1_299' title='bbox 1305 2388 1442 2442; x_wconf 88' lang='grc' dir='ltr'>θεῶν</span> <span class='ocrx_word' id='word_1_300' title='bbox 1464 2388 1534 2442; x_wconf 84' lang='grc' dir='ltr'>τὰ</span> <span class='ocrx_word' id='word_1_301' title='bbox 1554 2387 1776 2459; x_wconf 82' lang='grc' dir='ltr'><strong>τεμένη.</strong></span> 
     </span>
    </p>
   </div>
   <div class='ocr_carea' id='block_1_40' title="bbox 192 2477 1780 2553">
    <p class='ocr_par' dir='ltr' id='par_1_40' title="bbox 192 2477 1780 2553">
     <span class='ocr_line' id='line_1_40' title="bbox 192 2477 1780 2553; baseline 0 -22"><span class='ocrx_word' id='word_1_302' title='bbox 192 2477 556 2549; x_wconf 78' lang='grc' dir='ltr'>Ὁνομάζουσι</span> <span class='ocrx_word' id='word_1_303' title='bbox 572 2478 704 2548; x_wconf 79' lang='grc' dir='ltr'>γοῦν</span> <span class='ocrx_word' id='word_1_304' title='bbox 715 2479 813 2550; x_wconf 82' lang='grc' dir='ltr'>τὴν</span> <span class='ocrx_word' id='word_1_305' title='bbox 830 2481 932 2534; x_wconf 87' lang='grc' dir='ltr'><strong>ύπε</strong></span> <span class='ocrx_word' id='word_1_306' title='bbox 942 2482 1084 2553; x_wconf 86' lang='grc' dir='ltr'>ρφαῆ</span> <span class='ocrx_word' id='word_1_307' title='bbox 1103 2480 1435 2551; x_wconf 85' lang='grc' dir='ltr'>ἀγαθότητα,</span> <span class='ocrx_word' id='word_1_308' title='bbox 1460 2480 1554 2533; x_wconf 77' lang='grc' dir='ltr'><strong>καὶ</strong></span> <span class='ocrx_word' id='word_1_309' title='bbox 1575 2479 1780 2543; x_wconf 83' lang='grc' dir='ltr'>τύπους</span> 
     </span>
    </p>
   </div>
   <div class='ocr_carea' id='block_1_41' title="bbox 178 2568 1775 2643">
    <p class='ocr_par' dir='ltr' id='par_1_41' title="bbox 178 2568 1775 2643">
     <span class='ocr_line' id='line_1_41' title="bbox 178 2568 1775 2643; baseline 0 -20"><span class='ocrx_word' id='word_1_310' title='bbox 178 2568 580 2640; x_wconf 85' lang='grc' dir='ltr'>ἀνθρωπίνους,</span> <span class='ocrx_word' id='word_1_311' title='bbox 606 2570 640 2642; x_wconf 81' lang='grc' dir='ltr'><strong>ἢ</strong></span> <span class='ocrx_word' id='word_1_312' title='bbox 661 2589 729 2623; x_wconf 84' lang='grc' dir='ltr'><strong>πυ</strong></span> <span class='ocrx_word' id='word_1_313' title='bbox 740 2572 989 2643; x_wconf 78' lang='grc' dir='ltr'>ρίνους,ἢ</span> <span class='ocrx_word' id='word_1_314' title='bbox 1012 2572 1359 2643; x_wconf 76' lang='grc' dir='ltr'>ἠλεκτρίνους</span> <span class='ocrx_word' id='word_1_315' title='bbox 1388 2570 1775 2639; x_wconf 76' lang='grc' dir='ltr'>περιτιθέασιν,</span> 
     </span>
    </p>
   </div>
   <div class='ocr_carea' id='block_1_42' title="bbox 178 2661 1779 2737">
    <p class='ocr_par' dir='ltr' id='par_1_42' title="bbox 178 2661 1779 2737">
     <span class='ocr_line' id='line_1_42' title="bbox 178 2661 1779 2737; baseline 0.001 -21"><span class='ocrx_word' id='word_1_316' title='bbox 178 2664 259 2726; x_wconf 81' lang='grc' dir='ltr'><strong>ὡς</strong></span> <span class='ocrx_word' id='word_1_317' title='bbox 282 2664 344 2715; x_wconf 85' lang='grc' dir='ltr'>ὲν</span> <span class='ocrx_word' id='word_1_318' title='bbox 366 2662 449 2733; x_wconf 82' lang='grc' dir='ltr'>τῷ</span> <span class='ocrx_word' id='word_1_319' title='bbox 487 2663 747 2737; x_wconf 79' lang='grc' dir='ltr'>Ἰεζεκιὴλ</span> <span class='ocrx_word' id='word_1_320' title='bbox 774 2664 1019 2736; x_wconf 78' lang='grc' dir='ltr'>εὓρηται.</span> <span class='ocrx_word' id='word_1_321' title='bbox 1057 2664 1169 2718; x_wconf 74' lang='grc' dir='ltr'><strong>Καὶ</strong></span> <span class='ocrx_word' id='word_1_322' title='bbox 1193 2663 1355 2721; x_wconf 83' lang='grc' dir='ltr'>πάλιν</span> <span class='ocrx_word' id='word_1_323' title='bbox 1400 2663 1535 2734; x_wconf 87' lang='grc' dir='ltr'>μέλη</span> <span class='ocrx_word' id='word_1_324' title='bbox 1570 2661 1779 2735; x_wconf 88' lang='grc' dir='ltr'>ἀνθρώ-</span> 
     </span>
    </p>
   </div>
   <div class='ocr_carea' id='block_1_43' title="bbox 178 2754 1777 2828">
    <p class='ocr_par' dir='ltr' id='par_1_43' title="bbox 178 2754 1777 2828">
     <span class='ocr_line' id='line_1_43' title="bbox 178 2754 1777 2828; baseline -0.001 -19"><span class='ocrx_word' id='word_1_325' title='bbox 178 2772 317 2809; x_wconf 86' lang='grc' dir='ltr'>πινα</span> <span class='ocrx_word' id='word_1_326' title='bbox 354 2754 607 2824; x_wconf 83' lang='grc' dir='ltr'>λέγουσιν</span> <span class='ocrx_word' id='word_1_327' title='bbox 626 2798 642 2822; x_wconf 95' lang='grc'><strong>,</strong></span> <span class='ocrx_word' id='word_1_328' title='bbox 684 2757 761 2821; x_wconf 84' lang='grc' dir='ltr'><strong>ὡς</strong></span> <span class='ocrx_word' id='word_1_329' title='bbox 802 2758 861 2811; x_wconf 82' lang='grc' dir='ltr'>ὲν</span> <span class='ocrx_word' id='word_1_330' title='bbox 898 2760 1011 2822; x_wconf 88' lang='grc' dir='ltr'>τοῖς</span> <span class='ocrx_word' id='word_1_331' title='bbox 1042 2758 1291 2828; x_wconf 79' lang='grc' dir='ltr'>Ψαλμοῖς</span> <span class='ocrx_word' id='word_1_332' title='bbox 1345 2758 1438 2811; x_wconf 77' lang='grc' dir='ltr'>καὶ</span> <span class='ocrx_word' id='word_1_333' title='bbox 1468 2758 1527 2810; x_wconf 79' lang='grc' dir='ltr'>ἐν</span> <span class='ocrx_word' id='word_1_334' title='bbox 1561 2757 1777 2827; x_wconf 79' lang='grc' dir='ltr'>ἑτέραις</span> 
     </span>
    </p>
   </div>
   <div class='ocr_carea' id='block_1_44' title="bbox 178 2847 1778 2919">
    <p class='ocr_par' dir='ltr' id='par_1_44' title="bbox 178 2847 1778 2919">
     <span class='ocr_line' id='line_1_44' title="bbox 178 2847 1778 2919; baseline 0.001 -20"><span class='ocrx_word' id='word_1_335' title='bbox 178 2847 451 2919; x_wconf 85' lang='grc' dir='ltr'>Γραφαῖς,</span> <span class='ocrx_word' id='word_1_336' title='bbox 480 2848 557 2912; x_wconf 83' lang='grc' dir='ltr'>ὡς</span> <span class='ocrx_word' id='word_1_337' title='bbox 580 2849 673 2904; x_wconf 89' lang='grc' dir='ltr'>τό·</span> <span class='ocrx_word' id='word_1_338' title='bbox 709 2852 773 2903; x_wconf 83' lang='grc' dir='ltr'>Οί</span> <span class='ocrx_word' id='word_1_339' title='bbox 795 2849 1089 2918; x_wconf 74' lang='grc' dir='ltr'>ὀφθαλμοὶ</span> <span class='ocrx_word' id='word_1_340' title='bbox 1125 2848 1313 2903; x_wconf 82' lang='grc' dir='ltr'>αὐτοῦ</span> <span class='ocrx_word' id='word_1_341' title='bbox 1336 2851 1427 2914; x_wconf 76' lang='grc' dir='ltr'>εἰς</span> <span class='ocrx_word' id='word_1_342' title='bbox 1448 2848 1554 2902; x_wconf 77' lang='grc' dir='ltr'>τὸν</span> <span class='ocrx_word' id='word_1_343' title='bbox 1594 2847 1778 2915; x_wconf 73' lang='grc' dir='ltr'>πένη-</span> 
     </span>
    </p>
   </div>
   <div class='ocr_carea' id='block_1_45' title="bbox 176 2938 1773 3009">
    <p class='ocr_par' dir='ltr' id='par_1_45' title="bbox 176 2938 1773 3009">
     <span class='ocr_line' id='line_1_45' title="bbox 176 2938 1773 3009; baseline 0 -15"><span class='ocrx_word' id='word_1_344' title='bbox 176 2957 255 2995; x_wconf 79' lang='grc' dir='ltr'><strong>τα</strong></span> <span class='ocrx_word' id='word_1_345' title='bbox 280 2941 686 2994; x_wconf 70' lang='grc' dir='ltr'>ὲπιϐλέπουσι</span> <span class='ocrx_word' id='word_1_346' title='bbox 704 2956 718 2970; x_wconf 76' lang='grc' dir='ltr'><strong><em>ο</em></strong></span> <span class='ocrx_word' id='word_1_347' title='bbox 746 2942 842 2994; x_wconf 77' lang='grc' dir='ltr'>καὶ</span> <span class='ocrx_word' id='word_1_348' title='bbox 870 2940 960 2993; x_wconf 79' lang='grc' dir='ltr'>τό’</span> <span class='ocrx_word' id='word_1_349' title='bbox 989 2943 1096 3007; x_wconf 73' lang='grc' dir='ltr'><strong>Εἰς</strong></span> <span class='ocrx_word' id='word_1_350' title='bbox 1117 2941 1238 2994; x_wconf 83' lang='grc' dir='ltr'>ὦτα</span> <span class='ocrx_word' id='word_1_351' title='bbox 1261 2942 1484 3009; x_wconf 83' lang='grc' dir='ltr'>Κυρίου</span> <span class='ocrx_word' id='word_1_352' title='bbox 1499 2938 1740 2994; x_wconf 80' lang='grc' dir='ltr'>Σαϐαὼθ</span> <span class='ocrx_word' id='word_1_353' title='bbox 1757 2954 1773 2970; x_wconf 82' lang='grc'><em>’</em></span> 
     </span>
    </p>
   </div>
   <div class='ocr_carea' id='block_1_46' title="bbox 179 3031 1777 3101">
    <p class='ocr_par' dir='ltr' id='par_1_46' title="bbox 179 3031 1777 3101">
     <span class='ocr_line' id='line_1_46' title="bbox 179 3031 1777 3101; baseline -0.001 -16"><span class='ocrx_word' id='word_1_354' title='bbox 179 3034 276 3085; x_wconf 76' lang='grc' dir='ltr'>καὶ</span> <span class='ocrx_word' id='word_1_355' title='bbox 302 3032 367 3085; x_wconf 85' lang='grc' dir='ltr'><strong>τό</strong></span> <span class='ocrx_word' id='word_1_356' title='bbox 386 3051 400 3062; x_wconf 84' lang='grc'><strong><em>-</em></strong></span> <span class='ocrx_word' id='word_1_357' title='bbox 444 3032 510 3087; x_wconf 87' lang='grc' dir='ltr'><strong>Ἦ</strong></span> <span class='ocrx_word' id='word_1_358' title='bbox 553 3031 687 3101; x_wconf 78' lang='grc' dir='ltr'><strong>θρὶξ</strong></span> <span class='ocrx_word' id='word_1_359' title='bbox 710 3032 896 3087; x_wconf 84' lang='grc' dir='ltr'>αὐτοῦ</span> <span class='ocrx_word' id='word_1_360' title='bbox 926 3032 1068 3086; x_wconf 79' lang='grc' dir='ltr'>ὡσεὶ</span> <span class='ocrx_word' id='word_1_361' title='bbox 1091 3032 1272 3100; x_wconf 62' lang='grc' dir='ltr'>ἔριον</span> <span class='ocrx_word' id='word_1_362' title='bbox 1311 3033 1405 3085; x_wconf 74' lang='grc' dir='ltr'>καὶ</span> <span class='ocrx_word' id='word_1_363' title='bbox 1426 3032 1505 3088; x_wconf 88' lang='grc' dir='ltr'>τό·</span> <span class='ocrx_word' id='word_1_364' title='bbox 1538 3032 1777 3101; x_wconf 86' lang='grc' dir='ltr'>Πρόσω-</span> 
     </span>
    </p>
   </div>
   <div class='ocr_carea' id='block_1_47' title="bbox 1886 1831 3472 1901">
    <p class='ocr_par' dir='ltr' id='par_1_47' title="bbox 1886 1831 3472 1901">
     <span class='ocr_line' id='line_1_47' title="bbox 1886 1831 3472 1901; baseline 0.003 -17"><span class='ocrx_word' id='word_1_365' title='bbox 1886 1831 2241 1901; x_wconf 86' lang='lat' dir='ltr'><strong>providentiis</strong></span> <span class='ocrx_word' id='word_1_366' title='bbox 2272 1840 2585 1897; x_wconf 89' lang='lat' dir='ltr'><strong>sumuntur,</strong></span> <span class='ocrx_word' id='word_1_367' title='bbox 2617 1841 2674 1886; x_wconf 95' lang='lat' dir='ltr'><strong>nt</strong></span> <span class='ocrx_word' id='word_1_368' title='bbox 2724 1833 2864 1887; x_wconf 83' lang='lat' dir='ltr'><strong>Deus</strong></span> <span class='ocrx_word' id='word_1_369' title='bbox 2907 1833 3158 1893; x_wconf 89' lang='lat' dir='ltr'><strong>deorum.</strong></span> <span class='ocrx_word' id='word_1_370' title='bbox 3193 1845 3250 1889; x_wconf 87' lang='lat' dir='ltr'><strong>et</strong></span> <span class='ocrx_word' id='word_1_371' title='bbox 3286 1836 3472 1888; x_wconf 88' lang='lat' dir='ltr'><strong>Domi-</strong></span> 
     </span>
    </p>
   </div>
   <div class='ocr_carea' id='block_1_48' title="bbox 1886 1922 3473 1995">
    <p class='ocr_par' dir='ltr' id='par_1_48' title="bbox 1886 1922 3473 1995">
     <span class='ocr_line' id='line_1_48' title="bbox 1886 1922 3473 1995; baseline 0.002 -17"><span class='ocrx_word' id='word_1_372' title='bbox 1886 1939 1988 1978; x_wconf 87' lang='lat' dir='ltr'><strong>nus</strong></span> <span class='ocrx_word' id='word_1_373' title='bbox 2022 1924 2387 1987; x_wconf 89' lang='lat' dir='ltr'><strong>dominorum,</strong></span> <span class='ocrx_word' id='word_1_374' title='bbox 2412 1937 2466 1976; x_wconf 89' lang='lat' dir='ltr'><strong>et</strong></span> <span class='ocrx_word' id='word_1_375' title='bbox 2494 1922 2610 1979; x_wconf 82' lang='lat' dir='ltr'><strong>Rex</strong></span> <span class='ocrx_word' id='word_1_376' title='bbox 2641 1940 2826 1995; x_wconf 85' lang='lat' dir='ltr'><strong>regum</strong></span> <span class='ocrx_word' id='word_1_377' title='bbox 2861 1942 2875 1978; x_wconf 92' lang='lat'><strong>:</strong></span> <span class='ocrx_word' id='word_1_378' title='bbox 2910 1925 3024 1979; x_wconf 59' lang='lat' dir='ltr'><strong>haec</strong></span> <span class='ocrx_word' id='word_1_379' title='bbox 3053 1927 3198 1979; x_wconf 90' lang='lat' dir='ltr'><strong>enim</strong></span> <span class='ocrx_word' id='word_1_380' title='bbox 3251 1928 3473 1993; x_wconf 81' lang='lat' dir='ltr'><strong>nomina</strong></span> 
     </span>
    </p>
   </div>
   <div class='ocr_carea' id='block_1_49' title="bbox 1885 2015 3467 2087">
    <p class='ocr_par' dir='ltr' id='par_1_49' title="bbox 1885 2015 3467 2087">
     <span class='ocr_line' id='line_1_49' title="bbox 1885 2015 3467 2087; baseline 0.005 -19"><span class='ocrx_word' id='word_1_381' title='bbox 1885 2015 2298 2084; x_wconf 86' lang='lat' dir='ltr'><strong>particularium</strong></span> <span class='ocrx_word' id='word_1_382' title='bbox 2329 2027 2454 2071; x_wconf 91' lang='lat' dir='ltr'><strong>sunt</strong></span> <span class='ocrx_word' id='word_1_383' title='bbox 2479 2018 2972 2087; x_wconf 83' lang='lat' dir='ltr'><strong>providentinrnm,</strong></span> <span class='ocrx_word' id='word_1_384' title='bbox 3001 2028 3056 2072; x_wconf 87' lang='lat' dir='ltr'><strong>et</strong></span> <span class='ocrx_word' id='word_1_385' title='bbox 3084 2022 3467 2086; x_wconf 81' lang='lat' dir='ltr'><strong>quornnulant.</strong></span> 
     </span>
    </p>
   </div>
   <div class='ocr_carea' id='block_1_50' title="bbox 1888 2106 3469 2176">
    <p class='ocr_par' dir='ltr' id='par_1_50' title="bbox 1888 2106 3469 2176">
     <span class='ocr_line' id='line_1_50' title="bbox 1888 2106 3469 2176; baseline 0.003 -16"><span class='ocrx_word' id='word_1_386' title='bbox 1888 2107 2001 2161; x_wconf 76' lang='lat' dir='ltr'><strong>Non</strong></span> <span class='ocrx_word' id='word_1_387' title='bbox 2028 2107 2190 2176; x_wconf 84' lang='lat' dir='ltr'><strong>igitur</strong></span> <span class='ocrx_word' id='word_1_388' title='bbox 2217 2109 2282 2162; x_wconf 87' lang='lat' dir='ltr'><strong>ab</strong></span> <span class='ocrx_word' id='word_1_389' title='bbox 2312 2106 2397 2163; x_wconf 89' lang='lat' dir='ltr'><strong>his</strong></span> <span class='ocrx_word' id='word_1_390' title='bbox 2428 2108 2693 2163; x_wconf 81' lang='lat' dir='ltr'><strong>duntaxat</strong></span> <span class='ocrx_word' id='word_1_391' title='bbox 2736 2110 2919 2164; x_wconf 89' lang='lat' dir='ltr'><strong>divina</strong></span> <span class='ocrx_word' id='word_1_392' title='bbox 2960 2111 3181 2165; x_wconf 88' lang='lat' dir='ltr'><strong>nomina</strong></span> <span class='ocrx_word' id='word_1_393' title='bbox 3224 2111 3469 2176; x_wconf 79' lang='lat' dir='ltr'><strong>laudant,</strong></span> 
     </span>
    </p>
   </div>
   <div class='ocr_carea' id='block_1_51' title="bbox 1884 2198 3469 2271">
    <p class='ocr_par' dir='ltr' id='par_1_51' title="bbox 1884 2198 3469 2271">
     <span class='ocr_line' id='line_1_51' title="bbox 1884 2198 3469 2271; baseline 0.001 -18"><span class='ocrx_word' id='word_1_394' title='bbox 1884 2199 1978 2253; x_wconf 86' lang='lat' dir='ltr'><strong>sed</strong></span> <span class='ocrx_word' id='word_1_395' title='bbox 2010 2198 2175 2252; x_wconf 82' lang='lat' dir='ltr'><strong>etiam</strong></span> <span class='ocrx_word' id='word_1_396' title='bbox 2233 2213 2263 2252; x_wconf 89' lang='lat' dir='ltr'><strong>a</strong></span> <span class='ocrx_word' id='word_1_397' title='bbox 2308 2200 2637 2268; x_wconf 85' lang='lat' dir='ltr'><strong>quibusdam</strong></span> <span class='ocrx_word' id='word_1_398' title='bbox 2689 2200 2891 2255; x_wconf 84' lang='lat' dir='ltr'><strong>divinis</strong></span> <span class='ocrx_word' id='word_1_399' title='bbox 2938 2201 3096 2265; x_wconf 85' lang='lat' dir='ltr'><strong>visis,</strong></span> <span class='ocrx_word' id='word_1_400' title='bbox 3138 2218 3260 2271; x_wconf 71' lang='lat' dir='ltr'><strong>quae</strong></span> <span class='ocrx_word' id='word_1_401' title='bbox 3316 2202 3469 2256; x_wconf 86' lang='lat' dir='ltr'><strong>verbi</strong></span> 
     </span>
    </p>
   </div>
   <div class='ocr_carea' id='block_1_52' title="bbox 1883 2290 3470 2364">
    <p class='ocr_par' dir='ltr' id='par_1_52' title="bbox 1883 2290 3470 2364">
     <span class='ocr_line' id='line_1_52' title="bbox 1883 2290 3470 2364; baseline 0.004 -23"><span class='ocrx_word' id='word_1_402' title='bbox 1883 2291 2079 2361; x_wconf 69' lang='lat' dir='ltr'><strong>gratia,</strong></span> <span class='ocrx_word' id='word_1_403' title='bbox 2103 2290 2393 2360; x_wconf 83' lang='lat' dir='ltr'><strong>aliquando</strong></span> <span class='ocrx_word' id='word_1_404' title='bbox 2424 2292 2478 2345; x_wconf 94' lang='lat' dir='ltr'><strong>in</strong></span> <span class='ocrx_word' id='word_1_405' title='bbox 2509 2292 2683 2346; x_wconf 87' lang='lat' dir='ltr'><strong>sacris</strong></span> <span class='ocrx_word' id='word_1_406' title='bbox 2711 2293 2925 2361; x_wconf 85' lang='lat' dir='ltr'><strong>templis</strong></span> <span class='ocrx_word' id='word_1_407' title='bbox 2966 2295 3266 2364; x_wconf 81' lang='lat' dir='ltr'><strong>symbolice</strong></span> <span class='ocrx_word' id='word_1_408' title='bbox 3314 2309 3470 2348; x_wconf 84' lang='lat' dir='ltr'><strong>reve-</strong></span> 
     </span>
    </p>
   </div>
   <div class='ocr_carea' id='block_1_53' title="bbox 1884 2386 3470 2458">
    <p class='ocr_par' dir='ltr' id='par_1_53' title="bbox 1884 2386 3470 2458">
     <span class='ocr_line' id='line_1_53' title="bbox 1884 2386 3470 2458; baseline 0.001 -19"><span class='ocrx_word' id='word_1_409' title='bbox 1884 2387 1989 2439; x_wconf 87' lang='lat' dir='ltr'><strong>lata</strong></span> <span class='ocrx_word' id='word_1_410' title='bbox 2017 2395 2165 2450; x_wconf 80' lang='lat' dir='ltr'><strong>sum,</strong></span> <span class='ocrx_word' id='word_1_411' title='bbox 2200 2386 2251 2440; x_wconf 91' lang='lat' dir='ltr'><strong>id</strong></span> <span class='ocrx_word' id='word_1_412' title='bbox 2300 2393 2384 2440; x_wconf 90' lang='lat' dir='ltr'><strong>est</strong></span> <span class='ocrx_word' id='word_1_413' title='bbox 2414 2386 2466 2439; x_wconf 91' lang='lat' dir='ltr'><strong>in</strong></span> <span class='ocrx_word' id='word_1_414' title='bbox 2498 2388 2711 2457; x_wconf 83' lang='lat' dir='ltr'><strong>templis</strong></span> <span class='ocrx_word' id='word_1_415' title='bbox 2758 2399 3166 2458; x_wconf 86' lang='lat' dir='ltr'><strong>apparuerunt;</strong></span> <span class='ocrx_word' id='word_1_416' title='bbox 3195 2387 3470 2457; x_wconf 85' lang='grc' dir='ltr'>ἀνάκτορα</span> 
     </span>
    </p>
   </div>
   <div class='ocr_carea' id='block_1_54' title="bbox 1884 2477 3469 2549">
    <p class='ocr_par' dir='ltr' id='par_1_54' title="bbox 1884 2477 3469 2549">
     <span class='ocr_line' id='line_1_54' title="bbox 1884 2477 3469 2549; baseline 0.001 -18"><span class='ocrx_word' id='word_1_417' title='bbox 1884 2479 2028 2532; x_wconf 83' lang='lat' dir='ltr'><strong>enim</strong></span> <span class='ocrx_word' id='word_1_418' title='bbox 2079 2477 2312 2549; x_wconf 77' lang='lat' dir='ltr'><strong>gentiles</strong></span> <span class='ocrx_word' id='word_1_419' title='bbox 2358 2479 2633 2534; x_wconf 85' lang='lat' dir='ltr'><strong>vocabant</strong></span> <span class='ocrx_word' id='word_1_420' title='bbox 2677 2483 2902 2536; x_wconf 89' lang='lat' dir='ltr'><strong>deorum</strong></span> <span class='ocrx_word' id='word_1_421' title='bbox 2948 2497 3171 2535; x_wconf 86' lang='lat' dir='ltr'><strong>suorum</strong></span> <span class='ocrx_word' id='word_1_422' title='bbox 3220 2481 3469 2535; x_wconf 85' lang='lat' dir='ltr'><strong>delubra.</strong></span> 
     </span>
    </p>
   </div>
   <div class='ocr_carea' id='block_1_55' title="bbox 1883 2567 3473 2639">
    <p class='ocr_par' dir='ltr' id='par_1_55' title="bbox 1883 2567 3473 2639">
     <span class='ocr_line' id='line_1_55' title="bbox 1883 2567 3473 2639; baseline 0.004 -19"><span class='ocrx_word' id='word_1_423' title='bbox 1883 2567 2177 2621; x_wconf 83' lang='lat' dir='ltr'><strong>Nominant</strong></span> <span class='ocrx_word' id='word_1_424' title='bbox 2204 2569 2388 2638; x_wconf 87' lang='lat' dir='ltr'><strong>itaque</strong></span> <span class='ocrx_word' id='word_1_425' title='bbox 2413 2584 2743 2639; x_wconf 74' lang='lat' dir='ltr'><strong>supr-aquam</strong></span> <span class='ocrx_word' id='word_1_426' title='bbox 2791 2572 3028 2627; x_wconf 79' lang='lat' dir='ltr'><strong>lucidam</strong></span> <span class='ocrx_word' id='word_1_427' title='bbox 3083 2572 3387 2627; x_wconf 87' lang='lat' dir='ltr'><strong>bonitatem</strong></span> <span class='ocrx_word' id='word_1_428' title='bbox 3416 2584 3473 2626; x_wconf 93' lang='lat' dir='ltr'><strong>ct</strong></span> 
     </span>
    </p>
   </div>
   <div class='ocr_carea' id='block_1_56' title="bbox 1885 2660 3475 2732">
    <p class='ocr_par' dir='ltr' id='par_1_56' title="bbox 1885 2660 3475 2732">
     <span class='ocr_line' id='line_1_56' title="bbox 1885 2660 3475 2732; baseline 0.003 -19"><span class='ocrx_word' id='word_1_429' title='bbox 1885 2664 2151 2714; x_wconf 86' lang='lat' dir='ltr'><strong>humanas</strong></span> <span class='ocrx_word' id='word_1_430' title='bbox 2180 2660 2404 2730; x_wconf 81' lang='lat' dir='ltr'><strong>ﬁguras,</strong></span> <span class='ocrx_word' id='word_1_431' title='bbox 2437 2661 2551 2715; x_wconf 83' lang='lat' dir='ltr'><strong>sive</strong></span> <span class='ocrx_word' id='word_1_432' title='bbox 2583 2662 2798 2732; x_wconf 87' lang='lat' dir='ltr'><strong>igneas,</strong></span> <span class='ocrx_word' id='word_1_433' title='bbox 2824 2664 2940 2717; x_wconf 92' lang='lat' dir='ltr'><strong>sive</strong></span> <span class='ocrx_word' id='word_1_434' title='bbox 2964 2664 3258 2717; x_wconf 84' lang='lat' dir='ltr'><strong>elcctrinas</strong></span> <span class='ocrx_word' id='word_1_435' title='bbox 3284 2664 3335 2718; x_wconf 86' lang='lat' dir='ltr'><strong>ei</strong></span> <span class='ocrx_word' id='word_1_436' title='bbox 3361 2665 3475 2719; x_wconf 85' lang='lat' dir='ltr'><strong>cir-</strong></span> 
     </span>
    </p>
   </div>
   <div class='ocr_carea' id='block_1_57' title="bbox 1883 2753 3474 2824">
    <p class='ocr_par' dir='ltr' id='par_1_57' title="bbox 1883 2753 3474 2824">
     <span class='ocr_line' id='line_1_57' title="bbox 1883 2753 3474 2824; baseline 0.003 -19"><span class='ocrx_word' id='word_1_437' title='bbox 1883 2761 2240 2822; x_wconf 77' lang='lat' dir='ltr'><strong>smnponunt,</strong></span> <span class='ocrx_word' id='word_1_438' title='bbox 2268 2753 2410 2807; x_wconf 89' lang='lat' dir='ltr'><strong>sicut</strong></span> <span class='ocrx_word' id='word_1_439' title='bbox 2438 2754 2490 2807; x_wconf 95' lang='lat' dir='ltr'><strong>in</strong></span> <span class='ocrx_word' id='word_1_440' title='bbox 2522 2753 2809 2809; x_wconf 79' lang='lat' dir='ltr'><strong>Ezechiele</strong></span> <span class='ocrx_word' id='word_1_441' title='bbox 2861 2756 3152 2824; x_wconf 85' lang='lat' dir='ltr'><strong>reperitur.</strong></span> <span class='ocrx_word' id='word_1_442' title='bbox 3181 2756 3247 2810; x_wconf 85' lang='lat' dir='ltr'><strong>Et</strong></span> <span class='ocrx_word' id='word_1_443' title='bbox 3280 2772 3474 2811; x_wconf 78' lang='lat' dir='ltr'><strong>rursus</strong></span> 
     </span>
    </p>
   </div>
   <div class='ocr_carea' id='block_1_58' title="bbox 1882 2842 3471 2916">
    <p class='ocr_par' dir='ltr' id='par_1_58' title="bbox 1882 2842 3471 2916">
     <span class='ocr_line' id='line_1_58' title="bbox 1882 2842 3471 2916; baseline 0.004 -21"><span class='ocrx_word' id='word_1_444' title='bbox 1882 2844 2117 2896; x_wconf 86' lang='lat' dir='ltr'><strong>humana</strong></span> <span class='ocrx_word' id='word_1_445' title='bbox 2153 2844 2395 2896; x_wconf 91' lang='lat' dir='ltr'><strong>membra</strong></span> <span class='ocrx_word' id='word_1_446' title='bbox 2446 2842 2722 2904; x_wconf 82' lang='lat' dir='ltr'><strong>referunt,</strong></span> <span class='ocrx_word' id='word_1_447' title='bbox 2754 2853 2810 2897; x_wconf 91' lang='lat' dir='ltr'><strong>ut</strong></span> <span class='ocrx_word' id='word_1_448' title='bbox 2862 2845 2915 2898; x_wconf 94' lang='lat' dir='ltr'><strong>in</strong></span> <span class='ocrx_word' id='word_1_449' title='bbox 2958 2844 3192 2899; x_wconf 81' lang='lat' dir='ltr'><strong>Psalmis</strong></span> <span class='ocrx_word' id='word_1_450' title='bbox 3238 2846 3471 2916; x_wconf 84' lang='lat' dir='ltr'><strong>aliisque</strong></span> 
     </span>
    </p>
   </div>
   <div class='ocr_carea' id='block_1_59' title="bbox 1882 2930 3469 3006">
    <p class='ocr_par' dir='ltr' id='par_1_59' title="bbox 1882 2930 3469 3006">
     <span class='ocr_line' id='line_1_59' title="bbox 1882 2930 3469 3006; baseline 0.003 -23"><span class='ocrx_word' id='word_1_451' title='bbox 1882 2930 2204 3000; x_wconf 76' lang='lat' dir='ltr'><strong>Scripturis,</strong></span> <span class='ocrx_word' id='word_1_452' title='bbox 2228 2932 2385 3000; x_wconf 86' lang='lat' dir='ltr'><strong>juxta</strong></span> <span class='ocrx_word' id='word_1_453' title='bbox 2417 2932 2548 2987; x_wconf 91' lang='lat' dir='ltr'><strong>illud</strong></span> <span class='ocrx_word' id='word_1_454' title='bbox 2580 2953 2591 2988; x_wconf 96' lang='lat'>:</span> <span class='ocrx_word' id='word_1_455' title='bbox 2628 2932 2784 2987; x_wconf 84' lang='lat' dir='ltr'><strong>Oculi</strong></span> <span class='ocrx_word' id='word_1_456' title='bbox 2826 2934 2942 3003; x_wconf 90' lang='lat' dir='ltr'><strong>ejus</strong></span> <span class='ocrx_word' id='word_1_457' title='bbox 2981 2952 3141 3005; x_wconf 86' lang='lat' dir='ltr'><strong>super</strong></span> <span class='ocrx_word' id='word_1_458' title='bbox 3183 2953 3469 3006; x_wconf 81' lang='lat' dir='ltr'><strong>pauperem</strong></span> 
     </span>
    </p>
   </div>
   <div class='ocr_carea' id='block_1_60' title="bbox 1882 3025 3475 3097">
    <p class='ocr_par' dir='ltr' id='par_1_60' title="bbox 1882 3025 3475 3097">
     <span class='ocr_line' id='line_1_60' title="bbox 1882 3025 3475 3097; baseline 0.004 -21"><span class='ocrx_word' id='word_1_459' title='bbox 1882 3025 2165 3093; x_wconf 81' lang='lat' dir='ltr'><strong>respiciunt</strong></span> <span class='ocrx_word' id='word_1_460' title='bbox 2194 3025 2254 3088; x_wconf 72' lang='lat' dir='ltr'><strong>b;</strong></span> <span class='ocrx_word' id='word_1_461' title='bbox 2279 3036 2335 3081; x_wconf 88' lang='lat' dir='ltr'><strong>et</strong></span> <span class='ocrx_word' id='word_1_462' title='bbox 2380 3026 2510 3080; x_wconf 89' lang='lat' dir='ltr'><strong>illud</strong></span> <span class='ocrx_word' id='word_1_463' title='bbox 2544 3048 2555 3083; x_wconf 91' lang='lat'>:</span> <span class='ocrx_word' id='word_1_464' title='bbox 2586 3026 2653 3081; x_wconf 84' lang='lat' dir='ltr'><strong>In</strong></span> <span class='ocrx_word' id='word_1_465' title='bbox 2697 3044 2855 3082; x_wconf 87' lang='lat' dir='ltr'><strong>aures</strong></span> <span class='ocrx_word' id='word_1_466' title='bbox 2899 3028 3109 3081; x_wconf 86' lang='lat' dir='ltr'><strong>Domini</strong></span> <span class='ocrx_word' id='word_1_467' title='bbox 3145 3030 3376 3083; x_wconf 76' lang='lat' dir='ltr'><strong>Sabaoth</strong></span> <span class='ocrx_word' id='word_1_468' title='bbox 3407 3042 3429 3069; x_wconf 76' lang='grc' dir='ltr'><strong>ε</strong></span> <span class='ocrx_word' id='word_1_469' title='bbox 3450 3046 3475 3097; x_wconf 62' lang='grc' dir='ltr'><strong>ί</strong></span> 
     </span>
    </p>
   </div>
   <div class='ocr_carea' id='block_1_61' title="bbox 177 3115 1774 3193">
    <p class='ocr_par' dir='ltr' id='par_1_61' title="bbox 177 3124 1774 3193">
     <span class='ocr_line' id='line_1_61' title="bbox 177 3124 1774 3193; baseline 0.002 -16"><span class='ocrx_word' id='word_1_470' title='bbox 177 3141 301 3177; x_wconf 75' lang='grc' dir='ltr'><strong>πον</strong></span> <span class='ocrx_word' id='word_1_471' title='bbox 324 3124 397 3178; x_wconf 78' lang='grc' dir='ltr'>δὲ</span> <span class='ocrx_word' id='word_1_472' title='bbox 432 3126 658 3193; x_wconf 81' lang='grc' dir='ltr'>Κυρίου</span> <span class='ocrx_word' id='word_1_473' title='bbox 704 3125 803 3179; x_wconf 79' lang='grc' dir='ltr'><strong>ἐπὶ</strong></span> <span class='ocrx_word' id='word_1_474' title='bbox 838 3125 1161 3191; x_wconf 77' lang='grc' dir='ltr'>ποιοῦντάς</span> <span class='ocrx_word' id='word_1_475' title='bbox 1198 3124 1386 3181; x_wconf 80' lang='grc' dir='ltr'>κακά’</span> <span class='ocrx_word' id='word_1_476' title='bbox 1427 3128 1521 3180; x_wconf 78' lang='grc' dir='ltr'>καὶ</span> <span class='ocrx_word' id='word_1_477' title='bbox 1563 3126 1624 3179; x_wconf 89' lang='grc' dir='ltr'><strong>τό</strong></span> <span class='ocrx_word' id='word_1_478' title='bbox 1648 3143 1662 3157; x_wconf 75' lang='grc' dir='ltr'><strong>ο</strong></span> <span class='ocrx_word' id='word_1_479' title='bbox 1705 3129 1774 3180; x_wconf 78' lang='lat' dir='ltr'><strong>Al</strong></span> 
     </span>
    </p>
   </div>
   <div class='ocr_carea' id='block_1_62' title="bbox 1880 3115 3464 3193">
    <p class='ocr_par' dir='ltr' id='par_1_62' title="bbox 1880 3115 3464 3188">
     <span class='ocr_line' id='line_1_62' title="bbox 1880 3115 3464 3188; baseline 0.005 -20"><span class='ocrx_word' id='word_1_480' title='bbox 1880 3127 1934 3168; x_wconf 73' lang='lat' dir='ltr'><strong>et</strong></span> <span class='ocrx_word' id='word_1_481' title='bbox 1964 3115 2093 3171; x_wconf 88' lang='lat' dir='ltr'><strong>illud</strong></span> <span class='ocrx_word' id='word_1_482' title='bbox 2121 3134 2136 3170; x_wconf 88' lang='lat'><strong>:</strong></span> <span class='ocrx_word' id='word_1_483' title='bbox 2173 3116 2369 3186; x_wconf 78' lang='lat' dir='ltr'><strong>Capilli</strong></span> <span class='ocrx_word' id='word_1_484' title='bbox 2398 3118 2511 3187; x_wconf 84' lang='lat' dir='ltr'><strong>ejus</strong></span> <span class='ocrx_word' id='word_1_485' title='bbox 2539 3122 2692 3188; x_wconf 86' lang='lat' dir='ltr'><strong>quasi</strong></span> <span class='ocrx_word' id='word_1_486' title='bbox 2723 3120 2848 3172; x_wconf 81' lang='lat' dir='ltr'><strong>lana</strong></span> <span class='ocrx_word' id='word_1_487' title='bbox 2879 3118 2945 3187; x_wconf 78' lang='lat' dir='ltr'><strong>d;</strong></span> <span class='ocrx_word' id='word_1_488' title='bbox 2979 3128 3034 3175; x_wconf 88' lang='lat' dir='ltr'><strong>et</strong></span> <span class='ocrx_word' id='word_1_489' title='bbox 3066 3120 3195 3175; x_wconf 87' lang='lat' dir='ltr'><strong>illud</strong></span> <span class='ocrx_word' id='word_1_490' title='bbox 3223 3138 3237 3175; x_wconf 89' lang='lat'><strong>:</strong></span> <span class='ocrx_word' id='word_1_491' title='bbox 3271 3120 3464 3176; x_wconf 70' lang='lat' dir='ltr'><strong>Facies</strong></span> 
     </span>
    </p>
   </div>
   <div class='ocr_carea' id='block_1_63' title="bbox 177 3215 1777 3288">
    <p class='ocr_par' dir='ltr' id='par_1_63' title="bbox 177 3215 1777 3288">
     <span class='ocr_line' id='line_1_63' title="bbox 177 3215 1777 3288; baseline 0 -16"><span class='ocrx_word' id='word_1_492' title='bbox 177 3216 383 3286; x_wconf 75' lang='grc' dir='ltr'>χεῖρές</span> <span class='ocrx_word' id='word_1_493' title='bbox 414 3232 534 3271; x_wconf 91' lang='grc' dir='ltr'><strong>σου</strong></span> <span class='ocrx_word' id='word_1_494' title='bbox 574 3217 874 3284; x_wconf 80' lang='grc' dir='ltr'>ἐποίησάν</span> <span class='ocrx_word' id='word_1_495' title='bbox 893 3234 973 3287; x_wconf 78' lang='grc' dir='ltr'>με</span> <span class='ocrx_word' id='word_1_496' title='bbox 991 3234 1005 3249; x_wconf 76' lang='grc' dir='ltr'><strong><em>ο</em></strong></span> <span class='ocrx_word' id='word_1_497' title='bbox 1049 3215 1144 3271; x_wconf 66' lang='grc' dir='ltr'>καὶ</span> <span class='ocrx_word' id='word_1_498' title='bbox 1166 3218 1228 3272; x_wconf 89' lang='grc' dir='ltr'><strong>τό</strong></span> <span class='ocrx_word' id='word_1_499' title='bbox 1244 3234 1259 3248; x_wconf 74' lang='grc' dir='ltr'><strong><em>ο</em></strong></span> <span class='ocrx_word' id='word_1_500' title='bbox 1320 3218 1423 3272; x_wconf 84' lang='grc' dir='ltr'>Ἐν</span> <span class='ocrx_word' id='word_1_501' title='bbox 1442 3219 1567 3285; x_wconf 83' lang='grc' dir='ltr'>τοῖς</span> <span class='ocrx_word' id='word_1_502' title='bbox 1597 3235 1777 3288; x_wconf 78' lang='grc' dir='ltr'>μετα-</span> 
     </span>
    </p>
   </div>
   <div class='ocr_carea' id='block_1_64' title="bbox 174 3309 1775 3381">
    <p class='ocr_par' dir='ltr' id='par_1_64' title="bbox 174 3309 1775 3381">
     <span class='ocr_line' id='line_1_64' title="bbox 174 3309 1775 3381; baseline -0.001 -17"><span class='ocrx_word' id='word_1_503' title='bbox 174 3310 426 3380; x_wconf 70' lang='grc' dir='ltr'>φρένοις</span> <span class='ocrx_word' id='word_1_504' title='bbox 452 3310 639 3365; x_wconf 81' lang='grc' dir='ltr'>αὐτοῦ</span> <span class='ocrx_word' id='word_1_505' title='bbox 667 3309 1008 3364; x_wconf 72' lang='grc' dir='ltr'>ἐπισκιάσει</span> <span class='ocrx_word' id='word_1_506' title='bbox 1024 3323 1153 3363; x_wconf 77' lang='grc' dir='ltr'>σοι’</span> <span class='ocrx_word' id='word_1_507' title='bbox 1180 3310 1274 3365; x_wconf 82' lang='grc' dir='ltr'><strong>καί</strong></span> <span class='ocrx_word' id='word_1_508' title='bbox 1296 3327 1309 3342; x_wconf 84' lang='lat'><strong><em>°</em></strong></span> <span class='ocrx_word' id='word_1_509' title='bbox 1350 3312 1452 3365; x_wconf 83' lang='grc' dir='ltr'>Ἑν</span> <span class='ocrx_word' id='word_1_510' title='bbox 1481 3310 1559 3380; x_wconf 75' lang='grc' dir='ltr'>τῇ</span> <span class='ocrx_word' id='word_1_511' title='bbox 1578 3310 1775 3381; x_wconf 81' lang='grc' dir='ltr'>σκέπῃ</span> 
     </span>
    </p>
   </div>
   <div class='ocr_carea' id='block_1_65' title="bbox 176 3402 1777 3473">
    <p class='ocr_par' dir='ltr' id='par_1_65' title="bbox 176 3402 1777 3473">
     <span class='ocr_line' id='line_1_65' title="bbox 176 3402 1777 3473; baseline -0.001 -15"><span class='ocrx_word' id='word_1_512' title='bbox 176 3402 299 3458; x_wconf 83' lang='grc' dir='ltr'><strong>τῶν</strong></span> <span class='ocrx_word' id='word_1_513' title='bbox 327 3406 638 3472; x_wconf 79' lang='grc' dir='ltr'>πτερύγων</span> <span class='ocrx_word' id='word_1_514' title='bbox 664 3418 782 3457; x_wconf 88' lang='grc' dir='ltr'><strong>σου</strong></span> <span class='ocrx_word' id='word_1_515' title='bbox 809 3402 1140 3470; x_wconf 82' lang='grc' dir='ltr'>σκεπάσεις</span> <span class='ocrx_word' id='word_1_516' title='bbox 1168 3421 1246 3473; x_wconf 78' lang='grc' dir='ltr'>με</span> <span class='ocrx_word' id='word_1_517' title='bbox 1262 3421 1276 3434; x_wconf 88' lang='grc'>·</span> <span class='ocrx_word' id='word_1_518' title='bbox 1303 3405 1399 3458; x_wconf 74' lang='grc' dir='ltr'>καὶ</span> <span class='ocrx_word' id='word_1_519' title='bbox 1417 3403 1479 3457; x_wconf 91' lang='grc' dir='ltr'><strong>τό</strong></span> <span class='ocrx_word' id='word_1_520' title='bbox 1498 3422 1510 3435; x_wconf 88' lang='grc'><strong>·</strong></span> <span class='ocrx_word' id='word_1_521' title='bbox 1550 3405 1613 3458; x_wconf 85' lang='lat'><strong>&#39;0</strong></span> <span class='ocrx_word' id='word_1_522' title='bbox 1627 3405 1777 3473; x_wconf 83' lang='grc' dir='ltr'>,βρα-</span> 
     </span>
    </p>
   </div>
   <div class='ocr_carea' id='block_1_66' title="bbox 177 3494 1773 3567">
    <p class='ocr_par' dir='ltr' id='par_1_66' title="bbox 177 3494 1773 3567">
     <span class='ocr_line' id='line_1_66' title="bbox 177 3494 1773 3567; baseline 0.001 -20"><span class='ocrx_word' id='word_1_523' title='bbox 177 3496 332 3563; x_wconf 83' lang='grc' dir='ltr'>χίων</span> <span class='ocrx_word' id='word_1_524' title='bbox 358 3510 477 3549; x_wconf 87' lang='grc' dir='ltr'><strong>σου</strong></span> <span class='ocrx_word' id='word_1_525' title='bbox 500 3496 738 3550; x_wconf 79' lang='grc' dir='ltr'>ἔσωσεν</span> <span class='ocrx_word' id='word_1_526' title='bbox 765 3494 1008 3561; x_wconf 83' lang='grc' dir='ltr'>αὐτοὺς,</span> <span class='ocrx_word' id='word_1_527' title='bbox 1054 3496 1149 3549; x_wconf 75' lang='grc' dir='ltr'>καὶ</span> <span class='ocrx_word' id='word_1_528' title='bbox 1183 3494 1254 3549; x_wconf 84' lang='grc' dir='ltr'><strong>τά</strong></span> <span class='ocrx_word' id='word_1_529' title='bbox 1291 3494 1510 3549; x_wconf 76' lang='grc' dir='ltr'>ὀπίσθια</span> <span class='ocrx_word' id='word_1_530' title='bbox 1546 3496 1773 3567; x_wconf 84' lang='grc' dir='ltr'>Κυρίου,</span> 
     </span>
    </p>
   </div>
   <div class='ocr_carea' id='block_1_67' title="bbox 174 3580 1776 3659">
    <p class='ocr_par' dir='ltr' id='par_1_67' title="bbox 174 3580 1776 3659">
     <span class='ocr_line' id='line_1_67' title="bbox 174 3580 1776 3659; baseline 0.001 -18"><span class='ocrx_word' id='word_1_531' title='bbox 174 3580 254 3641; x_wconf 85' lang='grc' dir='ltr'>ὦν</span> <span class='ocrx_word' id='word_1_532' title='bbox 281 3586 493 3659; x_wconf 61' lang='grc' dir='ltr'><strong>⁴ἠξιώθη</strong></span> <span class='ocrx_word' id='word_1_533' title='bbox 520 3587 762 3658; x_wconf 83' lang='grc' dir='ltr'>Μωῢσῆς</span> <span class='ocrx_word' id='word_1_534' title='bbox 780 3603 795 3618; x_wconf 90' lang='grc'><strong>·</strong></span> <span class='ocrx_word' id='word_1_535' title='bbox 833 3588 929 3641; x_wconf 76' lang='grc' dir='ltr'>καὶ</span> <span class='ocrx_word' id='word_1_536' title='bbox 961 3587 1023 3641; x_wconf 87' lang='grc' dir='ltr'><strong>τό</strong></span> <span class='ocrx_word' id='word_1_537' title='bbox 1043 3604 1056 3618; x_wconf 91' lang='grc'><strong>·</strong></span> <span class='ocrx_word' id='word_1_538' title='bbox 1090 3588 1405 3642; x_wconf 83' lang='grc' dir='ltr'>Ἤκουσαν</span> <span class='ocrx_word' id='word_1_539' title='bbox 1430 3586 1541 3657; x_wconf 84' lang='grc' dir='ltr'>τῆς</span> <span class='ocrx_word' id='word_1_540' title='bbox 1568 3588 1776 3658; x_wconf 75' lang='grc' dir='ltr'>φωνῆς</span> 
     </span>
    </p>
   </div>
   <div class='ocr_carea' id='block_1_68' title="bbox 176 3677 1774 3747">
    <p class='ocr_par' dir='ltr' id='par_1_68' title="bbox 176 3677 1774 3747">
     <span class='ocr_line' id='line_1_68' title="bbox 176 3677 1774 3747; baseline 0.002 -15"><span class='ocrx_word' id='word_1_541' title='bbox 176 3680 409 3746; x_wconf 78' lang='grc' dir='ltr'>Κυρίου</span> <span class='ocrx_word' id='word_1_542' title='bbox 447 3678 919 3746; x_wconf 76' lang='grc' dir='ltr'>περιπατοῦντος</span> <span class='ocrx_word' id='word_1_543' title='bbox 954 3678 1027 3732; x_wconf 83' lang='grc' dir='ltr'>ἐν</span> <span class='ocrx_word' id='word_1_544' title='bbox 1072 3677 1153 3745; x_wconf 81' lang='grc' dir='ltr'>τῷ</span> <span class='ocrx_word' id='word_1_545' title='bbox 1193 3679 1554 3747; x_wconf 74' lang='grc' dir='ltr'>παραδείσῳ.</span> <span class='ocrx_word' id='word_1_546' title='bbox 1605 3680 1774 3736; x_wconf 85' lang='grc' dir='ltr'>Πάλιν</span> 
     </span>
    </p>
   </div>
   <div class='ocr_carea' id='block_1_69' title="bbox 178 3766 1776 3838">
    <p class='ocr_par' dir='ltr' id='par_1_69' title="bbox 178 3766 1776 3838">
     <span class='ocr_line' id='line_1_69' title="bbox 178 3766 1776 3838; baseline 0.002 -18"><span class='ocrx_word' id='word_1_547' title='bbox 178 3767 485 3837; x_wconf 86' lang='grc' dir='ltr'>στεφάνους</span> <span class='ocrx_word' id='word_1_548' title='bbox 542 3766 949 3838; x_wconf 81' lang='grc' dir='ltr'>περιτιθέασιν,</span> <span class='ocrx_word' id='word_1_549' title='bbox 1003 3766 1080 3831; x_wconf 82' lang='grc' dir='ltr'>ὡς</span> <span class='ocrx_word' id='word_1_550' title='bbox 1120 3767 1213 3820; x_wconf 89' lang='grc' dir='ltr'>τό·</span> <span class='ocrx_word' id='word_1_551' title='bbox 1259 3770 1622 3838; x_wconf 80' lang='grc' dir='ltr'>Εὺλόγησον</span> <span class='ocrx_word' id='word_1_552' title='bbox 1665 3767 1776 3823; x_wconf 83' lang='grc' dir='ltr'>τὸν</span> 
     </span>
    </p>
   </div>
   <div class='ocr_carea' id='block_1_70' title="bbox 173 3858 1774 3931">
    <p class='ocr_par' dir='ltr' id='par_1_70' title="bbox 173 3858 1774 3931">
     <span class='ocr_line' id='line_1_70' title="bbox 173 3858 1774 3931; baseline -0.001 -16"><span class='ocrx_word' id='word_1_553' title='bbox 173 3860 490 3931; x_wconf 59' lang='grc' dir='ltr'>στέφανον</span> <span class='ocrx_word' id='word_1_554' title='bbox 513 3858 619 3928; x_wconf 84' lang='grc' dir='ltr'>τῆς</span> <span class='ocrx_word' id='word_1_555' title='bbox 660 3860 1069 3928; x_wconf 80' lang='grc' dir='ltr'>χρηστότητός</span> <span class='ocrx_word' id='word_1_556' title='bbox 1098 3874 1215 3914; x_wconf 90' lang='grc' dir='ltr'><strong>σου</strong></span> <span class='ocrx_word' id='word_1_557' title='bbox 1238 3876 1252 3889; x_wconf 90' lang='grc'><strong>·</strong></span> <span class='ocrx_word' id='word_1_558' title='bbox 1295 3860 1390 3915; x_wconf 76' lang='grc' dir='ltr'>καὶ</span> <span class='ocrx_word' id='word_1_559' title='bbox 1426 3858 1671 3931; x_wconf 91' lang='grc' dir='ltr'>θρόνους,</span> <span class='ocrx_word' id='word_1_560' title='bbox 1697 3860 1774 3924; x_wconf 87' lang='grc' dir='ltr'>ὠς</span> 
     </span>
    </p>
   </div>
   <div class='ocr_carea' id='block_1_71' title="bbox 173 3948 1774 4019">
    <p class='ocr_par' dir='ltr' id='par_1_71' title="bbox 173 3948 1774 4019">
     <span class='ocr_line' id='line_1_71' title="bbox 173 3948 1774 4019; baseline -0.001 -13"><span class='ocrx_word' id='word_1_561' title='bbox 173 3952 241 4006; x_wconf 86' lang='grc' dir='ltr'><strong>τό</strong></span> <span class='ocrx_word' id='word_1_562' title='bbox 258 3969 273 3983; x_wconf 89' lang='grc'><strong>·</strong></span> <span class='ocrx_word' id='word_1_563' title='bbox 320 3952 385 4004; x_wconf 82' lang='lat'><strong>&#39;0</strong></span> <span class='ocrx_word' id='word_1_564' title='bbox 408 3951 621 4019; x_wconf 81' lang='grc' dir='ltr'>θρόνος</span> <span class='ocrx_word' id='word_1_565' title='bbox 645 3966 785 4019; x_wconf 77' lang='grc' dir='ltr'><strong>σου,ι</strong></span> <span class='ocrx_word' id='word_1_566' title='bbox 822 3952 857 4005; x_wconf 83' lang='grc' dir='ltr'><em>ὁ</em></span> <span class='ocrx_word' id='word_1_567' title='bbox 892 3948 1055 4016; x_wconf 86' lang='grc' dir='ltr'>Θεὸς,</span> <span class='ocrx_word' id='word_1_568' title='bbox 1072 3952 1161 4016; x_wconf 85' lang='grc' dir='ltr'><strong>είς</strong></span> <span class='ocrx_word' id='word_1_569' title='bbox 1188 3950 1295 4003; x_wconf 82' lang='grc' dir='ltr'><strong>τόν</strong></span> <span class='ocrx_word' id='word_1_570' title='bbox 1318 3950 1503 4006; x_wconf 72' lang='grc' dir='ltr'>αἰῶνα</span> <span class='ocrx_word' id='word_1_571' title='bbox 1520 3969 1533 3982; x_wconf 91' lang='grc'><strong>·</strong></span> <span class='ocrx_word' id='word_1_572' title='bbox 1565 3952 1658 4008; x_wconf 76' lang='grc' dir='ltr'><strong>καὶ</strong></span> <span class='ocrx_word' id='word_1_573' title='bbox 1676 3969 1774 4005; x_wconf 91' lang='grc' dir='ltr'>πο-</span> 
     </span>
    </p>
   </div>
   <div class='ocr_carea' id='block_1_72' title="bbox 173 4041 1774 4117">
    <p class='ocr_par' dir='ltr' id='par_1_72' title="bbox 173 4041 1774 4117">
     <span class='ocr_line' id='line_1_72' title="bbox 173 4041 1774 4117; baseline -0.001 -19"><span class='ocrx_word' id='word_1_574' title='bbox 173 4047 371 4117; x_wconf 85' lang='grc' dir='ltr'>τήρια,</span> <span class='ocrx_word' id='word_1_575' title='bbox 405 4044 481 4108; x_wconf 86' lang='grc' dir='ltr'>ὡς</span> <span class='ocrx_word' id='word_1_576' title='bbox 503 4044 566 4097; x_wconf 88' lang='grc' dir='ltr'><strong>τό</strong></span> <span class='ocrx_word' id='word_1_577' title='bbox 587 4061 601 4075; x_wconf 90' lang='grc'><strong>·</strong></span> <span class='ocrx_word' id='word_1_578' title='bbox 628 4041 923 4111; x_wconf 79' lang='grc' dir='ltr'>Ποτήριον</span> <span class='ocrx_word' id='word_1_579' title='bbox 956 4043 1027 4096; x_wconf 82' lang='grc' dir='ltr'>ἐν</span> <span class='ocrx_word' id='word_1_580' title='bbox 1055 4044 1205 4112; x_wconf 80' lang='grc' dir='ltr'>χειρὶ</span> <span class='ocrx_word' id='word_1_581' title='bbox 1236 4045 1460 4113; x_wconf 80' lang='grc' dir='ltr'>Κυρίου</span> <span class='ocrx_word' id='word_1_582' title='bbox 1479 4061 1494 4074; x_wconf 75' lang='grc'>⁸</span> <span class='ocrx_word' id='word_1_583' title='bbox 1522 4045 1614 4097; x_wconf 70' lang='grc' dir='ltr'>καὶ</span> <span class='ocrx_word' id='word_1_584' title='bbox 1638 4061 1774 4116; x_wconf 87' lang='grc' dir='ltr'>κρα-</span> 
     </span>
    </p>
   </div>
   <div class='ocr_carea' id='block_1_73' title="bbox 172 4129 1773 4208">
    <p class='ocr_par' dir='ltr' id='par_1_73' title="bbox 172 4129 1773 4208">
     <span class='ocr_line' id='line_1_73' title="bbox 172 4129 1773 4208; baseline 0.001 -20"><span class='ocrx_word' id='word_1_585' title='bbox 172 4136 245 4205; x_wconf 83' lang='grc' dir='ltr'>τῆ</span> <span class='ocrx_word' id='word_1_586' title='bbox 254 4152 374 4208; x_wconf 89' lang='grc' dir='ltr'>ρας,</span> <span class='ocrx_word' id='word_1_587' title='bbox 386 4134 462 4198; x_wconf 83' lang='grc' dir='ltr'>ὡς</span> <span class='ocrx_word' id='word_1_588' title='bbox 482 4134 561 4187; x_wconf 88' lang='grc' dir='ltr'>τό·</span> <span class='ocrx_word' id='word_1_589' title='bbox 592 4133 879 4202; x_wconf 83' lang='grc' dir='ltr'>Ἐκέρασε</span> <span class='ocrx_word' id='word_1_590' title='bbox 894 4133 1000 4187; x_wconf 80' lang='grc' dir='ltr'><strong>τόν</strong></span> <span class='ocrx_word' id='word_1_591' title='bbox 1018 4134 1239 4202; x_wconf 78' lang='grc' dir='ltr'>ἑαυτῆς</span> <span class='ocrx_word' id='word_1_592' title='bbox 1254 4134 1535 4205; x_wconf 81' lang='grc' dir='ltr'>κρατῆρα·</span> <span class='ocrx_word' id='word_1_593' title='bbox 1556 4138 1684 4208; x_wconf 78' lang='grc' dir='ltr'>περὶ</span> <span class='ocrx_word' id='word_1_594' title='bbox 1697 4129 1773 4190; x_wconf 84' lang='grc' dir='ltr'>ὧν</span> 
     </span>
    </p>
   </div>
   <div class='ocr_carea' id='block_1_74' title="bbox 172 4224 1771 4299">
    <p class='ocr_par' dir='ltr' id='par_1_74' title="bbox 172 4224 1771 4299">
     <span class='ocr_line' id='line_1_74' title="bbox 172 4224 1771 4299; baseline 0.001 -19"><span class='ocrx_word' id='word_1_595' title='bbox 172 4225 330 4280; x_wconf 71' lang='grc' dir='ltr'>ἐστιν</span> <span class='ocrx_word' id='word_1_596' title='bbox 350 4227 526 4278; x_wconf 79' lang='grc' dir='ltr'>εἰπεῖν</span> <span class='ocrx_word' id='word_1_597' title='bbox 542 4228 600 4279; x_wconf 81' lang='grc' dir='ltr'>ὲν</span> <span class='ocrx_word' id='word_1_598' title='bbox 615 4228 681 4297; x_wconf 77' lang='grc' dir='ltr'>τῇ</span> <span class='ocrx_word' id='word_1_599' title='bbox 701 4242 764 4279; x_wconf 89' lang='grc' dir='ltr'><strong>συ</strong></span> <span class='ocrx_word' id='word_1_600' title='bbox 772 4224 1001 4298; x_wconf 82' lang='grc' dir='ltr'>μ6ολικῇ</span> <span class='ocrx_word' id='word_1_601' title='bbox 1024 4225 1289 4299; x_wconf 80' lang='grc' dir='ltr'>θεολογίᾳ.</span> <span class='ocrx_word' id='word_1_602' title='bbox 1308 4228 1423 4281; x_wconf 82' lang='grc' dir='ltr'><strong>Νῦν</strong></span> <span class='ocrx_word' id='word_1_603' title='bbox 1436 4228 1514 4293; x_wconf 83' lang='grc' dir='ltr'>δὲ,</span> <span class='ocrx_word' id='word_1_604' title='bbox 1543 4229 1642 4282; x_wconf 84' lang='grc' dir='ltr'>ὅσα</span> <span class='ocrx_word' id='word_1_605' title='bbox 1663 4229 1771 4282; x_wconf 77' lang='grc' dir='ltr'>εἰσὶ</span> 
     </span>
    </p>
   </div>
   <div class='ocr_carea' id='block_1_75' title="bbox 170 4318 1772 4391">
    <p class='ocr_par' dir='ltr' id='par_1_75' title="bbox 170 4318 1772 4391">
     <span class='ocr_line' id='line_1_75' title="bbox 170 4318 1772 4391; baseline 0.003 -20"><span class='ocrx_word' id='word_1_606' title='bbox 170 4319 281 4391; x_wconf 80' lang='grc' dir='ltr'>τῆς</span> <span class='ocrx_word' id='word_1_607' title='bbox 315 4319 600 4390; x_wconf 83' lang='grc' dir='ltr'>παρούσης</span> <span class='ocrx_word' id='word_1_608' title='bbox 619 4318 1006 4389; x_wconf 83' lang='grc' dir='ltr'>πραγματείας</span> <span class='ocrx_word' id='word_1_609' title='bbox 1038 4318 1459 4389; x_wconf 85' lang='grc' dir='ltr'>συναγαγόντες,</span> <span class='ocrx_word' id='word_1_610' title='bbox 1488 4322 1582 4374; x_wconf 78' lang='grc' dir='ltr'>καὶ</span> <span class='ocrx_word' id='word_1_611' title='bbox 1607 4322 1772 4376; x_wconf 79' lang='grc' dir='ltr'>οἱονεὶ</span> 
     </span>
    </p>
   </div>
   <div class='ocr_carea' id='block_1_76' title="bbox 172 4407 1771 4483">
    <p class='ocr_par' dir='ltr' id='par_1_76' title="bbox 172 4407 1771 4483">
     <span class='ocr_line' id='line_1_76' title="bbox 172 4407 1771 4483; baseline 0.003 -18"><span class='ocrx_word' id='word_1_612' title='bbox 172 4411 384 4465; x_wconf 83' lang='grc' dir='ltr'>κανόνα</span> <span class='ocrx_word' id='word_1_613' title='bbox 397 4410 466 4464; x_wconf 88' lang='grc' dir='ltr'><strong>τά</strong></span> <span class='ocrx_word' id='word_1_614' title='bbox 479 4428 504 4464; x_wconf 89' lang='grc' dir='ltr'><strong>ε</strong></span> <span class='ocrx_word' id='word_1_615' title='bbox 514 4413 602 4482; x_wconf 86' lang='grc' dir='ltr'><strong>ίρη</strong></span> <span class='ocrx_word' id='word_1_616' title='bbox 612 4410 748 4481; x_wconf 86' lang='grc' dir='ltr'>μένα</span> <span class='ocrx_word' id='word_1_617' title='bbox 764 4407 1163 4483; x_wconf 84' lang='grc' dir='ltr'>προθέντες,ὃτι</span> <span class='ocrx_word' id='word_1_618' title='bbox 1179 4411 1243 4463; x_wconf 82' lang='grc' dir='ltr'>ὲκ</span> <span class='ocrx_word' id='word_1_619' title='bbox 1257 4411 1365 4465; x_wconf 91' lang='grc' dir='ltr'><strong>τῶν</strong></span> <span class='ocrx_word' id='word_1_620' title='bbox 1384 4410 1553 4469; x_wconf 77' lang='grc' dir='ltr'>ὄντων</span> <span class='ocrx_word' id='word_1_621' title='bbox 1568 4412 1663 4465; x_wconf 76' lang='grc' dir='ltr'>καὶ</span> <span class='ocrx_word' id='word_1_622' title='bbox 1681 4429 1771 4469; x_wconf 66' lang='grc' dir='ltr'>και</span> 
     </span>
    </p>
   </div>
   <div class='ocr_carea' id='block_1_77' title="bbox 1882 3199 3465 3279">
    <p class='ocr_par' dir='ltr' id='par_1_77' title="bbox 1882 3199 3465 3279">
     <span class='ocr_line' id='line_1_77' title="bbox 1882 3199 3465 3279; baseline 0.003 -18"><span class='ocrx_word' id='word_1_623' title='bbox 1882 3199 2092 3263; x_wconf 78' lang='grc' dir='ltr'>υόιιιίηἱ</span> <span class='ocrx_word' id='word_1_624' title='bbox 2121 3225 2275 3277; x_wconf 83' lang='lat' dir='ltr'><strong>super</strong></span> <span class='ocrx_word' id='word_1_625' title='bbox 2309 3210 2562 3279; x_wconf 79' lang='lat' dir='ltr'><strong>facientes</strong></span> <span class='ocrx_word' id='word_1_626' title='bbox 2590 3212 2732 3266; x_wconf 85' lang='lat' dir='ltr'><strong>mala</strong></span> <span class='ocrx_word' id='word_1_627' title='bbox 2768 3224 2822 3278; x_wconf 72' lang='lat' dir='ltr'><strong>e;</strong></span> <span class='ocrx_word' id='word_1_628' title='bbox 2847 3223 2903 3267; x_wconf 88' lang='lat' dir='ltr'><strong>et</strong></span> <span class='ocrx_word' id='word_1_629' title='bbox 2935 3212 3066 3266; x_wconf 84' lang='lat' dir='ltr'><strong>illud</strong></span> <span class='ocrx_word' id='word_1_630' title='bbox 3094 3229 3109 3267; x_wconf 86' lang='lat'><strong>:</strong></span> <span class='ocrx_word' id='word_1_631' title='bbox 3142 3212 3336 3267; x_wconf 81' lang='lat' dir='ltr'><strong>Manus</strong></span> <span class='ocrx_word' id='word_1_632' title='bbox 3358 3224 3465 3266; x_wconf 62' lang='lat' dir='ltr'><strong>tum</strong></span> 
     </span>
    </p>
   </div>
   <div class='ocr_carea' id='block_1_78' title="bbox 1878 3300 3463 3371">
    <p class='ocr_par' dir='ltr' id='par_1_78' title="bbox 1878 3300 3463 3371">
     <span class='ocr_line' id='line_1_78' title="bbox 1878 3300 3463 3371; baseline 0.001 -19"><span class='ocrx_word' id='word_1_633' title='bbox 1878 3300 2116 3368; x_wconf 78' lang='lat' dir='ltr'><strong>fecerunt</strong></span> <span class='ocrx_word' id='word_1_634' title='bbox 2166 3316 2248 3353; x_wconf 85' lang='lat' dir='ltr'><strong>me</strong></span> <span class='ocrx_word' id='word_1_635' title='bbox 2283 3300 2332 3367; x_wconf 72' lang='lat' dir='ltr'><strong>f;</strong></span> <span class='ocrx_word' id='word_1_636' title='bbox 2360 3311 2414 3356; x_wconf 92' lang='lat' dir='ltr'><strong>et</strong></span> <span class='ocrx_word' id='word_1_637' title='bbox 2460 3301 2591 3356; x_wconf 93' lang='lat' dir='ltr'><strong>illud</strong></span> <span class='ocrx_word' id='word_1_638' title='bbox 2629 3320 2644 3355; x_wconf 88' lang='lat'><strong>:</strong></span> <span class='ocrx_word' id='word_1_639' title='bbox 2691 3300 2936 3371; x_wconf 88' lang='lat' dir='ltr'><strong>Scapulis</strong></span> <span class='ocrx_word' id='word_1_640' title='bbox 2979 3302 3090 3355; x_wconf 84' lang='lat' dir='ltr'><strong>suis</strong></span> <span class='ocrx_word' id='word_1_641' title='bbox 3133 3302 3463 3355; x_wconf 63' lang='lat' dir='ltr'><strong>obumbrat‘it</strong></span> 
     </span>
    </p>
   </div>
   <div class='ocr_carea' id='block_1_79' title="bbox 1877 3392 3459 3463">
    <p class='ocr_par' dir='ltr' id='par_1_79' title="bbox 1877 3392 3459 3463">
     <span class='ocr_line' id='line_1_79' title="bbox 1877 3392 3459 3463; baseline 0.002 -19"><span class='ocrx_word' id='word_1_642' title='bbox 1877 3392 1972 3444; x_wconf 85' lang='lat' dir='ltr'><strong>tibi</strong></span> <span class='ocrx_word' id='word_1_643' title='bbox 2003 3394 2059 3458; x_wconf 70' lang='lat'><strong>8;</strong></span> <span class='ocrx_word' id='word_1_644' title='bbox 2094 3401 2149 3448; x_wconf 88' lang='lat' dir='ltr'><strong>et</strong></span> <span class='ocrx_word' id='word_1_645' title='bbox 2178 3413 2188 3446; x_wconf 92' lang='lat'><strong>:</strong></span> <span class='ocrx_word' id='word_1_646' title='bbox 2215 3392 2325 3447; x_wconf 85' lang='lat' dir='ltr'><strong>Sub</strong></span> <span class='ocrx_word' id='word_1_647' title='bbox 2357 3394 2543 3446; x_wconf 86' lang='lat' dir='ltr'><strong>umbra</strong></span> <span class='ocrx_word' id='word_1_648' title='bbox 2567 3393 2776 3446; x_wconf 83' lang='lat' dir='ltr'><strong>alarum</strong></span> <span class='ocrx_word' id='word_1_649' title='bbox 2800 3406 3013 3447; x_wconf 86' lang='lat' dir='ltr'><strong>tuarum</strong></span> <span class='ocrx_word' id='word_1_650' title='bbox 3054 3402 3263 3463; x_wconf 74' lang='lat' dir='ltr'><strong>protrge</strong></span> <span class='ocrx_word' id='word_1_651' title='bbox 3299 3394 3459 3457; x_wconf 56' lang='lat' dir='ltr'><strong>me“;</strong></span> 
     </span>
    </p>
   </div>
   <div class='ocr_carea' id='block_1_80' title="bbox 1875 3484 3465 3556">
    <p class='ocr_par' dir='ltr' id='par_1_80' title="bbox 1875 3484 3465 3556">
     <span class='ocr_line' id='line_1_80' title="bbox 1875 3484 3465 3556; baseline 0.003 -19"><span class='ocrx_word' id='word_1_652' title='bbox 1875 3492 1931 3537; x_wconf 88' lang='lat' dir='ltr'><strong>et</strong></span> <span class='ocrx_word' id='word_1_653' title='bbox 1966 3484 2135 3539; x_wconf 89' lang='lat' dir='ltr'><strong>illud:</strong></span> <span class='ocrx_word' id='word_1_654' title='bbox 2164 3484 2455 3539; x_wconf 84' lang='lat' dir='ltr'><strong>Bracltium</strong></span> <span class='ocrx_word' id='word_1_655' title='bbox 2488 3496 2637 3539; x_wconf 87' lang='lat' dir='ltr'><strong>tuum</strong></span> <span class='ocrx_word' id='word_1_656' title='bbox 2684 3486 2911 3540; x_wconf 74' lang='lat' dir='ltr'><strong>servavit</strong></span> <span class='ocrx_word' id='word_1_657' title='bbox 2959 3502 3046 3540; x_wconf 88' lang='lat' dir='ltr'><strong>eos</strong></span> <span class='ocrx_word' id='word_1_658' title='bbox 3076 3487 3128 3551; x_wconf 77' lang='lat' dir='ltr'><strong>i;</strong></span> <span class='ocrx_word' id='word_1_659' title='bbox 3180 3497 3235 3540; x_wconf 87' lang='lat' dir='ltr'><strong>et</strong></span> <span class='ocrx_word' id='word_1_660' title='bbox 3279 3494 3465 3556; x_wconf 90' lang='lat' dir='ltr'><strong>poste-</strong></span> 
     </span>
    </p>
   </div>
   <div class='ocr_carea' id='block_1_81' title="bbox 1877 3576 3462 3651">
    <p class='ocr_par' dir='ltr' id='par_1_81' title="bbox 1877 3576 3462 3651">
     <span class='ocr_line' id='line_1_81' title="bbox 1877 3576 3462 3651; baseline 0.001 -20"><span class='ocrx_word' id='word_1_661' title='bbox 1877 3578 2020 3632; x_wconf 88' lang='lat' dir='ltr'><strong>riora</strong></span> <span class='ocrx_word' id='word_1_662' title='bbox 2058 3576 2296 3647; x_wconf 87' lang='lat' dir='ltr'><strong>Domini,</strong></span> <span class='ocrx_word' id='word_1_663' title='bbox 2326 3580 2526 3650; x_wconf 88' lang='lat' dir='ltr'><strong>quibus</strong></span> <span class='ocrx_word' id='word_1_664' title='bbox 2567 3581 2781 3650; x_wconf 86' lang='lat' dir='ltr'><strong>Moyses</strong></span> <span class='ocrx_word' id='word_1_665' title='bbox 2815 3580 3013 3649; x_wconf 87' lang='lat' dir='ltr'><strong>dignns</strong></span> <span class='ocrx_word' id='word_1_666' title='bbox 3042 3578 3209 3651; x_wconf 50' lang='lat'><strong>31‘</strong></span> <span class='ocrx_word' id='word_1_667' title='bbox 3238 3589 3321 3634; x_wconf 90' lang='lat' dir='ltr'><strong>est</strong></span> <span class='ocrx_word' id='word_1_668' title='bbox 3359 3580 3462 3634; x_wconf 83' lang='lat' dir='ltr'><strong>Ita-</strong></span> 
     </span>
    </p>
   </div>
   <div class='ocr_carea' id='block_1_82' title="bbox 1875 3669 3461 3737">
    <p class='ocr_par' dir='ltr' id='par_1_82' title="bbox 1875 3669 3461 3737">
     <span class='ocr_line' id='line_1_82' title="bbox 1875 3669 3461 3737; baseline -0.001 -11"><span class='ocrx_word' id='word_1_669' title='bbox 1875 3670 2018 3726; x_wconf 86' lang='lat' dir='ltr'><strong>bitus</strong></span> <span class='ocrx_word' id='word_1_670' title='bbox 2050 3671 2108 3737; x_wconf 58' lang='lat' dir='ltr'><strong>lK;</strong></span> <span class='ocrx_word' id='word_1_671' title='bbox 2154 3682 2207 3728; x_wconf 90' lang='lat' dir='ltr'><strong>et</strong></span> <span class='ocrx_word' id='word_1_672' title='bbox 2244 3688 2261 3726; x_wconf 88' lang='lat'><strong><em>:</em></strong></span> <span class='ocrx_word' id='word_1_673' title='bbox 2296 3672 2592 3726; x_wconf 80' lang='lat' dir='ltr'><strong>Audierunt</strong></span> <span class='ocrx_word' id='word_1_674' title='bbox 2626 3689 2798 3726; x_wconf 81' lang='lat' dir='ltr'><strong>vocem</strong></span> <span class='ocrx_word' id='word_1_675' title='bbox 2836 3671 3054 3725; x_wconf 85' lang='lat' dir='ltr'><strong>Domini</strong></span> <span class='ocrx_word' id='word_1_676' title='bbox 3107 3669 3461 3725; x_wconf 85' lang='lat' dir='ltr'><strong>deambulan-</strong></span> 
     </span>
    </p>
   </div>
   <div class='ocr_carea' id='block_1_83' title="bbox 1873 3762 3460 3835">
    <p class='ocr_par' dir='ltr' id='par_1_83' title="bbox 1873 3762 3460 3835">
     <span class='ocr_line' id='line_1_83' title="bbox 1873 3762 3460 3835; baseline 0 -21"><span class='ocrx_word' id='word_1_677' title='bbox 1873 3762 1940 3816; x_wconf 88' lang='lat' dir='ltr'><strong>tis</strong></span> <span class='ocrx_word' id='word_1_678' title='bbox 1992 3762 2046 3816; x_wconf 89' lang='lat' dir='ltr'><strong>in</strong></span> <span class='ocrx_word' id='word_1_679' title='bbox 2096 3764 2347 3832; x_wconf 82' lang='lat' dir='ltr'><strong>paradiso</strong></span> <span class='ocrx_word' id='word_1_680' title='bbox 2378 3762 2421 3819; x_wconf 80' lang='lat'><strong>1.</strong></span> <span class='ocrx_word' id='word_1_681' title='bbox 2475 3763 2687 3819; x_wconf 84' lang='lat' dir='ltr'><strong>Rursus</strong></span> <span class='ocrx_word' id='word_1_682' title='bbox 2735 3778 2971 3819; x_wconf 81' lang='lat' dir='ltr'><strong>coronas</strong></span> <span class='ocrx_word' id='word_1_683' title='bbox 3016 3763 3460 3835; x_wconf 86' lang='lat' dir='ltr'><strong>circumponunt,</strong></span> 
     </span>
    </p>
   </div>
   <div class='ocr_carea' id='block_1_84' title="bbox 1867 3852 3461 3927">
    <p class='ocr_par' dir='ltr' id='par_1_84' title="bbox 1867 3852 3461 3927">
     <span class='ocr_line' id='line_1_84' title="bbox 1867 3852 3461 3927; baseline -0.001 -19"><span class='ocrx_word' id='word_1_684' title='bbox 1867 3852 2019 3922; x_wconf 83' lang='lat' dir='ltr'><strong>juxta</strong></span> <span class='ocrx_word' id='word_1_685' title='bbox 2049 3854 2175 3908; x_wconf 89' lang='lat' dir='ltr'><strong>illud</strong></span> <span class='ocrx_word' id='word_1_686' title='bbox 2210 3873 2224 3909; x_wconf 90' lang='lat'><strong>:</strong></span> <span class='ocrx_word' id='word_1_687' title='bbox 2257 3854 2489 3910; x_wconf 84' lang='lat' dir='ltr'><strong>Benedic</strong></span> <span class='ocrx_word' id='word_1_688' title='bbox 2520 3872 2731 3911; x_wconf 66' lang='lat' dir='ltr'><strong>coronae</strong></span> <span class='ocrx_word' id='word_1_689' title='bbox 2762 3856 3103 3927; x_wconf 82' lang='lat' dir='ltr'><strong>benignitatis</strong></span> <span class='ocrx_word' id='word_1_690' title='bbox 3153 3864 3259 3910; x_wconf 77' lang='lat' dir='ltr'><strong>tute</strong></span> <span class='ocrx_word' id='word_1_691' title='bbox 3289 3863 3361 3921; x_wconf 67' lang='grc' dir='ltr'>ης</span> <span class='ocrx_word' id='word_1_692' title='bbox 3406 3867 3461 3908; x_wconf 86' lang='lat' dir='ltr'><strong>ct</strong></span> 
     </span>
    </p>
   </div>
   <div class='ocr_carea' id='block_1_85' title="bbox 1870 3947 3458 4018">
    <p class='ocr_par' dir='ltr' id='par_1_85' title="bbox 1870 3947 3458 4018">
     <span class='ocr_line' id='line_1_85' title="bbox 1870 3947 3458 4018; baseline -0.003 -15"><span class='ocrx_word' id='word_1_693' title='bbox 1870 3949 2049 4013; x_wconf 81' lang='lat' dir='ltr'><strong>sedes,</strong></span> <span class='ocrx_word' id='word_1_694' title='bbox 2077 3947 2231 4017; x_wconf 87' lang='lat' dir='ltr'><strong>juxta</strong></span> <span class='ocrx_word' id='word_1_695' title='bbox 2271 3950 2448 4018; x_wconf 30' lang='lat' dir='ltr'><strong>illudi:</strong></span> <span class='ocrx_word' id='word_1_696' title='bbox 2476 3948 2717 4003; x_wconf 81' lang='lat' dir='ltr'><strong>Thronus</strong></span> <span class='ocrx_word' id='word_1_697' title='bbox 2749 3958 2898 4015; x_wconf 83' lang='lat' dir='ltr'><strong>tuus,</strong></span> <span class='ocrx_word' id='word_1_698' title='bbox 2918 3949 3081 4015; x_wconf 87' lang='lat' dir='ltr'><strong>Deus,</strong></span> <span class='ocrx_word' id='word_1_699' title='bbox 3108 3950 3165 4003; x_wconf 88' lang='lat' dir='ltr'><strong>in</strong></span> <span class='ocrx_word' id='word_1_700' title='bbox 3201 3948 3458 4003; x_wconf 64' lang='lat' dir='ltr'><strong>saeculum</strong></span> 
     </span>
    </p>
   </div>
   <div class='ocr_carea' id='block_1_86' title="bbox 1869 4041 3457 4113">
    <p class='ocr_par' dir='ltr' id='par_1_86' title="bbox 1869 4041 3457 4113">
     <span class='ocr_line' id='line_1_86' title="bbox 1869 4041 3457 4113; baseline -0.001 -20"><span class='ocrx_word' id='word_1_701' title='bbox 1869 4041 2050 4093; x_wconf 66' lang='lat' dir='ltr'><strong>seaculi</strong></span> <span class='ocrx_word' id='word_1_702' title='bbox 2084 4051 2132 4108; x_wconf 82' lang='grc' dir='ltr'><strong>ιι,</strong></span> <span class='ocrx_word' id='word_1_703' title='bbox 2166 4050 2221 4095; x_wconf 89' lang='lat' dir='ltr'><strong>et</strong></span> <span class='ocrx_word' id='word_1_704' title='bbox 2267 4042 2488 4107; x_wconf 86' lang='lat' dir='ltr'><strong>calices,</strong></span> <span class='ocrx_word' id='word_1_705' title='bbox 2516 4043 2672 4113; x_wconf 87' lang='lat' dir='ltr'><strong>juxta</strong></span> <span class='ocrx_word' id='word_1_706' title='bbox 2729 4043 2899 4098; x_wconf 89' lang='lat' dir='ltr'><strong>illud:</strong></span> <span class='ocrx_word' id='word_1_707' title='bbox 2932 4042 3091 4097; x_wconf 79' lang='lat' dir='ltr'><strong>Catia:</strong></span> <span class='ocrx_word' id='word_1_708' title='bbox 3140 4041 3358 4095; x_wconf 87' lang='lat' dir='ltr'><strong>Domini</strong></span> <span class='ocrx_word' id='word_1_709' title='bbox 3403 4046 3457 4092; x_wconf 81' lang='lat' dir='ltr'><strong>in</strong></span> 
     </span>
    </p>
   </div>
   <div class='ocr_carea' id='block_1_87' title="bbox 1870 4131 3457 4206">
    <p class='ocr_par' dir='ltr' id='par_1_87' title="bbox 1870 4131 3457 4206">
     <span class='ocr_line' id='line_1_87' title="bbox 1870 4131 3457 4206; baseline -0.001 -22"><span class='ocrx_word' id='word_1_710' title='bbox 1870 4149 2031 4186; x_wconf 89' lang='lat' dir='ltr'><strong>manu</strong></span> <span class='ocrx_word' id='word_1_711' title='bbox 2058 4132 2173 4203; x_wconf 87' lang='lat' dir='ltr'><strong>ejus</strong></span> <span class='ocrx_word' id='word_1_712' title='bbox 2205 4142 2263 4199; x_wconf 84' lang='lat'><strong>°;</strong></span> <span class='ocrx_word' id='word_1_713' title='bbox 2298 4143 2354 4188; x_wconf 89' lang='lat' dir='ltr'><strong>et</strong></span> <span class='ocrx_word' id='word_1_714' title='bbox 2382 4144 2650 4200; x_wconf 89' lang='lat' dir='ltr'><strong>crateras,</strong></span> <span class='ocrx_word' id='word_1_715' title='bbox 2679 4134 2835 4206; x_wconf 82' lang='lat' dir='ltr'><strong>juxta</strong></span> <span class='ocrx_word' id='word_1_716' title='bbox 2880 4134 3011 4188; x_wconf 91' lang='lat' dir='ltr'><strong>illud</strong></span> <span class='ocrx_word' id='word_1_717' title='bbox 3044 4152 3058 4187; x_wconf 90' lang='lat'><strong>:</strong></span> <span class='ocrx_word' id='word_1_718' title='bbox 3093 4131 3306 4187; x_wconf 73' lang='lat' dir='ltr'><strong>Miscuit</strong></span> <span class='ocrx_word' id='word_1_719' title='bbox 3338 4146 3457 4184; x_wconf 84' lang='lat' dir='ltr'><strong>cra-</strong></span> 
     </span>
    </p>
   </div>
   <div class='ocr_carea' id='block_1_88' title="bbox 1869 4219 3456 4293">
    <p class='ocr_par' dir='ltr' id='par_1_88' title="bbox 1869 4219 3456 4293">
     <span class='ocr_line' id='line_1_88' title="bbox 1869 4219 3456 4293; baseline -0.001 -18"><span class='ocrx_word' id='word_1_720' title='bbox 1869 4233 2030 4278; x_wconf 76' lang='lat' dir='ltr'><strong>terem</strong></span> <span class='ocrx_word' id='word_1_721' title='bbox 2077 4241 2232 4278; x_wconf 88' lang='lat' dir='ltr'><strong>suum</strong></span> <span class='ocrx_word' id='word_1_722' title='bbox 2260 4235 2317 4292; x_wconf 87' lang='lat' dir='ltr'><strong>P;</strong></span> <span class='ocrx_word' id='word_1_723' title='bbox 2367 4226 2435 4280; x_wconf 88' lang='lat' dir='ltr'><strong>de</strong></span> <span class='ocrx_word' id='word_1_724' title='bbox 2467 4225 2667 4293; x_wconf 83' lang='lat' dir='ltr'><strong>quibus</strong></span> <span class='ocrx_word' id='word_1_725' title='bbox 2718 4226 3008 4280; x_wconf 90' lang='lat' dir='ltr'><strong>dicendum</strong></span> <span class='ocrx_word' id='word_1_726' title='bbox 3052 4223 3105 4277; x_wconf 91' lang='lat' dir='ltr'><strong>in</strong></span> <span class='ocrx_word' id='word_1_727' title='bbox 3156 4219 3456 4291; x_wconf 73' lang='lat' dir='ltr'><strong>symbolica</strong></span> 
     </span>
    </p>
   </div>
   <div class='ocr_carea' id='block_1_89' title="bbox 1870 4314 3457 4388">
    <p class='ocr_par' dir='ltr' id='par_1_89' title="bbox 1870 4314 3457 4388">
     <span class='ocr_line' id='line_1_89' title="bbox 1870 4314 3457 4388; baseline -0.002 -19"><span class='ocrx_word' id='word_1_728' title='bbox 1870 4314 2165 4384; x_wconf 86' lang='lat' dir='ltr'><strong>theologia.</strong></span> <span class='ocrx_word' id='word_1_729' title='bbox 2195 4315 2353 4372; x_wconf 87' lang='lat' dir='ltr'><strong>Nunc</strong></span> <span class='ocrx_word' id='word_1_730' title='bbox 2383 4331 2567 4372; x_wconf 88' lang='lat' dir='ltr'><strong>autem</strong></span> <span class='ocrx_word' id='word_1_731' title='bbox 2596 4333 2720 4388; x_wconf 69' lang='lat' dir='ltr'><strong>quae</strong></span> <span class='ocrx_word' id='word_1_732' title='bbox 2746 4316 3031 4388; x_wconf 75' lang='lat' dir='ltr'><strong>praesentis</strong></span> <span class='ocrx_word' id='word_1_733' title='bbox 3063 4314 3295 4369; x_wconf 87' lang='lat' dir='ltr'><strong>instituti</strong></span> <span class='ocrx_word' id='word_1_734' title='bbox 3326 4321 3457 4367; x_wconf 87' lang='lat' dir='ltr'><strong>sunt</strong></span> 
     </span>
    </p>
   </div>
   <div class='ocr_carea' id='block_1_90' title="bbox 1868 4406 3452 4480">
    <p class='ocr_par' dir='ltr' id='par_1_90' title="bbox 1868 4406 3452 4480">
     <span class='ocr_line' id='line_1_90' title="bbox 1868 4406 3452 4480; baseline -0.002 -18"><span class='ocrx_word' id='word_1_735' title='bbox 1868 4406 2203 4478; x_wconf 76' lang='lat' dir='ltr'><strong>colligentes,</strong></span> <span class='ocrx_word' id='word_1_736' title='bbox 2219 4419 2273 4463; x_wconf 90' lang='lat' dir='ltr'><strong>et</strong></span> <span class='ocrx_word' id='word_1_737' title='bbox 2286 4425 2349 4463; x_wconf 84' lang='lat' dir='ltr'><strong>ea</strong></span> <span class='ocrx_word' id='word_1_738' title='bbox 2366 4423 2487 4480; x_wconf 84' lang='lat' dir='ltr'><strong>quae</strong></span> <span class='ocrx_word' id='word_1_739' title='bbox 2506 4410 2651 4465; x_wconf 90' lang='lat' dir='ltr'><strong>dicta</strong></span> <span class='ocrx_word' id='word_1_740' title='bbox 2670 4419 2797 4465; x_wconf 90' lang='lat' dir='ltr'><strong>sunt</strong></span> <span class='ocrx_word' id='word_1_741' title='bbox 2816 4411 2972 4480; x_wconf 84' lang='lat' dir='ltr'><strong>quasi</strong></span> <span class='ocrx_word' id='word_1_742' title='bbox 2991 4408 3173 4476; x_wconf 79' lang='lat' dir='ltr'><strong>regula</strong></span> <span class='ocrx_word' id='word_1_743' title='bbox 3183 4422 3233 4460; x_wconf 88' lang='grc' dir='ltr'><strong>ιιι</strong></span> <span class='ocrx_word' id='word_1_744' title='bbox 3250 4418 3452 4475; x_wconf 89' lang='lat' dir='ltr'><strong>propo-</strong></span> 
     </span>
    </p>
   </div>
   <div class='ocr_carea' id='block_1_91' title="bbox 170 4490 1774 4574">
    <p class='ocr_par' dir='ltr' id='par_1_91' title="bbox 170 4501 1767 4574">
     <span class='ocr_line' id='line_1_91' title="bbox 170 4501 1767 4574; baseline 0 -17"><span class='ocrx_word' id='word_1_745' title='bbox 170 4501 494 4573; x_wconf 88' lang='grc' dir='ltr'>ταφατικῶς</span> <span class='ocrx_word' id='word_1_746' title='bbox 509 4504 606 4557; x_wconf 77' lang='grc' dir='ltr'>καὶ</span> <span class='ocrx_word' id='word_1_747' title='bbox 626 4503 976 4573; x_wconf 82' lang='grc' dir='ltr'>ἀποφατικῶς</span> <span class='ocrx_word' id='word_1_748' title='bbox 992 4504 1054 4557; x_wconf 83' lang='grc' dir='ltr'>τὸ</span> <span class='ocrx_word' id='word_1_749' title='bbox 1067 4504 1222 4556; x_wconf 87' lang='grc' dir='ltr'>Θεῖον</span> <span class='ocrx_word' id='word_1_750' title='bbox 1244 4502 1583 4574; x_wconf 76' lang='grc' dir='ltr'>ὀνομάζεται·</span> <span class='ocrx_word' id='word_1_751' title='bbox 1601 4519 1767 4557; x_wconf 88' lang='grc' dir='ltr'>κατα-</span> 
     </span>
    </p>
   </div>
   <div class='ocr_carea' id='block_1_92' title="bbox 1880 4490 3452 4574">
    <p class='ocr_par' dir='ltr' id='par_1_92' title="bbox 1880 4500 3452 4571">
     <span class='ocr_line' id='line_1_92' title="bbox 1880 4500 3452 4571; baseline -0.002 -18"><span class='ocrx_word' id='word_1_752' title='bbox 1880 4511 2084 4565; x_wconf 82' lang='lat' dir='ltr'><strong>nentes,</strong></span> <span class='ocrx_word' id='word_1_753' title='bbox 2104 4501 2271 4555; x_wconf 90' lang='lat' dir='ltr'><strong>Deum</strong></span> <span class='ocrx_word' id='word_1_754' title='bbox 2289 4516 2354 4556; x_wconf 85' lang='lat' dir='ltr'><strong>ex</strong></span> <span class='ocrx_word' id='word_1_755' title='bbox 2378 4503 2445 4556; x_wconf 91' lang='lat' dir='ltr'><strong>iis</strong></span> <span class='ocrx_word' id='word_1_756' title='bbox 2467 4517 2589 4571; x_wconf 65' lang='lat' dir='ltr'><strong>qua:</strong></span> <span class='ocrx_word' id='word_1_757' title='bbox 2619 4510 2766 4565; x_wconf 91' lang='lat' dir='ltr'><strong>sunt,</strong></span> <span class='ocrx_word' id='word_1_758' title='bbox 2789 4512 2845 4558; x_wconf 92' lang='lat' dir='ltr'><strong>et</strong></span> <span class='ocrx_word' id='word_1_759' title='bbox 2870 4500 3192 4555; x_wconf 87' lang='lat' dir='ltr'><strong>allirmative</strong></span> <span class='ocrx_word' id='word_1_760' title='bbox 3209 4508 3265 4554; x_wconf 90' lang='lat' dir='ltr'><strong>et</strong></span> <span class='ocrx_word' id='word_1_761' title='bbox 3287 4512 3452 4567; x_wconf 80' lang='lat' dir='ltr'><strong>nega-</strong></span> 
     </span>
    </p>
   </div>
   <div class='ocr_carea' id='block_1_93' title="bbox 171 4592 1764 4669">
    <p class='ocr_par' dir='ltr' id='par_1_93' title="bbox 171 4592 1764 4669">
     <span class='ocr_line' id='line_1_93' title="bbox 171 4592 1764 4669; baseline -0.003 -18"><span class='ocrx_word' id='word_1_762' title='bbox 171 4595 425 4669; x_wconf 84' lang='grc' dir='ltr'>φατικῶς</span> <span class='ocrx_word' id='word_1_763' title='bbox 450 4595 551 4667; x_wconf 85' lang='grc' dir='ltr'>μὲν</span> <span class='ocrx_word' id='word_1_764' title='bbox 573 4595 650 4659; x_wconf 85' lang='grc' dir='ltr'>ὠς</span> <span class='ocrx_word' id='word_1_765' title='bbox 671 4594 843 4649; x_wconf 80' lang='grc' dir='ltr'>αἴτιον</span> <span class='ocrx_word' id='word_1_766' title='bbox 866 4597 931 4648; x_wconf 80' lang='grc' dir='ltr'>ὲκ</span> <span class='ocrx_word' id='word_1_767' title='bbox 951 4594 1061 4648; x_wconf 90' lang='grc' dir='ltr'><strong>τῶν</strong></span> <span class='ocrx_word' id='word_1_768' title='bbox 1084 4594 1344 4648; x_wconf 79' lang='grc' dir='ltr'>αίτιατῶν</span> <span class='ocrx_word' id='word_1_769' title='bbox 1367 4632 1383 4659; x_wconf 92' lang='grc'><strong>,</strong></span> <span class='ocrx_word' id='word_1_770' title='bbox 1408 4592 1764 4663; x_wconf 78' lang='grc' dir='ltr'>ἀποφατικῶς</span> 
     </span>
    </p>
   </div>
   <div class='ocr_carea' id='block_1_94' title="bbox 168 4686 1765 4760">
    <p class='ocr_par' dir='ltr' id='par_1_94' title="bbox 168 4686 1765 4760">
     <span class='ocr_line' id='line_1_94' title="bbox 168 4686 1765 4760; baseline -0.004 -13"><span class='ocrx_word' id='word_1_771' title='bbox 168 4691 336 4756; x_wconf 84' lang='grc' dir='ltr'>δὲ,ὠς</span> <span class='ocrx_word' id='word_1_772' title='bbox 357 4689 511 4743; x_wconf 79' lang='grc' dir='ltr'>οὐδὲν</span> <span class='ocrx_word' id='word_1_773' title='bbox 532 4688 735 4743; x_wconf 88' lang='grc' dir='ltr'>τούτων</span> <span class='ocrx_word' id='word_1_774' title='bbox 749 4688 827 4743; x_wconf 83' lang='grc' dir='ltr'><strong>ὅν.</strong></span> <span class='ocrx_word' id='word_1_775' title='bbox 881 4689 970 4743; x_wconf 78' lang='grc' dir='ltr'><strong>ἐπὶ</strong></span> <span class='ocrx_word' id='word_1_776' title='bbox 985 4688 1083 4760; x_wconf 84' lang='grc' dir='ltr'>τὴν</span> <span class='ocrx_word' id='word_1_777' title='bbox 1098 4689 1421 4758; x_wconf 87' lang='grc' dir='ltr'>διασάφησιν</span> <span class='ocrx_word' id='word_1_778' title='bbox 1436 4686 1545 4741; x_wconf 90' lang='grc' dir='ltr'><strong>τῶν</strong></span> <span class='ocrx_word' id='word_1_779' title='bbox 1558 4687 1765 4759; x_wconf 83' lang='grc' dir='ltr'>νοητῶν</span> 
     </span>
    </p>
   </div>
   <div class='ocr_carea' id='block_1_95' title="bbox 171 4780 1762 4854">
    <p class='ocr_par' dir='ltr' id='par_1_95' title="bbox 171 4780 1762 4854">
     <span class='ocr_line' id='line_1_95' title="bbox 171 4780 1762 4854; baseline -0.001 -19"><span class='ocrx_word' id='word_1_780' title='bbox 171 4781 496 4852; x_wconf 87' lang='grc' dir='ltr'>θεωνυμιῶν</span> <span class='ocrx_word' id='word_1_781' title='bbox 525 4782 822 4853; x_wconf 81' lang='grc' dir='ltr'>προΐωμεν.</span> <span class='ocrx_word' id='word_1_782' title='bbox 855 4782 967 4834; x_wconf 74' lang='grc' dir='ltr'><strong>Καὶ</strong></span> <span class='ocrx_word' id='word_1_783' title='bbox 995 4781 1132 4853; x_wconf 77' lang='grc' dir='ltr'>ὅπερ</span> <span class='ocrx_word' id='word_1_784' title='bbox 1159 4782 1289 4852; x_wconf 79' lang='grc' dir='ltr'>ἡμῖν</span> <span class='ocrx_word' id='word_1_785' title='bbox 1325 4780 1419 4834; x_wconf 78' lang='grc' dir='ltr'><strong>ἐπὶ</strong></span> <span class='ocrx_word' id='word_1_786' title='bbox 1454 4780 1605 4854; x_wconf 79' lang='grc' dir='ltr'>πάσῃ</span> <span class='ocrx_word' id='word_1_787' title='bbox 1641 4780 1762 4833; x_wconf 85' lang='grc' dir='ltr'>θεο-</span> 
     </span>
    </p>
   </div>
   <div class='ocr_carea' id='block_1_96' title="bbox 169 4873 1762 4947">
    <p class='ocr_par' dir='ltr' id='par_1_96' title="bbox 169 4873 1762 4947">
     <span class='ocr_line' id='line_1_96' title="bbox 169 4873 1762 4947; baseline 0 -20"><span class='ocrx_word' id='word_1_788' title='bbox 169 4875 382 4947; x_wconf 73' lang='grc' dir='ltr'>λογίᾳό</span> <span class='ocrx_word' id='word_1_789' title='bbox 413 4873 556 4945; x_wconf 79' lang='grc' dir='ltr'>ἱερὸς</span> <span class='ocrx_word' id='word_1_790' title='bbox 582 4874 742 4945; x_wconf 84' lang='grc' dir='ltr'>νόμος</span> <span class='ocrx_word' id='word_1_791' title='bbox 786 4874 1095 4945; x_wconf 80' lang='grc' dir='ltr'>ὑφηγεῖται,</span> <span class='ocrx_word' id='word_1_792' title='bbox 1125 4875 1290 4939; x_wconf 86' lang='grc' dir='ltr'>ὁσίως</span> <span class='ocrx_word' id='word_1_793' title='bbox 1329 4873 1568 4944; x_wconf 80' lang='grc' dir='ltr'>βλέπειν,</span> <span class='ocrx_word' id='word_1_794' title='bbox 1599 4873 1762 4939; x_wconf 81' lang='grc' dir='ltr'>ὁσίως</span> 
     </span>
    </p>
   </div>
   <div class='ocr_carea' id='block_1_97' title="bbox 169 4963 1762 5037">
    <p class='ocr_par' dir='ltr' id='par_1_97' title="bbox 169 4963 1762 5037">
     <span class='ocr_line' id='line_1_97' title="bbox 169 4963 1762 5037; baseline -0.001 -19"><span class='ocrx_word' id='word_1_795' title='bbox 169 4963 375 5033; x_wconf 82' lang='grc' dir='ltr'>λέγειν,</span> <span class='ocrx_word' id='word_1_796' title='bbox 404 4965 497 5017; x_wconf 76' lang='grc' dir='ltr'><strong>καὶ</strong></span> <span class='ocrx_word' id='word_1_797' title='bbox 516 4965 679 5027; x_wconf 82' lang='grc' dir='ltr'>ὁσίως</span> <span class='ocrx_word' id='word_1_798' title='bbox 703 4963 921 5017; x_wconf 87' lang='grc' dir='ltr'>ἀκούειν</span> <span class='ocrx_word' id='word_1_799' title='bbox 944 4965 1013 5018; x_wconf 86' lang='grc' dir='ltr'>τὰ</span> <span class='ocrx_word' id='word_1_800' title='bbox 1046 4966 1166 5028; x_wconf 78' lang='grc' dir='ltr'>ἱερά</span> <span class='ocrx_word' id='word_1_801' title='bbox 1184 4982 1197 4995; x_wconf 79' lang='grc'><em>’</em></span> <span class='ocrx_word' id='word_1_802' title='bbox 1224 4966 1396 5029; x_wconf 80' lang='grc' dir='ltr'>οὓτως</span> <span class='ocrx_word' id='word_1_803' title='bbox 1420 4966 1478 5017; x_wconf 78' lang='grc' dir='ltr'>ἐν</span> <span class='ocrx_word' id='word_1_804' title='bbox 1503 4964 1762 5037; x_wconf 74' lang='grc' dir='ltr'>θεοπτικῇ</span> 
     </span>
    </p>
   </div>
   <div class='ocr_carea' id='block_1_98' title="bbox 168 5038 1767 5125">
    <p class='ocr_par' dir='ltr' id='par_1_98' title="bbox 168 5038 1767 5125">
     <span class='ocr_line' id='line_1_98' title="bbox 168 5038 1767 5125; baseline 0 -17"><span class='ocrx_word' id='word_1_805' title='bbox 168 5038 389 5124; x_wconf 59' lang='grc' dir='ltr'>διανοία</span> <span class='ocrx_word' id='word_1_806' title='bbox 408 5052 514 5116; x_wconf 78' lang='grc' dir='ltr'><strong>τάςι</strong></span> <span class='ocrx_word' id='word_1_807' title='bbox 536 5052 785 5118; x_wconf 84' lang='grc' dir='ltr'>θεοειδεῖς</span> <span class='ocrx_word' id='word_1_808' title='bbox 808 5053 1235 5125; x_wconf 78' lang='grc' dir='ltr'>ἐποπτεύσωμεν</span> <span class='ocrx_word' id='word_1_809' title='bbox 1259 5053 1510 5125; x_wconf 66' lang='grc' dir='ltr'>θεωρίας</span> <span class='ocrx_word' id='word_1_810' title='bbox 1538 5055 1633 5109; x_wconf 78' lang='grc' dir='ltr'>καὶ</span> <span class='ocrx_word' id='word_1_811' title='bbox 1653 5049 1767 5109; x_wconf 83' lang='grc' dir='ltr'>ὦτα</span> 
     </span>
    </p>
   </div>
   <div class='ocr_carea' id='block_1_99' title="bbox 172 5144 1764 5220">
    <p class='ocr_par' dir='ltr' id='par_1_99' title="bbox 172 5144 1764 5220">
     <span class='ocr_line' id='line_1_99' title="bbox 172 5144 1764 5220; baseline 0.003 -23"><span class='ocrx_word' id='word_1_812' title='bbox 172 5144 301 5215; x_wconf 80' lang='grc' dir='ltr'><strong>ἱερά</strong></span> <span class='ocrx_word' id='word_1_813' title='bbox 323 5148 444 5209; x_wconf 87' lang='grc' dir='ltr'>ταῖς</span> <span class='ocrx_word' id='word_1_814' title='bbox 462 5146 795 5212; x_wconf 82' lang='grc' dir='ltr'>ἀναπτύξεσι</span> <span class='ocrx_word' id='word_1_815' title='bbox 810 5146 920 5200; x_wconf 91' lang='grc' dir='ltr'><strong>τῶν</strong></span> <span class='ocrx_word' id='word_1_816' title='bbox 939 5146 1099 5201; x_wconf 87' lang='grc' dir='ltr'>θείων</span> <span class='ocrx_word' id='word_1_817' title='bbox 1121 5148 1403 5219; x_wconf 87' lang='grc' dir='ltr'>ὀνομάτων</span> <span class='ocrx_word' id='word_1_818' title='bbox 1426 5148 1764 5220; x_wconf 87' lang='grc' dir='ltr'>παραθώμε-</span> 
     </span>
    </p>
   </div>
   <div class='ocr_carea' id='block_1_100' title="bbox 166 5238 1771 5311">
    <p class='ocr_par' dir='ltr' id='par_1_100' title="bbox 166 5238 1771 5311">
     <span class='ocr_line' id='line_1_100' title="bbox 166 5238 1771 5311; baseline 0.004 -20"><span class='ocrx_word' id='word_1_819' title='bbox 166 5238 263 5303; x_wconf 77' lang='grc' dir='ltr'><strong>θα,</strong></span> <span class='ocrx_word' id='word_1_820' title='bbox 282 5238 620 5309; x_wconf 81' lang='grc' dir='ltr'>ὲνιδρύοντες</span> <span class='ocrx_word' id='word_1_821' title='bbox 640 5241 711 5294; x_wconf 86' lang='grc' dir='ltr'><strong>τά</strong></span> <span class='ocrx_word' id='word_1_822' title='bbox 731 5242 862 5309; x_wconf 83' lang='grc' dir='ltr'>ἀγια</span> <span class='ocrx_word' id='word_1_823' title='bbox 878 5241 1032 5311; x_wconf 85' lang='grc' dir='ltr'>λογία</span> <span class='ocrx_word' id='word_1_824' title='bbox 1051 5243 1162 5305; x_wconf 87' lang='grc' dir='ltr'>τοῖς</span> <span class='ocrx_word' id='word_1_825' title='bbox 1182 5240 1358 5310; x_wconf 86' lang='grc' dir='ltr'>ἀγίοις</span> <span class='ocrx_word' id='word_1_826' title='bbox 1378 5242 1499 5308; x_wconf 80' lang='grc' dir='ltr'>ὠσὶ,</span> <span class='ocrx_word' id='word_1_827' title='bbox 1518 5243 1613 5297; x_wconf 83' lang='grc' dir='ltr'>καὶ</span> <span class='ocrx_word' id='word_1_828' title='bbox 1631 5244 1771 5311; x_wconf 77' lang='grc' dir='ltr'>ἐξαι-</span> 
     </span>
    </p>
   </div>
   <div class='ocr_carea' id='block_1_101' title="bbox 170 5330 1760 5407">
    <p class='ocr_par' dir='ltr' id='par_1_101' title="bbox 170 5330 1760 5407">
     <span class='ocr_line' id='line_1_101' title="bbox 170 5330 1760 5407; baseline 0.005 -25"><span class='ocrx_word' id='word_1_829' title='bbox 170 5330 431 5401; x_wconf 76' lang='grc' dir='ltr'>ρούμενοι</span> <span class='ocrx_word' id='word_1_830' title='bbox 457 5331 567 5385; x_wconf 88' lang='grc' dir='ltr'><strong>τῶν</strong></span> <span class='ocrx_word' id='word_1_831' title='bbox 601 5333 831 5405; x_wconf 84' lang='grc' dir='ltr'>ἀνιέρων</span> <span class='ocrx_word' id='word_1_832' title='bbox 856 5333 1107 5403; x_wconf 86' lang='grc' dir='ltr'>γελώτων</span> <span class='ocrx_word' id='word_1_833' title='bbox 1143 5336 1238 5389; x_wconf 76' lang='grc' dir='ltr'><strong>καὶ</strong></span> <span class='ocrx_word' id='word_1_834' title='bbox 1288 5335 1638 5407; x_wconf 79' lang='grc' dir='ltr'>ἐμπαιγμῶν,</span> <span class='ocrx_word' id='word_1_835' title='bbox 1665 5337 1760 5404; x_wconf 85' lang='grc' dir='ltr'>οὓς</span> 
     </span>
    </p>
   </div>
   <div class='ocr_carea' id='block_1_102' title="bbox 163 5421 1759 5496">
    <p class='ocr_par' dir='ltr' id='par_1_102' title="bbox 163 5421 1759 5496">
     <span class='ocr_line' id='line_1_102' title="bbox 163 5421 1759 5496; baseline 0.006 -23"><span class='ocrx_word' id='word_1_836' title='bbox 163 5421 379 5490; x_wconf 70' lang='grc' dir='ltr'>ἐγέλων</span> <span class='ocrx_word' id='word_1_837' title='bbox 400 5423 451 5475; x_wconf 90' lang='grc' dir='ltr'><strong>οί</strong></span> <span class='ocrx_word' id='word_1_838' title='bbox 478 5422 738 5494; x_wconf 86' lang='grc' dir='ltr'>Ἕλληνες</span> <span class='ocrx_word' id='word_1_839' title='bbox 754 5426 949 5494; x_wconf 88' lang='grc' dir='ltr'>παχεῖς</span> <span class='ocrx_word' id='word_1_840' title='bbox 970 5425 1064 5479; x_wconf 77' lang='grc' dir='ltr'>καὶ</span> <span class='ocrx_word' id='word_1_841' title='bbox 1081 5426 1326 5496; x_wconf 87' lang='grc' dir='ltr'>σάρκινοι</span> <span class='ocrx_word' id='word_1_842' title='bbox 1338 5425 1511 5492; x_wconf 78' lang='grc' dir='ltr'>ὄντες,</span> <span class='ocrx_word' id='word_1_843' title='bbox 1530 5427 1759 5482; x_wconf 85' lang='grc' dir='ltr'>ἀκούον-</span> 
     </span>
    </p>
   </div>
   <div class='ocr_carea' id='block_1_103' title="bbox 162 5512 1758 5592">
    <p class='ocr_par' dir='ltr' id='par_1_103' title="bbox 162 5512 1758 5592">
     <span class='ocr_line' id='line_1_103' title="bbox 162 5512 1758 5592; baseline 0.006 -26"><span class='ocrx_word' id='word_1_844' title='bbox 162 5528 300 5579; x_wconf 76' lang='grc' dir='ltr'>τεςο</span> <span class='ocrx_word' id='word_1_845' title='bbox 347 5512 548 5584; x_wconf 80' lang='grc' dir='ltr'>μᾶλλον</span> <span class='ocrx_word' id='word_1_846' title='bbox 605 5514 698 5581; x_wconf 85' lang='grc' dir='ltr'>δὲ,</span> <span class='ocrx_word' id='word_1_847' title='bbox 734 5515 858 5569; x_wconf 74' lang='grc' dir='ltr'>ἐπεὶ</span> <span class='ocrx_word' id='word_1_848' title='bbox 907 5514 1177 5587; x_wconf 87' lang='grc' dir='ltr'>θεομαχία</span> <span class='ocrx_word' id='word_1_849' title='bbox 1235 5517 1483 5589; x_wconf 86' lang='grc' dir='ltr'>κρίνεται</span> <span class='ocrx_word' id='word_1_850' title='bbox 1520 5520 1758 5592; x_wconf 81' lang='grc' dir='ltr'>τὸμετά</span> 
     </span>
    </p>
   </div>
   <div class='ocr_carea' id='block_1_104' title="bbox 242 5653 687 5723">
    <p class='ocr_par' dir='ltr' id='par_1_104' title="bbox 242 5653 687 5723">
     <span class='ocr_line' id='line_1_104' title="bbox 242 5653 687 5723; baseline 0.002 -16"><span class='ocrx_word' id='word_1_851' title='bbox 242 5666 271 5696; x_wconf 74' lang='grc' dir='ltr'>ι</span> <span class='ocrx_word' id='word_1_852' title='bbox 300 5653 463 5711; x_wconf 79' lang='lat' dir='ltr'><strong>Rom.</strong></span> <span class='ocrx_word' id='word_1_853' title='bbox 494 5670 570 5723; x_wconf 85' lang='lat' dir='ltr'><strong>tv,</strong></span> <span class='ocrx_word' id='word_1_854' title='bbox 602 5656 687 5711; x_wconf 85' lang='lat' dir='ltr'><strong>I7.</strong></span> 
     </span>
    </p>
   </div>
   <div class='ocr_carea' id='block_1_105' title="bbox 172 5795 1248 5865">
    <p class='ocr_par' dir='ltr' id='par_1_105' title="bbox 172 5795 1248 5865">
     <span class='ocr_line' id='line_1_105' title="bbox 172 5795 1248 5865; baseline 0 -14"><span class='ocrx_word' id='word_1_855' title='bbox 172 5813 212 5856; x_wconf 88' lang='lat' dir='ltr'><strong>t.</strong></span> <span class='ocrx_word' id='word_1_856' title='bbox 240 5799 292 5854; x_wconf 82' lang='lat'><strong>8.</strong></span> <span class='ocrx_word' id='word_1_857' title='bbox 377 5796 567 5854; x_wconf 71' lang='lat' dir='ltr'><strong>0I’sal.</strong></span> <span class='ocrx_word' id='word_1_858' title='bbox 594 5814 781 5865; x_wconf 72' lang='lat' dir='ltr'><strong>Lutv,</strong></span> <span class='ocrx_word' id='word_1_859' title='bbox 810 5802 862 5858; x_wconf 88' lang='lat'><strong>8.</strong></span> <span class='ocrx_word' id='word_1_860' title='bbox 938 5807 966 5849; x_wconf 72' lang='grc' dir='ltr'><strong>Ρ</strong></span> <span class='ocrx_word' id='word_1_861' title='bbox 989 5795 1149 5851; x_wconf 80' lang='lat' dir='ltr'><strong>Prov.</strong></span> <span class='ocrx_word' id='word_1_862' title='bbox 1178 5811 1248 5851; x_wconf 75' lang='lat' dir='ltr'><strong>ts.</strong></span> 
     </span>
    </p>
   </div>
   <div class='ocr_carea' id='block_1_106' title="bbox 789 5649 2058 5723">
    <p class='ocr_par' dir='ltr' id='par_1_106' title="bbox 789 5649 2058 5723">
     <span class='ocr_line' id='line_1_106' title="bbox 789 5649 2058 5723; baseline 0.004 -16"><span class='ocrx_word' id='word_1_863' title='bbox 789 5658 819 5698; x_wconf 76' lang='grc' dir='ltr'><strong>ιι</strong></span> <span class='ocrx_word' id='word_1_864' title='bbox 854 5653 997 5713; x_wconf 86' lang='lat' dir='ltr'><strong>Psal.</strong></span> <span class='ocrx_word' id='word_1_865' title='bbox 1030 5667 1085 5717; x_wconf 84' lang='lat' dir='ltr'><strong>x,</strong></span> <span class='ocrx_word' id='word_1_866' title='bbox 1114 5651 1168 5705; x_wconf 86' lang='lat'><strong>5.</strong></span> <span class='ocrx_word' id='word_1_867' title='bbox 1248 5661 1270 5690; x_wconf 76' lang='grc' dir='ltr'><strong>ο</strong></span> <span class='ocrx_word' id='word_1_868' title='bbox 1295 5649 1411 5707; x_wconf 81' lang='lat' dir='ltr'><strong>Jac.</strong></span> <span class='ocrx_word' id='word_1_869' title='bbox 1444 5668 1497 5719; x_wconf 90' lang='lat' dir='ltr'><strong>v,</strong></span> <span class='ocrx_word' id='word_1_870' title='bbox 1531 5655 1583 5707; x_wconf 76' lang='grc'><strong>4.</strong></span> <span class='ocrx_word' id='word_1_871' title='bbox 1660 5654 1687 5694; x_wconf 75' lang='grc' dir='ltr'><strong>ά</strong></span> <span class='ocrx_word' id='word_1_872' title='bbox 1720 5655 1855 5710; x_wconf 87' lang='lat' dir='ltr'><strong>Dan.</strong></span> <span class='ocrx_word' id='word_1_873' title='bbox 1888 5675 1981 5723; x_wconf 86' lang='lat' dir='ltr'><strong>vn,</strong></span> <span class='ocrx_word' id='word_1_874' title='bbox 2005 5661 2058 5714; x_wconf 88' lang='lat'><strong>9.</strong></span> 
     </span>
    </p>
   </div>
   <div class='ocr_carea' id='block_1_107' title="bbox 167 5722 1774 5800">
    <p class='ocr_par' dir='ltr' id='par_1_107' title="bbox 167 5722 1774 5800">
     <span class='ocr_line' id='line_1_107' title="bbox 167 5722 1774 5800; baseline -0.002 -21"><span class='ocrx_word' id='word_1_875' title='bbox 167 5744 259 5781; x_wconf 70' lang='lat' dir='ltr'><strong>xc.</strong></span> <span class='ocrx_word' id='word_1_876' title='bbox 284 5730 339 5779; x_wconf 70' lang='grc'><strong>4.</strong></span> <span class='ocrx_word' id='word_1_877' title='bbox 419 5722 619 5800; x_wconf 52' lang='lat' dir='ltr'><strong>{Ps-al.</strong></span> <span class='ocrx_word' id='word_1_878' title='bbox 656 5742 767 5789; x_wconf 78' lang='lat' dir='ltr'><strong>xvi,</strong></span> <span class='ocrx_word' id='word_1_879' title='bbox 801 5730 856 5785; x_wconf 91' lang='lat'><strong>9.</strong></span> <span class='ocrx_word' id='word_1_880' title='bbox 934 5727 952 5767; x_wconf 79' lang='grc' dir='ltr'><strong>ί</strong></span> <span class='ocrx_word' id='word_1_881' title='bbox 992 5723 1137 5800; x_wconf 56' lang='lat' dir='ltr'><strong>Psal.</strong></span> <span class='ocrx_word' id='word_1_882' title='bbox 1168 5739 1431 5777; x_wconf 73' lang='lat' dir='ltr'><strong>Lxxxvxtt.</strong></span> <span class='ocrx_word' id='word_1_883' title='bbox 1512 5727 1536 5766; x_wconf 73' lang='grc' dir='ltr'><strong>ιι</strong></span> <span class='ocrx_word' id='word_1_884' title='bbox 1568 5727 1774 5785; x_wconf 52' lang='lat' dir='ltr'><strong>lixam:</strong></span> 
     </span>
    </p>
   </div>
   <div class='ocr_carea' id='block_1_108' title="bbox 1880 5722 3121 5800">
    <p class='ocr_par' dir='ltr' id='par_1_108' title="bbox 1882 5722 3121 5800">
     <span class='ocr_line' id='line_1_108' title="bbox 1882 5722 3121 5800; baseline -0.003 -15"><span class='ocrx_word' id='word_1_885' title='bbox 1882 5722 1973 5795; x_wconf 83' lang='grc' dir='ltr'>ιιι,</span> <span class='ocrx_word' id='word_1_886' title='bbox 1992 5731 2080 5787; x_wconf 71' lang='grc'><strong>23.</strong></span> <span class='ocrx_word' id='word_1_887' title='bbox 2168 5730 2182 5771; x_wconf 80' lang='grc' dir='ltr'><strong>ι</strong></span> <span class='ocrx_word' id='word_1_888' title='bbox 2212 5730 2347 5787; x_wconf 72' lang='lat' dir='ltr'><strong>Gen.</strong></span> <span class='ocrx_word' id='word_1_889' title='bbox 2379 5750 2459 5800; x_wconf 88' lang='grc' dir='ltr'>ιιι,</span> <span class='ocrx_word' id='word_1_890' title='bbox 2488 5734 2539 5788; x_wconf 87' lang='grc'><strong>8.</strong></span> <span class='ocrx_word' id='word_1_891' title='bbox 2573 5722 2580 5726; x_wconf 52' lang='grc'>⁷</span> <span class='ocrx_word' id='word_1_892' title='bbox 2614 5745 2653 5773; x_wconf 76' lang='grc' dir='ltr'><strong>ιιι</strong></span> <span class='ocrx_word' id='word_1_893' title='bbox 2678 5735 2819 5789; x_wconf 76' lang='lat' dir='ltr'><strong>t&#39;sal.</strong></span> <span class='ocrx_word' id='word_1_894' title='bbox 2852 5747 3000 5798; x_wconf 75' lang='lat' dir='ltr'><strong>Lxlv,</strong></span> <span class='ocrx_word' id='word_1_895' title='bbox 3037 5729 3121 5784; x_wconf 65' lang='lat' dir='ltr'><strong>t2.</strong></span> 
     </span>
    </p>
   </div>
   <div class='ocr_carea' id='block_1_109' title="bbox 1870 4592 3450 4667">
    <p class='ocr_par' dir='ltr' id='par_1_109' title="bbox 1870 4592 3450 4667">
     <span class='ocr_line' id='line_1_109' title="bbox 1870 4592 3450 4667; baseline -0.001 -22"><span class='ocrx_word' id='word_1_896' title='bbox 1870 4592 1977 4647; x_wconf 89' lang='lat' dir='ltr'><strong>tive</strong></span> <span class='ocrx_word' id='word_1_897' title='bbox 1999 4594 2365 4663; x_wconf 79' lang='lat' dir='ltr'><strong>nominamus.</strong></span> <span class='ocrx_word' id='word_1_898' title='bbox 2390 4593 2723 4652; x_wconf 84' lang='lat' dir='ltr'><strong>Alllrmative</strong></span> <span class='ocrx_word' id='word_1_899' title='bbox 2744 4597 2961 4667; x_wconf 83' lang='lat' dir='ltr'><strong>quidem</strong></span> <span class='ocrx_word' id='word_1_900' title='bbox 2980 4634 2996 4660; x_wconf 93' lang='lat'><strong>,</strong></span> <span class='ocrx_word' id='word_1_901' title='bbox 3027 4603 3282 4662; x_wconf 89' lang='lat' dir='ltr'><strong>tanquam</strong></span> <span class='ocrx_word' id='word_1_902' title='bbox 3316 4606 3450 4646; x_wconf 86' lang='lat' dir='ltr'><strong>cau-</strong></span> 
     </span>
    </p>
   </div>
   <div class='ocr_carea' id='block_1_110' title="bbox 1866 4684 3453 4757">
    <p class='ocr_par' dir='ltr' id='par_1_110' title="bbox 1866 4684 3453 4757">
     <span class='ocr_line' id='line_1_110' title="bbox 1866 4684 3453 4757; baseline -0.001 -19"><span class='ocrx_word' id='word_1_903' title='bbox 1866 4698 1982 4738; x_wconf 86' lang='lat' dir='ltr'><strong>sam</strong></span> <span class='ocrx_word' id='word_1_904' title='bbox 2012 4700 2079 4738; x_wconf 89' lang='lat' dir='ltr'><strong>ex</strong></span> <span class='ocrx_word' id='word_1_905' title='bbox 2095 4684 2306 4741; x_wconf 82' lang='lat' dir='ltr'><strong>ell&#39;ectis</strong></span> <span class='ocrx_word' id='word_1_906' title='bbox 2325 4702 2340 4751; x_wconf 92' lang='lat'><strong>;</strong></span> <span class='ocrx_word' id='word_1_907' title='bbox 2362 4688 2610 4756; x_wconf 86' lang='lat' dir='ltr'><strong>negative</strong></span> <span class='ocrx_word' id='word_1_908' title='bbox 2636 4704 2789 4754; x_wconf 90' lang='lat' dir='ltr'><strong>vero,</strong></span> <span class='ocrx_word' id='word_1_909' title='bbox 2809 4698 2868 4742; x_wconf 91' lang='grc' dir='ltr'><strong>ιιι</strong></span> <span class='ocrx_word' id='word_1_910' title='bbox 2894 4687 2985 4757; x_wconf 90' lang='lat' dir='ltr'><strong>qui</strong></span> <span class='ocrx_word' id='word_1_911' title='bbox 3012 4687 3146 4741; x_wconf 91' lang='lat' dir='ltr'><strong>nihil</strong></span> <span class='ocrx_word' id='word_1_912' title='bbox 3171 4687 3453 4742; x_wconf 88' lang='lat' dir='ltr'><strong>siteorum</strong></span> 
     </span>
    </p>
   </div>
   <div class='ocr_carea' id='block_1_111' title="bbox 1865 4778 3447 4851">
    <p class='ocr_par' dir='ltr' id='par_1_111' title="bbox 1865 4778 3447 4851">
     <span class='ocr_line' id='line_1_111' title="bbox 1865 4778 3447 4851; baseline 0.001 -21"><span class='ocrx_word' id='word_1_913' title='bbox 1865 4792 1987 4847; x_wconf 71' lang='lat' dir='ltr'><strong>qua:</strong></span> <span class='ocrx_word' id='word_1_914' title='bbox 2000 4787 2146 4832; x_wconf 88' lang='lat' dir='ltr'><strong>sunt.</strong></span> <span class='ocrx_word' id='word_1_915' title='bbox 2160 4778 2242 4833; x_wconf 85' lang='lat' dir='ltr'><strong>Ad</strong></span> <span class='ocrx_word' id='word_1_916' title='bbox 2266 4779 2689 4837; x_wconf 84' lang='lat' dir='ltr'><strong>declarationem</strong></span> <span class='ocrx_word' id='word_1_917' title='bbox 2707 4780 3034 4851; x_wconf 87' lang='lat' dir='ltr'><strong>spiritalium</strong></span> <span class='ocrx_word' id='word_1_918' title='bbox 3054 4779 3147 4835; x_wconf 82' lang='lat' dir='ltr'><strong>Dei</strong></span> <span class='ocrx_word' id='word_1_919' title='bbox 3165 4779 3447 4833; x_wconf 91' lang='lat' dir='ltr'><strong>nominum</strong></span> 
     </span>
    </p>
   </div>
   <div class='ocr_carea' id='block_1_112' title="bbox 1867 4872 3447 4944">
    <p class='ocr_par' dir='ltr' id='par_1_112' title="bbox 1867 4872 3447 4944">
     <span class='ocr_line' id='line_1_112' title="bbox 1867 4872 3447 4944; baseline 0 -21"><span class='ocrx_word' id='word_1_920' title='bbox 1867 4872 2169 4926; x_wconf 78' lang='lat' dir='ltr'><strong>veniamus.</strong></span> <span class='ocrx_word' id='word_1_921' title='bbox 2202 4872 2268 4926; x_wconf 83' lang='lat' dir='ltr'><strong>Et</strong></span> <span class='ocrx_word' id='word_1_922' title='bbox 2296 4889 2418 4928; x_wconf 90' lang='lat' dir='ltr'><strong>cum</strong></span> <span class='ocrx_word' id='word_1_923' title='bbox 2444 4874 2498 4927; x_wconf 90' lang='lat' dir='ltr'><strong>in</strong></span> <span class='ocrx_word' id='word_1_924' title='bbox 2523 4875 2670 4929; x_wconf 90' lang='lat' dir='ltr'><strong>omni</strong></span> <span class='ocrx_word' id='word_1_925' title='bbox 2692 4873 2959 4944; x_wconf 78' lang='lat' dir='ltr'><strong>theologia</strong></span> <span class='ocrx_word' id='word_1_926' title='bbox 2988 4873 3145 4927; x_wconf 90' lang='lat' dir='ltr'><strong>nobis</strong></span> <span class='ocrx_word' id='word_1_927' title='bbox 3180 4872 3266 4927; x_wconf 85' lang='lat' dir='ltr'><strong>lex</strong></span> <span class='ocrx_word' id='word_1_928' title='bbox 3292 4886 3447 4925; x_wconf 87' lang='lat' dir='ltr'><strong>sacra</strong></span> 
     </span>
    </p>
   </div>
   <div class='ocr_carea' id='block_1_113' title="bbox 1869 4963 3451 5035">
    <p class='ocr_par' dir='ltr' id='par_1_113' title="bbox 1869 4963 3451 5035">
     <span class='ocr_line' id='line_1_113' title="bbox 1869 4963 3451 5035; baseline -0.001 -18"><span class='ocrx_word' id='word_1_929' title='bbox 1869 4963 2166 5033; x_wconf 69' lang='lat' dir='ltr'><strong>praecipiat,</strong></span> <span class='ocrx_word' id='word_1_930' title='bbox 2203 4977 2389 5019; x_wconf 87' lang='lat' dir='ltr'><strong>sancte</strong></span> <span class='ocrx_word' id='word_1_931' title='bbox 2412 4966 2661 5031; x_wconf 84' lang='lat' dir='ltr'><strong>videnda,</strong></span> <span class='ocrx_word' id='word_1_932' title='bbox 2683 4976 2873 5022; x_wconf 88' lang='lat' dir='ltr'><strong>sancte</strong></span> <span class='ocrx_word' id='word_1_933' title='bbox 2890 4964 3242 5035; x_wconf 76' lang='lat' dir='ltr'><strong>proferenda,</strong></span> <span class='ocrx_word' id='word_1_934' title='bbox 3258 4974 3451 5019; x_wconf 82' lang='lat' dir='ltr'><strong>sancte</strong></span> 
     </span>
    </p>
   </div>
   <div class='ocr_carea' id='block_1_114' title="bbox 1869 5055 3446 5125">
    <p class='ocr_par' dir='ltr' id='par_1_114' title="bbox 1869 5055 3446 5125">
     <span class='ocr_line' id='line_1_114' title="bbox 1869 5055 3446 5125; baseline 0 -18"><span class='ocrx_word' id='word_1_935' title='bbox 1869 5055 2135 5110; x_wconf 85' lang='lat' dir='ltr'><strong>audienda</strong></span> <span class='ocrx_word' id='word_1_936' title='bbox 2166 5069 2289 5112; x_wconf 88' lang='lat' dir='ltr'><strong>esse</strong></span> <span class='ocrx_word' id='word_1_937' title='bbox 2314 5072 2499 5125; x_wconf 79' lang='lat' dir='ltr'><strong>sacra;</strong></span> <span class='ocrx_word' id='word_1_938' title='bbox 2529 5060 2611 5114; x_wconf 90' lang='lat' dir='ltr'><strong>sic</strong></span> <span class='ocrx_word' id='word_1_939' title='bbox 2633 5058 2929 5115; x_wconf 79' lang='lat' dir='ltr'><strong>deiformes</strong></span> <span class='ocrx_word' id='word_1_940' title='bbox 2956 5056 3446 5125; x_wconf 86' lang='lat' dir='ltr'><strong>contemplationes</strong></span> 
     </span>
    </p>
   </div>
   <div class='ocr_carea' id='block_1_115' title="bbox 1871 5146 3447 5217">
    <p class='ocr_par' dir='ltr' id='par_1_115' title="bbox 1871 5146 3447 5217">
     <span class='ocr_line' id='line_1_115' title="bbox 1871 5146 3447 5217; baseline -0.001 -18"><span class='ocrx_word' id='word_1_941' title='bbox 1871 5146 2055 5203; x_wconf 81' lang='lat' dir='ltr'><strong>divina</strong></span> <span class='ocrx_word' id='word_1_942' title='bbox 2085 5159 2264 5206; x_wconf 90' lang='lat' dir='ltr'><strong>mente</strong></span> <span class='ocrx_word' id='word_1_943' title='bbox 2293 5152 2624 5217; x_wconf 90' lang='lat' dir='ltr'><strong>intueamur,</strong></span> <span class='ocrx_word' id='word_1_944' title='bbox 2653 5161 2710 5207; x_wconf 91' lang='lat' dir='ltr'><strong>et</strong></span> <span class='ocrx_word' id='word_1_945' title='bbox 2739 5166 2929 5206; x_wconf 88' lang='lat' dir='ltr'><strong>sacras</strong></span> <span class='ocrx_word' id='word_1_946' title='bbox 2955 5163 3117 5205; x_wconf 87' lang='lat' dir='ltr'><strong>aures</strong></span> <span class='ocrx_word' id='word_1_947' title='bbox 3162 5148 3337 5204; x_wconf 85' lang='lat' dir='ltr'><strong>sacris</strong></span> <span class='ocrx_word' id='word_1_948' title='bbox 3360 5146 3447 5199; x_wconf 68' lang='lat' dir='ltr'><strong>di»</strong></span> 
     </span>
    </p>
   </div>
   <div class='ocr_carea' id='block_1_116' title="bbox 1866 5240 3445 5315">
    <p class='ocr_par' dir='ltr' id='par_1_116' title="bbox 1866 5240 3445 5315">
     <span class='ocr_line' id='line_1_116' title="bbox 1866 5240 3445 5315; baseline -0.002 -23"><span class='ocrx_word' id='word_1_949' title='bbox 1866 5240 2117 5295; x_wconf 87' lang='lat' dir='ltr'><strong>vinorum</strong></span> <span class='ocrx_word' id='word_1_950' title='bbox 2149 5243 2430 5297; x_wconf 88' lang='lat' dir='ltr'><strong>nominum</strong></span> <span class='ocrx_word' id='word_1_951' title='bbox 2482 5244 3027 5315; x_wconf 86' lang='lat' dir='ltr'><strong>interpretationibus</strong></span> <span class='ocrx_word' id='word_1_952' title='bbox 3059 5240 3445 5299; x_wconf 83' lang='lat' dir='ltr'><strong>adhibeamus,</strong></span> 
     </span>
    </p>
   </div>
   <div class='ocr_carea' id='block_1_117' title="bbox 1868 5333 3444 5402">
    <p class='ocr_par' dir='ltr' id='par_1_117' title="bbox 1868 5333 3444 5402">
     <span class='ocr_line' id='line_1_117' title="bbox 1868 5333 3444 5402; baseline -0.002 -13"><span class='ocrx_word' id='word_1_953' title='bbox 1868 5333 2083 5402; x_wconf 77' lang='lat' dir='ltr'><strong>eloquia</strong></span> <span class='ocrx_word' id='word_1_954' title='bbox 2111 5345 2301 5391; x_wconf 89' lang='lat' dir='ltr'><strong>sancta</strong></span> <span class='ocrx_word' id='word_1_955' title='bbox 2336 5338 2544 5392; x_wconf 86' lang='lat' dir='ltr'><strong>sanctis</strong></span> <span class='ocrx_word' id='word_1_956' title='bbox 2573 5339 2799 5394; x_wconf 85' lang='lat' dir='ltr'><strong>auribus</strong></span> <span class='ocrx_word' id='word_1_957' title='bbox 2825 5336 3154 5391; x_wconf 87' lang='lat' dir='ltr'><strong>instillantes</strong></span> <span class='ocrx_word' id='word_1_958' title='bbox 3178 5342 3235 5386; x_wconf 93' lang='lat' dir='ltr'><strong>et</strong></span> <span class='ocrx_word' id='word_1_959' title='bbox 3255 5348 3284 5384; x_wconf 85' lang='lat' dir='ltr'><strong>a</strong></span> <span class='ocrx_word' id='word_1_960' title='bbox 3316 5346 3444 5399; x_wconf 90' lang='lat' dir='ltr'><strong>pru-</strong></span> 
     </span>
    </p>
   </div>
   <div class='ocr_carea' id='block_1_118' title="bbox 1869 5425 3444 5487">
    <p class='ocr_par' dir='ltr' id='par_1_118' title="bbox 1869 5425 3444 5487">
     <span class='ocr_line' id='line_1_118' title="bbox 1869 5425 3444 5487; baseline 0.005 -10"><span class='ocrx_word' id='word_1_961' title='bbox 1869 5426 2012 5481; x_wconf 78' lang='lat' dir='ltr'><strong>fanis</strong></span> <span class='ocrx_word' id='word_1_962' title='bbox 2059 5426 2405 5484; x_wconf 88' lang='lat' dir='ltr'><strong>irrisionibus</strong></span> <span class='ocrx_word' id='word_1_963' title='bbox 2441 5440 2499 5487; x_wconf 90' lang='lat' dir='ltr'><strong>et</strong></span> <span class='ocrx_word' id='word_1_964' title='bbox 2539 5430 2881 5487; x_wconf 90' lang='lat' dir='ltr'><strong>illusionibus</strong></span> <span class='ocrx_word' id='word_1_965' title='bbox 2926 5425 3293 5484; x_wconf 84' lang='lat' dir='ltr'><strong>vindicantes,</strong></span> <span class='ocrx_word' id='word_1_966' title='bbox 3322 5436 3444 5485; x_wconf 72' lang='lat' dir='ltr'><strong>eos.</strong></span> 
     </span>
    </p>
   </div>
   <div class='ocr_carea' id='block_1_119' title="bbox 1866 5512 3443 5589">
    <p class='ocr_par' dir='ltr' id='par_1_119' title="bbox 1866 5512 3443 5589">
     <span class='ocr_line' id='line_1_119' title="bbox 1866 5512 3443 5589; baseline -0.007 -14"><span class='ocrx_word' id='word_1_967' title='bbox 1866 5533 2004 5588; x_wconf 86' lang='lat' dir='ltr'><strong>quos</strong></span> <span class='ocrx_word' id='word_1_968' title='bbox 2034 5520 2265 5589; x_wconf 85' lang='lat' dir='ltr'><strong>gentiles</strong></span> <span class='ocrx_word' id='word_1_969' title='bbox 2300 5520 2377 5576; x_wconf 90' lang='lat' dir='ltr'><strong>illi</strong></span> <span class='ocrx_word' id='word_1_970' title='bbox 2405 5523 2579 5579; x_wconf 85' lang='lat' dir='ltr'><strong>crassi</strong></span> <span class='ocrx_word' id='word_1_971' title='bbox 2609 5532 2665 5578; x_wconf 92' lang='lat' dir='ltr'><strong>et</strong></span> <span class='ocrx_word' id='word_1_972' title='bbox 2702 5520 2971 5585; x_wconf 81' lang='lat' dir='ltr'><strong>carnales,</strong></span> <span class='ocrx_word' id='word_1_973' title='bbox 3004 5518 3131 5573; x_wconf 91' lang='lat' dir='ltr'><strong>dum</strong></span> <span class='ocrx_word' id='word_1_974' title='bbox 3160 5512 3443 5576; x_wconf 88' lang='lat' dir='ltr'><strong>audirent,</strong></span> 
     </span>
    </p>
   </div>
   <div class='ocr_carea' id='block_1_120' title="bbox 2821 5653 3441 5717">
    <p class='ocr_par' dir='ltr' id='par_1_120' title="bbox 2821 5653 3441 5717">
     <span class='ocr_line' id='line_1_120' title="bbox 2821 5653 3441 5717; baseline -0.011 -4"><span class='ocrx_word' id='word_1_975' title='bbox 2821 5658 2969 5714; x_wconf 73' lang='lat' dir='ltr'><strong>fJob</strong></span> <span class='ocrx_word' id='word_1_976' title='bbox 3000 5675 3055 5717; x_wconf 70' lang='grc' dir='ltr'><strong>κ,</strong></span> <span class='ocrx_word' id='word_1_977' title='bbox 3079 5657 3132 5711; x_wconf 88' lang='grc'><strong>8.</strong></span> <span class='ocrx_word' id='word_1_978' title='bbox 3238 5657 3262 5693; x_wconf 72' lang='grc' dir='ltr'>ε</span> <span class='ocrx_word' id='word_1_979' title='bbox 3290 5653 3441 5709; x_wconf 79' lang='lat' dir='ltr'><strong>Psal.</strong></span> 
     </span>
    </p>
   </div>
   <div class='ocr_carea' id='block_1_121' title="bbox 2159 5658 3435 5781">
    <p class='ocr_par' dir='ltr' id='par_1_121' title="bbox 2159 5658 3435 5781">
     <span class='ocr_line' id='line_1_121' title="bbox 2159 5658 3435 5726; baseline -0.005 -13"><span class='ocrx_word' id='word_1_980' title='bbox 2159 5671 2182 5699; x_wconf 75' lang='grc' dir='ltr'><strong>ε</strong></span> <span class='ocrx_word' id='word_1_981' title='bbox 2209 5658 2351 5715; x_wconf 88' lang='lat' dir='ltr'><strong>Psal.</strong></span> <span class='ocrx_word' id='word_1_982' title='bbox 2383 5676 2584 5726; x_wconf 59' lang='grc' dir='ltr'>χχχιιι,</span> <span class='ocrx_word' id='word_1_983' title='bbox 2627 5662 2714 5717; x_wconf 88' lang='lat' dir='ltr'><strong>I7.</strong></span> <span class='ocrx_word' id='word_1_984' title='bbox 2821 5658 2969 5714; x_wconf 75' lang='lat' dir='ltr'><strong>f.lob</strong></span> <span class='ocrx_word' id='word_1_985' title='bbox 3000 5675 3055 5717; x_wconf 72' lang='grc' dir='ltr'>χ,</span> <span class='ocrx_word' id='word_1_986' title='bbox 3079 5658 3132 5711; x_wconf 90' lang='lat'><strong>8.</strong></span> <span class='ocrx_word' id='word_1_987' title='bbox 3238 5658 3262 5693; x_wconf 73' lang='grc' dir='ltr'><strong>ε</strong></span> <span class='ocrx_word' id='word_1_988' title='bbox 3290 5658 3435 5709; x_wconf 80' lang='lat' dir='ltr'><strong>l’sal.</strong></span> 
     </span>
     <span class='ocr_line' id='line_1_122' title="bbox 2168 5729 3435 5781; baseline -0.003 0"><span class='ocrx_word' id='word_1_989' title='bbox 2168 5730 2182 5771; x_wconf 80' lang='grc' dir='ltr'><strong>ι</strong></span> <span class='ocrx_word' id='word_1_990' title='bbox 2212 5730 2347 5781; x_wconf 65' lang='lat' dir='ltr'><strong>Gen.</strong></span> <span class='ocrx_word' id='word_1_991' title='bbox 2380 5750 2457 5781; x_wconf 86' lang='grc' dir='ltr'>ιιι-</span> <span class='ocrx_word' id='word_1_992' title='bbox 2488 5734 2539 5781; x_wconf 84' lang='grc'><strong>8.</strong></span> <span class='ocrx_word' id='word_1_993' title='bbox 2614 5745 2653 5773; x_wconf 80' lang='lat' dir='ltr'><strong>In</strong></span> <span class='ocrx_word' id='word_1_994' title='bbox 2679 5735 2819 5781; x_wconf 80' lang='lat' dir='ltr'><strong>I&#39;snl.</strong></span> <span class='ocrx_word' id='word_1_995' title='bbox 2853 5747 2999 5781; x_wconf 77' lang='lat' dir='ltr'><strong>thv.</strong></span> <span class='ocrx_word' id='word_1_996' title='bbox 3037 5729 3121 5781; x_wconf 64' lang='lat' dir='ltr'><strong>I2.</strong></span> <span class='ocrx_word' id='word_1_997' title='bbox 3202 5735 3225 5763; x_wconf 84' lang='lat'>&quot;</span> <span class='ocrx_word' id='word_1_998' title='bbox 3263 5729 3435 5781; x_wconf 71' lang='lat' dir='ltr'><strong>IIcttt&#39;.</strong></span> 
     </span>
    </p>
   </div>
  </div>
