3876 6226
174 329 285 385 637

1276 326 1368 383 DE
1398 326 1648 383 DIVINIS
1670 327 2069 396 NOMlNlBUS,
2094 329 2248 388 CAP.
2286 329 2350 385 ll.

3341 333 3446 389 6'58

173 445 337 499 τοῦτο
355 442 627 516 εἰρῆσθαι,
646 443 955 516 βλασφημεῖ
969 446 1035 511 ⁸³,
1058 447 1152 500 καὶ
1176 447 1493 519 ἀποσχίζειν
1512 448 1769 520 ἀθέσμως

1876 451 1995 519 quis
2021 450 2086 505 de
2121 461 2227 505 tota
2262 448 2556 505 Divinitate
2606 450 2752 506 dicat
2798 452 2899 507 hoc
2950 450 3154 506 dictum
3183 465 3323 516 esse,
3367 466 3451 505 nae

174 537 354 607 τολμᾷ
380 536 478 607 τὴν
508 536 941 607 ὑπερηνωμένην
968 538 1151 592 ὲνάδα.
1193 540 1415 610 Ῥητέον
1435 535 1548 605 οὖν,
1573 539 1649 603 ὡς
1672 541 1766 594 ἐπὶ

176 629 362 699 πάσης
391 627 436 658 ⁸⁸
462 627 715 699 θεότητος
743 629 875 681 αὑτὸ
907 618 1205 701 ἐκληπτέον
1224 647 1238 661 ο
1268 632 1362 684 καὶ
1398 630 1507 702 γὰρ
1536 631 1697 695 αὑτός
1721 632 1766 663 ss

173 738 234 773 τε
275 721 305 772 ὁ
330 720 651 791 ὰγαθοφυὴς
686 720 790 791 ἔφη
834 722 1006 790 Λόγος
1024 738 1038 750 °
1081 720 1229 786 Ἐγὼ
1251 724 1471 792 ἀγαθός
1491 725 1609 792 εἰμι
1634 740 1647 754 ⁸
1675 724 1767 778 καί

172 824 259 873 τις
288 810 399 862 τῶν
433 809 746 881 θεολήπτων
797 812 1089 883 προφητῶν
1138 814 1296 884 ὑμνεῖ
1336 815 1399 868 τὸ
1439 814 1666 886 Πνεῦμα
1706 815 1768 868 τὺ

174 901 401 969 ἀγαθόν.
432 902 543 955 Kal
578 898 733 966 αὖθις
766 903 827 956 τό
847 921 859 934 ⁸
902 904 1048 974 Ἐγώ
1080 908 1198 975 εὶμι
1223 910 1257 959 ό
1294 908 1401 972 ὧν,
1445 910 1494 961 εί
1540 908 1613 979 μὴ
1644 908 1765 962 καθ’

173 993 305 1064 ὅλης
329 993 564 1064 φήσουσι
584 995 686 1064 τῆς
709 995 958 1068 θεότητος
984 998 1265 1067 ὑμνεῖσθαι
1293 1000 1357 1063 ⁵⁸,
1376 999 1497 1053 καθ’
1522 1001 1579 1055 ἓν
1592 1002 1647 1056 δὲ
1676 1002 1770 1071 μέ-

177 1103 271 1157 ρος
308 1089 445 1141 αὑτὸ
479 1089 816 1161 περιγράψαι
861 1091 1139 1162 βιάσαιντο
1190 1094 1256 1157 ⁵⁷,
1298 1094 1422 1159 πῶς
1448 1094 1769 1150 ἀκούσονται

171 1181 305 1235 τοῦ·
339 1181 545 1236 Τάὄε⁶³
590 1183 753 1254 λέγει
785 1187 818 1237 ό
853 1182 960 1247 ὢν,
996 1184 1064 1251 ὃς
1086 1185 1167 1254 ἦν
1183 1186 1249 1250 ⁸⁸,
1283 1188 1317 1240 ό
1353 1186 1695 1256 ἐρχόμενος,
1736 1190 1770 1241 ὁ

174 1274 603 1345 παντοκράτωρ
623 1294 635 1307 ·
662 1278 773 1331 καίο
799 1279 883 1331 Σὺ
914 1278 983 1332 δὲ
1003 1282 1035 1332 ὁ
1057 1280 1240 1345 αὐτὸς
1262 1280 1334 1334 εἷ’
1359 1282 1453 1334 καὶ
1477 1283 1555 1335 τό⁸
1573 1284 1770 1336 Πνεῦ-

170 1384 259 1437 μα
291 1366 409 1434 τῆς
438 1368 725 1435 ἀληθείας
753 1367 820 1421 τὸ
845 1367 941 1432 ὃν,
962 1367 993 1421 ὃ
1021 1368 1180 1435 παρὰ
1200 1367 1308 1422 τοῦ
1338 1369 1570 1438 Πατρός
1602 1371 1773 1425 ἐκπο-

165 1458 439 1527 petierat;
459 1460 569 1513 Kal
588 1460 637 1511 εί
664 1459 737 1531 μὴ
763 1460 890 1531 ὅλην
917 1455 1057 1513 εἷναί
1084 1478 1214 1530 φασι
1248 1461 1345 1533 τὴν
1382 1460 1678 1534 θεαρχικὴν
1726 1464 1770 1496 ⁷⁸

172 1550 348 1621 ζωὴν,
378 1550 495 1614 πῶς
520 1550 725 1622 ἀληθὴς
748 1553 775 1604 ὁ
795 1552 973 1622 φήσας
1002 1552 1143 1624 ἱερὸς
1167 1551 1341 1621 λόγος·
1366 1553 1593 1623 Ὥσπερ
1608 1557 1641 1608 d
1655 1557 1773 1608 Ha-

173 1644 291 1711 τὴρ
318 1642 535 1713 ἐγείρει
576 1644 717 1710 τοὺς
740 1644 1011 1713 νεκροὺς,
1054 1645 1152 1699 καὶ
1174 1645 1467 1710 ζωοποιεῖ,
1486 1647 1640 1701 οὕτω
1671 1649 1770 1702 καὶ

1869 544 2030 597 audet
2060 543 2145 596 ille
2172 552 2374 597 temere
2407 542 2696 608 unitatem,
2722 558 2842 612 qua:
2882 558 3211 611 supraquant
3259 558 3362 595 una
3394 551 3450 594 et

1870 634 2096 703 simplex
2125 644 2230 699 est,
2258 634 2563 689 distrahere
2591 644 2645 688 et
2675 636 3002 702 vituperare.
3037 634 3333 688 Dicendum
3365 645 3450 686 est

1871 726 2058 797 igitur,
2092 727 2159 781 de
2186 736 2295 782 tota
2326 726 2540 781 Deitale
2567 726 2669 781 hoc
2707 727 2880 795 accipi
2919 739 3173 795 oportere
3201 744 3214 780 :
3247 726 3447 780 etenim

1868 828 1925 873 et
1968 818 2201 873 Verbum
2256 819 2455 888 ipsum,
2504 819 2646 888 quod
2694 828 2887 872 natura
2935 818 3141 871 bonum
3181 832 3290 881 est,
3324 817 3448 872 ait.

1870 911 1984 982 Ego
2015 912 2180 966 bonus
2224 929 2339 966 sum
2374 921 2420 976 τ,
2453 921 2511 965 et
2542 913 2760 980 quidam
2812 913 3073 980 propheta
3114 912 3297 965 divino
3340 908 3451 962 Nu-

1871 1006 2018 1059 mine
2055 1002 2263 1058 alllatus
2294 1004 2460 1076 316
2504 1004 2686 1057 laudat
2731 1005 2991 1072 Spiritum
3040 1002 3237 1057 bonum
3290 1010 3336 1055 ³.
3378 1002 3447 1056 Et

1872 1112 2087 1151 rursum
2114 1097 2239 1151 illud
2271 1114 2285 1151 :
2314 1097 2425 1167 Ego
2465 1098 2697 1165 suntqui
2730 1112 2844 1149 sum
2880 1099 2920 1159 ⁸,
2955 1095 3057 1149 nisi
3086 1096 3152 1150 de
3184 1104 3292 1148 tota
3320 1110 3450 1149 con—-

1871 1189 2063 1244 cedant
2101 1189 2387 1243 divinitate
2503 1190 2952 1258 pronuntiatum,
3004 1187 3097 1242 sed
3153 1189 3448 1242 secundum

1873 1296 2037 1333 unam
2086 1280 2355 1335 duntaxat
2406 1293 2614 1349 partem
2660 1282 2989 1349 descriptum
3037 1280 3447 1345 contenderint,

1873 1372 2145 1441 quomodo
2174 1372 2303 1425 illud
2349 1373 2697 1443 intelligent:
2729 1371 2854 1426 "ac
2901 1370 3031 1425 dicit
3063 1373 3151 1443 qui
3200 1382 3313 1435 est,
3357 1374 3445 1441 qui

1871 1478 2005 1531 erat,
2054 1466 2144 1535 qui
2190 1475 2435 1519 cariturus
2474 1475 2573 1528 est,
2605 1466 2933 1529 omnipotens
2959 1477 3016 1532 υς
3062 1476 3117 1519 et
3162 1464 3289 1518 illud
3320 1483 3333 1517 :
3371 1464 3451 1517 Tu

1872 1567 2048 1610 autem
2081 1557 2219 1610 idem
2253 1558 2362 1623 ipse
2406 1573 2462 1610 es
2490 1565 2547 1619 v;
2593 1564 2649 1610 et
2710 1556 2883 1610 illud:
2940 1556 3171 1626 Spiritus
3216 1558 3450 1610 veritatis

1872 1648 1961 1716 qui
1974 1658 2071 1712 est,
2084 1650 2174 1717 qui
2192 1666 2223 1700 a
2243 1646 2403 1701 Patre
2426 1648 2657 1715 procedit
2682 1647 2750 1700 x?
2779 1647 2847 1701 Et
2871 1648 2974 1701 nisi
3003 1648 3341 1701 divinitatem
3366 1657 3448 1698 tn-

173 1738 209 1788 ὀ
241 1735 381 1800 Υἱὸς
400 1735 508 1801 οὓς
527 1735 688 1790 θέλει
707 1736 985 1797 ζωοποιεῖ·
1006 1738 1121 1791 καίο
1146 1740 1275 1792 Ὀτι
1289 1738 1355 1792 τὸ
1377 1739 1622 1810 Πνεῦμά
1639 1741 1771 1797 ἐστι

1880 1747 1985 1790 tam
2017 1737 2203 1791 dicant
2233 1752 2357 1791 esse
2388 1738 2862 1807 vitam,quomodo
2893 1753 3081 1791 verum
3110 1746 3193 1791 est
3234 1752 3449 1791 sacrum

168 1826 242 1878 τὸ
274 1824 601 1901 ζωοποιοῦν
621 1843 641 1891 ;
668 1828 788 1881 Ὀτι
811 1828 867 1881 δὲ
890 1830 984 1882 xal
1004 1828 1103 1899 τὴν
1126 1829 1348 1899 κυρείαν
1370 1828 1483 1900 ἔχει
1505 1830 1614 1883 τῶν
1639 1829 1774 1883 ὅλων

1887 1830 2114 1883 verbum
2144 1830 2287 1899 quod
2317 1829 2394 1882 ait
2423 1843 2437 1881 :
2473 1828 2625 1883 Sicut
2654 1828 2819 1883 Pater
2861 1831 3082 1882 suscitat
3122 1841 3377 1890 mortuos,
3400 1837 3449 1881 et

168 1921 205 1989 ὴ
242 1919 342 1989 ὅλη
374 1918 585 1990 θεότης,
615 1922 743 1991 περὶ
776 1920 874 1989 μὲν
902 1922 1001 1991 τῆς
1034 1921 1282 1990 θεογόνου
1311 1920 1583 1993 θεότητος,
1615 1922 1774 1994 ἢτῆς

170 2015 365 2086 υίικῆς
388 2012 511 2067 οὑδὲ
538 2016 713 2069 εἰπεῖν
737 2014 904 2080 ἐστιν,
932 2015 1007 2078 ὡς
1030 2011 1199 2086 οἶμαι,
1229 2014 1441 2085 ποσαχῆ
1458 2016 1500 2046 τί
1524 2014 1621 2084 τῆς
1654 2013 1773 2067 θεο-

170 2104 370 2173 λογίας
400 2106 493 2159 ὲπὶ
518 2105 732 2177 Πατρὸς
756 2106 850 2159 καὶ
874 2105 1004 2158 Υἱοῦ
1034 2104 1428 2176 διαθρυλλεῖται
1448 2106 1509 2157 τὸ
1538 2103 1769 2175 Κύριος·

169 2196 315 2250 ἀλλὰ
338 2198 434 2250 καὶ
470 2197 677 2269 Κύριος
706 2198 764 2251 τὸ
787 2197 1013 2268 Πνεῦμά
1036 2198 1169 2251 ἐστι.
1197 2196 1308 2250 Kal
1335 2196 1395 2250 τὸ
1416 2195 1578 2249 καλὸν
1601 2195 1657 2248 δὲ
1681 2197 1773 2250 καὶ

169 2289 237 2342 τὸ
275 2289 441 2359 σοφὸν
467 2290 560 2342 ἐπὶ
586 2290 686 2362 τῆς
708 2289 835 2359 ὅλης
860 2288 1110 2359 θεότητος
1141 2288 1410 2360 ὑμνεῖται,
1435 2289 1608 2342 καὶτὸ
1632 2286 1768 2354 φῶς,

171 2384 273 2437 καὶ
307 2383 373 2435 τὸ
396 2383 773 2447 θεοττεοιδν,κα1¹
786 2382 845 2435 τὸ
860 2381 1050 2446 αἴτιον,
1070 2382 1165 2434 καὶ
1192 2380 1368 2435 πάντα
1393 2380 1494 2434 ὅσα
1517 2380 1616 2451 τῆς
1646 2379 1773 2450 ὅλης

172 2470 441 2545 θεαρχίας
471 2473 637 2536 ἐστὶν,
662 2473 740 2535 είς
764 2473 941 2525 πᾶσαν
968 2471 1158 2539 ἀνάγει
1182 2469 1251 2524 τὰ
1288 2470 1444 2539 λόγια
1486 2469 1583 2541 τὴν
1609 2470 1771 2541 θεαρ-

171 2562 340 2635 χικὴν
367 2563 662 2633 ὑμνῳδίαν·
681 2561 1087 2633 περιληπτικῶς
1123 2562 1241 2632 μὲν,
1264 2562 1339 2625 ὡς
1366 2562 1493 2614 ὅταν
1509 2561 1664 2635 λέγῃ·
1693 2561 1771 2615 Τὰ

174 2658 462 2713 πάνταὲκ
473 2660 580 2714 τοῦ
596 2659 763 2713 Θεοῦ’
780 2659 1089 2726 διεξοδικῶς
1103 2659 1181 2725 δὲ,
1202 2660 1277 2724 ὼς
1292 2660 1417 2714 ὅταν
1440 2660 1573 2731 φαίη
1589 2662 1653 2694 ⁷¹’
1688 2661 1765 2714 Τὰ

174 2751 382 2805 πάντα
421 2751 496 2806 δι’
536 2753 725 2807 αὐτοῦ
754 2753 960 2819 καὶεὶς
997 2754 1187 2807 αὑτὸν
1220 2754 1508 2817 ἔκτισται,
1540 2754 1656 2808 καί·
1696 2754 1773 2809 Τὰ

173 2843 382 2899 πάντα
422 2844 492 2897 ἐν
517 2842 679 2909 αὑτῷ
719 2843 1094 2913 συνέστηκε·
1136 2844 1260 2897 καίο
1311 2844 1772 2913 Ἐξαποστελεῖς

172 2939 249 2993 τὸ
276 2938 516 3009 πνεῦμά
540 2954 679 3003 σου,
711 2940 809 2992 καὶ
843 2937 1294 3006 κτισθήσοντιιι.
1329 2939 1439 2992 Kal
1461 2940 1549 2992 ἵνα
1577 2939 1772 3011 συλλή-

175 3032 317 3105 ϐδην
355 3032 486 3104 φαίη
524 3050 629 3097 τις,
671 3033 884 3096 αὑτὸςὸ
922 3032 1211 3103 θεαρχικὸς
1242 3032 1344 3102 ἔφη
1383 3030 1583 3101 Λόγος*
1623 3031 1771 3101 Ἐγὼ

1876 1921 2120 1988 uiviﬁcat,
2151 1923 2226 1974 sic
2252 1931 2300 1975 et
2331 1919 2504 1973 Filius
2531 1937 2662 1989 quos
2698 1922 2807 1973 vult
2839 1922 3063 1989 viviﬁcot
3086 1929 3146 1976 ῖς
3179 1930 3232 1975 et
3277 1920 3405 1974 illud
3436 1943 3447 1975 :

1876 2011 2106 2081 Spiritus
2149 2023 2224 2066 est
2253 2014 2343 2082 qui
2372 2013 2599 2080 viviﬁcat
2627 2012 2693 2064 εἳ
2731 2012 2995 2079 Quoniam
3035 2027 3249 2083 quoque
3279 2012 3453 2066 domi-

1876 2114 2071 2160 natunr
2093 2106 2256 2161 totius
2288 2106 2470 2159 mundi
2516 2114 2624 2159 tota
2666 2106 2929 2159 Divinitas
2960 2106 3197 2171 obtinet,
3227 2107 3295 2161 de
3342 2105 3453 2159 Deo

1874 2198 2091 2267 quidem
2115 2199 2207 2267 qui
2240 2197 2410 2253 Deum
2443 2198 2653 2268 genuit,
2681 2199 2764 2252 vel
2790 2201 2858 2255 de
2900 2199 3196 2255 DCO‘FiIiO
3244 2215 3311 2253 ne
3342 2199 3450 2253 dici

1873 2288 2088 2356 quidem
2137 2290 2331 2359 possit,
2377 2299 2437 2344 ut
2485 2293 2699 2359 opinor,
2730 2301 2864 2360 quot
2909 2290 3203 2360 Scripturte
3250 2290 3454 2344 sanctas

1874 2382 2007 2436 locis
2060 2382 2111 2435 in
2158 2382 2323 2437 Patre
2370 2392 2424 2435 et
2478 2381 2616 2437 Filio
2667 2398 2861 2437 nomen
2911 2383 3162 2438 Dominus
3215 2383 3457 2437 celebre-

1877 2481 1994 2538 tur;
2030 2473 2180 2542 atqui
2214 2472 2448 2542 Spiritus
2474 2489 2692 2545 quoque
2732 2476 2991 2530 Dominus
3022 2485 3125 2532 est.
3160 2474 3453 2529 Pulchrum

1872 2565 2038 2619 etiam
2077 2575 2131 2619 et
2165 2566 2380 2635 sapiens
2405 2567 2470 2622 de
2501 2576 2613 2621 tota
2660 2568 2948 2623 divinitate
2994 2570 3342 2637 praedicatur,
3377 2569 3454 2621 uti

1872 2666 1929 2713 et
1957 2657 2072 2723 lux,
2101 2668 2156 2712 et
2187 2659 2240 2712 id
2288 2660 2433 2728 quod
2480 2660 2645 2713 Deum
2696 2659 2882 2723 clm-it,
2910 2669 2965 2715 et
3012 2676 3201 2725 causa,
3230 2671 3285 2715 et
3309 2675 3458 2729 quaa-

1874 2765 2088 2821 cunque
2135 2751 2352 2805 tandem
2400 2762 2526 2805 sunt
2569 2751 2734 2808 latins
2780 2754 3104 2815 d'.vinitatis,
3139 2755 3204 2806 ad
3238 2766 3455 2807 omnem

1875 2843 2116 2899 divinam
2169 2845 2386 2899 laudem
2436 2860 2607 2901 sacra;
2655 2846 2847 2900 littera:
2897 2847 3268 2913 transferunt;
3303 2862 3457 2902 sum-

1873 2936 2059 2988 ntatim
2092 2935 2332 3003 quidem,
2366 2952 2489 2990 Ciltll
2527 2936 2753 2991 dicunt:
2784 2936 2975 2989 Omnia
3021 2951 3087 2989 ea:
3138 2936 3243 2989 Deo
3280 2949 3328 3003 ιι,
3373 2935 3459 2989 fu-

1875 3027 1989 3081 sius
2021 3042 2175 3091 vero,
2205 3037 2261 3082 ut
2292 3044 2414 3083 cum
2447 3028 2666 3097 quidam
2718 3029 2794 3082 ait
2820 3045 2833 3081 :
2868 3027 3061 3081 Omnia
3086 3044 3179 3097 per
3206 3029 3379 3096 ipsum
3407 3036 3457 3081 et

175 3127 280 3181 καὶ
305 3129 341 3180 ό
360 3127 568 3193 Πατὴρ
592 3126 661 3180 ἓν
687 3126 893 3195 ἐσμεν,
917 3126 1032 3188 καὶ,
1053 3124 1255 3178 Πάντα
1278 3124 1398 3179 ὅσα
1435 3124 1559 3193 ἔχει
1596 3126 1631 3178 ό
1654 3128 1773 3178 Ila:

1876 3120 1924 3174 in
1948 3123 2063 3190 ipso
2090 3121 2229 3189 facta
2255 3130 2376 3176 sunt
2394 3126 2442 3161 δ’
2458 3138 2478 3187 ;
2513 3133 2567 3175 et
2588 3137 2603 3175 :
2626 3120 2693 3175 In
2729 3120 2843 3189 ipso
2864 3131 3051 3174 cuncta
3073 3120 3362 3173 consistunt
3389 3116 3456 3178 δε

175 3220 313 3288 tiu),
342 3218 458 3288 ἐμά
497 3218 649 3282 ἐστι,
679 3218 797 3280 καὶ,
833 3216 1036 3271 Πάντα
1074 3216 1150 3269 τὰ
1185 3215 1317 3284 ἐμὰ,
1356 3215 1440 3269 σά
1477 3216 1640 3279 ἐστι,
1671 3214 1771 3269 καὶ

1876 3224 1972 3268 et:
2010 3214 2228 3268 Emittes
2267 3212 2527 3283 Spiritum
2554 3224 2724 3281 tuum,
2762 3223 2811 3267 et
2856 3212 3172 3266 creabantur
3199 3222 3247 3265 ο.
3286 3212 3370 3276 Ει,
3398 3217 3459 3263 ιιι

173 3315 254 3369 τὰ
294 3311 400 3375 σὰ,
445 3308 578 3380 ἐμά.
617 3310 725 3362 Kal
754 3305 931 3372 αὖθις,
973 3309 1075 3362 ὅσα
1117 3306 1234 3360 ἐστὶ
1280 3306 1375 3360 τοῦ
1426 3307 1638 3378 Πατρὸς
1676 3307 1771 3360 καὶ

175 3406 350 3463 αὑτοῦ
388 3406 458 3469 ⁷³,
497 3405 577 3475 τῷ
629 3402 905 3476 θεαρχικῷ
964 3401 1243 3473 Πνεύματι
1291 3402 1623 3465 κοινωνικῶς
1678 3402 1775 3456 καὶ

177 3499 484 3572 ηνωμένως
512 3496 828 3568 ἀνατίθησι,
865 3493 965 3558 τὰς
1006 3492 1327 3565 θεουργίας,
1364 3494 1425 3545 τὸ
1459 3492 1642 3557 σέϐας,
1675 3492 1773 3563 τὴν

179 3591 427 3665 πηγαίαν
469 3590 565 3642 καὶ
605 3587 955 3642 ἀνέκλειπτον
997 3586 1191 3649 αἰτίαν,
1244 3586 1337 3638 καὶ
1375 3585 1632 3657 διανομὴν
1663 3585 1775 3639 τῶν

179 3679 592 3754 ἁγαθοπρεπῶν
616 3678 805 3751 δώρων
829 3677 895 3730 ⁸⁷⁸.
924 3676 1034 3729 Kal
1056 3675 1243 3729 οὑδένα
1270 3674 1374 3728 τῶν
1400 3677 1456 3727 ὲν
1477 3679 1588 3739 τοῖς
1613 3675 1777 3740 θείοις

181 3779 391 3848 λογίοις
416 3774 797 3845 ἀδιαστρόφοις
843 3770 1074 3833 ἐννοίαις
1106 3768 1579 3840 ὲντεθραμμένων,
1625 3764 1778 3840 οἶμαι

183 3872 327 3943 πρὸς
355 3868 516 3923 τοῦτο
545 3868 811 3936 ἀντερεῖν,
836 3863 918 3915 ὅτι
957 3860 1028 3914 τὰ
1070 3860 1347 3932 θεοπρεπῆ
1377 3861 1553 3915 πάντα
1578 3863 1645 3931 τῇ
1682 3860 1781 3934 ὅλῃ

182 3963 422 4036 θεαρχίᾳ
445 3958 750 4032 πρόσεστι⁷⁵
769 3954 911 4037 κατὰ
932 3954 1023 4006 τὸν
1045 3952 1267 4022 θεοτελῆ
1277 3952 1674 4021 λόγον.Τούτων
1686 3948 1782 4006 οὖν

183 4059 323 4127 ἡμῖν
355 4051 603 4125 βραχέως
641 4048 749 4120 μὲν·
778 4048 838 4099 ὲν
861 4042 1071 4106 τούτοις
1116 4041 1209 4095 xal
1230 4041 1491 4113 μερικῶς,
1522 4044 1579 4095 ὲν
1604 4042 1783 4106 ἄλλοις

185 4145 465 4208 δὲίκανῶς
496 4145 562 4195 ἐκ
588 4140 697 4194 τῶν
734 4137 928 4207 λογίων
959 4133 1423 4203 ἀποδεδειγμένων
1452 4150 1511 4185 τε
1541 4134 1635 4186 καὶ
1667 4132 1785 4185 διω-

189 4238 491 4311 ρισμένων,
515 4231 704 4287 ὁποίαν
730 4226 1036 4292 ἀναπτύξαι
1063 4224 1369 4295 θεωνυμίαν
1397 4223 1585 4295 όλικὴν
1612 4225 1784 4294 ἐγχει-

188 4332 434 4403 ρήσομεν
454 4328 522 4390 ⁷⁵,
553 4325 646 4379 ὲπί
674 4323 774 4401 τῆς
799 4322 927 4391 ὅλης
950 4318 1116 4390 αὑτὴν
1144 4317 1393 4387 θεότητος
1417 4314 1731 4387 ὲκληπτέον.

1874 3307 2199 3375 compendio
2231 3307 2354 3375 quis
2400 3306 2570 3371 dicat,
2617 3306 2907 3374 ipsummet
2954 3304 3047 3359 Dei
3082 3304 3313 3360 Verbum
3339 3308 3455 3361 ait:

1874 3398 1988 3469 Ego
2055 3408 2105 3453 et
2162 3395 2328 3452 Pater
2386 3413 2551 3452 unum
2587 3414 2770 3452 sumus
2826 3396 2890 3463 d;
2946 3408 3003 3452 et
3053 3414 3068 3451 :
3121 3396 3459 3468 Quwcunque

1874 3493 2025 3545 habet
2045 3488 2230 3557 Pater,
2250 3507 2362 3544 mea
2381 3499 2505 3544 sunt
2533 3501 2589 3555 ος
2624 3499 2715 3545 et:
2748 3488 2942 3543 Omnia
2973 3505 3087 3543 mea
3124 3499 3215 3542 tua
3248 3500 3389 3554 sunt,
3409 3500 3461 3544 et

1878 3582 2055 3636 omnia
2088 3591 2180 3636 tua
2211 3598 2326 3636 mea
2373 3592 2496 3636 sunt
2526 3582 2571 3637 ¹.
2605 3582 2671 3637 Ει
2718 3597 2932 3636 rursum
2961 3598 3081 3652 qua-
3125 3592 3250 3637 sunt
3284 3583 3462 3639 Patris

1875 3681 1932 3726 et
1960 3687 2076 3737 sua,
2110 3671 2335 3741 Spiritui
2367 3671 2552 3727 divino
2600 3671 2886 3742 principali
2948 3687 3046 3742 per
3089 3675 3461 3729 communica-

1881 3765 2081 3818 tionem
2114 3766 2475 3835 unionemqne
2510 3767 2778 3830 attribuit,
2814 3775 2997 3835 utpote
3021 3768 3230 3823 divinas
3268 3782 3465 3837 opera-

1884 3853 2093 3918 tiones,
2150 3858 2586 3917 venerationen't,
2641 3858 3032 3911 scaturientem
3081 3867 3137 3914 et
3185 3874 3461 3927 nunquam

1883 3943 2223 4001 deiicientem
2257 3962 2504 4009 causam.
2534 3958 2700 4018 atque
2728 3950 3163 4008 distributionem
3200 3954 3463 4007 donorum

1887 4055 2006 4108 quae
2037 4041 2236 4094 bonum
2270 4043 2479 4097 decent;
2528 4043 2607 4097 Ac
2647 4044 2920 4099 neminem
2959 4046 3177 4115 quidem
3225 4046 3465 4101 arbitror

1888 4148 2099 4197 eorum,
2135 4135 2226 4202 qui
2261 4132 2560 4202 Scripturis
2591 4136 3005 4206 haudquaquam
3037 4138 3309 4209 perversis
3340 4145 3466 4192 sunt

1890 4225 2105 4291 imbuti,
2152 4237 2503 4295 negaturum,
2532 4228 2715 4282 omnia
2762 4244 2882 4297 qua:
2934 4230 3043 4284 Deo
3093 4229 3304 4284 ratione
3343 4244 3465 4299 per-

1889 4317 2044 4372 feclat
2066 4319 2294 4375 Deitatis
2315 4330 2652 4391 competunt,
2682 4324 2779 4377 toti
2813 4325 2994 4378 inesse
3016 4324 3308 4380 divinitati.
3328 4324 3463 4378 Cum

186 4424 359 4494 igitur
392 4421 508 4474 haec
549 4414 1038 4485 impratsentiarum
1083 4408 1301 4476 quidem
1363 4403 1604 4459 breviter
1650 4414 1705 4459 et
1751 4419 1817 4459 ex
1875 4416 2056 4475 parte.
2111 4406 2240 4461 alibi
2302 4424 2454 4477 vero,
2511 4423 2775 4480 quantum
2824 4414 2959 4467 satis
3008 4424 3119 4477 est,
3181 4428 3464 4467 sacrorum

186 4513 536 4583 cloquiorum
601 4504 913 4563 testimonio
980 4500 1390 4573 probaverimus
1434 4514 1500 4553 ac
1560 4499 1976 4554 distinxerimus

2017 4538 2034 4566 ,
2093 4504 2455 4573 quodcunque
2512 4505 2730 4559 tandem
2784 4507 3053 4577 integrum
3119 4506 3213 4562 Dei
3266 4508 3465 4562 nomen

185 4611 474 4682 explicare
506 4602 913 4676 aggrediemur,
942 4600 1010 4653 ad
1039 4606 1208 4652 totam
1241 4596 1579 4651 divinitatem
1606 4597 1882 4665 pertinere
1909 4600 2204 4665 putandum
2236 4611 2339 4656 est.

1760 4744 1789 4817 ς
1822 4741 1901 4803 ll.

264 4901 333 4955 El
353 4900 413 4955 δέ
436 4917 523 4964 τις
548 4900 704 4971 φαίη,
733 4899 992 4972 σύγχυσιν
1027 4903 1173 4973 ἡμᾶς
1215 4902 1275 4954 ὲν
1303 4900 1478 4973 τούτῳ
1506 4900 1648 4955 κατὰ
1678 4901 1777 4971 τῆς

1955 4901 2011 4956 Si
2058 4901 2180 4970 quis
2222 4910 2403 4955 autem
2451 4897 2717 4968 objecerit
2768 4913 2868 4953 nos
2916 4897 3023 4952 isto
3066 4894 3231 4951 modo
3281 4904 3470 4948 contra

190 4994 538 5066 θεοπρεποῦς
583 4994 900 5065 διαιρέσεως
943 4996 1203 5064 εἰσάγειν,
1256 4996 1345 5048 τὸν
1380 4994 1582 5047 τοιόνδε
1619 4994 1774 5064 λόγον

274 5150 297 5178 ι
333 5139 526 5193 Matth.
551 5153 646 5202 xx,
671 5135 759 5192 15.

195 5220 225 5252 ν
256 5210 418 5265 Joan.
448 5225 484 5263 ν
507 5254 521 5275 ,
554 5209 646 5262 21.
753 5216 775 5243 κ
807 5206 961 5259 Joan.
999 5221 1050 5258 vt
1076 5246 1091 5269 ,
1124 5206 1214 5258 64.

202 5282 226 5320 1
258 5279 424 5337 Joan.
462 5272 517 5344 Χ,
549 5280 640 5335 30.
721 5288 744 5316 ε
781 5276 937 5332 Joan.
962 5292 1076 5343 xvt,
1105 5275 1192 5329 15.
1274 5272 1476 5328 f.Ioan.
1512 5286 1645 5336 xvu,
1680 5273 1760 5324 10.

838 5134 1024 5190 οΡεεΙ.
1052 5150 1221 5196 cun,
1248 5132 1336 5187 10.
1418 5135 1437 5168 ι
1471 5131 1640 5185 Exod.
1712 5144 1792 5194 tu,
1868 5129 1955 5183 H.
2025 5143 2054 5171 ιι
2086 5133 2253 5201 Apoc.
2284 5147 2322 5197 l,
2355 5131 2409 5187 4.

1310 5216 1335 5243 ι
1367 5202 1385 5255 1
1413 5202 1540 5256 Cor.
1575 5216 1626 5253 χι
1654 5241 1670 5265 ,
1719 5202 1805 5253 12.

1883 4994 2287 5050 distinctionem
2321 4995 2586 5049 divinitati
2632 5001 3055 5063 competentem,
3084 4990 3464 5045 confusionem

2490 5140 2516 5167 ν
2546 5130 2687 5183 Psal.
2721 5145 2797 5189 Cl.
2830 5128 2920 5185 28.

2394 5202 2422 5242 ιι
2446 5200 2603 5255 Rom.
2646 5217 2721 5265 XI,
2751 5200 2842 5254 56.

3003 5140 3028 5166 ι
3057 5124 3215 5179 Joan.
3252 5139 3345 5187 xv,
3374 5124 3466 5177 26.

1898 5210 1946 5241 ³·
1973 5195 2213 5270 .Ιοιιιι.ἰ,
2241 5195 2315 5256 5.
2394 5202 2422 5242 ιι
2446 5200 2603 5255 Rom.
2646 5217 2721 5265 XI,
2751 5200 2842 5254 56.
2954 5209 2976 5237 ο
3008 5196 3155 5252 Psal.
3207 5209 3301 5248 CIII
3328 5234 3343 5258 ,
3378 5195 3448 5246 50

1494 5409 1731 5465 νΑΒΙΛΕ
1768 5409 2177 5467 LECTIONES.

194 5670 277 5714 το,
309 5652 364 5704 D.

271 5581 323 5653 ⁶³γ
343 5576 803 5653 βλασφημεῖνηῐῖ.
927 5595 1034 5653 non
1066 5579 1234 5653 habet
1258 5579 1451 5653 8.(111-
1472 5580 1518 5613 “
1544 5581 1674 5653 τῆς.
1742 5582 1786 5614 ⁸³
1813 5580 1889 5644 ὡς
1915 5579 2097 5653 αὑᾼτὸς,
2215 5579 2269 5633 D.
2343 5579 2400 5653 _“
2425 5576 2700 5653 εἰρῆσθαι,
2729 5575 2793 5630 ι).
2829 5574 2930 5652 (ΙΙΙ,ἶ
3004 5572 3047 5603 ⁸⁷
3072 5565 3465 5653 περιγρὲψμινξ

456 5595 803 5713 ῗέθὲὲῒξέἓδὲ
830 5595 898 5703 ἕξ
917 5595 1518 5723 ἓῶἒέ¹ἒὲζ⁶ὲῗῖιο¹⁴ἐ¹ἦξῖ
1544 5595 2114 5723 τᾨὲδεαῖχίῗένῗίὲῗῗε.
2128 5595 2512 5721 ’ἑὶυΐρχιζνῗὶἒ

2520 5638 2572 5703 li.
2649 5638 2692 5678 τί
2725 5642 2938 5715 ποσαχῆ
2981 5658 3103 5704 που,
3273 5638 3316 5669 ⁷³
3338 5638 3468 5715 ὅταν

324 5706 394 5775 θ’
466 5720 520 5805 ξ¹⁸
539 5720 634 5774 τοῦ
663 5706 843 5805 Nixon-
853 5706 1173 5805 _quov61t,'
1195 5706 1475 5795 subjungil
1508 5722 1571 5778 Ι).
1613 5706 1824 5793 quod?
1844 5706 2172 5793 glossemate
2210 5706 2447 5790 iri-epsit;
2526 5718 2573 5751 7‘
2595 5716 2836 5790 δωρεῶν.
2871 5706 2957 5746 ”⁷”⁸
3004 5708 3344 5782 προσένεστι,
3400 5709 3465 5764 υ.

200 5791 676 5868 ιιετχειιρήσωμεν
696 5831 709 5858 ,
740 5791 798 5845 S.
828 5792 886 5845 ι’.
918 5791 1039 5848 Sar.

384 5938 406 6087 l
