  <div class='ocr_page' id='page_1' title='image "/cluster/home/n/w/nwhite01/storage/ocr_20150623/3/nnc1.0046978666/347.png"; bbox 0 0 3876 6226; ppageno 0'>
   <div class='ocr_carea' id='block_1_1' title="bbox 412 318 519 373">
    <p class='ocr_par' dir='ltr' id='par_1_1' title="bbox 412 318 519 373">
     <span class='ocr_line' id='line_1_1' title="bbox 412 318 519 373; baseline 0.019 -2"><span class='ocrx_word' id='word_1_1' title='bbox 412 318 519 373; x_wconf 75' lang='lat'><strong>639</strong></span> 
     </span>
    </p>
   </div>
   <div class='ocr_carea' id='block_1_2' title="bbox 1617 319 2505 379">
    <p class='ocr_par' dir='ltr' id='par_1_2' title="bbox 1617 319 2505 379">
     <span class='ocr_line' id='line_1_2' title="bbox 1617 319 2505 379; baseline 0.005 -4"><span class='ocrx_word' id='word_1_2' title='bbox 1617 320 1676 377; x_wconf 82' lang='lat' dir='ltr'><strong>S.</strong></span> <span class='ocrx_word' id='word_1_3' title='bbox 1713 319 2012 377; x_wconf 79' lang='lat' dir='ltr'><strong>DlONYSll</strong></span> <span class='ocrx_word' id='word_1_4' title='bbox 2046 320 2505 379; x_wconf 64' lang='lat' dir='ltr'><strong>AllEOPAGlTZE</strong></span> 
     </span>
    </p>
   </div>
   <div class='ocr_carea' id='block_1_3' title="bbox 3582 324 3694 388">
    <p class='ocr_par' dir='ltr' id='par_1_3' title="bbox 3582 324 3694 388">
     <span class='ocr_line' id='line_1_3' title="bbox 3582 324 3694 388; baseline 0.036 -4"><span class='ocrx_word' id='word_1_5' title='bbox 3582 324 3694 388; x_wconf 65' lang='grc' dir='ltr'><strong>διο</strong></span> 
     </span>
    </p>
   </div>
   <div class='ocr_carea' id='block_1_4' title="bbox 411 433 1998 512">
    <p class='ocr_par' dir='ltr' id='par_1_4' title="bbox 411 433 1998 506">
     <span class='ocr_line' id='line_1_4' title="bbox 411 433 1998 506; baseline 0.002 -16"><span class='ocrx_word' id='word_1_6' title='bbox 411 434 710 506; x_wconf 78' lang='lat' dir='ltr'><strong>quamdam</strong></span> <span class='ocrx_word' id='word_1_7' title='bbox 735 433 1109 498; x_wconf 80' lang='lat' dir='ltr'><strong>introducere,</strong></span> <span class='ocrx_word' id='word_1_8' title='bbox 1126 451 1208 490; x_wconf 62' lang='lat' dir='ltr'><strong>nar</strong></span> <span class='ocrx_word' id='word_1_9' title='bbox 1228 435 1298 499; x_wconf 87' lang='lat' dir='ltr'><strong>is.</strong></span> <span class='ocrx_word' id='word_1_10' title='bbox 1324 445 1514 493; x_wconf 84' lang='lat' dir='ltr'><strong>nostro</strong></span> <span class='ocrx_word' id='word_1_11' title='bbox 1536 436 1763 506; x_wconf 86' lang='lat' dir='ltr'><strong>judicio,</strong></span> <span class='ocrx_word' id='word_1_12' title='bbox 1791 438 1998 506; x_wconf 81' lang='lat' dir='ltr'><strong>ejusce-</strong></span> 
     </span>
    </p>
   </div>
   <div class='ocr_carea' id='block_1_5' title="bbox 2104 433 3695 512">
    <p class='ocr_par' dir='ltr' id='par_1_5' title="bbox 2108 440 3695 512">
     <span class='ocr_line' id='line_1_5' title="bbox 2108 440 3695 512; baseline 0.007 -20"><span class='ocrx_word' id='word_1_13' title='bbox 2108 442 2269 511; x_wconf 76' lang='grc' dir='ltr'>ἡμεῖς</span> <span class='ocrx_word' id='word_1_14' title='bbox 2298 440 2421 494; x_wconf 72' lang='grc' dir='ltr'>οὔτε</span> <span class='ocrx_word' id='word_1_15' title='bbox 2454 442 2615 496; x_wconf 77' lang='grc' dir='ltr'>αὑτὸν</span> <span class='ocrx_word' id='word_1_16' title='bbox 2642 443 2685 473; x_wconf 88' lang='grc'><strong>⁷⁷</strong></span> <span class='ocrx_word' id='word_1_17' title='bbox 2711 440 2933 512; x_wconf 74' lang='grc' dir='ltr'>οἰόμεθα</span> <span class='ocrx_word' id='word_1_18' title='bbox 2972 442 3180 497; x_wconf 79' lang='grc' dir='ltr'><strong>πείθειν</strong></span> <span class='ocrx_word' id='word_1_19' title='bbox 3203 446 3406 508; x_wconf 81' lang='grc' dir='ltr'>ἰκανὸν,</span> <span class='ocrx_word' id='word_1_20' title='bbox 3440 446 3520 511; x_wconf 88' lang='grc' dir='ltr'>ὼς</span> <span class='ocrx_word' id='word_1_21' title='bbox 3544 448 3695 503; x_wconf 76' lang='grc' dir='ltr'>ἔστιν</span> 
     </span>
    </p>
   </div>
   <div class='ocr_carea' id='block_1_6' title="bbox 415 528 1997 598">
    <p class='ocr_par' dir='ltr' id='par_1_6' title="bbox 415 528 1997 598">
     <span class='ocr_line' id='line_1_6' title="bbox 415 528 1997 598; baseline 0 -15"><span class='ocrx_word' id='word_1_22' title='bbox 415 528 560 584; x_wconf 88' lang='lat' dir='ltr'><strong>modi</strong></span> <span class='ocrx_word' id='word_1_23' title='bbox 585 528 905 596; x_wconf 70' lang='grc' dir='ltr'><strong>οΙι]Θι·ίὶοηὶ8</strong></span> <span class='ocrx_word' id='word_1_24' title='bbox 919 528 1202 582; x_wconf 87' lang='lat' dir='ltr'><strong>veritatem</strong></span> <span class='ocrx_word' id='word_1_25' title='bbox 1221 529 1453 597; x_wconf 87' lang='lat' dir='ltr'><strong>probare</strong></span> <span class='ocrx_word' id='word_1_26' title='bbox 1477 545 1749 598; x_wconf 79' lang='lat' dir='ltr'><strong>nunquam</strong></span> <span class='ocrx_word' id='word_1_27' title='bbox 1779 530 1997 598; x_wconf 74' lang='lat' dir='ltr'><strong>poterit.</strong></span> 
     </span>
    </p>
   </div>
   <div class='ocr_carea' id='block_1_7' title="bbox 416 621 2002 690">
    <p class='ocr_par' dir='ltr' id='par_1_7' title="bbox 416 621 2002 690">
     <span class='ocr_line' id='line_1_7' title="bbox 416 621 2002 690; baseline 0 -14"><span class='ocrx_word' id='word_1_28' title='bbox 416 622 551 676; x_wconf 75' lang='lat' dir='ltr'><strong>Nam</strong></span> <span class='ocrx_word' id='word_1_29' title='bbox 597 621 759 690; x_wconf 81' lang='lat'><strong>317</strong></span> <span class='ocrx_word' id='word_1_30' title='bbox 789 621 837 674; x_wconf 91' lang='lat' dir='ltr'><strong>si</strong></span> <span class='ocrx_word' id='word_1_31' title='bbox 880 621 1003 674; x_wconf 82' lang='lat' dir='ltr'><strong>talis</strong></span> <span class='ocrx_word' id='word_1_32' title='bbox 1037 621 1217 690; x_wconf 89' lang='lat' dir='ltr'><strong>sitqui</strong></span> <span class='ocrx_word' id='word_1_33' title='bbox 1240 621 1466 676; x_wconf 89' lang='lat' dir='ltr'><strong>omnino</strong></span> <span class='ocrx_word' id='word_1_34' title='bbox 1489 623 1662 677; x_wconf 84' lang='lat' dir='ltr'><strong>sacris</strong></span> <span class='ocrx_word' id='word_1_35' title='bbox 1689 622 1891 677; x_wconf 88' lang='lat' dir='ltr'><strong>litteris</strong></span> <span class='ocrx_word' id='word_1_36' title='bbox 1916 638 2002 676; x_wconf 89' lang='lat' dir='ltr'><strong>re-</strong></span> 
     </span>
    </p>
   </div>
   <div class='ocr_carea' id='block_1_8' title="bbox 415 712 1999 784">
    <p class='ocr_par' dir='ltr' id='par_1_8' title="bbox 415 712 1999 784">
     <span class='ocr_line' id='line_1_8' title="bbox 415 712 1999 784; baseline -0.002 -14"><span class='ocrx_word' id='word_1_37' title='bbox 415 717 600 777; x_wconf 83' lang='lat' dir='ltr'><strong>sistat,</strong></span> <span class='ocrx_word' id='word_1_38' title='bbox 632 729 661 768; x_wconf 88' lang='lat' dir='ltr'><strong>a</strong></span> <span class='ocrx_word' id='word_1_39' title='bbox 691 712 1026 783; x_wconf 83' lang='lat' dir='ltr'><strong>philosophia</strong></span> <span class='ocrx_word' id='word_1_40' title='bbox 1056 727 1267 781; x_wconf 82' lang='lat' dir='ltr'><strong>quoque</strong></span> <span class='ocrx_word' id='word_1_41' title='bbox 1289 726 1471 768; x_wconf 81' lang='lat' dir='ltr'><strong>nostra</strong></span> <span class='ocrx_word' id='word_1_42' title='bbox 1495 714 1682 784; x_wconf 85' lang='lat' dir='ltr'><strong>procul</strong></span> <span class='ocrx_word' id='word_1_43' title='bbox 1709 715 1999 769; x_wconf 91' lang='lat' dir='ltr'><strong>admodum</strong></span> 
     </span>
    </p>
   </div>
   <div class='ocr_carea' id='block_1_9' title="bbox 416 804 1999 861">
    <p class='ocr_par' dir='ltr' id='par_1_9' title="bbox 416 804 1999 861">
     <span class='ocr_line' id='line_1_9' title="bbox 416 804 1999 861; baseline 0 0"><span class='ocrx_word' id='word_1_44' title='bbox 416 805 594 861; x_wconf 87' lang='lat' dir='ltr'><strong>aberit</strong></span> <span class='ocrx_word' id='word_1_45' title='bbox 650 824 663 859; x_wconf 90' lang='lat'><strong>:</strong></span> <span class='ocrx_word' id='word_1_46' title='bbox 715 814 769 860; x_wconf 91' lang='lat' dir='ltr'><strong>et</strong></span> <span class='ocrx_word' id='word_1_47' title='bbox 812 808 913 861; x_wconf 86' lang='lat' dir='ltr'><strong>nisi</strong></span> <span class='ocrx_word' id='word_1_48' title='bbox 953 805 1028 859; x_wconf 91' lang='lat' dir='ltr'><strong>illi</strong></span> <span class='ocrx_word' id='word_1_49' title='bbox 1064 821 1209 859; x_wconf 65' lang='lat' dir='ltr'><strong>curae</strong></span> <span class='ocrx_word' id='word_1_50' title='bbox 1242 804 1316 859; x_wconf 91' lang='lat' dir='ltr'><strong>sit</strong></span> <span class='ocrx_word' id='word_1_51' title='bbox 1356 805 1537 859; x_wconf 83' lang='lat' dir='ltr'><strong>divina</strong></span> <span class='ocrx_word' id='word_1_52' title='bbox 1574 822 1851 861; x_wconf 88' lang='lat' dir='ltr'><strong>sacrarum</strong></span> <span class='ocrx_word' id='word_1_53' title='bbox 1908 807 1999 861; x_wconf 91' lang='lat' dir='ltr'><strong>lit-</strong></span> 
     </span>
    </p>
   </div>
   <div class='ocr_carea' id='block_1_10' title="bbox 418 896 2001 966">
    <p class='ocr_par' dir='ltr' id='par_1_10' title="bbox 418 896 2001 966">
     <span class='ocr_line' id='line_1_10' title="bbox 418 896 2001 966; baseline -0.001 -13"><span class='ocrx_word' id='word_1_54' title='bbox 418 908 661 953; x_wconf 84' lang='lat' dir='ltr'><strong>terarum</strong></span> <span class='ocrx_word' id='word_1_55' title='bbox 709 896 977 966; x_wconf 70' lang='lat' dir='ltr'><strong>sapientia</strong></span> <span class='ocrx_word' id='word_1_56' title='bbox 1008 937 1023 960; x_wconf 93' lang='lat'><strong>,</strong></span> <span class='ocrx_word' id='word_1_57' title='bbox 1080 898 1351 965; x_wconf 87' lang='lat' dir='ltr'><strong>quomodo</strong></span> <span class='ocrx_word' id='word_1_58' title='bbox 1401 896 1555 953; x_wconf 89' lang='lat' dir='ltr'><strong>nobis</strong></span> <span class='ocrx_word' id='word_1_59' title='bbox 1598 912 1742 953; x_wconf 73' lang='lat' dir='ltr'><strong>cum</strong></span> <span class='ocrx_word' id='word_1_60' title='bbox 1786 898 1895 953; x_wconf 91' lang='lat' dir='ltr'><strong>erit</strong></span> <span class='ocrx_word' id='word_1_61' title='bbox 1942 907 2001 952; x_wconf 93' lang='lat' dir='ltr'><strong>ut</strong></span> 
     </span>
    </p>
   </div>
   <div class='ocr_carea' id='block_1_11' title="bbox 417 989 1999 1061">
    <p class='ocr_par' dir='ltr' id='par_1_11' title="bbox 417 989 1999 1061">
     <span class='ocr_line' id='line_1_11' title="bbox 417 989 1999 1061; baseline 0 -16"><span class='ocrx_word' id='word_1_62' title='bbox 417 989 595 1061; x_wconf 88' lang='lat' dir='ltr'><strong>ipsum</strong></span> <span class='ocrx_word' id='word_1_63' title='bbox 660 991 727 1045; x_wconf 88' lang='lat' dir='ltr'><strong>ad</strong></span> <span class='ocrx_word' id='word_1_64' title='bbox 776 990 1057 1045; x_wconf 82' lang='lat' dir='ltr'><strong>scientiam</strong></span> <span class='ocrx_word' id='word_1_65' title='bbox 1115 990 1469 1061; x_wconf 76' lang='lat' dir='ltr'><strong>theologicam</strong></span> <span class='ocrx_word' id='word_1_66' title='bbox 1532 991 1999 1046; x_wconf 77' lang='lat' dir='ltr'><strong>manuducamus?</strong></span> 
     </span>
    </p>
   </div>
   <div class='ocr_carea' id='block_1_12' title="bbox 418 1083 1997 1153">
    <p class='ocr_par' dir='ltr' id='par_1_12' title="bbox 418 1083 1997 1153">
     <span class='ocr_line' id='line_1_12' title="bbox 418 1083 1997 1153; baseline 0.001 -14"><span class='ocrx_word' id='word_1_67' title='bbox 418 1084 515 1139; x_wconf 91' lang='lat' dir='ltr'><strong>Sin</strong></span> <span class='ocrx_word' id='word_1_68' title='bbox 560 1084 905 1151; x_wconf 88' lang='lat' dir='ltr'><strong>eloquiorum</strong></span> <span class='ocrx_word' id='word_1_69' title='bbox 938 1083 1157 1137; x_wconf 84' lang='lat' dir='ltr'><strong>veritati</strong></span> <span class='ocrx_word' id='word_1_70' title='bbox 1197 1086 1464 1147; x_wconf 88' lang='lat' dir='ltr'><strong>attendat,</strong></span> <span class='ocrx_word' id='word_1_71' title='bbox 1492 1098 1593 1139; x_wconf 88' lang='lat' dir='ltr'><strong>nos</strong></span> <span class='ocrx_word' id='word_1_72' title='bbox 1625 1085 1726 1139; x_wconf 89' lang='lat' dir='ltr'><strong>ista</strong></span> <span class='ocrx_word' id='word_1_73' title='bbox 1779 1099 1997 1153; x_wconf 88' lang='lat' dir='ltr'><strong>quoque</strong></span> 
     </span>
    </p>
   </div>
   <div class='ocr_carea' id='block_1_13' title="bbox 418 1174 1997 1245">
    <p class='ocr_par' dir='ltr' id='par_1_13' title="bbox 418 1174 1997 1245">
     <span class='ocr_line' id='line_1_13' title="bbox 418 1174 1997 1245; baseline -0.001 -15"><span class='ocrx_word' id='word_1_74' title='bbox 418 1176 608 1245; x_wconf 83' lang='lat' dir='ltr'><strong>regula</strong></span> <span class='ocrx_word' id='word_1_75' title='bbox 637 1176 865 1244; x_wconf 65' lang='lat' dir='ltr'><strong>lui-eque</strong></span> <span class='ocrx_word' id='word_1_76' title='bbox 893 1174 1038 1237; x_wconf 80' lang='lat' dir='ltr'><strong>freti,</strong></span> <span class='ocrx_word' id='word_1_77' title='bbox 1072 1175 1138 1229; x_wconf 90' lang='lat' dir='ltr'><strong>ad</strong></span> <span class='ocrx_word' id='word_1_78' title='bbox 1168 1174 1495 1229; x_wconf 86' lang='lat' dir='ltr'><strong>reddendam</strong></span> <span class='ocrx_word' id='word_1_79' title='bbox 1542 1190 1643 1245; x_wconf 91' lang='lat' dir='ltr'><strong>pro</strong></span> <span class='ocrx_word' id='word_1_80' title='bbox 1671 1176 1882 1231; x_wconf 90' lang='lat' dir='ltr'><strong>viribus</strong></span> <span class='ocrx_word' id='word_1_81' title='bbox 1910 1192 1997 1230; x_wconf 84' lang='lat' dir='ltr'><strong>ra-</strong></span> 
     </span>
    </p>
   </div>
   <div class='ocr_carea' id='block_1_14' title="bbox 418 1267 1997 1338">
    <p class='ocr_par' dir='ltr' id='par_1_14' title="bbox 418 1267 1997 1338">
     <span class='ocr_line' id='line_1_14' title="bbox 418 1267 1997 1338; baseline -0.001 -16"><span class='ocrx_word' id='word_1_82' title='bbox 418 1268 619 1322; x_wconf 89' lang='lat' dir='ltr'><strong>tionem</strong></span> <span class='ocrx_word' id='word_1_83' title='bbox 653 1268 770 1323; x_wconf 91' lang='lat' dir='ltr'><strong>sine</strong></span> <span class='ocrx_word' id='word_1_84' title='bbox 823 1267 1275 1338; x_wconf 80' lang='lat' dir='ltr'><strong>tergiversatione</strong></span> <span class='ocrx_word' id='word_1_85' title='bbox 1320 1269 1754 1337; x_wconf 89' lang='lat' dir='ltr'><strong>properabimus,</strong></span> <span class='ocrx_word' id='word_1_86' title='bbox 1808 1268 1997 1323; x_wconf 83' lang='lat' dir='ltr'><strong>dicen-</strong></span> 
     </span>
    </p>
   </div>
   <div class='ocr_carea' id='block_1_15' title="bbox 415 1360 2000 1431">
    <p class='ocr_par' dir='ltr' id='par_1_15' title="bbox 415 1360 2000 1431">
     <span class='ocr_line' id='line_1_15' title="bbox 415 1360 2000 1431; baseline -0.001 -17"><span class='ocrx_word' id='word_1_87' title='bbox 415 1370 532 1421; x_wconf 87' lang='lat' dir='ltr'><strong>tes,</strong></span> <span class='ocrx_word' id='word_1_88' title='bbox 582 1360 916 1431; x_wconf 77' lang='lat' dir='ltr'><strong>theologiam</strong></span> <span class='ocrx_word' id='word_1_89' title='bbox 961 1361 1180 1429; x_wconf 84' lang='lat' dir='ltr'><strong>quidem</strong></span> <span class='ocrx_word' id='word_1_90' title='bbox 1247 1360 1505 1415; x_wconf 86' lang='lat' dir='ltr'><strong>nonnulla</strong></span> <span class='ocrx_word' id='word_1_91' title='bbox 1554 1360 1843 1429; x_wconf 88' lang='lat' dir='ltr'><strong>c0pulatim</strong></span> <span class='ocrx_word' id='word_1_92' title='bbox 1888 1369 2000 1415; x_wconf 86' lang='lat' dir='ltr'><strong>tra-</strong></span> 
     </span>
    </p>
   </div>
   <div class='ocr_carea' id='block_1_16' title="bbox 414 1449 1997 1520">
    <p class='ocr_par' dir='ltr' id='par_1_16' title="bbox 414 1449 1997 1520">
     <span class='ocr_line' id='line_1_16' title="bbox 414 1449 1997 1520; baseline -0.001 -17"><span class='ocrx_word' id='word_1_93' title='bbox 414 1452 569 1516; x_wconf 89' lang='lat' dir='ltr'><strong>dere,</strong></span> <span class='ocrx_word' id='word_1_94' title='bbox 594 1452 839 1520; x_wconf 68' lang='lat' dir='ltr'><strong>quaedam</strong></span> <span class='ocrx_word' id='word_1_95' title='bbox 872 1466 1003 1505; x_wconf 89' lang='lat' dir='ltr'><strong>vero</strong></span> <span class='ocrx_word' id='word_1_96' title='bbox 1035 1449 1326 1515; x_wconf 82' lang='lat' dir='ltr'><strong>distincte;</strong></span> <span class='ocrx_word' id='word_1_97' title='bbox 1361 1464 1534 1519; x_wconf 89' lang='lat' dir='ltr'><strong>neque</strong></span> <span class='ocrx_word' id='word_1_98' title='bbox 1574 1449 1656 1503; x_wconf 82' lang='lat' dir='ltr'><strong>fas</strong></span> <span class='ocrx_word' id='word_1_99' title='bbox 1681 1463 1803 1504; x_wconf 87' lang='lat' dir='ltr'><strong>esse</strong></span> <span class='ocrx_word' id='word_1_100' title='bbox 1828 1464 1997 1518; x_wconf 83' lang='lat' dir='ltr'><strong>capu-</strong></span> 
     </span>
    </p>
   </div>
   <div class='ocr_carea' id='block_1_17' title="bbox 416 1520 1997 1613">
    <p class='ocr_par' dir='ltr' id='par_1_17' title="bbox 416 1520 1997 1613">
     <span class='ocr_line' id='line_1_17' title="bbox 416 1520 1997 1613; baseline -0.001 -16"><span class='ocrx_word' id='word_1_101' title='bbox 416 1541 527 1597; x_wconf 87' lang='lat' dir='ltr'><strong>lata</strong></span> <span class='ocrx_word' id='word_1_102' title='bbox 592 1543 947 1613; x_wconf 84' lang='lat' dir='ltr'><strong>disjuugere,</strong></span> <span class='ocrx_word' id='word_1_103' title='bbox 1000 1556 1101 1597; x_wconf 91' lang='lat' dir='ltr'><strong>nec</strong></span> <span class='ocrx_word' id='word_1_104' title='bbox 1163 1542 1419 1598; x_wconf 84' lang='lat' dir='ltr'><strong>distincta</strong></span> <span class='ocrx_word' id='word_1_105' title='bbox 1480 1520 1856 1605; x_wconf 73' lang='lat' dir='ltr'><strong>confundere,</strong></span> <span class='ocrx_word' id='word_1_106' title='bbox 1901 1542 1997 1595; x_wconf 88' lang='lat' dir='ltr'><strong>sed</strong></span> 
     </span>
    </p>
   </div>
   <div class='ocr_carea' id='block_1_18' title="bbox 417 1634 1999 1706">
    <p class='ocr_par' dir='ltr' id='par_1_18' title="bbox 417 1634 1999 1706">
     <span class='ocr_line' id='line_1_18' title="bbox 417 1634 1999 1706; baseline -0.001 -15"><span class='ocrx_word' id='word_1_107' title='bbox 417 1636 722 1705; x_wconf 89' lang='lat' dir='ltr'><strong>Scripturis</strong></span> <span class='ocrx_word' id='word_1_108' title='bbox 785 1636 1087 1690; x_wconf 84' lang='lat' dir='ltr'><strong>insisteudo</strong></span> <span class='ocrx_word' id='word_1_109' title='bbox 1138 1651 1236 1706; x_wconf 91' lang='lat' dir='ltr'><strong>pro</strong></span> <span class='ocrx_word' id='word_1_110' title='bbox 1286 1635 1432 1689; x_wconf 83' lang='lat' dir='ltr'><strong>virili</strong></span> <span class='ocrx_word' id='word_1_111' title='bbox 1502 1636 1568 1689; x_wconf 88' lang='lat' dir='ltr'><strong>ad</strong></span> <span class='ocrx_word' id='word_1_112' title='bbox 1614 1634 1827 1689; x_wconf 85' lang='lat' dir='ltr'><strong>divinos</strong></span> <span class='ocrx_word' id='word_1_113' title='bbox 1878 1648 1999 1689; x_wconf 85' lang='lat' dir='ltr'><strong>esse</strong></span> 
     </span>
    </p>
   </div>
   <div class='ocr_carea' id='block_1_19' title="bbox 416 1713 1995 1801">
    <p class='ocr_par' dir='ltr' id='par_1_19' title="bbox 416 1713 1995 1801">
     <span class='ocr_line' id='line_1_19' title="bbox 416 1713 1995 1801; baseline -0.003 -14"><span class='ocrx_word' id='word_1_114' title='bbox 416 1713 733 1801; x_wconf 82' lang='lat' dir='ltr'><strong>splendores</strong></span> <span class='ocrx_word' id='word_1_115' title='bbox 765 1732 1146 1800; x_wconf 90' lang='lat' dir='ltr'><strong>aspirandum;</strong></span> <span class='ocrx_word' id='word_1_116' title='bbox 1197 1731 1453 1801; x_wconf 87' lang='lat' dir='ltr'><strong>quoniam</strong></span> <span class='ocrx_word' id='word_1_117' title='bbox 1482 1731 1607 1785; x_wconf 90' lang='lat' dir='ltr'><strong>inde</strong></span> <span class='ocrx_word' id='word_1_118' title='bbox 1650 1730 1862 1785; x_wconf 89' lang='lat' dir='ltr'><strong>divinas</strong></span> <span class='ocrx_word' id='word_1_119' title='bbox 1904 1744 1995 1784; x_wconf 78' lang='lat' dir='ltr'><strong>ex-</strong></span> 
     </span>
    </p>
   </div>
   <div class='ocr_carea' id='block_1_20' title="bbox 2104 532 3695 607">
    <p class='ocr_par' dir='ltr' id='par_1_20' title="bbox 2104 532 3695 607">
     <span class='ocr_line' id='line_1_20' title="bbox 2104 532 3695 607; baseline 0.004 -21"><span class='ocrx_word' id='word_1_120' title='bbox 2104 532 2411 604; x_wconf 80' lang='grc' dir='ltr'>ἀληθής.Εί</span> <span class='ocrx_word' id='word_1_121' title='bbox 2440 535 2540 606; x_wconf 84' lang='grc' dir='ltr'>μὲν</span> <span class='ocrx_word' id='word_1_122' title='bbox 2566 535 2675 607; x_wconf 85' lang='grc' dir='ltr'>γάρ</span> <span class='ocrx_word' id='word_1_123' title='bbox 2702 535 2815 587; x_wconf 88' lang='grc' dir='ltr'>ὲστί</span> <span class='ocrx_word' id='word_1_124' title='bbox 2846 552 2931 599; x_wconf 89' lang='grc' dir='ltr'><strong>τις</strong></span> <span class='ocrx_word' id='word_1_125' title='bbox 2958 536 3096 599; x_wconf 82' lang='grc' dir='ltr'><strong>ὅλως</strong></span> <span class='ocrx_word' id='word_1_126' title='bbox 3129 537 3160 588; x_wconf 87' lang='grc' dir='ltr'><strong>ό</strong></span> <span class='ocrx_word' id='word_1_127' title='bbox 3196 540 3308 601; x_wconf 86' lang='grc' dir='ltr'>τοῖς</span> <span class='ocrx_word' id='word_1_128' title='bbox 3329 537 3536 605; x_wconf 79' lang='grc' dir='ltr'><strong>λογίοις</strong></span> <span class='ocrx_word' id='word_1_129' title='bbox 3569 541 3695 593; x_wconf 81' lang='grc' dir='ltr'>ἀντ-</span> 
     </span>
    </p>
   </div>
   <div class='ocr_carea' id='block_1_21' title="bbox 2103 626 3693 702">
    <p class='ocr_par' dir='ltr' id='par_1_21' title="bbox 2103 626 3693 702">
     <span class='ocr_line' id='line_1_21' title="bbox 2103 626 3693 702; baseline 0.005 -25"><span class='ocrx_word' id='word_1_130' title='bbox 2103 626 2484 695; x_wconf 83' lang='grc' dir='ltr'>ανιστάμενος,</span> <span class='ocrx_word' id='word_1_131' title='bbox 2528 627 2719 699; x_wconf 73' lang='grc' dir='ltr'>πόρρω</span> <span class='ocrx_word' id='word_1_132' title='bbox 2762 644 2863 679; x_wconf 87' lang='grc' dir='ltr'><strong>που</strong></span> <span class='ocrx_word' id='word_1_133' title='bbox 2890 628 3112 691; x_wconf 80' lang='grc' dir='ltr'>πάντως</span> <span class='ocrx_word' id='word_1_134' title='bbox 3139 628 3289 681; x_wconf 76' lang='grc' dir='ltr'>ἔσται</span> <span class='ocrx_word' id='word_1_135' title='bbox 3316 632 3538 702; x_wconf 73' lang='grc' dir='ltr'>καὶτῆς</span> <span class='ocrx_word' id='word_1_136' title='bbox 3569 632 3693 684; x_wconf 85' lang='grc' dir='ltr'>καθ’</span> 
     </span>
    </p>
   </div>
   <div class='ocr_carea' id='block_1_22' title="bbox 2100 712 3693 791">
    <p class='ocr_par' dir='ltr' id='par_1_22' title="bbox 2100 712 3693 791">
     <span class='ocr_line' id='line_1_22' title="bbox 2100 712 3693 791; baseline 0.007 -28"><span class='ocrx_word' id='word_1_137' title='bbox 2100 712 2250 781; x_wconf 75' lang='grc' dir='ltr'>ἡμᾶς</span> <span class='ocrx_word' id='word_1_138' title='bbox 2284 712 2601 783; x_wconf 81' lang='grc' dir='ltr'><strong>φιλοσοφίας</strong></span> <span class='ocrx_word' id='word_1_139' title='bbox 2661 714 2755 768; x_wconf 75' lang='grc' dir='ltr'><strong>καὶ</strong></span> <span class='ocrx_word' id='word_1_140' title='bbox 2784 716 2832 767; x_wconf 91' lang='grc' dir='ltr'><strong>εί</strong></span> <span class='ocrx_word' id='word_1_141' title='bbox 2862 715 2936 787; x_wconf 85' lang='grc' dir='ltr'>μὴ</span> <span class='ocrx_word' id='word_1_142' title='bbox 2961 718 3062 787; x_wconf 85' lang='grc' dir='ltr'><strong>τῆς</strong></span> <span class='ocrx_word' id='word_1_143' title='bbox 3086 719 3152 771; x_wconf 78' lang='grc' dir='ltr'>ἐκ</span> <span class='ocrx_word' id='word_1_144' title='bbox 3185 718 3293 771; x_wconf 89' lang='grc' dir='ltr'><strong>τῶν</strong></span> <span class='ocrx_word' id='word_1_145' title='bbox 3317 718 3518 788; x_wconf 82' lang='grc' dir='ltr'><strong>λογίων</strong></span> <span class='ocrx_word' id='word_1_146' title='bbox 3543 722 3693 791; x_wconf 79' lang='grc' dir='ltr'>αὐτῷ</span> 
     </span>
    </p>
   </div>
   <div class='ocr_carea' id='block_1_23' title="bbox 2104 802 3692 884">
    <p class='ocr_par' dir='ltr' id='par_1_23' title="bbox 2104 802 3692 884">
     <span class='ocr_line' id='line_1_23' title="bbox 2104 802 3692 884; baseline 0.006 -28"><span class='ocrx_word' id='word_1_147' title='bbox 2104 802 2390 873; x_wconf 82' lang='grc' dir='ltr'>θεοσοφίας</span> <span class='ocrx_word' id='word_1_148' title='bbox 2431 806 2606 876; x_wconf 77' lang='grc' dir='ltr'>μέλει,</span> <span class='ocrx_word' id='word_1_149' title='bbox 2642 808 2759 872; x_wconf 88' lang='grc' dir='ltr'><strong>πῶς</strong></span> <span class='ocrx_word' id='word_1_150' title='bbox 2787 808 2853 863; x_wconf 80' lang='grc' dir='ltr'><strong>ἂν</strong></span> <span class='ocrx_word' id='word_1_151' title='bbox 2889 811 3023 879; x_wconf 74' lang='grc' dir='ltr'>ἡμῖν</span> <span class='ocrx_word' id='word_1_152' title='bbox 3063 810 3288 881; x_wconf 83' lang='grc' dir='ltr'><strong>μελήσει</strong></span> <span class='ocrx_word' id='word_1_153' title='bbox 3319 812 3421 883; x_wconf 84' lang='grc' dir='ltr'>τῆς</span> <span class='ocrx_word' id='word_1_154' title='bbox 3460 814 3561 865; x_wconf 77' lang='grc' dir='ltr'>ἐπὶ</span> <span class='ocrx_word' id='word_1_155' title='bbox 3594 814 3692 884; x_wconf 80' lang='grc' dir='ltr'><strong>τὴν</strong></span> 
     </span>
    </p>
   </div>
   <div class='ocr_carea' id='block_1_24' title="bbox 2101 893 3692 972">
    <p class='ocr_par' dir='ltr' id='par_1_24' title="bbox 2101 893 3692 972">
     <span class='ocr_line' id='line_1_24' title="bbox 2101 893 3692 972; baseline 0.007 -25"><span class='ocrx_word' id='word_1_156' title='bbox 2101 893 2423 968; x_wconf 82' lang='grc' dir='ltr'>θεολογικὴν</span> <span class='ocrx_word' id='word_1_157' title='bbox 2458 899 2769 971; x_wconf 68' lang='grc' dir='ltr'>ἐπιστήμην</span> <span class='ocrx_word' id='word_1_158' title='bbox 2800 900 2966 953; x_wconf 81' lang='grc' dir='ltr'>αὐτοῦ</span> <span class='ocrx_word' id='word_1_159' title='bbox 2991 902 3390 972; x_wconf 87' lang='grc' dir='ltr'>χειραγωγίας;</span> <span class='ocrx_word' id='word_1_160' title='bbox 3427 905 3492 956; x_wconf 81' lang='grc' dir='ltr'><strong>Εἰ</strong></span> <span class='ocrx_word' id='word_1_161' title='bbox 3529 906 3589 959; x_wconf 87' lang='grc' dir='ltr'>δὲ</span> <span class='ocrx_word' id='word_1_162' title='bbox 3614 908 3692 971; x_wconf 77' lang='grc' dir='ltr'><strong>εἰς</strong></span> 
     </span>
    </p>
   </div>
   <div class='ocr_carea' id='block_1_25' title="bbox 2099 988 3694 1068">
    <p class='ocr_par' dir='ltr' id='par_1_25' title="bbox 2099 988 3694 1068">
     <span class='ocr_line' id='line_1_25' title="bbox 2099 988 3694 1068; baseline 0.007 -28"><span class='ocrx_word' id='word_1_163' title='bbox 2099 988 2198 1060; x_wconf 76' lang='grc' dir='ltr'><strong>τὴν</strong></span> <span class='ocrx_word' id='word_1_164' title='bbox 2236 988 2342 1043; x_wconf 87' lang='grc' dir='ltr'><strong>τῶν</strong></span> <span class='ocrx_word' id='word_1_165' title='bbox 2377 990 2571 1059; x_wconf 81' lang='grc' dir='ltr'><strong>λογίων</strong></span> <span class='ocrx_word' id='word_1_166' title='bbox 2614 992 2661 1025; x_wconf 79' lang='grc'>⁷⁸</span> <span class='ocrx_word' id='word_1_167' title='bbox 2705 992 2961 1064; x_wconf 80' lang='grc' dir='ltr'>ἀλήθειαν</span> <span class='ocrx_word' id='word_1_168' title='bbox 3004 995 3337 1060; x_wconf 84' lang='grc' dir='ltr'>ἀποσκοπεῖ,</span> <span class='ocrx_word' id='word_1_169' title='bbox 3373 997 3556 1068; x_wconf 82' lang='grc' dir='ltr'>τούτῳ</span> <span class='ocrx_word' id='word_1_170' title='bbox 3600 1001 3694 1051; x_wconf 78' lang='grc' dir='ltr'>καὶ</span> 
     </span>
    </p>
   </div>
   <div class='ocr_carea' id='block_1_26' title="bbox 2099 1080 3693 1159">
    <p class='ocr_par' dir='ltr' id='par_1_26' title="bbox 2099 1080 3693 1159">
     <span class='ocr_line' id='line_1_26' title="bbox 2099 1080 3693 1159; baseline 0.008 -29"><span class='ocrx_word' id='word_1_171' title='bbox 2099 1080 2264 1150; x_wconf 76' lang='grc' dir='ltr'>ἡμεῖς</span> <span class='ocrx_word' id='word_1_172' title='bbox 2289 1081 2473 1135; x_wconf 85' lang='grc' dir='ltr'><strong>κανόνι</strong></span> <span class='ocrx_word' id='word_1_173' title='bbox 2502 1084 2595 1135; x_wconf 76' lang='grc' dir='ltr'>καὶ</span> <span class='ocrx_word' id='word_1_174' title='bbox 2621 1084 2758 1152; x_wconf 79' lang='grc' dir='ltr'>φωτὶ</span> <span class='ocrx_word' id='word_1_175' title='bbox 2787 1085 2833 1116; x_wconf 77' lang='grc'><strong>⁷⁸</strong></span> <span class='ocrx_word' id='word_1_176' title='bbox 2862 1083 3133 1155; x_wconf 83' lang='grc' dir='ltr'>χρώμενοι</span> <span class='ocrx_word' id='word_1_177' title='bbox 3172 1086 3309 1157; x_wconf 86' lang='grc' dir='ltr'>πρὸς</span> <span class='ocrx_word' id='word_1_178' title='bbox 3350 1088 3453 1159; x_wconf 73' lang='grc' dir='ltr'>τὴν</span> <span class='ocrx_word' id='word_1_179' title='bbox 3496 1090 3693 1143; x_wconf 78' lang='grc' dir='ltr'>ἀπολο-</span> 
     </span>
    </p>
   </div>
   <div class='ocr_carea' id='block_1_27' title="bbox 2100 1168 3694 1249">
    <p class='ocr_par' dir='ltr' id='par_1_27' title="bbox 2100 1168 3694 1249">
     <span class='ocr_line' id='line_1_27' title="bbox 2100 1168 3694 1249; baseline 0.008 -26"><span class='ocrx_word' id='word_1_180' title='bbox 2100 1171 2245 1239; x_wconf 89' lang='grc' dir='ltr'>γίαν,</span> <span class='ocrx_word' id='word_1_181' title='bbox 2270 1172 2346 1237; x_wconf 82' lang='grc' dir='ltr'>ὡς</span> <span class='ocrx_word' id='word_1_182' title='bbox 2371 1168 2473 1226; x_wconf 75' lang='grc' dir='ltr'>οἷοί</span> <span class='ocrx_word' id='word_1_183' title='bbox 2496 1173 2557 1226; x_wconf 88' lang='grc' dir='ltr'><strong>τέ</strong></span> <span class='ocrx_word' id='word_1_184' title='bbox 2582 1176 2769 1244; x_wconf 77' lang='grc' dir='ltr'>ἐσμεν,</span> <span class='ocrx_word' id='word_1_185' title='bbox 2793 1174 3027 1239; x_wconf 81' lang='grc' dir='ltr'>ἀκλινῶς</span> <span class='ocrx_word' id='word_1_186' title='bbox 3063 1177 3413 1248; x_wconf 83' lang='grc' dir='ltr'>βαδιούμεθα,</span> <span class='ocrx_word' id='word_1_187' title='bbox 3454 1182 3694 1249; x_wconf 81' lang='grc' dir='ltr'>φάσκον-</span> 
     </span>
    </p>
   </div>
   <div class='ocr_carea' id='block_1_28' title="bbox 2099 1264 3694 1341">
    <p class='ocr_par' dir='ltr' id='par_1_28' title="bbox 2099 1264 3694 1341">
     <span class='ocr_line' id='line_1_28' title="bbox 2099 1264 3694 1341; baseline 0.006 -24"><span class='ocrx_word' id='word_1_188' title='bbox 2099 1280 2211 1327; x_wconf 89' lang='grc' dir='ltr'>τες,</span> <span class='ocrx_word' id='word_1_189' title='bbox 2246 1264 2322 1328; x_wconf 85' lang='grc' dir='ltr'>ὠς</span> <span class='ocrx_word' id='word_1_190' title='bbox 2348 1266 2381 1335; x_wconf 85' lang='grc' dir='ltr'><strong>ή</strong></span> <span class='ocrx_word' id='word_1_191' title='bbox 2410 1265 2659 1334; x_wconf 87' lang='grc' dir='ltr'>θεολογία</span> <span class='ocrx_word' id='word_1_192' title='bbox 2682 1270 2752 1320; x_wconf 86' lang='grc' dir='ltr'>τὰ</span> <span class='ocrx_word' id='word_1_193' title='bbox 2779 1267 2877 1339; x_wconf 86' lang='grc' dir='ltr'>μὲν</span> <span class='ocrx_word' id='word_1_194' title='bbox 2904 1268 3199 1338; x_wconf 84' lang='grc' dir='ltr'>ήνωμένως</span> <span class='ocrx_word' id='word_1_195' title='bbox 3227 1271 3592 1341; x_wconf 83' lang='grc' dir='ltr'>παραδίδωσι,</span> <span class='ocrx_word' id='word_1_196' title='bbox 3624 1274 3694 1326; x_wconf 72' lang='grc' dir='ltr'><strong>τὰ</strong></span> 
     </span>
    </p>
   </div>
   <div class='ocr_carea' id='block_1_29' title="bbox 2096 1356 3692 1432">
    <p class='ocr_par' dir='ltr' id='par_1_29' title="bbox 2096 1356 3692 1432">
     <span class='ocr_line' id='line_1_29' title="bbox 2096 1356 3692 1432; baseline 0.004 -21"><span class='ocrx_word' id='word_1_197' title='bbox 2096 1357 2154 1411; x_wconf 88' lang='grc' dir='ltr'>δὲ</span> <span class='ocrx_word' id='word_1_198' title='bbox 2178 1356 2637 1429; x_wconf 73' lang='grc' dir='ltr'>διακεκριμένωςο</span> <span class='ocrx_word' id='word_1_199' title='bbox 2676 1360 2769 1412; x_wconf 59' lang='grc' dir='ltr'><strong>καὶ⁵</strong></span> <span class='ocrx_word' id='word_1_200' title='bbox 2804 1358 2926 1413; x_wconf 77' lang='grc' dir='ltr'>οὔτε</span> <span class='ocrx_word' id='word_1_201' title='bbox 2952 1360 3021 1413; x_wconf 83' lang='grc' dir='ltr'>τὰ</span> <span class='ocrx_word' id='word_1_202' title='bbox 3046 1361 3300 1432; x_wconf 79' lang='grc' dir='ltr'><strong>ἡνωμένα</strong></span> <span class='ocrx_word' id='word_1_203' title='bbox 3330 1363 3573 1432; x_wconf 85' lang='grc' dir='ltr'>διαιρεῖν</span> <span class='ocrx_word' id='word_1_204' title='bbox 3605 1364 3692 1417; x_wconf 86' lang='grc' dir='ltr'>θε-</span> 
     </span>
    </p>
   </div>
   <div class='ocr_carea' id='block_1_30' title="bbox 2101 1446 3691 1525">
    <p class='ocr_par' dir='ltr' id='par_1_30' title="bbox 2101 1446 3691 1525">
     <span class='ocr_line' id='line_1_30' title="bbox 2101 1446 3691 1525; baseline 0.006 -27"><span class='ocrx_word' id='word_1_205' title='bbox 2101 1447 2276 1517; x_wconf 85' lang='grc' dir='ltr'>μιτὸν,</span> <span class='ocrx_word' id='word_1_206' title='bbox 2304 1446 2428 1500; x_wconf 72' lang='grc' dir='ltr'>οὔτε</span> <span class='ocrx_word' id='word_1_207' title='bbox 2452 1448 2521 1501; x_wconf 84' lang='grc' dir='ltr'>τὰ</span> <span class='ocrx_word' id='word_1_208' title='bbox 2542 1448 2934 1521; x_wconf 84' lang='grc' dir='ltr'>διακεκριμένα</span> <span class='ocrx_word' id='word_1_209' title='bbox 2962 1455 3182 1521; x_wconf 78' lang='grc' dir='ltr'><strong>συγχεῖν</strong></span> <span class='ocrx_word' id='word_1_210' title='bbox 3202 1468 3217 1482; x_wconf 75' lang='grc'><strong><em>⁸</em></strong></span> <span class='ocrx_word' id='word_1_211' title='bbox 3245 1453 3359 1505; x_wconf 87' lang='grc' dir='ltr'>ἀλλ’</span> <span class='ocrx_word' id='word_1_212' title='bbox 3387 1454 3691 1525; x_wconf 77' lang='grc' dir='ltr'>ἑπομένως</span> 
     </span>
    </p>
   </div>
   <div class='ocr_carea' id='block_1_31' title="bbox 2097 1539 3692 1617">
    <p class='ocr_par' dir='ltr' id='par_1_31' title="bbox 2097 1539 3692 1617">
     <span class='ocr_line' id='line_1_31' title="bbox 2097 1539 3692 1617; baseline 0.006 -26"><span class='ocrx_word' id='word_1_213' title='bbox 2097 1540 2236 1610; x_wconf 79' lang='grc' dir='ltr'>αὐτῇ</span> <span class='ocrx_word' id='word_1_214' title='bbox 2265 1540 2406 1593; x_wconf 84' lang='grc' dir='ltr'>κατὰ</span> <span class='ocrx_word' id='word_1_215' title='bbox 2430 1539 2681 1611; x_wconf 86' lang='grc' dir='ltr'>δύναμιν,</span> <span class='ocrx_word' id='word_1_216' title='bbox 2709 1543 2802 1595; x_wconf 74' lang='grc' dir='ltr'>ἐπὶ</span> <span class='ocrx_word' id='word_1_217' title='bbox 2832 1540 2933 1606; x_wconf 81' lang='grc' dir='ltr'>τὰς</span> <span class='ocrx_word' id='word_1_218' title='bbox 2956 1542 3109 1607; x_wconf 89' lang='grc' dir='ltr'>θείας</span> <span class='ocrx_word' id='word_1_219' title='bbox 3151 1546 3527 1617; x_wconf 78' lang='grc' dir='ltr'>μαρμαρυγὰς</span> <span class='ocrx_word' id='word_1_220' title='bbox 3563 1547 3692 1600; x_wconf 81' lang='grc' dir='ltr'>ἀνα-</span> 
     </span>
    </p>
   </div>
   <div class='ocr_carea' id='block_1_32' title="bbox 2097 1632 3690 1710">
    <p class='ocr_par' dir='ltr' id='par_1_32' title="bbox 2097 1632 3690 1710">
     <span class='ocr_line' id='line_1_32' title="bbox 2097 1632 3690 1710; baseline 0.004 -26"><span class='ocrx_word' id='word_1_221' title='bbox 2097 1632 2271 1685; x_wconf 86' lang='grc' dir='ltr'>νεύειν</span> <span class='ocrx_word' id='word_1_222' title='bbox 2287 1649 2300 1663; x_wconf 88' lang='grc'><strong>·</strong></span> <span class='ocrx_word' id='word_1_223' title='bbox 2328 1634 2421 1686; x_wconf 82' lang='grc' dir='ltr'>καὶ</span> <span class='ocrx_word' id='word_1_224' title='bbox 2446 1633 2555 1705; x_wconf 85' lang='grc' dir='ltr'>γὰρ</span> <span class='ocrx_word' id='word_1_225' title='bbox 2581 1634 2788 1688; x_wconf 75' lang='grc' dir='ltr'>ἐκεῖθεν</span> <span class='ocrx_word' id='word_1_226' title='bbox 2812 1634 2912 1699; x_wconf 86' lang='grc' dir='ltr'><strong>τάς</strong></span> <span class='ocrx_word' id='word_1_227' title='bbox 2938 1635 3089 1699; x_wconf 83' lang='grc' dir='ltr'>θείας</span> <span class='ocrx_word' id='word_1_228' title='bbox 3117 1639 3479 1709; x_wconf 82' lang='grc' dir='ltr'>έκφαντορίας</span> <span class='ocrx_word' id='word_1_229' title='bbox 3505 1655 3690 1710; x_wconf 85' lang='grc' dir='ltr'>παρα-</span> 
     </span>
    </p>
   </div>
   <div class='ocr_carea' id='block_1_33' title="bbox 2097 1723 3691 1799">
    <p class='ocr_par' dir='ltr' id='par_1_33' title="bbox 2097 1723 3691 1799">
     <span class='ocr_line' id='line_1_33' title="bbox 2097 1723 3691 1799; baseline 0.004 -23"><span class='ocrx_word' id='word_1_230' title='bbox 2097 1723 2372 1789; x_wconf 76' lang='grc' dir='ltr'>λαϐόντες,</span> <span class='ocrx_word' id='word_1_231' title='bbox 2398 1724 2586 1797; x_wconf 85' lang='grc' dir='ltr'>ὥσπερ</span> <span class='ocrx_word' id='word_1_232' title='bbox 2610 1724 2731 1779; x_wconf 77' lang='grc' dir='ltr'>τινὰ</span> <span class='ocrx_word' id='word_1_233' title='bbox 2765 1727 2966 1780; x_wconf 85' lang='grc' dir='ltr'>κανόνα</span> <span class='ocrx_word' id='word_1_234' title='bbox 2999 1728 3280 1783; x_wconf 84' lang='grc' dir='ltr'>κάλλιστον</span> <span class='ocrx_word' id='word_1_235' title='bbox 3314 1729 3601 1799; x_wconf 79' lang='grc' dir='ltr'>ἀληθείας,</span> <span class='ocrx_word' id='word_1_236' title='bbox 3624 1731 3691 1784; x_wconf 68' lang='grc' dir='ltr'>τὲ</span> 
     </span>
    </p>
   </div>
   <div class='ocr_carea' id='block_1_34' title="bbox 416 1812 1998 1907">
    <p class='ocr_par' dir='ltr' id='par_1_34' title="bbox 416 1823 1998 1896">
     <span class='ocr_line' id='line_1_34' title="bbox 416 1823 1998 1896; baseline -0.001 -19"><span class='ocrx_word' id='word_1_237' title='bbox 416 1828 762 1896; x_wconf 82' lang='lat' dir='ltr'><strong>planatinnes</strong></span> <span class='ocrx_word' id='word_1_238' title='bbox 812 1841 909 1882; x_wconf 93' lang='lat' dir='ltr'><strong>ceu</strong></span> <span class='ocrx_word' id='word_1_239' title='bbox 961 1826 1250 1893; x_wconf 85' lang='lat' dir='ltr'><strong>quamdam</strong></span> <span class='ocrx_word' id='word_1_240' title='bbox 1300 1824 1548 1878; x_wconf 78' lang='lat' dir='ltr'><strong>veritatis</strong></span> <span class='ocrx_word' id='word_1_241' title='bbox 1594 1823 1836 1893; x_wconf 77' lang='lat' dir='ltr'><strong>regulam</strong></span> <span class='ocrx_word' id='word_1_242' title='bbox 1881 1823 1998 1894; x_wconf 89' lang='lat' dir='ltr'><strong>pul-</strong></span> 
     </span>
    </p>
   </div>
   <div class='ocr_carea' id='block_1_35' title="bbox 2104 1812 3691 1907">
    <p class='ocr_par' dir='ltr' id='par_1_35' title="bbox 2104 1818 3691 1907">
     <span class='ocr_line' id='line_1_35' title="bbox 2104 1818 3691 1907; baseline 0.004 -38"><span class='ocrx_word' id='word_1_243' title='bbox 2104 1818 2217 1870; x_wconf 77' lang='grc' dir='ltr'>ἐκεῖ</span> <span class='ocrx_word' id='word_1_244' title='bbox 2266 1818 2493 1889; x_wconf 76' lang='grc' dir='ltr'>κείμενα</span> <span class='ocrx_word' id='word_1_245' title='bbox 2560 1823 2817 1891; x_wconf 81' lang='grc' dir='ltr'>φρουρεῖν</span> <span class='ocrx_word' id='word_1_246' title='bbox 2863 1822 2922 1875; x_wconf 80' lang='grc' dir='ltr'>ὲν</span> <span class='ocrx_word' id='word_1_247' title='bbox 2965 1824 3179 1907; x_wconf 74' lang='grc' dir='ltr'>έαυτοῖς</span> <span class='ocrx_word' id='word_1_248' title='bbox 3223 1822 3550 1893; x_wconf 78' lang='grc' dir='ltr'>ἀπλήθυντα</span> <span class='ocrx_word' id='word_1_249' title='bbox 3600 1825 3691 1877; x_wconf 72' lang='grc' dir='ltr'>καὶ</span> 
     </span>
    </p>
   </div>
   <div class='ocr_carea' id='block_1_36' title="bbox 415 1915 2001 1993">
    <p class='ocr_par' dir='ltr' id='par_1_36' title="bbox 415 1915 2001 1993">
     <span class='ocr_line' id='line_1_36' title="bbox 415 1915 2001 1993; baseline 0 -24"><span class='ocrx_word' id='word_1_250' title='bbox 415 1917 788 1981; x_wconf 80' lang='lat' dir='ltr'><strong>chen-imam,</strong></span> <span class='ocrx_word' id='word_1_251' title='bbox 853 1917 1179 1986; x_wconf 88' lang='lat' dir='ltr'><strong>accipimus,</strong></span> <span class='ocrx_word' id='word_1_252' title='bbox 1242 1915 1369 1969; x_wconf 88' lang='lat' dir='ltr'><strong>dum</strong></span> <span class='ocrx_word' id='word_1_253' title='bbox 1435 1929 1556 1984; x_wconf 77' lang='lat' dir='ltr'><strong>qua:</strong></span> <span class='ocrx_word' id='word_1_254' title='bbox 1601 1915 1673 1968; x_wconf 86' lang='lat' dir='ltr'><strong>ibi</strong></span> <span class='ocrx_word' id='word_1_255' title='bbox 1727 1923 1854 1968; x_wconf 91' lang='lat' dir='ltr'><strong>sunt</strong></span> <span class='ocrx_word' id='word_1_256' title='bbox 1908 1930 2001 1993; x_wconf 49' lang='lat' dir='ltr'><strong>re;</strong></span> 
     </span>
    </p>
   </div>
   <div class='ocr_carea' id='block_1_37' title="bbox 415 2004 2003 2075">
    <p class='ocr_par' dir='ltr' id='par_1_37' title="bbox 415 2004 2003 2075">
     <span class='ocr_line' id='line_1_37' title="bbox 415 2004 2003 2075; baseline -0.001 -15"><span class='ocrx_word' id='word_1_257' title='bbox 415 2007 665 2072; x_wconf 86' lang='lat' dir='ltr'><strong>condita,</strong></span> <span class='ocrx_word' id='word_1_258' title='bbox 695 2006 828 2061; x_wconf 83' lang='lat' dir='ltr'><strong>nihil</strong></span> <span class='ocrx_word' id='word_1_259' title='bbox 876 2007 1146 2071; x_wconf 91' lang='lat' dir='ltr'><strong>addendo,</strong></span> <span class='ocrx_word' id='word_1_260' title='bbox 1180 2006 1315 2060; x_wconf 90' lang='lat' dir='ltr'><strong>nihil</strong></span> <span class='ocrx_word' id='word_1_261' title='bbox 1368 2004 1687 2072; x_wconf 90' lang='lat' dir='ltr'><strong>minuendo,</strong></span> <span class='ocrx_word' id='word_1_262' title='bbox 1717 2005 1852 2059; x_wconf 93' lang='lat' dir='ltr'><strong>nihil</strong></span> <span class='ocrx_word' id='word_1_263' title='bbox 1880 2021 2003 2075; x_wconf 85' lang='lat' dir='ltr'><strong>per-</strong></span> 
     </span>
    </p>
   </div>
   <div class='ocr_carea' id='block_1_38' title="bbox 416 2098 2001 2168">
    <p class='ocr_par' dir='ltr' id='par_1_38' title="bbox 416 2098 2001 2168">
     <span class='ocr_line' id='line_1_38' title="bbox 416 2098 2001 2168; baseline -0.001 -17"><span class='ocrx_word' id='word_1_264' title='bbox 416 2100 720 2165; x_wconf 87' lang='lat' dir='ltr'><strong>vertendo,</strong></span> <span class='ocrx_word' id='word_1_265' title='bbox 776 2100 830 2154; x_wconf 93' lang='lat' dir='ltr'><strong>in</strong></span> <span class='ocrx_word' id='word_1_266' title='bbox 903 2100 1308 2168; x_wconf 88' lang='lat' dir='ltr'><strong>nobismetipsis</strong></span> <span class='ocrx_word' id='word_1_267' title='bbox 1354 2113 1684 2153; x_wconf 80' lang='lat' dir='ltr'><strong>conservare</strong></span> <span class='ocrx_word' id='word_1_268' title='bbox 1753 2098 2001 2159; x_wconf 82' lang='lat' dir='ltr'><strong>nitimur.</strong></span> 
     </span>
    </p>
   </div>
   <div class='ocr_carea' id='block_1_39' title="bbox 2101 1912 3694 1988">
    <p class='ocr_par' dir='ltr' id='par_1_39' title="bbox 2101 1912 3694 1988">
     <span class='ocr_line' id='line_1_39' title="bbox 2101 1912 3694 1988; baseline 0.004 -24"><span class='ocrx_word' id='word_1_269' title='bbox 2101 1912 2349 1981; x_wconf 85' lang='grc' dir='ltr'>ἀμείωτα</span> <span class='ocrx_word' id='word_1_270' title='bbox 2374 1914 2469 1966; x_wconf 75' lang='grc' dir='ltr'>καὶ</span> <span class='ocrx_word' id='word_1_271' title='bbox 2492 1914 2890 1985; x_wconf 83' lang='grc' dir='ltr'>ἀπαράτρεπτα</span> <span class='ocrx_word' id='word_1_272' title='bbox 2918 1916 3238 1987; x_wconf 82' lang='grc' dir='ltr'>σπεύδομεν,</span> <span class='ocrx_word' id='word_1_273' title='bbox 3268 1917 3329 1970; x_wconf 85' lang='grc' dir='ltr'>ὲν</span> <span class='ocrx_word' id='word_1_274' title='bbox 3362 1920 3432 1987; x_wconf 79' lang='grc' dir='ltr'>τῇ</span> <span class='ocrx_word' id='word_1_275' title='bbox 3475 1918 3694 1988; x_wconf 74' lang='grc' dir='ltr'>φρουρᾷ</span> 
     </span>
    </p>
   </div>
   <div class='ocr_carea' id='block_1_40' title="bbox 2100 2004 3694 2080">
    <p class='ocr_par' dir='ltr' id='par_1_40' title="bbox 2100 2004 3694 2080">
     <span class='ocr_line' id='line_1_40' title="bbox 2100 2004 3694 2080; baseline 0.004 -24"><span class='ocrx_word' id='word_1_276' title='bbox 2100 2004 2211 2056; x_wconf 84' lang='grc' dir='ltr'><strong>τῶν</strong></span> <span class='ocrx_word' id='word_1_277' title='bbox 2233 2005 2428 2073; x_wconf 87' lang='grc' dir='ltr'>λογίων</span> <span class='ocrx_word' id='word_1_278' title='bbox 2444 2004 2834 2076; x_wconf 80' lang='grc' dir='ltr'>φρουρούμενοι</span> <span class='ocrx_word' id='word_1_279' title='bbox 2864 2008 2959 2061; x_wconf 82' lang='grc' dir='ltr'>καὶ</span> <span class='ocrx_word' id='word_1_280' title='bbox 2982 2008 3116 2080; x_wconf 83' lang='grc' dir='ltr'>πρὸς</span> <span class='ocrx_word' id='word_1_281' title='bbox 3139 2009 3319 2063; x_wconf 83' lang='grc' dir='ltr'>αὐτῶν</span> <span class='ocrx_word' id='word_1_282' title='bbox 3355 2010 3440 2073; x_wconf 83' lang='grc' dir='ltr'><strong>είς</strong></span> <span class='ocrx_word' id='word_1_283' title='bbox 3451 2010 3517 2062; x_wconf 83' lang='grc' dir='ltr'><strong>τὸ</strong></span> <span class='ocrx_word' id='word_1_284' title='bbox 3532 2026 3694 2080; x_wconf 80' lang='grc' dir='ltr'>φρου-</span> 
     </span>
    </p>
   </div>
   <div class='ocr_carea' id='block_1_41' title="bbox 2108 2097 3311 2173">
    <p class='ocr_par' dir='ltr' id='par_1_41' title="bbox 2108 2097 3311 2173">
     <span class='ocr_line' id='line_1_41' title="bbox 2108 2097 3311 2173; baseline 0.005 -22"><span class='ocrx_word' id='word_1_285' title='bbox 2108 2098 2334 2171; x_wconf 82' lang='grc' dir='ltr'>ροῦντας</span> <span class='ocrx_word' id='word_1_286' title='bbox 2358 2097 2497 2152; x_wconf 79' lang='grc' dir='ltr'>αὐτὰ</span> <span class='ocrx_word' id='word_1_287' title='bbox 2523 2100 2875 2172; x_wconf 83' lang='grc' dir='ltr'>φρουρεῖσθαι</span> <span class='ocrx_word' id='word_1_288' title='bbox 2896 2101 3311 2173; x_wconf 84' lang='grc' dir='ltr'>δυναμούμενοι.</span> 
     </span>
    </p>
   </div>
   <div class='ocr_carea' id='block_1_42' title="bbox 418 2192 3693 2267">
    <p class='ocr_par' dir='ltr' id='par_1_42' title="bbox 418 2192 3693 2267">
     <span class='ocr_line' id='line_1_42' title="bbox 418 2192 3693 2267; baseline 0.002 -18"><span class='ocrx_word' id='word_1_289' title='bbox 418 2207 580 2267; x_wconf 84' lang='lat' dir='ltr'><strong>atque</strong></span> <span class='ocrx_word' id='word_1_290' title='bbox 628 2196 726 2266; x_wconf 88' lang='lat' dir='ltr'><strong>ipsi</strong></span> <span class='ocrx_word' id='word_1_291' title='bbox 771 2197 989 2251; x_wconf 86' lang='lat' dir='ltr'><strong>interim</strong></span> <span class='ocrx_word' id='word_1_292' title='bbox 1043 2196 1380 2264; x_wconf 83' lang='lat' dir='ltr'><strong>eloquiorum</strong></span> <span class='ocrx_word' id='word_1_293' title='bbox 1430 2192 1679 2250; x_wconf 88' lang='lat' dir='ltr'><strong>custodia</strong></span> <span class='ocrx_word' id='word_1_294' title='bbox 1737 2206 2154 2257; x_wconf 74' lang='lat' dir='ltr'><strong>conservantur,</strong></span> <span class='ocrx_word' id='word_1_295' title='bbox 2186 2207 2286 2248; x_wconf 88' lang='lat' dir='ltr'><strong>nec</strong></span> <span class='ocrx_word' id='word_1_296' title='bbox 2339 2208 2446 2248; x_wconf 91' lang='lat' dir='ltr'><strong>non</strong></span> <span class='ocrx_word' id='word_1_297' title='bbox 2496 2195 2565 2249; x_wconf 90' lang='lat' dir='ltr'><strong>ab</strong></span> <span class='ocrx_word' id='word_1_298' title='bbox 2612 2193 2806 2249; x_wconf 80' lang='lat' dir='ltr'><strong>iisdem</strong></span> <span class='ocrx_word' id='word_1_299' title='bbox 2848 2193 2916 2247; x_wconf 88' lang='lat' dir='ltr'><strong>ad</strong></span> <span class='ocrx_word' id='word_1_300' title='bbox 2943 2209 3131 2251; x_wconf 87' lang='lat' dir='ltr'><strong>eorum</strong></span> <span class='ocrx_word' id='word_1_301' title='bbox 3172 2196 3567 2254; x_wconf 82' lang='lat' dir='ltr'><strong>observatores</strong></span> <span class='ocrx_word' id='word_1_302' title='bbox 3596 2200 3693 2255; x_wconf 88' lang='lat' dir='ltr'><strong>dc-</strong></span> 
     </span>
    </p>
   </div>
   <div class='ocr_carea' id='block_1_43' title="bbox 417 2289 1251 2360">
    <p class='ocr_par' dir='ltr' id='par_1_43' title="bbox 417 2289 1251 2360">
     <span class='ocr_line' id='line_1_43' title="bbox 417 2289 1251 2360; baseline 0.007 -17"><span class='ocrx_word' id='word_1_303' title='bbox 417 2289 715 2345; x_wconf 85' lang='lat' dir='ltr'><strong>l‘cndendos</strong></span> <span class='ocrx_word' id='word_1_304' title='bbox 743 2291 889 2343; x_wconf 91' lang='lat' dir='ltr'><strong>vires</strong></span> <span class='ocrx_word' id='word_1_305' title='bbox 924 2290 1251 2360; x_wconf 83' lang='lat' dir='ltr'><strong>accipimus.</strong></span> 
     </span>
    </p>
   </div>
   <div class='ocr_carea' id='block_1_44' title="bbox 1938 2397 2111 2473">
    <p class='ocr_par' dir='ltr' id='par_1_44' title="bbox 1938 2397 2111 2473">
     <span class='ocr_line' id='line_1_44' title="bbox 1938 2397 2111 2473; baseline -0.006 -14"><span class='ocrx_word' id='word_1_306' title='bbox 1938 2399 1965 2473; x_wconf 65' lang='grc' dir='ltr'><strong>ς</strong></span> <span class='ocrx_word' id='word_1_307' title='bbox 1999 2397 2111 2459; x_wconf 86' lang='grc' dir='ltr'>ιιι.</span> 
     </span>
    </p>
   </div>
   <div class='ocr_carea' id='block_1_45' title="bbox 486 2545 1993 2618">
    <p class='ocr_par' dir='ltr' id='par_1_45' title="bbox 486 2545 1993 2618">
     <span class='ocr_line' id='line_1_45' title="bbox 486 2545 1993 2618; baseline -0.003 -17"><span class='ocrx_word' id='word_1_308' title='bbox 486 2546 718 2601; x_wconf 85' lang='lat' dir='ltr'><strong>Nomina</strong></span> <span class='ocrx_word' id='word_1_309' title='bbox 754 2548 935 2618; x_wconf 81' lang='lat' dir='ltr'><strong>itaque</strong></span> <span class='ocrx_word' id='word_1_310' title='bbox 978 2546 1231 2617; x_wconf 89' lang='lat' dir='ltr'><strong>copulata</strong></span> <span class='ocrx_word' id='word_1_311' title='bbox 1266 2547 1318 2602; x_wconf 95' lang='lat' dir='ltr'><strong>in</strong></span> <span class='ocrx_word' id='word_1_312' title='bbox 1348 2562 1515 2602; x_wconf 92' lang='lat' dir='ltr'><strong>unum</strong></span> <span class='ocrx_word' id='word_1_313' title='bbox 1553 2548 1605 2602; x_wconf 91' lang='lat' dir='ltr'><strong>in</strong></span> <span class='ocrx_word' id='word_1_314' title='bbox 1640 2555 1754 2602; x_wconf 90' lang='lat' dir='ltr'><strong>tota</strong></span> <span class='ocrx_word' id='word_1_315' title='bbox 1794 2545 1993 2600; x_wconf 90' lang='lat' dir='ltr'><strong>divini-</strong></span> 
     </span>
    </p>
   </div>
   <div class='ocr_carea' id='block_1_46' title="bbox 418 2639 1991 2712">
    <p class='ocr_par' dir='ltr' id='par_1_46' title="bbox 418 2639 1991 2712">
     <span class='ocr_line' id='line_1_46' title="bbox 418 2639 1991 2712; baseline -0.001 -19"><span class='ocrx_word' id='word_1_316' title='bbox 418 2648 550 2706; x_wconf 87' lang='lat' dir='ltr'><strong>tate,</strong></span> <span class='ocrx_word' id='word_1_317' title='bbox 584 2648 642 2693; x_wconf 90' lang='lat' dir='ltr'><strong>ut</strong></span> <span class='ocrx_word' id='word_1_318' title='bbox 693 2640 748 2693; x_wconf 92' lang='lat' dir='ltr'><strong>in</strong></span> <span class='ocrx_word' id='word_1_319' title='bbox 799 2641 1117 2712; x_wconf 68' lang='lat' dir='ltr'><strong>theologicis</strong></span> <span class='ocrx_word' id='word_1_320' title='bbox 1164 2640 1643 2695; x_wconf 81' lang='lat' dir='ltr'><strong>inlormationibus</strong></span> <span class='ocrx_word' id='word_1_321' title='bbox 1679 2639 1888 2708; x_wconf 77' lang='lat' dir='ltr'><strong>prolixe</strong></span> <span class='ocrx_word' id='word_1_322' title='bbox 1926 2654 1991 2692; x_wconf 77' lang='lat' dir='ltr'><strong>ex</strong></span> 
     </span>
    </p>
   </div>
   <div class='ocr_carea' id='block_1_47' title="bbox 420 2734 1996 2802">
    <p class='ocr_par' dir='ltr' id='par_1_47' title="bbox 420 2734 1996 2802">
     <span class='ocr_line' id='line_1_47' title="bbox 420 2734 1996 2802; baseline -0.001 -16"><span class='ocrx_word' id='word_1_323' title='bbox 420 2734 719 2801; x_wconf 87' lang='lat' dir='ltr'><strong>Scripturis</strong></span> <span class='ocrx_word' id='word_1_324' title='bbox 776 2736 947 2789; x_wconf 87' lang='lat' dir='ltr'><strong>sacris</strong></span> <span class='ocrx_word' id='word_1_325' title='bbox 998 2736 1510 2800; x_wconf 82' lang='lat' dir='ltr'><strong>demonstravimus,</strong></span> <span class='ocrx_word' id='word_1_326' title='bbox 1575 2743 1743 2797; x_wconf 90' lang='lat' dir='ltr'><strong>sunt,</strong></span> <span class='ocrx_word' id='word_1_327' title='bbox 1800 2747 1996 2802; x_wconf 88' lang='lat' dir='ltr'><strong>supra-</strong></span> 
     </span>
    </p>
   </div>
   <div class='ocr_carea' id='block_1_48' title="bbox 418 2828 1994 2898">
    <p class='ocr_par' dir='ltr' id='par_1_48' title="bbox 418 2828 1994 2898">
     <span class='ocr_line' id='line_1_48' title="bbox 418 2828 1994 2898; baseline -0.001 -19"><span class='ocrx_word' id='word_1_328' title='bbox 418 2842 583 2895; x_wconf 85' lang='lat' dir='ltr'><strong>qnam</strong></span> <span class='ocrx_word' id='word_1_329' title='bbox 634 2829 827 2893; x_wconf 85' lang='lat' dir='ltr'><strong>bonus,</strong></span> <span class='ocrx_word' id='word_1_330' title='bbox 865 2844 1194 2898; x_wconf 88' lang='lat' dir='ltr'><strong>supraquam</strong></span> <span class='ocrx_word' id='word_1_331' title='bbox 1253 2831 1412 2895; x_wconf 86' lang='lat' dir='ltr'><strong>Deus,</strong></span> <span class='ocrx_word' id='word_1_332' title='bbox 1464 2842 1795 2897; x_wconf 88' lang='lat' dir='ltr'><strong>supraquam</strong></span> <span class='ocrx_word' id='word_1_333' title='bbox 1862 2828 1994 2881; x_wconf 90' lang='lat' dir='ltr'><strong>sub-</strong></span> 
     </span>
    </p>
   </div>
   <div class='ocr_carea' id='block_1_49' title="bbox 418 2919 1993 2991">
    <p class='ocr_par' dir='ltr' id='par_1_49' title="bbox 418 2919 1993 2991">
     <span class='ocr_line' id='line_1_49' title="bbox 418 2919 1993 2991; baseline 0.001 -20"><span class='ocrx_word' id='word_1_334' title='bbox 418 2920 663 2984; x_wconf 90' lang='lat' dir='ltr'><strong>stantia,</strong></span> <span class='ocrx_word' id='word_1_335' title='bbox 715 2937 1045 2991; x_wconf 83' lang='lat' dir='ltr'><strong>snpraquam</strong></span> <span class='ocrx_word' id='word_1_336' title='bbox 1101 2924 1311 2988; x_wconf 81' lang='lat' dir='ltr'><strong>vivens,</strong></span> <span class='ocrx_word' id='word_1_337' title='bbox 1362 2936 1692 2990; x_wconf 77' lang='lat' dir='ltr'><strong>supraquam</strong></span> <span class='ocrx_word' id='word_1_338' title='bbox 1751 2919 1993 2989; x_wconf 87' lang='lat' dir='ltr'><strong>sapiens,</strong></span> 
     </span>
    </p>
   </div>
   <div class='ocr_carea' id='block_1_50' title="bbox 417 3014 1997 3083">
    <p class='ocr_par' dir='ltr' id='par_1_50' title="bbox 417 3014 1997 3083">
     <span class='ocr_line' id='line_1_50' title="bbox 417 3014 1997 3083; baseline 0.001 -20"><span class='ocrx_word' id='word_1_339' title='bbox 417 3020 473 3063; x_wconf 87' lang='lat' dir='ltr'><strong>et</strong></span> <span class='ocrx_word' id='word_1_340' title='bbox 504 3026 842 3081; x_wconf 68' lang='lat' dir='ltr'><strong>quaecunque</strong></span> <span class='ocrx_word' id='word_1_341' title='bbox 865 3022 991 3067; x_wconf 90' lang='lat' dir='ltr'><strong>sunt</strong></span> <span class='ocrx_word' id='word_1_342' title='bbox 1020 3014 1311 3069; x_wconf 85' lang='lat' dir='ltr'><strong>ablatiouis</strong></span> <span class='ocrx_word' id='word_1_343' title='bbox 1335 3014 1633 3068; x_wconf 88' lang='lat' dir='ltr'><strong>secundum</strong></span> <span class='ocrx_word' id='word_1_344' title='bbox 1660 3028 1997 3083; x_wconf 79' lang='lat' dir='ltr'><strong>exsuperan-</strong></span> 
     </span>
    </p>
   </div>
   <div class='ocr_carea' id='block_1_51' title="bbox 419 3102 1995 3175">
    <p class='ocr_par' dir='ltr' id='par_1_51' title="bbox 419 3102 1995 3175">
     <span class='ocr_line' id='line_1_51' title="bbox 419 3102 1995 3175; baseline 0.004 -20"><span class='ocrx_word' id='word_1_345' title='bbox 419 3102 583 3168; x_wconf 86' lang='lat' dir='ltr'><strong>tiam;</strong></span> <span class='ocrx_word' id='word_1_346' title='bbox 618 3118 740 3157; x_wconf 90' lang='lat' dir='ltr'><strong>cum</strong></span> <span class='ocrx_word' id='word_1_347' title='bbox 769 3105 967 3174; x_wconf 87' lang='lat' dir='ltr'><strong>quibus</strong></span> <span class='ocrx_word' id='word_1_348' title='bbox 1001 3115 1359 3160; x_wconf 87' lang='lat' dir='ltr'><strong>numerantur</strong></span> <span class='ocrx_word' id='word_1_349' title='bbox 1380 3111 1561 3161; x_wconf 85' lang='lat' dir='ltr'><strong>omnia</strong></span> <span class='ocrx_word' id='word_1_350' title='bbox 1593 3122 1713 3175; x_wconf 65' lang='lat' dir='ltr'><strong>quae</strong></span> <span class='ocrx_word' id='word_1_351' title='bbox 1740 3107 1807 3159; x_wconf 90' lang='lat' dir='ltr'><strong>ad</strong></span> <span class='ocrx_word' id='word_1_352' title='bbox 1836 3109 1995 3161; x_wconf 87' lang='lat' dir='ltr'><strong>ratio-</strong></span> 
     </span>
    </p>
   </div>
   <div class='ocr_carea' id='block_1_52' title="bbox 2174 2531 3692 2611">
    <p class='ocr_par' dir='ltr' id='par_1_52' title="bbox 2174 2531 3692 2611">
     <span class='ocr_line' id='line_1_52' title="bbox 2174 2531 3692 2611; baseline 0.001 -19"><span class='ocrx_word' id='word_1_353' title='bbox 2174 2537 2255 2593; x_wconf 70' lang='grc' dir='ltr'><strong>Τὰ</strong></span> <span class='ocrx_word' id='word_1_354' title='bbox 2289 2538 2386 2609; x_wconf 81' lang='grc' dir='ltr'><strong>μὲν</strong></span> <span class='ocrx_word' id='word_1_355' title='bbox 2420 2531 2512 2592; x_wconf 77' lang='grc' dir='ltr'>οὖν</span> <span class='ocrx_word' id='word_1_356' title='bbox 2544 2538 2799 2609; x_wconf 82' lang='grc' dir='ltr'>ἡνωμένα</span> <span class='ocrx_word' id='word_1_357' title='bbox 2840 2539 2937 2611; x_wconf 80' lang='grc' dir='ltr'>τῆς</span> <span class='ocrx_word' id='word_1_358' title='bbox 2965 2538 3092 2609; x_wconf 79' lang='grc' dir='ltr'>ὅλης</span> <span class='ocrx_word' id='word_1_359' title='bbox 3121 2537 3368 2611; x_wconf 84' lang='grc' dir='ltr'>θεότητός</span> <span class='ocrx_word' id='word_1_360' title='bbox 3410 2541 3581 2605; x_wconf 78' lang='grc' dir='ltr'>ἐστιν,</span> <span class='ocrx_word' id='word_1_361' title='bbox 3610 2544 3692 2607; x_wconf 81' lang='grc' dir='ltr'><strong>ὡς</strong></span> 
     </span>
    </p>
   </div>
   <div class='ocr_carea' id='block_1_53' title="bbox 2100 2630 3692 2699">
    <p class='ocr_par' dir='ltr' id='par_1_53' title="bbox 2100 2630 3692 2699">
     <span class='ocr_line' id='line_1_53' title="bbox 2100 2630 3692 2699; baseline 0.002 -14"><span class='ocrx_word' id='word_1_362' title='bbox 2100 2631 2159 2685; x_wconf 76' lang='grc' dir='ltr'>ὲν</span> <span class='ocrx_word' id='word_1_363' title='bbox 2187 2633 2307 2694; x_wconf 86' lang='grc' dir='ltr'>ταῖς</span> <span class='ocrx_word' id='word_1_364' title='bbox 2338 2630 2672 2699; x_wconf 78' lang='grc' dir='ltr'>θεολογικαῖς</span> <span class='ocrx_word' id='word_1_365' title='bbox 2702 2632 3086 2685; x_wconf 83' lang='grc' dir='ltr'>ὑποτυπώσεσι</span> <span class='ocrx_word' id='word_1_366' title='bbox 3104 2630 3192 2685; x_wconf 75' lang='grc' dir='ltr'>διὰ</span> <span class='ocrx_word' id='word_1_367' title='bbox 3211 2632 3472 2685; x_wconf 80' lang='grc' dir='ltr'>πλειόνων</span> <span class='ocrx_word' id='word_1_368' title='bbox 3493 2636 3560 2687; x_wconf 76' lang='grc' dir='ltr'>ἐκ</span> <span class='ocrx_word' id='word_1_369' title='bbox 3577 2636 3692 2688; x_wconf 84' lang='grc' dir='ltr'><strong>τῶν</strong></span> 
     </span>
    </p>
   </div>
   <div class='ocr_carea' id='block_1_54' title="bbox 2100 2724 3693 2797">
    <p class='ocr_par' dir='ltr' id='par_1_54' title="bbox 2100 2724 3693 2797">
     <span class='ocr_line' id='line_1_54' title="bbox 2100 2724 3693 2797; baseline 0.001 -20"><span class='ocrx_word' id='word_1_370' title='bbox 2100 2724 2297 2793; x_wconf 85' lang='grc' dir='ltr'>λογίων</span> <span class='ocrx_word' id='word_1_371' title='bbox 2344 2724 2724 2794; x_wconf 78' lang='grc' dir='ltr'>ἀπεδείξαμεν,</span> <span class='ocrx_word' id='word_1_372' title='bbox 2775 2725 2836 2777; x_wconf 86' lang='grc' dir='ltr'>τὸ</span> <span class='ocrx_word' id='word_1_373' title='bbox 2877 2724 3245 2795; x_wconf 78' lang='grc' dir='ltr'>ὑπεράγαθον,</span> <span class='ocrx_word' id='word_1_374' title='bbox 3289 2726 3350 2778; x_wconf 83' lang='grc' dir='ltr'><strong>τὸ</strong></span> <span class='ocrx_word' id='word_1_375' title='bbox 3394 2726 3693 2797; x_wconf 78' lang='grc' dir='ltr'>ὑπέρθεον,</span> 
     </span>
    </p>
   </div>
   <div class='ocr_carea' id='block_1_55' title="bbox 2100 2816 3695 2890">
    <p class='ocr_par' dir='ltr' id='par_1_55' title="bbox 2100 2816 3695 2890">
     <span class='ocr_line' id='line_1_55' title="bbox 2100 2816 3695 2890; baseline 0.003 -20"><span class='ocrx_word' id='word_1_376' title='bbox 2100 2816 2162 2870; x_wconf 85' lang='grc' dir='ltr'><strong>τὸ</strong></span> <span class='ocrx_word' id='word_1_377' title='bbox 2190 2816 2534 2888; x_wconf 87' lang='grc' dir='ltr'>ύπερούσιον,</span> <span class='ocrx_word' id='word_1_378' title='bbox 2566 2817 2627 2870; x_wconf 87' lang='grc' dir='ltr'><strong>τὸ</strong></span> <span class='ocrx_word' id='word_1_379' title='bbox 2654 2817 2955 2888; x_wconf 79' lang='grc' dir='ltr'>ὑπέρζωον,</span> <span class='ocrx_word' id='word_1_380' title='bbox 2998 2819 3058 2871; x_wconf 82' lang='grc' dir='ltr'><strong>τὸ</strong></span> <span class='ocrx_word' id='word_1_381' title='bbox 3094 2819 3425 2890; x_wconf 77' lang='grc' dir='ltr'>ὑπέρσοφον,</span> <span class='ocrx_word' id='word_1_382' title='bbox 3454 2822 3550 2873; x_wconf 78' lang='grc' dir='ltr'>καὶ</span> <span class='ocrx_word' id='word_1_383' title='bbox 3584 2822 3695 2874; x_wconf 85' lang='grc' dir='ltr'>ὅσα</span> 
     </span>
    </p>
   </div>
   <div class='ocr_carea' id='block_1_56' title="bbox 2101 2906 3697 2981">
    <p class='ocr_par' dir='ltr' id='par_1_56' title="bbox 2101 2906 3697 2981">
     <span class='ocr_line' id='line_1_56' title="bbox 2101 2906 3697 2981; baseline 0.002 -19"><span class='ocrx_word' id='word_1_384' title='bbox 2101 2909 2201 2979; x_wconf 87' lang='grc' dir='ltr'>τῆς</span> <span class='ocrx_word' id='word_1_385' title='bbox 2243 2910 2571 2980; x_wconf 81' lang='grc' dir='ltr'>ὑπεροχικῆς</span> <span class='ocrx_word' id='word_1_386' title='bbox 2614 2911 2761 2962; x_wconf 70' lang='grc' dir='ltr'>ἐστιν</span> <span class='ocrx_word' id='word_1_387' title='bbox 2800 2910 3169 2981; x_wconf 81' lang='grc' dir='ltr'>ἀφαιρέσεως·</span> <span class='ocrx_word' id='word_1_388' title='bbox 3206 2910 3323 2981; x_wconf 84' lang='grc' dir='ltr'>μεθ’</span> <span class='ocrx_word' id='word_1_389' title='bbox 3360 2906 3435 2964; x_wconf 81' lang='grc' dir='ltr'>ὧν</span> <span class='ocrx_word' id='word_1_390' title='bbox 3478 2913 3575 2965; x_wconf 75' lang='grc' dir='ltr'>καὶ</span> <span class='ocrx_word' id='word_1_391' title='bbox 3617 2914 3697 2965; x_wconf 69' lang='grc' dir='ltr'><strong>τὰ</strong></span> 
     </span>
    </p>
   </div>
   <div class='ocr_carea' id='block_1_57' title="bbox 2101 3002 3699 3071">
    <p class='ocr_par' dir='ltr' id='par_1_57' title="bbox 2101 3002 3699 3071">
     <span class='ocr_line' id='line_1_57' title="bbox 2101 3002 3699 3071; baseline 0 -13"><span class='ocrx_word' id='word_1_392' title='bbox 2101 3002 2439 3071; x_wconf 78' lang='grc' dir='ltr'>αἰτιολογικά</span> <span class='ocrx_word' id='word_1_393' title='bbox 2485 3003 2684 3067; x_wconf 79' lang='grc' dir='ltr'>πάντα,</span> <span class='ocrx_word' id='word_1_394' title='bbox 2714 3003 2774 3055; x_wconf 83' lang='grc' dir='ltr'><strong>τὸ</strong></span> <span class='ocrx_word' id='word_1_395' title='bbox 2819 3002 3044 3071; x_wconf 83' lang='grc' dir='ltr'>ἀγαθὸν,</span> <span class='ocrx_word' id='word_1_396' title='bbox 3082 3004 3144 3056; x_wconf 84' lang='grc' dir='ltr'><strong>τὸ</strong></span> <span class='ocrx_word' id='word_1_397' title='bbox 3186 3003 3370 3067; x_wconf 83' lang='grc' dir='ltr'>καλὸν,</span> <span class='ocrx_word' id='word_1_398' title='bbox 3409 3004 3471 3057; x_wconf 82' lang='grc' dir='ltr'><strong>τὸ</strong></span> <span class='ocrx_word' id='word_1_399' title='bbox 3512 3005 3595 3067; x_wconf 78' lang='grc' dir='ltr'>ὃν,</span> <span class='ocrx_word' id='word_1_400' title='bbox 3623 3006 3699 3058; x_wconf 82' lang='grc' dir='ltr'><strong>τὸ</strong></span> 
     </span>
    </p>
   </div>
   <div class='ocr_carea' id='block_1_58' title="bbox 2104 3094 3697 3166">
    <p class='ocr_par' dir='ltr' id='par_1_58' title="bbox 2104 3094 3697 3166">
     <span class='ocr_line' id='line_1_58' title="bbox 2104 3094 3697 3166; baseline -0.001 -16"><span class='ocrx_word' id='word_1_401' title='bbox 2104 3097 2390 3165; x_wconf 77' lang='grc' dir='ltr'>ζωογόνον,</span> <span class='ocrx_word' id='word_1_402' title='bbox 2428 3095 2490 3149; x_wconf 79' lang='grc' dir='ltr'><strong>τὸ</strong></span> <span class='ocrx_word' id='word_1_403' title='bbox 2532 3096 2715 3165; x_wconf 81' lang='grc' dir='ltr'>σοφὸν,</span> <span class='ocrx_word' id='word_1_404' title='bbox 2747 3094 2839 3148; x_wconf 74' lang='grc' dir='ltr'><strong>καὶ</strong></span> <span class='ocrx_word' id='word_1_405' title='bbox 2881 3095 2982 3148; x_wconf 88' lang='grc' dir='ltr'>ὅσα</span> <span class='ocrx_word' id='word_1_406' title='bbox 3026 3096 3091 3149; x_wconf 82' lang='grc' dir='ltr'><strong>ὲκ</strong></span> <span class='ocrx_word' id='word_1_407' title='bbox 3130 3095 3238 3148; x_wconf 88' lang='grc' dir='ltr'><strong>τῶν</strong></span> <span class='ocrx_word' id='word_1_408' title='bbox 3281 3095 3697 3166; x_wconf 73' lang='grc' dir='ltr'>ἀγαθοπρεπῶν</span> 
     </span>
    </p>
   </div>
   <div class='ocr_carea' id='block_1_59' title="bbox 417 3187 1998 3266">
    <p class='ocr_par' dir='ltr' id='par_1_59' title="bbox 417 3196 1995 3266">
     <span class='ocr_line' id='line_1_59' title="bbox 417 3196 1995 3266; baseline 0.004 -19"><span class='ocrx_word' id='word_1_409' title='bbox 417 3209 540 3248; x_wconf 91' lang='lat' dir='ltr'><strong>nem</strong></span> <span class='ocrx_word' id='word_1_410' title='bbox 571 3209 749 3248; x_wconf 64' lang='lat' dir='ltr'><strong>causa!</strong></span> <span class='ocrx_word' id='word_1_411' title='bbox 779 3196 1079 3265; x_wconf 89' lang='lat' dir='ltr'><strong>pertinent,</strong></span> <span class='ocrx_word' id='word_1_412' title='bbox 1106 3197 1332 3261; x_wconf 86' lang='lat' dir='ltr'><strong>bonum,</strong></span> <span class='ocrx_word' id='word_1_413' title='bbox 1357 3197 1666 3266; x_wconf 86' lang='lat' dir='ltr'><strong>pulchrum,</strong></span> <span class='ocrx_word' id='word_1_414' title='bbox 1697 3198 1995 3262; x_wconf 78' lang='lat' dir='ltr'><strong>exsistens.</strong></span> 
     </span>
    </p>
   </div>
   <div class='ocr_carea' id='block_1_60' title="bbox 2104 3187 3696 3266">
    <p class='ocr_par' dir='ltr' id='par_1_60' title="bbox 2104 3187 3696 3262">
     <span class='ocr_line' id='line_1_60' title="bbox 2104 3187 3696 3262; baseline -0.003 -17"><span class='ocrx_word' id='word_1_415' title='bbox 2104 3192 2271 3262; x_wconf 83' lang='grc' dir='ltr'>αὐτῆς</span> <span class='ocrx_word' id='word_1_416' title='bbox 2296 3190 2535 3261; x_wconf 83' lang='grc' dir='ltr'>δωρεῶν,</span> <span class='ocrx_word' id='word_1_417' title='bbox 2567 3191 2600 3260; x_wconf 83' lang='grc' dir='ltr'>ἡ</span> <span class='ocrx_word' id='word_1_418' title='bbox 2632 3189 2849 3242; x_wconf 87' lang='grc' dir='ltr'>πάντων</span> <span class='ocrx_word' id='word_1_419' title='bbox 2882 3187 3104 3256; x_wconf 85' lang='grc' dir='ltr'>ἀγαθῶν</span> <span class='ocrx_word' id='word_1_420' title='bbox 3138 3189 3287 3243; x_wconf 76' lang='grc' dir='ltr'>αἰτία</span> <span class='ocrx_word' id='word_1_421' title='bbox 3313 3188 3696 3259; x_wconf 74' lang='grc' dir='ltr'>κατονομάζε-</span> 
     </span>
    </p>
   </div>
   <div class='ocr_carea' id='block_1_61' title="bbox 417 3287 2000 3360">
    <p class='ocr_par' dir='ltr' id='par_1_61' title="bbox 417 3287 2000 3360">
     <span class='ocr_line' id='line_1_61' title="bbox 417 3287 2000 3360; baseline 0.004 -22"><span class='ocrx_word' id='word_1_422' title='bbox 417 3287 720 3351; x_wconf 76' lang='lat' dir='ltr'><strong>viviﬁeum,</strong></span> <span class='ocrx_word' id='word_1_423' title='bbox 746 3289 989 3357; x_wconf 88' lang='lat' dir='ltr'><strong>sapiens,</strong></span> <span class='ocrx_word' id='word_1_424' title='bbox 1015 3297 1071 3343; x_wconf 91' lang='lat' dir='ltr'><strong>et</strong></span> <span class='ocrx_word' id='word_1_425' title='bbox 1093 3304 1436 3360; x_wconf 65' lang='lat' dir='ltr'><strong>quaecunque</strong></span> <span class='ocrx_word' id='word_1_426' title='bbox 1459 3299 1586 3343; x_wconf 89' lang='lat' dir='ltr'><strong>sunt</strong></span> <span class='ocrx_word' id='word_1_427' title='bbox 1604 3304 1672 3345; x_wconf 79' lang='lat' dir='ltr'><strong>ex</strong></span> <span class='ocrx_word' id='word_1_428' title='bbox 1696 3289 1857 3345; x_wconf 87' lang='lat' dir='ltr'><strong>donis</strong></span> <span class='ocrx_word' id='word_1_429' title='bbox 1880 3290 2000 3358; x_wconf 83' lang='lat' dir='ltr'><strong>ejus</strong></span> 
     </span>
    </p>
   </div>
   <div class='ocr_carea' id='block_1_62' title="bbox 417 3379 1999 3450">
    <p class='ocr_par' dir='ltr' id='par_1_62' title="bbox 417 3379 1999 3450">
     <span class='ocr_line' id='line_1_62' title="bbox 417 3379 1999 3450; baseline 0.005 -20"><span class='ocrx_word' id='word_1_430' title='bbox 417 3394 538 3448; x_wconf 70' lang='lat' dir='ltr'><strong>quae</strong></span> <span class='ocrx_word' id='word_1_431' title='bbox 589 3381 886 3436; x_wconf 84' lang='lat' dir='ltr'><strong>bonitatem</strong></span> <span class='ocrx_word' id='word_1_432' title='bbox 935 3379 1053 3447; x_wconf 86' lang='lat' dir='ltr'><strong>ejus</strong></span> <span class='ocrx_word' id='word_1_433' title='bbox 1095 3383 1310 3446; x_wconf 83' lang='lat' dir='ltr'><strong>decent,</strong></span> <span class='ocrx_word' id='word_1_434' title='bbox 1346 3397 1373 3435; x_wconf 91' lang='lat' dir='ltr'><strong>a</strong></span> <span class='ocrx_word' id='word_1_435' title='bbox 1405 3382 1605 3450; x_wconf 85' lang='lat' dir='ltr'><strong>quibus</strong></span> <span class='ocrx_word' id='word_1_436' title='bbox 1631 3384 1874 3439; x_wconf 91' lang='lat' dir='ltr'><strong>omnium</strong></span> <span class='ocrx_word' id='word_1_437' title='bbox 1906 3384 1999 3438; x_wconf 88' lang='lat' dir='ltr'><strong>bo-</strong></span> 
     </span>
    </p>
   </div>
   <div class='ocr_carea' id='block_1_63' title="bbox 419 3476 2001 3532">
    <p class='ocr_par' dir='ltr' id='par_1_63' title="bbox 419 3476 2001 3532">
     <span class='ocr_line' id='line_1_63' title="bbox 419 3476 2001 3532; baseline 0.003 -5"><span class='ocrx_word' id='word_1_438' title='bbox 419 3490 612 3528; x_wconf 87' lang='lat' dir='ltr'><strong>norum</strong></span> <span class='ocrx_word' id='word_1_439' title='bbox 643 3489 806 3529; x_wconf 84' lang='lat' dir='ltr'><strong>causa</strong></span> <span class='ocrx_word' id='word_1_440' title='bbox 851 3476 1184 3530; x_wconf 88' lang='lat' dir='ltr'><strong>nominatur.</strong></span> <span class='ocrx_word' id='word_1_441' title='bbox 1221 3476 1462 3531; x_wconf 88' lang='lat' dir='ltr'><strong>Discrela</strong></span> <span class='ocrx_word' id='word_1_442' title='bbox 1506 3491 1638 3531; x_wconf 76' lang='lat' dir='ltr'><strong>vero</strong></span> <span class='ocrx_word' id='word_1_443' title='bbox 1667 3486 1793 3531; x_wconf 89' lang='lat' dir='ltr'><strong>sunt</strong></span> <span class='ocrx_word' id='word_1_444' title='bbox 1823 3476 2001 3532; x_wconf 85' lang='lat' dir='ltr'><strong>Patris</strong></span> 
     </span>
    </p>
   </div>
   <div class='ocr_carea' id='block_1_64' title="bbox 418 3568 1999 3641">
    <p class='ocr_par' dir='ltr' id='par_1_64' title="bbox 418 3568 1999 3641">
     <span class='ocr_line' id='line_1_64' title="bbox 418 3568 1999 3641; baseline 0.003 -20"><span class='ocrx_word' id='word_1_445' title='bbox 418 3568 943 3636; x_wconf 86' lang='lat' dir='ltr'><strong>suprasuhstantiale</strong></span> <span class='ocrx_word' id='word_1_446' title='bbox 967 3582 1182 3636; x_wconf 87' lang='lat' dir='ltr'><strong>nomen,</strong></span> <span class='ocrx_word' id='word_1_447' title='bbox 1210 3578 1267 3623; x_wconf 92' lang='lat' dir='ltr'><strong>et</strong></span> <span class='ocrx_word' id='word_1_448' title='bbox 1289 3584 1400 3631; x_wconf 83' lang='lat' dir='ltr'><strong>res,</strong></span> <span class='ocrx_word' id='word_1_449' title='bbox 1428 3579 1483 3623; x_wconf 91' lang='lat' dir='ltr'><strong>et</strong></span> <span class='ocrx_word' id='word_1_450' title='bbox 1508 3568 1654 3637; x_wconf 87' lang='lat' dir='ltr'><strong>Filii,</strong></span> <span class='ocrx_word' id='word_1_451' title='bbox 1678 3579 1734 3625; x_wconf 91' lang='lat' dir='ltr'><strong>et</strong></span> <span class='ocrx_word' id='word_1_452' title='bbox 1762 3568 1999 3641; x_wconf 85' lang='lat' dir='ltr'><strong>Spiritus</strong></span> 
     </span>
    </p>
   </div>
   <div class='ocr_carea' id='block_1_65' title="bbox 419 3660 1996 3731">
    <p class='ocr_par' dir='ltr' id='par_1_65' title="bbox 419 3660 1996 3731">
     <span class='ocr_line' id='line_1_65' title="bbox 419 3660 1996 3731; baseline 0.003 -20"><span class='ocrx_word' id='word_1_453' title='bbox 419 3660 621 3724; x_wconf 79' lang='lat' dir='ltr'><strong>sancti,</strong></span> <span class='ocrx_word' id='word_1_454' title='bbox 655 3660 796 3713; x_wconf 89' lang='lat' dir='ltr'><strong>nulla</strong></span> <span class='ocrx_word' id='word_1_455' title='bbox 849 3660 902 3714; x_wconf 92' lang='lat' dir='ltr'><strong>in</strong></span> <span class='ocrx_word' id='word_1_456' title='bbox 951 3660 1035 3715; x_wconf 87' lang='lat' dir='ltr'><strong>his</strong></span> <span class='ocrx_word' id='word_1_457' title='bbox 1086 3660 1228 3714; x_wconf 75' lang='lat' dir='ltr'><strong>facta</strong></span> <span class='ocrx_word' id='word_1_458' title='bbox 1278 3662 1727 3731; x_wconf 86' lang='lat' dir='ltr'><strong>reciprocatione,</strong></span> <span class='ocrx_word' id='word_1_459' title='bbox 1756 3677 1858 3718; x_wconf 88' lang='lat' dir='ltr'><strong>nec</strong></span> <span class='ocrx_word' id='word_1_460' title='bbox 1891 3662 1996 3716; x_wconf 92' lang='lat' dir='ltr'><strong>ulla</strong></span> 
     </span>
    </p>
   </div>
   <div class='ocr_carea' id='block_1_66' title="bbox 421 3753 1999 3823">
    <p class='ocr_par' dir='ltr' id='par_1_66' title="bbox 421 3753 1999 3823">
     <span class='ocr_line' id='line_1_66' title="bbox 421 3753 1999 3823; baseline 0.003 -18"><span class='ocrx_word' id='word_1_461' title='bbox 421 3767 644 3820; x_wconf 87' lang='lat' dir='ltr'><strong>prorsus</strong></span> <span class='ocrx_word' id='word_1_462' title='bbox 668 3753 1056 3806; x_wconf 87' lang='lat' dir='ltr'><strong>communitate</strong></span> <span class='ocrx_word' id='word_1_463' title='bbox 1109 3753 1442 3809; x_wconf 85' lang='lat' dir='ltr'><strong>introducta.</strong></span> <span class='ocrx_word' id='word_1_464' title='bbox 1473 3753 1569 3808; x_wconf 87' lang='lat' dir='ltr'><strong>Est</strong></span> <span class='ocrx_word' id='word_1_465' title='bbox 1595 3764 1856 3823; x_wconf 64' lang='lat' dir='ltr'><strong>prieterea</strong></span> <span class='ocrx_word' id='word_1_466' title='bbox 1888 3756 1999 3811; x_wconf 83' lang='lat' dir='ltr'><strong>dis-</strong></span> 
     </span>
    </p>
   </div>
   <div class='ocr_carea' id='block_1_67' title="bbox 423 3844 1992 3914">
    <p class='ocr_par' dir='ltr' id='par_1_67' title="bbox 423 3844 1992 3914">
     <span class='ocr_line' id='line_1_67' title="bbox 423 3844 1992 3914; baseline 0.005 -19"><span class='ocrx_word' id='word_1_467' title='bbox 423 3855 571 3897; x_wconf 86' lang='lat' dir='ltr'><strong>creta</strong></span> <span class='ocrx_word' id='word_1_468' title='bbox 603 3860 666 3898; x_wconf 88' lang='lat' dir='ltr'><strong>ac</strong></span> <span class='ocrx_word' id='word_1_469' title='bbox 691 3844 972 3909; x_wconf 82' lang='lat' dir='ltr'><strong>distincta,</strong></span> <span class='ocrx_word' id='word_1_470' title='bbox 1004 3846 1267 3914; x_wconf 73' lang='lat' dir='ltr'><strong>perfecta,</strong></span> <span class='ocrx_word' id='word_1_471' title='bbox 1304 3846 1447 3901; x_wconf 89' lang='lat' dir='ltr'><strong>sicut</strong></span> <span class='ocrx_word' id='word_1_472' title='bbox 1485 3848 1537 3900; x_wconf 94' lang='lat' dir='ltr'><strong>in</strong></span> <span class='ocrx_word' id='word_1_473' title='bbox 1572 3848 1748 3914; x_wconf 90' lang='lat' dir='ltr'><strong>nobis,</strong></span> <span class='ocrx_word' id='word_1_474' title='bbox 1778 3859 1835 3903; x_wconf 92' lang='lat' dir='ltr'><strong>et</strong></span> <span class='ocrx_word' id='word_1_475' title='bbox 1891 3850 1992 3902; x_wconf 91' lang='lat' dir='ltr'><strong>im-</strong></span> 
     </span>
    </p>
   </div>
   <div class='ocr_carea' id='block_1_68' title="bbox 426 3937 2001 4014">
    <p class='ocr_par' dir='ltr' id='par_1_68' title="bbox 426 3937 2001 4014">
     <span class='ocr_line' id='line_1_68' title="bbox 426 3937 2001 4014; baseline 0.008 -29"><span class='ocrx_word' id='word_1_476' title='bbox 426 3937 710 3992; x_wconf 86' lang='lat' dir='ltr'><strong>mutabilis</strong></span> <span class='ocrx_word' id='word_1_477' title='bbox 737 3938 864 3994; x_wconf 85' lang='lat' dir='ltr'><strong>Jesu</strong></span> <span class='ocrx_word' id='word_1_478' title='bbox 894 3938 1152 4001; x_wconf 87' lang='lat' dir='ltr'><strong>essentia,</strong></span> <span class='ocrx_word' id='word_1_479' title='bbox 1184 3948 1240 3993; x_wconf 89' lang='lat' dir='ltr'><strong>et</strong></span> <span class='ocrx_word' id='word_1_480' title='bbox 1272 3954 1612 4011; x_wconf 68' lang='lat' dir='ltr'><strong>quascunque</strong></span> <span class='ocrx_word' id='word_1_481' title='bbox 1638 3951 1764 3997; x_wconf 92' lang='lat' dir='ltr'><strong>sunt</strong></span> <span class='ocrx_word' id='word_1_482' title='bbox 1797 3953 2001 4014; x_wconf 85' lang='lat' dir='ltr'><strong>myste-</strong></span> 
     </span>
    </p>
   </div>
   <div class='ocr_carea' id='block_1_69' title="bbox 435 4028 1495 4101">
    <p class='ocr_par' dir='ltr' id='par_1_69' title="bbox 435 4028 1495 4101">
     <span class='ocr_line' id='line_1_69' title="bbox 435 4028 1495 4101; baseline 0.008 -21"><span class='ocrx_word' id='word_1_483' title='bbox 435 4028 515 4083; x_wconf 87' lang='lat' dir='ltr'><strong>ria</strong></span> <span class='ocrx_word' id='word_1_484' title='bbox 552 4030 939 4088; x_wconf 75' lang='lat' dir='ltr'><strong>substantialis</strong></span> <span class='ocrx_word' id='word_1_485' title='bbox 966 4032 1324 4089; x_wconf 84' lang='lat' dir='ltr'><strong>humanitatis</strong></span> <span class='ocrx_word' id='word_1_486' title='bbox 1356 4031 1495 4101; x_wconf 87' lang='lat' dir='ltr'><strong>ejus.</strong></span> 
     </span>
    </p>
   </div>
   <div class='ocr_carea' id='block_1_70' title="bbox 2100 3280 3701 3353">
    <p class='ocr_par' dir='ltr' id='par_1_70' title="bbox 2100 3280 3701 3353">
     <span class='ocr_line' id='line_1_70' title="bbox 2100 3280 3701 3353; baseline -0.002 -16"><span class='ocrx_word' id='word_1_487' title='bbox 2100 3300 2189 3337; x_wconf 86' lang='grc' dir='ltr'><strong>ται</strong></span> <span class='ocrx_word' id='word_1_488' title='bbox 2212 3301 2227 3315; x_wconf 77' lang='grc'><em>’</em></span> <span class='ocrx_word' id='word_1_489' title='bbox 2252 3282 2321 3336; x_wconf 81' lang='grc' dir='ltr'>τὰ</span> <span class='ocrx_word' id='word_1_490' title='bbox 2341 3283 2397 3336; x_wconf 85' lang='grc' dir='ltr'>δὲ</span> <span class='ocrx_word' id='word_1_491' title='bbox 2418 3281 2828 3353; x_wconf 83' lang='grc' dir='ltr'>διακεκριμένα,</span> <span class='ocrx_word' id='word_1_492' title='bbox 2844 3280 2905 3333; x_wconf 83' lang='grc' dir='ltr'><strong>τὸ</strong></span> <span class='ocrx_word' id='word_1_493' title='bbox 2930 3281 3143 3352; x_wconf 84' lang='grc' dir='ltr'>Πατρὸς</span> <span class='ocrx_word' id='word_1_494' title='bbox 3162 3283 3205 3313; x_wconf 79' lang='grc'><strong>⁸⁸</strong></span> <span class='ocrx_word' id='word_1_495' title='bbox 3229 3282 3551 3352; x_wconf 85' lang='grc' dir='ltr'>ὐπερούσιον</span> <span class='ocrx_word' id='word_1_496' title='bbox 3569 3282 3701 3334; x_wconf 77' lang='grc' dir='ltr'>δνο-</span> 
     </span>
    </p>
   </div>
   <div class='ocr_carea' id='block_1_71' title="bbox 2104 3373 3697 3447">
    <p class='ocr_par' dir='ltr' id='par_1_71' title="bbox 2104 3373 3697 3447">
     <span class='ocr_line' id='line_1_71' title="bbox 2104 3373 3697 3447; baseline -0.004 -17"><span class='ocrx_word' id='word_1_497' title='bbox 2104 3393 2182 3447; x_wconf 85' lang='grc' dir='ltr'><strong>μα</strong></span> <span class='ocrx_word' id='word_1_498' title='bbox 2208 3376 2303 3429; x_wconf 79' lang='grc' dir='ltr'>καὶ</span> <span class='ocrx_word' id='word_1_499' title='bbox 2328 3374 2541 3446; x_wconf 82' lang='grc' dir='ltr'>χρῆμα,</span> <span class='ocrx_word' id='word_1_500' title='bbox 2573 3375 2667 3427; x_wconf 81' lang='grc' dir='ltr'>καὶ</span> <span class='ocrx_word' id='word_1_501' title='bbox 2689 3373 2840 3438; x_wconf 83' lang='grc' dir='ltr'>Υίοῦ,</span> <span class='ocrx_word' id='word_1_502' title='bbox 2872 3374 2968 3427; x_wconf 73' lang='grc' dir='ltr'>καὶ</span> <span class='ocrx_word' id='word_1_503' title='bbox 2999 3373 3393 3444; x_wconf 68' lang='grc' dir='ltr'>Πνεύματοςδί,</span> <span class='ocrx_word' id='word_1_504' title='bbox 3430 3374 3697 3443; x_wconf 70' lang='grc' dir='ltr'>οὐδεμιᾶς</span> 
     </span>
    </p>
   </div>
   <div class='ocr_carea' id='block_1_72' title="bbox 2101 3465 3699 3537">
    <p class='ocr_par' dir='ltr' id='par_1_72' title="bbox 2101 3465 3699 3537">
     <span class='ocr_line' id='line_1_72' title="bbox 2101 3465 3699 3537; baseline -0.001 -16"><span class='ocrx_word' id='word_1_505' title='bbox 2101 3468 2160 3521; x_wconf 78' lang='grc' dir='ltr'>ὲν</span> <span class='ocrx_word' id='word_1_506' title='bbox 2186 3467 2393 3530; x_wconf 86' lang='grc' dir='ltr'>τούτοις</span> <span class='ocrx_word' id='word_1_507' title='bbox 2415 3465 2800 3537; x_wconf 82' lang='grc' dir='ltr'>ἀντιστροφῆς,</span> <span class='ocrx_word' id='word_1_508' title='bbox 2835 3466 2869 3534; x_wconf 82' lang='grc' dir='ltr'>ἢ</span> <span class='ocrx_word' id='word_1_509' title='bbox 2896 3465 3032 3528; x_wconf 82' lang='grc' dir='ltr'>ὅλως</span> <span class='ocrx_word' id='word_1_510' title='bbox 3060 3466 3368 3536; x_wconf 81' lang='grc' dir='ltr'>κοινότητος</span> <span class='ocrx_word' id='word_1_511' title='bbox 3395 3467 3699 3534; x_wconf 80' lang='grc' dir='ltr'>ἐπεισαγο-</span> 
     </span>
    </p>
   </div>
   <div class='ocr_carea' id='block_1_73' title="bbox 2105 3555 3693 3632">
    <p class='ocr_par' dir='ltr' id='par_1_73' title="bbox 2105 3555 3693 3632">
     <span class='ocr_line' id='line_1_73' title="bbox 2105 3555 3693 3632; baseline -0.002 -19"><span class='ocrx_word' id='word_1_512' title='bbox 2105 3560 2291 3632; x_wconf 85' lang='grc' dir='ltr'>μένης.</span> <span class='ocrx_word' id='word_1_513' title='bbox 2320 3560 2473 3612; x_wconf 88' lang='grc' dir='ltr'>Ἔστι</span> <span class='ocrx_word' id='word_1_514' title='bbox 2514 3559 2572 3613; x_wconf 80' lang='grc' dir='ltr'>δὲ</span> <span class='ocrx_word' id='word_1_515' title='bbox 2604 3555 2757 3622; x_wconf 84' lang='grc' dir='ltr'>αὖθις</span> <span class='ocrx_word' id='word_1_516' title='bbox 2786 3558 2923 3630; x_wconf 83' lang='grc' dir='ltr'>πρὸς</span> <span class='ocrx_word' id='word_1_517' title='bbox 2940 3557 3114 3629; x_wconf 87' lang='grc' dir='ltr'>τούτῳ</span> <span class='ocrx_word' id='word_1_518' title='bbox 3129 3559 3174 3590; x_wconf 75' lang='grc'>⁸³</span> <span class='ocrx_word' id='word_1_519' title='bbox 3201 3558 3615 3631; x_wconf 83' lang='grc' dir='ltr'>διακεκριμένον</span> <span class='ocrx_word' id='word_1_520' title='bbox 3650 3563 3693 3631; x_wconf 75' lang='grc' dir='ltr'>ἡ</span> 
     </span>
    </p>
   </div>
   <div class='ocr_carea' id='block_1_74' title="bbox 2103 3650 3697 3723">
    <p class='ocr_par' dir='ltr' id='par_1_74' title="bbox 2103 3650 3697 3723">
     <span class='ocr_line' id='line_1_74' title="bbox 2103 3650 3697 3723; baseline -0.001 -18"><span class='ocrx_word' id='word_1_521' title='bbox 2103 3652 2224 3705; x_wconf 80' lang='grc' dir='ltr'>καθ’</span> <span class='ocrx_word' id='word_1_522' title='bbox 2254 3653 2400 3723; x_wconf 77' lang='grc' dir='ltr'>ἡμᾶς</span> <span class='ocrx_word' id='word_1_523' title='bbox 2438 3650 2612 3723; x_wconf 85' lang='grc' dir='ltr'>Ἰησοῦ</span> <span class='ocrx_word' id='word_1_524' title='bbox 2637 3650 2902 3722; x_wconf 82' lang='grc' dir='ltr'>παντελὴς</span> <span class='ocrx_word' id='word_1_525' title='bbox 2934 3652 3028 3704; x_wconf 83' lang='grc' dir='ltr'><strong>καὶ</strong></span> <span class='ocrx_word' id='word_1_526' title='bbox 3049 3650 3403 3715; x_wconf 79' lang='grc' dir='ltr'>ἀναλλοίωτος</span> <span class='ocrx_word' id='word_1_527' title='bbox 3427 3650 3697 3721; x_wconf 78' lang='grc' dir='ltr'>ὖπαρξις,</span> 
     </span>
    </p>
   </div>
   <div class='ocr_carea' id='block_1_75' title="bbox 2104 3743 3693 3817">
    <p class='ocr_par' dir='ltr' id='par_1_75' title="bbox 2104 3743 3693 3817">
     <span class='ocr_line' id='line_1_75' title="bbox 2104 3743 3693 3817; baseline -0.001 -18"><span class='ocrx_word' id='word_1_528' title='bbox 2104 3745 2199 3799; x_wconf 73' lang='grc' dir='ltr'><strong>καὶ</strong></span> <span class='ocrx_word' id='word_1_529' title='bbox 2237 3744 2337 3797; x_wconf 88' lang='grc' dir='ltr'>ὃσα</span> <span class='ocrx_word' id='word_1_530' title='bbox 2379 3744 2481 3815; x_wconf 86' lang='grc' dir='ltr'>τῆς</span> <span class='ocrx_word' id='word_1_531' title='bbox 2520 3746 2642 3799; x_wconf 85' lang='grc' dir='ltr'>κατ’</span> <span class='ocrx_word' id='word_1_532' title='bbox 2664 3745 2835 3816; x_wconf 82' lang='grc' dir='ltr'>αὑτήν</span> <span class='ocrx_word' id='word_1_533' title='bbox 2868 3745 2986 3797; x_wconf 75' lang='grc' dir='ltr'>ἐστι</span> <span class='ocrx_word' id='word_1_534' title='bbox 3024 3743 3432 3815; x_wconf 85' lang='grc' dir='ltr'>φιλανθρωπίας</span> <span class='ocrx_word' id='word_1_535' title='bbox 3452 3744 3693 3817; x_wconf 78' lang='grc' dir='ltr'>ούσιιὶιδη</span> 
     </span>
    </p>
   </div>
   <div class='ocr_carea' id='block_1_76' title="bbox 2109 3837 2403 3908">
    <p class='ocr_par' dir='ltr' id='par_1_76' title="bbox 2109 3837 2403 3908">
     <span class='ocr_line' id='line_1_76' title="bbox 2109 3837 2403 3908; baseline 0.007 -17"><span class='ocrx_word' id='word_1_536' title='bbox 2109 3837 2403 3908; x_wconf 83' lang='grc' dir='ltr'>μυστήρια.</span> 
     </span>
    </p>
   </div>
   <div class='ocr_carea' id='block_1_77' title="bbox 1961 4170 2132 4246">
    <p class='ocr_par' dir='ltr' id='par_1_77' title="bbox 1961 4170 2132 4246">
     <span class='ocr_line' id='line_1_77' title="bbox 1961 4170 2132 4246; baseline 0 -13"><span class='ocrx_word' id='word_1_537' title='bbox 1961 4172 1990 4246; x_wconf 63' lang='grc' dir='ltr'>ᾗ</span> <span class='ocrx_word' id='word_1_538' title='bbox 2022 4170 2132 4233; x_wconf 81' lang='grc' dir='ltr'>ιν.</span> 
     </span>
    </p>
   </div>
   <div class='ocr_carea' id='block_1_78' title="bbox 492 4312 1998 4393">
    <p class='ocr_par' dir='ltr' id='par_1_78' title="bbox 492 4312 1993 4388">
     <span class='ocr_line' id='line_1_78' title="bbox 492 4312 1993 4388; baseline 0.004 -19"><span class='ocrx_word' id='word_1_539' title='bbox 492 4312 745 4369; x_wconf 78' lang='lat' dir='ltr'><strong>Arbitror</strong></span> <span class='ocrx_word' id='word_1_540' title='bbox 770 4321 951 4371; x_wconf 88' lang='lat' dir='ltr'><strong>autem</strong></span> <span class='ocrx_word' id='word_1_541' title='bbox 981 4317 1259 4388; x_wconf 82' lang='lat' dir='ltr'><strong>expedire,</strong></span> <span class='ocrx_word' id='word_1_542' title='bbox 1284 4327 1342 4373; x_wconf 91' lang='lat' dir='ltr'><strong>ut</strong></span> <span class='ocrx_word' id='word_1_543' title='bbox 1373 4319 1619 4375; x_wconf 87' lang='lat' dir='ltr'><strong>nonnihil</strong></span> <span class='ocrx_word' id='word_1_544' title='bbox 1646 4319 1811 4377; x_wconf 88' lang='lat' dir='ltr'><strong>altius</strong></span> <span class='ocrx_word' id='word_1_545' title='bbox 1842 4335 1993 4377; x_wconf 81' lang='lat' dir='ltr'><strong>resu—</strong></span> 
     </span>
    </p>
   </div>
   <div class='ocr_carea' id='block_1_79' title="bbox 2104 4312 3701 4393">
    <p class='ocr_par' dir='ltr' id='par_1_79' title="bbox 2173 4315 3701 4393">
     <span class='ocr_line' id='line_1_79' title="bbox 2173 4315 3701 4393; baseline 0 -19"><span class='ocrx_word' id='word_1_546' title='bbox 2173 4319 2293 4393; x_wconf 78' lang='grc' dir='ltr'>Χρὴ</span> <span class='ocrx_word' id='word_1_547' title='bbox 2339 4319 2417 4385; x_wconf 84' lang='grc' dir='ltr'><strong>δὲ,</strong></span> <span class='ocrx_word' id='word_1_548' title='bbox 2458 4320 2536 4385; x_wconf 86' lang='grc' dir='ltr'><strong>ὡς</strong></span> <span class='ocrx_word' id='word_1_549' title='bbox 2575 4315 2750 4392; x_wconf 79' lang='grc' dir='ltr'>οἶμαι,</span> <span class='ocrx_word' id='word_1_550' title='bbox 2789 4319 2987 4392; x_wconf 77' lang='grc' dir='ltr'>μᾶλλον</span> <span class='ocrx_word' id='word_1_551' title='bbox 3018 4318 3387 4383; x_wconf 76' lang='grc' dir='ltr'>ἀναλαϐόντας</span> <span class='ocrx_word' id='word_1_552' title='bbox 3424 4320 3580 4391; x_wconf 75' lang='grc' dir='ltr'>ἡμᾶς</span> <span class='ocrx_word' id='word_1_553' title='bbox 3606 4321 3701 4374; x_wconf 81' lang='grc' dir='ltr'><strong>τὸν</strong></span> 
     </span>
    </p>
   </div>
   <div class='ocr_carea' id='block_1_80' title="bbox 422 4407 2001 4477">
    <p class='ocr_par' dir='ltr' id='par_1_80' title="bbox 422 4407 2001 4477">
     <span class='ocr_line' id='line_1_80' title="bbox 422 4407 2001 4477; baseline 0.004 -17"><span class='ocrx_word' id='word_1_554' title='bbox 422 4407 623 4461; x_wconf 91' lang='lat' dir='ltr'><strong>mendo</strong></span> <span class='ocrx_word' id='word_1_555' title='bbox 649 4407 1089 4477; x_wconf 78' lang='lat' dir='ltr'><strong>perfectissimus</strong></span> <span class='ocrx_word' id='word_1_556' title='bbox 1118 4410 1209 4467; x_wconf 91' lang='lat' dir='ltr'><strong>ille</strong></span> <span class='ocrx_word' id='word_1_557' title='bbox 1234 4411 1433 4467; x_wconf 74' lang='lat' dir='ltr'><strong>divina:</strong></span> <span class='ocrx_word' id='word_1_558' title='bbox 1464 4414 1684 4467; x_wconf 87' lang='lat' dir='ltr'><strong>unionis</strong></span> <span class='ocrx_word' id='word_1_559' title='bbox 1710 4428 1775 4468; x_wconf 91' lang='lat' dir='ltr'><strong>ac</strong></span> <span class='ocrx_word' id='word_1_560' title='bbox 1802 4414 2001 4469; x_wconf 85' lang='lat' dir='ltr'><strong>distiu-</strong></span> 
     </span>
    </p>
   </div>
   <div class='ocr_carea' id='block_1_81' title="bbox 421 4497 1999 4574">
    <p class='ocr_par' dir='ltr' id='par_1_81' title="bbox 421 4497 1999 4574">
     <span class='ocr_line' id='line_1_81' title="bbox 421 4497 1999 4574; baseline 0.006 -22"><span class='ocrx_word' id='word_1_561' title='bbox 421 4497 622 4554; x_wconf 88' lang='lat' dir='ltr'><strong>ctionis</strong></span> <span class='ocrx_word' id='word_1_562' title='bbox 651 4502 841 4556; x_wconf 88' lang='lat' dir='ltr'><strong>modus</strong></span> <span class='ocrx_word' id='word_1_563' title='bbox 876 4503 1220 4573; x_wconf 81' lang='lat' dir='ltr'><strong>explanetur,</strong></span> <span class='ocrx_word' id='word_1_564' title='bbox 1248 4518 1357 4574; x_wconf 87' lang='lat' dir='ltr'><strong>quo</strong></span> <span class='ocrx_word' id='word_1_565' title='bbox 1400 4505 1557 4561; x_wconf 88' lang='lat' dir='ltr'><strong>nobis</strong></span> <span class='ocrx_word' id='word_1_566' title='bbox 1604 4506 1782 4562; x_wconf 88' lang='lat' dir='ltr'><strong>oratio</strong></span> <span class='ocrx_word' id='word_1_567' title='bbox 1820 4507 1999 4561; x_wconf 87' lang='lat' dir='ltr'><strong>omnis</strong></span> 
     </span>
    </p>
   </div>
   <div class='ocr_carea' id='block_1_82' title="bbox 422 4589 2000 4667">
    <p class='ocr_par' dir='ltr' id='par_1_82' title="bbox 422 4589 2000 4667">
     <span class='ocr_line' id='line_1_82' title="bbox 422 4589 2000 4667; baseline 0.006 -21"><span class='ocrx_word' id='word_1_568' title='bbox 422 4589 497 4646; x_wconf 84' lang='lat' dir='ltr'><strong>ita</strong></span> <span class='ocrx_word' id='word_1_569' title='bbox 526 4593 596 4645; x_wconf 89' lang='lat' dir='ltr'><strong>sit</strong></span> <span class='ocrx_word' id='word_1_570' title='bbox 623 4604 831 4663; x_wconf 90' lang='lat' dir='ltr'><strong>aperta,</strong></span> <span class='ocrx_word' id='word_1_571' title='bbox 860 4605 921 4650; x_wconf 91' lang='lat' dir='ltr'><strong>ut</strong></span> <span class='ocrx_word' id='word_1_572' title='bbox 966 4597 1287 4651; x_wconf 86' lang='lat' dir='ltr'><strong>varietatem</strong></span> <span class='ocrx_word' id='word_1_573' title='bbox 1319 4599 1543 4667; x_wconf 86' lang='lat' dir='ltr'><strong>quidem</strong></span> <span class='ocrx_word' id='word_1_574' title='bbox 1568 4613 1786 4655; x_wconf 91' lang='lat' dir='ltr'><strong>omnem</strong></span> <span class='ocrx_word' id='word_1_575' title='bbox 1814 4608 1871 4655; x_wconf 91' lang='lat' dir='ltr'><strong>et</strong></span> <span class='ocrx_word' id='word_1_576' title='bbox 1896 4601 2000 4655; x_wconf 88' lang='lat' dir='ltr'><strong>ob-</strong></span> 
     </span>
    </p>
   </div>
   <div class='ocr_carea' id='block_1_83' title="bbox 425 4682 1995 4762">
    <p class='ocr_par' dir='ltr' id='par_1_83' title="bbox 425 4682 1995 4762">
     <span class='ocr_line' id='line_1_83' title="bbox 425 4682 1995 4762; baseline 0.008 -28"><span class='ocrx_word' id='word_1_577' title='bbox 425 4682 741 4737; x_wconf 86' lang='lat' dir='ltr'><strong>scuritatem</strong></span> <span class='ocrx_word' id='word_1_578' title='bbox 771 4686 1040 4755; x_wconf 89' lang='lat' dir='ltr'><strong>repudiet,</strong></span> <span class='ocrx_word' id='word_1_579' title='bbox 1069 4687 1325 4745; x_wconf 89' lang='lat' dir='ltr'><strong>distincte</strong></span> <span class='ocrx_word' id='word_1_580' title='bbox 1366 4701 1547 4745; x_wconf 88' lang='lat' dir='ltr'><strong>autem</strong></span> <span class='ocrx_word' id='word_1_581' title='bbox 1586 4706 1651 4747; x_wconf 91' lang='lat' dir='ltr'><strong>ac</strong></span> <span class='ocrx_word' id='word_1_582' title='bbox 1690 4692 1871 4762; x_wconf 86' lang='lat' dir='ltr'><strong>plane,</strong></span> <span class='ocrx_word' id='word_1_583' title='bbox 1904 4710 1995 4748; x_wconf 87' lang='lat' dir='ltr'><strong>or-</strong></span> 
     </span>
    </p>
   </div>
   <div class='ocr_carea' id='block_1_84' title="bbox 424 4774 1997 4855">
    <p class='ocr_par' dir='ltr' id='par_1_84' title="bbox 424 4774 1997 4855">
     <span class='ocr_line' id='line_1_84' title="bbox 424 4774 1997 4855; baseline 0.008 -28"><span class='ocrx_word' id='word_1_584' title='bbox 424 4774 659 4843; x_wconf 88' lang='lat' dir='ltr'><strong>dineqne</strong></span> <span class='ocrx_word' id='word_1_585' title='bbox 688 4792 807 4845; x_wconf 76' lang='lat' dir='ltr'><strong>qua:</strong></span> <span class='ocrx_word' id='word_1_586' title='bbox 838 4780 1056 4847; x_wconf 90' lang='lat' dir='ltr'><strong>propria</strong></span> <span class='ocrx_word' id='word_1_587' title='bbox 1082 4789 1229 4848; x_wconf 90' lang='lat' dir='ltr'><strong>sunt,</strong></span> <span class='ocrx_word' id='word_1_588' title='bbox 1260 4784 1441 4852; x_wconf 90' lang='lat' dir='ltr'><strong>quoad</strong></span> <span class='ocrx_word' id='word_1_589' title='bbox 1470 4781 1591 4850; x_wconf 86' lang='lat' dir='ltr'><strong>ejus</strong></span> <span class='ocrx_word' id='word_1_590' title='bbox 1637 4783 1755 4839; x_wconf 80' lang='lat' dir='ltr'><strong>ﬁeri</strong></span> <span class='ocrx_word' id='word_1_591' title='bbox 1797 4794 1997 4855; x_wconf 86' lang='lat' dir='ltr'><strong>potest,</strong></span> 
     </span>
    </p>
   </div>
   <div class='ocr_carea' id='block_1_85' title="bbox 425 4867 2001 4952">
    <p class='ocr_par' dir='ltr' id='par_1_85' title="bbox 425 4867 2001 4952">
     <span class='ocr_line' id='line_1_85' title="bbox 425 4867 2001 4952; baseline 0.01 -31"><span class='ocrx_word' id='word_1_592' title='bbox 425 4868 669 4921; x_wconf 73' lang='lat' dir='ltr'><strong>definiat.</strong></span> <span class='ocrx_word' id='word_1_593' title='bbox 695 4867 1040 4942; x_wconf 66' lang='lat' dir='ltr'><strong>Theologicaa</strong></span> <span class='ocrx_word' id='word_1_594' title='bbox 1071 4884 1271 4930; x_wconf 69' lang='lat' dir='ltr'><strong>nostra:</strong></span> <span class='ocrx_word' id='word_1_595' title='bbox 1299 4877 1608 4933; x_wconf 86' lang='lat' dir='ltr'><strong>traditionis</strong></span> <span class='ocrx_word' id='word_1_596' title='bbox 1631 4890 1887 4935; x_wconf 88' lang='lat' dir='ltr'><strong>auctores</strong></span> <span class='ocrx_word' id='word_1_597' title='bbox 1918 4883 2001 4952; x_wconf 81' lang='lat' dir='ltr'><strong>(ut</strong></span> 
     </span>
    </p>
   </div>
   <div class='ocr_carea' id='block_1_86' title="bbox 426 4960 2004 5033">
    <p class='ocr_par' dir='ltr' id='par_1_86' title="bbox 426 4960 2004 5033">
     <span class='ocr_line' id='line_1_86' title="bbox 426 4960 2004 5033; baseline 0.006 -18"><span class='ocrx_word' id='word_1_598' title='bbox 426 4960 555 5015; x_wconf 92' lang='lat' dir='ltr'><strong>alibi</strong></span> <span class='ocrx_word' id='word_1_599' title='bbox 580 4960 713 5027; x_wconf 66' lang='lat' dir='ltr'><strong>dixi)</strong></span> <span class='ocrx_word' id='word_1_600' title='bbox 745 4961 958 5017; x_wconf 89' lang='lat' dir='ltr'><strong>divinas</strong></span> <span class='ocrx_word' id='word_1_601' title='bbox 1002 4965 1220 5033; x_wconf 88' lang='lat' dir='ltr'><strong>quidem</strong></span> <span class='ocrx_word' id='word_1_602' title='bbox 1275 4964 1505 5020; x_wconf 88' lang='lat' dir='ltr'><strong>uniones</strong></span> <span class='ocrx_word' id='word_1_603' title='bbox 1547 4976 1746 5022; x_wconf 85' lang='lat' dir='ltr'><strong>vocant</strong></span> <span class='ocrx_word' id='word_1_604' title='bbox 1787 4970 2004 5025; x_wconf 89' lang='lat' dir='ltr'><strong>abditas</strong></span> 
     </span>
    </p>
   </div>
   <div class='ocr_carea' id='block_1_87' title="bbox 426 5052 2000 5133">
    <p class='ocr_par' dir='ltr' id='par_1_87' title="bbox 426 5052 2000 5133">
     <span class='ocr_line' id='line_1_87' title="bbox 426 5052 2000 5133; baseline 0.006 -26"><span class='ocrx_word' id='word_1_605' title='bbox 426 5054 560 5109; x_wconf 78' lang='lat' dir='ltr'><strong>istas</strong></span> <span class='ocrx_word' id='word_1_606' title='bbox 613 5052 998 5110; x_wconf 90' lang='lat' dir='ltr'><strong>collocationes</strong></span> <span class='ocrx_word' id='word_1_607' title='bbox 1052 5057 1173 5125; x_wconf 90' lang='lat' dir='ltr'><strong>plus</strong></span> <span class='ocrx_word' id='word_1_608' title='bbox 1207 5076 1370 5130; x_wconf 84' lang='lat' dir='ltr'><strong>quam</strong></span> <span class='ocrx_word' id='word_1_609' title='bbox 1397 5058 1688 5117; x_wconf 70' lang='lat' dir='ltr'><strong>ineliabilis</strong></span> <span class='ocrx_word' id='word_1_610' title='bbox 1736 5071 1792 5117; x_wconf 87' lang='lat' dir='ltr'><strong>et</strong></span> <span class='ocrx_word' id='word_1_611' title='bbox 1835 5078 2000 5133; x_wconf 88' lang='lat' dir='ltr'><strong>supra</strong></span> 
     </span>
    </p>
   </div>
   <div class='ocr_carea' id='block_1_88' title="bbox 427 5148 2002 5226">
    <p class='ocr_par' dir='ltr' id='par_1_88' title="bbox 427 5148 2002 5226">
     <span class='ocr_line' id='line_1_88' title="bbox 427 5148 2002 5226; baseline 0.006 -23"><span class='ocrx_word' id='word_1_612' title='bbox 427 5148 647 5203; x_wconf 91' lang='lat' dir='ltr'><strong>modum</strong></span> <span class='ocrx_word' id='word_1_613' title='bbox 683 5148 880 5218; x_wconf 76' lang='lat' dir='ltr'><strong>ignota:</strong></span> <span class='ocrx_word' id='word_1_614' title='bbox 914 5150 1232 5215; x_wconf 89' lang='lat' dir='ltr'><strong>mansionis,</strong></span> <span class='ocrx_word' id='word_1_615' title='bbox 1264 5166 1387 5220; x_wconf 67' lang='lat' dir='ltr'><strong>quae</strong></span> <span class='ocrx_word' id='word_1_616' title='bbox 1418 5169 1683 5222; x_wconf 88' lang='lat' dir='ltr'><strong>nusquam</strong></span> <span class='ocrx_word' id='word_1_617' title='bbox 1718 5170 1840 5211; x_wconf 88' lang='lat' dir='ltr'><strong>sese</strong></span> <span class='ocrx_word' id='word_1_618' title='bbox 1874 5171 2002 5226; x_wconf 82' lang='lat' dir='ltr'><strong>pro-</strong></span> 
     </span>
    </p>
   </div>
   <div class='ocr_carea' id='block_1_89' title="bbox 426 5240 2004 5309">
    <p class='ocr_par' dir='ltr' id='par_1_89' title="bbox 426 5240 2004 5309">
     <span class='ocr_line' id='line_1_89' title="bbox 426 5240 2004 5309; baseline 0.006 -14"><span class='ocrx_word' id='word_1_619' title='bbox 426 5240 535 5309; x_wconf 90' lang='lat' dir='ltr'><strong>dit;</strong></span> <span class='ocrx_word' id='word_1_620' title='bbox 566 5241 949 5297; x_wconf 88' lang='lat' dir='ltr'><strong>distinctiones</strong></span> <span class='ocrx_word' id='word_1_621' title='bbox 991 5256 1140 5308; x_wconf 89' lang='lat' dir='ltr'><strong>vero,</strong></span> <span class='ocrx_word' id='word_1_622' title='bbox 1180 5243 1459 5300; x_wconf 88' lang='lat' dir='ltr'><strong>benelicas</strong></span> <span class='ocrx_word' id='word_1_623' title='bbox 1498 5247 1591 5302; x_wconf 87' lang='lat' dir='ltr'><strong>Dei</strong></span> <span class='ocrx_word' id='word_1_624' title='bbox 1626 5250 2004 5305; x_wconf 85' lang='lat' dir='ltr'><strong>emanationes</strong></span> 
     </span>
    </p>
   </div>
   <div class='ocr_carea' id='block_1_90' title="bbox 426 5333 2002 5411">
    <p class='ocr_par' dir='ltr' id='par_1_90' title="bbox 426 5333 2002 5411">
     <span class='ocr_line' id='line_1_90' title="bbox 426 5333 2002 5411; baseline 0.004 -22"><span class='ocrx_word' id='word_1_625' title='bbox 426 5343 481 5389; x_wconf 88' lang='lat' dir='ltr'><strong>et</strong></span> <span class='ocrx_word' id='word_1_626' title='bbox 531 5333 1020 5402; x_wconf 81' lang='lat' dir='ltr'><strong>manifestationcs,</strong></span> <span class='ocrx_word' id='word_1_627' title='bbox 1049 5334 1214 5408; x_wconf 77' lang='lat'><strong>318</strong></span> <span class='ocrx_word' id='word_1_628' title='bbox 1246 5338 1655 5411; x_wconf 80' lang='lat' dir='ltr'><strong>assignantque,</strong></span> <span class='ocrx_word' id='word_1_629' title='bbox 1702 5340 2002 5411; x_wconf 80' lang='lat' dir='ltr'><strong>Scripturis</strong></span> 
     </span>
    </p>
   </div>
   <div class='ocr_carea' id='block_1_91' title="bbox 2107 4411 3701 4484">
    <p class='ocr_par' dir='ltr' id='par_1_91' title="bbox 2107 4411 3701 4484">
     <span class='ocr_line' id='line_1_91' title="bbox 2107 4411 3701 4484; baseline 0 -19"><span class='ocrx_word' id='word_1_630' title='bbox 2107 4412 2345 4484; x_wconf 84' lang='grc' dir='ltr'>παντελῆ</span> <span class='ocrx_word' id='word_1_631' title='bbox 2378 4412 2479 4483; x_wconf 85' lang='grc' dir='ltr'><strong>τῆς</strong></span> <span class='ocrx_word' id='word_1_632' title='bbox 2513 4412 2663 4477; x_wconf 84' lang='grc' dir='ltr'>θείας</span> <span class='ocrx_word' id='word_1_633' title='bbox 2693 4412 2938 4476; x_wconf 83' lang='grc' dir='ltr'>ὲνὼσεώς</span> <span class='ocrx_word' id='word_1_634' title='bbox 2960 4429 3023 4466; x_wconf 90' lang='grc' dir='ltr'><strong>τε</strong></span> <span class='ocrx_word' id='word_1_635' title='bbox 3055 4414 3150 4466; x_wconf 84' lang='grc' dir='ltr'><strong>καὶ</strong></span> <span class='ocrx_word' id='word_1_636' title='bbox 3185 4411 3512 4483; x_wconf 87' lang='grc' dir='ltr'>διακρίσεως</span> <span class='ocrx_word' id='word_1_637' title='bbox 3541 4412 3701 4465; x_wconf 81' lang='grc' dir='ltr'>ἐκθέ-</span> 
     </span>
    </p>
   </div>
   <div class='ocr_carea' id='block_1_92' title="bbox 2108 4494 3702 4579">
    <p class='ocr_par' dir='ltr' id='par_1_92' title="bbox 2108 4494 3702 4579">
     <span class='ocr_line' id='line_1_92' title="bbox 2108 4494 3702 4579; baseline -0.002 -20"><span class='ocrx_word' id='word_1_638' title='bbox 2108 4506 2231 4560; x_wconf 90' lang='grc' dir='ltr'>σθαι</span> <span class='ocrx_word' id='word_1_639' title='bbox 2258 4507 2477 4579; x_wconf 81' lang='grc' dir='ltr'>τρόπον,</span> <span class='ocrx_word' id='word_1_640' title='bbox 2496 4507 2645 4570; x_wconf 85' lang='grc' dir='ltr'>ὄπως</span> <span class='ocrx_word' id='word_1_641' title='bbox 2672 4506 2737 4560; x_wconf 80' lang='grc' dir='ltr'><strong>ἂν</strong></span> <span class='ocrx_word' id='word_1_642' title='bbox 2762 4507 2891 4577; x_wconf 80' lang='grc' dir='ltr'>ἡμῖν</span> <span class='ocrx_word' id='word_1_643' title='bbox 2923 4504 3253 4567; x_wconf 77' lang='grc' dir='ltr'>εὐσύνοπτος</span> <span class='ocrx_word' id='word_1_644' title='bbox 3282 4506 3311 4558; x_wconf 85' lang='grc' dir='ltr'>ὁ</span> <span class='ocrx_word' id='word_1_645' title='bbox 3338 4494 3449 4567; x_wconf 79' lang='grc' dir='ltr'>πᾶς</span> <span class='ocrx_word' id='word_1_646' title='bbox 3470 4506 3702 4575; x_wconf 79' lang='grc' dir='ltr'>ἐγγένη-</span> 
     </span>
    </p>
   </div>
   <div class='ocr_carea' id='block_1_93' title="bbox 2105 4598 3702 4671">
    <p class='ocr_par' dir='ltr' id='par_1_93' title="bbox 2105 4598 3702 4671">
     <span class='ocr_line' id='line_1_93' title="bbox 2105 4598 3702 4671; baseline -0.001 -19"><span class='ocrx_word' id='word_1_647' title='bbox 2105 4616 2197 4653; x_wconf 85' lang='grc' dir='ltr'><strong>ται</strong></span> <span class='ocrx_word' id='word_1_648' title='bbox 2221 4600 2397 4670; x_wconf 83' lang='grc' dir='ltr'>λόγος,</span> <span class='ocrx_word' id='word_1_649' title='bbox 2426 4600 2487 4653; x_wconf 84' lang='grc' dir='ltr'>τὸ</span> <span class='ocrx_word' id='word_1_650' title='bbox 2517 4600 2614 4671; x_wconf 85' lang='grc' dir='ltr'>μὲν</span> <span class='ocrx_word' id='word_1_651' title='bbox 2644 4599 2885 4653; x_wconf 82' lang='grc' dir='ltr'>ποικίλον</span> <span class='ocrx_word' id='word_1_652' title='bbox 2918 4600 3064 4653; x_wconf 82' lang='grc' dir='ltr'>ἆπαν</span> <span class='ocrx_word' id='word_1_653' title='bbox 3094 4599 3188 4651; x_wconf 76' lang='grc' dir='ltr'><strong>καὶ</strong></span> <span class='ocrx_word' id='word_1_654' title='bbox 3211 4598 3421 4667; x_wconf 85' lang='grc' dir='ltr'>ἀσαφὲς</span> <span class='ocrx_word' id='word_1_655' title='bbox 3452 4598 3702 4651; x_wconf 76' lang='grc' dir='ltr'>ἀπαναι-</span> 
     </span>
    </p>
   </div>
   <div class='ocr_carea' id='block_1_94' title="bbox 2107 4688 3703 4765">
    <p class='ocr_par' dir='ltr' id='par_1_94' title="bbox 2107 4688 3703 4765">
     <span class='ocr_line' id='line_1_94' title="bbox 2107 4688 3703 4765; baseline -0.004 -19"><span class='ocrx_word' id='word_1_656' title='bbox 2107 4693 2349 4765; x_wconf 88' lang='grc' dir='ltr'>νόμενος,</span> <span class='ocrx_word' id='word_1_657' title='bbox 2379 4693 2731 4764; x_wconf 84' lang='grc' dir='ltr'>εὐδιακρίτως</span> <span class='ocrx_word' id='word_1_658' title='bbox 2769 4693 2825 4745; x_wconf 83' lang='grc' dir='ltr'>δὲ</span> <span class='ocrx_word' id='word_1_659' title='bbox 2853 4692 2945 4745; x_wconf 77' lang='grc' dir='ltr'><strong>καὶ</strong></span> <span class='ocrx_word' id='word_1_660' title='bbox 2978 4691 3166 4760; x_wconf 84' lang='grc' dir='ltr'>σαφῶς</span> <span class='ocrx_word' id='word_1_661' title='bbox 3199 4690 3294 4743; x_wconf 80' lang='grc' dir='ltr'>καὶ</span> <span class='ocrx_word' id='word_1_662' title='bbox 3320 4688 3607 4751; x_wconf 77' lang='grc' dir='ltr'>εὐτάκτως</span> <span class='ocrx_word' id='word_1_663' title='bbox 3633 4689 3703 4741; x_wconf 84' lang='grc' dir='ltr'><strong>τά</strong></span> 
     </span>
    </p>
   </div>
   <div class='ocr_carea' id='block_1_95' title="bbox 2107 4782 3701 4857">
    <p class='ocr_par' dir='ltr' id='par_1_95' title="bbox 2107 4782 3701 4857">
     <span class='ocr_line' id='line_1_95' title="bbox 2107 4782 3701 4857; baseline -0.004 -18"><span class='ocrx_word' id='word_1_664' title='bbox 2107 4788 2280 4839; x_wconf 76' lang='grc' dir='ltr'>οἰκεῖα</span> <span class='ocrx_word' id='word_1_665' title='bbox 2304 4785 2446 4839; x_wconf 86' lang='grc' dir='ltr'><strong>κατά</strong></span> <span class='ocrx_word' id='word_1_666' title='bbox 2479 4786 2707 4856; x_wconf 83' lang='grc' dir='ltr'>δύναμιν</span> <span class='ocrx_word' id='word_1_667' title='bbox 2743 4783 3030 4857; x_wconf 88' lang='grc' dir='ltr'>ὁροθετῶν.</span> <span class='ocrx_word' id='word_1_668' title='bbox 3057 4783 3298 4837; x_wconf 81' lang='grc' dir='ltr'>Καλοῦσι</span> <span class='ocrx_word' id='word_1_669' title='bbox 3330 4782 3440 4853; x_wconf 81' lang='grc' dir='ltr'>γὰρ</span> <span class='ocrx_word' id='word_1_670' title='bbox 3456 4783 3525 4843; x_wconf 80' lang='grc'>⁸³,</span> <span class='ocrx_word' id='word_1_671' title='bbox 3560 4782 3701 4852; x_wconf 79' lang='grc' dir='ltr'>ὅπερ</span> 
     </span>
    </p>
   </div>
   <div class='ocr_carea' id='block_1_96' title="bbox 2106 4874 3700 4950">
    <p class='ocr_par' dir='ltr' id='par_1_96' title="bbox 2106 4874 3700 4950">
     <span class='ocr_line' id='line_1_96' title="bbox 2106 4874 3700 4950; baseline -0.003 -19"><span class='ocrx_word' id='word_1_672' title='bbox 2106 4878 2202 4931; x_wconf 76' lang='grc' dir='ltr'><strong>καὶ</strong></span> <span class='ocrx_word' id='word_1_673' title='bbox 2234 4880 2291 4932; x_wconf 83' lang='grc' dir='ltr'>ὲν</span> <span class='ocrx_word' id='word_1_674' title='bbox 2317 4878 2523 4950; x_wconf 78' lang='grc' dir='ltr'>ἑτέροις</span> <span class='ocrx_word' id='word_1_675' title='bbox 2552 4878 2710 4949; x_wconf 74' lang='grc' dir='ltr'>ἔφην,</span> <span class='ocrx_word' id='word_1_676' title='bbox 2730 4879 2782 4931; x_wconf 73' lang='grc' dir='ltr'><strong>οἱ</strong></span> <span class='ocrx_word' id='word_1_677' title='bbox 2804 4878 2904 4947; x_wconf 84' lang='grc' dir='ltr'>τῆς</span> <span class='ocrx_word' id='word_1_678' title='bbox 2926 4877 3048 4930; x_wconf 80' lang='grc' dir='ltr'>καθ’</span> <span class='ocrx_word' id='word_1_679' title='bbox 3076 4878 3226 4947; x_wconf 78' lang='grc' dir='ltr'>ἡμᾶς</span> <span class='ocrx_word' id='word_1_680' title='bbox 3250 4874 3570 4944; x_wconf 84' lang='grc' dir='ltr'>θεολογικῆς</span> <span class='ocrx_word' id='word_1_681' title='bbox 3596 4891 3700 4927; x_wconf 84' lang='grc' dir='ltr'>πα-</span> 
     </span>
    </p>
   </div>
   <div class='ocr_carea' id='block_1_97' title="bbox 2110 4966 3701 5043">
    <p class='ocr_par' dir='ltr' id='par_1_97' title="bbox 2110 4966 3701 5043">
     <span class='ocr_line' id='line_1_97' title="bbox 2110 4966 3701 5043; baseline -0.004 -18"><span class='ocrx_word' id='word_1_682' title='bbox 2110 4971 2376 5043; x_wconf 90' lang='grc' dir='ltr'>ραδόσεως</span> <span class='ocrx_word' id='word_1_683' title='bbox 2407 4970 2727 5042; x_wconf 87' lang='grc' dir='ltr'>ίερομύσται</span> <span class='ocrx_word' id='word_1_684' title='bbox 2754 4968 2853 5033; x_wconf 75' lang='grc' dir='ltr'>τὰς</span> <span class='ocrx_word' id='word_1_685' title='bbox 2892 4969 2994 5041; x_wconf 82' lang='grc' dir='ltr'>μὲν</span> <span class='ocrx_word' id='word_1_686' title='bbox 3029 4967 3253 5033; x_wconf 83' lang='grc' dir='ltr'>ένώσεις</span> <span class='ocrx_word' id='word_1_687' title='bbox 3275 4968 3375 5032; x_wconf 72' lang='grc' dir='ltr'>τὰς</span> <span class='ocrx_word' id='word_1_688' title='bbox 3398 4967 3573 5030; x_wconf 83' lang='grc' dir='ltr'>θείας,</span> <span class='ocrx_word' id='word_1_689' title='bbox 3600 4966 3701 5030; x_wconf 76' lang='grc' dir='ltr'>τὰς</span> 
     </span>
    </p>
   </div>
   <div class='ocr_carea' id='block_1_98' title="bbox 2105 5059 3698 5136">
    <p class='ocr_par' dir='ltr' id='par_1_98' title="bbox 2105 5059 3698 5136">
     <span class='ocr_line' id='line_1_98' title="bbox 2105 5059 3698 5136; baseline -0.003 -19"><span class='ocrx_word' id='word_1_690' title='bbox 2105 5063 2207 5135; x_wconf 85' lang='grc' dir='ltr'>τῆς</span> <span class='ocrx_word' id='word_1_691' title='bbox 2252 5065 2637 5136; x_wconf 79' lang='grc' dir='ltr'>ὑπεραρῤήτου</span> <span class='ocrx_word' id='word_1_692' title='bbox 2693 5063 2787 5116; x_wconf 72' lang='grc' dir='ltr'><strong>καὶ</strong></span> <span class='ocrx_word' id='word_1_693' title='bbox 2838 5060 3262 5133; x_wconf 64' lang='grc' dir='ltr'>ὑπραγνὼστου</span> <span class='ocrx_word' id='word_1_694' title='bbox 3317 5059 3698 5132; x_wconf 81' lang='grc' dir='ltr'>μονιμότητος,</span> 
     </span>
    </p>
   </div>
   <div class='ocr_carea' id='block_1_99' title="bbox 2106 5148 3703 5231">
    <p class='ocr_par' dir='ltr' id='par_1_99' title="bbox 2106 5148 3703 5231">
     <span class='ocr_line' id='line_1_99' title="bbox 2106 5148 3703 5231; baseline -0.004 -20"><span class='ocrx_word' id='word_1_695' title='bbox 2106 5158 2345 5231; x_wconf 87' lang='grc' dir='ltr'>κρυφίας</span> <span class='ocrx_word' id='word_1_696' title='bbox 2368 5160 2462 5211; x_wconf 85' lang='grc' dir='ltr'>καὶ</span> <span class='ocrx_word' id='word_1_697' title='bbox 2484 5148 2905 5229; x_wconf 82' lang='grc' dir='ltr'>ἀνεκφοιτήτους</span> <span class='ocrx_word' id='word_1_698' title='bbox 2926 5155 3308 5228; x_wconf 84' lang='grc' dir='ltr'>ὑπεριδρύσεις</span> <span class='ocrx_word' id='word_1_699' title='bbox 3325 5171 3339 5184; x_wconf 91' lang='grc'><strong>·</strong></span> <span class='ocrx_word' id='word_1_700' title='bbox 3366 5152 3468 5217; x_wconf 77' lang='grc' dir='ltr'><strong>τὰς</strong></span> <span class='ocrx_word' id='word_1_701' title='bbox 3486 5153 3703 5223; x_wconf 71' lang='grc' dir='ltr'>διακρίο</span> 
     </span>
    </p>
   </div>
   <div class='ocr_carea' id='block_1_100' title="bbox 2107 5247 3699 5321">
    <p class='ocr_par' dir='ltr' id='par_1_100' title="bbox 2107 5247 3699 5321">
     <span class='ocr_line' id='line_1_100' title="bbox 2107 5247 3699 5321; baseline -0.003 -18"><span class='ocrx_word' id='word_1_702' title='bbox 2107 5266 2223 5313; x_wconf 92' lang='grc' dir='ltr'>σεις</span> <span class='ocrx_word' id='word_1_703' title='bbox 2253 5250 2332 5314; x_wconf 79' lang='grc' dir='ltr'><strong>δὲ,</strong></span> <span class='ocrx_word' id='word_1_704' title='bbox 2359 5249 2460 5314; x_wconf 80' lang='grc' dir='ltr'>τὰς</span> <span class='ocrx_word' id='word_1_705' title='bbox 2483 5250 2887 5321; x_wconf 79' lang='grc' dir='ltr'>ἀγαθοπρεπεῖς</span> <span class='ocrx_word' id='word_1_706' title='bbox 2911 5248 3015 5319; x_wconf 83' lang='grc' dir='ltr'>τῆς</span> <span class='ocrx_word' id='word_1_707' title='bbox 3039 5248 3317 5321; x_wconf 87' lang='grc' dir='ltr'>θεαρχίας,</span> <span class='ocrx_word' id='word_1_708' title='bbox 3346 5247 3609 5320; x_wconf 79' lang='grc' dir='ltr'>προόδους</span> <span class='ocrx_word' id='word_1_709' title='bbox 3641 5263 3699 5298; x_wconf 87' lang='grc' dir='ltr'><strong>τε</strong></span> 
     </span>
    </p>
   </div>
   <div class='ocr_carea' id='block_1_101' title="bbox 2108 5340 3703 5414">
    <p class='ocr_par' dir='ltr' id='par_1_101' title="bbox 2108 5340 3703 5414">
     <span class='ocr_line' id='line_1_101' title="bbox 2108 5340 3703 5414; baseline -0.004 -17"><span class='ocrx_word' id='word_1_710' title='bbox 2108 5345 2204 5398; x_wconf 74' lang='grc' dir='ltr'><strong>καὶ</strong></span> <span class='ocrx_word' id='word_1_711' title='bbox 2222 5344 2512 5414; x_wconf 84' lang='grc' dir='ltr'>ὲκφάνσεις</span> <span class='ocrx_word' id='word_1_712' title='bbox 2530 5359 2544 5374; x_wconf 88' lang='grc'><strong>·</strong></span> <span class='ocrx_word' id='word_1_713' title='bbox 2573 5342 2665 5397; x_wconf 89' lang='grc' dir='ltr'><strong>καί</strong></span> <span class='ocrx_word' id='word_1_714' title='bbox 2693 5359 2848 5412; x_wconf 88' lang='grc' dir='ltr'>φασι,</span> <span class='ocrx_word' id='word_1_715' title='bbox 2867 5345 2981 5412; x_wconf 86' lang='grc' dir='ltr'>τοῖς</span> <span class='ocrx_word' id='word_1_716' title='bbox 3005 5344 3169 5413; x_wconf 82' lang='grc' dir='ltr'>ἱεροῖς</span> <span class='ocrx_word' id='word_1_717' title='bbox 3192 5340 3392 5411; x_wconf 91' lang='grc' dir='ltr'>λογίοις</span> <span class='ocrx_word' id='word_1_718' title='bbox 3419 5340 3703 5410; x_wconf 72' lang='grc' dir='ltr'>ἑπόμενοι,</span> 
     </span>
    </p>
   </div>
   <div class='ocr_carea' id='block_1_102' title="bbox 1707 5549 3499 5627">
    <p class='ocr_par' dir='ltr' id='par_1_102' title="bbox 1707 5549 3499 5627">
     <span class='ocr_line' id='line_1_102' title="bbox 1707 5549 3499 5627; baseline 0.007 -22"><span class='ocrx_word' id='word_1_719' title='bbox 1707 5549 1949 5607; x_wconf 69' lang='grc' dir='ltr'>νΑιιιιΕ</span> <span class='ocrx_word' id='word_1_720' title='bbox 1994 5550 2404 5610; x_wconf 81' lang='lat' dir='ltr'><strong>LECTIONES.</strong></span> <span class='ocrx_word' id='word_1_721' title='bbox 3492 5592 3499 5627; x_wconf 77' lang='grc' dir='ltr'><strong>ι</strong></span> 
     </span>
    </p>
   </div>
   <div class='ocr_carea' id='block_1_103' title="bbox 500 5679 1044 5748">
    <p class='ocr_par' dir='ltr' id='par_1_103' title="bbox 500 5679 1044 5748">
     <span class='ocr_line' id='line_1_103' title="bbox 500 5679 1044 5748; baseline 0.009 -16"><span class='ocrx_word' id='word_1_722' title='bbox 500 5680 543 5709; x_wconf 80' lang='grc'><strong>⁷⁷</strong></span> <span class='ocrx_word' id='word_1_723' title='bbox 567 5679 627 5733; x_wconf 81' lang='grc' dir='ltr'><strong>οὐ</strong></span> <span class='ocrx_word' id='word_1_724' title='bbox 654 5680 711 5734; x_wconf 81' lang='grc' dir='ltr'>δὲ</span> <span class='ocrx_word' id='word_1_725' title='bbox 734 5681 943 5748; x_wconf 77' lang='grc' dir='ltr'>ἑαυτόν,</span> <span class='ocrx_word' id='word_1_726' title='bbox 986 5682 1044 5738; x_wconf 87' lang='lat' dir='ltr'><strong>D.</strong></span> 
     </span>
    </p>
   </div>
   <div class='ocr_carea' id='block_1_104' title="bbox 1090 5684 2439 5758">
    <p class='ocr_par' dir='ltr' id='par_1_104' title="bbox 1090 5684 2439 5758">
     <span class='ocr_line' id='line_1_104' title="bbox 1090 5684 2439 5758; baseline 0.001 -20"><span class='ocrx_word' id='word_1_727' title='bbox 1090 5748 1095 5758; x_wconf 13' lang='grc' dir='ltr'><strong>ζ</strong></span> <span class='ocrx_word' id='word_1_728' title='bbox 1126 5686 1183 5758; x_wconf 48' lang='lat'><strong>&quot;1</strong></span> <span class='ocrx_word' id='word_1_729' title='bbox 1195 5684 1303 5758; x_wconf 90' lang='grc' dir='ltr'><strong>τῶν</strong></span> <span class='ocrx_word' id='word_1_730' title='bbox 1332 5685 1490 5757; x_wconf 84' lang='grc' dir='ltr'>θείων</span> <span class='ocrx_word' id='word_1_731' title='bbox 1514 5685 1706 5758; x_wconf 80' lang='grc' dir='ltr'>λόγων,</span> <span class='ocrx_word' id='word_1_732' title='bbox 1732 5686 1829 5758; x_wconf 69' lang='lat' dir='ltr'><strong>Ch.</strong></span> <span class='ocrx_word' id='word_1_733' title='bbox 1868 5687 1955 5758; x_wconf 32' lang='lat' dir='ltr'><strong>A79</strong></span> <span class='ocrx_word' id='word_1_734' title='bbox 1982 5688 2075 5742; x_wconf 70' lang='grc' dir='ltr'><strong>καὶ</strong></span> <span class='ocrx_word' id='word_1_735' title='bbox 2105 5687 2309 5758; x_wconf 79' lang='grc' dir='ltr'>σκοπῷ,</span> <span class='ocrx_word' id='word_1_736' title='bbox 2339 5688 2439 5742; x_wconf 85' lang='lat' dir='ltr'><strong>Ch.</strong></span> 
     </span>
    </p>
   </div>
   <div class='ocr_carea' id='block_1_105' title="bbox 432 5747 2697 5832">
    <p class='ocr_par' dir='ltr' id='par_1_105' title="bbox 432 5747 2697 5832">
     <span class='ocr_line' id='line_1_105' title="bbox 432 5747 2697 5832; baseline 0.006 -29"><span class='ocrx_word' id='word_1_737' title='bbox 432 5747 587 5817; x_wconf 71' lang='grc' dir='ltr'>ἅγιοι)</span> <span class='ocrx_word' id='word_1_738' title='bbox 617 5750 952 5824; x_wconf 86' lang='grc' dir='ltr'>Πνεύματος,</span> <span class='ocrx_word' id='word_1_739' title='bbox 982 5755 1036 5813; x_wconf 84' lang='lat' dir='ltr'><strong>S.</strong></span> <span class='ocrx_word' id='word_1_740' title='bbox 1066 5748 1125 5810; x_wconf 81' lang='grc' dir='ltr'><strong>Ρ.</strong></span> <span class='ocrx_word' id='word_1_741' title='bbox 1156 5755 1217 5812; x_wconf 89' lang='lat' dir='ltr'><strong>D.</strong></span> <span class='ocrx_word' id='word_1_742' title='bbox 1242 5757 1339 5814; x_wconf 75' lang='lat' dir='ltr'><strong>Ch.</strong></span> <span class='ocrx_word' id='word_1_743' title='bbox 1418 5752 1461 5791; x_wconf 63' lang='grc'><strong>⁸⁵</strong></span> <span class='ocrx_word' id='word_1_744' title='bbox 1488 5747 1717 5824; x_wconf 66' lang='grc' dir='ltr'>τούτοις,</span> <span class='ocrx_word' id='word_1_745' title='bbox 1756 5756 1819 5812; x_wconf 80' lang='grc' dir='ltr'><strong>Μ.</strong></span> <span class='ocrx_word' id='word_1_746' title='bbox 1862 5755 2009 5815; x_wconf 65' lang='lat' dir='ltr'><strong>ScOl.</strong></span> <span class='ocrx_word' id='word_1_747' title='bbox 2089 5760 2134 5792; x_wconf 80' lang='grc'><strong>⁸³</strong></span> <span class='ocrx_word' id='word_1_748' title='bbox 2160 5747 2376 5829; x_wconf 71' lang='grc' dir='ltr'>λέγουσι</span> <span class='ocrx_word' id='word_1_749' title='bbox 2402 5760 2527 5832; x_wconf 81' lang='grc' dir='ltr'>γάρ,</span> <span class='ocrx_word' id='word_1_750' title='bbox 2561 5758 2617 5814; x_wconf 85' lang='lat' dir='ltr'><strong>S.</strong></span> <span class='ocrx_word' id='word_1_751' title='bbox 2640 5759 2697 5815; x_wconf 77' lang='lat' dir='ltr'><strong>l’.</strong></span> 
     </span>
    </p>
   </div>
   <div class='ocr_carea' id='block_1_106' title="bbox 2546 5678 3701 5759">
    <p class='ocr_par' dir='ltr' id='par_1_106' title="bbox 2546 5678 3701 5759">
     <span class='ocr_line' id='line_1_106' title="bbox 2546 5678 3701 5759; baseline -0.027 5"><span class='ocrx_word' id='word_1_752' title='bbox 2546 5688 2589 5759; x_wconf 58' lang='lat'><strong>“9</strong></span> <span class='ocrx_word' id='word_1_753' title='bbox 2628 5688 2688 5741; x_wconf 78' lang='grc' dir='ltr'>τδ</span> <span class='ocrx_word' id='word_1_754' title='bbox 2733 5686 2824 5742; x_wconf 78' lang='grc' dir='ltr'>τοῦ</span> <span class='ocrx_word' id='word_1_755' title='bbox 2847 5684 3096 5759; x_wconf 76' lang='grc' dir='ltr'>Πατρός,</span> <span class='ocrx_word' id='word_1_756' title='bbox 3129 5685 3186 5743; x_wconf 90' lang='lat' dir='ltr'><strong>S.</strong></span> <span class='ocrx_word' id='word_1_757' title='bbox 3218 5686 3277 5743; x_wconf 85' lang='lat' dir='ltr'><strong>P.</strong></span> <span class='ocrx_word' id='word_1_758' title='bbox 3307 5685 3407 5742; x_wconf 79' lang='lat' dir='ltr'><strong>Ch.</strong></span> <span class='ocrx_word' id='word_1_759' title='bbox 3500 5678 3572 5715; x_wconf 44' lang='grc' dir='ltr'><strong>ιιι</strong></span> <span class='ocrx_word' id='word_1_760' title='bbox 3607 5679 3701 5735; x_wconf 69' lang='grc' dir='ltr'>καὶ</span> 
     </span>
    </p>
   </div>
   <div class='ocr_carea' id='block_1_107' title="bbox 3484 5796 3514 6123">
    <p class='ocr_par' dir='ltr' id='par_1_107' title="bbox 3484 5922 3514 6123">
     <span class='ocr_line' id='line_1_107' title="bbox 3484 5922 3514 6123; baseline 0 0"><span class='ocrx_word' id='word_1_761' title='bbox 3484 5922 3514 6123; x_wconf 63' lang='lat'><strong>1‘</strong></span> 
     </span>
    </p>
   </div>
  </div>
