3876 6226
222 268 339 327 6M

1316 261 1404 316 DE
1438 256 1699 323 DWINIS‘
1719 253 2123 320 NOMINIBUS,
2145 251 2303 313 CAP.
2346 252 2415 309 ll.

3411 257 3521 317 642

222 387 332 439 καὶ
357 382 460 454 τῆς
488 380 787 453 εἰρημένης
817 378 1060 441 ὲνῶσεως
1091 375 1229 429 ῐδιαδ
1258 375 1355 431 καὶ
1385 371 1562 437 αὖθις,
1592 372 1694 442 τῆς
1717 371 1814 424 δια-

1935 369 2109 423 sacris
2160 368 2489 430 insistendo,
2528 366 2785 434 nonnulla
2839 368 2995 425 dich
3042 370 3225 435 unioni
3272 375 3513 442 propria,

220 477 474 547 κρίσεως
492 469 631 527 εἷναί
655 490 809 535 τινας
834 470 1006 532 ἰδικὰς
1030 470 1123 524 καὶ
1145 468 1367 531 ἐνώσεις
1390 468 1485 521 καὶ
1506 464 1827 536 διακρίσεις·

220 564 345 621 οἷον
378 568 475 620 ἐπὶ.
506 567 607 636 τῆς
640 563 886 627 ένώσεως
912 562 1014 633 τῆς
1039 561 1190 625 Θείας
1218 562 1336 631 ἦτοι
1364 560 1467 631 τῆς
1506 556 1827 630 ὑπερουσιό-

219 677 398 732 τητος
418 660 488 719 ⁸⁸,
515 660 794 731 ἡνωμένον
827 658 923 729 μὲν
954 657 1069 711 εστι
1102 658 1169 727 τῇ
1195 656 1457 726 έναρχικῇ
1487 651 1699 724 Τριὰδι,
1735 648 1829 703 καὶ

222 753 414 806 κοινὸν
439 756 472 824 ή
507 752 829 824 ὑπερούσιος
862 749 1116 821 ὕπαρξις,
1161 750 1195 819 ή
1237 747 1503 819 ὑπέροεος
1545 744 1755 815 θεότης,
1792 742 1827 813 ἡ

226 844 583 916 ὑπράγαθος
626 844 899 914 ἀγαθότης
919 858 930 869 ·
962 841 1216 895 ἁπάντων
1258 841 1516 893 ἐπέκεινα
1564 837 1665 907 τῆς
1697 836 1827 889 ὲπέ-

226 955 390 990 κεινα
416 937 633 991 πάντων
657 937 785 1007 ὅλης
815 936 1074 1007 ἰδιότητος
1104 934 1369 1003 ταὺτότης
1391 948 1406 962 ο
1437 934 1471 1002 ἡ
1507 931 1646 1013 ὑπὲρ
1669 930 1830 1001 ἐναρ-

225 1030 359 1101 χίαν
383 1030 593 1101 ἑνότης,
620 1029 684 1083 τὸ
707 1029 1032 1099 ἄφθεγκτον,
1059 1027 1120 1079 τὸ
1146 1025 1480 1094 πολύφωνον,
1504 1025 1537 1094 ἡ
1560 1023 1825 1090 ἀγνωσία,

223 1123 291 1175 τὸ
325 1123 651 1193 παννόητον,
681 1124 716 1194 ή
744 1123 961 1176 πάντων
1004 1121 1174 1184 θέσις,
1203 1122 1238 1191 ή
1263 1120 1481 1173 πάντων
1510 1115 1824 1186 ἀφαίρεσις,

222 1215 291 1268 τὸ
324 1216 471 1286 ὑπὲρ
506 1217 686 1269 πᾶσαν
720 1216 815 1269 καὶ
859 1214 1007 1267 θέσιν
1047 1215 1142 1268 καὶ
1184 1213 1495 1284 ἀφαίρεσιν,
1524 1212 1558 1281 ή
1584 1210 1641 1262 ὲν
1664 1208 1827 1278 ἀλλή-

224 1305 373 1370 λαις,
400 1309 450 1359 ei
472 1307 616 1360 οὕτω
646 1308 753 1380 χρὴ
789 1307 974 1377 φάναι,
1001 1306 1110 1360 τῶν
1147 1304 1449 1376 έναρχικῶν
1476 1301 1825 1356 ὑποστάσεων

228 1399 393 1470 μονὴ,
427 1400 522 1451 καὶ
563 1400 793 1471 ἵδρυσις,
825 1398 1022 1461 ὑλικῶς
1062 1397 1480 1468 ὑπερηνωμένη,
1515 1395 1611 1448 καὶ
1651 1393 1825 1447 οὐδενὶ

228 1490 392 1561 μέρει
432 1492 839 1563 συγκεχυμένη,
870 1490 1120 1561 καθάπερ
1151 1489 1306 1559 φῶτα
1330 1488 1666 1558 λαμπτήρων
1703 1486 1721 1554 (
1737 1485 1824 1538 ἵνα

225 1584 512 1653 αἰσθητοῖς
536 1586 631 1637 καὶ
652 1584 873 1648 οἰκείοις
889 1588 1180 1655 χρήσωμαι
1198 1579 1676 1653 παραδείγμασιν),
1694 1579 1823 1631 ὅντα

152 1666 155 1669 ’
226 1676 287 1727 ὲν
312 1676 448 1746 οἴκῳ
475 1677 574 1740 ἑνὶ,
596 1677 690 1729 καὶ
710 1676 805 1729 ὅλα
831 1678 889 1730 ὲν
924 1676 1173 1747 ἀλλήλοις
1196 1675 1336 1739 ὅλοις
1356 1675 1525 1737 ἐστὶν,
1543 1673 1820 1745 ἀκραιφνῆ

1932 460 2283 530 vicissimque
2313 461 2678 527 distinctioni,
2708 463 2961 532 proprias
2994 464 3123 517 item
3159 479 3287 518 suas
3342 479 3511 534 copu-

1933 552 2162 608 lationes
2207 567 2273 607 ac
2320 552 2743 622 disjnnctiones;
2796 556 2945 609 verbi
2996 555 3193 625 gratia,
3224 554 3279 609 in
3326 555 3511 611 divina

1932 647 2136 700 unione
2186 660 2281 699 seu
2335 647 2986 715 supersnbstantialitate,
3029 648 3342 717 copulatum
3389 649 3511 718 qui—

1933 738 2053 792 dem
2103 738 2328 791 unitatis
2362 738 2594 807 principi
2647 738 2899 795 Trinitati
2949 757 3014 795 ac
3062 757 3353 797 commune
3402 750 3509 807 est,

1931 830 2403 899 superessentialis
2449 833 2792 897 exsistentia,
2829 843 2885 886 et
2937 850 3266 904 supraqnam
3329 835 3511 890 divina

1934 921 2215 984 divinitas,
2258 938 2586 993 supraqnam
2639 924 2780 978 bona
2830 925 3067 990 bonitas,
3107 942 3321 981 summa
3390 944 3509 982 om-

1931 1015 2080 1068 nium
2110 1016 2227 1082 ejus
2254 1031 2372 1084 qua:
2404 1031 2568 1084 supra
2615 1018 2798 1071 omnia
2841 1025 2925 1072 est
2957 1019 3123 1073 totius
3150 1020 3509 1091 proprietatis

1930 1107 2221 1174 identitas;
2255 1109 2437 1163 unitas
2468 1123 2630 1177 supra
2661 1108 2989 1179 principium
3020 1112 3245 1166 unitatis
3272 1132 3285 1167 :
3319 1112 3511 1167 inell‘ao

1928 1198 2138 1263 bilitas,
2172 1200 2568 1264 multivocatio,
2610 1202 3202 1272 indemonsuabilitas,
3232 1208 3508 1261 omnimo-

1927 1291 1994 1345 da
2026 1291 2458 1363 intelligibilitas,
2490 1294 2731 1349 omnium
2764 1296 2979 1364 positio,
3008 1299 3250 1353 omnium
3277 1301 3503 1368 ablatio,

1926 1398 2087 1453 supra
2124 1402 2341 1440 omnem
2372 1387 2699 1457 positionem
2730 1396 2784 1441 et
2811 1389 3167 1459 ablutionem,
3193 1392 3501 1447 divinarum

1924 1491 2281 1547 personarum
2332 1479 2386 1532 in
2436 1481 2653 1548 seipsis,
2691 1484 2736 1535 si
2784 1482 2856 1536 ita
2883 1482 3031 1551 loqui
3061 1482 3142 1538 fas
3172 1496 3279 1548 εει,
3314 1498 3500 1541 mutua

1926 1571 2158 1639 mansio,
2184 1580 2240 1624 et
2289 1571 2596 1637 collocatio,
2652 1573 2706 1626 in
2749 1581 2921 1627 totum
2954 1589 3290 1645 supraqnam
3326 1593 3497 1648 copu-

1924 1658 2030 1714 lata
2085 1662 2137 1716 iu
2184 1678 2371 1726 unum,
2410 1673 2465 1718 et
2495 1679 2600 1718 non
2638 1662 2864 1719 confusa
2898 1666 2954 1719 in
2989 1680 3141 1735 parte
3173 1668 3279 1723 ulla
3310 1688 3326 1725 :
3357 1673 3501 1727 sicut

225 1770 322 1822 καὶ
352 1769 558 1840 ἀκριϐῆ
584 1769 682 1841 τὴν
708 1771 803 1823 ἀπ’
831 1769 1072 1841 ἀλλήλων
1105 1769 1287 1832 ίδικῶς
1312 1768 1684 1840 ὑφισταμένην
1712 1767 1814 1839 ἔχει

1927 1753 2128 1808 lumina
2159 1755 2468 1825 lampadutn
2499 1754 2595 1827 (ut
2621 1756 2888 1826 exemplis
2916 1761 3017 1812 sub
3048 1774 3272 1815 sensum
3301 1765 3499 1818 caden-

225 1862 522 1933 διάκρισιν,
549 1866 804 1935 ἡνωμένα
836 1868 900 1935 τῇ
935 1865 1224 1937 διακρίσει,
1255 1866 1349 1919 καὶ
1380 1868 1445 1936 τῇ
1492 1864 1681 1918 ὲνώσει
1703 1864 1818 1917 δια-

226 1956 550 2026 κεκριμένα.
588 1959 698 2010 Kal
730 1957 861 2025 γοῦν
898 1957 1136 2028 ὁρῶμεν,
1164 1959 1222 2011 ὲν
1255 1959 1389 2028 οἴκῳ
1428 1956 1637 2010 πολλῶν
1672 1955 1817 2008 ἐνόν-

224 2064 335 2111 των
361 2047 725 2118 λαμπτήρων,
754 2050 888 2121 πρὸς
916 2050 974 2102 ἓν
1000 2067 1051 2102 τι
1082 2050 1196 2119 φῶς
1221 2050 1484 2120 ένούμενα
1509 2048 1578 2102 τὰ
1599 2048 1816 2102 πάντων

228 2140 410 2208 φῶτα,
443 2142 535 2194 καὶ
567 2142 693 2211 μίαν
726 2141 919 2212 αἴγλην
943 2142 1252 2213 ἀδιάκριτον
1279 2141 1685 2212 ἀναλάμποντα,
1722 2139 1816 2192 καὶ

226 2233 328 2284 οὐκ
363 2232 429 2284 ἀν
460 2250 562 2296 τις,
591 2233 666 2296 ὡς
696 2229 865 2303 οἶμαι,
892 2234 1104 2286 δύναιτο
1126 2234 1277 2286 τοῦδε
1293 2233 1387 2285 τοῦ
1412 2233 1731 2304 λαμπτῆρος
1754 2231 1815 2284 τὸ

227 2322 346 2393 φῶς
370 2325 481 2377 ἀπὸ
507 2325 613 2377 τῶν
638 2325 811 2379 ἄλλων
841 2327 904 2378 ὲκ
933 2325 1031 2379 τοῦ
1064 2327 1239 2380 πάντα
1263 2325 1332 2378 τά
1358 2325 1511 2395 φῶτα
1537 2326 1817 2395 περιέχον-

223 2433 317 2478 τος
350 2416 514 2487 ἀέρος
546 2417 815 2488 διακρῖναι
854 2419 948 2471 καὶ
991 2418 1119 2471 ἰδεῖν
1142 2417 1268 2471 ἄνευ
1297 2417 1525 2491 θατέρου
1568 2416 1812 2485 θάτερον,

225 2508 371 2561 ὅλων
404 2511 460 2562 ἐν
494 2511 635 2574 ὅλοις
663 2509 879 2580 ἀμιγῶς
905 2510 1382 2580 συγκεκραμένων.

1929 1848 2073 1902 tibus
2100 1855 2154 1900 et
2180 1846 2541 1901 familiaribus
2574 1850 2716 1917 utar)
2747 1864 2866 1917 quae
2897 1859 3027 1905 sunt
3074 1853 3126 1906 in
3175 1870 3279 1907 una
3309 1855 3495 1925 domo,

1924 1948 1981 1995 et
2027 1950 2138 1994 tota
2192 1950 2318 1994 sunt
2348 1940 2398 1993 iu
2429 1955 2488 1994 se
2521 1942 2646 1994 totis
2682 1940 2946 2009 vicissim,
2983 1962 3088 1998 non
3120 1948 3402 2015 permista,
3433 1963 3498 2019 ac

1922 2048 2021 2101 per
2051 2049 2111 2088 se
2134 2035 2407 2087 exsistunt
2433 2033 2678 2102 perfecte
2712 2033 2856 2088 inter
2895 2052 2954 2090 se
3002 2046 3188 2092 mutuo
3214 2040 3493 2109 sigillatim

1925 2124 2198 2188 distincta,
2234 2123 2517 2190 conjumta
2580 2124 2631 2177 in
2683 2134 2847 2177 unum
2882 2125 3134 2190 discrete,
3167 2138 3222 2182 et
3251 2129 3495 2186 discreta

1922 2217 2282 2283 conjunclim.
2313 2216 2592 2285 Siquidem
2644 2216 2697 2269 in
2744 2219 2907 2270 domo
2947 2220 3242 2285 cernimus,
3288 2222 3341 2275 in
3388 2238 3492 2292 qua

1923 2311 2104 2363 Inultze
2130 2312 2405 2379 lampades
2433 2313 2726 2373 exsistunt,
2747 2312 2798 2364 iu
2822 2328 2988 2365 unum
3012 2314 3283 2381 quoddam
3314 2314 3494 2372 lumen

1920 2415 2235 2457 cunctarqu
2264 2403 2468 2456 lumina
2494 2405 2826 2471 coalescere,
2847 2404 3305 2476 splendoremque
3325 2425 3494 2464 unum

1920 2494 2363 2561 imlividuumqne
2389 2494 2634 2563 proferre
2659 2512 2674 2559 ;
2714 2511 2890 2567 neque
2922 2501 3233 2569 quisquam,
3262 2509 3319 2553 ut
3348 2500 3496 2555 arbi-

228 2610 368 2665 tror,
430 2610 606 2669 potest
654 2605 811 2656 unius
864 2602 1126 2671 lampadis
1160 2602 1339 2655 lumen
1370 2605 1437 2654 ab
1479 2600 1707 2655 aliarmn
1746 2612 1809 2651 ex
1856 2608 1980 2648 aere
2009 2598 2204 2642 cuncta
2238 2588 2444 2641 lumina
2476 2587 2796 2644 continente
2850 2605 3164 2658 secernere,
3221 2604 3386 2664 atque
3407 2597 3491 2651 al—

230 2691 411 2746 terum
470 2692 673 2760 absque
726 2694 900 2749 altero
941 2697 1147 2760 videre,
1182 2697 1325 2765 quod
1372 2704 1487 2748 tota
1526 2694 1653 2746 totis
1698 2692 1818 2745 sine
1850 2683 2173 2741 coultlsioue
2205 2691 2618 2749 t‘Olllelllpel'ala
2649 2683 2777 2736 sint.

315 2785 481 2839 Ἀλλὰ
514 2787 609 2839 καὶ
652 2788 700 2839 εἰ
740 2787 832 2840 τὸν
864 2788 958 2841 ἕνα
984 2806 1067 2852 τις
1098 2789 1205 2841 τῶν
1234 2787 1454 2859 πυρσῶν
1478 2785 1812 2852 ὑπεξαγάγοι

224 2878 325 2931 τοῦ
371 2879 660 2947 δωματίου,
693 2878 1126 2945 συνεξελεύσεται
1172 2882 1263 2934 καὶ
1316 2880 1376 2933 τὺ
1426 2882 1621 2932 οἰκεῖον
1668 2879 1811 2931 ἅπαν

228 2971 348 3039 φῶς
382 2971 530 3023 οὐδέν
549 2988 600 3023 τι
619 2971 726 3025 τῶν
753 2973 951 3042 ἑτέρων
976 2973 1166 3040 φώτων
1189 2975 1245 3025 ὲν
1272 2971 1448 3041 ἑαυτῷ
1475 2969 1813 3023 συνεπισπώ-

1988 2775 2241 2841 Quinimo
2270 2775 2313 2827 si
2342 2775 2465 2842 quis
2505 2790 2662 2827 unam
2694 2774 2995 2843 lampadem
3026 2780 3220 2835 educat
3250 2798 3280 2837 e
3306 2785 3493 2849 domo,

1919 2865 2082 2920 simul
2129 2864 2301 2918 exiblt
2354 2874 2522 2917 totum
2570 2867 2847 2934 propriutn
2900 2868 3106 2934 lumen,
3150 2874 3284 2927 nihil
3332 2878 3487 2944 quid-

1920 2973 2081 3026 quam
2115 2968 2429 3010 caaterorum
2457 2956 2716 3011 luminum
2741 2959 2793 3012 in
2847 2960 3023 3029 seipsa
3051 2964 3210 3018 simul
3245 2969 3492 3032 trahens,

231 3081 397 3133 μενον
410 3064 476 3126 ⁸³,
506 3064 538 3135 ἢ
565 3064 658 3117 τοῦ
682 3065 875 3117 ἑαυτοῦ
901 3069 1013 3129 τοῖς
1052 3066 1258 3137 ἑτέροις
1292 3065 1619 3118 καταλεῖπον
1634 3066 1678 3096 ⁸⁸
1696 3082 1709 3094 ·
1745 3060 1812 3137 ἦν

1921 3065 2094 3118 neque
2117 3049 2322 3118 aliquid
2345 3050 2426 3103 sui
2450 3050 2556 3104 illis
2579 3051 2925 3120 relinquens;
2952 3069 3066 3109 erat
3087 3060 3230 3111 enim
3252 3060 3488 3126 illorum,

227 3157 340 3228 γὰρ
389 3157 588 3221 αὐτῶν,
614 3159 749 3229 ὅπερ
791 3157 1005 3228 έφην,ή
1051 3158 1184 3211 ὅλων
1231 3158 1367 3228 πρὸς
1409 3158 1505 3210 ὅλα
1545 3157 1812 3229 παντελὴς

227 3248 425 3311 ἐνωπις
456 3250 662 3321 ἀμιγὴς
695 3249 944 3313 καθόλου,
970 3251 1064 3303 καὶ
1095 3250 1268 3302 οὐδενὶ
1302 3249 1457 3321 μέρει
1493 3267 1812 3321 συμπεφυρ-

232 3340 395 3411 μένη,
432 3343 525 3395 καὶ
561 3342 734 3395 ταῦτα
768 3343 935 3407 ὅντως
974 3344 1031 3395 ὲν
1068 3343 1276 3413 σώματι
1316 3343 1395 3414 τῷ
1434 3344 1577 3415 ἀέρι,
1614 3344 1707 3396 καὶ¹
1752 3344 1809 3409 ἐξ

228 3433 420 3486 ὲνύλου
446 3432 539 3487 τοῦ
566 3434 736 3504 πυρὸς
768 3436 1073 3504 ἠρτημένου
1100 3434 1193 3487 τοῦ
1220 3434 1596 3501 φωτός.”οπου
1630 3449 1692 3501 γε
1719 3433 1811 3484 καὶ

226 3526 326 3597 τὴν
368 3526 689 3596 ὑπερούσιον
723 3526 914 3579 ἕνωσιν
949 3526 1336 3597 ὑπεριδρῦσθαί
1380 3544 1579 3596 φαμεν,
1604 3526 1665 3578 οὐ
1701 3524 1811 3578 τῶν

226 3619 289 3670 ἐν
328 3617 545 3688 σώμασι
586 3618 760 3687 μόνων
801 3617 1063 3680 ἑνώσεων,
1099 3618 1235 3671 ἀλλά
1259 3619 1352 3671 καὶ
1389 3618 1499 3671 τῶν
1527 3619 1585 3671 ὲν
1612 3618 1811 3688 ψυχαῖς

227 3710 422 3772 αὑταῖς
464 3708 561 3763 καὶ
603 3712 660 3761 ἐν
703 3710 885 3773 αὐτοῖς
928 3711 1086 3775 νόοις,
1113 3711 1179 3774 ἃς
1217 3711 1430 3781 ἔχουσιν
1464 3711 1677 3782 ἀμιγῶς
1716 3712 1809 3765 καὶ

228 3802 637 3872 ὑπερκοσμίως,
672 3802 738 3854 δι’
761 3803 895 3855 ὅλων
918 3803 1016 3857 ὅλα
1054 3803 1122 3856 τά
1158 3804 1362 3874 θεοειδῆ
1390 3805 1483 3858 καὶ
1506 3804 1808 3876 ὑπερουρά-

226 3910 317 3945 νια
353 3892 508 3961 φῶτα
543 3893 682 3946 κατά
710 3894 923 3964 μέθεξιν
955 3894 1213 3963 ἀνάλογον
1237 3898 1348 3959 τοῖς
1378 3896 1681 3966 μετέχουσι,
1708 3896 1807 3967 τῆς

230 3985 454 4039 ’πάντων
482 3987 918 4059 ὑπερηρμένης⁸⁷
943 3987 1206 4053 ένώσεως.

1918 3153 1973 3194 ιιι
2004 3141 2139 3204 dixi,
2172 3151 2407 3195 totorum
2441 3143 2508 3196 ad
2545 3154 2654 3197 tota
2687 3146 2926 3214 perfecta
2961 3151 3307 3220 coujunctio;
3340 3171 3486 3210 utera

1917 3234 2129 3303 penitus
2159 3246 2212 3289 et
2240 3235 2385 3288 nulla
2418 3251 2484 3290 ex
2519 3250 2670 3305 parte
2699 3241 2946 3302 confusa.
2980 3244 3142 3313 idque
3168 3261 3293 3300 cum
3342 3260 3489 3305 esset

1916 3326 2094 3380 lntnen
2128 3326 2178 3379 in
2209 3343 2457 3396 corpore,
2489 3330 2539 3381 id
2564 3338 2645 3383 est
2683 3346 2829 3394 acre,
2861 3344 2915 3388 et
2940 3350 3007 3388 ex
3041 3339 3332 3395 materialo
3362 3342 3487 3412 igne

1916 3421 2196 3488 penderet.
2226 3421 2404 3487 Quare
2429 3425 3006 3492 supersubstantialem
3054 3430 3199 3486 illam
3229 3438 3487 3490 unionem

1918 3511 2075 3581 longe
2107 3512 2539 3580 praastantiorem
2584 3514 2835 3582 dicimus,
2865 3535 2968 3572 non
2998 3525 3160 3576 modo
3186 3523 3252 3577 ii.
3283 3542 3403 3594 qua:
3431 3530 3485 3582 in

1913 3605 2237 3672 corporibus
2287 3606 2560 3661 exsistunt
2609 3609 2923 3676 unionibus,
2958 3628 3143 3669 verum
3188 3619 3349 3671 etiam
3382 3621 3490 3674 illis

1911 3712 2031 3767 quae
2087 3697 2140 3752 in
2187 3699 2477 3773 animabus
2528 3700 2659 3769 ipsis
2711 3705 3093 3775 mentibuSque
3141 3713 3484 3781 contingunt,

1910 3803 2046 3857 quas
2085 3789 2367 3842 ittcoul'usa
2395 3797 2451 3843 et
2483 3794 2909 3859 supermuudiali
2957 3797 3168 3853 ratione
3212 3803 3484 3871 obtinent,

1910 3880 2035 3934 dum
2078 3881 2281 3934 lumina
2330 3882 2434 3934 ista
2480 3883 2769 3938 deiformia
2801 3891 3323 3963 supcrctnlestiaque
3352 3911 3484 3966 pro—

1909 3972 2222 4039 portionata
2276 3972 2376 4027 sibi
2422 3975 2845 4045 participatione
2872 3995 2970 4048 per
3003 3984 3257 4039 unionem
3293 3967 3486 4056 quam-

1910 4066 2031 4118 dam
2072 4066 2323 4121 omnibus
2353 4069 2792 4136 eminentiorem,
2821 4087 2881 4129 sc
2932 4077 3060 4132 lotis
3100 4085 3208 4133 tota
3257 4081 3479 4149 partici-

1910 4172 2062 4229 pant.

1775 4303 1912 4377 §V.

190 4424 243 4514 ί
296 4424 459 4500 ἰνΕστι
489 4445 545 4499 δὲ
578 4447 671 4500 καὶ
703 4445 973 4519 διάκρισις
1000 4448 1059 4501 ὲν
1094 4448 1214 4511 ταῖς
1252 4447 1594 4519 ὑπερουσίοις
1628 4446 1806 4500 θεολο-

1983 4448 2292 4515 Quinetiam
2326 4460 2408 4505 est
2427 4450 2478 4503 in
2499 4450 3040 4521 superessentialibus
3058 4452 3151 4508 Dei
3171 4455 3479 4510 nominibus

219 4538 391 4606 γίαις,
417 4540 514 4607 οὐχ
540 4540 606 4609 ἣν
630 4539 765 4610 ἔφην
808 4541 987 4611 μόνον,
1015 4541 1097 4594 ὅτι
1135 4542 1254 4594 κατ’
1280 4541 1447 4612 αὐτὴν
1486 4540 1584 4611 τὴν
1610 4540 1804 4593 ἕνωσιν

220 4631 442 4700 ἀμιγῶς
486 4630 715 4703 ἵδρυται,
740 4635 832 4686 καὶ
866 4634 1187 4705 ἀσυγχύτως
1220 4636 1424 4704 ἑκάστη
1450 4633 1557 4687 τῶν
1586 4636 1803 4705 ἑναρχι-

220 4723 337 4775 κῶν
364 4723 734 4778 ὑποστάσεων·
761 4725 873 4779 ἀλλ’
898 4726 978 4779 ὅτι
1004 4727 1096 4780 καὶ
1118 4726 1186 4780 τὰ
1207 4728 1306 4797 τῆς
1329 4727 1652 4798 ὑπερουσίου
1682 4727 1803 4779 θεο-

219 4814 411 4881 γονίας
428 4816 530 4867 οὐκ
548 4817 891 4888 ἀντιστρέφει
924 4820 1061 4890 πρὸς
1083 4818 1303 4890 ἄλληλα.
1329 4818 1480 4889 Μόνη
1508 4818 1563 4869 δὲ
1592 4818 1741 4889 πηγὴ
1757 4818 1803 4849 ⁸⁸

216 4906 325 4974 τῆς
374 4907 699 4977 ὑπερουσίου
750 4909 1001 4980 θεότητος
1038 4912 1068 4963 ὁ
1113 4912 1320 4983 Πατὴρ,
1350 4912 1450 4964 οὐκ
1490 4911 1641 4974 ὅντος
1670 4910 1801 4964 Υἱοῦ

216 4998 317 5050 τοῦ
366 4999 596 5069 Πατρὸς,
619 5002 741 5055 οὐδὲ
780 5004 991 5075 Πατρὸς
1026 5003 1120 5057 τοῦ
1153 5004 1300 5068 Υἱοῦ,
1338 5004 1708 5074 φυλαττόντων
1746 5004 1803 5056 δὲ

217 5087 291 5141 τά
328 5090 503 5144 οἰκεῖα
530 5090 639 5146 τῶν
674 5092 857 5163 ὓμνων
893 5094 1105 5163 εὐαγῶς
1128 5096 1332 5169 ἑκάστῃ
1355 5096 1464 5150 τῶν
1498 5097 1803 5167 θεαρχικῶν

218 5182 595 5237 ὑποστάσεων.
631 5180 801 5259 Abeat
836 5187 935 5255 μὲν
962 5189 1016 5239 ai
1044 5187 1185 5240 κατά
1210 5189 1307 5258 τὴν
1339 5187 1641 5257 ἄφθεγκτον
1666 5188 1800 5241 ’ἐνω-

220 5276 307 5329 σίν
338 5292 399 5327 τε
435 5276 527 5329 καὶ
566 5276 796 5349 ὓπαρξιν
828 5277 1045 5340 ἐνώσεις
1082 5296 1142 5332 τε
1182 5281 1275 5333 καὶ
1304 5279 1620 5351 διακρίσεις.
1648 5281 1712 5333 Εἰ
1745 5280 1801 5334 δὲ

218 5368 315 5421 καὶ
341 5367 461 5420 θεία
494 5367 762 5438 διάκρισίς
788 5371 936 5425 ἐστιν
969 5373 1001 5443 ή
1028 5371 1416 5445 ἀγαθοπρεπὴς
1449 5372 1672 5443 πρόοδος
1704 5372 1809 5443 τῆς

1908 4539 2209 4602 distinctio,
2237 4554 2341 4611 qua
2356 4556 2463 4595 non
2486 4551 2691 4596 tantum
2725 4542 2807 4611 (ut
2832 4542 2963 4616 dixti)
2992 4544 3287 4597 secundum
3316 4544 3482 4616 319

1906 4630 2079 4701 ipsam
2111 4632 2366 4688 unionem
2391 4634 2649 4703 quaelibet
2679 4613 3078 4703 praecipuarum
3126 4613 3477 4704 personarum

1907 4724 2243 4794 impermista
2293 4735 2458 4796 atque
2508 4724 2788 4780 inconfusa
2824 4726 3068 4793 ponitur,
3094 4742 3282 4781 verum
3311 4730 3478 4783 etiam

1906 4831 1970 4871 ea
2000 4832 2121 4886 qua:
2145 4818 2683 4887 supersubstantialis
2712 4820 2857 4873 illius
2883 4820 3083 4875 divina:
3108 4825 3481 4890 generationis

1906 4917 2055 4975 ειιιιι,
2089 4910 2231 4965 inter
2256 4925 2316 4965 se
2342 4912 2563 4966 minime
2591 4914 3021 4981 reciprocantur.
3055 4916 3206 4970 Adeo
3245 4927 3304 4971 ut
3331 4915 3480 4972 solus

1906 5003 2070 5057 Pater
2116 5002 2241 5058 fons
2284 5003 2357 5057 sit
2406 5004 2457 5056 in
2494 5005 3005 5072 supersubstantiali
3051 5007 3284 5073 Deitate,
3314 5018 3480 5078 atque

1906 5094 1980 5148 ita
2007 5094 2167 5149 Pater
2199 5110 2303 5148 non
2332 5094 2404 5149 sit
2430 5093 2625 5159 Filius,
2664 5110 2840 5163 neque
2862 5096 3029 5152 Filius
3059 5099 3132 5152 sit
3159 5098 3343 5164 Pater,
3380 5103 3476 5154 sed

1901 5187 2099 5255 cuique
2132 5186 2435 5240 divinarum
2461 5184 2818 5241 Personarum
2851 5189 3084 5256 propriae
3132 5203 3244 5243 sua:
3290 5188 3477 5243 laudes

1906 5279 2175 5334 inviolatae
2204 5289 2619 5333 conserventur.
2650 5278 2743 5332 Ha:
2769 5280 2984 5348 quidem
3016 5291 3141 5336 sunt
3168 5280 3393 5334 uniones
3419 5290 3474 5334 et

1915 5370 2294 5427 distinctiones
2344 5370 2399 5425 in
2444 5370 2535 5426 illa
2578 5367 2837 5425 inelIabili
2879 5371 3082 5427 unione
3128 5381 3183 5426 et
3213 5366 3473 5427 essentia.

1500 5529 1738 5585 VARIIE
1774 5527 2178 5585 LECTlONES.

290 5663 337 5739 ξίν
367 5664 689 5739 ὑπερουσίου
745 5667 992 5739 θεότητος
1016 5714 1029 5738 ,
1082 5672 1141 5727 Ρ.

219 5735 261 5767 υ
290 5734 351 5788 S.
384 5734 522 5809 μόνῃ
544 5737 598 5790 δὲ
622 5739 688 5808 τῇ
718 5741 887 5809 πηγῇ.

1255 5674 1301 5708 ⁸⁵
1332 5673 1907 5743 συνεπισπασάμενον,
1964 5670 2020 5725 S.
2068 5670 2124 5725 Ρ.
2169 5670 2231 5725 D.

2324 5670 2369 5701 8°
2399 5666 2708 5723 καταλιπόν.
2788 5667 2832 5700 ⁸⁷
2858 5665 3286 5739 ὑπερηνωμένής
3308 5704 3322 5730 ,
3367 5664 3470 5723 Ub.
