3876 6226
459 318 565 375 645

1626 323 1688 381 S.
1719 323 2022 383 DIONYSII
2059 328 2527 388 AREOPAGITAE

3623 335 3730 400 6M

457 434 614 502 Quod
664 436 709 490 si
743 450 874 490 vero
916 435 1078 491 etiam
1125 437 1306 493 divina
1332 438 1613 495 distinctio
1644 440 1717 495 sit
1752 444 2015 499 emanatit

2136 445 2382 510 ὲνώτεως
2413 449 2515 519 τῆς
2542 450 2695 517 θείας
2728 452 3161 525 ὑπερηνωμένως
3194 455 3392 527 ἑαυτὴν
3431 456 3729 531 ἀγαθότητι

457 528 601 581 bono
646 529 971 583 conveniens
1016 529 1211 585 divina
1258 532 1495 595 unionis,
1534 547 1655 602 quae
1707 548 2035 605 sttpraquam

459 619 611 671 unite
636 618 879 672 bonitate
908 619 1000 672 Dei
1035 619 1435 690 multiplicatur
1475 640 1488 676 :
1528 622 1881 677 distinctione
1910 625 2037 693 qui-

458 709 578 763 dem
638 710 817 763 divina
878 712 1045 764 unita:
1097 721 1222 765 sunt
1278 713 1864 783 incomprehensibiles
1919 717 2037 772 ista:

459 802 999 866 communicationes,
1016 804 1597 871 substantiﬁcationes,
1619 808 2035 875 viviﬁcationes,

458 894 1000 961 sapientiﬁcationcs,
1031 896 1247 965 aliaque
1293 898 1596 953 istiusmodi
1627 902 1868 955 omnium
1901 902 2035 957 effc-

457 988 640 1041 ctricis
669 986 925 1041 bonitatis
955 1006 1205 1054 munera,
1239 993 1535 1045 secundum
1568 1009 1690 1063 quae
1715 1011 1780 1049 ex
1811 999 2035 1063 partici-

456 1080 766 1147 pationibus
790 1089 843 1135 et
871 1082 1225 1152 participibus
1250 1082 1539 1140 laudantur
1560 1100 1623 1140 ea
1652 1102 1773 1157 quae
1798 1089 2038 1158 imparti-

455 1192 632 1259 cipate
658 1194 1075 1261 participantur.
1101 1194 1166 1248 Et
1189 1196 1293 1251 hoc
1319 1212 1610 1251 commune
1638 1208 1693 1252 et
1720 1201 2030 1268 copulatmn

452 1293 508 1337 et
532 1300 694 1335 unum
723 1293 807 1337 est
833 1286 927 1338 toti
955 1286 1249 1351 divinitati,
1278 1290 1591 1359 participari
1620 1292 1825 1346 scilicet
1861 1294 2030 1361 ipsam

453 1376 521 1427 ab
554 1391 882 1445 unoquoque
913 1377 1386 1448 participanlium,
1416 1390 1469 1433 et
1496 1396 1524 1433 a
1560 1382 1704 1435 nullo
1732 1384 1876 1437 nulla
1908 1402 2035 1453 par-

454 1474 504 1517 te
538 1486 548 1519 :
581 1466 721 1519 sicut
771 1478 1031 1533 punctum
1079 1470 1252 1524 centri
1306 1470 1361 1524 in
1413 1472 1593 1525 medio
1643 1474 1834 1527 circuli
1869 1486 1923 1529 et
1963 1477 2032 1531 ab

450 1558 703 1613 omnibus
739 1557 896 1612 lineis
930 1560 1119 1623 rectis,
1154 1576 1276 1630 qua:
1320 1570 1448 1616 sunt
1479 1562 1531 1615 in
1559 1563 1763 1618 circulo
1797 1566 2033 1620 circum—

450 1649 637 1701 nositze
678 1649 1061 1717 participatur,
1091 1659 1147 1704 et
1193 1651 1336 1704 sicut
1391 1651 1574 1705 multa:
1632 1654 1817 1724 ﬁgura:
1865 1655 2026 1725 sigilli

447 1754 720 1809 expressae
773 1743 1127 1811 archetypum
1179 1743 1418 1813 sigillum
1479 1747 1829 1815 participant,
1864 1760 1918 1804 et
1974 1752 2027 1805 in

447 1849 773 1903 unaquaque
801 1834 967 1903 ﬁgura
999 1834 1160 1901 sigilli
1194 1851 1450 1905 expressa
1484 1847 1652 1891 totum
1686 1850 1742 1893 et
1775 1840 1914 1894 idem
1948 1843 2024 1896 si-

446 1923 630 1993 gilium
667 1935 770 1989 est,
802 1935 856 1979 et
888 1926 940 1979 in
976 1926 1119 1979 nulla
1153 1925 1323 1997 ﬁgura
1369 1930 1665 1983 secundum
1704 1931 1866 1985 ullam
1897 1949 2022 2003 par-

2140 539 2486 613 πληθυούσης
2513 560 2573 597 τε
2607 545 2702 597 καὶ
2714 546 3313 616 πολλαπλασιαζούσης,
3330 551 3609 619 ἡνωμέναι
3632 556 3727 622 μέν

2138 634 2243 686 είσι
2290 634 2431 687 κατά
2462 636 2563 707 τὴν
2592 636 2743 690 Θείαν
2765 638 3037 710 διάκρισιν
3067 642 3122 694 ul
3149 642 3366 711 ἄσχετοι
3392 644 3723 712 μεταδόσεις.

2138 727 2193 779 αἱ
2221 726 2503 792 ούσιώσεις
2517 729 2582 792 ⁸⁸,
2611 732 2665 783 αί
2695 731 2952 795 ζωὼσεις,
2970 735 3034 785 αἱ
3064 736 3463 806 σοφοποιήσεις,
3491 739 3546 788 αἱ
3574 738 3722 791 ἄλλαι

2136 817 2335 890 δωρεαὶ
2372 820 2474 891 τῆς
2513 823 2731 876 πάντων
2774 826 2951 889 αἰτίας
2992 826 3346 897 ἀγαθὰτητος,
3384 829 3508 881 καθ’
3548 829 3614 893 ἃς
3663 832 3723 883 ἐκ

2134 912 2244 965 τῶν
2282 913 2525 983 μετοχῶν
2557 916 2651 967 xui.
2682 916 2789 969 τῶν
2819 918 3151 987 μετεχόντων
3182 920 3429 990 ὑμνεῖται
3459 921 3528 973 τὰ
3557 923 3723 992 ἀμεθ-

2136 1005 2308 1070 έκτως
2360 1008 2715 1079 μετεχόμενα.
2761 1011 2871 1062 Καὶ
2911 1011 3066 1063 τοῦτο
3102 1012 3278 1064 κοινὸν
3310 1014 3404 1065 καὶ
3444 1016 3722 1085 ἡνωμένον

2135 1100 2229 1151 xui
2267 1100 2326 1152 ἓν
2359 1100 2474 1153 ἔστι
2507 1104 2572 1172 τῇ
2613 1102 2709 1173 ὅλῃ
2748 1102 3042 1173 θεότητι⁹⁶,
3068 1103 3128 1155 τὸ
3170 1105 3348 1156 πᾶσαν
3385 1106 3560 1176 αὐτὴν
3600 1107 3721 1177 ὅλην

2136 1190 2224 1259 ὑφ’
2262 1192 2491 1245 ἑκάστου
2514 1193 2623 1245 τῶν
2651 1195 2985 1264 μετεχόντων
3012 1196 3353 1266 μετέχεσθαι,
3391 1198 3487 1250 καὶ
3522 1199 3615 1251 ὑπ’
3635 1200 3721 1251 ού-

2132 1283 2280 1349 δενὸς
2308 1286 2539 1339 ούδενὶ⁹¹
2573 1288 2748 1358 μέρει·
2769 1288 3020 1359 καθάπερ
3052 1293 3274 1359 σημεῖον
3290 1292 3336 1322 ⁹¹
3364 1292 3422 1342 ὲν
3451 1291 3605 1361 μέσῳ
3630 1293 3721 1344 κύ-

2134 1378 2261 1431 κλου
2293 1378 2428 1449 πρὸς
2456 1379 2647 1432 πασῶν
2666 1380 2773 1432 τῶν
2799 1382 2857 1432 ὲν
2889 1381 2966 1451 τῷ
2992 1381 3175 1452 κύκλῳ
3210 1383 3610 1453 περικειμένων
3637 1385 3719 1435 εύ-

2132 1470 2325 1523 θειῶν·
2366 1472 2458 1524 xui.
2504 1471 2693 1542 ὥσπερ
2743 1473 3033 1544 σφραγῖδος
3077 1475 3444 1544 ὲκτυπώματα
3486 1475 3658 1528 πολλά
3675 1478 3717 1507 ’³

2135 1562 2348 1632 μετέχει
2372 1563 2471 1632 τῆς
2496 1563 2799 1635 ἀρχετύπου
2827 1565 3135 1636 σφραγῖδος,
3166 1567 3259 1618 xui
3290 1570 3347 1620 ἐν
3368 1568 3589 1637 ἑκάστη)
3613 1568 3717 1622 τῶν

2132 1655 2568 1724 ὲκτυπωμάτων,
2594 1656 2721 1725 ὅλης
2745 1658 2838 1709 xui.
2858 1656 3064 1724 ταύτῆς
3088 1659 3263 1711 οὐδενὶ
3290 1662 3411 1713 κατ’
3440 1661 3597 1714 οὐδὲν
3626 1663 3717 1731 μέ-

2135 1764 2244 1817 ρος.
2264 1747 2609 1819 ’Υπέρκειται
2633 1748 2689 1799 δὲ
2718 1748 2810 1801 καὶ
2832 1749 3035 1801 τούτων
3073 1751 3107 1821 ἡ
3147 1752 3246 1821 τῆς
3287 1753 3574 1806 παναιτίου
3601 1753 3713 1806 Θεό-

2128 1858 2289 1912 τητος
2328 1840 2614 1911 ἀμεθεξία,
2639 1840 2717 1911 τῷ
2763 1843 2899 1912 μήτε
2927 1842 3143 1912 ἐπαφὴν
3185 1844 3351 1913 αὐτῆς
3380 1842 3542 1906 εἶναι,
3581 1848 3711 1917 μήτι

2132 1932 2296 2003 ἄλλην
2318 1932 2439 1985 τινά
2465 1933 2598 2004 πρὸς
2623 1933 2690 1985 τά
2718 1932 3009 2003 μετέχοντα
3037 1935 3284 2005 συμμιγῆ
3307 1937 3610 1989 κοινωνίαν.

446 2028 575 2073 tem.
618 2019 803 2073 Vincit
851 2029 1032 2073 autem
1084 2020 1199 2074 haec
1253 2020 1500 2088 exempla
1549 2023 1885 2089 divinitatis,
1944 2040 2064 2093 qua:
2127 2025 2372 2079 omnium
2440 2039 2603 2078 causa
2654 2035 2780 2091 est,
2836 2025 3396 2095 imparticipabilitas;
3457 2030 3708 2098 quoniam

443 2112 560 2182 ejus
584 2110 728 2166 nulla
756 2120 837 2167 est
863 2112 1051 2177 tactio,
1083 2125 1257 2182 neque
1276 2112 1381 2166 alia
1410 2127 1533 2166 cum
1560 2115 2018 2184 participantihus
2056 2117 2327 2172 mistionis
2355 2118 2687 2173 communio.

1994 2261 2021 2333 ᾗ
2081 2261 2187 2321 Vl.

510 2407 579 2460 At
606 2406 750 2461 dicet
780 2405 998 2476 aliquis,
1019 2406 1252 2479 sigillum
1280 2411 1331 2464 in
1369 2411 1496 2466 totis
1523 2416 1800 2481 expressis
1828 2414 2016 2485 ﬁguris

439 2517 545 2556 non
582 2517 701 2557 esse
732 2512 900 2556 totum
932 2513 986 2558 et
1010 2504 1173 2558 idem.
1209 2506 1407 2560 Verum
1439 2505 1598 2573 hujus
1624 2509 1698 2563 rei
1731 2524 1836 2563 non
1864 2508 2016 2580 sigil-

437 2594 546 2649 lum
577 2611 741 2650 causa
796 2609 879 2651 est
925 2598 1139 2667 (totum
1174 2599 1318 2654 enim
1350 2614 1469 2654 sese
1500 2601 1632 2654 illud
1662 2610 1826 2671 atque
1869 2603 2013 2657 idem

437 2687 726 2755 unicuique
750 2690 1157 2759 communicat),
1183 2691 1276 2744 sed
1300 2692 1733 2762 participantium
1760 2692 2018 2748 diﬁeren-

438 2780 531 2841 tia,
562 2779 743 2842 unius,
778 2781 962 2844 totius,
993 2780 1346 2851 ejusdemque
1371 2785 1659 2852 printitivaa
1683 2786 1874 2840 formre
1896 2787 2014 2839 dis-

434 2872 638 2926 similes
667 2874 843 2927 reddit
875 2874 1077 2944 eﬁigies
1110 2892 1126 2928 :
1160 2888 1218 2928 ut
1245 2877 1314 2939 si,
1354 2878 1505 2931 verbi
1540 2878 1743 2947 gratia,
1769 2878 2009 2946 subjecta

433 2966 545 3019 sint
583 2965 789 3028 mollia,
822 2965 1169 3035 formatnqne
1206 2967 1407 3033 facilia,
1453 2969 1698 3039 leviaque
1733 2981 1789 3025 et
1818 2972 2012 3040 inﬁgu-

433 3067 571 3121 rata,
608 3074 707 3113 nec
738 3059 1085 3122 reluctantia,
1126 3076 1227 3115 nec
1260 3063 1418 3127 dura,
1456 3078 1632 3130 neque
1656 3062 1821 3129 ﬂuxa,
1845 3071 1901 3116 et
1929 3062 2010 3116 in-

2191 2414 2383 2468 Καίτοι
2417 2414 2549 2484 φαίη
2577 2431 2679 2476 τις·
2705 2413 2817 2466 Οὐκ
2842 2412 2987 2465 ἐστιν
3011 2413 3045 2483 ἡ
3070 2412 3304 2483 σφραγὶς
3338 2412 3397 2464 ὲν
3435 2409 3580 2475 ὅλοις
3600 2412 3708 2470 τοῖς

2121 2504 2439 2575 ὲκμαγείοις
2474 2505 2568 2576 ὅλη
2606 2505 2699 2557 xui.
2718 2505 2911 2574 ταύτή.
2938 2502 3142 2555 Τούτου
3163 2502 3219 2554 δὲ
3259 2504 3357 2571 οὐχ
3400 2504 3434 2572 ἡ
3473 2502 3707 2571 σφραγὶς

2120 2600 2267 2652 αίτία
2296 2600 2499 2670 (πᾶσαν
2522 2598 2630 2669 γὰρ
2660 2597 2860 2666 ἑαυτὴν
2888 2595 3070 2666 ὲκείνη
3094 2594 3407 2665 καὶνταύτὴν
3433 2595 3649 2665 ἑκάστῳ
3663 2596 3707 2627 ’⁸

2119 2692 2426 2744 ἐπιδίδωσιν
2460 2691 2501 2756 ),
2532 2690 2640 2762 ἠδὲ
2671 2689 2781 2742 τῶν
2814 2689 3144 2759 μετεχόντων
3161 2689 3206 2719 ’⁵
3238 2688 3567 2759 διαφορότης
3590 2688 3707 2742 ἀνό-

2124 2801 2250 2855 μοια
2299 2786 2441 2837 ποιεῖ
2484 2783 2551 2835 τὰ
2595 2783 3001 2852 ἀπομόργματα
3041 2781 3141 2850 τῆς
3168 2783 3295 2852 μιᾶς
3320 2783 3415 2834 xui
3448 2781 3580 2852 ὅλης
3615 2782 3706 2835 καὶ

2120 2877 2323 2947 ταύτῆς
2362 2876 2721 2947 ἀρχετυπίας·
2750 2871 2881 2936 οἷον,
2909 2874 2957 2925 εί
2987 2873 3085 2943 μὲν
3114 2872 3292 2926 ἀπαλά
3328 2873 3423 2925 xui.
3457 2872 3705 2925 εύτύπω-

2117 2988 2187 3024 τα
2200 2972 2246 3003 “
2272 2966 2337 3044 ᾗ,
2366 2971 2457 3023 xui
2481 2970 2598 3022 λεῖα
2621 3011 2635 3033 ,
2663 2968 2759 3021 xui.
2794 2967 3078 3037 ἀχάρακτα
3119 2967 3213 3019 xui.
3258 2966 3393 3035 μὴτε
3436 2966 3704 3017 ἀντίτυπα

2118 3063 2214 3115 καὶ
2247 3062 2475 3134 σκληρὰ,
2506 3064 2640 3132 μήτε
2677 3061 2964 3128 εύδιάχυτα
2998 3059 3090 3110 xui.
3113 3058 3387 3110 ἀσύστατα
3407 3098 3422 3119 ,
3462 3056 3703 3127 καθαρὸν

430 3154 758 3215 constantia,
794 3152 1023 3223 ﬁguram
1050 3154 1275 3207 nitidam
1310 3166 1365 3208 et
1394 3164 1660 3223 apertam,
1702 3170 1767 3206 ac
1798 3170 2014 3223 perma-

2124 3156 2228 3222 ἕξει
2255 3157 2350 3210 xui
2376 3156 2522 3225 σαφῆ
2554 3156 2647 3207 xui.
2684 3153 3086 3223 ἐναπομένοντα
3115 3152 3206 3203 τὸν
3241 3152 3441 3204 τύπον·
3487 3153 3539 3203 εί
3579 3151 3701 3203 δέτι

433 3255 645 3298 nenlcm
671 3246 924 3299 habitura
951 3256 1075 3299 sunt
1099 3264 1113 3307 ;
1143 3247 1224 3300 sin
1252 3256 1430 3301 autem
1458 3247 1660 3315 aliquid
1686 3247 1845 3301 dictae
1872 3247 2011 3314 apti-

429 3337 605 3391 tndini
636 3337 889 3398 defuerit,
918 3351 980 3391 ea
1014 3338 1199 3405 utique
1227 3352 1391 3391 causa
1422 3339 1550 3403 erit,
1580 3353 1677 3391 cur
1704 3337 1872 3404 ﬁgura
1909 3336 2010 3390 nti-

429 3444 535 3482 nus
577 3444 833 3497 expressa
866 3430 936 3481 sit
968 3438 1022 3482 et
1059 3427 1230 3491 clara,
1264 3438 1573 3497 caatcraqne
1610 3429 1863 3482 aet-,idant
1889 3446 2007 3497 qua:

426 3534 492 3572 ex
544 3519 901 3587 participandi
952 3519 1314 3588 ineptitudine
1342 3520 1521 3573 solent
1548 3521 1787 3573 evenire.
1825 3518 2001 3576 Porro

428 3612 480 3665 in
511 3612 749 3664 beneﬁca
782 3613 957 3664 nostri
990 3612 1337 3681 reparatione
1366 3627 1562 3665 mllltllS
1595 3611 1700 3665 hoc
1730 3628 1757 3663 a
1787 3612 2007 3668 Deitate

425 3703 741 3757 distinctum
780 3715 883 3765 est,
908 3706 1048 3772 quod
1078 3715 1300 3773 propter
1335 3718 1435 3758 nos
1462 3720 1528 3758 ex
1561 3706 1719 3759 nobis
1747 3705 2002 3767 Verbum,

426 3796 570 3862 quod
623 3810 785 3862 supra
837 3796 1201 3849 substantiam
1252 3805 1358 3857 est,
1394 3795 1659 3862 integram
1712 3811 2003 3865 veramque

428 3895 665 3939 nos‘tram
698 3886 1051 3940 substantiam
1086 3885 1457 3955 assumpserit,
1490 3886 1655 3956 320
1681 3902 1852 3955 eaque
1878 3902 2003 3956 ges-

424 3979 558 4033 serit
591 3978 901 4046 tnleritqne,
932 3993 1050 4045 qua:
1082 3980 1334 4031 humana:
1359 3978 1524 4047 ipsius
1551 3980 1786 4032 actionis
1813 3981 2003 4047 praeci-

423 4087 527 4140 pua
592 4082 719 4123 sunt
769 4082 823 4123 et
874 4071 1191 4140 singularia.
1227 4070 1348 4124 llaec
1396 4072 1540 4125 enim
1593 4071 1734 4125 nulla
1794 4075 2002 4126 ratione

423 4164 731 4217 communia
781 4172 907 4216 sunt
941 4161 1118 4215 Patris
1145 4177 1208 4215 ac
1241 4162 1499 4230 Spiritus,
1548 4162 1652 4215 nisi
1694 4162 1834 4217 forte
1878 4165 2001 4233 quis

422 4258 589 4319 dicat,
622 4254 834 4308 consilii
866 4254 1083 4323 benigni
1110 4262 1295 4320 latque
1326 4253 1549 4306 humani
1583 4255 1996 4319 communitate,

419 4359 474 4400 et
502 4346 801 4400 secundum
827 4360 1044 4399 omnem
1080 4342 1223 4396 illam
1254 4346 1587 4396 eminentem
1621 4354 1784 4412 atque
1815 4344 1999 4398 inclta-

421 4439 579 4491 bilem
611 4437 848 4490 divinam
885 4433 1286 4505 operationem,
1319 4448 1503 4500 quam,
1536 4434 1678 4501 apud
1729 4450 1826 4487 nos
1850 4436 1997 4508 exsi-

418 4541 588 4596 stens,
628 4530 672 4583 is
697 4528 788 4597 qui
820 4525 1172 4581 innnutabilis
1201 4534 1321 4578 erat
1346 4525 1614 4589 exercuit,
1646 4525 1699 4579 in
1730 4537 1989 4595 quantum

421 4622 561 4674 Dens
587 4631 637 4673 et
670 4620 759 4673 Dei
796 4617 1052 4672 Verbum.
1088 4616 1193 4670 Nos
1217 4631 1433 4685 quoque
1460 4615 1709 4670 similiter
1742 4632 1827 4669 res
1854 4617 1992 4669 divi-

2109 3250 2207 3320 τῆς
2236 3248 2533 3320 εἰρημένης
2558 3245 2991 3317 ἐπιτηδειότητος
3003 3246 3047 3275 ⁹⁷
3072 3244 3323 3305 ἐλλείποι,
3345 3242 3505 3295 τοῦτο
3530 3242 3699 3295 αἴτιον

2110 3342 2261 3395 ἔσται
2301 3339 2396 3393 τοῦ
2434 3338 2738 3409 ἀμεθέκτου
2779 3339 2873 3390 xui.
2915 3335 3255 3389 ἀτυπώτου⁹⁸
3297 3337 3390 3387 καὶ
3431 3334 3529 3387 τοῦ
3568 3337 3701 3388 ἀσα-

2110 3433 2263 3502 φοῦς,
2300 3434 2394 3486 καὶ
2438 3432 2544 3483 τῶν
2587 3431 2762 3485 ἄλλων
2803 3430 2902 3482 ὅσα
2945 3428 3412 3497 ἀνεπιτηδειότητι
3464 3427 3697 3497 μετοχῆς

2107 3526 2343 3594 γίνεται.
2374 3523 2719 3594 Διακέκριται
2766 3522 2822 3574 δὲ
2859 3522 2958 3590 τῆς
2996 3518 3413 3590 ἀγαθοπρεποῦς
3440 3521 3521 3582 είς
3554 3522 3699 3589 ἡμᾶς

2108 3616 2414 3688 Θεουργίας,
2442 3615 2503 3667 τὸ
2542 3614 2662 3666 καθ’
2690 3614 2837 3683 ἡμᾶς
2874 3612 2932 3677 ἐξ
2966 3611 3125 3682 ἡμῶν
3146 3610 3337 3673 όλικῶς
3362 3613 3457 3663 xui.
3482 3611 3698 3681 ἀληθῶς

2105 3707 2430 3777 ούσιωθῆναι
2452 3706 2543 3759 τὸν
2569 3703 2889 3775 ὑπερούσιον
2918 3704 3093 3770 λόγον,
3118 3703 3211 3754 xui.
3237 3702 3433 3771 δρᾶσαι
3463 3704 3559 3755 καὶ
3588 3721 3693 3755 πα-

2107 3799 2218 3851 Θεῖν
2257 3800 2357 3851 ὅσα
2387 3798 2484 3868 τῆς
2518 3795 2872 3867 ἀνθρωπικῆς
2906 3794 3069 3847 αὑτοῦ
3103 3794 3390 3865 Θεουργίας
3431 3796 3583 3847 ἐστὶν
3610 3795 3699 3847 ἔκ-

2104 3904 2266 3958 κριτα
2319 3886 2413 3938 καὶ
2458 3884 2731 3954 ἐξαίρετα.
2781 3882 3004 3945 Τούτοις
3047 3883 3155 3953 γὰρ
3200 3886 3229 3936 ὁ
3265 3884 3457 3953 Πατὴρ
3496 3884 3592 3935 xui
3636 3883 3697 3935 τὺ

2103 3978 2328 4049 Πνεῦμα
2375 3977 2493 4029 κατ’
2521 3976 2711 4028 οὐδένα
2750 3975 3115 4046 κεκοινώνηκε
3157 3975 3333 4043 λόγον,
3362 3977 3411 4027 εί
3462 3977 3537 4046 μή
3592 3976 3694 4028 πού

2099 4086 2184 4131 τις
2241 4070 2374 4139 φαίη
2428 4068 2568 4121 κατὰ
2616 4068 2716 4137 τὴν
2763 4066 3121 4137 ἀγαθοπρεπῆ
3168 4066 3261 4119 xui
3313 4067 3695 4138 φιλάνθρωπον

2103 4158 2353 4228 βούλησιν
2369 4160 2435 4221 ⁹⁹,
2477 4158 2571 4210 xui.
2614 4157 2754 4210 κατά
2796 4159 2976 4211 πᾶσαν
3017 4159 3115 4229 τὴν
3158 4159 3564 4231 ὑπερκειμένην
3601 4160 3692 4212 xui.

2099 4250 2335 4321 ἄρῤητον
2362 4250 2670 4321 οεουργίαν,
2698 4250 2764 4319 ἣν
2788 4249 3013 4319 δέδρακε
3039 4251 3106 4280 ¹⁰⁰
3138 4250 3259 4303 καθ’
3282 4253 3431 4321 ἡμᾶς
3452 4250 3691 4319 γεγονὼς

2096 4345 2125 4395 ὁ
2160 4340 2535 4403 ἀναλλοίωτος,
2650 4340 2816 4403 θεὸς¹
2862 4340 2959 4393 'xu‘t
2984 4340 3121 4394 Θεοῦ
3164 4341 3354 4409 Λόγος.
3398 4342 3557 4395 Οὕτω
3598 4342 3690 4394 καὶ

2097 4433 2258 4501 ἡμεῖς
2281 4430 2348 4482 τὰ
2376 4430 2493 4482 θεῖα
2520 4431 2614 4483 xui.
2641 4428 2796 4483 ἑνοῦν
2820 4430 2895 4501 τῷ
2917 4432 3061 4501 λόγῳ
3086 4434 3180 4485 xu‘t
3202 4431 3499 4502 διακρίνειν
3526 4434 3690 4486 σπεύ-

2097 4525 2295 4594 δομεν,
2352 4524 2426 4587 ὡς
2500 4523 2639 4575 αύτά
2683 4523 2750 4576 τά
2802 4524 2921 4577 θεῖα
2969 4527 3064 4579 καὶ
3122 4527 3326 4595 ἥνωται
3360 4528 3455 4579 καὶ
3503 4527 3688 4580 διακέ-

2098 4634 2301 4688 κριταί.

420 4730 515 4767 nas
542 4728 789 4767 sermone
840 4713 1170 4781 conjungere
1213 4709 1659 4779 distinguercque
1710 4710 2038 4779 satagimus,
2072 4718 2233 4779 prout
2279 4711 2408 4780 ipsre
2459 4710 2717 4763 nimirum
2767 4708 2821 4763 in
2868 4724 2927 4765 se
2960 4711 3045 4765 vel
3094 4712 3260 4767 unitzn
3308 4721 3436 4767 sunt
3462 4711 3549 4767 vel
3588 4711 3689 4764 dis-

421 4810 623 4861 tinctae.

1932 4963 2136 5039 gvn.

488 5103 599 5157 Sed
649 5104 841 5157 harum
889 5104 1146 5157 unionum
1175 5119 1239 5158 ac
1266 5106 1675 5161 distinctionum
1709 5122 1981 5176 quascun-
2017 5092 2020 5096 ’

416 5214 523 5268 que
559 5197 610 5250 in
640 5195 872 5265 eloquiis
906 5196 1141 5251 rationes
1183 5197 1295 5252 Deo
1338 5210 1736 5254 consentaneas
1781 5199 1986 5268 reperi—

2175 5103 2355 5165 Ἀλλὲ,
2372 5102 2577 5157 τούτων
2602 5105 2702 5175 μὲν
2727 5105 2837 5159 τῶν
2863 5106 3109 5161 ἐνώσεὼν
3133 5126 3191 5162 τε
3220 5112 3313 5163 xui.
3337 5110 3681 5186 διακρίσεων,

2093 5199 2221 5263 ὅσας
2257 5202 2313 5252 ἐν
2340 5200 2451 5263 τοῖς
2479 5198 2679 5267 λογίοις
2707 5199 3031 5272 Θεοπρεπεῖς
3056 5203 3235 5267 αἰτίας
3264 5205 3604 5278 εὑρήκαμεν,
3625 5210 3682 5260 ἐν

1686 5372 1919 5428 VARIAZ
1953 5373 2295 5429 LECTIONE
2309 5374 2368 5432 S.

985 5509 1036 5584 ’θλ
1057 5511 1372 5584 ἀγαθότητι,
1406 5514 1459 5568 8.
1492 5516 1552 5571 Ρ.

497 5510 541 5541 ⁸⁸
566 5509 863 5574 οὐσιώδεις.

415 5578 603 5641 πολλὰ.
634 5581 687 5634 8.
724 5582 780 5634 Ρ.

414 5645 478 5699 Ι).
507 5646 812 5713 ἐκτύπωτα,
847 5650 909 5703 Μ.
940 5650 995 5703 8.

1655 5517 1697 5547 ’ί
1730 5518 1787 5569 ἐν
1813 5517 2003 5579 οὐδενί,
2051 5516 2107 5568 Ρ.

884 5580 1050 5656 έδ-καὶ
1073 5584 1275 5656 ταύτην
1288 5580 1491 5656 ταύτῃ,
1522 5586 1589 5640 Μ.
1622 5587 1716 5639 xui.
1743 5587 1977 5656 ἑκάστῳ,
2008 5586 2065 5641 8.
2098 5588 2157 5640 ι).
2188 5587 2245 5639 Ρ.

1073 5630 1427 5726 έῗῐδὶᾎιέμηῖῷξξ
1442 5630 1766 5709 ²ὕ.”’ὐέ’ζόξ
1775 5630 2015 5726 ’ὰῖεὸἔζεέ

2124 5630 2157 5640 ..
2188 5630 2245 5639 -.
2400 5630 2497 5638 η...
2549 5630 2558 5637 .
2827 5630 2871 5643 .-
2914 5630 3081 5646 ..μων
3141 5630 3197 5648 ι.
3231 5630 3352 5649 νη..
3512 5630 3650 5650 ...μω

2124 5673 2224 5710 non
2257 5659 2418 5711 habet
2455 5658 2516 5710 D.
2548 5630 2604 5707 Ρ.
2638 5660 2730 5713 καὶ
2747 5630 3045 5717 Stemmata
3091 5636 3200 5721 lion
3250 5679 3333 5722 est
3375 5670 3432 5723 in
3478 5668 3534 5723 S.
3581 5633 3667 5719 se:

2214 5519 2258 5596 ξ’
2289 5515 2515 5596 κέντρου
2546 5518 2793 5596 σημεῖον,
2823 5519 2883 5574 Ρ.
3001 5523 3101 5577 Ch.
3140 5594 3158 5596 _
3205 5526 3259 5596 ”_
3281 5525 3584 5596 ὲκτύπωμα
3609 5522 3673 5574 τᾶ

2325 5588 2371 5662 ξ’
2400 5586 2515 5662 ἀλλ’
2609 5587 2717 5662 τῶν
2747 5592 3105 5662 μετεχόντων,
3139 5594 3197 5648 Ρ.
3230 5594 3352 5649 Sar.
3438 5599 3484 5629 "
3512 5586 3669 5655 am,

413 5721 536 5769 bar.
612 5721 657 5749 °‘
686 5721 1033 5792 συμϐουλίαν,
1064 5722 1119 5777 8.
1148 5721 1501 5801 όμοὸόυλίαν,
1531 5727 1588 5780 D.
1616 5727 1672 5780 Ρ.
1754 5721 2060 5801 ¹⁰⁰’ἕδρασε,
2091 5728 2147 5781 8.
2183 5730 2239 5781 l’.
2320 5728 2333 5757 ¹
2368 5726 2399 5805 ᾖ
2426 5728 2519 5780 καὶ
2546 5726 2698 5795 Θεός,
2734 5730 2774 5783 Ρ
