3876 6226
226 304 346 361 ωδ
1362 292 1740 353 DEDWINIS
1772 289 2178 358 NOMINIBUS,
2212 288 2366 346 CAP.
2400 288 2466 346 ll.
3396 291 3505 349 646

232 417 362 478 «si;
397 414 733 485 θεολογικαίς
778 412 1211 477 ὐπατυπώσεσιν,
1264 409 1370 482 ἰδίᾳ
1418 410 1548 481 περὶ
1590 408 1821 462 ἑκάστου

1939 423 2073 471 mus,
2100 409 2152 462 in
2183 402 2613 461 institutionibus
2646 401 2982 473 tbeologicis,
3011 392 3256 459 secratan
3288 402 3357 459 de
3384 420 3502 459 sm-

233 507 605 572 διαλαϐόντες,
636 508 711 571 ὡς
737 506 976 575 ἐφικτὸν,
1005 503 1319 575 ὲξεθέμεθα,
1342 502 1411 555 τὰ
1429 503 1527 573 μὲν
1549 499 1825 564 ἀνελίξαν-

1939 500 2074 570 gulis
2117 499 2468 562 disserentes,
2500 496 2577 550 uti
2604 494 2915 565 lpotnimus,
2957 495 3343 565 explicuimus,
3380 512 3507 566 par-

230 603 362 664 τες²
390 598 468 672 τῷ
490 599 680 670 άληθεί
709 599 853 671 λόγῳ
881 601 973 654 καὶ
999 596 1422 663 ἀναπτύξαντες,
1449 594 1545 647 καὶ
1569 593 1660 647 τὸν
1684 591 1827 663 ἱερὸν

1939 592 2029 647 tim
2076 590 2295 661 quidem
2347 603 2441 644 eas
2487 604 2617 643 vera
2667 588 2878 643 ratione
2918 587 3225 651 enotlando,
3256 597 3311 643 et
3336 603 3509 660 expoo

233 690 335 744 καὶ
370 691 463 744 τὸν
485 691 876 745 άνεπιθὸλωτθν
906 690 1031 745 νοῦν
1070 691 1162 744 ἐπὶ
1184 689 1254 743 τὰ
1290 687 1432 758 φανὰ
1456 685 1565 740 τῶν
1593 684 1788 754 λογίων
1806 684 1826 715 ³

1939 683 2132 748 uendo,
2179 692 2341 751 atque
2385 681 2460 733 ita
2507 697 2700 750 purum
2746 697 2811 735 ac
2862 678 3213 749 tranquillum
3266 680 3506 735 animum

234 782 490 853 θεάματα
518 784 959 856 προσαγαγόντες
979 801 991 813 ·
1020 786 1132 847 τοῖς
1160 782 1237 846 δὲ,
1267 781 1343 846 ὡς
1379 781 1659 853 μυστικοῖς
1686 776 1827 830 κατά

1939 790 2193 845 perquam
2229 773 2423 827 lucidis
2455 772 2795 841 eloquiorum
2830 772 3381 841 contemplationibns
3422 771 3513 827 ad-

231 875 340 946 τὴν
365 874 517 927 Θείαν
538 876 834 948 παράδοσιν
858 876 996 946 ὑπὲρ
1020 874 1213 946 νοερὰν
1245 872 1522 945 ἐνέργειαν
1544 867 1829 923 ἐπιϐαλόν-

1939 868 2227 933 movendo;
2261 868 2457 936 partim
2490 883 2643 931 vero,
2675 882 2772 921 ceu
2802 867 3064 936 mysticis,
3098 881 3164 922 ex
3191 865 3372 920 divina
3397 875 3510 918 tra-

230 944 384 1027 τεςδ.
415 965 600 1018 Πάντα
622 944 735 1037 γάρ
764 965 832 1018 τὰ
860 944 1000 1028 θεῖα,
1026 944 1122 1018 καί
1158 965 1258 1017 ὅσα
1297 944 1428 1033 ἡμῖν
1465 959 1825 1028 ὲκπέφανται,

1939 963 2138 1017 rlitione
2185 976 2348 1028 supra
2398 959 2708 1013 intellectus
2750 959 3123 1028 operationem
3158 944 3524 1013 intendendoﬁ

231 1060 361 1120 ταῖς
413 1060 668 1128 μετοχαῖς
715 1057 903 1128 μόναις
948 1056 1312 1125 γινώσκεται·
1363 1054 1504 1108 αὐτὰ
1548 1052 1627 1116 δὲ,
1671 1050 1829 1104 ὁποῖά

1939 1053 2124 1108 Divina
2142 1054 2289 1107 enim
2304 1052 2507 1115 omnia,
2526 1051 2689 1105 etiam
2705 1051 2790 1104 illa
2811 1066 2931 1118 quae
2946 1050 3103 1105 nobis
3120 1061 3509 1121 apparuerunt,

236 1154 377 1202 ποτέ
406 1152 523 1202 ἐστι
559 1149 700 1203 κατὰ
727 1150 827 1221 τὴν
853 1150 1059 1204 οἰκείαν
1092 1147 1264 1219 ἀρχὴν
1306 1148 1399 1200 καὶ
1429 1145 1655 1216 ἵδρυσιν,
1688 1140 1829 1213 ὑπὲρ

1939 1145 2062 1200 solis
2081 1143 2587 1214 participationibus
2609 1153 3040 1210 cognoscuntur;
3066 1158 3228 1211 porro
3258 1145 3509 1211 ipsa,eu-

235 1240 369 1294 νοῦν
397 1243 514 1295 ἐστι
539 1243 633 1295 καί¹
663 1244 846 1296 πᾶσαν
873 1243 1057 1295 οὐσίαν
1084 1243 1180 1294 καὶ
1216 1240 1439 1309 γνῶσιν.
1477 1233 1622 1302 Οἷον,
1656 1238 1705 1290 εἰ
1732 1236 1829 1307 τὴν

1939 1237 2160 1301 iusmodi
2196 1238 2247 1290 in
2287 1249 2386 1290 suo
2413 1234 2679 1304 principio
2705 1250 2915 1304 suaque
2954 1234 3081 1289 sede
3113 1235 3330 1305 propria
3365 1235 3511 1290 exsi-

237 1335 569 1406 ἔιπερούσιον
608 1337 943 1408 κρυφιότητα
980 1334 1133 1397 Θεὸν,
1179 1333 1213 1405 ἢ
1258 1332 1423 1404 ζωὴν,
1467 1332 1500 1404 ἢ
1544 1331 1828 1401 οὐσίαν,ἢ

1939 1339 2096 1390 stant,
2128 1328 2311 1382 nullus
2337 1342 2530 1382 sensus
2560 1328 2798 1396 attingit,
2834 1326 2975 1381 nulla
3011 1336 3203 1380 natura
3244 1327 3505 1397 nullaque

234 1422 383 1492 φῶς,
409 1424 442 1495 ἢ
472 1424 629 1501 λόγον
669 1425 1058 1496 ὀνομάσαιμεν,
1087 1422 1240 1476 οὐδὲν
1285 1421 1473 1493 ἕτερον
1514 1420 1764 1491 νοοῦμεν,
1796 1419 1829 1490 ἢ

1939 1419 2175 1489 cognitio
2207 1427 2478 1488 penetrat.
2513 1415 2689 1471 Veluti
2718 1432 2840 1470 cum
2878 1431 3136 1470 arcanum
3169 1416 3299 1471 illud
3328 1431 3515 1486 super-

232 1515 341 1579 τάς
405 1517 487 1579 εἰς
542 1517 687 1587 ἡμᾶς
748 1516 807 1582 ἐξ
862 1516 1032 1586 αὐτῆς
1089 1512 1468 1585 προαγομένας
1511 1512 1767 1582 δυνάμεις
1786 1512 1829 1575 ⁵,

1939 1510 2254 1577 essentiale,
2298 1509 2381 1564 vel
2426 1509 2617 1573 Deum,
2653 1507 2738 1563 vel
2781 1508 2969 1572 vitam,
3002 1508 3087 1564 vel
3126 1507 3513 1573 substantiam,

232 1604 598 1670 ἐκθεωτικάς,
639 1606 673 1677 ἢ
707 1606 1066 1668 οὐσιοποιοὺς,
1108 1604 1141 1675 ἢ
1173 1602 1489 1672 ζωογόνους,
1521 1601 1554 1673 ἦ
1598 1599 1829 1671 σοφοδὼ-

1939 1603 2018 1658 vel
2072 1602 2276 1668 lucem,
2323 1600 2407 1656 vel
2461 1598 2698 1655 Verbum
2757 1599 3128 1668 appellamus,
3181 1597 3318 1653 nihil
3367 1597 3513 1652 aliud

231 1713 406 1767 ρους·
440 1698 578 1768 αὐτῇ
623 1697 679 1750 δὲ
721 1696 863 1751 κατὰ
904 1696 1004 1767 τὴν
1051 1694 1240 1749 πασῶν
1262 1696 1283 1726 ⁵
1311 1693 1420 1747 τῶν
1455 1692 1657 1765 νοερῶν
1681 1694 1829 1763 ἐνερ-

1939 1711 2098 1767 quam
2126 1696 2209 1751 vel
2267 1695 2515 1759 deiﬁcas,
2541 1691 2627 1747 vel
2664 1691 3099 1757 substantilicas,
3134 1692 3214 1746 vel
3250 1692 3513 1753 viviﬁcas,

232 1793 408 1862 γειῶν
445 1793 705 1847 ἀπόλυσιν
727 1790 1115 1861 ὲπιὸάλλομεν,
1140 1788 1396 1858 οὐδεμίαν
1427 1786 1661 1858 ὁρῶντες
1697 1786 1829 1839 θέω-

1939 1788 2018 1842 vel
2048 1786 2416 1856 sapientilicas
2443 1787 2674 1840 virtutes
2708 1784 3083 1854 intelligimus,
3113 1799 3233 1854 quae
3263 1784 3332 1837 ab
3362 1800 3426 1838 eo
3458 1787 3513 1840 iu

234 1901 344 1948 σιν,
367 1887 401 1957 ἢ
432 1884 599 1957 ζωὴν,
630 1885 663 1957 ἢ
692 1881 1275 1954 οὐσίαν,ἥτιςάκρι6ὦς
1316 1881 1563 1952 ἐμφερής
1603 1881 1721 1933 ἐστι
1760 1881 1827 1949 τῇ

1939 1895 2034 1935 nos
2065 1880 2378 1945 dimanant;
2425 1875 2603 1948 ipsum
2646 1885 2825 1931 autem
2856 1875 3098 1929 omnium
3140 1876 3340 1930 mentis
3383 1890 3518 1944 Ope-

232 1978 459 2032 πάντων
503 1977 819 2051 ἐξῃρημένη
862 1976 1004 2031 κατὰ
1059 1977 1239 2028 πᾶσαν
1290 1971 1564 2045 ὑπεροχὴν
1610 1970 1757 2042 αἰτίᾳ
1784 1971 1827 2026 ⁷.

1939 1975 2205 2029 rationum
2249 1972 2559 2027 cessatione
2596 1969 2985 2036 contingimus,
3015 1983 3138 2022 cum
3166 1967 3366 2022 nullam
3394 1982 3519 2022 cer-

230 2071 430 2135 Πάλιν,
460 2070 542 2124 ὃτι
592 2071 689 2142 μὲν
732 2069 848 2123 ἔστι
895 2067 1107 2140 πηγαία
1149 2065 1341 2136 θεότης
1385 2064 1413 2116 ό
1458 2063 1668 2134 Πατὴρ,
1701 2062 1730 2113 ὁ
1772 2060 1829 2113 δὲ

1939 2084 2128 2124 namus
2161 2064 2466 2121 divinitatis
2514 2062 2857 2127 etl'ectionem
2881 2103 2897 2128 ,
2929 2061 3130 2117 nullam
3170 2061 3336 2133 vitam
3364 2099 3380 2125 ,
3421 2069 3519 2113 aut

246 2162 499 2233 Ἰησοῦς⁸
530 2164 625 2216 καὶ
671 2162 734 2215 τὸ
775 2160 1020 2232 Πνεῦμα,
1047 2160 1147 2229 τῆς
1191 2158 1441 2228 θεογόνου
1473 2157 1747 2228 θεότητος,
1779 2156 1829 2208 εἰ

228 2255 381 2310 οὕτω
401 2257 506 2329 χρὴ
535 2256 721 2326 φάναι,
756 2255 974 2326 βλαστοὶ
1003 2252 1271 2322 θεόφυτοι,
1305 2252 1401 2305 καὶ
1426 2247 1538 2304 οἷον
1569 2248 1706 2319 ἄνθη
1733 2247 1828 2300 καὶ

232 2348 544 2421 ὐπερούσια
573 2348 751 2419 φῶτα,
782 2348 917 2421 πρὸς
951 2345 1062 2400 τῶν
1091 2345 1252 2417 ἱερῶν
1275 2344 1471 2412 λογίων
1494 2342 1832 2415 παρειλήφα-

235 2457 339 2509 μεν
358 2456 373 2469 ·
406 2440 555 2504 ὅπως
586 2439 643 2493 δὲ
671 2438 844 2493 ταῦτά
869 2441 1041 2505 ἐστιν,
1066 2436 1188 2490 οὔτε
1219 2438 1411 2501 εἰπεῖν,
1434 2434 1556 2489 οὔτε
1579 2434 1829 2506 ἐννοῆσαι

228 2527 481 2589 δυνατόν.

1934 2161 2257 2225 essentiam,
2290 2174 2411 2230 qua:
2463 2158 2621 2228 plane
2663 2155 2858 2210 similis
2912 2154 2985 2209 sit
3029 2170 3208 2210 causa:
3249 2152 3366 2220 illi,
3396 2166 3517 2221 qua:

1932 2252 2146 2309 cunctis
2192 2266 2289 2320 per
2341 2264 2560 2304 omnem
2607 2247 2990 2303 excellentiam
3040 2245 3337 2301 antecellit.
3368 2243 3515 2298 Rur-

1932 2357 2053 2398 sum
2115 2357 2146 2395 a
2192 2340 2496 2411 Scripturis
2530 2341 2706 2394 sacris
2752 2340 3095 2408 accepimus,
3129 2338 3347 2393 Patrem
3393 2337 3516 2407 qui-

1932 2434 2052 2489 dem
2080 2448 2203 2488 esse
2235 2431 2502 2501 originem
2535 2433 2587 2484 in
2619 2431 2834 2492 divinis,
2868 2429 3051 2485 Jesum
3083 2444 3212 2484 vero
3242 2437 3298 2484 et
3338 2427 3517 2498 Spiri-

1934 2533 2049 2578 tum
2102 2531 2373 2586 sauctum,
2404 2522 2559 2592 quasi
2603 2520 2700 2576 Dei
2752 2520 2984 2591 prolem,
3013 2520 3118 2586 vel,
3152 2521 3196 2575 si
3241 2520 3384 2575 dietu
3436 2519 3518 2573 fas

231 2626 333 2689 sit,
378 2625 532 2703 quasi
567 2623 811 2696 germina
842 2623 1049 2688 divina,
1082 2621 1311 2677 lioresve
1350 2636 1415 2675 ac
1449 2620 1651 2675 lumina
1677 2618 2219 2691 supersubstantialia
2247 2617 2515 2674 exsistere
2546 2635 2558 2671 :
2590 2631 2827 2687 quonam
2863 2629 3043 2672 autem
3077 2626 3240 2687 pacto
3268 2630 3387 2671 sese
3419 2614 3519 2669 lia-

230 2720 428 2785 beant,
458 2734 636 2790 neque
678 2717 857 2790 eloqui
920 2731 1099 2787 neque
1147 2714 1454 2785 intelligere
1502 2712 1761 2768 valemus.

1714 2833 1744 2906 §
1776 2827 1952 2892 Vill.

323 2983 488 3039 Ἀλλὰ
521 2982 717 3055 μέχρι⁹
748 2978 939 3034 τούτου
981 2980 1129 3033 πᾶσα
1170 2976 1271 3049 τῆς
1314 2975 1435 3030 καθ’
1461 2975 1609 3047 ἡμᾶς
1638 2972 1831 3044 νοερᾶς

2012 2967 2279 3023 Caeterum
2333 2965 2597 3019 hactenus
2629 2963 2810 3018 omnis
2840 2962 3149 3021 intellectus
3196 2968 3367 3023 nostri
3398 2976 3522 3024 stu-

231 3078 522 3151 ἐνεργείας
549 3079 582 3149 ἡ
613 3073 840 3148 δύναμις
859 3074 923 3137 ¹⁰,
946 3073 1026 3126 ὅτι
1057 3073 1207 3125 πᾶσα
1229 3071 1348 3125 θεία
1377 3068 1580 3138 πατριὰ
1607 3067 1701 3120 καὶ
1719 3064 1829 3119 υἱό-

1941 3062 2086 3117 dium
2111 3074 2178 3116 eo
2203 3058 2400 3123 tendit,
2430 3066 2491 3110 ut
2518 3056 2803 3127 intelligat,
2837 3059 3109 3127 quomodo
3132 3058 3315 3115 divina
3341 3062 3521 3117 omnis

229 3193 338 3246 της
369 3176 434 3226 ὲκ
453 3173 552 3243 τῆς
574 3171 791 3225 πάντων
812 3166 1153 3241 ἐξῃρημένης
1174 3164 1537 3238 πατριαρχίας
1557 3161 1652 3214 καὶ
1670 3161 1828 3231 υἰαρ-

230 3266 364 3338 χίας
393 3263 690 3336 δεδώρηται
719 3259 813 3315 καὶ
854 3263 985 3332 ἡμῖν
1020 3260 1116 3313 καὶ
1144 3261 1262 3323 ταῖς
1294 3253 1712 3328 ὑπερουρανίαις
1744 3251 1835 3304 δυ-

231 3356 491 3428 νάμεσιν,
516 3353 577 3419 ἐξ
604 3349 671 3426 ἧς
696 3354 790 3407 καὶ
821 3352 953 3417 θεοὶ,
985 3351 1080 3405 καὶ
1110 3349 1246 3405 θεῶν
1278 3350 1404 3413 υἱοὶ,
1438 3348 1532 3400 καὶ
1558 3344 1695 3399 θεῶν
1722 3359 1831 3396 πα-

230 3449 400 3520 τέρες
448 3446 498 3499 οἰ
542 3444 795 3509 θεοειδεῖς
834 3442 1110 3512 γίγνονται
1155 3440 1250 3494 καὶ
1291 3437 1645 3509 ὀνομάζονται
1688 3433 1828 3497 νόες,

233 3536 628 3610 πνευματικῶς
644 3533 841 3608 δηλαδὴ
852 3533 950 3604 τῆς
961 3531 1171 3586 τοιᾶσδε
1188 3529 1524 3602 πατρότητος
1547 3527 1641 3580 καὶ
1653 3524 1834 3595 υίότη-

233 3650 330 3696 τος
354 3630 576 3684 ὲκτελου
584 3628 773 3701 μένης,
798 3626 1101 3679 τοῦτ’ἔστιν
1124 3622 1448 3693 ἀσωμάτως,
1477 3619 1675 3682 ἀῢλως,
1704 3634 1832 3687 νοη-

233 3725 371 3788 τῶς,
399 3722 494 3776 τοῦ
519 3720 809 3793 θεαρχικοῦ
830 3718 969 3773 Πνεὺ
979 3734 1168 3789 ματος,
1192 3714 1332 3786 ὑπὲρ
1361 3714 1542 3767 πᾶσαν
1573 3709 1768 3781 νοητὴν
1787 3709 1829 3740 ¹¹

234 3817 437 3874 ἀῦλῐαν
460 3817 554 3869 καὶ
574 3815 766 3868 θέωσιν
797 3811 1058 3884 ὑπεριδρυ
1067 3810 1249 3880 μένου,
1275 3804 1369 3860 καὶ
1388 3803 1481 3858 τοῦ
1504 3802 1715 3875 Πατρδς
1737 3801 1832 3855 καὶ

233 3910 335 3966 τοῦ
370 3908 523 3973 Υίοῦ,
553 3907 734 3978 πάσης
761 3906 997 3976 πατριᾶς
1025 3901 1121 3956 καὶ
1152 3900 1394 3970 υἱότητος
1428 3896 1595 3961 θείας,
1634 3895 1831 3966 ὕπερο-

236 4001 417 4073 χικῶς
449 3998 822 4073 ἐξῃρημένων.
842 3994 976 4048 Οὐδὲ
1004 3992 1113 4064 γάρ
1142 3993 1287 4044 ἐστιν
1309 3986 1541 4060 ἀκριϐὴς
1562 3984 1831 4057 ἐμφέρεια

236 4100 358 4160 τοῖς
388 4094 650 4156 αἰτιατοῖς
682 4090 776 4144 καὶ
816 4089 929 4152 τοῖς
963 4086 1155 4149 αἰτίοις
1175 4101 1187 4114 ·
1222 4083 1336 4137 ἀλλ’
1372 4081 1482 4151 ἔχει
1516 4079 1614 4150 μὲν
1646 4078 1713 4131 τὰ
1742 4080 1829 4132 αἰ-

235 4187 405 4242 τιατὰ
448 4186 546 4249 τὰς
583 4182 693 4236 τῶν
727 4181 914 4235 αἰτίων
946 4176 1301 4248 ἐνδεχομένας
1336 4173 1569 4237 εἰκόνας,
1597 4170 1735 4224 αὐτὰ
1775 4170 1833 4224 δὲ

236 4282 311 4337 τὰ
370 4278 518 4333 αἴτια
570 4275 680 4329 τῶν
728 4270 984 4327 αἰτιατῶν
1012 4269 1285 4341 ,ἐξῄρηται
1322 4267 1416 4320 καὶ
1455 4263 1826 4336 ὑπερίδρυται,

240 4373 389 4428 κατὰ
421 4372 513 4424 τὸν
540 4371 637 4441 τῆς
668 4367 875 4430 οἰκείας
911 4362 1083 4435 ἀρχῆς
1112 4361 1267 4429 λόγον
1287 4377 1299 4391 ·
1336 4360 1431 4413 καὶ
1455 4358 1541 4411 ἵνα
1572 4359 1683 4421 τοῖς
1706 4355 1827 4409 καθ’

1936 3151 2240 3222 paternitas
2291 3158 2346 3203 et
2399 3148 2610 3214 ﬁliatio,
2655 3162 2724 3201 ex
2777 3149 3210 3217 supraeminenti
3264 3153 3512 3207 omnium

1931 3241 2304 3313 patriarchatu
2356 3241 2561 3312 filiique
2610 3239 2941 3310 Principatu,
2985 3252 3094 3297 tam
3142 3244 3302 3299 nobis
3345 3261 3512 3315 quam

1933 3351 2093 3405 supra
2125 3333 2439 3390 caelestibus
2475 3332 2772 3387 virtutibus
2815 3332 3023 3388 indulta
3057 3336 3150 3403 sit,
3181 3352 3249 3391 ex
3279 3352 3385 3406 qua
3428 3337 3511 3404 ﬁt,

1932 3438 1991 3483 ut
2016 3428 2181 3483 etiam
2214 3424 2289 3479 dii
2317 3426 2652 3494 deorumque
2675 3424 2770 3478 ﬁlii
2799 3439 2865 3480 ac
2893 3435 3079 3496 patres
3106 3428 3216 3482 sint
3238 3444 3306 3484 ac
3332 3431 3515 3485 nomi-

1935 3530 2132 3576 nentur
2159 3519 2318 3590 321
2350 3526 2562 3572 mentes
2589 3515 2908 3582 deiformes,
2947 3520 3147 3589 quibus
3174 3520 3510 3590 ejuscemodi

1932 3611 2233 3682 paternitas
2285 3624 2351 3664 ac
2400 3608 2588 3662 liliatio
2641 3608 2967 3677 spiritaliter
3013 3610 3318 3676 confertur,
3348 3612 3512 3667 modo

1934 3703 2140 3759 scilicet
2173 3703 2498 3769 incorporeo
2525 3714 2555 3753 a
2587 3699 2818 3769 materia
2866 3708 3178 3769 segregata,
3212 3700 3509 3755 intellecti-

1934 3794 2098 3863 lique,
2124 3808 2233 3862 quo
2260 3800 2441 3845 tamen
2475 3789 2714 3860 Spiritus
2740 3789 2982 3856 divinus,
3015 3800 3073 3844 ut
3106 3806 3268 3861 supra
3292 3808 3512 3846 omnem

1936 3899 2056 3955 quae
2083 3883 2299 3951 concipi
2328 3890 2507 3951 potest
2541 3881 2787 3935 materiae
2817 3882 3153 3934 vacuitatem
3191 3897 3255 3935 ac
3288 3882 3519 3937 deiﬁca-

1941 3979 2144 4033 tionem
2163 3976 2515 4040 constitutus,
2539 3974 2871 4029 eminentior
2895 3974 3130 4041 exsistit,
3157 3975 3257 4039 uti,
3279 3984 3333 4029 et
3357 3974 3428 4029 Pa
3439 3986 3521 4031 tcr

1933 4070 2232 4139 Filiusque,
2262 4069 2329 4123 ab
2370 4069 2518 4122 omni
2566 4066 2734 4121 simili
2771 4067 3103 4135 paternitate
3146 4082 3211 4122 ac
3253 4067 3520 4122 llliatione

1936 4163 2118 4218 divina
2148 4162 2458 4216 eminenter
2493 4160 2754 4226 exempti.
2799 4157 2916 4212 Non
2947 4159 3092 4212 enim
3140 4169 3224 4213 est
3271 4159 3513 4229 perfecta

1936 4266 1986 4310 et
2004 4255 2250 4310 absoluta
2275 4251 2578 4309 similitudo
2601 4266 2789 4305 eorum
2812 4266 2932 4320 quae
2957 4248 3149 4304 eﬂ‘ecta
3169 4259 3296 4304 sunt
3315 4260 3369 4304 et
3390 4265 3514 4305 can-

1936 4361 2154 4411 sarum;
2205 4346 2335 4415 quin
2370 4345 2550 4414 potius
2578 4343 2778 4397 habent
2826 4341 3041 4409 quidem
3084 4341 3278 4396 eli'et-ta
3329 4358 3523 4397 causa-

240 4468 396 4540 ἠμᾶς
440 4432 734 4536 χρήσαιμαι
768 4432 1283 4531 παραδείγμασινη,
1320 4452 1504 4523 ἡδοναὶ
1537 4450 1631 4504 καὶ
1670 4450 1829 4505 λῦπαι

1943 4458 2083 4505 rum,
2118 4439 2293 4511 quoad
2324 4438 2439 4493 lieri
2466 4435 2978 4506 potest,imagines;
3012 4433 3145 4503 ipsa;
3173 4448 3303 4485 vero
3333 4447 3517 4488 causa:

240 4560 498 4627 λέγονται
532 4550 813 4625 ποιητικαὶ
840 4548 934 4602 τοῦ
954 4546 1179 4618 ἥδεσθαι
1203 4543 1296 4598 καὶ
1316 4540 1607 4596 λυπεῖσθαι
1632 4559 1644 4572 ·
1679 4541 1841 4595 αὐταὶ

242 4652 303 4705 δὲ
351 4648 477 4702 οὔτε
522 4647 762 4717 ἥδονται,
797 4642 920 4696 οῦτε
959 4636 1289 4693 λυποῦνται·
1328 4635 1425 4690 καί
1466 4635 1526 4688 τὸ
1574 4634 1685 4706 πῦρ
1716 4634 1839 4705 θερ-

246 4746 443 4814 μαῖνον
479 4740 574 4793 καὶ
608 4738 760 4791 καῖον
798 4735 859 4788 οὐ
898 4732 1113 4801 λέγεται
1148 4728 1397 4783 καίεσθαι
1430 4728 1524 4781 καὶ
1555 4726 1843 4798 θερμαίνε-

245 4836 396 4890 σθαι.
431 4833 542 4887 Καὶ
572 4831 671 4901 ζῇν
711 4829 765 4881 εἰ
787 4845 873 4891 τις
900 4825 1035 4895 φαίη
1061 4823 1161 4895 τὴν
1199 4819 1500 4889 αὐτοζωὴν,
1534 4817 1569 4889 ἢ
1609 4815 1840 4887 φωτίζε-

246 4928 377 4981 σθαι
393 4926 455 4978 τὸ
473 4924 743 4992 αὐτόφως,
771 4919 873 4973 οὐκ
895 4915 1069 4988 ὀρθῶς
1095 4916 1210 4984 ὲρεῖ
1233 4911 1371 4966 κατά
1389 4912 1478 4964 τὸν
1501 4910 1632 4981 ἐμὸν
1650 4909 1828 4977 λόγον,

243 5025 295 5075 εἰ
328 5022 404 5093 μή
446 5036 550 5072 που
586 5014 708 5070 καθ’
738 5012 924 5082 ἕτερον
965 5006 1136 5061 ταῦτα
1182 5004 1324 5058 εἴποι
1362 5002 1582 5074 τρόπον,
1617 5002 1699 5054 ὅτι
1730 5017 1833 5053 πε-

249 5091 454 5186 ρισσῶς
475 5110 570 5165 καί
600 5104 870 5167 οὺσιωδῶς
901 5099 1181 5169 προένεστι
1202 5095 1270 5149 τά
1297 5095 1405 5147 τῶν
1439 5091 1694 5146 αἱτιατῶν
1718 5092 1833 5155 τοῖς

243 5205 463 5268 αἰτίοις.

1942 4556 2006 4595 ex
2033 4536 2241 4595 effectis
2273 4544 2536 4603 exempta:
2566 4541 2693 4588 sunt
2728 4540 2783 4587 et
2811 4546 2911 4600 pro
2939 4530 3152 4583 ratione
3175 4528 3518 4599 principatus

1942 4631 2024 4685 sui
2074 4644 2234 4698 supra
2287 4626 2477 4681 locata;
2536 4638 2603 4677 ac
2650 4620 2889 4676 fundatae
2923 4636 2938 4673 :
2973 4628 3027 4673 et
3078 4628 3137 4673 ut
3180 4620 3517 4673 nostratibus

1941 4718 2203 4787 exemplis
2234 4726 2376 4781 utar,
2408 4718 2713 4783 voluptates
2738 4727 2801 4765 ac
2831 4710 3046 4765 dolores
3073 4709 3288 4765 elIicere
3321 4711 3513 4764 (lien..-

1943 4822 2052 4875 tur,
2087 4820 2140 4864 ut
2189 4809 2438 4865 homines
2477 4807 2726 4859 laetentur
2768 4803 2848 4855 vel
2890 4801 3131 4867 doleant,
3167 4811 3343 4856 tamen
3390 4803 3519 4870 ipsa:

1942 4922 2042 4961 nec
2090 4905 2345 4959 laetantur
2390 4916 2490 4956 nec
2540 4899 2758 4961 dolent;
2789 4896 2929 4963 ignis
2957 4895 3119 4949 etiam
3153 4910 3276 4948 cum
3309 4893 3519 4949 calefa-

1941 4998 2046 5052 ciat
2090 5006 2146 5051 et
2187 4994 2492 5056 comburat,
2527 5006 2631 5045 non
2663 5000 2842 5044 tamen
2876 4985 3125 5041 comburi
3174 4995 3229 5041 et
3277 4984 3515 5039 caleﬁeri

1942 5089 2161 5142 dicitur.
2187 5086 2252 5141 Et
2274 5085 2318 5139 si
2345 5082 2467 5153 quis
2497 5081 2663 5135 vitam
2694 5080 2863 5149 ipsam
2884 5076 3070 5132 vivere
3095 5085 3190 5131 aut
3218 5073 3518 5131 illuminari

1940 5179 2117 5234 lucem
2145 5178 2363 5241 dixerit,
2398 5189 2517 5229 mea
2559 5172 2777 5244 quidem
2821 5170 3113 5234 sententia,
3143 5184 3248 5223 non
3293 5166 3517 5219 omnino

248 5260 405 5354 recte
422 5260 650 5351 locutus
673 5288 862 5352 fuerit,
897 5286 997 5341 nisi
1028 5284 1168 5339 forte
1193 5282 1310 5336 lucc
1342 5278 1451 5332 alio
1482 5274 1643 5331 modo
1666 5273 1835 5339 dicat,
1869 5272 2013 5343 quod
2030 5272 2291 5327 nimirum
2314 5269 2708 5333 abundantius,
2760 5273 2815 5319 et
2863 5263 3165 5319 secundum
3190 5260 3513 5325 essentiam,

247 5409 314 5451 ea
342 5405 467 5462 quae
487 5395 616 5443 sunt
649 5384 937 5440 eﬂ'ectuum
966 5380 1118 5450 prius
1146 5376 1257 5432 sint
1288 5387 1486 5429 caustc.

1527 5481 1764 5540 VARIAE
1798 5472 2217 5535 LECTIONES.
2292 5555 2297 5562 .

338 5644 362 5674 ²
386 5634 763 5703 ἀναλέξαντες,
795 5633 863 5687 Μ.
899 5632 990 5687 Sc.
1017 5631 1413 5703 ἀναδείξαντες,
1443 5626 1499 5703 S.

250 5700 649 5769 8.ἑνωθέντες,
673 5705 739 5759 Μ.
767 5704 890 5758 Sar.
966 5705 987 5736 ⁸
1020 5702 1283 5773 μεθέξεις,

248 5766 569 5843 (tamin,
598 5766 656 5832 Si.
683 5776 746 5830 Ρ.
791 5776 849 5828 D.
895 5775 987 5832 Sc.
1020 5766 1177 5828 'Sar.’
1250 5775 1271 5805 ³
1304 5772 1450 5843 ἄχρι,
1480 5766 1537 5822 S.

1479 5655 1499 5679 ..
1602 5624 1623 5656 ³
1651 5620 1794 5691 φανὰ
1818 5618 1927 5672 τῶν
1955 5632 2059 5669 non
2092 5613 2255 5667 habet
2286 5612 2349 5666 D.
2376 5610 2437 5665 Ρ.
2465 5608 2676 5679 φανερά
2698 5614 2784 5662 est
2814 5607 2866 5660 in
2892 5602 2962 5657 M.

1479 5698 1499 5728 ε
1525 5695 1679 5735 "fni,
1716 5694 1768 5735 ι).
1803 5690 1889 5735 ἓν.
1922 5685 2082 5735 αὕτη.
2112 5684 2167 5735 5-
2199 5684 2435 5735 πάντων.
2466 5681 2522 5735 S.
2550 5680 2608 5733 Ρ.
2636 5679 2695 5731 1).
2792 5679 2811 5708 ⁷
2842 5676 2962 5735 ὑπεξ

1525 5684 1684 5797 αὐτῇ,
1716 5694 1768 5745 Ρ.
1803 5690 1889 5744 δι’.
1922 5685 2082 5747 αῦτικ,
2112 5684 2167 5737 5-
2199 5684 2435 5743 πάντων,
2466 5684 2522 5735 S.
2550 5684 2608 5733 Ρ.
2636 5684 2695 5731 D.

1525 5806 1537 5822 .
1622 5768 1635 5797 ³
1692 5765 1725 5836 ἡ
1753 5761 1999 5833 πρόοδκ,
2114 5754 2173 5808 Ρ.
2252 5755 2309 5819 ,⁸⁸
2342 5752 2544 5821 νόησιν,
2579 5749 2644 5819 Μ.

3058 5601 3079 5632 ⁸
3093 5600 3477 5659 ἐπιϐάλλοντες
3490 5634 3509 5662 ,

2792 5679 2811 5708 ⁷
2842 5670 3183 5744 ὑπεροχικὴν
3200 5669 3378 5725 αἰτίαν
3400 5704 3416 5732 ,
3432 5663 3509 5737 PP.

2252 5755 2309 5819 ,⁸⁸
2342 5739 2544 5821 νόησιν,
2579 5749 2644 5819 Μ.
2695 5749 2792 5832 ﬂ“
2824 5739 3129 5816 πράγμασι,
3154 5739 3216 5820 υ,
