3876 6226
404 333 514 391 ατ

1589 328 1653 385 8.
1700 327 2000 386 DIONYSII
2037 325 2502 383 AREOPAGITA‘.

3594 327 3697 380 διε

1972 472 2145 545 §|X.

478 616 821 686 Quinetiam,
860 617 917 672 id
960 616 1103 687 quod
1139 627 1222 673 est
1245 619 1491 674 omnium
1523 634 1643 689 qua:
1679 623 1745 677 de
1785 621 1895 676 Deo
1918 621 2005 674 di-
2032 632 2074 688 Α

407 720 611 765 cuntur
660 708 1043 772 clarissimum,
1086 709 1272 764 divina
1330 711 1499 779 ipsius
1546 710 1675 767 Iesu
1718 725 1749 766 e
1799 720 1998 765 natura

410 813 593 859 nostra
623 801 905 866 formatio,
953 814 1011 855 et
1069 802 1363 858 ineﬂ'abilis
1405 814 1490 859 est
1535 820 1795 860 sermone
1825 807 1999 868 omni,

412 897 656 966 nullique
687 904 813 948 nota
865 894 1264 965 intelligentiae,
1315 898 1482 951 etiam
1528 898 1634 967 ipsi
1683 898 2003 968 antiquissi-

411 1002 623 1041 morum
664 987 981 1057 angelorum
1017 988 1263 1057 primati.
1296 989 1475 1059 Atque
1497 1005 1623 1044 eum
1649 992 1867 1058 quidem
1898 993 2000 1048 viri

412 1082 646 1135 formam
683 1090 739 1134 et
761 1081 1125 1135 substantiam
1165 1082 1551 1150 assumpsisse,
1586 1084 1816 1153 mystice
1844 1099 2005 1140 arce-

411 1174 621 1243 pimus;
676 1172 771 1226 sed
827 1173 1129 1242 ignoratur,
1160 1175 1433 1243 quomodo
1476 1190 1543 1229 ex
1601 1175 1838 1245 Virginis
1877 1190 2006 1231 san-

411 1266 571 1337 guine
597 1263 702 1319 alia
735 1279 898 1333 quam
934 1274 1142 1318 natura:
1192 1264 1310 1335 lege
1349 1266 1424 1320 sit
1456 1265 1800 1334 eﬂ‘ormatus,
1826 1282 2006 1337 quove

411 1365 572 1428 pacto
618 1356 785 1411 siccis
835 1356 1087 1426 pedibus,
1123 1358 1217 1427 qui
1257 1359 1504 1428 corporis
1557 1360 1757 1414 molem
1804 1368 1859 1412 et
1894 1375 2008 1413 ms-

414 1450 567 1505 teria:
619 1451 833 1520 pondus
882 1449 1169 1515 baberent,
1228 1449 1491 1519 liquidam
1539 1451 2006 1520 perambulaverit

410 1542 724 1614 llitxamque
760 1544 1141 1606 substantiam,
1190 1544 1407 1615 aliaque
1446 1545 1737 1615 perfecerit
1765 1561 1886 1615 qua:
1916 1560 2009 1601 su-

413 1636 819 1706 peruaturalem
862 1633 985 1689 Jesn
1021 1645 1275 1690 naturam
1306 1637 1569 1691 iudicant.
1602 1637 1803 1692 Verum
1838 1638 1950 1692 haec
1977 1653 2008 1691 a

416 1730 575 1786 nobis
602 1729 767 1785 etiam
801 1728 927 1781 alibi
964 1729 1095 1783 satis
1122 1730 1418 1800 explicata,
1458 1740 1513 1784 et
1539 1730 1608 1784 ab
1645 1731 1848 1801 inclyto
1872 1746 2011 1801 pra:-

2192 617 2353 671 ’Δλλά
2392 617 2487 671 καὶ
2537 616 2599 669 τὸ
2641 616 2825 685 πάσης
2872 610 3149 681 θεολογίας
3194 609 3616 679 ἐπιφανέστατον,
3669 615 3702 683 ἡ

2098 712 2221 765 καθ’
2248 711 2397 782 ἡμᾶς
2435 709 2613 781 Ἰησοῦ
2646 706 3002 770 θεοπλαστία,
3034 704 3130 757 καὶ
3154 702 3391 774 ἄρρητός
3416 704 3536 754 ἐστι
3560 700 3705 775 λόγῳ

2099 806 2281 871 παντὶ,
2311 806 2404 858 καὶ
2426 805 2704 873 ἄγνωστος
2720 801 2796 873 νῷ
2812 802 2993 865 παντὶ,
3023 800 3118 853 καὶ
3139 798 3287 869 αὑτῷ
3308 796 3387 867 τῷ
3415 799 3706 869 πρωτίστῳ

2099 900 2213 953 τῶν
2237 898 2630 971 πρεσϐυτάτων
2658 896 2929 965 ἀγγέλων.
2970 894 3080 947 Kal
3103 891 3164 945 τὸ
3192 894 3290 963 μὲν
3316 891 3589 961 ἀνδρικῶς
3610 892 3706 944 αὑ-

2100 993 2195 1047 τὸν
2214 992 2567 1063 οὑσιωθῆναι,
2598 988 2879 1061 μυστικῶς
2919 986 3357 1059 παρειλήφαμεν·
3398 985 3706 1055 ἀγνοοῦμεν

2103 1085 2224 1139 se”
2261 1086 2410 1148 ὅπως
2446 1086 2511 1137 ὲκ
2542 1082 2890 1152 παρθενικῶν
2934 1080 3181 1151 αἱμάτων
3208 1078 3381 1149 ἑτέρῳ
3411 1078 3567 1149 παρὰ
3604 1078 3706 1149 τὴν

2103 1178 2267 1248 φύσιν
2304 1176 2491 1247 θεσμῷ
2519 1175 2873 1229 διεπλάττετο
2893 1214 2909 1238 ,
2950 1174 3045 1226 καὶ
3079 1173 3229 1235 ὅπως
3266 1171 3522 1241 άὸρόχοις
3550 1172 3700 1235 ποσὶ,

2105 1266 2418 1339 σωματικὸν
2443 1266 2607 1335 ὄγκον
2627 1266 2809 1335 έχουσι
2825 1264 2919 1317 καὶ
2940 1264 3071 1332 ὓλης
3094 1262 3280 1332 βάρος,
3299 1262 3640 1334 ἐπεπόρευτο
3661 1264 3703 1294 ⁸⁵

2104 1362 2205 1433 τὴν
2239 1360 2415 1433 ὑγράν
2448 1361 2543 1413 καὶ
2567 1360 2800 1413 ἄστατον
2829 1358 3036 1411 οὐσίαν·
3074 1357 3169 1409 καὶ
3196 1355 3266 1408 τά
3298 1355 3435 1409 ἄλλα
3462 1356 3566 1409 ὅσα
3603 1357 3705 1427 τῆς

2107 1454 2425 1528 ὑπερφυοῦς
2452 1455 2601 1506 ἐστιν
2648 1451 2824 1523 Ἰησοῦ
2854 1449 3222 1521 φυσιολογίας.
3252 1448 3438 1503 Ταῦτα
3472 1450 3533 1503 δὲ
3570 1453 3706 1521 ήμῖν

2106 1565 2164 1601 τε
2203 1548 2262 1601 ἐν
2299 1546 2479 1610 ἄλλοις
2503 1544 2703 1609 ἱκανῶς
2731 1544 2969 1617 εἴρηται,
3006 1543 3103 1597 xal
3126 1541 3203 1613 τῷ
3228 1541 3422 1612 χλεινῷ
3463 1543 3706 1613 καθηγε-

2113 1641 2235 1713 μόνι
2270 1639 2414 1694 κατά
2440 1639 2541 1704 τὰς
2575 1638 2893 1709 θεολογικὰς
2919 1635 3085 1691 αὑτοῦ
3122 1634 3485 1707 στοιχειώσεις
3524 1637 3704 1707 ὕμνη-

2108 1750 2200 1789 ται
2235 1732 2277 1764 ¹⁸
2308 1733 2428 1786 λίαν
2464 1732 2786 1805 ὑπερφυῶς,
2833 1732 2979 1803 άπερ
3007 1731 3239 1793 ἐκεῖνος,
3282 1728 3392 1782 εἴτε
3426 1730 3567 1801 πρὸς
3597 1731 3707 1784 τῶν

413 1832 641 1892 ceptore
703 1832 891 1875 nostro
936 1835 1098 1891 supra
1154 1831 1363 1875 natura:
1408 1823 1627 1876 modum
1678 1823 1841 1877 valde
1874 1822 2013 1877 cele-

2117 1829 2277 1903 ἱερῶν
2310 1826 2578 1898 θεολόγων
2615 1826 2977 1900 παρείληφεν,
3016 1824 3125 1878 εἴτε
3156 1824 3248 1877 καὶ
3271 1824 3336 1878 ὲκ
3360 1825 3459 1895 τῆς
3479 1826 3709 1897 ἐπιστη-

418 1918 574 1971 bruta
608 1925 737 1969 sunt
770 1916 822 1968 in
851 1914 1174 1984 tbcolugicis
1220 1915 1393 1983 ipsius
1416 1914 1721 1981 clementis,
1750 1930 1872 1984 quae
1921 1916 2010 1971 ille

2118 1921 2342 1994 μονικῆς
2365 1920 2475 1974 τῶν
2506 1920 2704 1989 λογίων
2744 1919 2975 1991 ἐρεύνης
3002 1915 3365 1989 συνεώρακεν,
3400 1920 3466 1971 ὲκ
3504 1919 3709 1990 πολλῆς

414 2012 613 2080 partim
646 2026 675 2063 a
705 2010 973 2078 theologis
1001 2010 1209 2063 smmtis
1236 2009 1465 2077 accepit,
1508 2011 1708 2077 partim
1748 2010 1912 2064 etiam
1939 2024 2003 2064 ex

2117 1990 2213 2084 τῆς
2241 1990 2371 2084 περ)⁵
2396 2012 2536 2066 αὐτὰ
2574 1990 2883 2084 γυμνασίας
2910 1990 2970 2065 τε
3007 2015 3101 2065 xal
3129 2012 3343 2083 τριϐῆς,
3379 2011 3491 2064 εἴτε
3522 2014 3619 2065 καὶ
3647 2012 3709 2064 ἐκ

415 2105 602 2160 solerti
632 2103 1038 2174 Scripturarum
1069 2103 1420 2170 imlagatione
1461 2102 1623 2172 longo
1654 2103 1919 2157 exercitio
1942 2119 2005 2158 ac

415 2205 658 2265 tempore
689 2194 1124 2263 comprehendit,
1154 2193 1353 2261 partim
1378 2194 1543 2247 etiam
1574 2194 1846 2249 diviniore
1867 2210 2005 2264 qua-

416 2288 539 2340 dam
578 2287 935 2356 inspiratione
969 2285 1170 2346 hausit,
1205 2285 1307 2339 ista
1351 2300 1458 2339 non
1488 2286 1749 2341 discendo
1775 2295 2005 2353 tantum,

400 2392 605 2436 verum
635 2380 803 2434 etiam
843 2380 1028 2433 divina
1084 2380 1339 2449 patiemlo
1385 2388 1699 2438 assecutus.
1752 2395 1849 2434 nec
1899 2395 2005 2435 non

415 2476 605 2527 cdrum
636 2473 702 2542 (si
734 2473 879 2525 dictu
913 2471 994 2527 fas
1025 2472 1119 2539 sit)
1149 2471 1554 2541 compassionc,
1585 2472 1653 2524 ad
1690 2470 1834 2526 illam
1885 2487 2008 2542 qua:

419 2566 602 2621 doceri
654 2567 846 2635 nequit
899 2566 1062 2619 fidem
1116 2567 1401 2637 mysticam
1448 2576 1612 2636 atque
1640 2566 1895 2620 unionem
1928 2566 2011 2619 in-

418 2659 710 2716 formatus.
768 2662 946 2729 Atque
1007 2671 1065 2713 ut
1109 2660 1377 2729 plurima,
1444 2675 1621 2730 caque
1673 2659 2012 2725 beatissima,

418 2753 694 2822 praeclara:
740 2753 885 2808 illius
920 2753 1116 2807 mentis
1158 2754 1482 2808 dorumenta
1533 2753 1725 2821 paucis
1755 2750 2016 2818 subjicia-

423 2861 569 2906 mus,
613 2842 724 2897 haec
776 2843 841 2897 de
886 2841 1015 2898 Jesu
1070 2843 1123 2898 in
1182 2843 1504 2913 tlieolugicis
1550 2843 1837 2897 elementis
1879 2858 1906 2896 a
1955 2856 2017 2896 se

421 2934 668 2989 collectis
690 2934 763 2986 ait
791 2948 808 2988 :

419 3050 583 3123 322
606 3049 937 3106 Snuctiuimi
970 3049 1242 3105 Hieroihei
1268 3049 1435 3131 verba
1465 3065 1531 3105 ea:
1572 3048 1878 3120 theologicis
1905 3048 2011 3105 ele-

1118 3134 1329 3176 ηιρηιιε.

2113 2123 2259 2170 τινος
2299 2104 2513 2177 ἐμυήθη
2559 2104 2838 2175 θειοτέρας
2874 2104 3178 2168 ἐπιπνοίας,
3209 2105 3268 2157 οὐ
3309 2104 3469 2175 μόνον
3498 2104 3707 2175 μαθὼν,

2114 2198 2251 2252 ἀλλὰ
2277 2198 2371 2251 καὶ
2401 2196 2591 2250 παθὼν
2616 2197 2685 2250 τὰ
2710 2197 2848 2250 θεῖα·
2893 2199 3001 2251 κάκ
3025 2198 3123 2268 τῆς
3146 2198 3281 2268 πρὸς
3314 2197 3453 2251 αὐτὰ
3484 2215 3706 2269 συμπα-

2114 2288 2284 2353 θείας,
2311 2291 2359 2342 εί
2386 2288 2529 2342 οὕτω
2568 2290 2672 2361 χρὴ
2704 2290 2892 2358 φάναι,
2918 2288 3055 2361 πρὸς
3086 2288 3185 2361 τὴν
3215 2290 3498 2344 ἀδίδακτον
3526 2292 3709 2344 αὐτῶν

2113 2384 2209 2438 καὶ
2239 2381 2507 2454 μυστικήν
2530 2381 2913 2447 ἀποτελεσθεὶς
2942 2382 3135 2435 ἕνωσιν
3159 2386 3251 2436 καὶ
3267 2382 3467 2436 πίστιν.
3490 2385 3602 2437 Kal
3622 2386 3708 2438 ἵνα

2109 2475 2180 2529 τά
2216 2473 2385 2527 πολλὰ
2413 2474 2507 2527 καὶ
2551 2476 2800 2547 μακάρια
2840 2475 3090 2546 θεάματα
3116 2474 3214 2544 τῆς
3244 2476 3540 2547 κρατίστης
3565 2479 3708 2531 ὲκεί-

2111 2584 2202 2621 νου
2232 2565 2468 2629 διανοίας
2504 2567 2563 2619 ὲν
2603 2565 2909 2638 ἐλαχίστοις
2948 2566 3324 2639 παραθώμεθα
3348 2608 3363 2631 ,
3406 2569 3535 2623 τάδε
3580 2570 3708 2638 περὶ

2111 2657 2208 2711 τοῦ
2254 2656 2429 2728 Ἰησοῦ
2455 2674 2619 2728 φησιν
2644 2660 2703 2713 έν
2736 2661 2857 2725 ταῖς
2890 2661 3255 2731 συνηγμέναις
3292 2659 3441 2731 αὐτῷ
3468 2660 3707 2729 θεολογι-

2116 2754 2241 2818 καίς
2264 2752 2660 2824 στοιχειώσεσί.

2126 3042 2236 3099 Τοῦ
2259 3043 2588 3114 ἀγιωτάτου
2628 3040 2914 3129 ’ἱεροθέου
2936 3042 3006 3097 ἐκ
3031 3042 3149 3098 τῶν
3170 3042 3531 3115 θεολογικῶν
3550 3060 3708 3097 στοι-

2745 3130 3067 3183 χειωσεων.

1996 3256 2139 3332 5X.

495 3410 671 3465 Causa
718 3409 986 3475 omnium,
1045 3417 1097 3463 et
1136 3426 1255 3480 qua:
1286 3408 1468 3466 omnia
1517 3408 1730 3481 implet,
1769 3419 1852 3465 est
1881 3406 2004 3465 Jesu
2037 3420 2079 3477 α

425 3504 709 3569 divinitas,
742 3518 865 3573 qua}
909 3511 1096 3557 servat
1120 3512 1305 3573 partes
1352 3504 1446 3557 toti
1484 3504 1925 3569 consentientes;
1962 3512 2017 3555 et

424 3612 600 3667 neque
626 3611 752 3666 pars
785 3609 959 3663 neque
991 3604 1161 3649 totum
1207 3606 1312 3661 est,
1360 3606 1417 3650 et
1444 3605 1528 3651 est
1557 3604 1728 3649 l0ltlll|
1771 3603 1825 3648 et
1867 3610 2015 3663 pars,

425 3702 695 3761 quatenus
715 3706 879 3745 ninne
910 3702 966 3747 et
997 3700 1168 3748 totum
1212 3702 1266 3747 et
1292 3701 1501 3762 partem
1550 3691 1601 3745 in
1645 3691 1824 3758 scipsa
1863 3705 2016 3743 cum-

429 3786 717 3855 preheudit
765 3795 823 3840 et
870 3786 1229 3855 suprahabet,
1279 3794 1338 3839 et
1396 3784 1708 3839 antehabet.
1763 3783 2015 3837 Perfecta

426 3878 648 3949 quidem
703 3890 787 3932 est
836 3880 887 3933 in
952 3880 1308 3950 imperfectis,
1373 3888 1636 3949 tanquam
1700 3879 2017 3949 principalis

428 3984 594 4023 eausa
628 3970 1015 4038 perfectionis;
1072 3970 1389 4041 imperfecta
1432 3982 1613 4025 autem
1652 3971 1703 4024 in
1739 3971 2015 4039 perfectis,

431 4074 690 4133 tanquam
741 4079 1070 4133 supraquam
1124 4065 1365 4135 perfecta
1429 4076 1486 4120 et
1552 4075 1681 4120 ante
1728 4065 2013 4135 perfecta:

430 4157 605 4210 forma
641 4157 827 4208 formae
868 4153 1116 4209 effectrix
1176 4156 1227 4209 in
1278 4156 1343 4210 iis
1398 4171 1521 4224 qua
1573 4165 1760 4211 carent
1820 4154 2014 4219 forma,

430 4258 690 4319 tanquam
746 4248 1068 4317 principalis
1118 4264 1283 4303 causa
1343 4250 1562 4315 formae;
1607 4248 1725 4303 sine
1760 4246 1929 4301 forma
1963 4246 2013 4298 in

431 4339 563 4407 ipsis
591 4340 803 4406 formis,
832 4350 1016 4407 utpote
1055 4356 1218 4409 supra
1252 4341 1485 4395 formam
1533 4339 1842 4395 substantia
1885 4340 2015 4390 totis

430 4432 754 4485 Sillistautiis
791 4431 1052 4486 insistens
1110 4432 1417 4502 itttpnllnle,
1452 4428 1520 4485 ὀι
1578 4432 1649 4485 ab
1684 4430 1830 4483 oumi
1887 4428 2016 4481 sub-

430 4526 627 4579 stantia
658 4542 820 4596 supra
850 4527 1216 4581 substantiam
1249 4528 1561 4591 abstracta;
1594 4534 1702 4577 tota
1751 4523 2012 4593 principia

431 4626 488 4669 et
542 4617 763 4673 ordines
818 4619 1110 4681 deliniens,
1166 4632 1330 4687 supra
1387 4632 1549 4671 niuue
1600 4616 1929 4687 principium
1962 4625 2016 4669 et

431 4725 651 4765 omnem
692 4712 938 4766 ordinem
1001 4710 1286 4766 collocata.
1334 4709 1537 4765 Rerum
1593 4718 1677 4763 est
1723 4724 2010 4769 mensura,

2196 3407 2261 3460 Ἦ
2293 3406 2510 3463 πάντων
2547 3404 2717 3469 αἰτία,
2738 3402 2833 3457 καὶ
2858 3400 3309 3474 άποπληρωτικὴ,
3335 3400 3432 3454 τοῦ
3470 3400 3647 3472 Ἰησοῦ
3668 3403 3707 3432 ¹⁶

2122 3500 2336 3572 θεότης,
2362 3501 2396 3570 ἡ
2424 3499 2495 3552 τά
2534 3498 2677 3570 μέρη
2712 3502 2781 3569 τῇ
2812 3497 3028 3568 ὁλότητι
3058 3496 3326 3566 σύμφωνα
3365 3494 3706 3559 διασώζουσα

2122 3593 2217 3646 xal
2241 3590 2363 3645 οὔτε
2394 3590 2559 3663 μέρος
2584 3588 2708 3642 οὕτε
2734 3588 2854 3641 ὅλον
2874 3584 3028 3650 οὖσα,
3051 3588 3146 3640 καὶ
3168 3587 3286 3640 ὅλον
3309 3586 3405 3639 καὶ
3433 3586 3621 3657 μέρος,
3637 3586 3708 3647 t'u;

2121 3687 2230 3739 πᾶν
2276 3684 2371 3738 καὶ
2420 3683 2586 3755 μέρος
2626 3682 2723 3736 xal
2760 3680 2881 3734 ὅλον
2912 3682 2971 3734 ὲν
3008 3680 3173 3750 ἑαυτῇ
3214 3678 3594 3750 συνειληφυᾱι,
3622 3679 3713 3731 καὶ

2122 3777 2471 3850 ὑπερέχουσα
2494 3815 2510 3840 ,
2553 3775 2648 3830 καὶ
2681 3774 3024 3847 προέχουσα,
3050 3773 3232 3827 τελεία
3265 3773 3363 3843 μὲν
3388 3774 3430 3803 ¹⁷
3474 3772 3624 3824 ἔστιν
3658 3775 3713 3824 ἐν

2118 3875 2231 3937 τοῖς
2247 3870 2515 3935 ἀτελέσιν,
2531 3868 2607 3933 ὡς
2622 3869 2955 3940 τελετάρχις·
2976 3866 3171 3938 ἀτελὴς
3186 3867 3241 3919 δὲ
3257 3868 3318 3919 ὲν
3331 3867 3445 3930 τοῖς
3463 3865 3712 3929 τελείοις,

2120 3963 2197 4028 ῶς
2223 3961 2527 4034 ὑπερτελὴς
2566 3962 2657 4015 καὶ
2685 3960 3014 4032 προτέλειος·
3044 3954 3183 4023 εἶδος
3209 3958 3478 4011 είδοποιὸν
3504 3959 3565 4011 ὲν
3606 3961 3713 4021 τοῖς

2118 4057 2397 4121 άνειδέοις,
2425 4055 2501 4119 ὠς
2539 4055 2833 4125 εἰδεάρχις,
2874 4054 3113 4116 ἁνείδεος
3148 4054 3207 4105 ὲν
3244 4054 3359 4115 τοῖς
3386 4052 3610 4114 εἴδεσιν,
3642 4051 3713 4115 ὡς

2120 4149 2262 4221 ὑπὲρ
2288 4144 2448 4211 εἶδος·
2475 4147 2633 4200 οὐσία
2657 4149 2779 4209 ταῖς
2810 4145 2959 4209 ὅλαις
2982 4145 3191 4223 οὐσίαις
3218 4144 3506 4215 ἀχράντως
3530 4146 3575 4176 ¹⁸
3592 4147 3709 4197 ἐπι-

2119 4240 2441 4305 ϐατεύουσα,
2462 4240 2558 4293 καὶ
2574 4238 2812 4312 ὑπερούσ
2823 4256 2919 4305 ιος,
2940 4238 3158 4306 ἁπάσης
3172 4236 3359 4299 οὐσίας
3372 4234 3546 4307 ὲξῃρη
3557 4237 3709 4307 μένη,

2116 4336 2214 4400 τὰς
2238 4336 2366 4399 ὅλας
2394 4333 2571 4405 ἀρχὰς
2594 4334 2690 4387 καὶ
2713 4332 2897 4399 τάξεις
2924 4329 3275 4404 ἀφορίζουσα,
3294 4330 3389 4383 καὶ
3415 4330 3602 4401 πάσης
3622 4332 3714 4401 άρ-

2118 4429 2221 4500 χῆς
2247 4428 2342 4481 xal
2366 4426 2576 4492 τάξεως
2610 4427 3040 4499 ὑπεριδρυμένη.
3078 4425 3189 4478 Καὶ
3216 4425 3413 4495 μέτρον
3452 4426 3575 4478 ἐστὶ
3612 4426 3716 4477 τῶν

2116 4522 2306 4586 ὅντων,
2354 4521 2449 4574 καὶ
2488 4519 2647 4585 αἰὼν,
2679 4522 2773 4573 xal
2812 4521 2953 4592 ὑπὲρ
2998 4518 3192 4581 αἰῶνα,
3223 4519 3314 4572 καὶ
3342 4518 3450 4590 πρὸ
3494 4519 3713 4583 αἰῶνος

2118 4616 2330 4688 πλήρης
2353 4617 2394 4647 ¹⁹
2422 4618 2480 4668 ὲν
2506 4617 2619 4678 τοῖς
2658 4614 2915 4667 ἐνδεέσιν·
2951 4612 3312 4685 ὑπερπλήρης
3337 4614 3396 4664 έν
3422 4598 3543 4677 τοῗς
3584 4615 3719 4685 πλή-

2123 4728 2269 4783 ρεσιν
2285 4712 2353 4773 ²⁰,
2380 4710 2636 4781 ἄρῤητος,
2664 4708 2988 4777 ἄφθεγκτος,
3030 4706 3173 4778 ὑπὲρ
3201 4706 3345 4769 νοῦν,
3371 4705 3518 4778 ὑπὲρ
3553 4705 3715 4779 ζωὴν,

434 4801 802 4871 sa-culumque
852 4814 908 4856 et
955 4818 1121 4871 supra
1153 4803 1436 4869 saeculum,
1476 4814 1529 4857 et
1570 4812 1695 4857 ante
1729 4802 2013 4863 sa-cidum;

2121 4781 2261 4874 ὗπὲρ
2284 4802 2489 4855 οὐσίαν·
2517 4799 2811 4872 ὑπερφυῶς
2838 4800 2950 4872 ἔχει
2974 4800 3036 4854 τὸ
3057 4801 3349 4870 ὑπερφυὲς,
3376 4800 3717 4873 ὑπερουσίως

436 4896 591 4965 plena
636 4906 719 4949 est
751 4896 805 4950 in
852 4896 919 4949 iis
959 4911 1082 4964 qua:
1119 4906 1314 4966 egent,
1354 4895 1407 4950 in
1442 4896 1509 4950 iis
1539 4911 1659 4965 qum
1687 4894 1843 4963 plena
1890 4903 2012 4946 sunt

2118 4895 2180 4948 τὸ
2196 4894 2722 4967 ὑπερούσιονάᾛθεν
2738 4893 2922 4964 ἐπειδὴ
2940 4894 3034 4947 καὶ
3056 4893 3163 4957 ἓως
3180 4892 3393 4964 φύσεως
3410 4896 3454 4925 ’τί
3474 4895 3588 4949 ὑπὸ
3604 4897 3715 4966 φιλ-

434 4990 729 5055 cxuberat;
782 4987 1073 5044 ineffabilis
1121 4999 1205 5045 est
1254 4999 1309 5043 et
1359 4988 1795 5057 inexplicabilis,
1852 5000 2013 5055 supra

2124 4985 2438 5058 ανθρωπίας
2453 4989 2496 5017 ¹²
2526 4984 2773 5057 ἐλήλυθε,
2812 4984 2907 5037 καὶ
2934 4984 3152 5057 άληθῶς
3176 4984 3435 5057 οὐσιώθη,
3461 4991 3563 5040 καὶ
3585 4987 3715 5057 ἀνὴρ

436 5098 686 5149 sensum,
717 5096 877 5151 supra
908 5082 1097 5147 vitam,
1128 5098 1292 5153 supra
1322 5082 1713 5144 substantiam,
1754 5094 2013 5149 superua-

2121 5078 2151 5129 ὁ
2173 5076 2440 5148 ὑπέρθεος
2466 5076 2838 5148 ἐχρημάτισεν
2868 5075 3015 5147 (ἵλεω
3039 5077 3096 5131 δὲ
3123 5077 3210 5148 εἴη
3236 5078 3301 5131 τά
3329 5078 3469 5149 πρὸς
3495 5080 3655 5151 ήμῶν
3672 5080 3713 5110 ’³

440 5178 688 5233 turaliter
737 5174 905 5231 habet
948 5174 1521 5244 supernaturalitatem
1553 5214 1570 5240 ,
1621 5184 1674 5229 et
1723 5172 2013 5244 supersub-

2121 5172 2192 5224 τὰ
2216 5171 2356 5241 ὑπὲρ
2382 5168 2506 5223 νοῦν
2530 5170 2625 5221 καὶ
2650 5168 2806 5237 λόγον
2833 5169 3188 5241 ὑμνούμενα)·
3215 5172 3318 5224 κᾶν
3353 5173 3574 5236 τούτοις
3609 5174 3713 5243 ἔχει

437 5269 763 5331 stantialiter
806 5267 1170 5325 substantiam
1220 5269 1458 5325 excedit.
1512 5266 1690 5335 Unde,
1753 5267 2010 5337 quoniam

2120 5263 2183 5318 τὸ
2205 5262 2478 5333 ὑπερφυὲς
2505 5262 2599 5315 xal
2624 5262 2728 5315 ὑπε
2738 5261 2972 5334 ρούσιον,
2996 5264 3057 5316 οὐ
3088 5264 3249 5335 μόνον
3338 5265 3711 5327 ἀναλλοιὼτως

1720 5467 1960 5523 VARIZE
1999 5465 2416 5524 LECTIONES.

515 5638 561 5670 “
586 5636 962 5709 παραδέδοται·
990 5634 1265 5709 ἀγνοεῖται
1397 5628 1457 5685 S.
1480 5628 1582 5709 u‘"
1604 5626 1987 5709 έπεπορεῦετο,
2127 5628 2197 5709 S_.‘
2266 5626 2622 5709 t'_9pvaitat_,
2747 5625 2885 5709 Sc.__
2928 5624 2981 5709 "‘
3003 5620 3267 5709 “5051136,
3482 5692 3499 5709 ς
3626 5620 3711 5673 καὶ

440 5691 729 5779 τελεία,
804 5710 845 5779 ¹ᾲ⁸
868 5691 1270 5779 ἁχράιξεοιςηθι.
1428 5773 1439 5779 Δ
1478 5703 1530 5779 "_
1545 5691 1898 5779 καλε-πλήρης,
2015 5699 2055 5779 l’
2130 5698 2198 5779 7”
2228 5691 2522 5779 πλήθεσιν,
2561 5698 2774 5779 τρίλδε.
2845 5696 2887 5728 ²¹
2918 5693 3093 5766 ἡμῶν.
3172 5697 3216 5727 ’⁵
3245 5691 3383 5762 ὑπὲρ
3414 5692 3709 5763 φιλανθρω-

445 5736 641 5770 tantum,
674 5736 729 5762 r.
804 5736 841 5739 τ’
868 5736 1173 5779 αχραγυυις,
1203 5736 1270 5759 ιιι.
1307 5736 1396 5758 σι.
1548 5736 1640 5754 θυι-ν.
1673 5736 1755 5753 ειη.
1780 5736 1898 5769 γυνη
1929 5736 1986 5751 υ.
2020 5736 2035 5751 ι
2235 5736 2486 5768 ουηιινννυγ
2509 5737 2522 5760 ,
2571 5736 2637 5749 ι...
2683 5736 2706 5751 -ι

445 5782 596 5841 πίας,
626 5778 692 5832 Μ.
717 5780 772 5833 S.
813 5777 869 5831 l‘.
949 5779 994 5810 ¹³
1021 5776 1149 5833 ἵλεω
1172 5776 1229 5831 δὲ
1254 5774 1389 5847 πρὸς
1424 5771 1594 5844 ήμῶν,
1628 5771 1685 5824 l’.
1716 5736 1784 5823 τά
1813 5786 1916 5828 non
1941 5770 2141 5827 habent
2164 5780 2362 5839 praeter
2387 5768 2443 5823 ι».
2466 5767 2515 5822 Μ
2561 5767 2616 5823 S.
2643 5767 2706 5823 ι).
