3876 6226
217 295 327 350 649
1314 293 1402 348 DE
1437 292 1694 352 DIVINIS
1725 290 2128 359 NOMINIBUS,
2158 293 2312 350 CAP.
2351 293 2418 350 Ιῐ.
3399 303 3504 358 650

214 416 355 485 ἡμῖν
401 412 496 467 καὶ
528 411 853 483 ἀσυγχύτως
891 412 1281 485 κεκοινώνηκε,
1321 417 1489 487 μηδὲν
1531 418 1792 472 πεπονθὼς

1919 421 1986 474 ad
2045 429 2289 475 nostram
2343 434 2516 491 usque
2566 430 2822 476 naturam
2871 436 2937 476 ex
3013 421 3240 476 humani
3287 425 3502 491 generis

214 508 299 569 εἰς
323 505 387 557 τὸ
411 503 764 576 ὑπερπλῆρες
791 504 979 566 αὐτοῦ,
1014 505 1148 577 πρὸς
1172 506 1274 576 τῆς
1297 507 1607 577 ἀφθέγκτου
1633 509 1792 563 κενώ·

1912 527 2100 567 amore
2149 527 2210 568 se
2257 513 2496 575 demisit.
2559 523 2914 584 nostramque
2961 529 3091 570 vere
3137 515 3501 570 substantiam

219 614 383 660 σεως·
405 597 520 650 ἀλλ’
542 598 570 649 ὅ
589 615 643 649 τι
669 597 764 650 καὶ
784 597 844 650 τὸ
869 597 1084 650 πάντων
1100 598 1303 652 καινῶν
1330 601 1647 654 καινότατον
1663 602 1730 664 ’⁵,
1754 604 1792 654 ἐκ

1917 606 2254 676 assumpsit,
2300 620 2655 675 summusque
2707 606 2796 660 ille
2870 607 3013 661 Deus
3064 606 3368 676 appellatus
3421 621 3504 663 est

211 694 334 755 τοῖς
365 695 615 761 φυσικοῖς
637 693 796 765 ἡμῶν
820 695 1105 764 ὑπερφυὴς
1133 691 1220 766 ἦν,
1251 698 1309 747 ὲν
1337 698 1448 759 τοῖς
1479 698 1596 749 κατ’
1622 699 1792 751 οὐσία·

1918 700 2080 754 homo
2135 700 2580 770 (prapitiationis
2634 701 2880 770 profecto
2940 702 3032 755 illa
3091 712 3220 756 sunt
3283 717 3502 758 omnem

217 785 548 857 ὑπερούσιος
567 789 634 850 ³⁵,
683 787 858 840 πάντα
900 787 969 840 τὰ
1013 786 1171 858 ήμῶν
1209 787 1268 853 ἐξ
1307 787 1464 858 ἡμῶν
1503 787 1642 860 ὑπὲρ
1669 792 1792 861 ήμῶ

1918 792 2254 847 intellectum
2304 794 2684 864 rationemque
2749 797 3098 864 superantis,
3157 811 3280 864 qua:
3341 799 3502 851 modo

215 879 511 950 ὑπερέχων
531 882 595 935 ’⁸.

1919 887 2324 959 praedicamus),
2355 889 2408 942 in
2457 889 2544 944 his
2583 904 2802 959 quoque
2826 899 3076 944 naturam
3111 889 3502 944 substantiam-

213 990 330 1043 que
355 986 600 1045 superat,
628 977 775 1046 quod
805 993 911 1031 non
964 985 1172 1032 tantum
1203 979 1324 1033 sine
1381 981 1463 1032 sui
1495 981 1872 1036 immutatione
1937 991 2217 1036 naturane
2273 982 2597 1039 confusione
2650 985 2807 1039 nobis
2873 999 2995 1040 sese
3049 987 3494 1050 communicarit,

212 1067 358 1121 nihil
395 1068 446 1121 in
510 1067 834 1123 exuberanti
879 1085 975 1122 sua
1039 1069 1380 1138 plenitudine
1414 1085 1478 1125 ex
1532 1070 1796 1127 ineﬂ‘abili
1850 1074 2235 1129 exinanitione
2290 1089 2628 1146 perpessus,
2667 1093 2856 1131 verum
2897 1079 3087 1145 etiam,
3137 1082 3282 1151 quod
3339 1081 3496 1136 novis

206 1159 474 1215 omnibus
504 1161 680 1229 magis
725 1176 926 1216 novum
955 1162 1179 1228 accidit,
1209 1177 1272 1218 ea
1306 1178 1428 1233 quae
1479 1173 1688 1220 natura:
1744 1177 1951 1220 nostra;
1995 1176 2155 1234 sunt,
2223 1183 2387 1238 supra
2446 1179 2658 1226 natura:
2696 1174 2944 1228 ordinem
2997 1175 3494 1245 substantiamque,

207 1265 383 1322 supra
426 1254 748 1310 substantia:
787 1255 1008 1309 modum
1063 1255 1435 1326 participarit,
1488 1268 1672 1312 nostra
1701 1258 1883 1312 omnia
1914 1274 1979 1313 ex
2011 1261 2169 1314 nobis
2197 1271 2252 1314 et
2282 1276 2446 1332 supra
2481 1278 2580 1318 nos
2605 1264 2941 1319 excellenter
2970 1265 3199 1322 habens.

1765 1419 1791 1490 §
1822 1415 1933 1477 XI.

279 1554 502 1608 Τούτων
532 1554 630 1623 μὲν
659 1548 755 1607 οὖν
785 1552 921 1616 ἃλις·
955 1553 1047 1606 ἐπὶ
1080 1553 1136 1606 δὲ
1162 1553 1255 1606 τὸν
1287 1554 1380 1607 τοῦ
1415 1554 1573 1623 λόγου
1609 1559 1792 1611 σκοπὸι

1984 1558 2089 1614 Sed
2115 1561 2183 1615 de
2215 1561 2301 1615 his
2330 1564 2505 1627 satis;
2549 1565 2708 1619 modo
2739 1570 3011 1621 sermonis
3043 1570 3214 1624 nostri
3263 1587 3488 1642 sc0punt

202 1651 518 1722 προΐωμεν,
551 1647 618 1700 τὰ
649 1647 804 1700 κοινὰ
833 1649 926 1700 καὶ
956 1649 1213 1718 ἡνωμένα
1237 1649 1335 1717 τῆς
1357 1650 1685 1722 διακρίσεως
1710 1653 1792 1724 τῆς

1911 1665 2344 1721 prosequamur,
2394 1657 2703 1710 communia
2757 1670 2813 1713 et
2865 1661 3014 1715 unita
3049 1663 3246 1718 divina
3293 1665 3491 1721 distina

198 1743 362 1806 θείας
406 1742 644 1812 ὀνόματα
663 1781 676 1803 ,
720 1740 863 1794 κατὰ
889 1741 949 1793 τὸ
980 1744 1112 1812 ἡμῖν
1142 1743 1384 1810 ἐφικτὸν,
1417 1744 1792 1810 ἁνελίττοντεςη

1909 1742 2104 1796 ctionis
2133 1744 2374 1808 nomina,
2401 1754 2561 1813 prout
2583 1760 2895 1817 possumus,
2925 1752 3267 1820 explicando.
3311 1757 3490 1827 Atque

199 1839 317 1892 Καὶ
341 1837 428 1888 ἴνα
459 1835 644 1904 σαφῶς
675 1837 803 1906 περὶ
834 1836 1050 1889 πάντων
1081 1835 1208 1906 ὲξῆς
1243 1838 1286 1868 ³⁷
1310 1837 1799 1910 προδιορισώμεθα,

195 1931 480 1999 διάκρισιν
506 1929 658 1982 θείαν
686 1930 863 2000 φαμὲν
888 1930 952 1991 ²⁸,
984 1930 1060 1993 ὡς
1095 1929 1332 2001 εἴρηται,
1365 1930 1466 1995 τὰς
1498 1933 1802 2005 ἀγαθοπρε-

199 2026 329 2085 πείς
373 2023 473 2092 τῆς
512 2022 770 2094 θεαρχίας
815 2022 1092 2093 προόδους.
1143 2024 1472 2096 Δωρουμένη
1519 2026 1628 2097 γὰρ
1668 2031 1801 2082 πᾶσι

194 2119 317 2180 τοῖς
353 2113 505 2180 οὖσι,
537 2119 631 2170 καὶ
671 2116 1015 2188 ὑπερχέουσα
1049 2116 1148 2180 τὰς
1187 2116 1296 2170 τῶν
1332 2117 1470 2171 ὅλων
1487 2120 1531 2150 ’θ
1580 2121 1802 2188 ἀγαθῶν

199 2209 520 2279 μετουσίας,
549 2211 844 2282 ἡνωμένως
864 2210 908 2241 ³⁰
949 2210 1046 2281 μὲν
1071 2209 1429 2282 διακρίνεται,
1506 2212 1800 2285 πληθύει-αι

194 2304 256 2358 δὲ
275 2305 318 2336 ³¹
348 2304 564 2369 ἑνικῶς,
594 2308 688 2360 καὶ
721 2305 1250 2371 πολλαπλασιάζεται
1280 2307 1342 2359 ἐκ
1373 2305 1468 2359 τοῦ
1495 2307 1612 2371 ἐνὸς
1640 2309 1801 2363 ἀνεκ-

197 2400 494 2470 φοιτήτως·
526 2397 659 2465 οἷον,
691 2402 882 2473 ἐπειδὴ
920 2401 996 2453 ῶν
1026 2403 1172 2454 ἐστιν
1221 2403 1248 2453 ὁ
1274 2401 1406 2466 Θεὸς
1438 2401 1796 2474 ὑπερουσίως,

191 2495 457 2565 δωρεῖται
492 2495 549 2548 δὲ
576 2497 636 2549 τὸ
662 2493 804 2551 εἶναι
831 2499 946 2561 τοῖς
973 2492 1115 2560 οὖσι,
1149 2497 1243 2549 καὶ
1269 2495 1508 2568 παράγει
1546 2497 1646 2562 τὰς
1670 2499 1798 2563 ὅλας

191 2588 409 2652 οὐσίας,
449 2589 1012 2656 πολλαπλασιάζεσθαι
1041 2591 1258 2660 λέγεται
1282 2591 1342 2644 τὸ
1369 2591 1424 2644 ἓν
1454 2592 1511 2645 ὃν
1539 2595 1716 2646 έκεῖνο
1730 2596 1796 2665 τῇ

192 2684 256 2748 ἐξ
274 2683 445 2737 αὐτοῦ
476 2688 781 2757 παραγωγῇ
811 2687 919 2739 τῶν
953 2686 1161 2741 πολλῶν
1179 2687 1369 2739 ὄντων.
1401 2686 1653 2757 μένοντος
1677 2687 1732 2740 δὲ
1752 2687 1796 2718 ³³

190 2775 356 2828 οὐδὲν
382 2772 542 2846 ἦττον
576 2779 810 2842 ἐκείνου,
841 2781 936 2832 καὶ
984 2778 1101 2843 ἑνὸς
1129 2779 1187 2831 ὲν
1224 2777 1302 2849 τῷ
1338 2779 1662 2851 πληθυσμῷ,
1704 2781 1798 2834 καὶ¹

192 2870 483 2940 ἡνωμένον
511 2870 652 2924 κατὰ
682 2873 779 2943 τὴν
805 2873 1049 2944 πρόοδον,
1080 2874 1175 2926 καὶ
1217 2871 1454 2943 πλήρους
1485 2875 1544 2926 ἐν
1575 2877 1641 2944 τῇ
1683 2874 1798 2928 δια-

191 2962 403 3032 κρίσει,
543 2964 588 2994 ³³
641 2965 860 3018 πάντων
899 2961 1037 3020 εἶναι
1087 2965 1200 3018 τῶν
1238 2965 1407 3019 ὄντων
1456 2967 1796 3038 ὑπερουσίως

190 3055 557 3127 ἐξῃρημένον,
601 3059 695 3111 καὶ
729 3062 796 3130 τῇ
832 3061 1010 3132 ένιαίᾳ
1036 3059 1146 3112 τῶν
1189 3059 1326 3113 ὅλων
1376 3065 1707 3134 προσαγωγῇ
1727 3063 1792 3127 ³⁵,

190 3152 290 3205 καὶ
310 3155 378 3222 τῇ
411 3153 760 3224 ἀνελαττώτῳ
789 3154 943 3226 χύσει
970 3154 1079 3208 τῶν
1108 3154 1393 3225 ἀμειώτων
1422 3155 1586 3208 αὐτοῦ
1631 3174 1794 3227 μετα-

188 3245 414 3299 δόσεων.
461 3246 620 3300 Ἀλλὰ
659 3247 753 3301 καὶ
782 3249 840 3301 ἒν
867 3248 962 3309 ὢν,
1007 3250 1101 3302 καὶ
1129 3249 1293 3301 παντὶ
1345 3248 1498 3319 μέρει
1545 3248 1639 3302 καὶ
1668 3249 1794 3320 ὅλῳ,

190 3340 289 3392 καὶ
332 3341 414 3393 ἐνὶ
461 3343 555 3394 καὶ
596 3341 816 3412 πλήθει,
861 3341 955 3394 τοῦ
996 3342 1114 3406 ἑνὸς
1163 3341 1428 3412 μεταδοὺς
1446 3342 1524 3406 ³⁵,
1555 3343 1612 3396 ἓν
1646 3346 1796 3398 ἐστιν

189 3434 461 3498 ὡσαύτως
493 3435 854 3504 ὑπερουσίως,
879 3434 1003 3488 οὔτε
1031 3435 1196 3507 μέρος
1219 3434 1277 3487 ὃν
1305 3433 1371 3465 ³⁶⁴
1395 3434 1489 3488 τοῦ
1534 3436 1791 3508 πλήθους,

188 3527 316 3581 οὔτε
352 3531 417 3581 ἐκ
459 3529 642 3599 μερῶν
668 3528 807 3582 ὅλον·
843 3530 935 3581 καὶ
976 3527 1148 3590 οὕτως
1193 3527 1316 3580 οὔτε
1360 3527 1418 3578 ἓν
1455 3530 1623 3592 ἐστιν,
1668 3529 1792 3584 οὔτε

188 3619 312 3683 gms;
359 3620 610 3691 μετέχει,
649 3622 771 3675 οὐδὲ
801 3621 862 3674 τὸ
911 3621 970 3673 ἓν
1002 3621 1133 3692 ἔχει·
1179 3621 1368 3692 πόρρω
1409 3621 1465 3674 δὲ
1498 3623 1704 3677 τούτων
1733 3626 1792 3678 ’ἐν

187 3714 366 3774 ἐστιν,
398 3713 540 3784 ὑπὲρ
565 3713 626 3765 τὸ
655 3712 732 3777 ἓν,
768 3717 880 3778 τοῖς
912 3710 1061 3768 οὖσιν
1105 3715 1183 3777 ἓν,
1218 3717 1312 3768 καὶ
1337 3715 1540 3786 πλῆθος
1566 3717 1790 3790 ἀμερὲς,

187 3806 340 3876 ἀπλή
352 3823 521 3876 ρωτον
544 3807 918 3880 ὑπερπλῆρες,
943 3811 1051 3862 πᾶν
1077 3809 1134 3862 ἓν
1165 3811 1258 3863 καὶ
1289 3809 1493 3880 πλῆθος
1522 3812 1788 3884 παράγον,

186 3900 287 3953 καὶ
307 3898 571 3962 τελειοῦν,
600 3901 694 3954 καὶ
717 3901 953 3973 συνέχον.
992 3902 1160 3956 Πάλιν
1180 3905 1244 3973 τῇ
1270 3902 1327 3970 ἐξ
1368 3903 1532 3957 αὑτοῦ
1574 3903 1787 3970 θεώσει,

187 3994 269 4065 τῷ
294 3993 444 4047 κατὰ
467 3993 694 4066 δύναμιν
718 3997 948 4050 ἑκάστου
979 3995 1205 4049 θεοειδεῖ
1219 3996 1357 4050 θεῶν
1375 3997 1582 4052 πολλῶν
1609 4016 1792 4068 γιγνο-

190 4089 378 4160 μένων
398 4090 464 4150 ³⁸,
501 4089 651 4144 δοκεῖ
693 4089 792 4161 μὲν
830 4085 970 4143 εἶναι
1002 4089 1098 4143 καὶ
1136 4089 1355 4158 λέγεται
1382 4090 1477 4143 τοῦ
1507 4085 1624 4155 ένδς
1652 4091 1788 4146 Θεοῦ

184 4184 469 4256 διάκρισις
511 4185 604 4237 καὶ
656 4183 1198 4254 πολλαπλασιασμὸς,
1247 4183 1363 4236 ἔστι
1410 4184 1467 4237 δὲ
1507 4185 1660 4238 οὐδὲν
1700 4181 1789 4257 ἦτ-

183 4295 283 4331 τον
313 4279 343 4330 ὁ
387 4276 638 4348 ἁρχίθεος
691 4277 786 4331 καὶ
831 4274 1096 4350 ὑπέρθεος
1139 4277 1481 4349 ὑπερουσίως
1523 4272 1604 4341 εἷς
1631 4278 1783 4342 Θεὸς,

185 4373 492 4446 ἀμέριστος
518 4375 574 4426 ἐν
600 4376 714 4438 τοῖς
750 4375 1048 4446 μεριστοῖς,
1077 4371 1355 4444 ἡνωμένος
1404 4371 1578 4441 ἑαυτῷ
1599 4373 1663 4435 ³⁷,
1694 4375 1787 4428 καὶ

1907 1844 1967 1887 ut
2008 1835 2168 1903 plane
2202 1836 2268 1889 de
2309 1837 2565 1893 omnibus
2600 1839 2857 1909 deinceps
2887 1843 3244 1912 explicemus,
3294 1848 3490 1904 distin-

1902 1923 2140 1977 ctionem
2189 1925 2428 1979 divinam
2464 1941 2586 1982 esse
2617 1929 3376 2010 dicimus,_quemadmodum
3406 1941 3488 1994 di-

1904 2023 2050 2068 ctum
2076 2023 2182 2080 est,
2206 2011 2624 2087 benignissimas
2648 2021 2744 2076 Dei
2767 2026 3162 2083 cmanationes.
3183 2028 3316 2084 Dum
3341 2033 3486 2089 enim

1906 2105 2066 2162 rebus
2087 2109 2342 2164 omnibus
2367 2111 2600 2167 ubertim
2633 2113 2901 2169 bonorum
2929 2119 3172 2173 omnium
3205 2125 3484 2178 consortia

1903 2197 2144 2270 impertit
2187 2209 2243 2256 et
2281 2202 2542 2268 infundit,
2589 2213 2702 2260 tum
2755 2206 3046 2276 coniuncte
3069 2210 3230 2284 323
3265 2215 3484 2284 quidem

1902 2289 2287 2363 distinguitur,
2345 2294 2716 2366 ampliﬁcatur
2775 2311 2956 2355 autem
3031 2306 3194 2360 unice
3230 2344 3246 2371 ,
3303 2308 3489 2362 multi-

1902 2385 2134 2456 plexque
2186 2387 2246 2441 lit
2293 2403 2359 2442 ex
2417 2405 2549 2458 uno,
2609 2406 2710 2448 nec
2740 2393 2810 2448 ab
2853 2394 3064 2451 unitate
3097 2397 3327 2453 discedit
3369 2418 3382 2453 :
3429 2411 3490 2455 ut

1900 2488 2050 2550 puta,
2083 2484 2341 2551 quoniam
2374 2485 2513 2541 Deus
2542 2490 3079 2555 superessentialitcr
3109 2503 3192 2547 est
3221 2495 3485 2559 essentia,

1901 2585 2238 2646 cunctasque
2298 2580 2552 2647 producit
2611 2585 2925 2650 essentias,
2987 2589 3287 2644 secundum
3354 2590 3486 2644 illud

1902 2686 2064 2724 unum
2095 2673 2242 2740 quod
2271 2680 2353 2727 cst
2379 2675 2726 2744 multiplicari
2761 2681 2982 2741 dicitur.
3030 2682 3156 2736 dum
3195 2683 3394 2738 multas
3417 2699 3487 2739 ex

1900 2781 1959 2820 se
1989 2767 2238 2836 producit
2265 2769 2560 2834 entitates;
2592 2783 2966 2828 verumtamen
3003 2775 3052 2827 in
3086 2777 3268 2844 seipso
3304 2786 3488 2832 manet

1902 2862 1954 2914 in
1987 2860 2436 2929 multiplicatione
2469 2877 2630 2930 unus,
2681 2874 2738 2918 et
2780 2867 2831 2919 in
2891 2869 3241 2924 emanatione
3275 2872 3485 2936 unitus.

1900 2961 2063 3022 atque
2087 2953 2140 3006 in
2175 2953 2529 3009 distinctione
2567 2956 2860 3026 perfectus,
2907 2960 3050 3026 quod
3097 2959 3169 3014 sit
3200 2959 3268 3015 ab
3293 2975 3485 3016 essen-

1901 3046 1992 3100 tiis
2019 3046 2273 3102 omnibus
2314 3049 2848 3116 superessentialiter
2875 3058 3182 3119 exemptus,
3221 3059 3333 3107 tam
3371 3053 3488 3108 sin-

1899 3140 2071 3209 gulari
2119 3141 2477 3210 productione
2514 3144 2757 3197 omnium
2787 3159 2948 3214 quam
3005 3144 3332 3200 indiminuta
3366 3161 3488 3202 sua-

1902 3249 2019 3288 rum
2051 3235 2478 3289 indelicientium
2525 3237 2843 3303 profusione
2897 3238 3480 3294 communicationum.

1899 3328 2209 3394 Quinetiam
2247 3343 2370 3383 cum
2402 3331 2530 3400 quid
2568 3347 2733 3386 unum
2778 3332 2893 3399 ipse
2918 3331 3010 3394 sit,
3047 3331 3306 3401 omnique
3335 3335 3480 3400 parti

1899 3434 1952 3479 et
1982 3425 2104 3490 toti,
2137 3433 2192 3479 et
2219 3425 2308 3478 uni
2337 3435 2391 3478 et
2421 3424 2780 3490 multitudini,
2813 3424 2976 3479 unius
3021 3426 3104 3479 sui
3144 3425 3479 3479 consortium

1899 3517 2188 3587 largiatur,
2212 3516 2299 3571 vel
2327 3525 2384 3570 ut
2415 3517 2495 3572 sic
2535 3519 2702 3571 etiam
2741 3532 2905 3586 supra
2938 3516 3301 3571 substantiam
3333 3521 3482 3570 exsi-

1897 3609 1990 3664 stit
2030 3623 2194 3673 unus,
2239 3623 2362 3663 cum
2393 3622 2571 3676 neque
2601 3623 2729 3677 pars
2759 3609 2830 3662 sit
2861 3606 3246 3670 multitudinis,
3298 3618 3478 3676 neque

1895 3719 1961 3758 ex
1991 3704 2244 3770 partibus
2279 3710 2490 3767 totum;
2545 3716 2670 3754 nam
2722 3702 2827 3756 hoc
2879 3699 3037 3755 modo
3072 3715 3178 3754 non
3222 3707 3308 3754 est
3347 3699 3475 3768 quid

1897 3814 2087 3863 unum,
2134 3812 2310 3866 neque
2357 3797 2437 3851 sic
2475 3809 2642 3849 unum
2685 3793 2996 3864 participat,
3041 3793 3272 3848 habetve
3297 3793 3479 3847 unita-

1897 3901 2037 3955 tem;
2069 3892 2162 3946 sed
2190 3889 2349 3960 longe
2387 3889 2456 3944 ab
2489 3888 2575 3943 his
2603 3887 2705 3942 alia
2739 3889 2954 3942 ratione
2988 3886 3118 3957 quid
3151 3901 3318 3940 unum
3367 3895 3474 3947 est,

1893 3999 2056 4055 supra
2089 4000 2282 4048 unum,
2327 3982 2470 4054 quod
2504 3984 2664 4038 rebus
2709 3996 2877 4035 unum
2919 3987 3023 4046 est,
3077 3987 3133 4034 et
3188 3978 3479 4033 multitudo

1893 4079 2198 4141 individua,
2232 4076 2576 4146 inexplebilis
2608 4073 3073 4145 superplenitudo,
3117 4085 3278 4128 omne
3309 4086 3476 4125 unum

1892 4169 2411 4235 multitudinemque
2471 4167 2780 4237 producens
2823 4180 2886 4220 ac
2951 4162 3246 4232 perliciens
3309 4169 3478 4230 atque

1890 4265 2278 4336 complectens.
2309 4262 2520 4319 Rursus
2552 4263 2678 4318 dum
2723 4262 2840 4331 ejus
2871 4257 3196 4314 deiﬁcientia
3225 4254 3475 4311 deiformi

1890 4374 1988 4427 pro
2015 4357 2278 4426 cujusque
2309 4355 2512 4414 virtute
2563 4353 2748 4421 plures
2779 4351 2851 4405 dii
2897 4350 3056 4415 ﬁunt,
3095 4347 3313 4402 videtur
3353 4347 3476 4415 qui-

182 4439 538 4533 “:oigatonoig
554 4439 764 4540 ἀμιγὴς
789 4439 885 4522 καὶ
911 4439 1274 4540 ἀπλήθυντος.
1302 4468 1415 4520 Καὶ
1433 4439 1593 4520 τοῦτο
1618 4468 1787 4540 ὑπερ-

1897 4452 2012 4504 dem
2047 4451 2358 4520 diciturque
2387 4447 2549 4502 unius
2596 4445 2690 4499 Dei
2731 4443 2928 4498 divisio
2959 4439 3470 4510 multiplicatioque.

183 4563 344 4634 φυῶς
378 4565 635 4635 ἐννοήσας
670 4565 698 4616 ὁ
738 4563 916 4629 κοινὸς
948 4566 980 4636 ή
992 4564 1108 4635 μῶν
1147 4565 1242 4617 καὶ
1273 4560 1367 4616 τοῦ
1416 4559 1792 4634 καθηγεμόνος

182 4657 283 4711 ἐπὶ¹
306 4656 408 4727 τὴν
453 4655 603 4710 θείαν
646 4659 977 4728 φωτοδοσίαν
1017 4657 1381 4730 χειραγωγὸς,
1425 4657 1452 4708 ὁ
1505 4653 1672 4717 πολὺς
1719 4653 1788 4706 τὰ

182 4749 331 4812 θεῖα,
363 4749 425 4801 τὸ
453 4749 568 4818 φῶς
603 4749 698 4804 τοῦ
726 4751 953 4822 κόσμου,
990 4751 1116 4804 τάδε
1147 4752 1312 4822 φησὶν
1339 4746 1698 4810 ὲνθεαστικῶς
1729 4747 1788 4798 ὲν

179 4847 300 4908 τοῖς
341 4847 507 4916 ἱεροῖς
531 4845 697 4899 αὐτοῦ
729 4847 1040 4918 γράμμασι·
1063 4846 1173 4899 Καὶ
1193 4846 1304 4915 γὰρ
1337 4843 1503 4911 εἴπερ
1530 4842 1649 4895 εἰσὶ
1681 4845 1782 4895 λε-

180 4937 429 5007 ιγτῖμενοι
462 4938 618 5001 θεοὶ,
648 4940 767 4992 εἴτε
799 4940 868 4992 ἐν
901 4937 1155 5007 οὐρανῷ,
1192 4938 1311 4990 εἴτε
1339 4935 1438 4988 ἐπὶ
1474 4932 1606 5004 γῆς,
1643 4930 1784 5004 (ὡσ-

180 5027 420 5096 περοῦν
444 5030 562 5084 εἰσὶ
583 5032 702 5084 θεοὶ
728 5031 966 5094 πολλοὶ,
1001 5031 1096 5084 καὶ
1130 5031 1318 5097 κύριοι
1349 5024 1613 5094 πολλοί,)
1639 5019 1780 5077 tua"

180 5121 439 5191 ήμῑνεῖς
467 5123 610 5188 Θεὸς
639 5126 670 5175 o'
700 5122 925 5190 Πατὴρ,
947 5121 1014 5185 ἐξ
1045 5121 1114 5174 οὗ
1143 5122 1213 5174 τὰ
1233 5119 1448 5181 πάντα,
1483 5116 1580 5170 καὶ
1612 5113 1784 5184 ἡμεῖς

1889 4555 2266 4602 verumtamen
2312 4543 2428 4612 ipse
2469 4550 2554 4594 est
2588 4537 2916 4609 principium
2941 4533 3246 4589 istiusmodi
3276 4531 3474 4586 divini-

1894 4641 2022 4695 tatis
2047 4647 2102 4693 et
2135 4637 2444 4693 eminenter
2490 4634 2652 4698 Deus,
2687 4640 2742 4685 et
2769 4625 3304 4699 superessentialiter
3334 4638 3474 4677 unus

1893 4734 2054 4796 Deus,
2088 4730 2356 4786 indivisus
2384 4729 2440 4784 in
2473 4725 2728 4789 dividuis,
2761 4726 2816 4777 in
2846 4737 2905 4777 se
2945 4734 3106 4781 unus,
3145 4727 3200 4772 et
3241 4717 3294 4771 in
3333 4713 3476 4768 mula-

1892 4827 1960 4879 tis
2011 4824 2132 4878 istis
2187 4836 2366 4892 neque
2413 4821 2608 4874 mistus
2636 4829 2813 4884 neque
2849 4811 3266 4882 multiplicatus.
3310 4805 3468 4874 Quod

1889 4935 2012 4973 cum
2065 4913 2557 4986 supernaturalitcr
2599 4907 2962 4964 intellexisset
3016 4900 3323 4959 communis
3366 4915 3468 4952 no-

1886 5025 1998 5068 ster
2033 5027 2097 5066 ac
2128 5008 2482 5079 prteceptoris
2530 5004 2706 5059 nostri
2749 5003 2816 5056 ad
2857 4998 3096 5053 divinam
3144 4992 3465 5049 illustratio-

1888 5124 2006 5162 nem
2037 5105 2420 5166 manuductor,
2447 5100 2537 5170 qui
2565 5099 2791 5152 multum
2822 5097 2874 5149 in
2899 5093 3097 5149 divinis
3119 5091 3282 5146 rebus
3305 5100 3466 5143 exera

1486 5315 1722 5371 VARUE
1756 5307 2166 5368 LECTIONES.

254 5486 303 5521 ³⁵
331 5484 648 5556 καινότερον
668 5523 682 5547 ,
716 5481 774 5538 S.
799 5481 857 5535 P.
887 5479 1008 5556 Sar.
1075 5480 1118 5510 ’⁵
1147 5477 1509 5556 θπερουσίως,
1539 5474 1600 5556 P:
1639 5473 1760 5556 S.a_r~.

178 5577 282 5628 pro
311 5551 602 5628 ὑπερέχων
625 5554 879 5628 scribitur
906 5551 1064 5628 ἔχων,
1084 5562 1142 5628 ιιι-ι
1169 5551 1220 5628 in
1255 5553 1375 5602 δην.

181 5631 395 5702 μένοις,
427 5629 486 5681 S.

179 5693 224 5733 ἧς
252 5702 430 5753 δντων
461 5699 559 5768 μὲν
585 5693 743 5768 ὄντος
762 5694 840 5768 δέ,
950 5693 1112 5768 δί’,·,,μ

176 5776 273 5843 γῇ,
306 5772 366 5824 S.
451 5764 492 5801 ⁵⁵
513 5764 844 5838 μεταδιδούς,
877 5764 932 5815 ι».

516 5863 786 5921 l’n‘uoL.
818 5861 936 5920 Gn.
985 5857 1092 5916 Ill.

1841 5472 1886 5502 ’θ
1919 5467 1989 5520 τά
2014 5481 2119 5521 non
2150 5466 2352 5519 habent
2372 5465 2428 5519 S.
2457 5464 2538 5523 P.,
2565 5474 2636 5517 ut-
2657 5465 2708 5518 in
2745 5466 2804 5518 D.
2837 5479 2942 5517 non
2993 5471 3076 5514 est
3103 5459 3162 5522 ἐξ
3189 5460 3268 5529 ἡμ

1453 5549 1494 5576 ²⁷
1529 5545 1637 5594 τῶν
1669 5543 1815 5594 ὲὲἦς.
1848 5542 1904 5594 S.
1940 5541 1996 5592 I’.

566 5542 599 5607 ἰν
625 5542 879 5608 scribitur
906 5551 1064 5623 ἔχων,
1084 5562 1142 5602 ιιι
1169 5551 1219 5602 in
1255 5542 1375 5602 Sar.
1453 5549 1494 5576 ’7
1529 5545 1637 5598 τῶν
1669 5543 1815 5612 ἑξῆς,
1848 5542 1904 5594 S.
1940 5542 1996 5592 ι’.
2074 5542 2119 5568 ²⁸
2141 5542 2500 5618 εὶναίφαμεν,
2622 5542 2681 5588 l’.
2710 5542 2830 5588 Sar.
2910 5542 2954 5564 ’ν
2977 5542 3170 5586 ἄλλων.
3250 5542 3293 5559 ου
3322 5542 3436 5597 ηνω

566 5626 609 5657 ³¹
640 5622 965 5694 πληθύνεται
989 5621 1066 5684 δέ,
1095 5621 1154 5674 S.
1188 5620 1244 5671 Ρ.
1273 5621 1450 5694 variat
1476 5618 1543 5671 ad
1569 5619 1712 5694 hunc
1730 5613 1944 5694 tuo-(litin
1965 5611 2066 5694 hoc
2084 5608 2309 5694 Vt'Bl'l'l‘llln
2331 5622 2631 5694 :a'ptssune
2651 5607 2828 5694 :lor‘os
2847 5614 3036 5694 potare

1116 5669 1326 5753 ένοντος
1346 5669 1750 5749 δέίῐίοιι-Ιιπϋοι
1781 5683 1848 5753 Μ.
1877 5682 1935 5734 D.
1988 5680 2060 5753 7’”
2085 5677 2167 5753 τό,
2190 5677 2247 5753 _l’.
2329 5678 2372 5753 ξι
2398 5669 2725 5753 παραγωγῇ,
2847 5675 2903 5727 Ρ.
3049 5669 3458 5753 εμπιπροαγωδ

1013 5752 1085 5792 ³⁵³
1100 5765 1135 5814 l.
1153 5761 1224 5814 ὧν
1271 5752 1325 5814 ut
1344 5775 1528 5830 supra.
1584 5759 1626 5788 3“
1643 5752 1966 5824 γενομένων,
1987 5752 2045 5804 ι).

3269 5456 3346 5509 ῶν
3366 5495 3380 5516 ,
3408 5466 3462 5510 ct

3250 5529 3293 5559 3°
3322 5530 3436 5597 ἡνω

2074 5539 2119 5568 ²⁸
2141 5532 2280 5588 εἷναί
2298 5553 2500 5606 φαμεν,
2529 5534 2585 5586 D.
2622 5535 2681 5588 P.
2710 5538 2830 5588 Sar.
2910 5536 2954 5564 ’9
2977 5532 3170 5606 ἄλλων.

2128 5750 2167 5780 ³⁷
2187 5751 2242 5800 ἐν
2269 5749 2380 5810 τοῖς
2404 5739 2736 5819 ἀμερίστὸίς,
2767 5744 3060 5816 ἡνωμένως
3088 5744 3143 5793 ἐν
3169 5739 3369 5810 ἐαυτῷ,
3399 5739 3457 5790 S.

3105 5836 3178 5894 Ἦ
