3876 6226
395 318 497 375 651

1569 314 1625 369 S.
1666 304 1874 369 lll'ONY
1885 313 1969 370 Sil
1999 311 2464 369 ΑΒΕΟΡΑΟΙΤΑΞ

3555 322 3669 379 652

383 438 586 489 citatus
608 442 711 497 est,
749 440 804 487 et
834 431 929 486 lux
962 439 1049 487 est
1086 429 1297 495 mundi,
1330 430 1445 484 haec
1474 427 1527 481 in
1568 428 1825 496 Epistolis
1860 429 1968 483 suis

2079 433 2163 494 εἰς
2199 430 2404 481 αὐτόν·
2436 429 2531 482 καὶ
2554 429 2641 494 εἷς
2667 431 2879 498 Κύριος
2913 430 3150 500 Ἰησοῦς
3182 434 3451 502 Χριστὸς,
3480 436 3554 488 δι’
3590 438 3667 491 οὗ

384 527 571 582 divino
607 525 842 581 Numine
873 522 1087 578 afﬂatus
1128 522 1321 577 scribit
1356 540 1371 578 :
1421 520 1564 575 Nam
1592 522 1688 575 etsi
1726 530 1848 574 sunt
1884 523 1975 591 qui

382 622 635 674 dicantur
685 618 787 683 dii,
842 620 948 671 sive
990 616 1047 669 in
1081 615 1230 680 caelo,
1260 616 1366 669 sive
1410 615 1470 667 in
1517 624 1659 669 terra
1692 614 1973 683 (siquidem

382 723 502 766 sunt
531 712 607 765 dii
651 708 829 773 multi,
868 717 918 762 et
963 707 1171 761 domini
1210 706 1586 777 multi),'nobis
1628 715 1804 761 tamen
1834 722 1972 759 unus

282 820 291 829 ’
381 804 525 858 Deus
561 802 747 867 Pater,
788 816 853 855 ea:
880 815 983 871 quo
1024 799 1225 863 omnia,
1258 808 1307 851 et
1348 814 1443 852 nos
1483 800 1718 867 in'ipso;
1747 807 1795 851 et
1832 814 1969 851 unus

385 895 640 949 Dominus
678 892 835 946 Iesus
879 889 1147 955 Christus,
1194 905 1288 958 per
1333 904 1487 960 quem
1534 890 1741 953 omnia,
1787 898 1837 942 et
1878 905 1973 943 nos

381 1002 472 1053 per
500 986 668 1054 ipsum
706 984 753 1039 ⁸.
785 981 995 1037 Etenim
1038 982 1092 1035 in
1119 979 1323 1035 divinis
1356 980 1520 1035 rebus
1552 981 1782 1036 uniones
1806 995 1972 1051 supe-

386 1089 512 1133 rant
540 1076 946 1142 distinctiones,
996 1083 1056 1130 et
1099 1073 1458 1138 antecedunt,
1488 1072 1766 1143 nihiloque
1792 1073 1971 1127 minus

382 1184 567 1227 tamen
599 1172 762 1227 etiam
788 1169 1098 1237 conjunctae
1125 1177 1254 1223 sunt
1280 1178 1403 1237 post
1429 1167 1587 1221 unius
1615 1181 1721 1221 non
1761 1164 1971 1219 abeun-

383 1277 492 1320 tem
521 1263 964 1335 singularemque
1000 1260 1432 1317 distinctionem.
1465 1258 1577 1313 llas
1606 1259 1791 1327 itaque
1817 1273 1970 1312 com-

381 1372 577 1413 munes
631 1356 922 1425 unitasque
973 1355 1140 1411 totius
1198 1352 1504 1408 divinitatis
1556 1344 1965 1414 distinctiones,

380 1451 499 1504 sive
530 1448 807 1503 benelicas
833 1447 1231 1511 emanationes,
1275 1460 1343 1499 ex
1392 1443 1705 1498 nominibus
1745 1444 1963 1510 divinis,

2080 521 2153 573 τὰ
2182 519 2397 583 πάντα,
2430 522 2526 575 καὶ
2560 520 2730 590 ἡμεῖς
2763 520 2839 573 δι’
2879 524 3084 576 αὑτοῦ.
3128 526 3237 577 Καὶ
3277 525 3385 595 γὰρ
3424 529 3517 581 ἐπὶ
3552 530 3670 582 τῶν

2080 611 2240 664 θείων
2280 614 2335 665 αἱ
2379 612 2599 675 ὲνώσεις
2629 612 2738 665 τῶν
2782 612 3109 684 διακρίσεων
3150 616 3530 688 ἐπικρατοῦσι,
3566 622 3670 673 καὶ

2080 704 2545 775 προκατάρχουσι,
2572 705 2666 757 καὶ
2692 704 2845 758 οὐδὲν
2864 700 3024 777 ἧττόν
3048 708 3193 762 ἐστιν
3212 712 3463 781 ἡνωμένα
3477 713 3542 743 ³⁷·
3572 714 3670 766 καὶ

2082 796 2222 867 μετὰ
2236 798 2335 867 τὴν
2352 796 2447 849 τοῦ
2470 797 2589 861 ἐνὸς
2611 798 2999 870 ἀνεκφοίτητον
3022 802 3113 854 καὶ
3140 802 3345 857 ἑνιαίαν
3366 804 3666 877 διάκρισιν.

2080 886 2295 952 Ταύτας
2322 890 2483 960 ἡμεῖς
2510 888 2609 953 τὰς
2638 889 2822 954 κοινὰς
2847 892 2941 945 καὶ
2961 892 3247 963 ἡνωμένας
3271 894 3370 967 τῆς
3392 897 3521 969 ὅλης
3548 898 3671 951 Θεό-

2077 997 2241 1051 τητος
2272 980 2592 1052 διακρίσεις,
2618 983 2716 1035 εἴτ’
2744 979 2836 1037 οὖν
2856 985 3261 1057 ἀγαθοπρεπεῖς
3288 990 3571 1059 προόδους,
3601 993 3671 1045 ὲκ

2077 1066 2186 1121 τῶν
2210 1070 2589 1139 ὲμφαινουσῶν
2613 1072 2657 1103 ³⁸
2710 1073 2877 1138 αὑτὰς
2903 1077 2962 1127 ὲν
2986 1078 3099 1139 τοῖς
3121 1075 3319 1145 λογίας
3341 1078 3667 1151 θεωνυμιῶν

2080 1162 2318 1234 ὑμνῆσαι
2340 1164 2481 1216 κατὰ
2504 1165 2565 1217 τὸ
2591 1165 2815 1219 δυνατὸν
2841 1169 3235 1240 πειρασόμεθα,
3266 1171 3456 1225 τούτου
3483 1172 3666 1227 καθά-

2078 1273 2185 1327 περ
2212 1256 2425 1328 εῖρηται
2452 1258 2981 1329 προδιεγνωσμένου,
3005 1260 3099 1314 τοῦ
3128 1264 3306 1316 πᾶσαν
3329 1263 3677 1337 ἀγαθουργιο

2077 1350 2179 1420 χὴν
2198 1349 2240 1381 ³⁹
2270 1349 2595 1421 θεωνυμίαν,
2633 1353 2719 1421 ἐφ’
2743 1346 2888 1425 ᾗπερ
2914 1353 2982 1407 ἂν
3005 1352 3195 1424 κέηται
3213 1355 3322 1409 τῶν
3349 1357 3669 1429 Θεαρχικῶν

2086 1440 2487 1507 Ὑποστάσεων,
2518 1444 2611 1495 ἐπὶ
2634 1444 2735 1514 τῆς
2760 1443 2885 1517 ὅλης
2907 1445 3073 1518 αὐτὴν
3097 1447 3427 1519 ὲκληφθῆναι
3448 1449 3670 1521 θεαρχι-

380 1558 504 1613 quas
528 1540 648 1596 illas
692 1540 744 1595 in
783 1539 1016 1609 eloquiis
1069 1538 1377 1601 declarant,
1425 1552 1525 1608 pro
1576 1537 1722 1592 virili
1775 1545 1962 1592 nostra

381 1643 538 1706 parte
590 1634 874 1691 celebrare
920 1634 1275 1698 conabimur;
1333 1632 1379 1687 si
1450 1633 1554 1687 hoc
1609 1633 1873 1702 primum,
1916 1630 1991 1684 uti
2058 1630 2261 1686 dictum
2320 1643 2422 1697 est,
2480 1634 2839 1688 constitutum
2888 1633 3077 1699 fuerit,
3122 1634 3423 1691 beneﬁcum
3497 1650 3675 1692 omne

378 1728 548 1801 325
582 1742 780 1784 nomen
831 1728 949 1795 Dei,
997 1727 1305 1799 cuicunque
1351 1727 1659 1783 divinarum
1709 1724 2073 1780 Personarum
2121 1725 2437 1796 impositum
2497 1728 2688 1795 fuerit,
2747 1730 2868 1787 sine
2902 1731 3219 1787 discrimine
3272 1732 3327 1788 in
3366 1734 3493 1787 'tota
3537 1733 3667 1802 ipsa

382 1826 565 1881 divina
596 1822 865 1880 Trinitate
890 1822 1089 1893 accipi.

2072 1535 2173 1606 κῆς
2190 1535 2233 1567 ⁸⁰
2254 1536 2504 1608 ὁλότητος
2524 1538 2983 1612 ἀπαρατηρήτως.

1548 2090 2088 2149 ADNOTATIONES
2134 2088 2485 2149 CORDERII.

453 2307 559 2363 Pro
587 2308 860 2366 exactiori
890 2307 1053 2379 hujus
1090 2308 1285 2434 cagitis
1336 2306 1715 2379 intelligentia,
1772 2308 2008 2363 maxime
2057 2305 2085 2379 ς
2127 2306 2171 2374 1,
2220 2306 2343 2363 vide
2390 2303 2514 2378 quas
2566 2305 2623 2360 in
2669 2303 3156 2364 Observationibns
3208 2304 3658 2379 generalioribus

453 2389 524 2433 :ta
555 2391 701 2434 sunt.
728 2380 1118 2434 observatione
1209 2389 1263 2434 et
1296 2378 1385 2434 10.

380 2379 524 2435 dicta
555 2391 701 2445 sunt,
728 2378 1118 2435 observatione
1148 2378 1181 2434 5
1209 2389 1263 2434 et
1296 2378 1385 2434 10.

456 2449 556 2504 Ubi
590 2451 719 2504 item
757 2460 908 2515 nota,
940 2466 1048 2505 non
1082 2458 1290 2504 tantum
1323 2451 1586 2506 attributa
1629 2449 1943 2506 essentialia
1973 2451 2072 2504 toti
2106 2447 2363 2503 Trinitati
2396 2456 2732 2516 competere,
2762 2463 2951 2519 verum
2985 2449 3151 2503 etiam
3191 2448 3432 2515 nomina,
3458 2462 3582 2519 qua:
3624 2460 3657 2499 a

379 2534 566 2575 rerum
594 2529 903 2574 creatarum
948 2521 1326 2590 productione,
1375 2523 1791 2577 conservatione
1833 2536 1896 2575 ac
1925 2520 2321 2590 gubernatione
2353 2520 2639 2587 desumpta
2682 2528 2833 2574 sunt.
2880 2518 3239 2590 Operationes
3287 2518 3657 2590 enim,:quas

378 2590 899 2661 adneagtrahtlieologi
929 2589 1151 2655 vocant,
1180 2606 1498 2647 communes
1526 2601 1652 2647 sunt
1683 2591 2044 2661 sanctissimae
2069 2589 2346 2652 Trinitati,
2379 2598 2545 2659 atque
2583 2590 2672 2661 uini
2714 2589 2996 2643 Divinitati
3028 2590 3267 2661 omnium
3294 2589 3575 2661 crea_trici.

451 2658 479 2731 §
515 2659 576 2713 ll.
620 2658 688 2713 Et
720 2661 822 2715 nisi
855 2658 941 2714 illi
986 2676 1129 2731 cura:
1169 2662 1243 2731 sit
1264 2662 1443 2716 divina
1474 2678 1752 2717 sacrarum
1788 2660 2110 2731 Litterarum
2141 2662 2423 2727 sapientia,
2450 2658 2561 2731 etc.
2612 2659 2751 2713 Hinc
2784 2662 2921 2714 bene
2973 2660 3167 2728 probat
3210 2661 3369 2731 divus
3406 2658 3657 2731 Thomas

377 2730 552 2802 prima
590 2742 766 2802 parte,
796 2740 990 2801 quaest.
1024 2730 1113 2793 32,
1144 2730 1300 2785 artic.
1340 2733 1391 2795 1,
1446 2732 1498 2786 in
1544 2748 1773 2801 corpore
1807 2750 1821 2786 :
1858 2730 2115 2802 mysteria
2143 2732 2389 2800 qumdam
2436 2730 2838 2802 ﬁdeirationis
2888 2742 3104 2802 captum
3135 2730 3475 2802 excedentia,
3506 2743 3658 2781 non-

379 2800 486 2855 nisi
516 2814 582 2872 ει
607 2800 907 2870 Scripturis
933 2817 1026 2856 seu
1054 2802 1252 2856 divinis
1281 2800 1708 2857 revelationibus
1738 2800 1997 2872 cognosci
2024 2815 2206 2872 posse.
2239 2801 2342 2867 Qui
2374 2802 2545 2872 enim,
2578 2800 2777 2870 inquit,
2810 2801 3042 2854 naturali
3078 2801 3288 2872 ratione
3317 2800 3651 2872 Trinitatem

378 2870 534 2924 verbi
565 2869 764 2941 gratia,
797 2874 1030 2941 probare
1057 2872 1268 2937 nititur,
1310 2871 1357 2925 is
1391 2872 1517 2927 ﬁdei
1554 2869 1842 2941 dupliciter
1892 2869 2141 2941 derogat.
2191 2871 2378 2926 Primo
2418 2869 2947 2939 quidem’quantum
2992 2872 3059 2923 ad
3103 2871 3431 2941 dignitatem
3472 2869 3654 2941 ipsius

376 2941 524 3006 ﬁdei,
573 2939 695 3010 qua:
740 2939 810 2997 in
827 2945 928 2999 hoc
968 2943 1238 3008 consistit,
1279 2952 1339 2996 ut
1382 2944 1453 2995 sit
1499 2942 1566 2997 ds
1613 2939 1775 2996 rebus
1808 2939 2172 2997 invisibiiibus
2202 2957 2321 3011 qua:
2358 2942 2653 2996 humanam
2688 2943 2957 2995 excedant
2993 2942 3280 2995 rationem.
3315 2939 3469 2994 Unde
3498 2939 3655 3005 Apo—

376 3010 549 3065 stolus
579 3013 736 3075 dicit,
771 3013 928 3067 iidem
969 3027 1093 3067 esse
1136 3012 1204 3066 de
1241 3027 1348 3066 non
1388 3012 1806 3080 apparentibus;
1840 3021 1894 3067 et
1919 3011 2046 3066 alibi
2079 3028 2093 3065 :
2129 3010 2476 3079 Sapientiam,
2526 3012 2727 3081 inquit,
2768 3011 3035 3079 loquimur
3068 3013 3208 3065 inter
3237 3010 3529 3078 perfectos;
3560 3024 3657 3081 sa-

373 3082 629 3149 pientiam
674 3099 792 3136 vero
839 3100 942 3137 non
986 3082 1146 3152 hujus
1192 3082 1394 3147 swculi,
1429 3098 1591 3152 neque
1630 3084 1930 3150 principum
1963 3082 2128 3152 hujus
2154 3082 2358 3147 srrculi,
2386 3084 2476 3136 sed
2503 3080 2772 3151 loquimur
2795 3082 2891 3134 Dei
2928 3081 3245 3152 sapientium
3278 3083 3333 3132 in
3370 3080 3651 3152 mysterio,

373 3167 493 3220 qua:
520 3152 832 3208 abscondita
880 3165 954 3208 est
992 3150 1063 3205 δέ
1110 3153 1402 3215 Secundo,
1451 3150 1718 3221 quantum
1771 3154 1839 3207 ad
1878 3151 2164 3207 utilitatem
2200 3152 2444 3206 trahendi
2488 3150 2625 3207 alius
2664 3152 2732 3205 ad
2784 3152 2969 3204 (idem.
3003 3150 3137 3204 Cum
3166 3153 3308 3205 enim
3340 3150 3540 3221 aliquis
3581 3151 3653 3202 ad

374 3219 710 3289 probandam
758 3224 915 3277 iidem
980 3222 1279 3277 introducit
1335 3219 1577 3277 ratio—nes
1605 3237 1727 3291 quae
1757 3238 1862 3277 non
1894 3231 2022 3276 sunt
2060 3232 2336 3291 urgentes,
2389 3223 2441 3275 in
2490 3222 2807 3277 irrisionem
2853 3222 2999 3275 cedit
3034 3222 3363 3285 inﬁdelium;
3407 3219 3653 3272 credunt

373 3293 520 3346 enim
552 3295 700 3361 quod
736 3293 1043 3361 hujusmodi
1102 3291 1404 3347 rationibus
1456 3292 1774 3357 innitamur,
1825 3302 1880 3346 et
1924 3301 2164 3362 propter
2189 3306 2284 3345 eas
2319 3293 2628 3347 credamus.
2670 3293 2800 3359 Qua:
2830 3292 3149 3362 igitur__iidei
3188 3300 3335 3355 sunt,
3375 3304 3488 3342 non
3517 3296 3657 3342 sunt

374 3360 650 3430 probanda
691 3360 815 3418 nisi
846 3380 941 3433 per
995 3364 1356 3418 auctoritates
1401 3364 1485 3417 his
1508 3365 1601 3432 qui
1633 3360 1993 3418 auctoritates
2018 3360 2360 3433 suscipiunt;
2397 3363 2537 3430 apud
2581 3364 2717 3417 alios
2761 3360 2889 3416 vero
2919 3360 3150 3433 suiIicit_
3174 3362 3495 3425 defendere,
3535 3373 3653 3413 non

375 3447 500 3503 esse
534 3430 875 3503 impossibile
901 3436 953 3489 id
982 3435 1129 3503 quod
1160 3434 1294 3487 iides
1327 3430 1710 3503 praedicabita
1742 3442 1964 3488 sanctus
2012 3430 2303 3503 Dionysius
2331 3434 2434 3503 hoc
2462 3433 2601 3501 loco,
2633 3444 2687 3489 et
2725 3445 2788 3487 ex
2825 3446 2890 3503 eo
2924 3434 3083 3487 divus
3108 3430 3368 3487 Thomas.

447 3502 477 3575 ς
505 3502 590 3575 Ill.
618 3500 769 3557 'Nota
795 3500 1013 3559 nomina
1038 3502 1101 3557 τὸ
1131 3503 1528 3574 ὺπεράγῑιθον,
1562 3502 1628 3558 τὸ
1660 3504 1968 3571 ὑπέρθεον,

2095 3500 2612 3575 εδίλειιρνα-ὸοηιιηι,
2643 3502 3026 3571 supra—Deum,
3060 3514 3193 3567 etc.,
3217 3503 3321 3556 dici
3340 3500 3453 3570 τῆς
3467 3501 3657 3569 ὑπερ-

373 3572 590 3641 οχὶκῆς
613 3574 1002 3643 ἀφαιρέσεως,
1032 3576 1082 3628 id
1115 3585 1198 3628 est
1224 3572 1509 3627 oblationis
1539 3578 1829 3627 secundum
1858 3572 2305 3642 exsuperantiam,
2338 3574 2466 3642 quia
2501 3574 2693 3627 tollunt
2725 3578 2777 3626 in
2808 3575 2915 3627 Deo
2954 3574 3252 3643 bonitatem
3287 3586 3557 3636 creatam,
3594 3581 3656 3625 et

378 3649 625 3697 tribuunt
656 3641 1070 3715 exsuperantem
1100 3654 1155 3699 et
1203 3646 1533 3712 superlatam
1559 3647 1892 3714 bonitatem,
1940 3641 2151 3700 seilicet
2194 3641 2518 3707 iucrcatam,
2567 3661 2688 3713 qua:
2727 3646 2896 3699 vincit
2926 3641 3145 3699 omnem
3181 3644 3555 3713 cognitionem
3590 3653 3652 3696 et

377 3714 816 3783 intelligentiam.
849 3716 981 3770 Vide
1012 3717 1423 3769 observationes
1446 3714 1480 3767 4
1509 3725 1564 3769 ει
1586 3716 1618 3769 9
1646 3716 1946 3784 generales.

448 3781 581 3837 Nota
617 3786 839 3857 ibidem,
874 3786 949 3840 Τὰ
979 3786 1047 3837 δὲ
1079 3784 1496 3857 διαξεκριμέιζα
1529 3784 1594 3837 τὸ
1625 3781 1858 3853 Πατρός
1890 3789 1968 3841 ὑπ

2080 3785 2257 3839 ύσιον
2289 3786 2479 3856 ὄνομα
2502 3788 2600 3841 καὶ
2624 3784 2825 3857 χρῆμα
2852 3802 2871 3841 :
2902 3788 3131 3840 discreta
3168 3800 3283 3838 vero
3305 3794 3427 3839 sunt
3464 3781 3656 3857 Patris

374 3854 717 3928 substantiaie
746 3873 937 3928 nomen,
955 3867 999 3908 et
1038 3872 1141 3913 res.
1190 3855 1396 3928 Nomen
1444 3856 1859 3928 Patrisrinquit
1906 3858 2211 3910 Turrianns
2256 3854 2961 3928 (52),suprasubstantiam
3004 3857 3158 3920 dicit,
3192 3858 3315 3924 quia
3348 3857 3401 3907 in
3442 3855 3655 3928 divinis

375 3940 486 3977 non
515 3925 788 3999 signiﬁcat
818 3927 974 3981 nobis
1020 3942 1215 3980 nonnen
1267 3924 1447 3999 Patris
1490 3936 1583 3979 aut
1626 3922 1774 3993 Filii,
1824 3928 1967 3996 quod
1999 3928 2050 3980 in
2095 3922 2367 3983 creaturis
2404 3922 2778 3999 intelligimus,
2814 3944 3076 3998 personas
3108 3922 3321 3999 Scilicet
3348 3940 3405 3999 re
3435 3926 3659 3999 etsuh-f

375 3996 582 4067 stantia
609 4007 912 4062 separatas.
949 4001 1079 4067 Item
1118 4011 1248 4051 vero
1289 3996 1468 4050 Patris
1502 4008 1662 4051 vocat
1695 4013 1801 4051 non
1836 3999 2009 4066 ipsam
2041 3999 2427 4065 substantiam,
2455 3996 2709 4067 qum'una
2744 3996 2829 4054 esi
2867 4010 2923 4054 et
2956 4000 3144 4051 eadem
3198 3998 3253 4049 in
3297 3996 3493 4059 tribus,
3549 3996 3656 4049 sed

378 4081 492 4139 rein
520 4065 720 4139 Patris,
750 4077 812 4139 et,
836 4082 959 4139 rem
991 4066 1135 4139 Filii,
1161 4077 1218 4121 et
1260 4083 1374 4139 rem
1423 4066 1658 4139 Spiritus
1693 4065 1868 4123 sancti
1901 4078 2060 4122 vocat
2094 4065 2486 4137 pr0prtetates,
2514 4084 2634 4139 quae
2660 4071 2712 4122 in
2746 4071 2947 4124 divinis
2970 4068 3227 4124 Personis
3250 4070 3500 4139 ordinem
3534 4066 3656 4118 ori-

374 4136 521 4203 ginis
552 4136 683 4210 _sive
734 4138 984 4206 principii
1019 4137 1282 4210 intereas
1319 4138 1643 4210 designant;
1698 4140 1842 4193 unde
1890 4136 2215 4193 nationales
2243 4136 2608 4210 proprietaies
2656 4142 2773 4195 sive
2812 4151 2969 4195 actus
3011 4140 3302 4210 gicuntnr,
3348 4137 3479 4210 quia
3521 4145 3657 4189 sunt

376 4207 599 4279 proprie
628 4211 880 4279 notiones
909 4211 1026 4279 sive
1063 4206 1485 4279 designationes
1502 4223 1884 4279 personarum,
1926 4218 1994 4277 ιιι⁵
2024 4206 2303 4278 proprium
2339 4206 2524 4263 Patris
2563 4220 2646 4265 est
2693 4225 2959 4279 generare
3010 4207 3233 4279 Filium,
3282 4206 3505 4279 propria
3564 4216 3659 4260 est

374 4278 633 4351 nativ_itas
665 4277 880 4351 Filiiex
908 4277 1093 4341 Patre,
1138 4289 1192 4331 et
1214 4276 1696 4351 pr0p_riaSpiritus
1726 4279 1901 4334 sancti
1945 4276 2229 4347 processio
2260 4296 2327 4335 ex
2363 4296 2470 4334 uno
2508 4276 2781 4351 principio
2813 4280 2976 4334 Patre
3006 4289 3062 4334 et
3086 4277 3261 4351 Filio;
3303 4280 3418 4351 haec
3449 4277 3655 4351 dicun-

375 4356 464 4400 tur
492 4347 681 4403 Grtece
703 4348 978 4419 χρήματα
997 4348 1376 4421 γνωριστικά,
1402 4347 1463 4421 ιιι
1486 4359 1590 4421 est,
1620 4366 1701 4404 res
1733 4352 1849 4405 sive
1875 4358 2028 4402 actus
2056 4351 2371 4421 nationum.
2404 4347 2521 4405 ﬂes
2540 4347 2709 4415 enim,
2739 4363 3035 4421 quatenus
3053 4349 3287 4418 pertinet
3310 4349 3394 4421 _ad
3425 4347 3656 4421 retalia-

376 4433 525 4492 netn,
554 4416 791 4492 numero
819 4416 1063 4492 pluria—in
1095 4420 1425 4492 praedicatur
1452 4420 1508 4474 in
1537 4419 1775 4485 divinis;
1809 4431 2031 4474 sanctus
2063 4418 2303 4476 Thomas
2330 4423 2502 4492 prima
2533 4433 2707 4491 parte,
2748 4416 2946 4491 quaest.
2975 4416 3067 4484 39,
3102 4421 3261 4492 artic.
3309 4419 3366 4483 5,
3395 4416 3561 4492 adi):
3596 4421 3654 4471 ln

374 4488 463 4541 bis
496 4489 662 4558 igitur
692 4505 799 4543 non
828 4487 917 4546 est
944 4489 1327 4559 reciprocatio,
1367 4505 1546 4559 neque
1570 4492 1955 4555 communitas,
1990 4504 2091 4545 nec
2119 4492 2171 4544 in
2207 4487 2343 4560 ipsis
2388 4487 2705 4549 nominibus
2750 4487 2955 4549 Patris.
3002 4503 3059 4546 et
3099 4489 3247 4552 Filii,
3295 4499 3353 4545 et
3401 4487 3654 4557 Spiritus

375 4570 575 4623 sancti,
603 4574 704 4613 nec
734 4561 787 4614 in
822 4576 1013 4616 eorum
1046 4563 1232 4624 rebus,
1265 4559 1317 4613 id
1342 4569 1426 4614 est
1460 4562 1516 4615 in
1550 4576 1742 4617 eorum
1776 4562 2014 4625 actibus,
2045 4562 2161 4617 sive
2190 4559 2400 4627 usibus,
2428 4566 2570 4618 unde
2596 4572 2839 4617 manant.
2882 4560 2995 4617 Nec
3035 4563 3180 4616 enim
3217 4574 3415 4615 nomen
3470 4560 3655 4613 Patris

376 4631 633 4706 convenit
674 4629 849 4706 _Fil_i_o,_
884 4647 1061 4706 neque
1086 4629 1206 4685 Filii
1250 4645 1449 4706 nomen
1481 4634 1733 4687 convenit
1760 4631 1941 4706 Patri;
1988 4634 2115 4700 quia
2146 4646 2323 4702 neque
2349 4648 2616 4704 generare
2644 4634 2768 4689 Filii
2808 4645 2916 4700 est,
2947 4647 3126 4704 neque
3155 4631 3410 4702 generari
3439 4627 3652 4684 Patris.

378 4696 640 4773 Similiter
673 4700 725 4752 in
759 4696 1208 4771 Spiritn’sancto,
1239 4702 1331 4773 qui
1357 4703 1425 4756 ab
1457 4709 1687 4771 utroque
1712 4696 1978 4773 procedit.

451 4769 547 4846 list
575 4769 835 4846 praeterea
864 4769 1520 4846 observatione'dignnm,
1552 4769 1830 4842 quod'hic
1873 4776 1949 4828 ait
1998 4772 2312 4846 Dionysius,
2346 4776 2581 4832 discreta
2623 4789 2745 4832 esse
2792 4778 2847 4831 in
2879 4777 3082 4832 divinis
3120 4773 3545 4846 nomeanatris
3594 4780 3655 4846 et

377 4840 600 4907 χρῆμα,
621 4840 689 4916 _id
721 4852 808 4916 est
834 4858 959 4902 rem,
993 4853 1048 4895 et
1073 4857 1268 4916 nomen
1306 4840 1431 4896 Filii
1458 4853 1513 4897 et
1546 4840 1696 4909 rem;
1738 4845 1866 4899 item
1905 4859 2100 4898 nomen
2133 4840 2370 4916 Spiritus
2416 4851 2588 4903 sancti
2633 4858 2688 4903 et
2725 4861 2863 4901 rem.
2892 4851 3027 4903 Cum
3065 4862 3212 4901 enim
3266 4845 3417 4914 prius
3463 4844 3656 4913 posuit

381 4923 579 4988 aetnaea
615 4908 815 4975 Patris,
843 4923 898 4965 et
923 4929 1118 4966 nomen
1148 4912 1293 4977 Filii,
1316 4922 1373 4968 et
1405 4929 1605 4988 nomen
1637 4908 1876 4983 Spiritus
1902 4919 2099 4981 sancti,
2129 4908 2190 4972 et-
2206 4930 2395 4986 postea
2444 4921 2686 4973 secundo
2717 4918 2839 4974 loco
2878 4920 3059 4988 posuit
3084 4908 3309 4987 χρῆμά,
3341 4917 3393 4969 id
3421 4908 3650 4988 estrem

382 4977 580 5060 Patris,
612 4994 731 5060 qua:
765 4992 1153 5060 estgeuerare,
1181 4991 1376 5060 εει-τευ]
1402 4983 1524 5039 Filii
1556 4977 1693 5060 qua:-
1718 4997 1803 5040 est
1846 4977 2115 5056 generari,
2149 4977 2223 5043 et-
2240 5005 2350 5042 rem
2383 4991 2621 5058 Spiritus
2650 4991 2825 5044 sancti
2855 4977 2974 5058 quae
3003 4977 3457 5060 est'procedere;
3486 4987 3652 5060 plane

386 5055 568 5105 docuit
618 5053 670 5103 id
726 5056 869 5119 quod
928 5064 1152 5107 sanctus
1196 5052 1436 5109 Thomas
1494 5052 1660 5111 etiam
1723 5052 1935 5123 tradit,
1986 5060 2138 5126 prius
2183 5072 2239 5114 et
2272 5052 2626 5130 pt'incipalius
2676 5052 2978 5115 secundum
3036 5052 3257 5117 modum
3306 5052 3650 5127 intelligendi

455 5228 525 5281 ιι
556 5228 683 5283 Cor.
726 5242 842 5291 vm,
876 5228 928 5281 5.
1002 5224 1074 5281 ιιι
1104 5228 1227 5283 Cor.
1259 5247 1319 5295 ιι,
1348 5231 1399 5286 6.

1673 5341 1906 5397 VARIIE
1940 5341 2240 5399 LECTIUN
2247 5343 2351 5400 ES.

461 5490 527 5569 ’ξ’
552 5487 699 5576 [qam
717 5487 1012 5559 ἡνωμέναι.
1043 5485 1202 5543 Ευιτ.
1233 5487 1473 5543 ΡΑτιιοι..
1551 5488 1595 5519 ³⁸
1624 5487 2016 5576 ἐκφαινουσῶν,
2048 5486 2105 5545 3-.
2138 5488 2199 5544 D-

461 5490 527 5569 ’ξ’
552 5488 699 5611 ϊορως
717 5488 1012 5559 ἡνωμέναι.
1043 5488 1202 5543 Enl'r.
1233 5488 1473 5543 PATROL.
1551 5488 1595 5519 ³⁸
1624 5488 2016 5576 ὲκφαινουσῶν,
2048 5488 2105 5545 S.
2138 5488 2199 5544 D.
2296 5488 2341 5521 ’9
2366 5488 2426 5542 τὸ
2452 5490 2629 5544 πᾶσαν
2656 5490 3000 5569 θεουργικήν,
3031 5494 3090 5553 S.
3131 5495 3191 5551 P.
3271 5497 3317 5530 ⁸ο
3350 5498 3453 5569 τῆς
3480 5498 3643 5573 θεαρ-

388 5576 566 5631 χικης,
637 5596 656 5612 .
2034 5572 2054 5579 ’

458 5720 569 5791 βῖ)
607 5721 689 5777 Ad
733 5736 855 5790 cap.
880 5722 935 5791 4,
961 5722 1079 5780 dec.
1111 5721 1162 5789 9,
1192 5720 1566 5791 Cyparissioti.

3674 5662 3703 5689 κ
