3876 6226
146 300 258 375 6'53
606 282 609 285 λ
896 324 983 379 DE
1015 324 1267 381 DlVlNlS
1300 324 1693 391 NOMINIBUS,
1730 305 1882 384 CAP.
1924 328 1991 384 ιι.
2029 306 2098 371 ξ-
2129 326 2455 383 CORDERII
2491 327 2721 385 now.
3320 335 3424 395 est

145 440 422 518 distingui
449 443 791 518 _hypostases
823 442 1035 518 divinas
1078 458 1177 518 per
1210 444 1500 497 relationes
1528 459 1693 518 quam
1732 457 1839 518 per
1875 444 2136 513 origines,
2187 443 2301 498 sive
2324 454 2490 518 actus
2544 445 2872 518 notionales,
2930 460 3066 511 quos
3112 447 3415 518 Dionysius

142 514 487 586 signiﬁca:in
509 513 736 569 nomine
768 513 1117 585 χρήματος·(
1133 516 1402 579 interpres
1444 530 1571 568 vero
1604 515 1863 586 Dionysii,
1894 530 2054 581 quem
2081 525 2301 569 sanctus
2323 514 2561 570 Thomas
2590 516 2802 583 habuit,
2827 518 2987 569 vertit
3017 515 3220 586 χρῆμα
3244 513 3422 581 usum,

139 594 384 657 sanctus
407 583 646 639 Thomas
677 601 834 638 usuin
875 583 1113 657 mutavit
1144 587 1196 639 in
1230 595 1403 638 actum
1443 594 1499 638 et
1536 583 1851 657 originem);
1882 586 2312 654 distinguuntur,
2354 587 2595 653 inquam,
2643 588 2797 655 prius
2842 597 2897 641 et
2937 583 3296 656 principalius
3327 604 3426 657 per

141 654 458 709 relationes
498 670 657 720 quam
688 670 785 723 per
816 655 1117 709 notionales
1144 657 1420 724 origines;
1453 656 1586 726 quia
1620 654 1913 726 relationes
1944 656 2281 709 constituunt
2313 670 2597 724 personas,
2626 654 2750 711 eum
2793 659 2902 712 sint
2947 660 3076 726 ipsa:
3119 654 3424 713 relationes

138 740 414 793 persona:
446 726 825 787 subsistentes,
864 733 1018 778 actus
1046 740 1176 781 vero
1207 726 1533 788 notionales,
1558 724 1720 795 325
1758 726 1884 779 licet
1918 727 2030 779 sint
2056 727 2195 779 idem
2229 742 2287 779 re
2314 742 2436 780 cum
2478 726 2865 791 relationibus,
2908 724 3088 784 tamen
3122 730 3422 791 secundum

138 798 380 857 modum
412 795 754 863 signiﬁcandi
785 805 839 849 et
870 795 1203 866 intelligendi
1238 811 1342 849 non
1378 797 1716 849 constituunt
1764 811 2042 861 personas,
2077 812 2197 849 cum
2237 798 2359 867 sint
2394 797 2636 865 origines
2666 812 2877 862 earum,
2906 799 3023 853 sive
3062 800 3216 867 origo
3255 800 3426 867 signi-

149 868 356 921 ﬁcetur
386 869 582 931 active,
614 877 672 921 ut
698 868 1001 935 generatio,
1030 882 1152 935 qua
1184 877 1439 933 tanquam
1470 877 1625 921 actus
1658 867 1948 920 notionalis
1980 868 2297 919 attribuitur
2338 866 2507 927 Patri.
2538 878 2594 921 et
2620 868 2872 936 Spiratio,
2920 883 3043 937 quae
3094 866 3421 924 attribuitur

148 937 306 991 Patri
344 946 398 989 et
423 937 589 1001 Filio;
631 938 748 991 sive
794 938 1032 1005 passive,
1060 947 1119 991 ut
1145 938 1426 1002 nativitas,
1459 946 1611 990 aclus
1642 938 1937 992 notionalis
1968 938 2059 1006 qui
2090 937 2409 991 attribuitur
2439 938 2598 1005 Filio,
2623 949 2677 993 et
2706 941 3002 1005 processio,
3038 938 3265 1007 Spiritui
3292 956 3423 993 san-

145 1020 262 1063 cto.
298 1007 554 1072 Origines
584 1008 743 1079 enini
768 1008 1065 1079 secundum
1116 1011 1382 1062 rationein
1432 1007 1767 1079 intelligendi
1800 1017 1953 1062 extra
1998 1025 2061 1061 ea
2112 1017 2236 1061 sunt
2266 1023 2497 1076 quorum
2530 1019 2655 1063 sunt
2689 1011 2954 1079 origines,
2987 1025 3110 1063 cum
3140 1010 3210 1064 sit
3238 1012 3417 1079 origo,

146 1080 301 1133 sicut
337 1079 414 1131 ait
439 1088 661 1133 sanctus
703 1077 966 1140 Thomas,
1004 1078 1092 1132 via
1122 1079 1373 1147 quaedam
1400 1093 1427 1130 a
1459 1092 1539 1141 re,
1568 1086 1660 1131 aut
1693 1078 1759 1131 ad
1792 1093 1907 1132 rem
1940 1118 1954 1140 ,
2000 1088 2059 1131 ut
2119 1080 2404 1146 generatio
2444 1077 2799 1146 signiﬁcatur“
2829 1090 2888 1134 ut
2930 1079 3014 1133 via
3058 1077 3419 1148 quaedam—ad

144 1150 401 1217 genitum
444 1151 745 1217 procedens
777 1164 806 1202 a
862 1160 1177 1220 generante.
1216 1148 1407 1215 Itaque
1445 1164 1528 1202 res
1568 1148 1745 1201 Patris
1785 1160 1870 1203 est
1906 1164 2171 1220 generare
2209 1148 2434 1217 (χρῆμα
2470 1151 2637 1220 enim,
2680 1160 2737 1204 ut
2766 1150 2875 1205 dixi
2904 1191 2918 1216 ,
2954 1167 3063 1203 rem
3098 1150 3416 1219 signiﬁcat),

148 1235 242 1274 res
273 1219 397 1272 Filii
428 1230 511 1273 est
538 1220 778 1289 genitum
802 1234 942 1281 esse,
976 1234 1061 1273 res
1094 1218 1330 1285 Spiritus
1377 1220 1550 1290 saucii
1586 1218 2035 1290 procetlereXSic
2062 1218 2360 1290 Gregorius
2392 1222 2445 1274 in
2479 1218 2740 1274 Oratione
2768 1222 2944 1290 prima
2968 1222 3033 1274 de
3065 1218 3202 1275 Filio
3231 1238 3245 1275 :
3276 1240 3293 1271 ί
3336 1222 3419 1285 Ex

144 1305 261 1361 non
297 1290 553 1354 habente,
582 1290 778 1358 inquit,
814 1304 1058 1361 causam,
1096 1290 1145 1342 id
1171 1299 1344 1361 estex
1380 1289 1563 1361 Patre,
1589 1289 1801 1343 accedit
1840 1306 1928 1346 res
1958 1289 2263 1361 nativitatis
2300 1310 2312 1344 :
2365 1309 2384 1342 ι
2418 1293 2485 1344 de
2521 1290 2657 1345 Filio
2692 1292 2956 1360 loquitur.
3002 1290 3250 1361 Πρᾶγμα
3281 1308 3421 1360 γεν-

136 1360 392 1433 νήσεως
414 1362 648 1433 vocavit,
679 1362 822 1430 quod
872 1360 1161 1431 Dionysius
1190 1359 1410 1433 χρῆιέα.
1445 1358 1667 1433 Signiﬁc

1891 1378 1922 1415 n
1966 1360 2207 1429 πρᾶγμα
2254 1372 2487 1433 actuum
2512 1377 2540 1415 a
2568 1358 3059 1433 tverbo‘rrpditrw,’
3084 1358 3228 1416 unde
3271 1358 3421 1433 recte

146 1431 393 1497 theologi
446 1431 621 1484 Latini
662 1441 835 1484 actum
876 1430 1093 1502 vocant.
1128 1432 1271 1499 quod
1311 1431 1485 1486 Graeci
1529 1446 1637 1502 rent
1667 1447 1685 1493 ;
1723 1432 1863 1502 idem
1918 1434 2062 1486 enim
2096 1433 2319 1487 verbum
2367 1430 2611 1502 πρᾶγμα
2638 1430 2928 1502 utrumque
2959 1433 3252 1502 significat.
3286 1430 3420 1495 Haec

144 1504 365 1564 notavi,
395 1505 521 1568 quia
554 1518 658 1555 non
694 1516 885 1571 parum
925 1500 1115 1562 refert,
1149 1501 1408 1555 vocabula
1439 1501 1658 1570 propria
1698 1500 1929 1569 alicujus
1959 1502 2203 1558 scientiae
2232 1503 2453 1557 callere.

223 1573 365 1626 Nota
402 1573 600 1626 ibidem
641 1573 889 1641 proxima
930 1572 1032 1625 ista
1068 1573 1234 1627 verba
1271 1591 1285 1626 :
1320 1572 1412 1625 Est
1442 1584 1696 1639 prwterea
1731 1572 1963 1627 discreta
1999 1589 2060 1625 ac
2086 1574 2358 1637 distincta,
2390 1573 2648 1642 perfecta,
2682 1575 2815 1626 sicut
2850 1576 2905 1628 in
2937 1574 3109 1639 nobis,
3139 1583 3191 1633 et
3216 1576 3412 1629 immu-

145 1645 340 1697 tabilis
376 1642 503 1695 Iesu
544 1646 795 1704 essentia,
821 1651 865 1696 et
890 1659 1215 1711 quarumque
1236 1654 1357 1696 sunt
1389 1643 1641 1710 mysteria
1670 1643 2047 1697 substantialia
2070 1642 2419 1697 humanitatis
2449 1646 2565 1713 ejus
2586 1684 2601 1709 ,
2629 1645 2715 1698 tibi
2747 1655 2999 1699 naturam
3031 1645 3323 1699 humanam
3359 1644 3416 1703 in

143 1715 373 1770 Christo
399 1713 687 1785 perfectam
709 1714 860 1785 dicit,
885 1723 1074 1768 contra
1098 1713 1491 1782 Apollinarium
1515 1730 1531 1776 ;
1566 1714 1693 1782 quia
1719 1714 1909 1785 habuit
1931 1730 2131 1783 corpus
2158 1715 2447 1781 prmditum
2474 1717 2655 1771 anima
2692 1716 2940 1769 rationali
2973 1727 3027 1769 et
3054 1715 3413 1785 intelligente,

146 1786 301 1840 sicut
342 1800 441 1837 nos
480 1784 778 1847 habemus;
814 1784 1215 1855 immutabilem,
1243 1794 1429 1838 contra
1458 1785 1592 1840 alios
1622 1784 1932 1845 haereticos,
1971 1786 2061 1851 qui
2097 1786 2354 1839 dixerunt
2388 1793 2639 1839 naturain
2683 1786 2975 1839 humanam
3005 1788 3074 1839 ab
3108 1784 3415 1855 ipso’prin;

142 1857 297 1924 cipio
342 1855 563 1908 unioriis
615 1855 814 1908 victam
846 1868 968 1909 esse
990 1871 1021 1909 a
1053 1855 1261 1917 divina,
1291 1866 1346 1909 et
1379 1856 1580 1910 factam
1615 1855 2108 1925 incorruptibilem,
2141 1855 2283 1923 quod
2302 1866 2434 1925 erat
2463 1870 2661 1925 negare
2707 1858 2990 1910 veritatem
3030 1857 3284 1910 humana:
3316 1874 3417 1925 nae

146 1923 313 1993 tu’rze,
344 1925 595 1993 negando
626 1926 1017 1996 proprietatem
1050 1926 1186 1996 ejus.
1220 1925 1318 1980 llic
1348 1925 1450 1979 fuit
1475 1925 1728 1980 Julianus
1754 1924 2227 1996 Halicarnasseus.
2261 1924 2521 1996 Mysteria
2539 1923 2722 1979 autem
2755 1926 3131 1981 substantia/ia
3160 1923 3413 1986 humani;

144 1998 280 2051 tatis
311 1996 429 2065 ejus
457 2007 619 2050 vocat
655 1995 837 2060 sitire,
868 1996 1104 2058 esurire,
1139 1995 1450 2065 defatigari,
1480 1996 1780 2055 vulnerari,
1816 2006 1873 2049 et
1914 1996 2124 2064 reliqua
2154 1994 2442 2063 ejusmodi,
2488 2012 2607 2065 qua:
2638 2012 2764 2051 rere
2790 2012 2980 2065 passus
3008 2005 3094 2052 est
3138 1997 3411 2063 Christus,

141 2079 202 2123 et
227 2066 361 2121 'non
389 2065 738 2138 phantastice
766 2066 1066 2138 secundum
1103 2067 1417 2133 haereticos;
1470 2067 1738 2138 quamvis
1754 2068 1835 2121 bre
1868 2068 2153 2136 passiones
2200 2076 2451 2120 naturam
2493 2067 2735 2120 divinam
2767 2081 2874 2122 non
2925 2067 3246 2138 attigerunt,
3280 2082 3407 2129 cum

140 2146 301 2193 esset
352 2136 554 2207 alioqui
596 2138 681 2209 in
709 2139 897 2192 eadem
946 2137 1251 2209 hypostasi,
1296 2152 1326 2209 a
1367 2136 1609 2208 qua'non
1638 2136 1927 2209 dilferebat
1968 2138 2067 2193 uisi
2112 2138 2326 2192 ratione
2378 2146 2587 2209 tantum
2608 2147 2673 2209 et
2703 2136 3054 2209 cogitatione.
3079 2136 3411 2209 Huiusmodi

140 2210 315 2264 etiam
354 2206 785 2262 suntambulare
813 2206 1181 2278 super'undas
1218 2210 1264 2275 ί,
1301 2206 1512 2278 ingredi
1546 2207 1886 2277 perjanuain
1916 2209 2156 2263 clausam
2188 2210 2255 2262 ad
2282 2208 2580 2278 discipulos
2605 2206 2676 2278 κς
2708 2208 2823 2262 haec
2847 2208 2990 2261 enim
3019 2207 3281 2262 miracula
3314 2225 3414 2278 per

139 2294 372 2350 carnem
417 2290 675 2350 operauis
706 2288 792 2333 est
818 2277 1071 2332 Christus
1118 2294 1216 2333 sua
1247 2276 1559 2334 divinitate.
1614 2297 1635 2350 (ί
1670 2281 1748 2332 Ex
1782 2279 1867 2332 his
1898 2279 2244 2335 manifestum
2281 2279 2340 2331 lit
2390 2276 2593 2348 (inquit
2635 2276 3081 2350 Cyparissiotus,
3110 2276 3332 2334 decadis
3378 2280 3414 2341 9

141 2366 198 2404 c.
228 2349 291 2419 4)
326 2349 471 2417 quod
504 2349 558 2403 in
586 2348 878 2414 Trinitate,
913 2362 1034 2420 qua;
1056 2360 1143 2403 est
1169 2365 1332 2420 supra
1372 2349 1758 2414 substantiam,
1792 2365 2024 2419 persona
2047 2360 2101 2404 et
2134 2350 2437 2404 substantia
2470 2366 2574 2404 non
2602 2348 2729 2402 sunt
2758 2349 2898 2403 idem
2928 2348 3139 2402 ratione
3169 2358 3226 2404 et
3256 2350 3413 2420 cogi-

139 2421 375 2485 latione,
414 2427 541 2473 sunt
574 2428 755 2474 tamen
786 2434 846 2473 re
876 2428 931 2474 et
957 2419 1284 2474 substantia.
1318 2420 1583 2475 Similiter
1612 2429 1724 2474 tres
1746 2420 1942 2475 lellliB
1974 2435 2220 2490 persona:
2243 2420 2386 2473 inter
2432 2435 2491 2473 se
2519 2434 2626 2473 non
2659 2421 3054 2475 discernuntur
3080 2433 3139 2474 re
3182 2428 3238 2477 et
3284 2419 3414 2473 sub-

137 2491 383 2554 stantia,
415 2492 512 2543 sed
549 2491 764 2544 ratione
797 2498 1002 2543 tantum
1032 2500 1085 2543 et
1113 2491 1482 2560 cogitatione;
1515 2490 1750 2545 essentia
1798 2490 1944 2545 enim
1976 2506 2166 2544 earum
2200 2504 2305 2543 una
2353 2499 2461 2554 est,
2492 2490 2587 2544 sed
2642 2506 2750 2543 non
2795 2496 3112 2560 estrearum
3155 2490 3299 2544 inter
3349 2506 3410 2545 se

138 2559 556 2629 reciprocatio;
598 2559 808 2615 idcirco
847 2576 954 2614 non
989 2568 1170 2628 potest
1190 2559 1399 2616 cadere
1432 2563 1485 2615 in
1511 2576 1604 2616 eas
1634 2560 1741 2613 alia
1779 2562 2075 2629 0pp0sitio,
2106 2560 2211 2614 nisi
2241 2575 2430 2614 eorum
2455 2576 2575 2628 qua:
2598 2570 2724 2614 sunt
2754 2560 2823 2614 ad
2847 2559 3075 2627 aliquid.
3104 2559 3238 2613 Aliae
3261 2562 3411 2615 enim

133 2631 523 2700 oppositiones
552 2646 659 2685 non
692 2639 1052 2703 assumuntur
1078 2632 1198 2686 sine
1238 2632 1501 2696 materia;
1534 2632 1907 2703 oppositiones
1937 2646 2068 2686 vero
2112 2632 2166 2685 in
2203 2632 2266 2685 iis
2293 2646 2413 2699 quae
2438 2641 2573 2703 sunt
2602 2632 2671 2685 ad
2704 2631 2934 2703 aliquid,
2972 2630 3211 2699 quodam
3245 2632 3413 2686 modo

134 2703 454 2772 consistunt
494 2717 660 2771 supra
705 2700 1027 2765 materiam;
1071 2704 1198 2769 quia
1231 2703 1285 2756 in
1334 2706 1435 2756 hac
1461 2701 1808 2771 oppositione
1839 2717 1945 2756 non
1977 2702 2251 2756 dirimitur
2292 2700 2597 2770 copulatio;
2629 2702 2756 2772 quia
2788 2715 2911 2772 esse
2941 2710 3247 2772 earumest
3270 2718 3411 2770 quo-

136 2774 269 2826 dam
306 2771 469 2825 modo
501 2768 578 2827 se'
599 2773 806 2828 habere
835 2772 902 2825 ad
936 2768 1163 2840 aliquid.
1211 2793 1229 2825 ι
1264 2774 1319 2827 in
1353 2788 1462 2841 quo
1491 2768 1898 2842 cyparissiotus
1938 2774 2161 2827 omnino
2188 2768 2465 2826 consentit
2496 2786 2618 2826 cuin
2644 2768 2801 2826 'divo
2834 2768 3063 2824 Tlioma.
3098 2769 3236 2825 Nam
3266 2768 3411 2841 qua-

137 2853 305 2897 tenus
353 2852 467 2895 tres
487 2844 742 2898 Persona:
771 2843 966 2896 divinae
1004 2845 1147 2897 idem
1176 2860 1234 2897 re
1265 2855 1318 2897 et
1344 2845 1650 2898 substantia
1679 2853 1828 2906 sunt,
1858 2843 1939 2898 sic
1974 2858 2082 2896 non
2114 2843 2533 2909 distinguuntur
2558 2843 2701 2896 inter
2728 2856 2788 2895 se
2812 2843 2917 2895 nisi
2954 2842 3165 2895 ratione
3196 2851 3407 2897 tantum

131 2922 194 2966 et
218 2912 583 2983 cogitatione,
608 2922 668 2966 ut
690 2910 925 2965 allirmat
949 2924 1175 2968 sanctus
1208 2914 1468 2979 Thomas,
1494 2924 1649 2983 parte
1677 2928 1718 2977 ι,
1752 2925 1946 2981 quaest.
1974 2914 2067 2976 39,
2095 2914 2251 2967 artic.
2293 2916 2345 2977 I,
2380 2913 2449 2966 ad
2482 2913 2532 2979 l,
2560 2928 2683 2967 cum
2713 2912 2849 2967 dicit
2882 2929 2895 2965 :
2933 2911 3253 2967 Relationes
3278 2914 3410 2981 ipsa;

134 2999 247 3036 non
296 2982 712 3050 diStinguuntur
754 2983 820 3035 ad
858 2984 1091 3054 invicem
1140 2987 1435 3039 secundum
1472 2982 1617 3054 quod
1645 2995 1773 3038 sunt
1806 2985 1949 3039 idem
1985 2984 2205 3039 realiter
2240 2998 2366 3037 cum
2399 2983 2683 3047 essentia;
2718 2983 3016 3041 relationes
3044 2991 3227 3054 autem
3261 2984 3406 3039 idem

130 3062 272 3107 sunt
300 3068 361 3109 re
390 3066 514 3124 cum
546 3053 819 3124 personis.
847 3052 1125 3120 Quatenus
1149 3068 1280 3110 vero
1310 3052 1619 3117 relationes,
1670 3058 1789 3124 qnie
1837 3054 1894 3108 in
1927 3055 2128 3110 divinis
2156 3063 2284 3108 sunt
2335 3067 2432 3124 per
2476 3068 2537 3108 se
2578 3055 2971 3113 subsistentes.
3003 3052 3409 3124 oppositionein

134 3124 363 3198 habent
388 3123 456 3176 ad
483 3123 740 3198 invicem,
773 3124 1294 3198 distiiictierealiter
1316 3138 1443 3181 sunt
1468 3136 1522 3179 et
1553 3123 1813 3195 personas
1856 3127 2081 3198 reaiiter
2116 3123 2479 3198 distinguunt,
2514 3134 2571 3193 et
2596 3140 2703 3198 una
2735 3137 2967 3193 persona
3001 3139 3109 3198 non
3151 3130 3235 3176 est
3260 3123 3406 3194 alia;

131 3194 253 3247 hoc'
276 3192 428 3248 enim
457 3192 541 3248 est
569 3196 714 3265 quod
754 3195 832 3248 ait
864 3193 1269 3263 Cyparissiotus
1305 3212 1429 3251 cum
1459 3192 1704 3251 doctrina
1743 3198 1917 3251 sancti
1945 3197 2168 3251 'l‘honia:
2196 3192 2567 3250 consentiens.
2601 3196 2705 3249 Sed
2735 3192 2927 3249 earum
2968 3194 3183 3250 scilicet
3207 3192 3406 3263 persoi

132 3280 351 3337 uarum
374 3280 482 3337 non
506 3275 588 3319 est
620 3267 765 3337 inter
790 3267 1269 3337 sereciprocatio,
1301 3276 1575 3337 quatenus
1609 3267 1818 3337 scilicet
1846 3268 1899 3321 in
1933 3283 2027 3321 eas
2050 3267 2195 3321 cadit
2223 3266 2497 3335 oppositio
2522 3266 2875 3337 relatiouuin.

205 3335 234 3405 §
283 3334 376 3407 ιν,
408 3335 645 3390 Pulchre
674 3336 1006 3390 describitur
1048 3337 1236 3407 iuti_ma
1283 3334 1337 3392 ei
1383 3336 1785 3407 perfectissima
1819 3337 2139 3392 inhabitatio
2172 3334 2332 3389 unius
2362 3351 2627 3407 persome
2660 3337 2714 3407 iu
2761 3336 2890 3399 alia,
2915 3342 2970 3389 et
3012 3350 3043 3391 e
3086 3349 3401 3406 converso;

130 3422 303 3473 quani
338 3405 716 3461 Damascenus
744 3407 884 3462 libro
913 3408 1090 3476 primo
1119 3405 1278 3461 Fidei
1307 3405 1637 3472 ori/iodoxw,
1666 3423 1805 3475 cap.
1826 3411 1882 3462 11
1909 3450 1924 3474 ,
1964 3418 2123 3462 vocat
2160 3405 2584 3474 περιχώρησιν,
2619 3406 2671 3460 id
2716 3414 2822 3471 est,
2850 3414 2913 3459 ut
2939 3408 3250 3462 scholastici
3276 3422 3404 3462 ver-

132 3487 287 3548 t_unt_,_
315 3477 889 3531 circuminsessionem.
921 3477 996 3531 De
1026 3492 1136 3546 quo
1168 3482 1428 3547 mysterio
1469 3481 1708 3548 disputat
1740 3478 1978 3534 Hilarius
2016 3479 2112 3531 lib.
2140 3494 2191 3532 iv
2217 3479 2294 3531 De
2334 3476 2503 3544 Trin.,
2532 3488 2587 3531 et
2614 3486 2841 3531 sanctus
2879 3479 3218 3545 Augustinus
3250 3478 3287 3531 l.
3343 3494 3400 3533 v1

130 3546 211 3598 De
244 3545 469 3620 Triuia,
494 3561 545 3602 c.
581 3548 678 3620 ult.
710 3566 725 3601 :
762 3567 781 3600 ι
822 3545 1070 3616 Singula,
1098 3545 1293 3619 inquit,
1326 3552 1532 3605 suntin
1557 3545 1789 3620 Singulis
1817 3550 2087 3620 personis,
2119 3548 2301 3605 omnia
2339 3550 2395 3601 iu
2428 3548 2681 3616 singulis,
2712 3556 2769 3601 et
2793 3548 3008 3619 singula
3032 3552 3089 3602 in
3118 3549 3421 3616 omnibus,

128 3626 188 3670 et
216 3618 407 3671 omnia
442 3620 495 3671 in
525 3618 797 3682 omnibus,
831 3628 884 3672 et
916 3633 1082 3672 unum
1110 3618 1316 3675 omnia.
1347 3639 1366 3672 ι

204 3688 350 3763 Nota
375 3697 584 3763 _autem
607 3692 674 3743 ad
709 3690 855 3763 hunc
890 3690 1071 3763 locum
1103 3688 1370 3763 Dionysii,
1391 3692 1517 3760 quia
1540 3691 1655 3747 haec
1681 3691 1945 3747 vocabula
1970 3690 2131 3763 μονὴ
2156 3692 2254 3759 καὶ
2288 3689 2548 3758 ἵδρυσις,
2574 3689 2639 3763 id
2670 3698 2755 3742 est
2782 3689 2987 3744 mansio
3021 3699 3069 3744 et
3103 3687 3402 3763 collocatio,

130 3759 555 3835 distinctionem
601 3773 787 3835 secum
822 3760 1025 3835 inl‘erre
1072 3759 1342 3835 videntur,
1381 3759 1433 3817 et
1473 3763 1750 3835 adglocum
1793 3759 1986 3818 referri
2016 3765 2187 3835 (quod
2232 3764 2378 3835 enim
2426 3762 2481 3814 in
2514 3762 2702 3835 aliquo
2736 3772 2943 3835 manet,
2982 3770 3037 3815 et
3068 3759 3397 3835 collocatur,

129 3845 240 3883 non
279 3830 495 3904 videtur
521 3830 811 3904 esseidein
842 3833 987 3901 quod
1013 3839 1096 3904 est
1119 3831 1271 3896 illud,
1303 3835 1356 3904 in
1385 3848 1492 3902 quo
1517 3834 1721 3901 aliquid
1750 3846 1932 3888 manet
1962 3830 2220 3904 tanquam
2253 3833 2305 3886 in
2337 3832 2476 3904 loco,
2506 3842 2561 3887 et
2590 3832 2644 3883 in
2668 3845 2775 3900 quo
2799 3830 3120 3904 collocatur)
3147 3846 3174 3904 ςί
3195 3832 3402 3904 idcirco

128 3902 539 3974 correctionem
580 3900 1146 3974 adhibuit,iiiquieiis,
1176 3906 1234 3957 εὶ
1257 3900 1417 3957 οὕτω
1435 3903 1553 3973 χρὴ
1577 3900 1781 3972 φάναι,
1807 3908 1852 3957 si
1876 3906 1950 3959 ita
1977 3900 2118 3974 loqui
2150 3904 2233 3973 fas
2254 3914 2353 3957 est.
2387 3902 2577 3968 Quoad
2607 3901 2915 3971 exemplum
2948 3911 3130 3958 autem
3163 3900 3401 3974 lumina-

128 3971 305 4044 riuin,
335 3986 444 4025 non
483 3985 548 4025 eo
576 3986 709 4044 usus
740 3981 826 4026 est
860 3971 1175 4043 Dionysius,
1209 3984 1269 4028 ut
1313 3971 1549 4044 quidaiii‘
1574 3971 1980 4041 existimarunt,
2023 3971 2320 4029 secundum
2351 3975 2663 4044 opinionem
2690 3986 2879 4044 eorum
2927 3973 3023 4044 qui
3071 3973 3392 4038 tradebant,

123 4041 320 4096 lumen
348 4055 473 4115 esse
505 4042 871 4115 substantiam
901 4041 1246 4112 corpoream,
1281 4041 1469 4103 et'uon
1495 4047 1840 4115 qualitatem.
1865 4047 2019 4112 Quod
2048 4046 2192 4100 enim
2224 4041 2406 4113 posuit
2436 4042 2727 4113 Dionysius
2758 4041 2963 4115 lumina
3011 4042 3396 4115 lainpadaruin

125 4125 229 4187 per
252 4127 317 4167 se
339 4112 605 4187 existere,
639 4126 747 4187 non
768 4114 850 4187 ad
880 4114 1087 4168 lumina
1122 4116 1334 4181 retulit,
1369 4117 1466 4171 sed
1498 4112 1564 4172 ad
1597 4117 1901 4187 lampadas,
1931 4132 2051 4186 quae
2083 4130 2178 4185 per
2206 4112 2265 4169 se
2290 4118 2554 4177 existunt,
2580 4112 2722 4187 sicut
2758 4114 2905 4168 faces
2932 4123 2987 4168 et
3016 4114 3172 4168 tedae.
3205 4113 3396 4187 itaque

125 4184 286 4238 faces
313 4185 593 4247 ardentes,
624 4185 739 4238 sive
768 4183 1050 4253 lampadas
1081 4200 1361 4255 accensas,
1385 4188 1689 4243 luminibus
1710 4183 1772 4242 in
1812 4183 1978 4242 unum
2010 4183 2320 4254 conjunctis
2352 4200 2447 4255 per
2474 4199 2533 4239 se
2574 4185 2894 4247 cxisentes,
2928 4199 3051 4238 cum
3085 4184 3397 4255 preprietaf

128 4255 287 4328 tibus
330 4255 690 4328 hypostaticis
720 4269 902 4328 per‘se
927 4254 1373 4328 subsistentibus,
1422 4259 1477 4312 in
1514 4256 1719 4313 lumine
1762 4257 2270 4328 suprasubstantiali
2319 4254 2608 4328 Trinitatis
2651 4256 2885 4328 discrete
2929 4257 3096 4328 unitis
3139 4264 3193 4307 et
3244 4254 3397 4328 unite

124 4326 410 4399 discretis,
434 4337 762 4399 comparat.
793 4325 930 4399 Nam
958 4327 1124 4399 326
1150 4329 1196 4382 si
1223 4330 1277 4381 in
1323 4330 1444 4385 aula
1470 4329 1716 4385 lucernis
1746 4325 1920 4385 tribus
1954 4329 2149 4393 illustri
2175 4327 2513 4399 deambules,
2550 4336 2659 4399 tres
2687 4326 2892 4378 umbrae
2930 4325 3217 4399 resultant.
3247 4325 3397 4378 Prae-

126 4408 307 4469 terea,
335 4396 381 4457 si
431 4394 708 4469 ingentem
751 4394 998 4454 tabularii
1017 4394 1264 4454 t—uEernis
1293 4401 1400 4457 illis
1441 4416 1706 4469 opponas,
1741 4403 1794 4456 in
1820 4400 1979 4469 cujus
2012 4402 2192 4454 medio
2215 4398 2286 4453 sit
2321 4397 2593 4469 foramen,
2625 4396 2857 4469 lucernae
2886 4404 2995 4469 tres
3024 4410 3120 4464 per
3143 4394 3390 4469 foramen

122 4467 263 4520 illud
296 4469 401 4541 tria
433 4466 641 4541 lumina
686 4478 997 4526 transverso
1032 4472 1315 4541 trajiciunt
1346 4474 1399 4527 in
1430 4465 1762 4541 oppositum.
1796 4465 1949 4527 Unde
1973 4471 2295 4539 conjicimus
2325 4468 2620 4522 emicantia
2658 4466 2879 4541 lumina
2909 4468 2962 4519 in
2993 4480 3118 4519 aere
3152 4465 3388 4541 invicem

123 4555 238 4616 non
261 4536 553 4616 confundi,
589 4542 685 4616 sed
711 4546 965 4612 quamvis
996 4535 1431 4615 sint'conjuncta
1465 4535 1606 4610 loco,
1628 4558 1771 4616 pura
1808 4554 1987 4597 tamen
2018 4535 2159 4603 esse,
2196 4554 2458 4616 suamque
2485 4538 2876 4616 proprietatem
2910 4551 3133 4616 servare
3156 4535 3302 4606 inter
3332 4553 3393 4590 se

124 4611 447 4684 discretam.
478 4613 646 4679 Quasi
685 4609 948 4684 spiritalis
988 4619 1134 4673 enim
1161 4609 1353 4672 eorum
1380 4624 1574 4669 natura
1618 4609 1771 4678 facit,
1804 4626 1863 4668 ut
1904 4628 2013 4669 non
2045 4611 2501 4684 commisceantur
2539 4609 2770 4662 invicem
2803 4609 3089 4684 iii_uovai_ii
3136 4622 3387 4684 commu-

124 4694 370 4758 nemque
412 4676 670 4753 ioriuaui,
707 4676 849 4740 Sicut
888 4689 1067 4744 solent
1095 4702 1374 4758 corporeae
1405 4686 1729 4758 qualitates;
1758 4676 2093 4758 quanquam
2112 4682 2399 4758 astrologi_
2424 4689 2637 4758 putent,
2660 4694 2696 4758 _e
2727 4676 2915 4757 inultis
2950 4680 3114 4735 radiis
3144 4682 3252 4753 vim
3288 4694 3391 4758 n_o-

123 4767 253 4805 vam
282 4752 526 4827 aliquam
560 4749 863 4824 procreari,
899 4769 1076 4813 tamen
1109 4749 1325 4815 interim
1361 4749 1466 4813 uo'u
1510 4749 1832 4812 commistis.
1857 4749 2014 4824 Quod
2049 4754 2095 4808 si
2129 4749 2356 4827 Iumina,
2385 4752 2589 4827 inquit,
2621 4749 2691 4803 ob
2725 4749 3106 4827 incorporea!"
3133 4749 3385 4827 proprie—

125 4834 323 4889 tatem,
355 4824 409 4875 iii
443 4821 674 4896 corpore
704 4821 883 4884 tamen
930 4832 1242 4895 existentia,
1273 4846 1469 4884 munus
1496 4829 1549 4882 id
1580 4821 2012 4896 consequuntur,
2044 4838 2101 4878 ut
2138 4836 2193 4879 et
2225 4825 2374 4877 unita
2408 4822 2662 4884 invicem,
2697 4827 2750 4873 et
2782 4821 2944 4879 simul
2972 4821 3210 4896 discreta
3242 4826 3390 4896 inter

122 4913 185 4975 se
210 4893 687 4975 inirabiliter'esse
714 4902 948 4975 possint,
973 4893 1343 4975 multomagis
1366 4901 1421 4955 id
1446 4902 1674 4975 habent,
1704 4893 1826 4975 qua:
1852 4900 2024 4967 magis
2047 4912 2077 4948 a
2106 4896 2430 4975 corporibus
2454 4899 2882 4973 suut'separata,
2910 4901 2969 4973 ut
2994 4893 3164 4960 ipsius
3192 4893 3392 4975 anima:

124 4970 365 5043 yirtutes
393 4980 561 5043 atque
586 4968 853 5043 seieutiae,
890 4974 1064 5043 magis
1090 4968 1414 5042 etiani'ipsze
1443 4974 1583 5025 inter
1610 4985 1670 5024 se
1708 4971 2035 5043 substantia:
2080 4968 2424 5043 animarum;
2461 4968 2633 5032 magis
2658 4968 2885 5043 insuper
2934 4968 3169 5043 invicem
3225 4968 3388 5043 intel-

122 5035 596 5112 lectusangelici;
630 5040 869 5095 maxime
894 5035 1140 5096 omnium
1171 5035 1456 5096 Trinitatis
1486 5043 1682 5095 divina:
1707 5040 1975 5104 Persona),
2012 5042 2165 5106 cujus
2185 5038 2402 5106 quidem
2431 5048 2539 5112 tam
2577 5035 2804 5112 unitatis
2831 5047 2997 5101 quam
3028 5035 3388 5112 discretionis

123 5106 551 5182 participatione
582 5117 815 5181 quadam
843 5115 1054 5183 singula
1088 5115 1343 5181 deinceps
1375 5129 1472 5181 pro
1504 5114 1665 5165 modo
1693 5128 1792 5165 suo
1835 5115 2105 5179 gradatim
2141 5112 2397 5183 unionem
2431 5106 2929 5183 discretionemque
2976 5115 3285 5183 reportant.
3323 5106 3388 5159 Et

122 5177 273 5255 quod
304 5177 556 5251 sequitur
582 5177 635 5237 iii
667 5177 969 5253 Dionysio':
1010 5184 1071 5239 Si
1101 5186 1217 5255 quis
1250 5177 1412 5237 unum
1458 5184 1756 5250 lampadem
1782 5177 1970 5235 educat
2006 5195 2034 5232 e
2072 5178 2440 5255 dorum-simul
2460 5177 2636 5255 eisibit
2658 5185 2827 5255 totum
2856 5179 3130 5255 proprium
3167 5178 3347 5229 lumen
3371 5214 3387 5237 ,

121 5246 258 5310 nihil
286 5246 580 5330 quidquam
606 5246 920 5330 creterorum
949 5246 1208 5309 luminum
1247 5256 1304 5308 in
1331 5270 1386 5308 se
1408 5255 1528 5330 ipsa
1551 5246 1708 5307 simul
1742 5254 1979 5317 trahens,
1998 5268 2088 5305 nec
2114 5251 2317 5330 aliquid
2348 5249 2430 5301 sui
2455 5247 2560 5299 illis
2595 5246 2930 5330 relinqueris,
2954 5248 3021 5299 ad
3054 5257 3379 5330 mysterium

118 5316 529 5397 lncariiatiouis
546 5326 753 5393 retulit,
777 5338 835 5381 ut
853 5327 1220 5397 Pachymeres
1242 5316 1471 5391 notavit,
1492 5316 1989 5393 interpretatusque
2010 5333 2093 5397 est
2117 5316 2438 5397 illuddoan.
2457 5330 2547 5396 xvi
2582 5336 2595 5370 :
2623 5316 2738 5385 Ego
2772 5334 2803 5368 a
2830 5316 2992 5397 λέαινα
3018 5320 3180 5397 exitii.
3206 5316 3382 5393 Filius

118 5401 270 5454 enim
306 5395 485 5450 lactus
510 5398 697 5462 homo,
721 5389 812 5467 qui
842 5410 959 5452 erat
987 5389 1077 5451 fax
1107 5398 1351 5466 quaedam
1379 5389 1732 5451 humanitatis
1753 5389 1978 5450 accensa
2008 5395 2211 5467 lumine
2237 5391 2558 5467 divinitatis,
2586 5403 2693 5467 non
2725 5389 2893 5467 traxit
2916 5402 3099 5467 secum
3129 5389 3380 5449 Patrem,

120 5484 305 5537 neque
336 5468 602 5536 Spiritum
634 5461 903 5533 sanctum,
937 5461 1437 5538 neque'quidquam
1468 5470 1751 5537 proprium
1791 5467 2094 5521 divinitatis
2127 5465 2236 5518 illis
2253 5463 2516 5539 _reliquit;
2546 5461 2677 5539 quin
2711 5463 2892 5539 potius
2918 5461 3169 5539 eamdem
3209 5467 3379 5515 totam

118 5528 503 5612 divinitatem,
531 5554 653 5607 qua:
689 5543 744 5594 in
772 5528 1191 5606 illis'est,'tulit',
1225 5528 1735 5612 manens'in'illis.
1754 5540 1839 5593 Ad
1865 5538 2012 5612 idem
2042 5528 3018 5612 mysteriuui"lucarnationis.retulit
3049 5531 3151 5581 hoc
3191 5542 3382 5612 citem-

119 5612 269 5679 plum
304 5600 565 5667 Leontius
597 5612 918 5680 monachus,
963 5600 1153 5669 auctor
1176 5600 1603 5681 eruditissimus,
1635 5612 1692 5668 iii
1723 5605 1869 5669 libro
1897 5624 2058 5681 quem
2098 5600 2296 5665 'coutt‘a
2344 5602 2655 5661 Nestorium
2706 5609 2762 5656 et
2800 5600 3103 5668 Eutychetn
3139 5600 3381 5695 scripsi}...

200 5805 219 5847 i
256 5803 450 5857 Matth.
495 5819 607 5859 xnv.
688 5802 713 5842 ι
741 5800 898 5858 Joan.
936 5816 1026 5876 ιζ.
