3876 6226
453 322 560 377 655
1635 322 1690 377 S.
1721 320 1984 376 DIONYSl

2184 314 2520 375 IOPAGITJE
3612 312 3715 374 656

455 443 626 497 Docet
654 440 830 501 enim,
854 438 933 491 sic
959 437 1296 494 substantias
1323 441 1468 493 uniri
1494 454 1651 507 posse
1683 441 1798 492 sine
1833 442 2108 494 mistione.
2150 451 2209 491 ut
2235 440 2322 492 hic
2353 439 2470 491 sine
2506 436 2760 491 mistione
2787 436 3054 490 uniuntur
3085 433 3382 507 qualitates
3415 433 3709 500 luminum,

394 524 408 540 '
452 522 508 566 et
536 510 800 562 uniunlur
832 508 1149 578 splendores
1185 511 1493 574 stellarum,
1524 511 1670 563 salva
1702 513 2042 577 proprietate
2079 511 2266 576 quanti
2299 511 2351 560 in
2383 509 2552 576 quali.

526 581 553 653 ς
584 581 645 653 νὴ.
675 581 752 634 Ad
783 576 871 634 illa
904 582 1065 653 verba
1102 600 1114 634 :
1149 581 1238 633 Est
1276 593 1450 653 autem
1483 583 1665 634 diuina
1705 576 2000 646 distinctio,
2031 581 2298 653 emanatio
2327 579 2491 632 Deum
2526 579 2710 632 decens
2734 579 2928 653 divina:
2964 578 3200 653 unionir.
3235 576 3311 630 De
3341 577 3716 653 inexplicabili

456 649 660 717 (inquit
690 661 913 705 sanctus
957 650 1245 716 Maximus)
1276 652 1565 705 Trinitatis
1611 653 1961 706 emanatione
1995 667 2171 718 usque
2200 652 2265 704 ad
2301 662 2410 706 trcs
2439 665 2701 717 personas
2747 650 3160 717 philosophatur
3194 664 3360 712 nunc,
3396 649 3540 716 quod
3573 649 3716 703 Deus

455 736 510 780 et
558 723 719 776 Pater
749 723 867 776 sine
917 732 1179 790 tempore,
1229 723 1618 777 convenienter
1663 723 1771 776 Deo
1811 732 1867 776 et
1916 734 2170 776 amanter
2204 731 2407 788 motus,
2438 721 2705 789 processit
2756 722 2820 773 ad
2873 722 3281 774 distinctionem
3328 734 3714 786 personarum,

457 799 663 860 absque
710 793 1090 846 imminutione
1116 803 1170 844 et
1197 793 1491 862 partitione
1522 795 1572 846 in
1605 809 1662 846 se
1697 803 1810 847 toto
1855 809 2103 856 manens,
2132 794 2351 862 proprio
2380 793 2498 858 ejus
2550 791 2838 862 Splendore
2860 808 3190 861 supraqnam
3224 791 3394 851 unite,
3423 798 3474 843 et
3513 806 3713 858 supra-

454 881 614 934 qnam
653 863 974 932 simpliciter
1015 861 1253 926 emisso,
1309 875 1364 916 ut
1415 866 1680 918 existeret
1737 875 1996 932 tanquam
2046 865 2223 932 imago
2282 865 2442 930 viva;
2488 874 2541 918 et
2577 861 2794 934 iSpii-itu
2842 873 3034 916 sancto
3078 879 3143 916 ex
3193 862 3355 916 Patre
3404 862 3715 934 venerande

455 931 509 992 et
559 931 884 1003 Supraqnam
948 935 1262 1002 perenniter
1334 937 1695 1002 procedente.
1744 931 1886 988 sicut
1934 935 2194 989 Dominus
2247 936 2404 989 docet
2449 952 2462 987 ε
2515 953 2530 982 ι
2573 933 2670 1003 Πολι
2707 943 2891 986 autem
2945 934 3186 987 bonitate
3249 947 3413 986 causa
3447 940 3513 986 ἐι.
3532 931 3713 1003 _origo

453 1001 695 1062 omnium
731 1001 780 1058 in
830 1001 1002 1058 tribuis
1024 1007 1279 1060 Pcrsonis
1310 1001 1506 1059 divinis
1535 1005 1886 1074 multiplicata
1917 1016 2001 1060 εει,
2030 1003 2070 1057 ι.
2108 1025 2126 1058 ι
2159 1007 2288 1060 Item
2321 1002 2939 1074 GregoriusTheologus
2969 1005 3251 1072 disputans
3297 1013 3482 1057 contra
3531 1001 3714 1056 Euno-

456 1079 620 1131 minm
651 1095 664 1128 :
703 1095 720 1127 ι
759 1076 853 1128 Est
881 1090 1013 1129 vero
1040 1075 1231 1135 etiam,
1268 1076 1468 1142 inquit,
1499 1076 1606 1129 alio
1641 1077 1800 1128 modo
1829 1077 2108 1130 distinctio
2135 1077 2339 1138 divina,
2372 1075 2646 1131 emanatio
2679 1075 2769 1127 Dei
2795 1076 2863 1128 ob
2895 1075 3119 1128 nimiam
3150 1076 3443 1128 bonitatem
3477 1074 3544 1126 ad
3573 1074 3717 1125 mul-

456 1151 731 1203 tiiormem
783 1145 1121 1198 creationem
1168 1145 1580 1213 aSpectabilem,
1613 1158 1667 1199 et
1699 1164 1803 1199 non
1835 1147 2254 1212 aspectabilem;
2291 1147 2592 1200 secundum
2640 1159 2804 1212 quam
2832 1145 2919 1209 (ιιι
2949 1146 3051 1199 Ιιοε
3097 1145 3227 1198 item
3258 1145 3377 1199 loco
3404 1145 3478 1197 ait
3511 1144 3717 1212 Diony-

453 1220 586 1282 sius)
610 1219 676 1270 ἐκ
702 1215 820 1269 τῶν
837 1215 1108 1284 μετοχῶν
1137 1217 1232 1268 καὶ
1276 1215 1393 1268 τῶν
1418 1219 1790 1285 μετεχόντων
1821 1217 1984 1285 ὑμνεῖ

2182 1217 2536 1286 ’ἀμεθέκτως
2551 1217 2938 1285 μετεχίμενα,
2956 1216 3006 1270 id
3031 1229 3112 1271 est
3134 1233 3196 1270 ea:
3216 1215 3713 1286 participationibus

451 1305 496 1345 et
519 1288 865 1354 participibus
884 1287 1174 1340 laudantur
1191 1304 1252 1340 ea
1272 1303 1390 1354 qua!
1430 1289 1815 1355 imparticipate
1846 1285 2447 1356 participanturJHunc
2469 1287 2643 1340 locum
2673 1289 2798 1340 item
2831 1289 3140 1341 edisserens
3169 1297 3392 1341 sanctus
3416 1285 3712 1338 Maximus:

456 1381 474 1412 ι
508 1359 785 1418 Trinitas,
821 1359 998 1426 inquit
1028 1397 1044 1419 ,
1071 1358 1310 1410 universi
1358 1359 1541 1427 regina
1578 1360 1645 1412 ah
1688 1358 1754 1412 iis
1781 1375 1901 1427 quae
1935 1358 2266 1424 participare
2313 1373 2435 1427 eam
2468 1370 2694 1425 possunt
2743 1358 3102 1426 participatur
3155 1373 3261 1411 non
3316 1357 3714 1424 comprehenso

451 1446 627 1500 neque
678 1423 1027 1500 participate.
1067 1446 1085 1479 ι
1126 1427 1268 1480 Idem
1308 1423 1474 1500 enim
1511 1423 1817 1500 utrumque
1857 1423 2102 1500 declarat
2137 1423 2146 1482 ξ
2183 1423 2546 1496 participatur
2577 1423 2907 1482 enim'Deus
2941 1423 3046 1482 non
3085 1423 3481 1500 comprehense
3530 1440 3712 1500 neque

453 1497 755 1562 restrictus,
791 1501 883 1553 sed
914 1499 1093 1562 potius
1131 1508 1278 1551 totus
1306 1499 1356 1551 in
1391 1498 1658 1569 cujusque
1682 1497 2103 1569 participatione.
2131 1502 2402 1562 existens,
2431 1509 2482 1552 et
2506 1500 2574 1553 ab
2615 1500 2868 1552 omnibus
2899 1497 3220 1566 exemptus.
3241 1498 3306 1551 Et
3333 1511 3538 1569 rursus
3565 1497 3709 1569 idem

453 1574 505 1626 in
537 1571 802 1625 Ccnturiis
840 1569 1167 1636 theologicis,
1201 1569 1447 1623 centuria
1485 1567 1583 1631 ιιι,
1615 1585 1663 1624 ε.
1683 1567 1726 1621 ’7
1764 1590 1775 1623 :
1819 1588 1838 1620 ι
1877 1569 2041 1631 Deus,
2080 1569 2276 1638 inquit,
2311 1573 2400 1638 qui
2430 1572 2727 1624 secundmn
2760 1570 3126 1624 substantiam
3163 1585 3269 1623 non
3294 1579 3378 1622 est
3404 1567 3710 1635 participa-

449 1643 593 1707 bilis,
619 1657 740 1696 cum
767 1639 882 1692 vult
911 1640 1071 1693 aliter
1101 1639 1169 1693 ab
1199 1639 1264 1692 iis
1290 1640 1381 1708 qui
1414 1651 1639 1709 possunt
1670 1641 2014 1710 participari,
2038 1654 2066 1692 a
2094 1652 2284 1694 natura
2313 1649 2366 1693 et
2390 1641 2696 1695 substantia
2725 1657 2820 1694 sua
2846 1640 3056 1694 occulta
3081 1656 3185 1695 non
3216 1639 3458 1710 recedit;
3488 1638 3714 1710 quando

451 1715 617 1766 etiam
652 1711 842 1764 modus
874 1710 1010 1779 ipse.
1040 1725 1148 1780 quo
1181 1710 1370 1764 volens
1403 1709 1782 1779 participatur,
1815 1721 2002 1764 manet
2033 1725 2250 1780 semper
2275 1711 2532 1765 omnibus
2561 1722 2807 1780 opertus.
2850 1730 2870 1763 ι
2909 1711 3103 1766 Adhuc
3136 1711 3278 1765 idem
3310 1711 3364 1764 in
3407 1709 3475 1763 iis
3500 1725 3626 1778 qua:
3656 1709 3714 1762 in

452 1784 762 1850 Dogmatica
792 1780 1039 1848 panoplia
1071 1779 1322 1833 feruntur
1362 1799 1375 1835 :
1425 1801 1444 1831 ‹
1496 1780 1900 1851 Participabilis
1927 1791 2008 1835 est
2050 1779 2193 1835 Dens
2222 1786 2523 1836 secundum
2579 1779 3101 1837 communicationes
3135 1796 3302 1845 suas;
3335 1795 3440 1834 non
3479 1780 3709 1851 partici-

450 1849 646 1924 pabilis
671 1866 824 1914 vero,
848 1862 1132 1924 quatenus
1162 1852 1298 1924 nihil
1328 1849 1842 1924 substantiam’ejus
1871 1852 2184 1920 participat,
2221 1853 2302 1908 vel
2335 1853 2502 1906 vitam
2527 1853 2670 1923 ejus,
2702 1853 2786 1908 vel
2817 1853 3145 1921 sapientiam
3178 1851 3319 1921 ejus,
3365 1859 3457 1904 aut
3499 1849 3707 1921 aliquid

450 1921 660 1986 talium,
693 1937 810 1990 qua
847 1923 1010 1976 habet
1039 1921 1219 1976 omnia
1251 1924 1552 1977 secundum
1588 1923 1992 1987 excellentiam,
2025 1933 2077 1977 et
2104 1925 2325 1978 eximie.
2363 1943 2382 1975 ι

525 2013 544 2046 ι
585 1995 657 2047 Ex
688 1994 770 2047 bis
802 1992 1468 2063 (inquitCyparissiotus)
1491 2004 1710 2049 constat
1744 1995 1945 2062 primo,
1977 1995 2252 2063 duplicem
2281 2010 2405 2049 esse
2428 1995 2827 2050 emanationem
2860 2009 3002 2049 :una
3031 2003 3134 2058 est,
3161 2008 3266 2062 qua
3294 1992 3432 2046 Deus
3462 1998 3520 2046 et
3542 1990 3708 2063 Pater

446 2069 512 2121 ad
549 2081 646 2118 sua
679 2061 952 2117 manando
983 2061 1180 2115 Filium
1227 2061 1820 2134 suprasubstantialem
1853 2075 1906 2118 et
1939 2061 2200 2132 Spiritum
2247 2075 2518 2129 sanctum,
2553 2066 2661 2121 duo
2695 2067 2857 2121 unius
2897 2075 2954 2120 et
3002 2061 3246 2134 ejusdem
3277 2063 3590 2134 divinitatis
3625 2061 3708 2115 lu-

450 2137 623 2200 mina,
663 2136 894 2187 nnivece
922 2133 1170 2200 protulit,
1201 2131 1351 2204 nullo
1381 2135 1544 2189 modo
1585 2150 1612 2186 a
1649 2151 1706 2189 se
1739 2137 1854 2204 ipso
1891 2131 2005 2190 toto
2041 2152 2314 2204 egressus,
2345 2139 2436 2189 sed
2472 2137 2651 2202 potius
2683 2139 2751 2190 ad
2783 2131 3244 2204 seipsum'molns
3290 2136 3408 2187 sine
3437 2133 3705 2186 diSIantia

448 2206 796 2262 intermedia,
826 2219 891 2256 ex
921 2205 1224 2276 aeternitate
1254 2203 1583 2276 initiaturam
1617 2203 1778 2259 trium
1805 2203 2154 2276 personarum
2183 2209 2362 2261 desiit.
2390 2208 2569 2276 Atque
2596 2209 2711 2262 [nec
2733 2203 3013 2262 etnanatio
3037 2217 3180 2260 mota
3203 2205 3430 2276 adivina
3463 2217 3704 2276 persona

448 2281 500 2330 in
531 2277 752 2330 divinas
790 2289 1053 2344 personas
1086 2274 1137 2345 in
1174 2273 1468 2338 Trinitate,
1503 2276 1569 2328 ad
1602 2291 1763 2345 quam
1797 2273 1941 2330 inota
1977 2287 2080 2338 est,
2112 2279 2376 2342 substitit,
2409 2273 2804 2332 et'motionem
2853 2280 3151 2333 inereatam
3198 2275 3471 2345 exhibuit.
3507 2273 3704 2328 Omnis

443 2349 590 2404 enim
619 2343 919 2418 emanatio,
949 2359 1070 2397 cum
1108 2343 1202 2396 ﬁat
1225 2360 1387 2418 causa
1421 2343 1764 2418 eorum—quae
1803 2358 2083 2412 emanant,
2119 2348 2242 2401 talis
2274 2360 2353 2403 est
2383 2350 2678 2413 emanatio,
2709 2350 2889 2418 qualia
2921 2359 3043 2405 sunt
3072 2362 3133 2401 ea
3179 2345 3247 2400 ad
3292 2362 3413 2413 qua:
3441 2343 3584 2397 facta
3618 2358 3703 2397 εει

445 2417 751 2490 emanatio.
773 2416 955 2469 Altera
991 2423 1097 2478 εει,
1131 2431 1238 2483 qua
1272 2416 1720 2490 Densa-equivoce
1750 2428 1930 2472 motus
1961 2425 2045 2472 est
2075 2420 2140 2490 ad
2173 2429 2510 2483 creaturam,
2545 2434 2663 2473 eam
2694 2416 2747 2474 in
2794 2431 3038 2490 tempore
3075 2418 3421 2486 producendo
3451 2434 3464 2468 :
3501 2431 3566 2468 ac
3602 2431 3699 2483 per

447 2490 594 2543 illam
623 2487 843 2555 quidem
878 2493 1059 2538 motus
1091 2497 1178 2539 est
1213 2487 1558 2548 naturaliter,
1583 2504 1680 2555 per
1709 2489 1852 2542 hanc
1881 2504 2012 2542 vero
2043 2489 2372 2543 voluntarie.
2411 2508 2429 2540 ι

513 2559 741 2630 Constat
771 2555 1031 2630 secundo,
1061 2557 1204 2624 quod
1241 2559 1293 2610 in
1327 2567 1496 2630 totum
1531 2558 1673 2613 Dens
1701 2570 1755 2612 et
1781 2574 1810 2611 a
1837 2559 1997 2613 nobis
2025 2561 2403 2630 participatur,
2430 2569 2484 2613 et
2514 2574 2618 2613 non
2663 2561 3046 2630 participatur.
3074 2557 3444 2625 Participatur
3474 2555 3699 2630 quidem

444 2629 740 2684 secundum
780 2627 1044 2679 rationem
1073 2643 1272 2690 causae,
1307 2629 1358 2681 id
1392 2636 1497 2691 est,
1527 2639 1795 2698 quatenus
1821 2631 2001 2682 omnia
2027 2626 2098 2681 ex
2132 2626 2303 2683 nihilo
2333 2631 2604 2695 producit,
2632 2626 2691 2684 ιιί
2716 2641 2772 2686 ει
2798 2626 3117 2698 simpliciter
3140 2633 3270 2691 sint,
3299 2638 3353 2682 et
3380 2630 3518 2698 bene
3543 2626 3703 2698 sint;

445 2715 636 2755 rursus
669 2713 799 2750 vero
828 2713 932 2769 non
964 2698 1345 2766 participatur,
1378 2697 1680 2752 secundum
1727 2699 2203 2769 participationem
2240 2710 2508 2763 nostram,
2540 2713 2596 2754 et
2642 2697 2944 2756 secundum
2987 2703 3353 2755 existentiam.
3393 2697 3701 2769 Necienim

444 2773 614 2826 Deum
648 2767 1056 2842 participanius
1077 2769 1221 2821 sicut
1251 2771 1463 2836 species
1486 2767 1825 2842 participant
1857 2767 2078 2842 genera,
2105 2779 2160 2823 et
2191 2772 2336 2842 sicut
2364 2771 2664 2842 singularia
2694 2773 3029 2841 participant
3063 2771 3224 2842 327
3260 2768 3617 2842 universalia,
3646 2777 3705 2822 et.

441 2844 583 2912 sicut
613 2853 734 2908 qua;
763 2838 1151 2912 subterprima
1181 2851 1334 2912 sunt,
1356 2838 1806 2912 participantiilla
1839 2843 1951 2908 ipsa
1978 2841 2176 2908 prima.
2203 2841 2390 2908 Neque
2423 2838 2815 2912 participaiiiiis
2841 2838 2965 2897 eum
2999 2838 3298 2898 secundum
3323 2838 3706 2912 existentiam,

441 2925 496 2968 et
531 2907 676 2964 illam
714 2923 876 2976 quam
913 2907 1203 2979 Dionysius
1233 2910 1364 2962 dicit
1398 2907 1717 2977 permistam
1749 2907 2192 2966 communionem
2221 2931 2232 2976 ;
2267 2907 2326 2966 ut
2348 2913 2391 2966 si
2419 2907 2662 2970 dicamus
2693 2929 2707 2966 :
2744 2913 2860 2968 Vita
2895 2912 3134 2968 sentiens
3167 2923 3251 2967 est
3279 2926 3408 2980 pars
3439 2911 3704 2963 substan-

442 2985 532 3039 tiae
558 2979 807 3051 omnium
831 2993 992 3032 sensu
1029 2981 1326 3051 viventium
1353 2997 1366 3043 ;
1403 2989 1456 3034 et
1490 2998 1503 3034 :
1538 2980 1743 3036 Omnes
1774 2983 1987 3050 species
2018 2998 2083 3034 ex
2123 2986 2348 3038 materia
2386 2997 2680 3051 concretae,
2709 2985 3006 3037 secundum
3037 2979 3324 3037 adinistam
3356 2981 3704 3036 communio-

441 3070 587 3124 nem,
620 3050 904 3104 materiam
951 3059 1006 3124 _e_t
1037 3048 1268 3124 formam
1308 3051 1669 3124 participant;
1696 3048 1977 3124 phis—enim
2030 3053 2205 3124 modis
2247 3065 2303 3108 et
2336 3055 2641 3109 rationibus
2667 3048 3033 3124 nequaquam
3061 3070 3090 3107 a
3123 3053 3279 3107 nobis
3307 3052 3700 3124 participatur,

438 3123 549 3178 Nec
578 3137 765 3176 rursus
796 3129 883 3173 est
915 3119 1121 3194 aliquid
1153 3121 1206 3174 in
1235 3137 1306 3194 eo
1333 3121 1476 3194 quod
1508 3119 1891 3192 participatur,
1920 3130 1974 3175 et
2003 3122 2208 3192 aliquid
2239 3127 2386 3193 quod
2419 3141 2524 3177 non
2558 3119 2947 3194 participatur;
2983 3127 3280 3180 absurdum
3309 3119 3476 3194 enim
3508 3131 3620 3194 est,
3653 3119 3703 3175 si

439 3197 677 3254 dicatur,
709 3193 1337 3264 oportereexistentiam
1379 3191 1566 3264 Deiex
1597 3191 1806 3247 duobus
1838 3191 2166 3264 quibusdam
2205 3191 2570 3250 dissimilibus
2587 3191 2912 3263 co:isi$tere,
2965 3210 3030 3248 ex
3069 3193 3431 3264 participabili
3482 3192 3706 3246 scilicet

438 3276 491 3317 cl.
523 3281 629 3318 non
661 3261 1048 3331 participabili.
1083 3262 1216 3315 Vide
1243 3263 1357 3316 hare
1388 3262 1560 3317 I'usius
1607 3266 1747 3331 apud
1779 3262 2239 3335 Cyparissiotum,
2267 3268 2469 3321 decade
2521 3265 2574 3333 7,
2607 3284 2730 3336 qua:
2770 3261 2905 3322 tota
2929 3277 3012 3322 est
3044 3261 3111 3321 de
3158 3261 3362 3320 divinis
3389 3264 3705 3332 participa-

441 3339 693 3392 tionibus.

507 3408 535 3478 ᾗ
569 3406 678 3460 VII.
713 3404 1016 3478 Explicatio
1039 3403 1220 3478 colligi
1256 3415 1434 3474 potest
1461 3422 1528 3461 ex
1562 3409 1788 3462 notabili
1818 3410 1997 3478 primo
2021 3410 2216 3477 capitis
2253 3411 2435 3477 primi.

509 3476 536 3550 ς
571 3478 699 3551 VIII.
734 3477 939 3551 Allndit
989 3477 1277 3551 Dionysius
1326 3479 1391 3531 ad
1425 3493 1569 3532 vers.
1607 3479 1672 3533 I5
1719 3476 1915 3548 capitis
1953 3476 2099 3535 tertii
2168 3476 2342 3548 Epist.
2395 3481 2461 3535 ad
2508 3481 2796 3551 Ephesios,
2829 3483 3030 3536 docens
3071 3479 3240 3533 Deum
3285 3476 3530 3551 omnium
3570 3490 3700 3531 esse

438 3546 655 3603 Patrem
685 3548 964 3621 hominum
997 3557 1050 3600 et
1078 3547 1423 3621 angelorum,
1446 3565 1554 3616 quo
1579 3546 1856 3604 communi
1883 3551 2116 3605 Parente
2143 3546 2328 3606 allines
2356 3563 2483 3606 sunt
2508 3546 2758 3608 homines
2785 3546 2840 3607 et
2869 3554 3064 3621 angeli.
3100 3551 3221 3617 Ipse
3253 3549 3394 3602 enim
3420 3546 3592 3621 Pater
3614 3558 3705 3601 εει.

437 3621 696 3691 omnium
716 3617 1047 3671 familiarum
1083 3619 1449 3691 corporalium
1475 3630 1530 3673 et
1557 3621 1940 3691 spiritualium,
1971 3638 2034 3675 ac
2067 3624 2290 3690 proinde
2317 3625 2680 3678 communiter
2705 3625 2773 3678 ab
2800 3617 3056 3679 omnibus
3091 3621 3399 3673 adorandus
3423 3629 3479 3671 et
3506 3618 3698 3672 coleu-

439 3695 540 3764 dus
565 3689 830 3764 avidi-tur
866 3697 1048 3764 autem
1081 3699 1268 3764 notare
1301 3689 1664 3764 pluralitatem
1699 3689 2089 3762 principiorum
2114 3703 2168 3746 et
2190 3697 2417 3747 deorum
2457 3694 2701 3750 Simonis
2731 3696 2867 3764 Magi
2891 3707 2946 3749 et
2978 3692 3267 3764 Valentini.

511 3762 537 3831 ᾗ
563 3761 653 3833 IX.
680 3759 966 3833 Quomodo
995 3760 1271 3833 moduset
1295 3764 1612 3829 mysterium
1643 3759 2038 3816 Incarnationis
2065 3779 2350 3832 supremos
2380 3767 2546 3818 ctiatn
2577 3766 2797 3833 angelos
2821 3759 3068 3826 latuerit,
3095 3763 3216 3814 vide
3240 3776 3405 3829 supra
3432 3769 3694 3813 sanctum

438 3829 752 3905 Dianysiuiu
783 3845 852 3905 c._
874 3829 1172 3905 [Calatis
1194 3830 1503 3885 hiemi-claim
1524 3873 1538 3894 ,
1565 3844 1619 3905 et
1647 3843 1898 3887 sanctum
1931 3829 2192 3888 Thomam
2228 3837 2282 3886 in
2316 3835 2485 3900 Epist.
2511 3839 2580 3890 ad
2622 3829 2908 3905 Ephesios,
2939 3852 2991 3890 ε.
3024 3835 3078 3897 5,
3111 3834 3238 3886 lect.
3271 3834 3325 3905 αξ.

510 3900 644 3977 Nota
666 3901 755 3977 hic
775 3901 874 3953 sub
895 3901 1054 3977 linem
1081 3900 1244 3977 hujus
1267 3904 1613 3972 paragraphi,
1643 3916 1888 3977 sanctum
1917 3905 2267 3959 IIierotheutn
2297 3907 2402 3960 dici
2438 3909 2633 3976 partim
2667 3900 2694 3960 a
2729 3908 3014 3977 theologis,
3045 3905 3254 3977 partim
3276 3903 3698 3977 Seripturatum

439 3973 808 4044 indagatiope,
835 3972 1033 4044 partim
1061 3971 1328 4025 diviniore
1358 3971 1591 4042 quadam
1628 3976 1986 4044 inspiratione
2019 3977 2236 4030 doctum
2265 3993 2371 4032 non
2405 3971 2666 4033 discendo
2696 3971 2940 4042 tantum:
2970 3971 3161 4029 verum
3187 3974 3351 4028 etiam
3379 3975 3563 4026 divina
3597 3993 3695 4043 pa-

439 4045 640 4117 t_iendo.
695 4040 897 4117 'I‘rihus
925 4043 1071 4094 enim
1121 4044 1297 4117 modis
1322 4040 1502 4098 divina
1537 4040 1893 4114 percipimus,
1929 4061 2128 4116 nempe
2167 4049 2403 4113 actione,
2442 4059 2535 4102 aut
2567 4050 2846 4117 passione,
2880 4040 2974 4102 aut
3021 4047 3180 4101 modo
3226 4045 3461 4112 quodam
3497 4040 3692 4101 misto.

435 4115 663 4169 Actione
704 4113 925 4180 quidem
969 4113 1267 4187 praecipue,
1320 4117 1538 4187 quando
1587 4129 1647 4168 ea
1691 4113 1798 4170 non
1839 4118 1908 4171 ab
1947 4113 2074 4171 aliis
2111 4119 2377 4185 eruditis,
2423 4121 2517 4174 sed
2560 4113 2792 4174 rationis
2834 4113 3262 4187 investigatione
3306 4117 3691 4184 assequiumr;

435 4187 690 4259 passione
725 4199 871 4259 vero,
905 4200 1029 4237 cum
1064 4183 1322 4259 divinitus
1352 4185 1515 4259 alllati
1553 4188 1909 4256 percipimus;
1957 4190 2118 4242 misto
2165 4183 2402 4259 denique
2453 4192 2638 4256 modo,
2686 4193 2740 4247 id
2790 4201 2872 4245 est
2903 4183 3098 4258 parti—in
3159 4183 3692 4256 patiendo,’partim

434 4253 783 4330 agendopuhi
815 4254 1041 4330 docente
1069 4253 1196 4318 alio,
1224 4265 1317 4308 aut
1346 4258 1526 4311 verbis
1552 4253 1645 4311 aut
1685 4253 1880 4314 litteris
1899 4253 2211 4312 erudimur.
2249 4253 2401 4315 Ttinc
2445 4262 2590 4315 enim
2624 4253 2919 4330 'quatenus'
2947 4253 3181 4330 aliunde
3215 4253 3519 4320 movemur,
3550 4273 3698 4325 quo-

434 4326 725 4401 dammodo
767 4326 1024 4401 patimur,
1046 4335 1320 4401 quatenus
1348 4337 1527 4401 autem
1561 4331 1840 4397 pr0piium
1878 4331 1996 4401 ipsi,
2023 4331 2287 4398 judicium
2336 4326 2675 4401 examenque
2710 4332 3053 4396 adhibemus,
3100 4329 3346 4382 videmur
3393 4337 3448 4401 et
3489 4342 3689 4401 agere.

431 4397 702 4472 (Σεειει-ιιιιι
731 4405 784 4449 ει
807 4397 980 4472 aliena
1027 4396 1335 4472 disciplina,
1368 4406 1422 4472 et
1449 4396 1688 4472 inventio
1719 4396 1938 4468 propria
1969 4396 2301 4472 divinorum,
2329 4405 2395 4455 ad
2431 4404 2532 4457 hoc
2565 4396 2711 4458 velut
2737 4405 2806 4456 ad
2840 4403 3053 4472 signqu
3102 4401 3364 4472 duntaxat
3385 4397 3692 4472 dirigenda

433 4479 539 4532 est,
569 4478 624 4520 ut
652 4467 762 4521 Deo
799 4467 1017 4541 assidue
1051 4469 1408 4541 nos__p_u|santi
1439 4471 1651 4541 penitus
1681 4464 2040 4541 exponuntur.
2075 4469 2130 4523 Id
2161 4464 2339 4524 autem
2385 4473 2500 4528 solo
2540 4475 2590 4528 in
2623 4489 2745 4528 eum
2785 4464 2973 4526 amore
3019 4471 3348 4541 perlicimus.
3383 4464 3687 4521 Hoc—enim

434 4541 698 4591 duntaxat
723 4548 778 4591 et
809 4539 874 4590 ad
906 4537 1073 4589 Deum
1118 4537 1402 4614 di‘riginms
1431 4540 1638 4602 omnia,
1668 4550 1723 4594 et
1755 4537 1862 4596 Deo
1905 4540 2227 4607 subjicimur
2253 4544 2393 4596 clam
2435 4545 2706 4614 pulsanti;
2739 4555 2906 4613 atque
2943 4537 3036 4597 illo
3064 4541 3388 4614 inspirante,
3419 4547 3478 4590 et
3522 4542 3687 4614 quasi

433 4619 684 4684 movente
711 4618 1032 4677 agenteque,
1064 4608 1243 4659 subito
1280 4623 1705 4684 commoventur,
1735 4625 1897 4681 atque
1928 4613 2000 4665 ita
2031 4614 2393 4680 compatimur
2425 4608 2728 4684 spirituque
2772 4608 3062 4682 replentur.
3107 4611 3338 4666 All‘ectio
3375 4623 3507 4662 vero
3539 4609 3688 4684 ejus-

435 4680 578 4730 modi
617 4687 1186 4751 pasSionuncupatur,
1219 4690 1330 4731 tum
1362 4683 1618 4751 quoniam
1657 4680 1922 4737 amatoria
1969 4693 2052 4736 cst
2099 4685 2274 4751 (amor
2313 4680 2470 4739 enini
2498 4680 2917 4741 tratis'l'eretisin
2949 4695 3213 4749 amatum,
3245 4691 3522 4733 amantem
3561 4682 3688 4735 inde

433 4751 544 4818 pati
576 4749 899 4828 compellit),
929 4757 1040 4828 tu'm
1061 4748 1533 4828 quia-vacantibus
1565 4761 1691 4828 tunc
1719 4755 1954 4828 propriis
1983 4748 2212 4807 ratiunis
2245 4756 2721 4828 intelligentizeque
2753 4757 3082 4820 actionibus,
3109 4748 3291 4808 divina
3321 4752 3443 4828 luce
3477 4752 3689 4828 forma-

433 4817 575 4880 i-tmr,
605 4819 961 4898 patimurque
981 4817 1221 4898 formati.
1382 4822 1522 4898 hanc
1567 4817 1754 4898 utique
1799 4817 1973 4878 lucem
2018 4839 2204 4878 amore
2235 4817 2851 4883 solumvierven'ttssimo
2896 4817 3288 4898 praeparantur.
3337 4821 3684 4898 Sicutenim

431 4903 655 4966 opacas
680 4905 818 4957 saepe
860 4889 1116 4942 materias
1167 4889 1270 4966 luci
1321 4890 1495 4966 invias
1532 4889 1690 4966 calor
1726 4896 1916 4962 ingens
1942 4905 2161 4966 purgat,
2193 4908 2470 4962 extenuat,
2507 4903 2723 4966 pervias
2754 4899 2861 4952 luci
2893 4889 3128 4965 praebet;
3160 4895 3240 4948 sic
3285 4894 3597 4966 amatorius
3632 4895 3684 4945 in

431 4957 601 5040 Deum
632 4958 814 5040 fervor
856 4975 886 5012 a
931 4961 1207 5026 corporeis
1244 4957 1827 5040 perturbationibuset
1870 4957 2359 5040 nebulispurgans
2392 4957 2657 5033 adiutum,
2689 4971 2849 5038 quasi
2893 4957 3154 5040 serenum
3207 4965 3405 5040 reddit,
3457 4963 3682 5032 lucique

431 5034 628 5112 divitia:
658 5037 924 5100 paratum,
959 5045 1083 5083 cum
1127 5045 1232 5098 qua
1265 5041 1318 5084 et
1349 5034 1602 5088 unionem
1634 5037 1926 5092 arctiorem
1961 5034 2340 5104 intelligentia,
2375 5054 2429 5094 et
2459 5041 2618 5094 Iidem
2664 5034 2906 5096 humana
2954 5039 3180 5094 scientia
3221 5037 3517 5090 certiorem
3553 5055 3689 5088 con-

429 5115 726 5168 sequimur.

502 5167 763 5254 §X_.”Pro
791 5167 1145 5254 intelligentia
1190 5173 1479 5254 verborum
1513 5174 1940 5254 IIierotheitiota
1987 5195 2117 5254 eum
2152 5179 2427 5254 Turriano
2484 5184 2550 5237 ad
2585 5199 2702 5251 cap.
2753 5183 2789 5236 ‘2
2844 5183 3064 5238 decadis
3110 5180 3141 5232 7
3177 5176 3539 5254 Cyparissioti
3580 5193 3595 5228 :
3634 5179 3686 5229 in

426 5243 681 5323 essentiis
712 5257 898 5323 rerum
936 5241 1077 5323 Imnc
1123 5243 1366 5323 ordinem
1408 5249 1769 5323 eottsiderari.
1803 5248 2004 5314 Primo,
2039 5251 2303 5318 principia
2340 5268 2564 5319 rerum;
2601 5241 2861 5318 sdcundo,
2902 5241 3302 5313 substat‘itiat'n';
3339 5251 3526 5310 tertio,
3562 5264 3688 5316 spe-

425 5315 563 5394 ciem
612 5313 1104 5394 coi_npositi_totius
1131 5328 1216 5392 ἐκ
1250 5313 1420 5367 forma
1463 5319 1929 5394 proﬁciscentem;
1962 5313 2179 5388 quarto,
2215 5313 2606 5390 perfectionem
2633 5326 2802 5392 ipsius
2834 5313 2934 5385 rei,
2976 5339 3081 5378 non
3117 5324 3290 5376 solum
3332 5313 3688 5394 quoadhspc-

424 5385 585 5445 ciem,
614 5384 706 5466 sed
745 5383 926 5464 quoad
946 5383 1233 5466 propriam
1268 5383 1636 5466 operationem
1666 5401 1719 5442 et
1744 5383 1950 5466 linem:
1979 5383 2108 5466 tunc
2142 5383 2287 5446 enim
2324 5412 2406 5447 ιεε
2431 5406 2519 5466 est
2542 5383 2853 5450 onuiimode
2878 5383 3140 5464 perfecta,
3171 5407 3294 5447 cum
3322 5383 3487 5466 suum
3520 5383 3687 5442 [idem

423 5460 734 5534 εξεεειιυῖιιιιζ
760 5470 775 5517 ;
805 5460 1015 5524 (1111111ον
1051 5469 1138 5508 1'68
1169 5460 1370 5534 νειςξίὶε,
1411 5471 1540 5534 diu;
1579 5460 1802 5534 singula:
1838 5463 2084 5534 quadam
2133 5466 2350 5532 propria
2406 5465 2739 5534 pet-lectione
2773 5460 3009 5534 praedita:
3051 5474 3201 5527 sunt,
3231 5473 3286 5518 et
3323 5462 3520 5514 ordine
3552 5477 3691 5528 quo-

424 5527 544 5578 dam
576 5525 864 5594 copulatte.
903 5534 1074 5580 totum
1103 5527 1376 5597 quoddam
1410 5525 1718 5598 perﬁciunt,
1751 5545 1807 5585 ut
1836 5525 1887 5585 in
1922 5525 2201 5601 universo,
2233 5525 2288 5588 ct
2319 5537 2371 5590 in
2406 5525 2651 5592 homine.
2680 5525 3005 5593 llie'rotbeus
3037 5551 3171 5606 ergo
3189 5525 3358 5590 docet
3409 5525 3691 5600 quouindn

504 5746 518 5783 ι
547 5748 703 5803 Joan.
737 5766 826 5805 xv.
