3876 6226
205 399 318 457 657
833 393 921 448 DE
953 391 1209 448 DlVlNlS
1237 391 1642 459 NOMINIBUS,
1679 390 1834 450 CAP.
1871 390 1935 448 ll.
1970 422 2042 436 —
2073 389 2420 446 PARAPllR.
2458 387 2932 446 PACIIYMERAE.
3376 387 3478 443 658

210 515 478 598 divinitas
505 513 716 596 ﬁbristi
742 524 827 567 est
855 528 1023 598 causa
1056 514 1110 567 in
1141 512 1227 567 his
1252 513 1530 598 omnibus,
1557 512 1859 598 incipitque
1890 513 1958 566 ab
1985 519 2255 576 extremo,
2286 513 2335 565 id
2368 522 2451 566 est
2487 526 2514 564 a
2559 521 2690 576 toto,
2719 520 2775 566 et
2811 518 3018 566 remeat
3047 509 3098 564 in
3127 506 3390 578 primum,
3423 507 3480 564 id

210 551 478 571 νιν-...κισ
509 551 716 568 υνυς...
742 551 827 567 νο.
855 551 1023 568 νην-ν..
1142 551 1227 567 ...ο
1252 551 1506 568 υ......υ...τ
1557 551 1663 566 ...ω
1792 551 1858 566 ....
1890 551 1957 566 ..υ
1985 551 2233 566 eum..."
2369 551 2451 566 νο..
2487 551 2514 564 ..
2559 551 2669 566 ..ην
2720 551 2775 566 ν.
2811 551 2905 565 .....
2962 551 3018 563 ...

207 597 297 642 est
347 586 402 640 in
438 585 701 666 principia
735 599 937 665 rerum.
971 584 1272 666 Censervat
1299 585 1485 666 igitur,
1513 551 1719 652 ’inquil’,
1753 551 2068 664 ulniversum
2099 593 2156 636 et
2189 553 2376 652 partes
2405 584 2644 636 universi
2675 551 2778 636 ’toti
2810 551 3480 642 ςοηζρηιίὲἰιῗὲὲζ”ἔί“ἐι.ἶῖί

205 673 278 738 eo
318 656 740 738 conspirantes;
766 666 821 709 et
849 655 965 738 ipsa
1005 651 1442 738 nonlesttotinn,
1471 651 1653 738 neque
1682 653 1984 738 parquuia
2015 651 2225 707 scilicet
2252 670 2356 706 non
2392 654 2553 706 habet
2587 652 2976 720 perfectionem
3008 651 3174 703 totius
3205 659 3258 704 et
3289 651 3456 717 partis

207 688 278 738 σγ
318 688 704 725 ιυιιῦμηαιιιῠδ
726 697 740 718 ς
766 688 821 709 σι
849 688 965 723 ιμοα
1005 688 1114 708 ΙΙυιΙ
1139 688 1223 708 μοι
1249 688 1442 735 ἷυιηιξι,
1471 688 1651 735 ,Ιιιιιιῖυ
1683 688 1830 722 lla-.09
1857 688 1984 722 quia
2015 688 2225 707 Dblllbblv
2252 688 2356 706 IIUII
2392 688 2553 706 Ιιαυιιι
2587 688 2976 720 μυιιυιιιιυιιυιη
3009 688 3174 703 ιυιιηιτ
3205 688 3258 704 ιιι
3324 688 3456 702 ιιι-ιη

207 737 359 809 suc-ut
385 735 556 809 totum
586 735 644 809 et
671 741 818 809 pars,
851 726 945 809 sed
978 725 1334 809 excellenti-us
1383 741 1436 777 in
1471 727 1766 803 Inlimtnm.
1811 724 2015 791 Estque
2051 739 2240 778 rursus
2272 735 2438 778 totum
2471 733 2526 777 et
2559 739 2686 792 pars
2719 724 2975 776 divinitas
3008 721 3233 785 Christi,
3289 688 3482 788 liempe

1698 805 1707 809 -
1802 794 1813 809 I
1937 796 1946 804 -
2083 795 2137 809 ,τι
2195 797 2204 806 -
2247 795 2280 809 ,ι
2351 796 2383 809 ι·
2427 792 2438 803 ⁵
2487 794 2518 809 ι.
2751 795 2760 809 I
2823 795 2833 809 I
2897 804 2907 809 -
2965 791 3112 809 l\_l!_
3165 807 3177 809 _
3235 789 3274 809 Γ-
3300 789 3412 809 ΑΞΗ..
3469 805 3476 809 .

207 761 359 782 σιω..
386 761 556 781 ιυιυ...
588 761 644 778 ...
671 761 818 793 pws,
851 761 945 779 σω.
978 761 1334 778 ...................
1811 761 1920 776 μοι.
1950 761 2015 778 ην
2053 761 2240 778 ...ωηο
2471 761 2526 777 υ.
2597 761 2686 776 ...ο
3056 761 3066 773 .

203 798 340 866 quia
373 797 636 877 quidquid
673 797 1025 877 perl'ectionis
1056 796 1227 877 estin
1260 805 1373 877 toto
1409 796 1564 876 etum.
1597 805 1769 874 parte,
1802 794 1905 874 hoc
1926 761 2048 877 'ipsa
2079 795 2282 848 Christi
2331 761 2590 849 divinitas
2635 795 2935 860 praehabel.
2962 761 3483 859 lieliquawfacivli'ola

205 877 359 948 sunt.
397 861 540 948 l‘llllt-l-
561 861 714 947 vero,
745 869 1038 948 substantia
1069 867 1191 920 totis
1213 861 1796 948 substantiisimistens
1830 861 2123 932 impolluta,
2153 865 2422 934 signiﬁcat
2471 879 2596 919 esse
2630 865 2796 916 Deum
2829 864 2880 916 in
2926 863 3178 915 omnibus
3225 861 3485 915 substan-

1982 945 1991 948 _
2269 936 2277 945 .
2411 935 2422 946 .
2645 934 2654 943 .
2769 935 2802 948 ._
3008 942 3018 948 ,
3127 931 3186 948 η..
3419 929 3480 948 Α,

205 938 301 1020 tiis
327 979 342 1002 ,
375 945 431 1020 ει
471 936 541 990 ab
569 936 1004 1020 eisnpartiripari
1053 952 1302 1020 nonmper
1327 936 1706 1020 admistionem
1732 975 1748 996 ,
1785 929 2020 1020 hoeilest,
2069 951 2175 988 non
2204 929 2424 988 inisceri
2454 951 2577 989 eum
2611 934 2728 998 eis;
2769 935 2842 987 ita
2873 942 3093 988 sanctus
3127 931 3371 987 Thomas
3415 929 3483 982 ad

207 1008 360 1065 hunc
396 1007 603 1063 locum.
641 1004 1037 1063 Goiisule’item
1066 1008 1120 1062 in
1147 1006 1635 1062 Observationibus
1662 1004 2008 1075 generalibus
2035 1014 2286 1059 octavam
2323 1015 2376 1059 et
2402 1021 2622 1060 nonam.

1195 1321 1363 1394 328
1406 1320 1894 1378 PARAPHRASIS
1926 1319 2378 1378 PACHYMERzE
2417 1318 2550 1391 (35).

276 1482 305 1553 ς
338 1484 380 1536 I.
411 1483 486 1535 Τὸ
516 1484 690 1555 παρὸν
738 1484 1033 1556 κεφάλαιόν
1061 1488 1176 1540 ἐστι
1220 1490 1347 1558 περὶ
1380 1489 1668 1562 ἡνωμένης
1700 1491 1793 1544 καὶ

1968 1484 1994 1556 §
2025 1482 2062 1537 Ι.
2097 1484 2207 1536 lloc
2234 1493 2472 1549 praesens
2507 1483 2673 1545 caput
2695 1481 2777 1528 est
2805 1472 2870 1526 de
2916 1471 3063 1523 unita
3115 1467 3482 1534 distinctaque

196 1575 631 1648 διακεκριμένης
683 1577 979 1647 θεολογίας.
1038 1581 1252 1652 Ἐπειδὴ
1300 1581 1410 1653 γὰρ
1459 1584 1721 1654 προέθετο
1769 1587 1798 1637 ὁ

199 1667 362 1734 ἅγιος
383 1685 447 1720 πε
455 1667 510 1739 pi.
534 1668 692 1722 Θείων
713 1670 992 1740 ὀνομάτων
1012 1675 1205 1736 εἰπεῖν,
1228 1673 1297 1727 τὰ
1320 1675 1376 1728 δὲ
1399 1675 1517 1728 Οεῖα
1536 1677 1794 1748 ὀνόματα,

197 1760 272 1812 τά
305 1761 406 1831 μὲν
437 1761 631 1826 κοινῶς
661 1765 754 1816 καὶ
797 1768 909 1828 τοῖς
954 1767 1102 1837 τρισὶ¹
1130 1766 1442 1842 Θεαρχικοῖς
1478 1771 1798 1844 Προσώποις

201 1851 531 1923 ἁρμόζουσι,
576 1854 644 1907 τά
665 1855 721 1908 δὲ
750 1857 854 1934 ¹μιᾷ
881 1859 1086 1930 ἑκάστῃ
1119 1859 1228 1913 τῶν
1269 1862 1646 1919 Ὑποστάσεων
1666 1883 1679 1895 ·
1713 1866 1799 1920 διὰ

197 1961 364 1997 τουτο
389 1944 460 1997 τά
489 1945 590 2016 μὲν
634 1945 830 2010 κοινῶς
869 1950 935 2018 τῇ
987 1949 1106 2021 Θείᾳ
1151 1949 1309 2019 φύσει
1339 1953 1643 2024 ἁρμόζοντα
1684 1956 1800 2009 ὀνό-

203 2054 387 2108 ματα,
430 2038 748 2106 ἡνωμένην
776 2040 1071 2112 ἐπιγράφει
1119 2041 1426 2112 Θεολογίανέ
1473 2044 1543 2098 τά
1590 2046 1648 2099 δὲ
1701 2050 1800 2118 μιᾷ

198 2128 412 2199 ἑκάστῃ
435 2104 806 2195 ὑποστάσεων,
835 2104 1308 2202 διακέκριμέιηγκ.
1334 2137 1441 2188 Καὶ
1467 2136 1628 2191 πάλιν
1651 2104 1799 2191 θείαν

196 2217 400 2270 ’ἐνωσιν
441 2219 584 2288 λέγει
627 2221 725 2293 τὴν
768 2223 1004 2294 κρυφίαν
1044 2225 1138 2276 καὶ
1165 2225 1551 2298 ἀκατάληπτον
1593 2229 1797 2298 γνῶσιν

198 2326 303 2381 της
345 2309 496 2373 Θείας
537 2311 772 2379 φύσεως,
809 2314 927 2386 (τὴν
969 2314 1077 2386 γὰρ
1102 2316 1289 2371 οὐσίαν
1325 2319 1492 2392 αὐτὴν
1518 2319 1616 2390 τῆς
1656 2321 1796 2374 ἀκα-

197 2400 483 2470 ταλήπτου
526 2402 756 2474 Τριάδος
796 2406 848 2458 τί
893 2409 1038 2462 ἐστιν
1077 2411 1250 2473 οὐδεὶς
1291 2408 1560 2479 γνώσεταί
1605 2429 1734 2465 ποτε

197 2492 479 2564 διάκρισιν
532 2495 589 2547 δὲ
628 2496 778 2551 Θείαν
807 2498 906 2563 τὰς
964 2501 1358 2567 ἐνυποστάτους
1415 2505 1797 2576 προσκυνητάς

201 2586 494 2658 ὑπάρξεις,
513 2591 779 2655 τουτέστι,
805 2592 899 2645 τοῦ
925 2595 1022 2664 μὲν
1046 2596 1176 2649 Υἱοῦ
1199 2598 1290 2650 τὸν
1316 2599 1381 2650 ὲκ
1401 2599 1612 2669 Πατρὸς
1639 2599 1799 2652 ἀνέκ-

201 2697 450 2788 φραστον
490 2683 872 2755 ἀπαυγασμον,
921 2687 1012 2740 τοῦ
1061 2678 1118 2742 δὲ
1167 2691 1431 2759 παναγίου
1481 2691 1797 2762 Πνεύματος

201 2773 308 2840 τὴν
336 2773 400 2824 ἐκ
428 2773 644 2844 Πατρὸς
659 2777 978 2847 ἀνεννόητον
1005 2781 1349 2853 ἐκπόρευσιν,
1370 2784 1468 2854 τὴν
1499 2783 1794 2856 Θεαργικὴν

1901 1576 2195 1644 theologia.
2225 1573 2360 1629 Cum
2385 1571 2530 1626 enim
2563 1568 2650 1623 hic
2673 1577 2898 1620 sanctus
2928 1566 2994 1620 de
3021 1560 3218 1618 divinis
3247 1561 3481 1616 nomini-

1898 1671 2000 1725 bus
2043 1669 2188 1737 loqui
2239 1662 2606 1735 pmposuerit,
2644 1660 2826 1714 divina
2869 1671 2998 1710 vero
3046 1655 3288 1716 nomina,
3329 1666 3479 1721 qua:-

1899 1764 2022 1818 dam
2069 1763 2124 1816 in
2171 1757 2444 1813 communi
2501 1755 2672 1808 tribus
2734 1749 2993 1805 Personis
3042 1747 3240 1802 divinis
3285 1757 3483 1800 conve-

1899 1857 2074 1919 niant,
2106 1851 2353 1923 qmedam
2379 1848 2544 1902 etiam
2577 1845 2669 1899 uni
2703 1857 2769 1899 ex
2800 1841 3058 1897 Personis
3089 1838 3195 1891 illis
3226 1837 3279 1890 in
3309 1836 3481 1904 parti-

1901 1946 2097 2012 culari,
2124 1943 2329 1998 idcirco
2357 1941 2448 1994 illa
2479 1938 2698 2002 quidem
2731 1933 2947 1988 nomina
2976 1946 3096 2001 qua:
3123 1930 3176 1984 in
3208 1926 3482 1982 communi

1901 2039 2098 2094 divina:
2127 2043 2335 2090 natura:
2385 2036 2714 2099 congruunt,
2748 2026 2951 2078 unitum
3002 2020 3249 2076 inscribit
3276 2016 3486 2072 theolo-

1901 2135 2068 2204 giam,
2096 2145 2216 2199 quae
2241 2140 2371 2181 vero
2399 2123 2622 2177 cuilibet
2646 2133 2887 2190 persona:
2912 2117 2963 2170 in
2993 2111 3310 2184 particulari
3333 2124 3485 2164 com-

1900 2202 2134 2294 petunt.
2187 2220 2508 2272 distinctam.
2563 2213 2631 2266 Et
2683 2225 2872 2264 rursus
2930 2207 3168 2261 divinam
3225 2202 3484 2256 unionem

1902 2323 2062 2370 vocat
2089 2311 2356 2366 occultam
2404 2314 2460 2360 et
2507 2297 3111 2371 incomprehensibilem
3146 2291 3345 2347 divina:
3379 2305 3483 2343 na-

1905 2419 2040 2464 turae
2078 2405 2440 2474 cognitionem
2489 2399 2638 2468 (nam
2669 2396 2967 2448 essentiam
3019 2383 3484 2455 incomprehensi-

1903 2502 2024 2557 bilis
2051 2497 2352 2562 Trinitatis,
2378 2491 2509 2563 quid
2543 2491 2634 2555 sit,
2669 2501 2832 2540 nemo
2860 2490 3153 2554 cognoscet
3184 2479 3444 2546 unquam)
3468 2491 3482 2538 ;

1902 2595 2140 2651 divinam
2172 2605 2300 2645 vero
2343 2587 2778 2647 distinctionem,
2824 2579 3184 2635 subsistentes
3236 2571 3482 2628 existene

1905 2690 2008 2743 tias
2030 2683 2358 2747 adorandas,
2391 2681 2442 2734 id
2471 2690 2555 2734 est
2585 2675 2709 2730 Filii
2739 2672 2958 2744 quidem
2996 2684 3060 2724 ex
3094 2668 3254 2722 Patre
3301 2662 3485 2732 spien-

1905 2787 2089 2838 dorem
2138 2775 2495 2838 ineﬁ‘abilem,
2528 2769 2710 2826 sancti
2767 2781 2901 2821 vero
2949 2762 3186 2833 Spiritus
3216 2774 3285 2813 ex
3325 2755 3489 2809 Patre

204 2861 339 2932 ὅλην
375 2861 633 2934 ὓπαρξιν,
670 2867 868 2936 μᾶλλον
895 2869 950 2921 δὲ
981 2871 1102 2923 οὐδὲ
1133 2874 1338 2942 κυρίως
1370 2850 1795 2944 ὒτταρξινυξάλλὰ

1907 2871 2381 2941 inconeeptibilem
2415 2865 2822 2938 processionem
2847 2902 2862 2928 ,
2890 2861 3127 2914 divinam
3160 2864 3327 2910 totam
3365 2850 3487 2904 esi-

205 2952 592 3056 υπερύπαρξιν
614 2975 643 3042 ἠ
674 2957 788 3011 ἀλλ’
828 2961 1016 3033 ἐπειδὴ
1065 2966 1213 3018 πᾶσα
1242 2966 1477 3039 ὕπαρξις
1516 2971 1573 3036 ἐξ
1601 2972 1793 3041 αὐτῆς,

204 3057 273 3095 εκ
293 3061 404 3096 των
425 3045 682 3099 αἰτιατῶν
710 3051 1022 3121 κτισμάτων
1044 3055 1369 3126 ὀνομάζεται
1402 3059 1654 3131 ὕπαρξις.
1687 3061 1796 3132 Τὴν

202 3154 340 3206 γουν
379 3137 676 3214 Θεαρχικὴν
710 3145 914 3215 ταύτην
962 3146 1198 3220 ὕπαρξιν
1236 3152 1384 3221 ὅλην,
1427 3155 1672 3209 τουτέστι
1699 3157 1797 3228 τὴν

203 3229 339 3331 μίαν
364 3231 457 3331 ξαί
490 3233 656 3303 μάνην
690 3233 936 3308 θεότητα,
963 3237 1106 3309 (ἔθος
1129 3241 1237 3314 γὰρ
1266 3244 1414 3316 αὐτῷ
1439 3245 1579 3299 οὕτω
1611 3248 1796 3302 καλεῖν

199 3323 302 3426 τὴν
343 3323 446 3426 της
467 3323 648 3426 furia;
684 3327 778 3378 καὶ
820 3329 987 3400 μόνης
1022 3337 1404 3406 προσκυνητῆς
1435 3338 1662 3408 Τριάδος
1697 3341 1796 3411 τὴν

201 3415 260 3465 ἐν
272 3413 819 3482 τρισὶνὝποστ-άσεσι
844 3424 1251 3496 γνωριζομένην
1273 3427 1501 3500 Οεότητα
1523 3431 1562 3503 ,)
1592 3434 1794 3506 ταύτην

203 3521 334 3610 γουν
356 3507 440 3558 ὅτι
466 3507 595 3560 ποτέ
625 3510 770 3563 ἐστιν
796 3514 827 3581 ἡ
856 3515 1284 3587 αὑτοαγαθότης,
1310 3521 1337 3570 ὁ
1367 3519 1571 3592 Κύριος
1603 3525 1658 3576 ἐν
1682 3527 1793 3588 τοῖς

201 3611 369 3667 ιεροις
405 3600 760 3670 Εὐαγγελίοις
788 3605 1070 3676 γνωρίζων
1102 3610 1231 3680 ἡμῖν
1256 3611 1525 3682 ὑμνεῖται,
1549 3617 1795 3670 τουτέστι

206 3690 349 3760 μετὰ
397 3693 576 3764 πάσης
623 3695 910 3761 εὐλαϐείας
957 3701 1048 3752 καὶ
1099 3701 1352 3773 θεότητος
1407 3713 1789 3763 κατανοεῖται’

203 3782 344 3853 αὐτὴ
385 3783 496 3854 γὰρ
543 3787 576 3855 ἡ
618 3785 844 3858 Θεαρχία
885 3791 912 3841 ὁ
959 3791 1161 3863 Κύριος
1215 3795 1592 3870 ὑφηγούμενος
1641 3801 1793 3871 ἔλεγε

205 3874 343 3944 πρὸς
368 3875 461 3927 τὸν
500 3877 788 3948 ἐρωτῶντα
809 3897 822 3909 ·
875 3881 935 3933 Τι’
967 3901 1044 3952 με
1075 3886 1272 3956 λέγεις
1297 3889 1557 3959 tiy‘aﬂdr;
1595 3893 1796 3961 οὐδεὶς

202 3971 448 4039 ἀγαθὸς,
475 3976 527 4025 εὶ
546 3973 633 4042 μὴ
659 3977 745 4042 εἷς
771 3980 802 4029 ό
844 3978 1006 4043 Θεός.
1045 3979 1216 4034 Τοῦτο
1245 3983 1343 4053 μὲν
1369 3979 1461 4036 οὖν
1488 3987 1580 4038 καὶ
1616 3988 1674 4040 ἐν
1699 3986 1795 4042 ἄλ-

203 4065 319 4130 λοις
364 4068 578 4138 εἴρηται
623 4072 751 4138 παρ’
781 4071 938 4142 ἡμῶν
971 4073 1276 4141 ἐξετασοὲν,
1323 4079 1403 4130 ὅτι
1451 4081 1510 4132 οὐ
1557 4081 1797 4152 μερικῶς

203 4161 291 4228 ἐφ’
324 4161 404 4213 ἐνί
436 4163 544 4216 τῶν
574 4164 879 4237 θεαρχικῶν
924 4171 1272 4224 ὑποστάσεων
1303 4171 1370 4224 τὰ
1413 4172 1637 4226 τοιαῦτα
1677 4175 1796 4229 ὀνό-

207 4269 357 4322 ματα
378 4252 646 4321 λέγονται,
675 4257 788 4311 ἁλλ’
818 4262 910 4314 ἐπὶ
931 4262 1032 4332 τῆς
1059 4263 1186 4334 ὅλης
1214 4264 1308 4317 καὶ
1334 4263 1575 4336 πλήρους
1606 4266 1795 4338 θεότη-
1824 4239 1866 4296 C

201 4364 300 4410 τος
321 4364 333 4374 ·
386 4348 480 4400 καὶ
511 4349 591 4402 ὅτι
627 4353 801 4406 πάντα
841 4355 1016 4409 ταῦτα
1046 4355 1116 4412 τά
1143 4357 1301 4413 κοινά
1328 4359 1568 4429 ὀνόματα
1606 4361 1794 4414 ἀνατί-

202 4437 675 4546 Ειενταιηάμερῶς,
718 4443 779 4495 οὐ
827 4445 1158 4517 μεριζόμενα
1200 4449 1341 4502 κατὰ
1387 4449 1794 4521 ἀποκλήρωσιν,

197 4531 279 4594 ὡς
308 4533 686 4618 ενιηρόσωπον
712 4576 726 4598 ,
769 4536 883 4590 ἀλλ’
913 4540 996 4608 ἐφ’
1025 4541 1104 4592 ἐνὶ
1135 4542 1368 4613 ἑκάστῳ,
1419 4545 1511 4596 καὶ
1556 4545 1648 4596 ἐπὶ
1685 4546 1796 4607 τοῖς

201 4626 357 4693 τρισὶ
398 4625 614 4691 κοινῶς,
670 4629 972 4694 ἀπολύτως,
1027 4633 1305 4686 τουτέστιν
1347 4635 1410 4687 οὐ
1459 4635 1596 4705 μετά
1652 4653 1796 4698 τινος

205 4716 529 4819 ΞροσΟή-κης
576 4721 656 4784 εἰς
704 4720 762 4774 ἓν
795 4723 1113 4794 Πρόσωπον,
1167 4728 1260 4780 καὶ
1303 4727 1428 4798 δίχα
1471 4728 1672 4800 ταύτης
1717 4733 1796 4793 είς

200 4807 369 4860 ἇΑλο·
408 4809 522 4862 αλλ’
558 4812 1018 4886 ἀπαρατηρήτως,
1053 4817 1127 4881 ὡς
1171 4819 1254 4886 ἐφ’
1303 4819 1383 4870 ἐνὶ
1426 4820 1658 4891 ἑκάστῳ,
1704 4823 1796 4874 καὶ

203 4900 300 4952 ἐπὶ
345 4904 458 4964 τοῖς
501 4904 648 4973 τρισὶ
690 4904 916 4968 κοινῶςο
953 4909 1047 4960 καὶ
1087 4909 1162 4972 ὡς
1216 4910 1429 4974 κοινῶς,
1466 4913 1556 4965 καὶ
1593 4914 1677 4982 ἐφ’
1711 4915 1794 4968 ἑνὶ

203 4993 447 5064 ἑκάστῳ,
479 4997 572 5047 καὶ
601 4995 797 5059 ὑλικῶς
832 5000 923 5053 ἐπὶ
956 5000 1140 5071 ἁπάσῃ
1181 5005 1246 5072 τῇ
1283 5003 1493 5074 ὁλότητι
1536 5004 1636 5074 τῆς
1679 5005 1795 5058 050'-

201 5103 388 5156 τητος.
434 5087 541 5140 Καὶ
586 5088 715 5156 γοῦν
745 5091 838 5143 καὶ
877 5091 952 5154 ὡς
984 5093 1042 5144 ἐν
1088 5092 1266 5156 ἄλλοις
1305 5095 1721 5167 ὑπεμνήσαμεν,
1759 5101 1788 5154 ὁ

203 5181 280 5252 μὴ
308 5180 494 5245 κοινὰς
526 5178 662 5238 εἶναι
689 5185 862 5254 λέγων
890 5189 988 5252 τὰς
1018 5189 1324 5261 θεωνυμίας
1351 5191 1635 5263 ἁποσχίζει
1667 5195 1794 5246 ἀσε-

198 5273 315 5335 ϐως
344 5274 445 5344 τὴν
476 5275 700 5346 ἑνότητα
739 5280 837 5349 τῆς
879 5283 1260 5352 προσκυνητῆς
1291 5283 1333 5332 Τ
1341 5284 1535 5352 ριάδος.
1580 5284 1793 5353 Ῥητέον

199 5365 296 5420 οὖν
319 5369 396 5431 ὡς
419 5370 480 5422 τὸ
506 5369 563 5421 ἐν
582 5371 936 5441 Εὐαγγελίοις
952 5375 1285 5442 ἀγαθὸς-ἐπὶ
1316 5373 1422 5426 τῶν
1440 5373 1605 5446 τριῶν
1634 5373 1794 5444 θεαρ-

205 5460 375 5532 έικῶν
421 5462 802 5517 Ὑποστάσεων
837 5465 1152 5538 ἐκληπτέον,
1197 5467 1425 5538 καὶγὰρ
1468 5468 1610 5520 καὶὸ
1658 5467 1794 5534 ἀγα-

199 5554 409 5624 Θοςιυὴς
440 5555 611 5624 Λόγος
632 5555 798 5624 λέγει·
837 5561 905 5612 Εἰ
927 5558 1039 5612 οὖν
1061 5563 1092 5610 ό
1123 5561 1427 5628 ὀφθαλμός
1453 5577 1568 5614 σου
1607 5574 1791 5626 πονη-

282 5725 321 5744 πι
352 5713 523 5770 Marc.
561 5731 617 5776 ι,
656 5716 743 5770 l8.

1903 2967 2182 3031 stentiam,
2215 2965 2296 3018 vel
2346 2961 2527 3032 potius
2568 2956 2790 3027 proprie
2825 2968 2933 3008 non
2983 2947 3358 3007 existentiam,
3391 2943 3485 2996 sed

1903 3055 2439 3128 superexistentiam,
2473 3053 2568 3106 sed
2599 3048 2863 3120 quoniam
2887 3043 3064 3098 omnis
3100 3037 3388 3095 existentia
3417 3050 3482 3088 ex

1903 3156 2018 3223 ipsa
2047 3161 2162 3219 est,
2193 3164 2259 3205 ex
2292 3147 2499 3205 eﬂ‘ectis
2524 3145 2795 3202 creaturis
2827 3137 3119 3196 existentia
3148 3133 3481 3189 nominatur.

1902 3247 2054 3302 lianc
2079 3247 2259 3313 itaque
2290 3241 2527 3296 divinam
2559 3245 2726 3292 totam
2753 3231 3126 3294 existentiam,
3158 3227 3213 3281 id
3243 3235 3328 3279 est
3360 3223 3485 3275 uni-

1900 3354 2021 3394 cam
2049 3346 2103 3392 et
2133 3335 2302 3392 solam
2335 3333 2598 3387 Deitatem
2634 3329 2736 3401 (sic
2766 3327 2909 3382 enim
2935 3321 3210 3393 appellare
3253 3330 3482 3375 consue-

1903 3430 1980 3482 vit
2029 3434 2233 3484 sancta:
2285 3434 2449 3493 atque
2503 3421 2675 3477 solum
2729 3416 3019 3471 adorandae
3080 3408 3367 3465 Trinitatis
3427 3405 3482 3457 in

1902 3522 2073 3577 tribus
2098 3516 2356 3574 Personis
2383 3515 2622 3585 agnitam
2657 3509 2978 3577 Deitalem);
3006 3507 3144 3559 hanc
3168 3543 3185 3570 ,
3227 3502 3484 3569 inquam,

1901 3618 2073 3685 ipsam
2100 3626 2196 3682 per
2231 3624 2292 3664 se
2326 3608 2622 3663 bonitatem
2677 3617 2822 3667 esse,
2872 3601 2924 3653 in
2971 3593 3280 3665 Evangeliis
3328 3589 3484 3644 nobis

1899 3707 2204 3764 declarasse
2243 3702 2507 3756 Dominus
2558 3696 2906 3767 prmdicatur,
2940 3692 2992 3745 id
3042 3700 3128 3743 est
3177 3701 3302 3741 cum
3335 3683 3484 3738 omni

1900 3800 2163 3869 religione
2214 3810 2278 3850 ac
2331 3793 2618 3849 divinitate
2669 3786 3018 3859 agnoscitur;
3078 3796 3206 3834 nam
3258 3781 3486 3848 ipsemet

1901 3895 2043 3948 Deus
2060 3889 2320 3944 Dominus
2343 3884 2666 3954 explicando
2691 3879 2828 3935 dixit
2845 3877 3061 3932 cuidam
3086 3869 3481 3939 interroganti:

1903 3984 2044 4051 Quid
2068 3998 2148 4036 me
2169 3980 2300 4035 dicis
2324 3984 2514 4032 bonum
2531 3978 2554 4029 ?
2573 3991 2720 4030 nemo
2741 3973 2931 4036 bonus,
2957 3969 3058 4023 nisi
3084 3967 3225 4021 solus
3254 3964 3394 4017 Deus
3419 3972 3481 4013 ω.

1907 4079 2102 4133 Verum
2154 4075 2259 4129 hoc
2308 4072 2433 4127 aliis
2477 4070 2642 4125 etiam
2691 4065 2825 4120 locis
2874 4079 2904 4117 a
2956 4060 3113 4115 nobis
3147 4057 3482 4127 expositum,

1905 4168 2206 4224 istiusmodi
2246 4167 2464 4221 nomina
2515 4178 2619 4216 non
2655 4156 2966 4229 partinliter
2997 4153 3064 4206 de
3105 4167 3212 4204 una
3241 4164 3310 4203 ex
3351 4147 3484 4201 Per-

1901 4263 2046 4318 sonis
2073 4259 2271 4315 divinis
2299 4257 2428 4320 dici,
2450 4255 2543 4309 sed
2573 4253 2641 4306 de
2670 4259 2778 4305 tota
2809 4249 3078 4318 plenaque
3105 4243 3318 4296 Deitate
3342 4257 3355 4304 ;
3385 4252 3484 4290 nec

1900 4370 2009 4409 non
2057 4351 2240 4408 omnia
2293 4350 2406 4403 haec
2463 4347 2684 4402 nomina
2743 4338 3056 4399 communia
3102 4335 3204 4403 ipsi
3258 4332 3482 4386 attribui

1902 4446 2333 4518 imparticipate,
2386 4442 2438 4495 id
2499 4449 2583 4494 est
2643 4453 2748 4491 nun
2803 4432 3131 4504 participata
3183 4425 3482 4481 secundum

1901 4534 2486 4602 atlributionem,sieut
2507 4547 2612 4586 una
2637 4529 2897 4592 Persona,
2914 4525 3007 4580 sed
3032 4521 3099 4576 ad
3125 4530 3484 4586 unamquam-

1899 4649 2004 4705 que
2049 4643 2106 4688 et
2150 4633 2215 4686 ad
2243 4640 2350 4684 tres
2401 4629 2453 4682 in
2501 4624 2799 4685 communi,
2832 4619 3097 4681 absolute,
3131 4615 3185 4668 id
3233 4622 3318 4666 est
3363 4610 3483 4662 sine

1899 4728 2005 4782 ulla
2038 4724 2383 4780 restrictione
2413 4722 2479 4776 ad
2522 4733 2686 4774 unam
2742 4715 3062 4773 Personam,
3096 4707 3176 4762 vel
3225 4706 3343 4760 sine
3380 4705 3483 4755 hac

1900 4825 1966 4876 ad
1995 4819 2182 4883 aliam,
2208 4816 2302 4872 sed
2335 4815 2452 4869 sine
2483 4808 2874 4873 reservatione,
2910 4803 2988 4858 uti
3021 4804 3088 4854 ad
3123 4812 3483 4864 unamquam-

1898 4928 2023 4980 que,
2053 4911 2134 4964 sic
2162 4911 2330 4964 etiam
2360 4907 2428 4960 ad
2463 4913 2574 4958 tres
2608 4904 2662 4955 in
2698 4895 2977 4955 communi
3004 4912 3018 4961 ;
3050 4901 3106 4947 et
3152 4889 3477 4950 universim,

1902 5013 2010 5057 tam
2037 5003 2104 5056 ad
2138 5010 2598 5070 unamquamque,
2638 5007 2802 5064 quam
2843 4989 3101 5044 universe
3151 4983 3219 5037 ad
3259 4996 3479 5037 onmem

1854 5106 1856 5108 ’
1899 5096 2310 5151 universitatem
2343 5088 2645 5146 divinitatis
2669 5083 2884 5139 referri.
2912 5077 3215 5148 Siquidem,
3244 5083 3303 5126 ut
3347 5071 3477 5125 alibi

1898 5186 2264 5249 meminimus,
2285 5182 2377 5252 qui
2402 5183 2517 5236 haec
2539 5179 2725 5233 divina
2750 5173 2970 5229 nomina
2995 5180 3157 5241 negat
3178 5182 3300 5222 esse
3329 5179 3477 5218 com-

1899 5279 2102 5344 munia,
2136 5276 2390 5332 distrahit
2419 5273 2644 5330 omnino
2675 5267 2842 5337 impie
2879 5266 3141 5319 unitatem
3183 5256 3475 5312 adoranin

1897 5371 2198 5425 Trinitatis.
2249 5368 2543 5424 Dicendum
2595 5366 2796 5432 itaque,
2830 5361 2882 5412 in
2936 5351 3245 5423 Evangeliis
3284 5364 3471 5402 vocem

1896 5465 2062 5536 329
2092 5465 2236 5519 illam
2269 5465 2430 5518 bonus
2470 5461 2536 5516 de
2578 5458 2750 5512 tribus
2790 5451 2992 5508 divinis
3035 5446 3294 5502 Personis
3327 5443 3473 5495 acci-

1903 5560 2155 5628 piendam
2191 5571 2337 5623 esse;
2369 5571 2490 5610 nam
2525 5555 2726 5609 bontun
2765 5546 3002 5604 Verbum
3033 5544 3148 5596 ait:
3181 5543 3259 5592 du
3285 5535 3470 5591 oculus

297 5874 408 5941 t53)
441 5870 573 5931 Vide
607 5871 828 5931 Scholia
855 5873 911 5933 S.
944 5873 1189 5943 Maxim.,
1227 5883 1357 5932 tom.
1388 5874 1449 5942 ll,
1487 5890 1605 5946 cap.
1635 5873 1671 5926 2
1731 5873 1803 5928 De
1840 5873 2031 5930 divinis
2059 5871 2314 5926 nominib.
