3876 6226
382 345 485 401 697

1558 335 1615 392 5.
1654 334 1960 401 ῡΙΟΝΥΞΙΙ,
1987 334 2454 392 ΑΒΕΟΡΑΟΠΕ

3532 339 3645 395 69.8

379 454 491 511 lum
528 454 681 509 nobis
718 462 841 507 sunt
871 451 1089 521 ignota,
1120 450 1196 506 ttti
1232 463 1419 505 revera
1453 459 1614 513 sunt,
1642 451 1734 504 sed
1780 450 1943 503 etiam

2067 447 2247 515 rvebat;
2278 448 2595 505 ἰνδάλλεται.
2624 451 2737 504 Καὶ
2775 449 3147 520 ἑνθεουμένοις
3184 451 3273 506 διὰ
3316 453 3647 525 καθάρσεως

386 546 593 616 angelis
642 544 1025 606 inferioribus;
1074 557 1102 595 a
1156 542 1287 596 solis
1324 549 1501 596 autem
1549 543 1816 608 supremis
1859 557 1954 596 co-

385 648 742 709 gnost-untur,
775 646 958 703 utpote
990 634 1163 703 dignis
1202 633 1665 701 praestantioribus
1695 633 1954 689 unitioni-

384 732 505 786 hns.
540 730 694 783 llisce
717 727 913 782 divinis
942 724 1226 779 unionibus
1257 725 1323 779 ad
1353 726 1663 796 angelorum
1693 725 1952 780 imitatio-

387 839 511 879 nem
544 823 706 877 unita:
738 832 863 876 sunt
895 827 1103 874 mentes
1130 818 1229 871 illan
1258 816 1547 873 deiformes
1580 817 1949 887 theologorum

387 932 452 969 ac
495 915 905 985 prophetarum,
950 926 1187 981 cumque
1234 910 1354 965 talis
1394 911 1476 965 eis
1518 911 1647 964 unio
1677 910 1952 980 obtigerit,

384 1008 571 1077 utique
617 1013 833 1060 cessant
898 1007 1192 1059 secundum
1254 1016 1472 1058 omnem
1536 1001 1951 1056 intellectualem

383 1096 785 1165 operationem;
817 1110 921 1149 non
957 1096 1099 1149 enim
1126 1095 1178 1147 in
1207 1093 1446 1147 motione
1474 1091 1636 1156 Deus,
1662 1092 1755 1145 sed
1784 1092 1955 1160 magis

385 1188 440 1243 in
479 1189 694 1243 silentio
723 1195 777 1242 et
805 1187 986 1256 quiete
1026 1185 1203 1239 divina
1254 1183 1493 1251 cognitio
1540 1181 1849 1236 instillatur.
1890 1181 1956 1234 Et

386 1284 480 1351 qui
533 1280 771 1336 deiﬁcati
810 1289 939 1334 sunt
976 1288 1199 1347 propter
1240 1277 1533 1346 puritatem
1584 1275 1958 1345 propriissime

384 1372 556 1427 Deum
600 1371 821 1427 laudant
869 1386 937 1427 ex
998 1370 1303 1432 ablatione,
1354 1383 1518 1437 quam
1564 1379 1620 1422 et
1668 1376 1953 1438 negantem

384 1462 713 1532 theologiam
743 1471 967 1527 vocant;
1002 1460 1126 1529 quia
1178 1474 1283 1513 non
1322 1474 1543 1528 corpus,
1578 1474 1683 1513 non
1716 1458 1951 1524 habitus,

2054 538 2282 608 ὑμνοῦσι
2329 538 2390 591 τὸ
2432 539 2587 593 Θείον
2622 539 2934 612 κυριώτατα
2982 541 3040 607 ἐξ
3083 542 3445 613 ἀφαιρέσεως,
3476 548 3547 616 ἣν
3578 547 3644 617 δὴ

2054 632 2149 683 καὶ
2176 632 2537 703 ἀφαιρετικὴν
2566 631 2842 700 θεολογίαν
2890 635 3076 701 φασιν,
3117 636 3199 687 ὅτι
3238 637 3300 688 οὑ
3333 637 3512 706 σῶμα,
3539 640 3645 709 οὑχ

2053 722 2185 789 ἕξις,
2217 727 2279 777 οὑ
2322 724 2569 794 δύναμις,
2613 726 2705 778 καὶ
2744 723 2814 777 τὰ
2857 724 3053 793 λογικὰ
3089 727 3300 791 πάντα,
3330 729 3513 793 καθὼς
3546 734 3646 784 καὶ

2052 815 2141 868 διὰ
2167 815 2275 869 τῶν
2296 815 2421 886 ἑξῆς
2444 816 2721 887 σημαίνει,
2741 814 2899 868 τοῦτο
2918 817 3315 888 ἐλλαμφθέντες
3344 822 3645 891 ὑπερφυῶς

2055 906 2120 959 ὲκ
2143 907 2244 975 τῆς
2270 907 2523 978 τοιαύτης
2565 908 2804 979 ἀρρήτου
2844 907 3111 971 ὲνώσεως,
3152 910 3233 962 ὅτι
3276 911 3497 965 πάντων
3545 914 3645 965 ubi

2057 997 2171 1051 ἔστι
2218 998 2327 1051 τῶν
2374 998 2542 1052 ὄντων
2587 998 2781 1061 αἴτιον,
2836 1001 2968 1052 αὑτὸ
3021 1000 3077 1052 δὲ
3115 1002 3271 1055 οὐδὲν
3310 1004 3419 1055 τῶν
3441 1003 3640 1056 ὄντων’

2058 1091 2195 1162 πλὴν
2218 1091 2315 1161 οὑχ
2354 1091 2429 1154 ὡς
2472 1091 2694 1161 μηδαμῆ
2743 1091 3005 1162 μηδαμῶς
3051 1092 3131 1155 ὃν,
3162 1093 3276 1146 ἀλλ’
3315 1094 3392 1157 ὼς
3424 1094 3645 1146 πάντων

2059 1186 2398 1257 ὑπερουσίως
2451 1184 2809 1258 ἐξῃρημένον.
2849 1187 3210 1257 κυριωτάτην
3259 1188 3319 1239 δὲ
3354 1187 3502 1254 λέγει
3538 1186 3641 1256 τὴι

2060 1279 2119 1344 ἐξ
2176 1278 2517 1348 ἀφαιρέσεως
2556 1278 2693 1348 πρὸς
2732 1278 3135 1349 ἁντιδιαστολην
3187 1279 3287 1348 τῆς
3340 1297 3640 1349 καταφατι-

2065 1370 2187 1437 κῆςο
2228 1369 2280 1421 τί
2318 1369 2428 1440 γὰρ
2480 1369 2581 1422 οὑκ
2631 1368 2812 1433 ἐστιν,
2851 1369 3093 1440 οἴδαμεν·
3136 1371 3187 1424 τί
3237 1372 3294 1424 δέ
3332 1374 3503 1435 ἐστιν,
3546 1371 3651 1423 οὑκ

2064 1460 2304 1529 οἴδαμεν.

385 1572 492 1612 non
545 1559 742 1620 virtus,
776 1569 1077 1624 ceteraque
1125 1553 1431 1617 rationalia,
1462 1554 1716 1621 exsistit,
1769 1555 1911 1609 sicut
1964 1555 2018 1608 in
2052 1556 2409 1624 sequentibus
2463 1554 2724 1621 declarat,
2781 1556 2885 1610 hoc
2933 1569 3000 1609 ex
3042 1552 3345 1607 istiusmodi
3379 1546 3653 1606 ineﬂ'abili

385 1655 589 1710 unione
642 1655 1129 1723 supernaturaliter
1195 1649 1490 1715 illustrati,
1542 1650 1714 1719 ipsum
1771 1651 1988 1719 quidem
2024 1665 2205 1703 rerum
2262 1651 2508 1705 omnium
2573 1666 2692 1705 esse
2734 1666 2987 1713 causam,
3038 1650 3171 1705 nihil
3220 1658 3400 1702 autem
3453 1662 3650 1701 earum

385 1748 688 1813 exsistere,
727 1763 833 1801 non
888 1754 1064 1799 tamen
1125 1747 1276 1817 quasi
1329 1746 1462 1801 nihil
1512 1748 1733 1801 omnino
1788 1748 2003 1817 penitus
2050 1750 2319 1808 exsistat,
2362 1750 2455 1803 sed
2505 1749 2647 1817 quod
2696 1752 2765 1802 ab
2817 1749 3068 1801 omnibus
3116 1744 3653 1815 superessentialiter

383 1852 671 1910 exemptus
712 1840 803 1896 sit.
850 1841 1287 1911 Propriissimam
1329 1857 1491 1911 porro
1535 1842 1669 1897 dicit
1712 1843 1851 1897 hanc
1882 1858 1949 1897 ex
2011 1844 2287 1899 ablatione
2333 1845 2400 1898 ad
2457 1843 2824 1899 diﬂ‘erentiam
2873 1843 3030 1897 istius
3106 1839 3477 1894 alIirniantis:
3516 1838 3653 1906 quid

382 1934 529 1988 enim
566 1950 670 1989 non
708 1934 813 1999 sit,
856 1936 1055 1991 scimus
1080 1978 1095 2003 ,
1144 1938 1238 1993 sed
1283 1940 1412 2008 quid
1456 1940 1724 2006 exsistat,
1765 1941 2097 2011 ignoramus.

454 2026 600 2081 Illam
632 2028 798 2099 igitur
819 2045 981 2099 supra
996 2047 1156 2101 quam
1175 2032 1495 2099 essentiam,
1524 2042 1577 2086 et
1596 2049 1758 2102 supra
1782 2050 1947 2103 quam

2123 2034 2235 2105 Τὴν
2280 2034 2378 2106 μὲν
2415 2030 2512 2089 οὗν
2539 2035 2965 2106 ὑπερουσιότητα
3007 2033 3101 2086 καὶ
3139 2028 3520 2101 ὑπερύπαρξιν
3553 2028 3655 2099 τῆς

383 2118 757 2173 exsistentiam
778 2134 941 2189 supra
962 2135 1124 2190 quam
1148 2122 1427 2187 bonitatis,
1445 2123 1699 2191 quoniam
1722 2133 1777 2175 et
1799 2138 1959 2193 supra

381 2210 700 2276 bonitatem,
734 2218 791 2265 et
824 2226 988 2279 supra
1014 2227 1155 2277 esse,
1184 2222 1236 2267 et
1272 2229 1434 2284 supra
1478 2213 1650 2283 ipsam
1686 2216 1962 2271 exsisten-

383 2302 518 2355 tiam
546 2303 782 2357 exsistit.
810 2302 933 2359 Haec
959 2306 1100 2358 enim
1128 2308 1307 2359 omnia
1340 2308 1715 2376 productionis
1748 2308 1961 2377 signiti-

385 2395 655 2449 cationem
706 2394 934 2461 habent,
987 2397 1129 2451 Deus
1174 2407 1358 2452 autem
1391 2409 1476 2453 est
1526 2415 1687 2469 supra
1739 2416 1956 2453 omnem

383 2487 819 2555 productionem.
857 2490 997 2544 Deus
1039 2491 1219 2559 itaque
1245 2493 1371 2559 quid
1400 2492 1470 2546 sit
1498 2494 1704 2547 nemini
1741 2493 1958 2548 illorum

386 2579 478 2646 qni
508 2594 648 2634 verte
673 2582 921 2636 veritatis
945 2574 1219 2637 amatores
1241 2584 1530 2647 exsistunt,
1561 2586 1857 2654 praedicare
1880 2585 1961 2639 fas

385 2682 474 2725 est
504 2686 515 2720 :
560 2688 735 2741 neque
759 2684 817 2727 ut
850 2674 1142 2740 rationem,
1171 2690 1345 2745 neque
1374 2685 1430 2729 ut
1455 2677 1738 2739 virtutem,
1786 2691 1959 2745 neque

387 2765 605 2829 utalia,
635 2780 758 2834 quae
805 2776 933 2820 sunt
976 2768 1276 2833 recensita;
1310 2767 1475 2838 310
1523 2768 1617 2822 sed
1664 2778 1751 2823 est
1794 2783 1960 2838 super

388 2859 506 2912 haec
532 2859 747 2922 omnia,
800 2869 856 2913 et
903 2875 1000 2930 per
1048 2859 1425 2915 excellentiam
1459 2870 1763 2930 exemptus,
1800 2872 1857 2915 et
1891 2863 1959 2918 ab

386 2950 537 3005 omni
564 2950 769 3015 habitu,
800 2960 855 3005 et
876 2954 943 3005 ab
977 2952 1125 3005 omni
1160 2960 1333 3017 motu,
1366 2960 1421 3005 et
1462 2954 1529 3008 ab
1559 2954 1810 3007 omnibus
1841 2969 1961 3022 quae

387 3040 532 3094 circa
558 3040 672 3096 btec
694 3052 1003 3096 versantur.
1038 3042 1317 3111 Siquidem
1352 3042 1575 3096 habitus
1601 3053 1684 3097 est
1728 3044 1960 3111 qualitas

2064 2128 2560 2200 ὑπεραγαθότητος,
2594 2129 2687 2181 καὶ
2716 2128 2858 2198 ὑπὲρ
2898 2127 2957 2179 τὸ
2988 2125 3191 2193 ἀγαθὸν
3236 2124 3346 2195 γὰρ
3372 2125 3471 2176 καὶ
3510 2124 3656 2193 ὑπὲρ

2060 2219 2121 2272 τὸ
2146 2216 2303 2284 εἶναι,
2334 2221 2427 2273 καὶ
2454 2220 2593 2289 ὑπὲρ
2613 2220 2780 2290 αὑτὴν
2804 2218 2901 2289 τὴν
2926 2216 3157 2289 ὑπαρξίν
3177 2219 3312 2269 ἐστι.
3336 2215 3527 2269 Ταῦτα
3544 2216 3657 2286 γὰρ

2063 2312 2240 2366 πάντα
2267 2312 2601 2383 παραγωγῆς
2630 2311 2901 2383 σημασίαν
2929 2311 3139 2381 ἔχουσιν
3158 2328 3171 2340 ·
3222 2311 3361 2380 ὑπὲρ
3382 2309 3442 2362 δὲ
3472 2311 3657 2363 πᾶσαν

2061 2406 2399 2477 παραγωγὴν
2426 2403 2486 2457 τδ
2515 2404 2667 2458 Θεῖόν
2713 2406 2863 2457 ἐστι’
2890 2404 2949 2457 τὸ
2989 2404 3119 2471 γοῦν
3166 2402 3317 2455 Θεῖον
3358 2403 3386 2454 ὅ
3427 2418 3482 2453 τι
3521 2401 3658 2454 ποτέ

2062 2497 2231 2560 ἐστιν,
2258 2496 2433 2548 οὐδενὶ
2455 2495 2673 2566 θεμιτὸν
2697 2495 2935 2565 ὑμνῆσαι
2978 2494 3086 2547 τῶν
3112 2494 3225 2545 ὅσοι
3253 2494 3390 2545 εἰσὶν
3421 2493 3657 2561 ἐρασταὶ

2060 2588 2161 2656 τῆς
2185 2588 2353 2651 ὅντως
2380 2587 2656 2657 ἀληθείας,
2684 2586 2807 2639 οὑτε
2830 2586 2905 2649 ὡς
2929 2585 3087 2653 λόγον
3104 2625 3118 2647 ,
3147 2584 3269 2637 οὑτε
3293 2585 3368 2647 ὼς
3392 2584 3656 2655 δύναμιν,

2060 2678 2184 2731 οὑτε
2220 2679 2295 2743 ὡς
2322 2679 2491 2733 τᾶλλα
2514 2680 2660 2749 τάπη
2671 2678 2753 2747 ριθ
2762 2696 2834 2749 μη
2845 2678 2978 2749 μένα
2998 2695 3012 2707 ·
3047 2677 3187 2747 ὑπὲρ
3205 2675 3376 2727 ταῦτα
3393 2674 3453 2727 δὲ
3474 2675 3659 2727 πάντα

2064 2770 2200 2835 ἐστὶ,
2241 2772 2335 2824 καὶ
2378 2770 2720 2843 ὑπεροχικῶς
2748 2769 3102 2842 ἀφῃρημένον
3150 2767 3286 2829 ἐστὶ,
3330 2767 3427 2819 καὶ
3471 2766 3659 2835 πάσης

2067 2862 2252 2928 ἕξεως,
2282 2863 2377 2915 καὶ
2404 2862 2585 2931 πάσης
2618 2862 2906 2931 κινήσεως,
2935 2861 3028 2913 καὶ
3072 2860 3287 2913 πάντων
3316 2858 3416 2909 ὅσα
3440 2856 3659 2919 τούτοις

2065 2954 2579 3018 συνείλεκται.’Ἐξις
2609 2953 2705 3023 μὲν
2725 2948 2817 3005 οὖν
2836 2953 2951 3004 ἐστι
2967 2951 3203 3013 διάθεσις
3222 2949 3483 3020 ἐμμονος·
3508 2948 3663 3017 κίνη-

2064 3064 2148 3112 σις
2174 3048 2250 3112 δὲ,
2268 3047 2329 3099 τὸ
2355 3050 2419 3118 τῇ
2448 3046 2653 3118 ἠρεμίᾳ
2682 3042 3242 3113 ἀντιδιαστελλόμενον
3267 3042 3409 3094 κατὰ
3439 3040 3658 3093 πολλῶν

390 3130 717 3198 innnanens,
768 3140 946 3186 motus
998 3140 1180 3186 autem
1237 3139 1321 3185 est
1380 3131 1433 3185 id
1470 3133 1615 3201 quod
1668 3134 1960 3202 opponitur

2067 3141 2361 3211 τιθέμενον·
2394 3139 2598 3210 ἐξαχῶς
2616 3138 2672 3209 (ί.
2695 3136 2899 3208 ἐξάγει)
2928 3136 3036 3207 γὰρ
3064 3138 3097 3205 ἡ
3121 3134 3352 3206 κίνησις,
3379 3133 3499 3203 ζωὴ
3523 3132 3584 3184 δὲ
3600 3132 3663 3183 τὸ

389 3221 597 3291 quieti;
638 3238 762 3291 qua:
788 3224 1057 3292 Oppositio
1088 3224 1140 3278 in
1180 3224 1426 3291 pluribus
1453 3223 1749 3278 consistit:
1782 3236 1961 3280 motus

2067 3229 2233 3283 ταῦτα
2255 3229 2495 3282 δεικνύον
2520 3229 2715 3297 ἐνεργά
2733 3245 2745 3257 ·
2778 3226 3045 3296 φαντασία
3069 3226 3128 3279 δὲ
3152 3224 3213 3277 τὸ
3238 3225 3295 3277 ὲν
3346 3224 3415 3293 τῇ
3446 3221 3662 3291 διανοίᾳ.

388 3315 533 3368 enim
562 3314 731 3381 elicit,
759 3315 866 3368 vita
898 3330 1026 3369 vero
1076 3315 1188 3370 haec
1221 3315 1459 3370 ostendit
1504 3314 1777 3381 efﬁcacia;
1819 3316 1957 3369 inia-

2067 3321 2474 3375 ἀνατυπωτικόν
2494 3338 2507 3351 ο
2534 3320 2660 3387 δόξα
2685 3319 2742 3371 δὲ
2783 3314 3317 3387 πεπληροφορημένη
3345 3312 3625 3383 ὑπόληψις
3643 3329 3657 3341 ·

388 3406 592 3474 ginatio
624 3415 708 3461 est
755 3406 807 3460 id
837 3406 978 3475 quod
1010 3406 1063 3459 in
1115 3406 1389 3461 intellectu
1435 3408 1645 3477 species
1686 3407 1957 3471 ell'ormat,

2067 3414 2270 3467 διάνοια
2297 3416 2330 3484 ὴ
2359 3410 2756 3483 ὲπιστημονικὴ
2783 3409 2898 3475 ἕξις
2922 3410 3021 3480 τῆς
3036 3407 3214 3478 ψυχῆς
3237 3424 3251 3437 ·
3278 3406 3472 3475 νόησις
3499 3408 3534 3476 ἡ
3564 3402 3660 3456 τοῦ

388 3497 571 3564 opinio
597 3506 777 3552 autem
807 3508 892 3552 est
915 3513 1176 3568 persuasa
1204 3499 1540 3569 conjectura,
1572 3500 1846 3554 sententia
1878 3509 1963 3553 est

2067 3506 2181 3569 νοὸς
2208 3506 2487 3576 ὲνέργεια’
2521 3505 2706 3566 στάσις
2757 3502 2873 3554 ἐστὶ
2926 3501 3025 3571 μὲν
3061 3500 3155 3553 καὶ
3201 3500 3234 3569 ἡ
3282 3497 3493 3567 ἠρεμία
3523 3494 3663 3565 πρὸς

392 3589 728 3645 seientilicus
773 3592 940 3645 animi
993 3592 1233 3657 habitus,
1284 3592 1581 3647 intellectio
1636 3600 1720 3647 est
1766 3592 1963 3647 mentis

2067 3599 2163 3670 τὴν
2201 3597 2414 3668 κίνησιν
2443 3594 2984 3665 ἀντιδιαστελλομένη
3005 3632 3019 3655 ,
3076 3591 3189 3644 ἔστι
3228 3589 3285 3641 δὲ
3316 3590 3410 3641 καὶ
3434 3587 3499 3640 τὸ
3526 3587 3661 3639 αὑτὸ

390 3683 657 3749 operatio,
685 3684 847 3738 statio
880 3695 963 3738 est
996 3685 1214 3752 quidem
1247 3686 1412 3739 etiam
1436 3686 1592 3755 quies
1636 3700 1758 3754 qua:
1790 3685 1963 3740 motui

2067 3693 2130 3761 τῇ
2162 3689 2388 3759 ἱδρύσει,
2422 3688 2545 3757 ἥτις
2594 3686 2965 3757 παρείληπται
2994 3684 3057 3734 ὲκ
3106 3681 3205 3750 τῆς
3238 3678 3346 3731 τῶν
3385 3676 3659 3747 Ἐλλήνων

391 3776 700 3842 opponitur,
735 3784 1106 3830 verumtamen
1137 3790 1356 3845 quoque
1403 3776 1545 3831 idem
1575 3787 1658 3831 est
1682 3777 1825 3845 quod
1859 3786 1967 3829 sta-

393 3863 601 3930 bilitas,
635 3881 733 3936 pro
758 3881 863 3934 qua
910 3880 979 3920 ex
1030 3866 1345 3921 Graecorum
1394 3882 1491 3921 usu
1542 3868 1827 3935 accipitur.
1887 3866 1963 3920 Illi

394 3957 538 4010 enim
575 3958 907 4022 statuebant,
931 3965 987 4011 et
1007 3959 1327 4027 quibusdam
1354 3961 1546 4014 ritibus
1568 3962 1967 4018 conﬁrmabant

394 4065 489 4103 cus
532 4050 619 4119 qui
648 4048 775 4103 olim
821 4050 959 4118 apud
988 4064 1083 4104 eos
1111 4050 1181 4103 dii
1212 4050 1572 4104 habebantur.
1611 4051 1843 4115 Ἔνωσις
1868 4068 1961 4108 seu

395 4139 524 4194 unio
556 4148 639 4194 est
672 4142 871 4195 mentis
895 4150 1155 4205 attactus,
1198 4150 1254 4196 et
1286 4142 1445 4211 quasi
1474 4144 1740 4213 cognitio;
1772 4145 1964 4198 termi-

396 4249 524 4297 nus,
556 4235 701 4303 quod
734 4250 837 4288 non
875 4245 932 4289 ut
960 4249 1086 4303 pars
1132 4243 1216 4289 est
1271 4235 1324 4289 in
1355 4236 1669 4299 terminato,
1698 4245 1755 4290 ut
1784 4240 1968 4292 termi-

399 4340 504 4379 nus
532 4325 689 4379 lineae
719 4336 802 4380 est
832 4335 1115 4395 punctum,
1169 4333 1226 4379 et
1275 4325 1541 4378 terminus
1593 4327 1848 4396 temporis
1885 4336 1971 4381 est

398 4430 562 4483 nunc,
591 4432 685 4471 seu
714 4418 952 4479 instans;
984 4418 1195 4471 instans
1227 4425 1406 4472 autem
1430 4417 1585 4471 estin
1618 4427 1880 4486 tempore,
1915 4431 1970 4473 et

402 4526 507 4565 non
561 4519 817 4581 tanquam
868 4524 993 4577 pars
1028 4512 1319 4579 temporis;
1364 4526 1488 4563 nam
1531 4525 1655 4578 pars
1710 4511 1968 4580 temporis

372 4620 379 4627 '
400 4616 615 4674 tempus
635 4606 871 4659 exsistit.
894 4603 1135 4659 latinitas
1161 4613 1244 4659 est
1263 4603 1458 4657 inﬁniti
1489 4606 1821 4660 coextensio.
1843 4605 1970 4661 Haec

402 4697 582 4758 omnia
621 4712 726 4751 non
762 4705 890 4751 sunt
935 4696 1197 4763 essentia,
1232 4697 1327 4751 sed
1374 4697 1519 4751 circa
1548 4699 1845 4752 essentiam
1882 4699 1967 4751 vi-

2069 3774 2374 3845 συνηθείας.
2415 3774 2642 3827 Ἐκεῖνοι
2688 3772 2796 3842 γὰρ
2842 3772 3005 3825 ἴστων
3042 3770 3136 3821 καὶ
3162 3768 3343 3838 ἵδρυον
3377 3765 3469 3819 διά
3495 3782 3663 3818 τινων

2068 3866 2301 3921 τελετῶν
2348 3866 2476 3929 τοὺς
2521 3864 2983 3935 δοκιμαζομένους
3030 3861 3292 3931 πρότερον
3323 3858 3483 3921 θεοὺς
3526 3858 3660 3928 παρ’

2068 3964 2270 4025 αὑτοῖς.
2309 3962 2541 4022 Ἔνωσις
2568 3960 2601 4029 ἡ
2624 3957 2717 4011 τοῦ
2744 3957 2862 4020 νοὸς
2888 3955 3072 4025 ἐπαφὴ
3098 3954 3192 4005 καὶ
3217 3951 3376 4005 οἱονεί
3402 3968 3489 4013 τις
3515 3950 3663 4018 γνῶ-

2071 4072 2152 4119 σις
2171 4072 2184 4084 ·
2216 4054 2410 4125 πέρας,
2438 4052 2499 4105 τὸ
2526 4052 2624 4121 οὑχ
2649 4050 2723 4113 ὡς
2755 4049 2924 4120 μέρος
2951 4050 3008 4099 ἐν
3030 4046 3109 4116 τῷ
3140 4044 3535 4116 περατουμένῳ
3575 4044 3657 4105 ὃν,

2070 4148 2144 4211 ὡς
2171 4147 2345 4218 πέρας
2368 4144 2633 4216 γραμμῆς
2675 4144 2709 4213 ἡ
2738 4142 2938 4213 στιγμή
2958 4158 2972 4171 ’
3005 4140 3099 4192 καὶ
3124 4138 3299 4208 πέρας
3324 4136 3417 4190 τοῦ
3461 4138 3657 4209 χρόνου

2069 4242 2130 4295 τὸ
2153 4242 2247 4295 νῦν
2266 4260 2279 4272 ο
2308 4243 2369 4295 τὸ
2400 4242 2456 4296 δὲ
2488 4242 2581 4296 νῦν
2606 4243 2664 4295 ἐν
2689 4240 2766 4311 τῷ
2793 4240 2987 4311 χρόνῳ,
3016 4242 3107 4293 καὶ
3130 4240 3229 4307 οὑχ
3251 4238 3323 4300 ὡς
3374 4236 3539 4306 μέρος
3564 4232 3658 4286 τοῦ

2073 4334 2264 4406 χρόνου
2286 4351 2299 4363 °
2327 4334 2388 4386 τὸ
2413 4332 2521 4405 γὰρ
2550 4334 2713 4404 μέρος
2736 4332 2830 4385 τοῦ
2857 4332 3045 4403 χρόνου
3089 4330 3299 4401 χρόνος.
3340 4327 3597 4398 Ἀπειρξα
3624 4326 3658 4394 ἡ

2070 4426 2165 4480 τοῦ
2239 4427 2468 4498 ἀπείρου
2518 4426 2983 4497 συμπαρέκτασις.
3037 4425 3103 4476 Ἀ
3144 4422 3318 4477 ταῦτα
3358 4422 3458 4473 οὑκ
3503 4420 3659 4471 οὑσία

2072 4521 2229 4581 εἰσὶν,
2256 4519 2392 4572 ἀλλὰ
2415 4520 2544 4590 περὶ
2568 4520 2755 4572 οὑσίαν
2782 4518 2993 4588 ὁρᾶται.
3024 4516 3241 4586 Ταύτης
3268 4514 3323 4567 δὲ
3362 4512 3525 4566 πάλιν
3560 4512 3661 4581 τῆς

2072 4610 2260 4673 οὐσίας
2281 4610 2341 4663 τὸ
2365 4611 2519 4663 Θεῖον
2547 4610 2888 4681 ὑπέρκειται,
2917 4608 3012 4661 καὶ
3048 4608 3151 4659 ὑπε
3163 4605 3372 4677 ρούσιόν
3415 4606 3536 4656 ἐστι
3565 4604 3659 4656 καὶ

2074 4702 2356 4774 ὑπέρθεον.
2388 4702 2603 4773 Ἐπειδὴ
2630 4702 2687 4755 δὲ
2709 4702 2839 4754 αὑτὸ
2861 4700 2956 4771 μὲν
2970 4699 3115 4752 ἔστιν
3134 4697 3469 4768 ἀγαθότητος
3491 4696 3660 4766 ὑπαρ-

401 4790 619 4842 dentur.
650 4786 823 4855 Super
852 4788 991 4842 hanc
1012 4795 1191 4841 autem
1222 4787 1391 4856 ipsam
1426 4787 1718 4841 essentiam
1747 4802 1963 4842 rursum

2076 4793 2158 4859 ξις
2181 4795 2275 4845 καὶ
2296 4794 2395 4864 οὑχ
2418 4793 2606 4856 ἁπλῶς
2633 4791 2925 4861 ἀγαθότης,
2954 4789 3023 4843 τὰ
3042 4790 3100 4843 δὲ
3149 4789 3429 4859 κτίσματα
3478 4788 3656 4841 πάντα

402 4881 544 4934 Dens
558 4880 782 4945 eminet,
811 4889 865 4934 et
884 4894 1043 4949 supra
1070 4881 1363 4933 essentiam
1384 4886 1559 4943 est,et
1589 4894 1757 4948 supra
1777 4881 1964 4933 Deum.

402 4973 668 5040 Quoniam
698 4972 814 5040 ipse
845 4972 1061 5038 quidem
1099 4977 1183 5025 est
1202 4973 1441 5026 essentia
1470 4972 1749 5034 bonitatis,
1780 4982 1834 5026 et
1865 4987 1970 5027 non

404 5066 637 5135 simplici
684 5064 899 5119 ratione
941 5062 1189 5129 bonitas;
1236 5076 1419 5118 creata
1464 5079 1593 5118 vero
1622 5066 1805 5118 omnia
1850 5080 1973 5135 quae

406 5166 557 5223 sunt,
590 5157 753 5212 etiam
788 5156 954 5225 ipsius
986 5155 1071 5209 sui
1117 5170 1239 5209 esse
1277 5170 1496 5210 causam
1560 5154 1765 5209 habent
1802 5156 1971 5209 Deum

406 5255 461 5308 in
490 5255 593 5307 hoc
620 5252 737 5321 ipso
763 5264 904 5311 esse,
937 5248 1077 5317 quod
1133 5247 1370 5301 divinum
1424 5262 1620 5301 numen
1663 5248 1973 5301 etninenter

405 5346 573 5401 habet
598 5354 855 5412 tanquam
884 5341 1124 5395 essentia
1154 5340 1431 5403 bonitatis,
1466 5355 1563 5409 per
1587 5355 1750 5409 quam
1784 5344 1975 5408 utique

407 5440 707 5493 bonitatem
762 5439 927 5490 etiam
974 5449 1131 5488 omne
1179 5434 1323 5502 quod
1361 5442 1447 5487 est
1486 5434 1760 5501 produxit.
1796 5432 1975 5502 Atque

407 5532 535 5586 hinc
572 5530 853 5585 solvuntur
882 5528 1041 5581 fatuae
1057 5529 1343 5596 opiniones
1366 5540 1552 5579 eorum
1580 5526 1669 5594 qui
1706 5525 1826 5581 ausi
1850 5535 1977 5580 sunt

408 5622 630 5686 dicere,
690 5620 912 5675 insitam
987 5635 1110 5675 esse
1171 5621 1280 5674 Deo
1329 5625 1523 5673 natura
1573 5618 1809 5687 quadam
1866 5618 1975 5671 vim

407 5716 657 5779 creandi,
692 5714 834 5769 sicut
857 5713 1082 5768 insitum
1114 5720 1200 5767 est
1222 5709 1496 5765 araneolis
1529 5719 1734 5776 texere,
1767 5724 1864 5778 per
1888 5724 1977 5762 so-

412 5808 518 5860 iam
554 5808 695 5861 enim
740 5806 1032 5861 bonitatem
1069 5802 1323 5860 ittt‘ﬂal'ili
1359 5801 1632 5859 voluntate
1665 5801 1804 5857 Deus
1849 5816 1976 5871 pro-

2072 4884 2220 4947 ὄντα,
2248 4884 2341 4937 καὶ
2365 4882 2508 4937 κατά
2531 4882 2592 4935 τὸ
2616 4880 2753 4935 εἶναι
2777 4882 2953 4935 αἰτίαν
2978 4881 3159 4951 ἔχουσι
3186 4881 3276 4932 τὸν
3292 4879 3442 4943 Θεὸν,
3457 4880 3516 4931 ὲν
3536 4877 3659 4930 τού-

2074 4992 2151 5044 τῳ
2168 4974 2313 5045 αὑτῷ
2326 4974 2403 5045 τῷ
2437 4971 2597 5040 εἶναι,
2627 4975 2765 5045 ὅπερ
2787 4974 2898 5044 ἔχει
2924 4962 3274 5046 ἐξῃρημένως
3296 4972 3357 5023 τὸ
3379 4970 3556 5034 Θεῖον,
3581 4969 3657 5032 ὡς

2080 5066 2668 5137 ὑπαρξις,ἀγαθότητος
2692 5066 2759 5117 δι’
2781 5067 2848 5136 ἢν
2872 5065 2936 5135 δὴ
2961 5064 3272 5133 ἀγαθότητα
3314 5064 3407 5116 mi.
3445 5062 3507 5114 τὸ
3548 5063 3652 5114 πᾶν

2082 5159 2373 5228 παρήγαγε
2393 5174 2407 5188 ’
2439 5157 2531 5209 καὶ
2557 5158 2621 5209 ὲκ
2644 5155 2849 5208 τούτων
2888 5155 2941 5206 αἱ
2986 5153 3203 5223 ἀνόητοι
3240 5151 3391 5217 δόξαι
3435 5150 3655 5203 ἐκλύον-

2081 5267 2168 5303 ται
2214 5249 2321 5302 τῶν
2368 5247 2751 5319 τολμησάντων
2799 5246 2995 5313 λέγειν,
3047 5243 3205 5312 φύσει
3230 5243 3335 5295 τινὶ
3362 5243 3557 5294 ἐνεῖναι
3594 5239 3653 5291 τὸ

2080 5338 2467 5411 δημιουργικὸν
2490 5338 2568 5408 τῷ
2591 5336 2729 5407 Θεῷ,
2758 5336 2833 5398 ὡς
2858 5337 2953 5388 καὶ
2975 5338 3088 5397 τοῖς
3114 5334 3392 5405 ἀραχνίοις
3414 5331 3479 5384 τὸ
3503 5330 3657 5399 ὑφαί-

2083 5450 2192 5486 νειν
2212 5449 2225 5462 ·
2254 5433 2345 5486 διὰ
2367 5432 2475 5503 γὰρ
2504 5432 2671 5503 μόνην
2696 5430 3006 5499 ἀγαθότητα
3042 5428 3111 5480 τὰ
3160 5427 3433 5497 κτίσματα
3480 5423 3656 5493 παρή-

2081 5544 2250 5595 γαγεν
2272 5528 2301 5579 ὀ
2325 5526 2457 5589 Θεὸς
2483 5525 2705 5596 ἀρρήτῳ
2727 5522 2976 5592 θελήσει·
3006 5521 3129 5572 ἐπεὶ
3148 5516 3241 5573 οὖν
3263 5518 3455 5581 ταῦτα,
3482 5516 3575 5569 καὶ
3600 5515 3656 5565 ἐν

2082 5616 2232 5687 αὑτῷ
2257 5615 2334 5686 τῷ
2360 5611 2498 5668 εἶναι
2521 5614 2667 5667 αἰτία
2690 5614 2797 5666 τῶν
2821 5613 2987 5665 ὄντων
3011 5612 3158 5664 ἐστὶν
3180 5612 3208 5663 ὁ
3234 5609 3389 5673 Θεὸς,
3416 5609 3515 5679 τὴν
3538 5606 3657 5659 τού-

2081 5727 2174 5763 του
2211 5708 2485 5779 πρόνοιαν,
2532 5707 2653 5759 ἐπεὶ
2677 5704 2882 5775 ταύτης
2903 5704 3001 5774 τῆς
3038 5704 3218 5767 αἰτίας
3245 5702 3491 5771 ἀνωτέρα
3515 5697 3655 5753 αἰτία

2082 5804 2181 5856 οὑκ
2208 5801 2371 5867 ἔστιν,
2402 5800 2460 5867 ἐξ
2485 5792 2552 5871 ἦς
2577 5794 2967 5873 ὑμνηθήσεται,
2994 5797 3056 5848 ὲκ
3084 5795 3189 5848 τῶν
3208 5793 3461 5849 αἱτιατῶν
3487 5793 3646 5862 ὑμνη-
