3876 6226
189 366 307 423 629

665 323 677 336 ’
778 362 865 417 DE
903 361 1156 416 DiVlNlS
1196 358 1595 426 NOMINIBUS,
1631 359 1785 415 ear.

1903 391 1971 401 --
2015 355 2364 412 PARAPllR.
2407 352 2876 410 ΡΑΕΙΙΥΜΕΒΑΞ.

3364 353 3466 409 6'50

186 482 340 535 τέον.
390 479 491 533 Διὰ
537 480 628 545 τίς
671 479 752 534 ὅτι
795 478 893 532 καὶ
932 478 1063 549 περί
1107 477 1278 548 αὐτὴν
1321 477 1501 530 πάντα
1543 474 1619 537 ὡς
1660 472 1789 544 περὶ

1903 474 2041 527 luxit
2062 479 2365 527 creaturas.
2396 470 2532 525 Cum
2559 469 2673 524 hare
2693 468 3057 538 itaque,quod
3084 468 3247 524 etiam
3277 470 3329 525 in
3350 472 3467 540 ipso

186 572 394 637 αἴτιον,
422 574 518 628 καὶ
546 572 898 643 δημιουργὸν,
938 572 1033 625 καὶ
1076 571 1269 641 ἀρχὴν,
1299 570 1374 633 ὼς
1402 569 1532 640 περί
1567 568 1630 621 τὸ
1667 566 1790 620 κέν-

186 684 325 737 τρον
349 668 382 737 ἡ
409 664 757 737 περιφέρεια,
786 663 862 727 ὡς
885 664 950 717 ἄν
982 680 1067 725 τις
1092 662 1236 716 εἴποι
1259 660 1347 714 διὰ
1370 662 1470 732 τὴν
1494 660 1604 713 τῶν
1631 660 1788 729 λεγο-

192 760 376 830 μὲνων
404 760 720 830 σαφήνειαψ
740 757 834 810 καὶ
860 756 1028 825 αὐτῆς
1051 755 1236 819 ἓνεκα,
1250 755 1325 819 ὡς
1341 755 1529 818 τέλους
1547 754 1785 807 πάντωνο

188 854 291 904 καὶ
313 850 456 921 αὑτὴ
480 850 587 921 πρὸ
609 850 828 903 πάντων
856 848 1025 901 ἐστίν.
1068 847 1235 918 Ἀρχὴ
1263 846 1375 918 γὰρ
1393 848 1487 899 καὶ
1502 845 1655 909 τέλος
1679 844 1789 898 τῶν

186 944 457 994 ἁπάντων
484 939 638 1003 Θεὸς,
668 938 807 1009 πλὴν
834 935 1144 1008 ὑπερεξῃρη
1155 935 1329 1006 μένως
1354 934 1447 986 καὶ
1465 933 1786 1003 δημιουργι-

186 1034 310 1096 κῶς
331 1048 346 1062 ·
394 1033 492 1085 καὶ
539 1031 649 1102 γὰρ
687 1032 748 1083 οὐ
780 1031 875 1083 σὺν
904 1028 1073 1099 αὐτῷ,
1103 1028 1217 1081 ἀλλ’
1242 1030 1300 1080 ἐν
1343 1026 1491 1096 αὐτῷ
1514 1025 1582 1078 τὰ
1610 1026 1789 1078 πάντα

189 1128 503 1197 συνέστηκε
525 1142 539 1156 ’
571 1126 666 1178 καὶ
692 1126 748 1176 ἐν
773 1122 851 1193 τῷ
876 1120 1013 1175 εἶναι
1039 1122 1100 1174 τὸ
1124 1121 1329 1189 Θεῖονή
1359 1119 1666 1189 παραγωγὴ
1694 1118 1789 1170 καὶ

187 1220 500 1281 ὑπόστασις
543 1218 798 1270 ἁπάντων
824 1214 960 1267 ἐστί.
993 1212 1194 1265 Τούτου
1240 1212 1416 1265 πάντα
1442 1209 1690 1278 ἐφίεται·
1719 1206 1791 1260 τὰ

191 1308 301 1379 μὲν
329 1309 515 1379 νοερὰ,
560 1308 729 1378 ἤγουν
767 1306 816 1359 οἰ
860 1305 1103 1373 ἄγγελοι,
1145 1304 1240 1357 καὶ
1280 1301 1351 1354 τὰ
1375 1300 1591 1369 λογικὰ,
1622 1300 1788 1370 ήγουν

186 1402 245 1455 οἱ
262 1400 363 1454 ἄνθ
373 1417 566 1472 ρωποι,
582 1398 899 1469 γνωστικῶς
917 1395 1275 1449 ἐπιϐάλλοντα
1290 1397 1357 1465 τῇ
1377 1391 1472 1446 τοῦ
1491 1391 1627 1445 Θεοῦ
1657 1408 1789 1462 προ-

186 1497 321 1567 νοίᾳ.
351 1536 365 1560 ,
398 1494 679 1563 ἀναλόγως
718 1494 961 1564 ἐφίενται
1002 1490 1097 1543 τοῦ
1122 1488 1279 1542 Θεοῦ.
1311 1488 1394 1541 Τὰ
1424 1487 1481 1540 δὲ
1520 1485 1789 1556 ὑφειμένα

186 1585 428 1648 τούτων,
458 1584 625 1654 ἤγουν
666 1582 735 1635 τὰ
779 1580 969 1649 ἄλογα,
1016 1572 1091 1632 ὧν
1117 1576 1325 1645 ἀλόγων
1348 1577 1380 1646 ἡ
1406 1573 1549 1644 ψυχὴ
1589 1572 1655 1623 ἐκ
1677 1569 1789 1623 τῶν

192 1677 488 1747 στοιχείων
517 1676 613 1729 καὶ
636 1674 729 1728 τοῦ
756 1672 940 1727 ἐνύλου
969 1670 1141 1741 πυρὸς
1166 1667 1501 1731 συνεστῶσα,
1542 1666 1602 1717 ἐν
1628 1661 1791 1715 πνεύ-

196 1786 335 1839 ματι
362 1767 536 1838 ἐνύλῳ
558 1767 670 1837 ἕχει
701 1766 762 1819 τὸ
786 1761 952 1818 εἷναι·
980 1762 1154 1817 ταῦτα
1181 1760 1361 1831 μόνον,
1390 1760 1454 1811 ἐκ
1479 1757 1577 1828 τῆς
1600 1756 1789 1828 αἰσθή-

1890 567 1999 619 sint
2032 580 2128 635 per
2148 578 2308 618 suum
2335 576 2475 624 esse,
2499 575 2667 617 causa
2697 575 2876 615 rerum
2907 561 2979 614 sit
3001 560 3165 627 Deus,
3196 560 3318 630 ejus
3343 579 3467 629 pro-

1890 655 2156 719 videntia,
2182 668 2305 708 cum
2339 651 2484 705 nulla
2520 652 2595 705 sit
2631 665 2795 704 causa
2829 650 3117 705 sublimior
3146 667 3175 704 a
3211 666 3315 721 qua
3344 653 3463 708 lau-

1891 748 2008 801 dari
2043 746 2235 815 possit,
2265 760 2328 799 ex
2363 743 2577 799 eﬂ'ectis
2602 742 2873 796 laudanda
2913 752 3015 796 est.
3039 742 3214 810 Quam
3243 744 3314 799 ob
3336 761 3464 800 cau-

1894 838 2054 892 sam?
2081 838 2207 907 quia
2240 846 2295 892 et
2326 836 2537 891 circum
2571 835 2743 905 ipsam
2796 843 2925 889 sunt
2960 836 3165 899 omnia,
3212 847 3467 906 tanquam

1892 931 2100 986 circum
2150 942 2396 993 causam,
2427 936 2482 981 et
2523 927 2906 990 conditricem,
2943 936 3001 981 et
3029 927 3378 997 principium,
3406 945 3469 984 ac

1890 1023 1936 1077 si
1964 1021 2085 1090 quis
2116 1019 2500 1091 explicationis
2534 1019 2708 1089 gratia
2760 1019 2931 1085 dicat,
2983 1020 3125 1075 sicut
3168 1022 3469 1077 circumfe-

1892 1114 2063 1167 rentia
2094 1114 2303 1167 circum
2337 1120 2608 1176 centrum,
2645 1120 2698 1166 et
2727 1120 2952 1181 propter
2981 1114 3145 1178 hanc,
3199 1122 3464 1185 tanquam

1892 1204 2052 1258 ﬁnem
2071 1213 2196 1257 ante
2214 1204 2476 1267 omnium,
2501 1211 2559 1257 et
2578 1202 2693 1271 ipsa
2719 1211 2803 1256 est
2832 1211 2959 1256 ante
3004 1204 3279 1258 universa.
3307 1204 3471 1259 Prin-

1888 1300 2089 1368 cipium
2115 1298 2257 1353 enim
2285 1306 2340 1352 et
2370 1296 2493 1350 linis
2516 1294 2757 1351 omnium
2787 1306 2872 1351 est
2900 1298 3061 1364 Deus,
3097 1307 3471 1353 verumtamen

1889 1384 2353 1454 supereminenter
2367 1393 2421 1439 et
2436 1383 2680 1438 ei'fective
2702 1400 2719 1449 ;
2750 1384 3019 1455 siquidem
3038 1402 3145 1441 non
3164 1402 3286 1441 cum
3328 1389 3469 1458 ipso,

1890 1477 1984 1531 sed
2029 1477 2081 1529 in
2113 1477 2228 1546 ipso
2249 1484 2440 1530 cuncta
2474 1476 2807 1541 consistunt;
2836 1486 2891 1531 et
2913 1492 2979 1531 eo
3004 1480 3145 1545 quod
3186 1478 3329 1532 Deus
3365 1486 3470 1542 est,

1889 1567 2128 1623 omnium
2155 1580 2367 1636 quoque
2381 1566 2539 1637 311
2560 1567 2841 1637 productio
2866 1574 2919 1620 et
2949 1566 3293 1622 subsistentia
3320 1569 3472 1623 exsi-

1890 1658 2164 1715 stit.liunc
2178 1659 2356 1713 omnia
2384 1666 2665 1728 appetunt;
2686 1658 2949 1728 spiritalia
2965 1660 3260 1731 quidemiut
3274 1662 3472 1729 angeli,

1889 1760 1946 1805 et
1974 1750 2290 1815 rationalia,
2331 1758 2390 1803 ut
2434 1750 2711 1815 homines,
2740 1766 2838 1821 per
2879 1752 3249 1822 cognitionem
3276 1754 3476 1809 divinas

194 1829 343 1921 σεως
385 1829 822 1925 συνελαῦνόμενα
854 1855 935 1915 εἰς
958 1852 1020 1904 τὸ
1046 1829 1239 1920 πεινῇν
1270 1849 1367 1902 καὶ
1406 1850 1488 1911 εἰς
1515 1846 1577 1900 τὸ
1607 1846 1789 1917 διψῆν.

1903 1846 2251 1905 Providentiae
2286 1861 2389 1916 pro
2420 1853 2587 1914 captu
2647 1861 2747 1900 suo
2795 1846 2967 1901 Deum
3022 1857 3304 1917 appetunt.
3338 1848 3471 1913 Qua:

192 1950 449 2020 ἐφίενται
494 1946 719 2009 εἰκότως
760 1943 1032 2015 αἰσθητῶς
1057 1940 1151 1995 τοῦ
1190 1938 1568 2011 χορηγοῦντος,
1596 1937 1672 2001 ὡς
1695 1935 1755 1988 τό
1776 1952 1791 1966 ⁸

192 2038 409 2093 Πάντα
427 2038 576 2106 πρὸς
595 2037 671 2091 σὲ
686 2033 1067 2104 προσδοκῶσι
1087 2032 1296 2087 δοῦναι
1313 2030 1427 2098 τὴν
1440 2027 1671 2098 τροφὴν
1687 2028 1795 2082 mih

194 2130 319 2184 τῶν
336 2132 430 2195 εἰς
442 2126 929 2196 εὔκαιρον.Τᾶλλα
948 2126 1128 2196 μέντοι
1144 2125 1244 2177 ὅσα
1257 2122 1354 2193 τὴν
1371 2121 1606 2191 ζωτικὴν
1628 2118 1795 2190 μόνην

192 2218 546 2289 ἀναισθήτως
572 2216 685 2287 ἔχει
709 2216 941 2287 κίνησιν,
966 2214 1043 2277 ὡς
1080 2211 1147 2266 τὰ
1171 2211 1315 2282 φυτὰ
1354 2211 1447 2264 καὶ
1472 2211 1527 2263 αἰ
1556 2208 1793 2279 βοτάναι,

194 2312 235 2365 ἃ
258 2326 386 2366 τινα
417 2310 514 2362 καὶ
544 2308 775 2373 ζωτικὸν
824 2305 1043 2376 πνεῦμα
1090 2305 1249 2376 μόνον
1300 2300 1562 2355 συνιστῶν
1589 2300 1793 2370 ἔχουσι,

191 2402 296 2473 τὴν
322 2401 534 2456 ἑαυτῶν
559 2401 746 2454 οὐσίαν
772 2400 901 2454 ἄνευ
942 2397 1249 2469 αἰσθήσεως
1273 2413 1285 2426 ’
1316 2394 1353 2449 ἃ.
1384 2395 1449 2465 δὴ
1475 2394 1568 2447 καί
1595 2391 1793 2445 πολλά-

194 2514 308 2561 κις,
330 2494 670 2565 στερούμενα
684 2492 779 2545 τοῦ
806 2490 1035 2562 φυσικοῦ
1051 2490 1381 2561 πνεύματος,
1409 2486 1582 2557 ἀποξη
1592 2485 1798 2556 ραίνον-

193 2607 312 2654 ται,
365 2586 524 2642 διὀῦ
557 2584 834 2639 κινοῦνται
886 2584 1022 2656 πρὸς
1070 2581 1297 2653 αὔξησιν
1344 2580 1440 2634 καὶ
1485 2577 1793 2632 εὐθάλειαν.

210 2680 493 2749 Ἐφίενται
517 2678 613 2730 καῖ
637 2674 810 2729 ταῦτα
831 2675 930 2745 τῆς
958 2673 1105 2737 θείας
1125 2672 1412 2743 Προνοίας,
1461 2670 1546 2740 ἐφ’
1574 2663 1618 2736 ᾧ
1644 2685 1797 2721 συνε-

199 2775 404 2828 στάναι
430 2772 527 2826 καὶ
563 2770 744 2824 ἀνθεῖν
763 2786 777 2799 ’
802 2768 926 2823 ὅθεν
952 2769 1047 2821 καὶ
1069 2766 1244 2820 ταῦτα
1270 2764 1796 2836 παραλαμδάνονται

197 2866 261 2919 ἐν
307 2863 392 2935 τῷ
436 2868 573 2934 ρμη⁶
596 2859 812 2932 Ψαλμῷ
836 2900 849 2923 ,
879 2862 1047 2913 αἰνεῖν
1074 2859 1165 2912 τὸν
1186 2858 1318 2911 Θεὸν
1344 2856 1433 2910 διὰ
1470 2856 1569 2926 τῆς
1615 2853 1797 2908 αὐτῶν

199 2955 540 3017 συστάσεως.
584 2951 667 3005 Τὰ
690 2952 749 3005 δὲ
774 2951 975 3022 ἄψυχα,
1018 2952 1076 3004 ἐν
1114 2950 1194 3021 τῷ
1231 2949 1376 3020 ἔχειν
1418 2950 1474 3001 ἐν
1501 2948 1711 3009 ἑαυτοῖς
1737 2944 1799 2998 τὸ

197 3048 340 3111 ὅλως
367 3042 529 3111 εἶναι,
558 3044 594 3115 ἢ
635 3045 693 3097 ἐν
738 3043 815 3115 τῷ
839 3042 1063 3096 τοιώσδε
1107 3042 1140 3114 ἢ
1184 3041 1411 3095 τοιώσδε
1437 3037 1577 3095 εἶναι
1598 3057 1609 3070 ·
1639 3039 1798 3093 τοῦτο

1896 1953 2027 1993 vero
2054 1938 2139 1992 bis
2163 1935 2416 1993 inferiora
2439 1946 2588 2001 sunt,
2613 1936 2821 1992 scilicet
2849 1938 3205 2006 irrationalia,
3233 1954 3469 2007 quorum

1898 2029 2296 2086 irrationalium
2326 2031 2508 2085 anima
2541 2045 2609 2086 ex
2636 2030 2928 2086 elementis
2957 2040 3012 2085 et
3044 2032 3311 2086 materiali
3356 2034 3476 2103 igne

1897 2129 2130 2184 constat,
2165 2120 2218 2175 in
2252 2121 2450 2191 spiritu
2482 2120 2752 2175 materiali
2804 2121 3009 2177 habent
3037 2135 3189 2187 esse;
3224 2121 3341 2177 haec
3384 2138 3477 2178 so-

1897 2211 2008 2268 lum
2027 2227 2093 2266 ex
2120 2226 2280 2267 sensu
2311 2209 2590 2280 compulsa
2621 2210 2689 2265 ad
2718 2211 3067 2266 esuriendum
3099 2220 3152 2266 et
3178 2210 3476 2266 sitiendum

1896 2305 2095 2361 merito
2145 2302 2465 2359 desiderant
2511 2302 2699 2358 sensili
2735 2302 2898 2358 modo
2920 2318 3044 2358 eum
3073 2304 3167 2372 qui
3212 2306 3474 2373 praebeat,

1892 2395 2045 2465 juxta
2078 2395 2207 2450 illud
2235 2416 2247 2450 :
2272 2394 2513 2450 Omnian
2536 2404 2585 2449 te
2612 2405 2932 2465 exspectant,
2967 2406 3021 2448 ut
3042 2396 3132 2450 des
3164 2396 3277 2451 illis
3299 2413 3476 2450 escam

1897 2490 2132 2558 ipsorum
2176 2488 2230 2541 in
2265 2498 2493 2555 tempore
2534 2496 2836 2555 opportuno
2858 2488 2911 2541 ιι.
2957 2486 3130 2542 Porro
3176 2488 3304 2553 alia,
3354 2504 3477 2558 qua:

1898 2581 2074 2637 solum
2092 2581 2312 2635 vitalem
2338 2581 2631 2635 sinesensu
2650 2589 2853 2635 motum
2880 2580 3261 2646 habent,sicut
3285 2583 3479 2652 plantas

1897 2686 1953 2730 et
1977 2675 2182 2740 herbae,
2204 2688 2327 2742 qua:
2357 2672 2580 2727 vitalem
2610 2672 2862 2741 spiritum
2885 2672 3060 2728 solum
3086 2675 3476 2729 consistentem

1897 2767 2121 2830 habent,
2153 2774 2209 2821 et
2235 2780 2388 2820 suam
2412 2765 2711 2819 essentiam
2742 2764 2861 2818 sine
2904 2775 3086 2831 sensu,
3124 2780 3248 2835 qua:
3292 2768 3480 2836 utique

1899 2859 2215 2928 frequenter
2238 2865 2517 2919 arescunt,
2548 2854 2780 2910 naturali
2803 2855 2997 2926 spiritu
3024 2856 3259 2926 privata,
3282 2873 3390 2927 quo
3412 2859 3479 2913 ad

1900 2950 2272 3004 aceretionem
2298 2955 2355 3002 et
2390 2946 2846 3017 germinationem
2880 2946 3254 3017 impelluntur.
3299 2950 3481 3020 Appe-

1898 3047 2019 3094 tunt
2042 3039 2206 3093 etiam
2240 3038 2354 3093 haec
2376 3037 2619 3092 divinam
2638 3037 3038 3093 Providentiam
3064 3046 3123 3093 ut
3149 3041 3477 3105 consistant,

197 3140 314 3211 γὰρ
339 3133 497 3191 εἶπεν
521 3134 758 3205 οὐσιώδη
785 3136 880 3189 καὶ
907 3135 1134 3207 ἐκτικὴν
1158 3134 1592 3205 ἐπιτηδειότητα,
1608 3133 1684 3197 ὡς
1700 3132 1795 3186 τοῦ

1903 3141 1958 3184 et
1990 3129 2251 3193 ﬂoreant,
2301 3130 2445 3185 unde
2473 3130 2642 3185 etiam
2676 3131 2793 3186 haec
2834 3140 3191 3187 assumuntur
3234 3133 3286 3187 in
3330 3133 3474 3190 Psal.

196 3197 352 3282 ilO'ou
381 3225 502 3280 ἐστί
525 3225 586 3278 τὸ
619 3197 772 3278 κάτω
793 3224 1057 3296 φέρεσθαι
1076 3197 1103 3255 ’-
1118 3226 1215 3278 καὶ
1236 3197 1332 3277 τοῦ
1358 3197 1551 3295 πυρὸς,
1574 3223 1635 3277 τὸ
1662 3224 1793 3278 ἄνω·

1904 3237 2129 3286 cxutn,
2157 3221 2225 3276 ad
2254 3221 2585 3277 laudandum
2618 3222 2787 3278 Deum
2816 3233 3041 3294 propter
3068 3225 3307 3294 ipsorum
3344 3241 3478 3281 con-

198 3320 299 3373 καὶ
324 3317 423 3371 τοῦ
453 3316 672 3380 ὓδατος,
698 3314 759 3368 τὸ
785 3316 843 3367 ἐν
867 3316 1028 3368 παντὶ⁸
1058 3314 1510 3387 σχηματίζεσθαι.

1901 3313 2230 3368 sistentiam.
2254 3312 2496 3367 inanima
2536 3326 2667 3368 vero
2695 3326 2763 3367 eo
2784 3313 2926 3382 quod
2949 3315 3172 3369 omnino
3195 3315 3245 3369 iu
3276 3330 3334 3371 se
3356 3330 3482 3373 esse

199 3409 468 3473 habeant,
505 3407 592 3463 vel
626 3407 732 3463 tale
760 3416 856 3461 aut
886 3406 994 3462 tale
1015 3421 1164 3475 esse;
1198 3409 1303 3464 hoc
1350 3410 1498 3464 enim
1554 3407 1847 3480 appellavit
1903 3406 2319 3463 snbstantialem
2374 3419 2440 3460 ac
2483 3405 2816 3462 habitualem
2861 3408 3261 3476 aptitudinem;
3300 3409 3481 3480 qualis

199 3514 288 3559 est
314 3501 516 3572 lapidis
538 3508 717 3556 motus
750 3501 1029 3566 deorsum,
1061 3512 1117 3557 et
1149 3503 1290 3574 ignis
1318 3518 1563 3571 sursum,
1588 3512 1644 3560 et
1669 3519 1823 3573 aqua:
1855 3518 2071 3560 omnem
2099 3503 2390 3558 admittere
2420 3501 2669 3571 figuram.

274 3593 423 3665 §-Vl.
450 3592 624 3647 Τοῦτο
662 3592 864 3656 εἰδότες
904 3594 954 3647 οἰ
999 3593 1267 3664 θεολόγοιο
1297 3595 1456 3649 τοῦτο
1479 3597 1671 3662 ποῖον;
1714 3596 1796 3649 ὅτι

200 3687 471 3743 ἀδύνατόν
496 3689 645 3741 ἐστιν
670 3687 735 3739 ἐκ
759 3686 1030 3757 προτέρας
1050 3689 1196 3753 τινὸς
1218 3689 1397 3753 αἰτίας
1423 3690 1518 3743 καὶ
1543 3688 1798 3758 γνώσεως

199 3781 272 3835 τὸ
315 3781 472 3835 Θεῖον
518 3782 829 3852 ὑμνεῖσθαι,
876 3785 925 3836 εἰ
954 3783 1028 3854 μὴ
1055 3784 1121 3835 ἐκ
1142 3781 1253 3835 τῶν
1293 3782 1577 3846 αἰτιατῶν,
1602 3781 1699 3836 καὶ
1720 3781 1798 3845 ὡς

201 3870 491 3943 ἀνώνυμον
515 3873 795 3945 ὑμνοῦσιν,
824 3874 906 3927 ὅτι
930 3872 1264 3947 ἐξῃρημένον
1282 3875 1500 3929 πάντων
1524 3873 1640 3927 ἐστι
1659 3890 1673 3903 ο
1702 3872 1799 3927 καὶ

201 3965 377 4018 πάλιν
401 3967 468 4018 ἐκ
490 3967 688 4030 παντὸς
714 3966 996 4037 ὀνόματος,
1024 3967 1107 4021 ὅτι
1132 3968 1228 4021 καὶ
1254 3966 1472 4020 αἰτιατὰ
1495 3967 1565 4021 τὰ
1615 3966 1797 4021 πάντα

203 4052 279 4104 ἐκ
301 4050 493 4104 τούτου
515 4053 709 4107 αἰτίου.
746 4052 945 4108 Ἀνώνυ
954 4070 1051 4124 μον
1077 4054 1196 4125 μὲν,
1226 4054 1301 4119 ὼς
1328 4056 1387 4108 ἐν
1407 4058 1473 4128 τῇ
1503 4054 1670 4126 βίϐλῳ
1689 4054 1799 4108 τῶν

204 4137 434 4209 Κριτῶν
459 4139 707 4212 εὓρηται,
726 4142 899 4211 λέγων
924 4142 1061 4214 πρὸς
1086 4143 1177 4196 τὸν
1214 4144 1505 4216 ἐρωτῶντα
1529 4163 1541 4175 ·
1570 4147 1683 4200 Καὶ
1700 4147 1801 4200 ἵνα

204 4231 272 4283 τί
302 4229 525 4299 ἐρωτᾷς
544 4232 609 4285 τὸ
632 4232 817 4303 ὄνομὰ
827 4252 970 4304 μου,
984 4234 1083 4288 καὶ
1109 4236 1256 4290 αὐτό
1275 4236 1408 4290 ἐστι
1430 4238 1798 4307 θαυμαστόν;

203 4324 345 4389 Πῶς
378 4326 711 4397 θαυμαστὸν,
751 4326 1114 4399 ἐξηγούμενος
1155 4328 1326 4399 λέγει,
1371 4331 1453 4384 ὅτι
1504 4330 1655 4399 ὑπὲρ
1678 4329 1803 4385 πᾶν

1974 3594 2002 3666 §
2030 3594 2119 3651 Vi.
2151 3594 2266 3650 Hoc
2297 3593 2538 3650 scientes
2564 3592 2821 3666 theologi,
2858 3596 3019 3665 quale
3049 3596 3215 3653 illud?
3241 3601 3382 3670 quod
3399 3602 3486 3656 ni-

1898 3687 2097 3742 mirum
2132 3686 2471 3755 impossibile
2492 3686 2586 3749 sit.
2622 3701 2690 3741 ex
2737 3688 2907 3757 priori
2948 3689 3131 3759 aliqua
3161 3706 3326 3746 causa
3373 3707 3475 3747 no-

1902 3780 2118 3836 tioneve
2144 3779 2317 3833 Deum
2346 3777 2682 3847 coﬂaudare,
2711 3782 2807 3837 sed
2839 3791 3044 3837 tantum
3069 3798 3135 3839 ex
3175 3786 3405 3853 elfectis,
3428 3796 3486 3841 et

1901 3881 2164 3943 tanquam
2198 3871 2427 3927 nomine
2449 3883 2731 3928 carentem
2759 3875 3007 3943 laudant,
3035 3877 3183 3945 quod
3210 3879 3277 3933 ab
3307 3879 3486 3935 omni-

1899 3963 2002 4020 bus
2032 3970 2317 4033 exemptus
2339 3963 2440 4030 sit;
2461 3973 2516 4019 et
2536 3979 2781 4035 rursum,
2810 3982 2877 4023 ex
2903 3969 3049 4024 omni
3075 3970 3314 4038 nomine,
3342 3974 3485 4041 quod

1901 4055 2065 4111 etiam
2092 4070 2286 4112 omnes
2318 4055 2547 4112 eﬂ'ectus
2570 4073 2638 4113 ex
2669 4059 2771 4116 hac
2800 4076 2967 4117 causa
3005 4063 3139 4122 sint.
3168 4062 3488 4118 lnnomina-

1900 4147 2064 4202 bilem
2092 4147 2337 4217 quidem,
2367 4149 2495 4204 utin
2526 4150 2670 4205 libro
2688 4150 2941 4207 Judicum
2972 4155 3242 4225 reperitur
3265 4156 3484 4210 cuidam

1905 4238 2266 4308 interroganti
2301 4238 2484 4294 dicere
2510 4256 2524 4292 :
2546 4239 3041 4313 Quareinterroges
3065 4261 3254 4298 nomen
3284 4260 3481 4309 meum,

1903 4340 1954 4382 et
1988 4329 2085 4383 hoc
2126 4339 2201 4383 est
2233 4329 2474 4384 mirabile
2511 4331 2580 4384 ιι
2615 4331 2897 4398 Quomodo
2928 4309 3179 4389 mirabile
3202 4335 3273 4389 sit
3309 4335 3485 4403 expli-

205 4417 424 4487 ἅνομα,
450 4418 544 4470 καὶ
568 4418 962 4489 ὑπερκείμενον
979 4418 1204 4485 παντὸς
1220 4419 1654 4489 ὀνομαζομένου
1669 4420 1787 4474 όνόέ

1908 4433 2062 4489 cans,
2096 4420 2201 4474 ait:
2234 4419 2505 4487 Quoniam
2536 4438 2693 4492 super
2721 4440 2875 4478 omne
2934 4441 3125 4479 nomen
3152 4426 3202 4491 κ,
3231 4437 3287 4481 et
3324 4443 3485 4498 supe-

198 4530 402 4584 ματος
423 4511 533 4565 εἴτε
552 4510 626 4565 ἐν
645 4507 726 4576 τῷ
750 4510 917 4567 αἰῶνι
933 4511 1139 4575 τούτῳ,
1179 4513 1292 4566 εἴτε
1312 4511 1382 4567 ἐν
1399 4510 1797 4582 τῷμέλλοντι·

206 4604 572 4676 πολυώνυμον
603 4605 682 4669 δὲ,
709 4605 783 4669 ὼς
810 4605 937 4660 ὅταν
963 4606 1058 4659 καὶ
1080 4605 1243 4659 αὑτὸν
1266 4606 1527 4674 εἰσάγωσι
1552 4604 1800 4675 λέγοντα,

207 4697 295 4761 ὡς
320 4698 382 4749 ἐν
402 4696 481 4767 τῷ
505 4698 668 4768 Σινᾷ,
724 4696 870 4765 Ἐγώ
904 4699 1021 4766 εἰμι
1045 4699 1078 4750 ό
1115 4695 1200 4749 ὢν
1220 4713 1235 4726 ⁸
1261 4697 1357 4749 καὶ
1406 4698 1465 4749 ἐν
1510 4697 1737 4769 ἐτέροις,
1766 4699 1800 4769 ὴ

210 4786 358 4857 ζωὴ,
384 4787 445 4841 τὸ
470 4786 605 4856 φῶς,
634 4789 662 4839 ό
686 4786 839 4850 Θεὸς,
867 4788 899 4854 ἡ
926 4785 1171 4857 ἀλήθεια,
1198 4785 1274 4850 ὡς
1315 4788 1373 4840 ἐν
1417 4787 1767 4857 Εὐαγγελίοις
1785 4806 1799 4818 ο

227 4878 377 4949 Ἐγώ
401 4881 518 4949 εἰμι
544 4881 583 4948 ἡ
617 4878 726 4946 ζωὴ
770 4878 867 4931 καὶ
896 4880 934 4947 ἠ
968 4877 1218 4943 ἀλήθεια
1238 4897 1250 4909 ·
1286 4879 1381 4932 καὶ
1419 4879 1612 4934 πάλιν⁹
1667 4880 1806 4950 Ἐγώ

208 4976 336 5043 ειμι
354 4970 419 5024 τὸ
439 4969 563 5040 φῶς
595 4970 701 5024 τοῦ
726 4971 956 5040 κόσμου
975 4988 987 5000 ·
1021 4971 1114 5023 καὶ
1137 4971 1196 5024 ἐν
1221 4971 1299 5042 τῷ
1324 4972 1461 5043 πρὸς
1486 4972 1575 5026 τὸν
1611 4972 1802 5027 Ἰακὼὸ

208 5063 623 5139 χρηματισμῷ·
676 5062 815 5133 Ἐγώ
842 5065 959 5132 εἰμι
995 5067 1026 5117 ό
1072 5064 1214 5131 Θεὸς
1252 5066 1357 5119 τοῦ
1407 5067 1629 5135 πατρός
1661 5083 1801 5122 σου.

212 5157 335 5213 Καὶ
360 5154 522 5208 πάλιν
547 5154 699 5207 αὐτοὶ
735 5156 782 5208 οἱ
808 5154 1046 5223 θεολόγοι
1084 5156 1210 5226 περί
1242 5154 1407 5208 αὐτοῦ
1443 5156 1693 5225 λέγουσιν
1738 5159 1804 5212 ἐκ

210 5242 335 5299 τῶν
357 5241 613 5295 αἰτιατῶν
637 5242 804 5296 τᾶλλα
828 5259 889 5294 τε
918 5243 1013 5295 καὶ
1051 5243 1115 5296 τὸ
1144 5243 1384 5298 αἰώνιονο
1422 5249 1515 5299 τὸν
1558 5247 1666 5319 γὰρ
1691 5248 1802 5302 τῶν

212 5332 436 5390 αἰώνων
472 5332 699 5405 ποιητὴν
737 5331 963 5387 αἰώνιόν·
1000 5352 1196 5404 φασιν
1239 5335 1454 5391 αἰώνιον
1495 5337 1552 5391 δέ
1593 5339 1711 5392 ἐστι
1742 5339 1804 5393 τὸ

214 5427 419 5489 αἰῶνος
454 5426 698 5498 μετέχον.
727 5427 838 5481 Καὶ
862 5425 1180 5499 γοῦνιφησιν
1208 5430 1238 5483 ό
1287 5429 1511 5495 Ἡσαΐας
1531 5448 1545 5461 ο
1588 5431 1640 5483 '0
1660 5432 1805 5497 Θεὸς

216 5523 253 5577 ὁ
283 5515 542 5586 αἰώνιος,
582 5522 615 5573 ό
654 5518 1115 5586 κατασκευάσας
1148 5520 1221 5575 τὰ
1246 5521 1400 5590 ἄκρα
1439 5520 1549 5590 τῆς
1575 5521 1707 5592 γῆς.
1746 5524 1803 5577 '0

293 5707 329 5747 Ιι
349 5704 493 5761 Psal.
514 5720 695 5770 exuv,
728 5706 816 5762 15.
916 5705 1239 5771 ὶ-ιυι1.ηιιιι,
1266 5706 1362 5761 18..

1448 5707 1477 5748 ιι
1505 5707 1718 5779 Pliilip._
1738 5724 1813 5771 n,.
1838 5708 1891 5763 9.

1910 4518 1996 4565 rat
2023 4528 2173 4567 omne
2203 4529 2391 4568 nomen
2413 4514 2553 4583 quod
2584 4518 2889 4569 nominatur
2923 4519 3047 4571 sive
3061 4518 3121 4572 in
3141 4521 3239 4573 hoc
3267 4520 3483 4586 saeculo,

1910 4604 2025 4659 sive
2051 4604 2107 4658 in
2134 4604 2313 4674 futuro
2333 4604 2375 4660 ι.
2398 4606 2790 4661 Multinomium
2808 4623 2957 4675 vero,
2984 4618 3041 4663 nt
3077 4609 3290 4677 quando
3319 4612 3486 4666 etiam

1910 4695 2089 4766 ipsum
2130 4697 2706 4765 inducuntdicentem,
2737 4708 2797 4752 ut
2823 4699 2876 4752 in
2912 4699 3077 4754 Sina:
3110 4700 3223 4771 Ego
3255 4719 3372 4757 sum
3391 4704 3484 4773 qui

1912 4806 2030 4843 sum
2054 4801 2131 4854 lIn;
2163 4801 2218 4845 et
2262 4790 2415 4857 alibi,
2453 4790 2597 4856 Vita,
2630 4790 2839 4857 lumen,
2875 4793 3037 4857 Deus,
3071 4796 3293 4860 veritas,
3344 4796 3486 4852 sicut

1914 4881 1967 4935 in
2000 4880 2339 4949 Evangeliis:
2369 4880 2479 4951 Ego
2498 4898 2611 4935 sum
2630 4883 2739 4936 vita
2768 4894 2814 4936 et
2842 4884 3031 4938 veritas
3057 4894 3122 4950 llt;
3150 4896 3205 4939 et
3238 4902 3481 4941 rursum:

1914 4971 2027 5042 Ego
2063 4987 2179 5026 sum
2206 4971 2299 5025 (ua:
2322 4972 2506 5025 mundi
2544 4978 2569 5006 °
2596 4990 2609 5038 ;
2632 4982 2687 5027 et
2722 4974 2775 5029 in
2808 4976 3032 5030 oraculo
3063 4978 3129 5032 ad
3151 4976 3348 5031 Iacob:
3372 4976 3485 5047 Ego

1911 5081 2030 5119 sum
2074 5064 2215 5118 Deus
2260 5066 2427 5134 patris
2457 5066 2535 5118 tui
2566 5074 2614 5118 P.
2646 5060 2956 5123 Et‘rurSum
2991 5070 3209 5138 ipsimet
3248 5071 3485 5141 theologi

1910 5157 2292 5227 prmdicautex
2338 5154 2551 5211 eil'ectisr
2574 5156 2890 5213 saecularem
2927 5177 2939 5212 :
2969 5176 3093 5213 nam
3119 5160 3477 5216 Conditorem

1910 5248 2232 5303 saeculorum
2267 5249 2584 5305 saecularem
2615 5260 2845 5317 vocant;
2879 5252 3144 5306 szeculare
3174 5262 3356 5307 autem
3398 5264 3484 5308 est

1910 5338 1965 5393 id
2017 5339 2163 5407 quod
2214 5342 2395 5395 saeculi
2435 5342 2710 5412 particeps
2744 5351 2852 5397 est.
2906 5343 3087 5412 Atque
3135 5342 3304 5398 lsaias
3353 5345 3476 5398 ait:

1912 5430 2053 5484 Deus
2076 5432 2416 5498 sempiternus
2439 5434 2554 5505 (seu
2584 5434 2879 5497 saecularis)
2897 5436 2988 5504 qui
3009 5436 3202 5488 creavit
3227 5437 3480 5491 terminos

1912 5534 2128 5580 terram.
2156 5526 2318 5597 312
2346 5530 2484 5584 Deus
2509 5536 2685 5583 autem
2712 5543 2814 5583 non
2844 5538 2929 5582 est
2956 5527 3225 5595 posterior
3254 5529 3477 5595 sacculo,

2004 5708 2038 5782 1A
2091 5709 2287 5782 Ephes.
2321 5724 2359 5778 ι,
2392 5710 2481 5766 21.
2561 5720 2595 5741 "
2628 5708 2776 5766 Exod
2840 5720 2921 5770 nt,
2962 5703 3043 5758 Η.
3128 5713 3155 5742 ιι
3184 5702 3343 5760 Joan.
3370 5720 3484 5771 xiv,

243 5778 304 5835 6.
395 5775 602 5835 ".loau.
638 5792 755 5844 νιιι,
804 5778 889 5835 12.
968 5790 996 5831 ιθ
1047 5778 1186 5837 Gen.
1240 5793 1435 5845 xxvm,
1492 5779 1578 5838 l3.
1614 5775 1795 5853 ilsa.

1926 5817 1943 5848 ,
1976 5778 2066 5837 εδ.
