3876 6226
422 305 520 361 651

1600 312 1659 369 S.
1698 312 1992 369 DIONYSII
2027 314 2491 371 AREOI’AGITE

3572 320 3678 373 (alii

424 428 485 471 nt
503 419 621 488 ejus
651 421 816 476 etiam
834 425 1109 496 particeps
1133 427 1225 491 sit,
1253 428 1347 484 sed
1368 430 1621 484 conditor
1642 431 1987 490 saeculorum.

2093 433 2151 485 δὲ
2176 432 2308 497 Θεὸς
2332 434 2394 487 οὐ
2418 433 2671 504 δεύτερός
2698 436 2845 488 ἐστιν
2870 436 3086 499 αἰῶνος,
3116 436 3201 489 ἵνα
3227 437 3321 490 καί
3350 436 3559 508 μετέχῃ
3587 440 3681 491 αὺ-

426 510 576 565 Senii
621 526 903 583 expertem
952 517 1104 585 dicit,
1158 522 1454 575 secundum
1503 519 1632 575 illud
1668 538 1683 575 :
1719 522 1794 576 Tu
1817 533 1993 578 autent

423 604 564 657 idem
591 606 699 672 ipse
728 624 805 669 es,
849 617 900 662 et
940 612 1068 663 anni
1097 612 1175 665 tui
1206 628 1307 667 non
1328 614 1568 681 deﬁcient
1606 623 1628 652 ι
1653 632 1666 679 ;
1691 624 1747 669 et
1772 615 1990 682 iterum,

423 702 484 746 ut
507 698 875 764 magnitudine
896 702 1079 755 omnia
1117 714 1501 772 superantem;
1525 705 1725 759 coelum
1765 706 1911 761 enim
1936 719 1992 762 et

425 792 630 840 terram
667 788 895 858 implet:
929 800 985 845 et
1019 803 1076 846 ut
1104 794 1156 847 in
1192 809 1322 848 aura
1358 795 1530 860 tenui,
1553 795 1708 864 juxta
1732 798 1877 867 quod
1911 798 1993 852 di-

421 878 569 932 citur
594 880 645 933 in
680 881 835 935 libris
884 882 1127 953 Regum:
1169 886 1277 941 Sed
1305 886 1494 942 sibilus
1531 905 1678 943 nam
1710 892 1905 955 tenuis,
1941 899 1993 944 et

423 971 497 1022 ibi
524 970 782 1026 Dominus
810 985 855 1027 ³.
885 975 1048 1044 Atqui
1076 986 1131 1032 et
1180 978 1234 1032 in
1265 980 1540 1035 mentibus
1587 995 1711 1035 eum
1760 996 1884 1037 esse
1911 982 1994 1036 di—

421 1067 573 1119 cunt,
615 1068 669 1115 et
697 1060 748 1113 in
776 1062 999 1129 animis,
1048 1072 1103 1119 et
1128 1064 1181 1118 in
1212 1066 1557 1135 corporibus,
1607 1066 1763 1135 juxta
1814 1068 1943 1122 illud
1974 1086 1987 1121 :

424 1147 492 1203 Et
522 1152 827 1207 inhabitabo
879 1154 934 1209 in
971 1155 1099 1221 illis,
1132 1168 1180 1211 et
1226 1157 1564 1214 iuambulabo
1598 1160 1646 1223 ί,
1682 1168 1738 1215 et
1769 1162 1821 1214 in
1863 1160 1989 1213 uni-

422 1257 609 1309 verso;
645 1251 701 1299 et
748 1246 998 1301 eumdem
1034 1248 1193 1301 simul
1224 1249 1274 1303 in
1311 1249 1533 1313 mundo,
1581 1258 1639 1306 ut
1687 1251 1907 1319 quando
1937 1249 1989 1303 in

422 1334 625 1388 mundo
646 1349 768 1390 esse
798 1336 999 1390 dicitur
1030 1350 1078 1403 ιι,
1102 1349 1157 1393 et
1182 1339 1328 1394 circa
1362 1342 1643 1403 mundum,
1676 1352 1735 1395 ut
1777 1340 1991 1410 quando

421 1426 475 1478 in
502 1425 672 1486 omni.
703 1435 759 1479 et
790 1442 955 1495 supra
991 1428 1274 1492 mundum,
1312 1439 1371 1483 ut
1399 1430 1614 1499 quando
1640 1430 1705 1485 ab
1738 1430 1992 1485 universo

419 1520 806 1589 comprehendi
876 1538 1035 1592 posse
1087 1534 1348 1594 negatur;
1399 1534 1458 1581 et
1497 1525 1945 1595 supracoelestem
1975 1564 1992 1588 ,

421 1613 1024 1682 suprasubslantialem,
1051 1612 1206 1683 juxta
1230 1616 1398 1673 illud:
1433 1618 1610 1685 Supra
1643 1617 1843 1671 caelum
1875 1616 1992 1686 glo-

422 1704 504 1757 ria
549 1705 761 1759 Domini
787 1724 801 1772 ;
831 1717 889 1760 et
911 1708 1107 1762 iterum
1136 1710 1305 1765 solem
1328 1709 1579 1781 justitite,
1602 1718 1657 1764 et
1682 1708 1909 1776 similia,
1937 1717 1993 1763 et

2094 524 2211 588 τοῦ,
2239 526 2354 578 ἀλλ’
2380 525 2592 580 αἰώνων
2615 529 2862 598 ποιητής.
2904 529 3120 599 Ἀγήρω
3142 529 3199 582 δὲ
3224 529 3369 598 λέγει
3409 531 3557 583 κατά
3582 533 3642 585 τό
3664 550 3679 563 θ

2093 616 2177 670 Σὺ
2193 616 2261 669 δὲ
2294 621 2326 671 d
2350 620 2529 685 αὐτὸς
2547 621 2622 683 εἷ,
2654 620 2844 674 καὶτὰ
2868 622 2972 689 ἐτη
3002 638 3121 675 σου
3153 624 3263 675 οὐκ
3279 623 3644 691 ἐπιλείψουσι
3664 642 3676 653 ·

2093 711 2187 764 καὶ
2230 710 2414 775 πάλιν,
2444 712 2520 775 ὡς
2560 714 2618 765 ὲν
2646 712 2864 783 μεγέθει
2908 714 3126 767 πάντων
3172 714 3509 785 ὑπερέχοντα
3535 732 3549 743 ·
3592 714 3680 766 τὸν

2091 804 2317 876 οὐρανὸν
2354 804 2465 877 γάρ
2494 806 2590 859 καὶ
2626 808 2726 877 τὴν
2767 808 2869 877 γῆν
2910 808 3143 879 πληροῖ·
3192 810 3285 862 καὶ
3330 808 3406 871 ὡς
3448 809 3508 860 ἐν
3538 808 3681 879 αὖρα

2092 897 2259 969 λεπτῇ
2274 898 2487 952 κατὰτὸ
2512 900 2796 969 εἰρημένον
2822 901 2882 953 ἐν
2903 903 3023 964 ταῖς
3040 901 3367 964 Βασιλείαις·
3388 902 3569 954 Ἁλλὰ
3584 902 3680 967 καὶ

2091 991 2261 1059 φωνὴ
2281 992 2469 1059 αὔρας
2493 992 2745 1061 λεπτῆς,
2779 994 3000 1048 κὰκεῖό
3019 996 3251 1063 Κύριος.
3278 995 3386 1049 Καί
3413 1012 3477 1063 γε
3503 996 3603 1049 καὶ
3625 998 3679 1048 ὲν

2092 1082 2233 1147 νόοις
2259 1082 2442 1137 αὐτῶν
2486 1101 2641 1153 φασι,
2672 1085 2767 1139 καὶ
2790 1086 2849 1139 ὲν
2874 1085 3091 1156 ψυχαῖς,
3120 1088 3213 1140 καὶ
3255 1089 3314 1141 ὲν
3339 1086 3581 1157 σώμασι,
3608 1088 3679 1150 ὡς

2091 1176 2153 1230 τό
2171 1194 2183 1207 ·
2229 1176 2551 1243 Ἐνοικήσω
2579 1178 2649 1231 ἐν
2675 1179 2899 1245 αὐτοῖς,
2927 1181 3026 1233 καὶ
3055 1180 3519 1251 ἑμπεριπατήσω
3542 1198 3556 1211 ·
3588 1180 3679 1233 καὶ

2093 1275 2151 1325 ὲν
2173 1271 2251 1343 τῷ
2276 1274 2457 1337 παντὶ,
2482 1274 2577 1326 κα)⁵
2591 1274 2707 1343 ἅμα
2729 1274 2822 1326 τὸν
2840 1275 3000 1328 αὐτὸν
3022 1274 3333 1344 ὲγκόσμιον,
3351 1274 3440 1327 ὅτε
3456 1272 3679 1340 λέγεται

2092 1364 2151 1417 ἐν
2174 1362 2252 1434 τῷ
2277 1364 2468 1435 κόσμῳ
2486 1360 2623 1419 εἶναι
2647 1382 2660 1395 ο
2689 1366 3039 1436 περικόσμιον
3062 1366 3139 1429 δὲ,
3164 1366 3253 1419 ὅτε
3286 1366 3346 1417 ὲν
3370 1364 3451 1434 τῷ
3474 1364 3639 1417 παντί
3663 1381 3675 1392 ’

2092 1456 2187 1510 καὶ
2206 1455 2594 1527 ὑπερκόσμιον,
2611 1460 2699 1512 ὅτε
2726 1458 3007 1531 ἀχώρητος
3028 1458 3106 1528 τῷ
3139 1458 3300 1511 παντὶ
3322 1458 3568 1527 λέγεται·
3588 1458 3680 1510 καὶ

2092 1551 2498 1623 ὑπερουράνιον,
2521 1556 2615 1607 καὶ
2634 1553 2976 1624 ὑπερούσιον,
3002 1553 3076 1616 ὡς
3098 1554 3179 1605 τό·
3209 1552 3379 1623 ’Υπὲρ
3402 1551 3494 1604 τὸν
3516 1552 3680 1623 οὐρα-

2092 1643 2182 1697 νὸν
2204 1646 2239 1715 ή
2266 1644 2393 1711 δόξα
2422 1646 2627 1716 Κυρίου
2647 1664 2659 1676 ·
2688 1648 2782 1699 καὶ
2815 1646 2975 1701 πάλιν
3000 1647 3152 1716 ⁴ἥλιον
3178 1646 3553 1715 δικαιοσύνης·
3588 1646 3681 1699 καὶ

2091 1736 2159 1790 τὰ
2182 1737 2405 1791 τοιαῦτα
2423 1754 2435 1767 ⁸
2456 1739 2550 1792 καὶ
2569 1738 2715 1792 λίθον
2738 1739 3012 1809 τμηθέντα
3036 1739 3095 1805 ἐξ
3120 1738 3281 1810 ὅρους
3305 1756 3321 1767 ·
3347 1739 3442 1792 καὶ
3468 1738 3681 1808 πέτραν

420 1796 651 1866 lapidem
673 1812 739 1853 es
765 1809 947 1855 monte
972 1801 1294 1868 abscissum,
1322 1811 1378 1857 et
1401 1812 1609 1871 petram
1639 1800 1913 1865 scandali;
1937 1809 1987 1854 et

2096 1828 2412 1892 σκανδάλου,
2456 1830 2549 1883 καὶ
2591 1830 2769 1884 πάντα
2799 1829 2869 1884 τά
2893 1830 3023 1884 ὄντα
3050 1832 3113 1884 ὲκ
3138 1832 3246 1884 τῶν
3270 1830 3558 1894 αἰτιατῶν,
3589 1832 3681 1882 καὶ

420 1904 490 1942 ex
518 1888 750 1958 ell‘ectis,
781 1892 966 1946 omnia
996 1907 1119 1963 qua:
1160 1904 1308 1963 sunt,
1361 1903 1416 1950 et
1466 1894 1600 1950 nihil
1652 1907 1842 1950 eorum
1874 1905 1993 1961 quae

418 1988 563 2035 sunt.

494 2069 524 2141 §
556 2069 665 2128 VII.
694 2070 785 2127 Sic
814 2072 978 2141 igitur
998 2073 1047 2128 ei
1078 2073 1171 2143 qui
1206 2075 1451 2130 omnium
1475 2089 1659 2130 rerum
1684 2090 1851 2129 causa
1881 2082 1986 2141 est,

417 2175 473 2217 et
505 2177 665 2233 super
688 2164 894 2229 omnia,
917 2166 1169 2235 congruit
1197 2180 1389 2222 carere
1417 2166 1660 2230 nomine,
1710 2168 1761 2220 in
1812 2181 1988 2234 quan-

421 2266 535 2309 tum
565 2271 732 2325 super
762 2258 943 2311 omnia
970 2268 1075 2322 est,
1113 2268 1169 2312 et
1196 2259 1331 2313 nihil
1365 2256 1580 2315 borum.
1626 2259 1691 2312 Et
1724 2274 1914 2313 rursus
1938 2258 1987 2313 ei

418 2357 730 2415 congruunt
774 2349 955 2402 omnia
1014 2364 1197 2404 rerum
1243 2349 1482 2412 nomina,
1518 2350 1571 2403 in
1609 2358 1875 2418 quantum
1906 2357 1991 2403 est

417 2450 580 2488 causa
606 2451 871 2503 omnium,
899 2438 1192 2509 omniaque
1224 2441 1399 2509 ipsum
1425 2455 1524 2511 pro
1550 2449 1712 2511 captu
1744 2454 1841 2495 suo
1862 2455 1990 2508 par-

420 2528 669 2597 ticipant,
700 2539 759 2583 ut
792 2531 862 2585 sit
899 2531 1147 2601 perfecte
1197 2548 1419 2603 regnum
1453 2532 1858 2596 universorum,
1907 2531 1990 2585 di-

417 2617 626 2686 gnitate
667 2621 887 2689 quidem
929 2623 1187 2676 omnibus
1214 2622 1565 2688 antecellens,
1594 2631 1649 2678 et
1688 2638 1719 2676 a
1767 2624 1987 2677 nemine

418 2726 618 2766 nomen
655 2713 932 2783 accipiens
958 2753 975 2779 ,
1031 2712 1379 2785 providentia
1406 2729 1536 2769 vero
1586 2713 1987 2785 complexuque

415 2818 518 2858 suo
551 2805 604 2858 in
640 2804 747 2858 illis
774 2806 1068 2873 exsistens,
1101 2817 1156 2861 et
1184 2807 1251 2861 ab
1278 2808 1386 2861 illis
1411 2806 1984 2863 nominatum.0mnia

417 2898 563 2952 enim
593 2898 663 2952 ab
694 2899 811 2969 ipso
834 2901 1104 2968 pendent,
1142 2910 1397 2971 tanquam
1424 2917 1454 2954 a
1479 2916 1645 2956 causa
1679 2900 1897 2971 quidem
1930 2912 1984 2955 et

418 2990 711 3060 principio,
762 2993 1016 3046 omnibus
1068 2995 1361 3048 essentiam
1400 2994 1812 3063 suppeditante,
1864 3000 1986 3045 tan-

418 3098 583 3149 quam
616 3099 645 3135 a
681 3084 785 3138 line
828 3098 980 3150 vero,
1010 3096 1068 3139 ut
1105 3086 1199 3155 qui
1242 3086 1458 3140 illorum
1485 3100 1603 3140 esse
1624 3084 1884 3139 continet.
1921 3083 1987 3138 Et

420 3174 537 3242 ipse
560 3185 664 3238 est,
699 3184 756 3231 ut
796 3177 872 3231 ait
915 3177 1227 3247 Scriptura,
1256 3178 1433 3232 omnia
1458 3180 1513 3233 in
1544 3178 1783 3232 omnibus
1813 3186 1862 3243 ν,
1890 3177 1983 3245 qui

2091 3219 2216 3265 των,
2246 3204 2339 3257 καὶ
2364 3174 2586 3275 ἀρχικη,

420 3280 618 3327 cuncta
652 3270 783 3325 facit
813 3272 1136 3337 subsistere,
1173 3282 1430 3341 tanquam
1478 3273 1804 3343 principium
1832 3282 1887 3327 et
1919 3272 1985 3325 li-

417 3366 537 3429 nis;
568 3379 674 3418 non
700 3365 857 3434 quasi
885 3365 1023 3421 alius
1042 3366 1262 3435 quidem
1291 3365 1540 3435 incipiat,
1566 3365 1681 3436 ipse
1703 3380 1832 3419 vero
1864 3379 1989 3433 per-

420 3456 569 3511 liciat
600 3458 685 3511 vel
714 3458 1023 3527 quasiipse
1067 3457 1159 3512 det
1192 3458 1429 3522 initium,
1485 3468 1540 3513 et
1585 3458 1655 3513 ad
1685 3457 1854 3513 alium
1903 3472 1988 3512 re-

418 3550 622 3617 mittat,
654 3551 745 3621 qui
781 3552 1049 3619 perliciat.
1098 3550 1332 3619 lpsemet
1384 3559 1465 3605 est
1499 3550 1589 3619 qui
1633 3549 1882 3605 continet
1931 3560 1988 3605 et

418 3640 850 3711 custodit,quasi
893 3640 1227 3696 domicilium
1260 3640 1529 3695 exsistens
1558 3649 1615 3693 et
1639 3654 1859 3694 sacrum
1891 3640 1990 3694 ha-

418 3732 738 3789 bitaculum.
789 3733 885 3789 Est
915 3733 1030 3788 haec
1077 3733 1292 3804 phrasis
1333 3731 1664 3803 grarcanica;
1718 3732 1989 3787 convertit

418 3825 563 3880 enim
595 3825 663 3880 ad
696 3839 755 3880 se
781 3834 1112 3889 creaturam,
1156 3826 1345 3880 dicens
1374 3840 1388 3876 :
1428 3822 1641 3879 Maneto
1662 3825 1719 3879 in
1740 3841 1821 3879 me
1844 3832 1907 3891 l;
1934 3834 1989 3879 et

418 3920 618 3973 iterum
652 3918 791 3984 :Qui
818 3920 1283 3972 manducatmeam
1314 3935 1544 3981 carnem,
1582 3930 1629 3972 et
1663 3920 1790 3973 bibit
1816 3936 1987 3974 meum

422 4011 752 4080 sanguineus,
806 4012 864 4064 in
912 4027 991 4065 me
1040 4021 1215 4064 manet
1248 4020 1297 4063 γ.
1348 4010 1811 4078 Quemadmodum
1841 4013 1988 4067 enim

418 4118 608 4159 sumus
629 4102 777 4157 velut
802 4104 1059 4171 templum
1093 4103 1234 4172 ejus,
1268 4102 1423 4173 juxta
1456 4103 1583 4157 illud
1620 4120 1633 4155 :
1671 4102 1988 4157 Inhabitaba

412 4200 473 4251 in
500 4196 646 4263 illis,
672 4206 720 4249 et
747 4195 1089 4248 inambulabo
1127 4204 1148 4231 ι
1179 4211 1193 4247 :
1223 4195 1295 4248 ita
1325 4196 1491 4249 etiam
1522 4196 1636 4264 ipse
1669 4195 1863 4250 domus
1890 4210 1991 4250 no.-

416 4301 529 4346 stra
565 4298 669 4345 est.
706 4288 872 4343 Recte
896 4296 1077 4341 autem
1107 4286 1293 4341 statim
1328 4287 1613 4355 subiunxit
1656 4287 1824 4342 unite.
1849 4286 1987 4342 Cum

416 4383 563 4438 enim
596 4382 823 4437 dixisset
846 4381 1018 4450 ipsum
1039 4394 1161 4435 esse
1179 4382 1357 4435 omnia
1385 4388 1441 4435 et
1459 4381 1514 4434 in
1539 4380 1658 4449 ipso
1680 4380 1887 4446 omnia,
1918 4396 1988 4435 uc

417 4473 542 4540 quis
570 4472 911 4528 existimaret
944 4473 1125 4526 omnia
1166 4472 1221 4525 in
1279 4472 1388 4526 Deo
1417 4473 1715 4527 acervatim
1754 4473 1989 4527 circum-

2093 1918 2246 1974 οὐδὲν
2272 1920 2379 1975 τῶν
2399 1920 2587 1975 ὄντων.

2162 2094 2189 2166 §
2221 2094 2325 2149 Vll.
2353 2094 2539 2161 Οὕτως
2569 2092 2660 2152 οὖν
2684 2100 2752 2169 τῇ
2784 2099 3002 2154 πάντων
3037 2100 3184 2171 αἰτίᾳ
3212 2104 3305 2155 καί
3332 2103 3476 2174 ὑπὲρ
3504 2106 3682 2159 πάντα

2091 2186 2222 2260 οὔσῃ
2251 2190 2343 2243 καὶ
2364 2188 2425 2242 τὸ
2450 2188 2730 2261 ἀνώνυμον
2755 2192 3079 2262 ἐφαρμόσει,
3130 2194 3249 2246 καθ’
3274 2195 3303 2247 ὃ
3327 2194 3471 2265 ὑπὲρ
3499 2198 3680 2249 πάντα

2091 2278 2227 2343 ἐστὶ,
2260 2280 2351 2333 καὶ
2386 2279 2536 2333 οὐδὲν
2563 2279 2785 2335 τούτων.
2834 2282 2943 2335 Καὶ
2974 2282 3133 2336 πάλιν
3170 2284 3346 2339 πάντα
3374 2286 3680 2355 ἐςαρμόσει

2090 2370 2158 2425 τὰ
2182 2371 2291 2425 τῶν
2318 2372 2489 2428 ὄντων
2512 2373 2773 2444 ὀνόματα,
2804 2374 2926 2429 καθ’
2943 2375 2971 2427 ὃ
2997 2376 3146 2430 αἰτία
3176 2377 3395 2430 πάντων
3420 2378 3561 2438 ἐστὶ,
3584 2379 3684 2430 καὶ

2094 2463 2411 2533 μετέχουσιν
2433 2465 2603 2535 αὐτῆς
2620 2466 2895 2536 ἀναλόγως
2922 2468 2991 2521 τά
3018 2470 3216 2533 πάντα,
3244 2470 3492 2541 ἀκριϐῶς
3513 2471 3682 2542 οὔσης

2088 2556 2342 2610 ἁπάντων
2368 2556 2664 2627 βασιλείας,
2689 2559 2766 2623 ὡς
2792 2559 2869 2630 τῷ
2897 2560 2996 2630 μὲν
3023 2560 3295 2632 ἀξιώματι
3324 2563 3685 2636 ὑπεξῃρημέ-

2090 2665 2206 2718 νης,
2237 2651 2330 2705 καὶ
2377 2651 2450 2723 μὴ
2491 2651 2599 2704 ἀπό
2624 2669 2769 2717 τινος
2797 2655 3222 2727 ὀνομαζομένης,
3250 2659 3317 2728 τῇ
3359 2656 3421 2710 δὲ
3448 2660 3683 2730 προνοίᾳ

2089 2740 2183 2795 καὶ
2209 2743 2277 2811 τῇ
2304 2746 2502 2814 συνοχῇ
2530 2742 2683 2807 ἐντὸς
2722 2744 2907 2815 οὔσης,
2953 2748 3048 2799 καὶ
3079 2748 3175 2800 ἀπ’
3203 2748 3383 2801 αὐτῶν
3416 2749 3686 2819 ὀνομαζο-

2092 2831 2279 2904 μένης.
2330 2834 2514 2888 Πάντα
2542 2834 2652 2906 γὰρ
2689 2837 2858 2907 αὐτῆς
2903 2837 3196 2909 ἐξήρτηται
3229 2839 3304 2903 ὡς
3333 2840 3555 2904 αἰτίας·
3588 2843 3686 2895 καὶ

2089 2925 2265 2996 ἀρχῆς
2297 2926 2415 2996 μὲν,
2440 2925 2517 2991 ὡς
2554 2928 2616 2981 τὸ
2644 2923 2783 2983 εἶναι
2814 2931 3241 3001 παρασχομένης
3263 2947 3277 2962 ο
3309 2931 3550 3003 πέρατος
3604 2934 3681 2995 δὲ,

2088 3015 2165 3079 ὡς
2208 3015 2270 3070 τὸ
2317 3012 2457 3071 εἶναι
2510 3019 2859 3089 συνεχούσης.
2906 3020 3016 3074 Καὶ
3052 3021 3188 3091 αὐτή
3216 3022 3352 3084 ἔστι,
3397 3021 3551 3075 κατά
3591 3024 3683 3076 τὸν

2090 3106 2233 3162 θεῖον
2258 3109 2575 3177 ἀπόστολον,
2600 3110 2668 3164 τά
2692 3112 2871 3165 πάντα
2897 3113 2954 3165 ὲν
2985 3114 3169 3178 πᾶσιν,
3212 3113 3515 3178 ὑποστάτις
3544 3116 3685 3170 πάν-

2616 3206 2711 3257 ml.
2734 3205 3049 3276 τελειωτική
3077 3224 3093 3232 ·
3133 3207 3235 3260 οὐκ
3256 3206 3417 3260 ἄλλου
3447 3209 3550 3278 μὲν
3577 3210 3681 3279 ἀρ-

2091 3296 2319 3365 χομένου
2347 3296 2484 3366 αὑτὴ
2525 3296 2823 3363 τελειοῦσα,
2867 3297 2976 3351 οὐδ’
3003 3298 3141 3368 αὑτὴ
3166 3300 3446 3371 ἀρχομένη
3475 3303 3577 3356 καὶ
3598 3304 3681 3366 εις

2089 3384 2246 3438 ἄλλον
2274 3387 2720 3458 παραπέμπουσα
2744 3386 2835 3439 τὸν
2858 3387 2976 3441 τελε
2986 3386 3241 3441 ιώσαντα.
3266 3389 3412 3460 Αὐτὴ
3449 3390 3573 3443 ἐστι
3588 3395 3682 3445 καὶ

2088 3481 2123 3552 ἠ
2150 3480 2466 3550 συνέχουσα,
2489 3482 2583 3535 καὶ
2608 3484 2641 3551 ἡ
2667 3480 2999 3554 φρουροῦσα,
3050 3484 3146 3537 καὶ
3171 3483 3327 3537 ἑστία
3348 3479 3681 3551 οὖσα,οίονεὶ

2091 3572 2212 3643 ἱερά
2258 3589 2342 3635 τις
2371 3570 2596 3641 οἴκησις.
2642 3571 2933 3643 Ἑλληνικὴ
2969 3572 3028 3627 δὲ
3067 3576 3104 3645 ἡ
3135 3574 3280 3639 λέξις
3302 3598 3320 3614 ο
3346 3576 3679 3647 ἐπιστρέφει

2089 3660 2199 3732 γάρ
2222 3661 2359 3732 πρὸς
2396 3660 2595 3732 ἑαυτὴν
2630 3662 2730 3733 τὴν
2766 3661 2963 3728 κτίσιν,
3000 3662 3262 3731 λέγουσα·
3301 3665 3568 3721 Μείνατε
3610 3668 3681 3721 ἐν

2088 3753 2218 3821 ἐμοί
2240 3770 2253 3783 ο
2298 3754 2392 3807 καὶ
2427 3752 2591 3810 πάλιν
2615 3770 2627 3782 ·
2664 3753 2717 3807 Ὁ
2748 3750 2983 3821 τρώγων
3003 3771 3124 3822 μου
3165 3754 3280 3823 τὴν
3319 3755 3546 3825 σάρκα,
3578 3758 3682 3811 καὶ

2090 3847 2282 3899 πίνων
2296 3863 2419 3914 μου
2440 3845 2504 3899 τὸ
2528 3846 2694 3915 αἷμα,
2710 3844 2780 3900 ὲν
2806 3844 2936 3914 ἐμοὶ
2957 3845 3147 3915 μένει.
3176 3847 3384 3920 Ὥσπερ
3408 3850 3521 3922 γὰρ
3548 3852 3679 3914 ναὸς

2089 3938 2254 3993 αὑτοῦ
2298 3939 2487 4009 ἐσμεν,
2534 3938 2677 3997 κατά
2714 3939 2806 3994 τό·
2850 3941 3173 4008 Ἐνοικήσω
3212 3942 3283 3995 ὲν
3310 3943 3541 4009 αὐτοῖς,
3580 3944 3680 3997 καί

2089 4029 2575 4097 ἐμπεριπατήσω·
2605 4030 2749 4089 οὕτω
2795 4032 2890 4085 καὶ
2931 4032 3094 4097 αὐτὸς
3141 4031 3288 4099 οἶκος
3335 4035 3496 4106 ἡμῶν
3532 4038 3675 4089 ἐστι.

2090 4122 2286 4185 Καλῶς
2311 4122 2367 4175 δὲ
2390 4122 2552 4186 εὐθὺς
2578 4124 2829 4195 ἐπήγαγε
2853 4128 2914 4181 τὸ
2939 4128 3275 4198 ἡνωμένως.
3313 4127 3538 4200 Ἐπειδὴ
3567 4129 3680 4201 γὰρ

2090 4209 2261 4280 εἶπεν,
2288 4215 2448 4270 αὑτὸν
2474 4211 2611 4270 εἶναι
2642 4218 2841 4284 πάντα,
2871 4221 2967 4273 καὶ
2993 4222 3053 4274 ὲν
3079 4220 3228 4291 αὺτῷ
3261 4219 3330 4274 τά
3357 4223 3559 4284 πάντα,
3592 4224 3678 4274 ἵνα

2093 4306 2167 4377 μὴ
2188 4308 2355 4380 νοήσῃ
2369 4325 2453 4373 τις
2469 4310 2685 4365 ἅπαντα
2710 4311 2947 4382 σωρηδὸν
2963 4314 3022 4366 ὲν
3042 4312 3119 4383 τῷ
3131 4312 3249 4383 θεῴ
3272 4312 3675 4383 συμφέρεσθαι,

2090 4395 2337 4450 ἐντεῦθεν
2362 4398 2420 4451 δὲ
2442 4399 2523 4462 εἰς
2555 4401 2873 4469 σωματικὰς
2916 4400 3170 4464 ὑπονοίας
3207 4400 3445 4471 ἐμπέσῃ,
3480 4417 3677 4472 μερισ-

2100 4488 2231 4561 μούς
2254 4506 2404 4554 τινας
2445 4492 2540 4545 καὶ
2587 4490 2884 4556 συνθέσεις,
2918 4491 3235 4563 θεραπεύων
3262 4492 3362 4562 τὴν
3388 4493 3676 4552 ὑπόνοιαν,

417 4564 572 4627 ferri,
599 4574 763 4635 atque
793 4564 918 4620 inde
947 4563 1297 4633 incorporeas
1319 4562 1582 4633 quasdam
1604 4563 1765 4634 313
1784 4563 1987 4619 divisas

2094 4542 2261 4653 ἕρησίν
2290 4542 2628 4653 ἠνωμένως,
2674 4542 3123 4658 οἱονε“ι’ἀμερῶς,
3151 4587 3242 4640 καὶ
3273 4542 3332 4640 ἐν
3374 4588 3443 4656 τῇ
3490 4587 3677 4657 οἰκεία

414 4666 474 4710 et
528 4657 860 4726 compositas
908 4657 1194 4725 opiniones
1248 4656 1554 4722 incideret,
1612 4658 1982 4727 suspicionem

420 4756 563 4808 hanc
590 4752 870 4821 corrigens
899 4752 976 4804 ait
999 4750 1167 4815 unite,
1198 4750 1355 4819 quasi
1391 4766 1496 4805 non
1532 4751 1803 4821 partitim,
1844 4763 1897 4806 et
1930 4755 1981 4807 in

419 4845 638 4915 propria
657 4846 889 4909 unitate,
921 4846 1049 4913 quin
1077 4845 1256 4913 potius
1294 4858 1451 4914 supra
1484 4845 1745 4901 unitatem
1773 4862 1984 4916 permn-

417 4954 555 4992 i:cns
584 4950 669 4993 est
687 4938 925 4993 omnium
950 4938 1307 5001 domicilium;
1336 4938 1466 5006 quin
1489 4940 1652 4993 etiam
1692 4942 1982 5007 incompre-

415 5036 598 5093 Icense,
626 5032 681 5085 id
716 5041 802 5085 est
827 5046 858 5083 a
902 5033 1122 5085 nemine
1146 5030 1580 5099 comprehensus
1613 5041 1709 5087 aut
1740 5034 1983 5089 circum-

411 5126 681 5196 scriptus;
711 5124 795 5178 vel
839 5124 1022 5193 potius
1067 5125 1281 5186 eximie,
1318 5139 1443 5178 nam
1477 5134 1561 5179 est
1590 5135 1744 5180 extra
1776 5127 1982 5182 omnia.

414 5220 695 5288 Siquidem
726 5232 831 5271 non
854 5225 1060 5271 tantum
1092 5232 1253 5272 causa
1275 5228 1359 5273 est
1377 5217 1770 5288 complexionis
1797 5234 1987 5274 eorum

412 5326 532 5380 qua:
565 5308 886 5381 simpliciter
917 5317 1065 5374 sunt,
1111 5309 1190 5364 vel
1216 5311 1338 5365 vita:
1372 5312 1693 5375 viventium,
1745 5310 1825 5365 vel
1856 5327 1984 5375 pcr-

410 5402 667 5458 l'ectionis
721 5401 1049 5472 spiritalium
1104 5416 1170 5456 ac
1217 5403 1562 5457 rationalium
1593 5402 1979 5467 essentiarmn,

416 5495 573 5564 quasi
594 5505 749 5550 extra
779 5494 879 5550 has
907 5503 1147 5562 maneat,
1178 5504 1238 5550 ut
1278 5495 1347 5551 ab
1373 5494 1457 5550 his
1485 5494 1616 5551 solis
1647 5494 1980 5561 nominetur,

2094 4674 2261 4738 ἑνάδι,
2293 4673 2489 4743 μᾶλλον
2519 4674 2596 4739 δὲ,
2621 4675 2716 4727 καὶ
2743 4675 2887 4745 ὑπὲρ
2910 4677 3009 4747 τὴν
3038 4676 3221 4741 ἐνάδα,
3252 4675 3487 4746 μένουσα
3516 4676 3675 4728 ἑστία

2091 4763 2201 4816 τῶν
2222 4764 2438 4817 πάντων
2473 4766 2641 4830 ἐστὶν,
2667 4764 2807 4819 ἀλλά
2831 4767 2923 4820 καὶ
2942 4767 3240 4835 ἀσχέτως,
3285 4768 3405 4820 ἀντὶ
3449 4766 3549 4820 τοῦ
3579 4768 3672 4820 ὑπ’

2090 4855 2301 4918 οὐδενὸς
2340 4856 2737 4927 κατεχομένηῆ
2782 4856 3225 4928 περιγραφομένη
3250 4873 3263 4885 ·
3316 4857 3672 4928 ὲξῃρημένως

2090 4950 2147 5003 δὲ
2168 4950 2387 5021 μᾶλλον,
2415 4948 2520 5014 ἔξω
2544 4950 2652 5021 γάρ
2677 4951 2791 5002 ἐστι
2814 4950 2923 5003 τῶν
2948 4951 3219 5005 ἁπάντων.
3270 4950 3344 5003 Οὐ
3370 4950 3479 5021 γὰρ
3506 4952 3671 5020 μόνον

2087 5041 2236 5096 αἰτία
2290 5042 2406 5095 ἐστι
2437 5042 2666 5111 συνοχῆς
2707 5040 2817 5096 τῶν
2860 5041 3048 5106 ἀπλῶς
3075 5042 3268 5106 ὄντων,
3298 5042 3333 5113 ἢ
3371 5041 3521 5112 ζωῆς
3558 5041 3669 5095 τῶν

2088 5134 2324 5199 ζώντων,
2363 5133 2753 5204 ἢτελειώσεως
2794 5133 2905 5187 τῶν
2921 5133 3124 5205 νοερῶν
3164 5134 3261 5188 καὶ
3302 5133 3539 5202 λογικῶν
3575 5135 3667 5188 οὺ-

2087 5224 2217 5278 σιῶν
2240 5243 2253 5255 ·
2288 5224 2438 5295 μένει
2471 5225 2530 5278 δὲ
2563 5225 2668 5292 ἔξω
2704 5225 2929 5289 τούτων,
2971 5226 3060 5279 ἴνα
3102 5224 3212 5279 ἀπὸ
3258 5224 3464 5279 τούτων
3503 5225 3665 5295 μόνον

2083 5315 2425 5387 ὀνομάζοιτο,
2467 5318 2721 5388 συνοχεὺς
2758 5317 2942 5389 τυχὸν,
2984 5316 3120 5389 ζωὴ,
3148 5318 3243 5373 καὶ
3283 5317 3597 5381 τελείωσις·
3627 5317 3660 5385 ἢ

2087 5410 2181 5463 καὶ
2218 5409 2308 5478 ἀφ’
2335 5408 2525 5479 ἑτέρας
2554 5410 2826 5480 προνοίας,
2864 5409 3191 5481 δημιουργὸς
3237 5408 3397 5473 ἴσως,
3426 5425 3663 5462 παντεπ-

2091 5500 2285 5570 όπτης,
2314 5499 2711 5571 φιλάνθρωπος,
2740 5499 3151 5570 παντοκράτωρ,
3180 5502 3275 5555 καὶ
3304 5498 3383 5558 τὰ,
3411 5499 3655 5560 τοιαῦτα,

488 5682 683 5753 γΡςιιΙ.
714 5698 785 5743 cr,
818 5682 907 5739 ᾖε.
992 5694 1012 5753 ξι
1048 5680 1110 5733 lll
1138 5680 1273 5750 Reg.
1320 5696 1435 5753 xix.
1463 5680 1547 5736 19..
1629 5680 1713 5736 ιιι
1740 5683 1865 5739 Cor.
1897 5697 1971 5753 γι,
2008 5682 2090 5737 ιθ.
2171 5694 2193 5721 υ
2227 5680 2385 5737 Joan.
2412 5697 2447 5746 I,
2480 5681 2564 5739 l0.
2646 5691 2668 5717 ‘
2699 5683 2713 5738 Ι
2742 5683 2867 5741 Cor.
2904 5698 2991 5748 xv,
3034 5681 3121 5737 ‘28.
3206 5696 3226 5721 κ
3264 5678 3423 5737 Joan.
3473 5698 3558 5749 xv,
3605 5682 3649 5737 ι,

420 5756 441 5795 Ξ
472 5749 622 5806 .luun.
655 5768 729 5817 γι,
763 5754 849 5807 57.
932 5764 952 5790 ι
989 5752 1028 5805 il
1056 5755 1182 5808 (lor.
1222 5749 1295 5818 it,
1339 5752 1401 5805 lli
