3876 6226
217 285 327 341 653

788 287 877 342 DE
910 287 1165 346 DIVINIS
1197 288 1597 356 NOMINIBUS,
1638 289 1790 347 CAP.
1830 289 1871 347 I.
1908 322 1977 331 —
2010 291 2356 360 PARAPHR.
2395 291 2867 349 PACII’YME‘RzE.

3394 295 3505 350 639Δ

215 400 251 453 1
277 399 347 471 δὴ
372 400 439 453 ὲκ
467 399 567 471 τῆς
591 399 770 464 αἰτίας
800 403 895 455 καὶ
920 402 1021 473 τῆς
1048 402 1306 473 προνοίας
1328 403 1793 475 ὀνομασθήσονται

1923 406 2214 459 continens
2241 420 2291 457 ι’.
2317 419 2371 474 g.
2405 405 2511 458 vita
2535 413 2591 461 et
2618 407 2910 477 perfectio,
2946 408 3028 463 vel
3059 410 3127 464 ab
3157 408 3264 464 alia
3313 414 3501 481 provi-

214 492 332 545 ἀλλ’
360 494 487 546 ἐπεὶ
522 495 616 547 καὶ
655 496 832 548 πάντα
854 494 983 548 ὄντα
1007 495 1195 559 ἁπλῶς
1220 498 1315 551 καί¹
1344 496 1681 560 ἀσυνθέτως,
1714 497 1811 550 καὶ

214 584 638 655 ἀπεριορίστως,
666 587 761 639 καὶ
783 587 1108 658 ἀκρατήτως
1140 589 1199 641 ὲν
1226 589 1364 659 αὐτῇ
1395 589 1470 659 μὴ
1496 588 1656 659 μόνον
1681 605 1809 641 συν-

214 675 354 746 έχει,
392 676 532 731 ἀλλά
574 678 670 731 καὶ
704 680 1002 750 προείληφε
1046 681 1167 743 ταῖς
1210 680 1509 751 ἀγαθότησι
1549 681 1649 751 τῆς
1676 697 1811 733 παν-

212 769 393 821 αιτίου
448 770 730 840 προνοίαςο
773 770 911 842 αὑτὴ
966 773 1076 843 γάρ
1119 775 1267 826 ἐστιν
1310 775 1351 842 ἠ
1415 774 1695 827 καλοῦσα
1736 776 1809 829 τὰ

207 860 296 931 μὴ
333 861 480 915 ὄντα
504 863 586 928 ὡς
611 864 775 917 ὄντα.
817 864 1185 935 Ἐναρμονίως
1214 865 1323 938 ἄρα
1338 866 1430 919 καὶ
1449 865 1805 937 καταλλήλως

210 955 279 1007 ὲκ
299 955 523 1008 πάντων
551 955 661 1011 τῶν
700 956 870 1010 ὄντων
898 957 1150 1027 ὑμνεῖται
1175 959 1270 1013 καὶ
1308 958 1634 1029 ὀνομάζεται
1665 956 1802 1026 φῶς,

210 1046 383 1117 ὕδωρ,
412 1047 546 1118 πῦρ,
577 1048 786 1121 δρόσος,
814 1049 1035 1121 νεφέλη,
1062 1052 1157 1108 καὶ
1183 1050 1254 1105 τὰ
1279 1052 1525 1105 τοιαότα.

207 1152 367 1204 sunt,
410 1153 665 1210 tanquam
699 1161 761 1198 ea
785 1161 903 1212 qua:
929 1157 1052 1201 sunt

213 1244 307 1288 tur
347 1234 467 1300 lux,
492 1251 659 1307 aqua,
701 1238 865 1308 ignis,
898 1256 1008 1306 ros,
1037 1242 1231 1302 nubes,
1261 1250 1375 1296 etc.

284 1328 315 1400 §
354 1328 489 1387 VIII.
530 1333 639 1385 Καὶ
666 1333 732 1405 δὴ
771 1334 844 1405 μὴ
876 1335 1035 1406 μόνον
1059 1335 1263 1398 ταύτας
1292 1334 1391 1399 τὰς
1420 1334 1725 1406 θεωνυμίας
1753 1334 1804 1387 οἱ

1913 496 2096 550 dentia
2123 510 2178 549 v.
2205 511 2258 563 g.
2284 504 2503 550 creator
2523 509 2718 552 cuncta
2751 514 3011 565 cernens,
3042 501 3325 555 hominum
3349 518 3503 555 aina-

1914 597 2022 653 tor,
2049 588 2424 655 omnipotens,
2450 595 2586 652 etc.;
2612 604 2733 658 qua:
2760 593 2980 646 nomina
3016 593 3216 661 partim
3244 606 3274 644 a
3310 607 3500 658 causa,

1912 680 2108 749 partim
2137 694 2167 732 a
2195 680 2533 747 providentia
2562 680 2954 749 desumuntur;
2986 683 3081 738 sed
3104 683 3247 752 quod
3278 684 3503 737 univer-

1911 787 1970 826 sa
2006 772 2351 842 simpliciter,
2379 782 2435 828 et
2460 772 2930 844 incomposite,et
2982 776 3302 840 indetinite,
3335 787 3390 831 et
3408 775 3500 831 in-

1913 866 2055 920 victe
2072 866 2124 918 in
2148 866 2439 935 semetipso
2456 882 2561 921 non
2585 866 2758 921 solum
2784 870 3084 934 contineat,
3116 886 3302 924 verum
3330 872 3497 925 etiam

1913 959 2256 1028 anticiparit,
2287 959 2626 1014 bonitatibus
2671 960 2841 1030 ipsius
2885 964 3167 1018 hominum
3198 963 3492 1021 eﬂectricis

1917 1050 2291 1119 providentiae.
2332 1050 2458 1106 llaec
2487 1052 2633 1105 enim
2666 1064 2751 1107 est
2795 1069 2919 1123 qme
2963 1068 3112 1110 vocat
3145 1073 3208 1110 ea
3232 1073 3354 1127 quis
3390 1074 3499 1112 non

1096 1160 1146 1203 ιι.
1177 1147 1435 1219 Congrue
1471 1148 1638 1217 igitur
1688 1145 1932 1202 vicissim
1957 1161 2176 1217 quoque
2202 1161 2269 1202 ex
2299 1147 2462 1202 rebus
2518 1148 2776 1202 omnibus
2821 1147 3074 1203 laudatur
3135 1165 3201 1205 ac
3244 1151 3494 1205 nomina-

1984 1331 2012 1404 §
2055 1328 2183 1385 VIII.
2226 1330 2387 1401 Atqui
2422 1329 2653 1401 theologi
2685 1345 2792 1386 non
2826 1330 2942 1387 lucc
2970 1332 3143 1387 solum
3173 1333 3360 1388 divina
3391 1348 3495 1386 nn-

208 1420 454 1492 θεολὸγοι
470 1424 750 1491 δοξάζουσι
760 1427 859 1492 τὰς
873 1429 984 1483 τῶν
1000 1429 1277 1484 παντελῶν
1290 1431 1553 1502 προνοιῶν
1565 1431 1673 1484 τῶν
1689 1447 1795 1502 προ

1915 1426 2059 1480 mina
2090 1424 2391 1491 celebrant,
2442 1440 2564 1493 quae
2607 1428 2676 1481 ab
2704 1427 3107 1481 universalihns
3143 1442 3326 1480 rermn
3360 1442 3493 1496 pro—

206 1518 546 1588 νοουμένων,
573 1514 684 1572 οἷον
701 1520 764 1573 τὸ
781 1520 1062 1586 Βασιλεὺς,
1075 1525 1137 1575 τὸ
1152 1524 1409 1595 Ποιητὴς,
1425 1524 1488 1577 τὸ
1503 1524 1815 1595 Παντοκρά-

1914 1516 2151 1570 visarum
2198 1516 2555 1584 providentiis
2600 1517 2896 1580 ducuntur,
2950 1527 3004 1570 ut
3061 1515 3198 1582 Rex,
3238 1518 3489 1585 Creator,

206 1624 327 1678 τωρ
345 1623 363 1638 ⁶
391 1607 566 1662 ταῦτα
589 1609 699 1681 γὰρ
721 1610 832 1665 τῶν
861 1612 1057 1667 κοινῶν
1088 1615 1375 1686 προνοιῶψ
1397 1617 1491 1669 καὶ
1523 1616 1685 1670 πάλιν
1711 1615 1795 1679 τὰς

1912 1608 2307 1676 Omnipotens;
2342 1608 2457 1662 haec
2486 1607 2630 1661 enim
2674 1609 2893 1662 nomina
2929 1618 3054 1662 sunt
3086 1609 3280 1663 divina:
3308 1608 3496 1665 Provi-

204 1700 320 1753 ἀπὸ
350 1700 463 1753 τῶν
490 1702 733 1772 μερικῶν
762 1706 1049 1776 προνοιῶν,
1068 1707 1143 1771 ὡς
1158 1708 1239 1775 τὸ,
1255 1709 1386 1773 Θεὸς
1402 1709 1509 1763 τῶν
1526 1709 1685 1775 θεῶν,
1704 1710 1795 1763 καὶ

1902 1699 2099 1753 tientia:
2132 1698 2186 1752 in
2219 1711 2438 1768 genere.
2468 1698 2532 1751 Et
2583 1714 2799 1751 rursum
2830 1714 2951 1767 qua:
3000 1716 3029 1752 ιι
3069 1700 3492 1768 particularibns

206 1794 417 1866 Κύριος
439 1794 550 1849 τῶν
573 1796 795 1868 κυρίων,
823 1800 918 1853 καὶ
946 1801 1207 1865 Βασιλεὺς
1235 1801 1344 1856 τῶν
1371 1801 1761 1873 βασιλευόντων
1782 1819 1796 1835 ⁸

201 1886 381 1939 ταῦτα
408 1887 518 1959 γάρ
545 1888 655 1942 τῶν
682 1891 925 1961 μερικῶν
951 1893 1057 1945 εἰσι
1083 1893 1371 1964 προνοιῶν,
1415 1895 1508 1948 καὶ
1534 1896 1627 1948 ὲπί
1653 1911 1796 1949 τισι·

206 1979 283 2050 μὴ
316 1980 481 2049 μόνον
504 1976 598 2034 οὗν
624 1982 725 2046 τὰς
750 1984 858 2036 ἀπὸ
886 1984 1091 2039 τούτων
1131 1985 1437 2058 θεωνυμίας
1464 1987 1798 2055 δοξάζουσιν,

202 2073 344 2126 ἀλλά
370 2075 466 2127 καὶ
489 2074 598 2128 ἀπό
621 2092 782 2129 τινων
809 2075 957 2129 ἐστιν
981 2077 1072 2130 ὅτε
1097 2078 1258 2133 θείων
1289 2080 1610 2150 φασμάτων·
1636 2081 1801 2133 οἱονεὶ

200 2163 313 2216 τῶν
358 2164 420 2216 ὲν
462 2164 753 2235 συμϐόλοις
793 2165 1189 2236 ἀποκαλύψεων
1223 2167 1333 2220 τῶν
1372 2168 1431 2220 ὲν
1484 2171 1598 2231 τοῖς
1636 2168 1799 2237 ίεροῖς

203 2254 553 2326 ἀνακτόροις,
572 2257 740 2327 ἤγουν
756 2260 924 2322 ναοῖς,
937 2258 1369 2329 ἐμφαινομένων·
1389 2258 1664 2330 ἀνάκτορα
1690 2258 1801 2328 γὰρ

203 2345 441 2399 ἐκάλουν
463 2347 514 2399 οἱ
542 2347 801 2419 Ἕλληνες
823 2349 931 2403 τῶν
958 2352 1087 2421 παρ’
1112 2350 1294 2413 αὐτοῖς
1325 2348 1461 2402 θεῶν
1484 2348 1555 2402 τὰ
1574 2346 1797 2418 τεμένη.

213 2437 577 2509 Ὁνομάζουσι
592 2438 724 2508 γοῦν
736 2439 833 2511 τὴν
849 2442 953 2494 ύπε
963 2442 1105 2513 ρφαῆ
1124 2440 1455 2511 ἀγαθότητα,
1480 2440 1575 2492 καὶ
1596 2439 1800 2502 τύπους

201 2529 601 2601 ἀνθρωπίνους,
627 2531 659 2601 ἢ
680 2532 1009 2603 πυρίνους,ἢ
1032 2532 1380 2603 ἡλεκτρίνους
1409 2530 1796 2599 περιτιθέασιν,

200 2623 281 2686 ὡς
305 2624 367 2675 ὲν
389 2621 470 2692 τῷ
509 2623 768 2697 Ἰεζεκιὴλ
794 2624 1039 2696 εὓρηται.
1077 2624 1189 2678 Καὶ
1214 2623 1375 2682 πάλιν
1420 2623 1556 2695 μέλη
1590 2621 1800 2694 ἀνθρώ-

202 2733 339 2769 πινα
376 2714 661 2784 λέγουσιν,
705 2717 781 2781 ὡς
823 2718 881 2771 ὲν
918 2721 1031 2782 τοῖς
1062 2718 1311 2788 Ψαλμοῖς
1366 2718 1459 2771 καὶ
1488 2718 1548 2771 ὲν
1582 2717 1798 2787 ἑτέραις

201 2807 472 2878 Γραφαῖς,
501 2808 577 2872 ὡς
601 2809 664 2864 τό
682 2827 694 2840 ·
730 2812 794 2863 Ol
816 2810 1110 2879 ὀφθαλμοὶ
1146 2808 1334 2863 αὐτοῦ
1356 2811 1447 2874 είς
1468 2808 1575 2862 τὸν
1615 2807 1798 2875 πένη-

200 2918 278 2955 τα
304 2900 706 2955 ἐπιϐλέπουσι
724 2917 739 2931 ν
766 2902 863 2955 καὶ
890 2900 981 2954 τόο
1010 2904 1116 2967 Εἰς
1138 2900 1259 2953 ὦτα
1282 2901 1504 2969 Κυρίου
1520 2898 1760 2954 Σαϐαὼθ
1777 2914 1793 2931 ⁸

203 2994 299 3045 καὶ
326 2992 423 3044 τό’
466 2992 532 3047 Ἦ
574 2991 707 3061 θρίξ
731 2992 917 3048 αὐτοῦ
947 2992 1089 3046 ὡσεὶ
1112 2992 1293 3060 Epeos"
1332 2993 1425 3045 καὶ
1447 2992 1525 3049 τό’
1559 2992 1798 3061 Πρόσω-

1905 1791 2261 1861 providentiis
2292 1799 2605 1855 sumuntur,
2636 1801 2694 1845 nt
2744 1792 2884 1845 Dens
2927 1792 3177 1851 deorum,
3213 1804 3270 1847 et
3305 1794 3492 1847 Domi-

1906 1899 2008 1938 nus
2042 1883 2406 1946 dominorum,
2432 1895 2486 1935 et
2514 1882 2630 1937 Rex
2661 1899 2845 1954 regum
2881 1901 2896 1937 :
2930 1884 3044 1938 huic
3073 1886 3218 1939 enim
3271 1887 3493 1953 nomina

1905 1975 2318 2043 particularium
2349 1986 2473 2030 sunt
2499 1977 2992 2046 providentiarnm,
3021 1987 3075 2031 et
3104 1981 3488 2045 quorutndam.

1908 2066 2021 2121 Non
2048 2066 2210 2136 igitur
2236 2068 2302 2121 ab
2333 2066 2418 2122 bis
2448 2067 2712 2122 duntaxat
2756 2070 2939 2123 divina
2979 2070 3200 2123 nomina
3244 2070 3490 2135 laudant,

1904 2158 1998 2212 sed
2030 2158 2196 2212 etiam
2253 2172 2283 2211 a
2328 2159 2657 2228 quibusdam
2709 2160 2911 2215 divinis
2958 2160 3116 2223 visis,
3158 2176 3280 2230 quae
3335 2161 3490 2215 verbi

1903 2250 2099 2320 gratia,
2123 2249 2413 2319 aliquando
2445 2251 2498 2304 in
2530 2251 2703 2305 sacris
2731 2253 2945 2321 templis
2986 2254 3286 2324 symbolice
3333 2268 3490 2307 reve-

1905 2347 2009 2399 lata
2037 2355 2186 2410 sunt,
2220 2346 2271 2399 id
2320 2353 2404 2399 est
2434 2346 2486 2399 in
2518 2347 2731 2417 templis
2778 2358 3187 2417 apparuerunt;
3215 2346 3490 2416 ἀνάκτορα

1904 2439 2048 2491 enim
2099 2437 2332 2509 gentiles
2378 2438 2652 2493 vocabant
2697 2442 2922 2495 deorum
2968 2456 3191 2495 suorum
3240 2440 3489 2494 delubra.

1902 2527 2197 2581 Nominant
2225 2528 2407 2597 itaque
2434 2544 2764 2598 supraqnam
2811 2531 3049 2586 lucidam
3103 2531 3408 2586 bonitatem
3436 2543 3494 2585 et

1906 2624 2172 2674 humanas
2200 2619 2425 2689 ﬁguras,
2457 2621 2572 2675 sive
2603 2621 2818 2691 igneas,
2844 2623 2959 2676 sive
2984 2622 3279 2677 elcctrinas
3305 2623 3355 2677 ei
3381 2623 3495 2677 cir-

1904 2721 2260 2781 smnponunt,
2288 2712 2431 2766 sicut
2458 2713 2510 2766 in
2543 2713 2829 2768 Ezechiele
2882 2715 3172 2783 reperitur.
3201 2715 3269 2769 Et
3300 2730 3492 2770 rursus

1902 2804 2137 2856 humana
2174 2803 2416 2856 membra
2466 2801 2742 2863 referunt,
2774 2812 2831 2856 nt
2882 2805 2935 2857 in
2978 2803 3213 2858 Psalmis
3258 2805 3492 2875 aliisque

1903 2890 2225 2959 Scripturis,
2249 2891 2405 2961 juxta
2437 2891 2569 2947 illud
2601 2913 2613 2947 :
2648 2892 2805 2946 Oculi
2847 2894 2962 2963 ejus
3001 2911 3161 2964 super
3203 2912 3490 2965 pauperem

1902 2985 2185 3052 respiciunt
2216 2985 2274 3048 ὃς
2299 2995 2355 3041 et
2400 2986 2530 3040 illud
2565 3008 2576 3043 :
2607 2985 2674 3041 In
2717 3003 2875 3041 aures
2920 2987 3129 3040 Domini
3165 2990 3397 3043 Sabaoth
3428 3001 3495 3055 εί

202 3101 325 3137 πον
348 3084 418 3137 δὲ
455 3086 678 3153 Κυρίου
725 3085 825 3139 ἐπὶ
859 3086 1182 3151 ποιοῦντας
1219 3083 1406 3140 κακά’
1448 3087 1543 3139 καὶ
1584 3086 1645 3139 τό
1669 3103 1683 3118 ·
1726 3088 1795 3140 Al

1901 3086 1955 3128 et
1984 3075 2114 3130 illud
2142 3093 2156 3130 :
2194 3075 2389 3146 Capilli
2418 3077 2531 3146 ejus
2560 3081 2712 3148 quasi
2743 3080 2868 3131 lana
2899 3077 2966 3146 d;
3000 3087 3055 3134 et
3087 3079 3215 3133 illud
3243 3097 3258 3134 :
3291 3078 3484 3135 Facies

203 3176 405 3247 χεῖρές
436 3192 556 3232 σου
596 3177 895 3245 ἐποίησάν
914 3194 994 3247 με
1012 3195 1026 3209 ο
1070 3175 1164 3231 καὶ
1188 3177 1248 3231 τό
1266 3194 1280 3208 ·
1341 3178 1443 3232 Ἐν
1462 3178 1588 3245 τοῖς
1618 3195 1798 3248 μετα-

199 3270 448 3340 ρρένοις
474 3270 661 3324 αὑτοῦ
687 3269 1029 3324 ἐπισκιάσει
1045 3283 1174 3323 σοι’
1202 3270 1294 3325 καί
1317 3287 1331 3301 ο
1371 3270 1473 3325 Ἐν
1502 3270 1580 3340 τῇ
1600 3270 1796 3340 σκέπῃ

201 3362 323 3418 τῶν
350 3366 659 3433 πτερύγων
686 3378 802 3417 σου
830 3361 1161 3430 σκεπάσεις
1190 3380 1267 3433 με
1284 3380 1298 3394 ·
1325 3365 1420 3418 καὶ
1438 3363 1500 3417 τό
1518 3381 1531 3394 ·
1571 3364 1634 3418 '0
1648 3364 1797 3433 ,βρα-

202 3455 355 3523 χίων
381 3471 499 3509 σου
522 3456 759 3509 ἔσωσεν
786 3454 1030 3521 αὐτοὺς,
1074 3455 1170 3509 καὶ
1204 3453 1275 3509 τὰ
1312 3454 1531 3509 ὀπίσθια
1567 3456 1794 3526 Κυρίου,

200 3540 277 3601 ὧν
304 3546 515 3618 ἠξιώθη
541 3547 782 3618 Μωῠσῆς
802 3563 817 3578 ·
854 3548 950 3601 καὶ¹
983 3547 1044 3600 τό
1063 3564 1077 3579 ο
1111 3548 1426 3602 Ἤκουσαν
1452 3545 1562 3616 τῆς
1590 3547 1797 3617 φωνῆς

202 3639 431 3706 Κυρίου
469 3637 940 3706 περιπατοῦντος
975 3639 1048 3692 ἐν
1092 3637 1174 3704 τῷ
1214 3638 1576 3707 παραδείσῳ.
1626 3640 1796 3695 Πάλιν

203 3727 506 3797 στεφάνους
564 3726 971 3798 περιτιθέασιν,
1024 3726 1101 3791 ῶς
1142 3727 1235 3780 τό⁸
1281 3729 1644 3798 Εὐλόγησον
1686 3727 1797 3782 τὸν

199 3820 512 3890 στέφανον
535 3819 641 3888 τῆς
682 3819 1090 3889 χρηστότητος
1119 3834 1237 3873 σου
1260 3835 1273 3848 ·
1318 3820 1411 3875 καὶ
1448 3818 1693 3891 θρόνους,
1719 3819 1795 3884 ὡς

199 3912 265 3966 τό
282 3928 296 3942 ·
343 3911 406 3964 Ὁ
430 3911 643 3979 θρόνος
666 3926 807 3979 σου,
844 3913 878 3964 ό
913 3908 1077 3976 Θεὸς,
1093 3912 1182 3976 εὶς
1209 3909 1316 3963 τὸν
1340 3909 1525 3965 αἰῶνα
1542 3928 1555 3941 ·
1586 3912 1680 3967 καὶ
1698 3928 1796 3965 πο-

197 4006 393 4077 τήρια,
426 4004 503 4068 ὡς
525 4004 588 4057 τό
609 4021 623 4035 ο
650 4001 944 4071 Ποτήριον
978 4003 1049 4056 ἐν
1076 4003 1226 4072 χειρὶ
1258 4004 1482 4073 Κυρίου
1500 4020 1515 4034 ⁸
1544 4004 1636 4057 καὶ
1660 4021 1795 4075 κρα-

197 4096 270 4165 τῆ
280 4112 396 4167 ρας,
408 4094 483 4158 ὡς
503 4093 582 4147 τόο
614 4093 900 4162 Ἐκέρασε
915 4093 1022 4147 τὸν
1039 4094 1260 4162 ἑαυτῆς
1275 4095 1557 4164 κρατῆρω
1578 4097 1705 4167 περὶ
1718 4089 1794 4150 ὧν

197 4184 353 4239 ἔστιν
372 4187 548 4239 εἰπεῖν
564 4187 621 4239 ὲν
636 4189 702 4257 τῇ
722 4184 1022 4258 συμϐολικῇ
1046 4185 1311 4258 θεολογίᾳ.
1330 4187 1444 4241 Νῦν
1457 4187 1535 4253 δὲ,
1564 4189 1665 4242 ὅσα
1685 4189 1793 4242 εἰσὶ

194 4279 305 4350 τῆς
338 4279 622 4350 παρούσης
640 4279 1027 4350 πραγματείας
1059 4278 1481 4349 συναγαγόντες,
1509 4281 1604 4334 καὶ
1629 4281 1794 4335 οἱονεὶ

196 4371 407 4425 κανόνα
420 4370 488 4424 τὰ
501 4389 527 4424 ε
537 4373 552 4423 ί
557 4389 624 4442 ρη
634 4370 770 4442 μένα
786 4367 1185 4443 προθέντες,ὄτι
1201 4370 1265 4422 ἐκ
1278 4371 1387 4425 τῶν
1406 4370 1574 4429 ὄντων
1590 4372 1685 4425 καὶ
1702 4389 1793 4429 κα-

1902 3158 2113 3222 υόηιὲηὲ
2142 3185 2296 3237 super
2331 3170 2583 3239 facientes
2611 3171 2753 3226 mala
2789 3184 2842 3237 θ;
2867 3182 2923 3227 et
2956 3171 3086 3225 illud
3114 3188 3129 3225 :
3162 3170 3356 3226 Manus
3379 3182 3486 3225 tua-

1898 3260 2137 3327 fecerunt
2188 3276 2269 3313 me
2304 3259 2353 3326 ῖς
2380 3270 2434 3315 et
2482 3260 2612 3315 illud
2650 3279 2665 3315 :
2712 3259 2956 3331 Scapulis
2999 3261 3110 3314 suis
3153 3260 3484 3313 obunbral'it

1898 3352 1994 3404 tibi
2024 3353 2080 3417 5;
2115 3361 2169 3406 et
2198 3372 2209 3405 :
2236 3351 2346 3406 Sub
2378 3354 2564 3406 umbra
2588 3352 2797 3406 alarum
2821 3364 3033 3406 tuarum
3075 3360 3283 3421 protege
3319 3353 3480 3416 meh;

1896 3452 1952 3496 et
1987 3443 2155 3498 illud:
2185 3443 2476 3498 Brachium
2509 3456 2659 3498 tuum
2705 3445 2932 3499 servavit
2980 3461 3066 3499 eos
3097 3446 3148 3510 i;
3200 3456 3255 3499 et
3300 3453 3485 3514 poste-

1898 3538 2041 3591 riora
2078 3536 2317 3607 Domini,
2347 3540 2547 3609 quibus
2587 3540 2801 3609 Moyses
2835 3539 3033 3608 dignus
3062 3536 3229 3609 314
3257 3547 3342 3592 est
3379 3539 3483 3592 ba-

1896 3629 2039 3685 bitus
2070 3630 2129 3697 ιι;
2176 3641 2228 3687 et
2266 3647 2282 3685 :
2317 3630 2614 3685 Audierant
2647 3648 2818 3685 vocent
2857 3630 3074 3683 Domini
3128 3628 3482 3684 deambulan-

1894 3721 1962 3775 tis
2013 3722 2067 3776 in
2117 3724 2368 3792 paradiso
2398 3721 2442 3778 1.
2496 3722 2707 3778 Rursus
2756 3737 2992 3778 coronas
3037 3722 3481 3793 circumponunt,

1888 3811 2041 3881 juxta
2070 3814 2197 3868 illud
2231 3833 2244 3868 :
2278 3814 2510 3869 Benedic
2541 3831 2752 3869 corona:
2783 3815 3123 3885 benignitatis
3173 3822 3279 3868 tua:
3308 3822 3382 3879 ¹¹³;
3426 3826 3482 3867 et

1892 3908 2071 3973 Sedes,
2099 3907 2252 3977 juxta
2292 3909 2469 3977 illud:
2497 3907 2737 3962 Thronus
2769 3907 3101 3974 tuus,Deus,
3129 3908 3185 3962 in
3221 3908 3479 3962 swculum

1890 4001 2072 4053 δαίσαίὶ
2105 4010 2153 4067 υ,
2186 4009 2242 4054 et
2288 4001 2510 4068 calices,
2538 4002 2692 4072 juxta
2749 4002 2920 4057 illud:
2953 4001 3112 4057 Calia:
3161 3999 3378 4053 Domini
3424 4003 3479 4052 in

1892 4108 2053 4145 manu
2080 4091 2193 4162 ejus
2226 4101 2285 4159 0;
2319 4103 2375 4147 et
2403 4103 2670 4159 crateras,
2699 4093 2855 4165 juxta
2902 4092 3032 4146 illud
3064 4111 3079 4146 :
3114 4090 3326 4145 Miscuit
3358 4106 3477 4143 cra-

1891 4192 2051 4237 terem
2098 4194 2339 4251 suumP;
2388 4185 2456 4239 de
2489 4184 2688 4253 quibus
2740 4184 3030 4239 dicendum
3072 4182 3125 4235 in
3177 4178 3477 4251 symbolice

1892 4274 2186 4343 theologia.
2216 4275 2375 4331 Nunc
2404 4290 2588 4331 autem
2617 4291 2740 4346 quae
2767 4275 3053 4346 praesentis
3084 4273 3316 4328 instituti
3348 4280 3478 4326 sunt

1890 4365 2224 4437 colligentes,
2240 4379 2294 4422 et
2308 4384 2370 4423 ea
2388 4382 2508 4439 quae
2527 4368 2672 4424 dicta
2691 4378 2818 4423 sunt
2837 4369 2993 4439 quasi
3012 4366 3254 4434 regulam
3272 4377 3473 4433 propo-

193 4461 516 4533 ταφατικῶς
531 4463 628 4517 καὶ
647 4463 998 4533 ἀποφατικῶς
1014 4463 1076 4517 τὸ
1089 4463 1244 4516 Θεῖον
1266 4462 1605 4534 ὀνομάζεται·
1622 4479 1789 4516 κατα-

1901 4470 2105 4525 nentes,
2124 4460 2292 4514 Deum
2311 4475 2375 4515 ex
2400 4462 2467 4516 iis
2489 4476 2610 4530 qua:
2640 4469 2787 4523 sunt,
2810 4471 2866 4516 et
2892 4458 3212 4514 allirmative
3230 4467 3287 4513 et
3308 4472 3473 4525 nega-

192 4554 448 4629 φατικῶς
472 4555 572 4627 μὲν
595 4555 671 4619 ὡς
692 4555 865 4609 αἴτιον
888 4556 952 4608 ἐκ
972 4554 1083 4621 τῶν
1106 4553 1366 4608 αίτιατῶν
1389 4592 1405 4619 ,
1430 4552 1786 4623 ἀποφατικῶς

190 4650 361 4715 δὲ,ὡς
381 4649 533 4703 οὐδὲν
554 4648 757 4703 τούτων
771 4648 850 4703 ὅν.
903 4649 992 4703 ἐπὶ
1007 4648 1105 4720 τὴν
1120 4649 1443 4719 διασάφησιν
1457 4647 1566 4701 τῶν
1581 4646 1786 4719 νοητῶν

191 4741 519 4812 θεωνυμιῶν
548 4742 845 4812 προΐωμεν.
878 4741 989 4793 Καὶ
1016 4740 1154 4813 ὅπερ
1181 4742 1311 4812 ἡμῖν
1347 4740 1441 4793 ἐπὶ
1476 4740 1626 4814 πάσῃ
1662 4739 1784 4793 θεο-

189 4835 405 4906 λογίαὸ
436 4833 578 4905 ἱερὸς
604 4833 764 4905 νόμος
808 4834 1117 4904 ὑφηγεῖται,
1148 4835 1312 4898 ὁσίως
1351 4833 1589 4904 βλέπειν,
1621 4834 1784 4899 ὁσίως

189 4923 399 4992 λέγειν,
427 4925 519 4977 καὶ
538 4924 701 4988 όσίως
725 4923 944 4977 ἀκούειν
966 4924 1035 4978 τά
1069 4926 1189 4988 ἱερά
1206 4942 1219 4955 ·
1246 4926 1418 4989 οὕτως
1442 4926 1500 4978 ὲν
1525 4924 1784 4996 θεοπτικῇ

189 4998 412 5084 διανοίᾴ
432 5012 537 5075 τάςν
558 5013 807 5078 θεοειδεῖς
831 5013 1257 5085 ἐποπτεύσωμεν
1281 5014 1532 5085 θεωρίας
1560 5015 1655 5068 καὶ
1675 5009 1789 5068 ὦτα

192 5103 326 5175 ἱερά
348 5108 467 5169 ταῖς
485 5106 817 5172 ἀναπτύξεσι
833 5105 942 5160 τῶν
961 5106 1122 5160 θείων
1144 5108 1425 5179 ὀνομάτων
1449 5107 1785 5180 παραθώμε-

187 5198 288 5261 οα,
308 5198 642 5270 ὲνιδρύοντες
663 5200 734 5254 τὰ
754 5202 885 5269 ἆγια
901 5201 1055 5271 λογία
1074 5203 1184 5265 τοῖς
1204 5200 1380 5270 ἁγίοις
1400 5202 1521 5268 ὠσὶ,
1540 5202 1635 5257 καὶ
1652 5204 1793 5271 ἐξαι-

190 5289 455 5361 ρούμενοι
479 5291 590 5344 τῶν
624 5292 853 5365 ἀνιέρων
879 5293 1130 5363 γελώτων
1166 5295 1260 5348 καὶ
1310 5295 1660 5367 ἐμπαιγμῶν,
1686 5297 1782 5364 οὓς

185 5380 403 5449 ἐγέλων
424 5383 474 5434 oi
500 5381 761 5454 Ἕλληνες
777 5386 972 5454 παχεῖς
993 5385 1088 5438 καὶ
1104 5385 1349 5457 σάρκινοι
1361 5384 1533 5452 ὄντες,
1552 5387 1781 5442 ἀκούον-

185 5487 326 5539 τεςο
370 5472 570 5544 μᾶλλον
628 5474 720 5541 δὲ,
758 5474 881 5528 ἐπεὶ
931 5474 1199 5548 θεομαχία
1258 5476 1505 5549 κρίνεται
1543 5479 1781 5551 τὸμετά

264 5627 294 5656 ει
326 5612 487 5671 Rom.
510 5629 593 5683 tv,
625 5616 710 5671 l7.

812 5617 843 5658 ι)
878 5612 1021 5672 Psal.
1053 5610 1190 5683 x,75.
1270 5621 1293 5650 ο
1317 5609 1433 5667 Jac.
1466 5628 1519 5680 v,
1553 5615 1605 5668 4.
1683 5614 1710 5654 τι
1742 5615 1877 5670 Dan.
1910 5635 2002 5683 vn,
2028 5621 2080 5673 9.

1891 4551 1999 4607 tive
2021 4553 2387 4622 nominamus.
2412 4552 2744 4611 Alllrmative
2765 4556 2982 4626 quidem
3001 4592 3017 4619 ,
3049 4561 3303 4621 tanquam
3336 4565 3472 4605 cau-

1888 4657 2004 4698 sam
2034 4659 2100 4697 ex
2116 4643 2361 4709 ell‘ectis;
2384 4647 2631 4715 negative
2657 4663 2810 4713 vero,
2831 4657 2889 4701 ut
2915 4646 3006 4716 qui
3033 4645 3167 4700 nihil
3192 4644 3265 4700 sit
3280 4658 3473 4699 eorum

1886 4751 2009 4807 qua:
2022 4746 2168 4791 sunt.
2182 4737 2264 4792 Ad
2288 4738 2711 4795 declarationem
2729 4738 3056 4810 spiritalium
3075 4738 3169 4794 Dei
3186 4738 3469 4791 nominum

1889 4832 2190 4885 veniamus.
2223 4831 2290 4884 Et
2318 4847 2439 4887 cum
2466 4833 2519 4885 in
2544 4834 2691 4888 omni
2713 4832 2981 4902 theologia
3010 4832 3167 4886 nobis
3202 4830 3288 4886 lex
3313 4845 3469 4883 sacra

1890 4923 2188 4993 priecipiat,
2224 4934 2411 4978 sancte
2433 4924 2683 4990 videnda,
2705 4936 2895 4980 sancte
2911 4923 3263 4994 proferenda,
3280 4932 3471 4977 sancte

1890 5014 2156 5070 audienda
2187 5028 2311 5071 esse
2335 5031 2521 5084 sacra;
2551 5019 2633 5073 sic
2655 5018 2950 5074 deiformes
2978 5014 3467 5084 contemplationes

1893 5106 2076 5161 divina
2106 5118 2286 5165 mente
2314 5111 2646 5176 intueamur,
2675 5121 2732 5167 et
2761 5125 2950 5166 sacras
2976 5122 3139 5164 aures
3184 5107 3359 5162 sacris
3382 5105 3469 5158 di--

1888 5199 2139 5254 vinorum
2170 5202 2451 5256 nominum
2504 5203 3049 5274 interpretationibus
3081 5198 3466 5257 adhibeamus,

1890 5293 2105 5362 eloquia
2133 5305 2322 5350 sancta
2357 5297 2566 5351 sanctis
2595 5298 2821 5353 auribus
2847 5295 3175 5351 instillantes
3200 5301 3257 5345 et
3277 5307 3306 5343 a
3337 5304 3465 5358 pro-

1890 5385 2033 5440 fanis
2081 5385 2427 5443 irrisionibus
2463 5398 2521 5446 et
2561 5390 2903 5446 illusionibus
2948 5384 3315 5444 vindicantes,
3343 5395 3465 5445 eos,

1888 5492 2025 5547 quos
2056 5480 2288 5549 gentiles
2322 5479 2399 5535 illi
2427 5482 2601 5538 crassi
2631 5492 2687 5538 et
2724 5479 2994 5545 carnales,
3025 5478 3152 5533 dum
3182 5472 3464 5535 audirent,

2181 5631 2203 5659 ο
2231 5618 2373 5675 Psul.
2405 5636 2606 5686 xxxm,
2649 5622 2736 5677 ΓΙ.
2843 5618 2991 5674 τιοι)
3022 5634 3078 5677 x.
3101 5617 3154 5671 8.
3260 5617 3284 5653 ε
3312 5613 3463 5668 Psal.

190 5689 363 5761 se}.
442 5680 642 5761 {PsaL
679 5703 790 5750 xvi,
824 5690 880 5745 9.
959 5686 975 5726 ί
1015 5682 1160 5761 ρείιι.
1190 5698 1453 5738 Lxxxvtu.
1534 5687 1559 5727 ιε
1590 5687 1795 5745 Exod.:

1905 5680 2103 5755 ηιξὲὖ.
2189 5691 2204 5731 1
2234 5690 2369 5747 Gclt.
2401 5710 2480 5761 ιιι,
2511 5694 2561 5748 8.
2595 5680 2604 5686 ⁷
2637 5706 2675 5733 ιη
2700 5695 2841 5750 l’sal.
2874 5707 3022 5757 thv,
3059 5689 3144 5744 t2.
3224 5696 3248 5723 η
3285 5689 3456 5742 ltenr.

196 5774 233 5817 I.
262 5759 318 5814 8.
403 5756 590 5813 0Psal.
617 5773 803 5826 ustv,
833 5762 887 5818 8.
962 5766 989 5808 P
1012 5754 1173 5810 Ριύν.
1201 5771 1271 5810 is.
