  <div class='ocr_page' id='page_1' title='image "/cluster/home/n/w/nwhite01/storage/ocr_20150623/3/nnc1.0046978666/361.png"; bbox 0 0 3876 6226; ppageno 0'>
   <div class='ocr_carea' id='block_1_1' title="bbox 404 304 515 364">
    <p class='ocr_par' dir='ltr' id='par_1_1' title="bbox 404 304 515 364">
     <span class='ocr_line' id='line_1_1' title="bbox 404 304 515 364; baseline 0 0"><span class='ocrx_word' id='word_1_1' title='bbox 404 304 515 364; x_wconf 62' lang='lat'><strong>635</strong></span> 
     </span>
    </p>
   </div>
   <div class='ocr_carea' id='block_1_2' title="bbox 1570 305 2478 366">
    <p class='ocr_par' dir='ltr' id='par_1_2' title="bbox 1570 305 2478 366">
     <span class='ocr_line' id='line_1_2' title="bbox 1570 305 2478 366; baseline -0.001 -4"><span class='ocrx_word' id='word_1_2' title='bbox 1570 305 1631 366; x_wconf 91' lang='lat' dir='ltr'><strong>S.</strong></span> <span class='ocrx_word' id='word_1_3' title='bbox 1675 306 1977 365; x_wconf 72' lang='lat' dir='ltr'><strong>DIONYSII</strong></span> <span class='ocrx_word' id='word_1_4' title='bbox 2017 305 2478 362; x_wconf 62' lang='lat' dir='ltr'><strong>AREOPAGITAS</strong></span> 
     </span>
    </p>
   </div>
   <div class='ocr_carea' id='block_1_3' title="bbox 3562 309 3675 365">
    <p class='ocr_par' dir='ltr' id='par_1_3' title="bbox 3562 309 3675 365">
     <span class='ocr_line' id='line_1_3' title="bbox 3562 309 3675 365; baseline 0 -6"><span class='ocrx_word' id='word_1_5' title='bbox 3562 309 3675 365; x_wconf 63' lang='lat'><strong>636</strong></span> 
     </span>
    </p>
   </div>
   <div class='ocr_carea' id='block_1_4' title="bbox 408 420 1989 500">
    <p class='ocr_par' dir='ltr' id='par_1_4' title="bbox 408 420 1983 494">
     <span class='ocr_line' id='line_1_4' title="bbox 408 420 1983 494; baseline 0.001 -15"><span class='ocrx_word' id='word_1_6' title='bbox 408 422 728 479; x_wconf 84' lang='lat' dir='ltr'><strong>irridebant.</strong></span> <span class='ocrx_word' id='word_1_7' title='bbox 773 420 1049 491; x_wconf 85' lang='lat' dir='ltr'><strong>Quinimo,</strong></span> <span class='ocrx_word' id='word_1_8' title='bbox 1070 440 1195 480; x_wconf 91' lang='lat' dir='ltr'><strong>cum</strong></span> <span class='ocrx_word' id='word_1_9' title='bbox 1219 424 1490 494; x_wconf 83' lang='lat' dir='ltr'><strong>quoddam</strong></span> <span class='ocrx_word' id='word_1_10' title='bbox 1522 426 1785 481; x_wconf 80' lang='lat' dir='ltr'><strong>adversus</strong></span> <span class='ocrx_word' id='word_1_11' title='bbox 1815 425 1983 481; x_wconf 89' lang='lat' dir='ltr'><strong>Deum</strong></span> 
     </span>
    </p>
   </div>
   <div class='ocr_carea' id='block_1_5' title="bbox 2093 420 3668 500">
    <p class='ocr_par' dir='ltr' id='par_1_5' title="bbox 2093 423 3668 500">
     <span class='ocr_line' id='line_1_5' title="bbox 2093 423 3668 500; baseline 0.001 -22"><span class='ocrx_word' id='word_1_12' title='bbox 2093 428 2420 498; x_wconf 74' lang='grc' dir='ltr'><strong>ἐμπαιγμῶν</strong></span> <span class='ocrx_word' id='word_1_13' title='bbox 2460 428 2555 482; x_wconf 74' lang='grc' dir='ltr'>καὶ</span> <span class='ocrx_word' id='word_1_14' title='bbox 2579 428 3034 500; x_wconf 81' lang='grc' dir='ltr'>καταφρονήσεων</span> <span class='ocrx_word' id='word_1_15' title='bbox 3085 424 3300 480; x_wconf 77' lang='grc' dir='ltr'>ἀκούειν</span> <span class='ocrx_word' id='word_1_16' title='bbox 3341 424 3451 479; x_wconf 81' lang='grc' dir='ltr'><strong>τῶν</strong></span> <span class='ocrx_word' id='word_1_17' title='bbox 3484 423 3668 489; x_wconf 79' lang='grc' dir='ltr'>θείων,</span> 
     </span>
    </p>
   </div>
   <div class='ocr_carea' id='block_1_6' title="bbox 407 515 1993 580">
    <p class='ocr_par' dir='ltr' id='par_1_6' title="bbox 407 515 1993 580">
     <span class='ocr_line' id='line_1_6' title="bbox 407 515 1993 580; baseline 0 -9"><span class='ocrx_word' id='word_1_18' title='bbox 407 515 613 571; x_wconf 87' lang='lat' dir='ltr'><strong>bellum</strong></span> <span class='ocrx_word' id='word_1_19' title='bbox 647 526 958 580; x_wconf 85' lang='lat' dir='ltr'><strong>censeatur,</strong></span> <span class='ocrx_word' id='word_1_20' title='bbox 987 518 1029 571; x_wconf 91' lang='lat' dir='ltr'><strong>si</strong></span> <span class='ocrx_word' id='word_1_21' title='bbox 1063 533 1149 573; x_wconf 87' lang='lat' dir='ltr'><strong>res</strong></span> <span class='ocrx_word' id='word_1_22' title='bbox 1178 518 1372 573; x_wconf 82' lang='lat' dir='ltr'><strong>divina:</strong></span> <span class='ocrx_word' id='word_1_23' title='bbox 1401 534 1523 573; x_wconf 89' lang='lat' dir='ltr'><strong>cum</strong></span> <span class='ocrx_word' id='word_1_24' title='bbox 1569 518 1911 573; x_wconf 89' lang='lat' dir='ltr'><strong>illusiouibus</strong></span> <span class='ocrx_word' id='word_1_25' title='bbox 1936 527 1993 572; x_wconf 90' lang='lat' dir='ltr'><strong>et</strong></span> 
     </span>
    </p>
   </div>
   <div class='ocr_carea' id='block_1_7' title="bbox 406 608 1992 679">
    <p class='ocr_par' dir='ltr' id='par_1_7' title="bbox 406 608 1992 679">
     <span class='ocr_line' id='line_1_7' title="bbox 406 608 1992 679; baseline 0.001 -17"><span class='ocrx_word' id='word_1_26' title='bbox 406 608 755 676; x_wconf 84' lang='lat' dir='ltr'><strong>despectibus</strong></span> <span class='ocrx_word' id='word_1_27' title='bbox 779 608 1091 676; x_wconf 84' lang='lat' dir='ltr'><strong>audiantur,</strong></span> <span class='ocrx_word' id='word_1_28' title='bbox 1119 610 1163 664; x_wconf 93' lang='lat' dir='ltr'><strong>si</strong></span> <span class='ocrx_word' id='word_1_29' title='bbox 1208 610 1323 663; x_wconf 72' lang='lat' dir='ltr'><strong>fieri</strong></span> <span class='ocrx_word' id='word_1_30' title='bbox 1361 610 1558 679; x_wconf 83' lang='lat' dir='ltr'><strong>possit,</strong></span> <span class='ocrx_word' id='word_1_31' title='bbox 1588 625 1686 664; x_wconf 89' lang='lat' dir='ltr'><strong>eos</strong></span> <span class='ocrx_word' id='word_1_32' title='bbox 1728 611 1821 678; x_wconf 88' lang='lat' dir='ltr'><strong>qui</strong></span> <span class='ocrx_word' id='word_1_33' title='bbox 1863 619 1992 665; x_wconf 87' lang='lat' dir='ltr'><strong>sunt</strong></span> 
     </span>
    </p>
   </div>
   <div class='ocr_carea' id='block_1_8' title="bbox 411 701 1992 770">
    <p class='ocr_par' dir='ltr' id='par_1_8' title="bbox 411 701 1992 770">
     <span class='ocr_line' id='line_1_8' title="bbox 411 701 1992 770; baseline 0.003 -17"><span class='ocrx_word' id='word_1_34' title='bbox 411 702 577 763; x_wconf 87' lang='lat' dir='ltr'><strong>tales,</strong></span> <span class='ocrx_word' id='word_1_35' title='bbox 603 702 672 755; x_wconf 86' lang='lat' dir='ltr'><strong>ab</strong></span> <span class='ocrx_word' id='word_1_36' title='bbox 701 702 802 756; x_wconf 88' lang='lat' dir='ltr'><strong>boc</strong></span> <span class='ocrx_word' id='word_1_37' title='bbox 830 717 954 756; x_wconf 90' lang='lat' dir='ltr'><strong>cum</strong></span> <span class='ocrx_word' id='word_1_38' title='bbox 982 701 1088 757; x_wconf 91' lang='lat' dir='ltr'><strong>Deo</strong></span> <span class='ocrx_word' id='word_1_39' title='bbox 1112 702 1256 757; x_wconf 88' lang='lat' dir='ltr'><strong>bello</strong></span> <span class='ocrx_word' id='word_1_40' title='bbox 1281 718 1619 758; x_wconf 86' lang='lat' dir='ltr'><strong>revocemus.</strong></span> <span class='ocrx_word' id='word_1_41' title='bbox 1650 702 1774 757; x_wconf 63' lang='lat' dir='ltr'><strong>Haec</strong></span> <span class='ocrx_word' id='word_1_42' title='bbox 1806 704 1992 770; x_wconf 88' lang='lat' dir='ltr'><strong>itaque</strong></span> 
     </span>
    </p>
   </div>
   <div class='ocr_carea' id='block_1_9' title="bbox 413 794 1988 863">
    <p class='ocr_par' dir='ltr' id='par_1_9' title="bbox 413 794 1988 863">
     <span class='ocr_line' id='line_1_9' title="bbox 413 794 1988 863; baseline 0.001 -16"><span class='ocrx_word' id='word_1_43' title='bbox 413 794 509 849; x_wconf 90' lang='lat' dir='ltr'><strong>tibi</strong></span> <span class='ocrx_word' id='word_1_44' title='bbox 542 794 811 848; x_wconf 86' lang='lat' dir='ltr'><strong>servanda</strong></span> <span class='ocrx_word' id='word_1_45' title='bbox 858 805 1004 859; x_wconf 88' lang='lat' dir='ltr'><strong>sunt,</strong></span> <span class='ocrx_word' id='word_1_46' title='bbox 1029 796 1233 863; x_wconf 89' lang='lat' dir='ltr'><strong>optime</strong></span> <span class='ocrx_word' id='word_1_47' title='bbox 1262 795 1547 851; x_wconf 88' lang='lat' dir='ltr'><strong>Timothee</strong></span> <span class='ocrx_word' id='word_1_48' title='bbox 1580 810 1597 849; x_wconf 88' lang='lat'><strong>:</strong></span> <span class='ocrx_word' id='word_1_49' title='bbox 1639 796 1810 851; x_wconf 83' lang='lat' dir='ltr'><strong>habes</strong></span> <span class='ocrx_word' id='word_1_50' title='bbox 1843 795 1988 850; x_wconf 88' lang='lat' dir='ltr'><strong>enim</strong></span> 
     </span>
    </p>
   </div>
   <div class='ocr_carea' id='block_1_10' title="bbox 408 884 1992 957">
    <p class='ocr_par' dir='ltr' id='par_1_10' title="bbox 408 884 1992 957">
     <span class='ocr_line' id='line_1_10' title="bbox 408 884 1992 957; baseline 0.002 -18"><span class='ocrx_word' id='word_1_51' title='bbox 408 884 727 955; x_wconf 83' lang='lat' dir='ltr'><strong>Apostolum</strong></span> <span class='ocrx_word' id='word_1_52' title='bbox 774 886 1172 942; x_wconf 88' lang='lat' dir='ltr'><strong>admouitorem</strong></span> <span class='ocrx_word' id='word_1_53' title='bbox 1201 928 1215 952; x_wconf 85' lang='lat'><strong>,</strong></span> <span class='ocrx_word' id='word_1_54' title='bbox 1260 888 1535 957; x_wconf 91' lang='lat' dir='ltr'><strong>quomodo</strong></span> <span class='ocrx_word' id='word_1_55' title='bbox 1590 903 1695 941; x_wconf 89' lang='lat' dir='ltr'><strong>non</strong></span> <span class='ocrx_word' id='word_1_56' title='bbox 1742 897 1992 957; x_wconf 91' lang='lat' dir='ltr'><strong>oporteat</strong></span> 
     </span>
    </p>
   </div>
   <div class='ocr_carea' id='block_1_11' title="bbox 410 978 1987 1049">
    <p class='ocr_par' dir='ltr' id='par_1_11' title="bbox 410 978 1987 1049">
     <span class='ocr_line' id='line_1_11' title="bbox 410 978 1987 1049; baseline 0 -16"><span class='ocrx_word' id='word_1_57' title='bbox 410 978 765 1049; x_wconf 80' lang='lat' dir='ltr'><strong>incapacibus</strong></span> <span class='ocrx_word' id='word_1_58' title='bbox 790 979 857 1033; x_wconf 89' lang='lat' dir='ltr'><strong>de</strong></span> <span class='ocrx_word' id='word_1_59' title='bbox 890 982 1052 1034; x_wconf 82' lang='lat' dir='ltr'><strong>rebus</strong></span> <span class='ocrx_word' id='word_1_60' title='bbox 1080 980 1386 1035; x_wconf 86' lang='lat' dir='ltr'><strong>istiusmodi</strong></span> <span class='ocrx_word' id='word_1_61' title='bbox 1419 981 1471 1034; x_wconf 92' lang='lat' dir='ltr'><strong>in</strong></span> <span class='ocrx_word' id='word_1_62' title='bbox 1502 980 1733 1035; x_wconf 90' lang='lat' dir='ltr'><strong>veritate</strong></span> <span class='ocrx_word' id='word_1_63' title='bbox 1763 982 1987 1035; x_wconf 83' lang='lat' dir='ltr'><strong>verbum</strong></span> 
     </span>
    </p>
   </div>
   <div class='ocr_carea' id='block_1_12' title="bbox 409 1070 1989 1142">
    <p class='ocr_par' dir='ltr' id='par_1_12' title="bbox 409 1070 1989 1142">
     <span class='ocr_line' id='line_1_12' title="bbox 409 1070 1989 1142; baseline 0.003 -18"><span class='ocrx_word' id='word_1_64' title='bbox 409 1070 728 1142; x_wconf 85' lang='lat' dir='ltr'><strong>loqui.Mihi</strong></span> <span class='ocrx_word' id='word_1_65' title='bbox 756 1083 934 1127; x_wconf 89' lang='lat' dir='ltr'><strong>autem</strong></span> <span class='ocrx_word' id='word_1_66' title='bbox 971 1074 1060 1128; x_wconf 88' lang='lat' dir='ltr'><strong>det</strong></span> <span class='ocrx_word' id='word_1_67' title='bbox 1093 1074 1255 1135; x_wconf 91' lang='lat' dir='ltr'><strong>Deus,</strong></span> <span class='ocrx_word' id='word_1_68' title='bbox 1291 1073 1698 1129; x_wconf 90' lang='lat' dir='ltr'><strong>inuominabilis</strong></span> <span class='ocrx_word' id='word_1_69' title='bbox 1727 1074 1989 1128; x_wconf 85' lang='lat' dir='ltr'><strong>divinita-</strong></span> 
     </span>
    </p>
   </div>
   <div class='ocr_carea' id='block_1_13' title="bbox 411 1165 1992 1238">
    <p class='ocr_par' dir='ltr' id='par_1_13' title="bbox 411 1165 1992 1238">
     <span class='ocr_line' id='line_1_13' title="bbox 411 1165 1992 1238; baseline 0.001 -19"><span class='ocrx_word' id='word_1_70' title='bbox 411 1166 480 1221; x_wconf 87' lang='lat' dir='ltr'><strong>tis</strong></span> <span class='ocrx_word' id='word_1_71' title='bbox 509 1165 727 1218; x_wconf 87' lang='lat' dir='ltr'><strong>nomina</strong></span> <span class='ocrx_word' id='word_1_72' title='bbox 760 1165 967 1232; x_wconf 87' lang='lat' dir='ltr'><strong>divina,</strong></span> <span class='ocrx_word' id='word_1_73' title='bbox 1004 1183 1128 1237; x_wconf 77' lang='lat' dir='ltr'><strong>qua:</strong></span> <span class='ocrx_word' id='word_1_74' title='bbox 1165 1181 1229 1221; x_wconf 74' lang='lat' dir='ltr'><strong>ex</strong></span> <span class='ocrx_word' id='word_1_75' title='bbox 1260 1168 1417 1223; x_wconf 90' lang='lat' dir='ltr'><strong>bonis</strong></span> <span class='ocrx_word' id='word_1_76' title='bbox 1442 1167 1561 1237; x_wconf 85' lang='lat' dir='ltr'><strong>ejus</strong></span> <span class='ocrx_word' id='word_1_77' title='bbox 1605 1168 1863 1238; x_wconf 89' lang='lat' dir='ltr'><strong>operibus</strong></span> <span class='ocrx_word' id='word_1_78' title='bbox 1898 1182 1992 1223; x_wconf 87' lang='lat' dir='ltr'><strong>su-</strong></span> 
     </span>
    </p>
   </div>
   <div class='ocr_carea' id='block_1_14' title="bbox 408 1258 1989 1330">
    <p class='ocr_par' dir='ltr' id='par_1_14' title="bbox 408 1258 1989 1330">
     <span class='ocr_line' id='line_1_14' title="bbox 408 1258 1989 1330; baseline 0.002 -18"><span class='ocrx_word' id='word_1_79' title='bbox 408 1258 791 1323; x_wconf 88' lang='lat' dir='ltr'><strong>muntur,‘Deo</strong></span> <span class='ocrx_word' id='word_1_80' title='bbox 824 1260 985 1329; x_wconf 80' lang='lat' dir='ltr'><strong>digne</strong></span> <span class='ocrx_word' id='word_1_81' title='bbox 1013 1261 1193 1330; x_wconf 86' lang='lat' dir='ltr'><strong>eloqui</strong></span> <span class='ocrx_word' id='word_1_82' title='bbox 1220 1276 1285 1316; x_wconf 75' lang='lat' dir='ltr'><strong>ac</strong></span> <span class='ocrx_word' id='word_1_83' title='bbox 1333 1276 1639 1317; x_wconf 87' lang='lat' dir='ltr'><strong>recensere.</strong></span> <span class='ocrx_word' id='word_1_84' title='bbox 1668 1260 1864 1316; x_wconf 90' lang='lat' dir='ltr'><strong>Omnia</strong></span> <span class='ocrx_word' id='word_1_85' title='bbox 1891 1276 1989 1315; x_wconf 87' lang='lat' dir='ltr'><strong>au-</strong></span> 
     </span>
    </p>
   </div>
   <div class='ocr_carea' id='block_1_15' title="bbox 410 1351 1987 1423">
    <p class='ocr_par' dir='ltr' id='par_1_15' title="bbox 410 1351 1987 1423">
     <span class='ocr_line' id='line_1_15' title="bbox 410 1351 1987 1423; baseline 0.002 -19"><span class='ocrx_word' id='word_1_86' title='bbox 410 1361 516 1405; x_wconf 90' lang='lat' dir='ltr'><strong>tem</strong></span> <span class='ocrx_word' id='word_1_87' title='bbox 541 1366 705 1421; x_wconf 81' lang='lat' dir='ltr'><strong>Opera</strong></span> <span class='ocrx_word' id='word_1_88' title='bbox 740 1351 829 1405; x_wconf 88' lang='lat' dir='ltr'><strong>Dei</strong></span> <span class='ocrx_word' id='word_1_89' title='bbox 859 1353 994 1406; x_wconf 90' lang='lat' dir='ltr'><strong>bona</strong></span> <span class='ocrx_word' id='word_1_90' title='bbox 1025 1363 1152 1407; x_wconf 88' lang='lat' dir='ltr'><strong>sunt</strong></span> <span class='ocrx_word' id='word_1_91' title='bbox 1176 1364 1229 1408; x_wconf 90' lang='lat' dir='ltr'><strong>et</strong></span> <span class='ocrx_word' id='word_1_92' title='bbox 1256 1364 1483 1423; x_wconf 87' lang='lat' dir='ltr'><strong>propter</strong></span> <span class='ocrx_word' id='word_1_93' title='bbox 1504 1354 1800 1410; x_wconf 84' lang='lat' dir='ltr'><strong>bonitatem</strong></span> <span class='ocrx_word' id='word_1_94' title='bbox 1830 1353 1987 1418; x_wconf 82' lang='lat' dir='ltr'><strong>liunt,</strong></span> 
     </span>
    </p>
   </div>
   <div class='ocr_carea' id='block_1_16' title="bbox 406 1442 1987 1515">
    <p class='ocr_par' dir='ltr' id='par_1_16' title="bbox 406 1442 1987 1515">
     <span class='ocr_line' id='line_1_16' title="bbox 406 1442 1987 1515; baseline 0.003 -20"><span class='ocrx_word' id='word_1_95' title='bbox 406 1443 509 1499; x_wconf 91' lang='lat' dir='ltr'><strong>etsi</strong></span> <span class='ocrx_word' id='word_1_96' title='bbox 536 1442 714 1513; x_wconf 87' lang='lat' dir='ltr'><strong>aliqua</strong></span> <span class='ocrx_word' id='word_1_97' title='bbox 747 1444 903 1499; x_wconf 89' lang='lat' dir='ltr'><strong>nobis</strong></span> <span class='ocrx_word' id='word_1_98' title='bbox 951 1461 1057 1499; x_wconf 89' lang='lat' dir='ltr'><strong>non</strong></span> <span class='ocrx_word' id='word_1_99' title='bbox 1090 1448 1201 1501; x_wconf 90' lang='lat' dir='ltr'><strong>sint</strong></span> <span class='ocrx_word' id='word_1_100' title='bbox 1241 1446 1613 1511; x_wconf 85' lang='lat' dir='ltr'><strong>delcctabilia;</strong></span> <span class='ocrx_word' id='word_1_101' title='bbox 1644 1445 1903 1515; x_wconf 92' lang='lat' dir='ltr'><strong>quoniam</strong></span> <span class='ocrx_word' id='word_1_102' title='bbox 1933 1446 1987 1500; x_wconf 93' lang='lat' dir='ltr'><strong>in</strong></span> 
     </span>
    </p>
   </div>
   <div class='ocr_carea' id='block_1_17' title="bbox 406 1533 1989 1610">
    <p class='ocr_par' dir='ltr' id='par_1_17' title="bbox 406 1533 1989 1610">
     <span class='ocr_line' id='line_1_17' title="bbox 406 1533 1989 1610; baseline 0.004 -23"><span class='ocrx_word' id='word_1_103' title='bbox 406 1533 479 1589; x_wconf 85' lang='lat' dir='ltr'><strong>iis</strong></span> <span class='ocrx_word' id='word_1_104' title='bbox 503 1536 701 1604; x_wconf 88' lang='lat' dir='ltr'><strong>quibus</strong></span> <span class='ocrx_word' id='word_1_105' title='bbox 749 1552 1039 1606; x_wconf 81' lang='lat' dir='ltr'><strong>peccamus</strong></span> <span class='ocrx_word' id='word_1_106' title='bbox 1073 1540 1219 1609; x_wconf 80' lang='lat' dir='ltr'><strong>juste</strong></span> <span class='ocrx_word' id='word_1_107' title='bbox 1255 1541 1553 1610; x_wconf 88' lang='lat' dir='ltr'><strong>punimur;</strong></span> <span class='ocrx_word' id='word_1_108' title='bbox 1599 1540 1744 1609; x_wconf 92' lang='lat' dir='ltr'><strong>quod</strong></span> <span class='ocrx_word' id='word_1_109' title='bbox 1799 1540 1989 1609; x_wconf 87' lang='lat' dir='ltr'><strong>utique</strong></span> 
     </span>
    </p>
   </div>
   <div class='ocr_carea' id='block_1_18' title="bbox 406 1628 1990 1701">
    <p class='ocr_par' dir='ltr' id='par_1_18' title="bbox 406 1628 1990 1701">
     <span class='ocr_line' id='line_1_18' title="bbox 406 1628 1990 1701; baseline 0.004 -23"><span class='ocrx_word' id='word_1_110' title='bbox 406 1633 492 1679; x_wconf 91' lang='lat' dir='ltr'><strong>est</strong></span> <span class='ocrx_word' id='word_1_111' title='bbox 520 1642 744 1682; x_wconf 70' lang='lat' dir='ltr'><strong>summae</strong></span> <span class='ocrx_word' id='word_1_112' title='bbox 774 1628 868 1683; x_wconf 88' lang='lat' dir='ltr'><strong>Dei</strong></span> <span class='ocrx_word' id='word_1_113' title='bbox 904 1629 1190 1695; x_wconf 89' lang='lat' dir='ltr'><strong>bonitatis,</strong></span> <span class='ocrx_word' id='word_1_114' title='bbox 1216 1646 1339 1686; x_wconf 90' lang='lat' dir='ltr'><strong>cum</strong></span> <span class='ocrx_word' id='word_1_115' title='bbox 1368 1632 1485 1701; x_wconf 89' lang='lat' dir='ltr'><strong>ipsa</strong></span> <span class='ocrx_word' id='word_1_116' title='bbox 1512 1646 1673 1701; x_wconf 77' lang='lat' dir='ltr'><strong>ptena</strong></span> <span class='ocrx_word' id='word_1_117' title='bbox 1705 1630 1779 1686; x_wconf 86' lang='lat' dir='ltr'><strong>sit</strong></span> <span class='ocrx_word' id='word_1_118' title='bbox 1838 1631 1990 1685; x_wconf 84' lang='lat' dir='ltr'><strong>beni-</strong></span> 
     </span>
    </p>
   </div>
   <div class='ocr_carea' id='block_1_19' title="bbox 397 1720 1989 1796">
    <p class='ocr_par' dir='ltr' id='par_1_19' title="bbox 397 1720 1989 1796">
     <span class='ocr_line' id='line_1_19' title="bbox 397 1720 1989 1796; baseline 0.003 -23"><span class='ocrx_word' id='word_1_119' title='bbox 397 1720 947 1792; x_wconf 75' lang='lat' dir='ltr'><strong>gnitatis.secundum</strong></span> <span class='ocrx_word' id='word_1_120' title='bbox 976 1724 1162 1778; x_wconf 91' lang='lat' dir='ltr'><strong>divum</strong></span> <span class='ocrx_word' id='word_1_121' title='bbox 1201 1724 1526 1796; x_wconf 76' lang='lat' dir='ltr'><strong>Gregorium</strong></span> <span class='ocrx_word' id='word_1_122' title='bbox 1557 1738 1574 1779; x_wconf 90' lang='lat'><strong>:</strong></span> <span class='ocrx_word' id='word_1_123' title='bbox 1602 1735 1657 1779; x_wconf 90' lang='lat' dir='ltr'><strong>et</strong></span> <span class='ocrx_word' id='word_1_124' title='bbox 1696 1722 1989 1778; x_wconf 62' lang='lat' dir='ltr'><strong>non‘aule-</strong></span> 
     </span>
    </p>
   </div>
   <div class='ocr_carea' id='block_1_20' title="bbox 409 1810 1986 1881">
    <p class='ocr_par' dir='ltr' id='par_1_20' title="bbox 409 1810 1986 1881">
     <span class='ocr_line' id='line_1_20' title="bbox 409 1810 1986 1881; baseline 0.006 -20"><span class='ocrx_word' id='word_1_125' title='bbox 409 1820 496 1863; x_wconf 89' lang='lat' dir='ltr'><strong>rat</strong></span> <span class='ocrx_word' id='word_1_126' title='bbox 530 1810 793 1866; x_wconf 85' lang='lat' dir='ltr'><strong>Dominus</strong></span> <span class='ocrx_word' id='word_1_127' title='bbox 840 1827 1149 1869; x_wconf 83' lang='lat' dir='ltr'><strong>sermonem</strong></span> <span class='ocrx_word' id='word_1_128' title='bbox 1192 1816 1442 1872; x_wconf 85' lang='lat' dir='ltr'><strong>veritatis</strong></span> <span class='ocrx_word' id='word_1_129' title='bbox 1484 1817 1553 1872; x_wconf 86' lang='lat' dir='ltr'><strong>ab</strong></span> <span class='ocrx_word' id='word_1_130' title='bbox 1594 1831 1691 1871; x_wconf 91' lang='lat' dir='ltr'><strong>ore</strong></span> <span class='ocrx_word' id='word_1_131' title='bbox 1740 1830 1881 1881; x_wconf 87' lang='lat' dir='ltr'><strong>meo,</strong></span> <span class='ocrx_word' id='word_1_132' title='bbox 1907 1817 1986 1870; x_wconf 90' lang='lat' dir='ltr'><strong>uti</strong></span> 
     </span>
    </p>
   </div>
   <div class='ocr_carea' id='block_1_21' title="bbox 408 1899 1271 1975">
    <p class='ocr_par' dir='ltr' id='par_1_21' title="bbox 408 1899 1271 1975">
     <span class='ocr_line' id='line_1_21' title="bbox 408 1899 1271 1975; baseline 0.01 -21"><span class='ocrx_word' id='word_1_133' title='bbox 408 1899 577 1956; x_wconf 85' lang='lat' dir='ltr'><strong>David</strong></span> <span class='ocrx_word' id='word_1_134' title='bbox 605 1918 697 1957; x_wconf 76' lang='lat' dir='ltr'><strong>rex</strong></span> <span class='ocrx_word' id='word_1_135' title='bbox 723 1914 777 1958; x_wconf 92' lang='lat' dir='ltr'><strong>et</strong></span> <span class='ocrx_word' id='word_1_136' title='bbox 804 1905 1067 1975; x_wconf 87' lang='lat' dir='ltr'><strong>propheta</strong></span> <span class='ocrx_word' id='word_1_137' title='bbox 1099 1910 1271 1964; x_wconf 90' lang='lat' dir='ltr'><strong>cauit.</strong></span> 
     </span>
    </p>
   </div>
   <div class='ocr_carea' id='block_1_22' title="bbox 781 2196 1610 2289">
    <p class='ocr_par' dir='ltr' id='par_1_22' title="bbox 781 2196 1610 2289">
     <span class='ocr_line' id='line_1_22' title="bbox 781 2196 1610 2289; baseline 0.014 -14"><span class='ocrx_word' id='word_1_138' title='bbox 781 2203 943 2275; x_wconf 80' lang='lat'><strong>315</strong></span> <span class='ocrx_word' id='word_1_139' title='bbox 1013 2196 1395 2289; x_wconf 78' lang='lat' dir='ltr'><strong>CAPUT</strong></span> <span class='ocrx_word' id='word_1_140' title='bbox 1472 2200 1610 2288; x_wconf 89' lang='lat' dir='ltr'><strong>Il.</strong></span> 
     </span>
    </p>
   </div>
   <div class='ocr_carea' id='block_1_23' title="bbox 409 2330 1990 2407">
    <p class='ocr_par' dir='ltr' id='par_1_23' title="bbox 409 2330 1990 2407">
     <span class='ocr_line' id='line_1_23' title="bbox 409 2330 1990 2407; baseline 0.006 -22"><span class='ocrx_word' id='word_1_141' title='bbox 409 2330 487 2385; x_wconf 84' lang='lat' dir='ltr'><strong>De</strong></span> <span class='ocrx_word' id='word_1_142' title='bbox 518 2333 767 2401; x_wconf 77' lang='lat' dir='ltr'><strong>copulata</strong></span> <span class='ocrx_word' id='word_1_143' title='bbox 791 2332 1145 2407; x_wconf 77' lang='lat' dir='ltr'><strong>distinctaque</strong></span> <span class='ocrx_word' id='word_1_144' title='bbox 1173 2336 1455 2407; x_wconf 59' lang='lat' dir='ltr'><strong>theologia,</strong></span> <span class='ocrx_word' id='word_1_145' title='bbox 1484 2346 1533 2389; x_wconf 89' lang='lat' dir='ltr'><strong>et</strong></span> <span class='ocrx_word' id='word_1_146' title='bbox 1558 2352 1676 2407; x_wconf 74' lang='lat' dir='ltr'><strong>qua:</strong></span> <span class='ocrx_word' id='word_1_147' title='bbox 1701 2340 1768 2391; x_wconf 88' lang='lat' dir='ltr'><strong>sit</strong></span> <span class='ocrx_word' id='word_1_148' title='bbox 1809 2338 1990 2395; x_wconf 76' lang='lat' dir='ltr'><strong>dit-ina</strong></span> 
     </span>
    </p>
   </div>
   <div class='ocr_carea' id='block_1_24' title="bbox 936 2404 1455 2459">
    <p class='ocr_par' dir='ltr' id='par_1_24' title="bbox 936 2404 1455 2459">
     <span class='ocr_line' id='line_1_24' title="bbox 936 2404 1455 2459; baseline 0.004 -3"><span class='ocrx_word' id='word_1_149' title='bbox 936 2404 1061 2457; x_wconf 89' lang='lat' dir='ltr'><strong>unio</strong></span> <span class='ocrx_word' id='word_1_150' title='bbox 1092 2415 1138 2457; x_wconf 89' lang='lat' dir='ltr'><strong>et</strong></span> <span class='ocrx_word' id='word_1_151' title='bbox 1170 2405 1455 2459; x_wconf 78' lang='lat' dir='ltr'><strong>distinctio.</strong></span> 
     </span>
    </p>
   </div>
   <div class='ocr_carea' id='block_1_25' title="bbox 2092 515 3671 592">
    <p class='ocr_par' dir='ltr' id='par_1_25' title="bbox 2092 515 3671 592">
     <span class='ocr_line' id='line_1_25' title="bbox 2092 515 3671 592; baseline 0.001 -21"><span class='ocrx_word' id='word_1_152' title='bbox 2092 518 2574 591; x_wconf 84' lang='grc' dir='ltr'>ἀπολυτρούμενοι,</span> <span class='ocrx_word' id='word_1_153' title='bbox 2616 521 2775 592; x_wconf 71' lang='grc' dir='ltr'>εἴπερ</span> <span class='ocrx_word' id='word_1_154' title='bbox 2795 515 2904 573; x_wconf 82' lang='grc' dir='ltr'>οἷόν</span> <span class='ocrx_word' id='word_1_155' title='bbox 2946 536 3046 584; x_wconf 86' lang='grc' dir='ltr'><strong>τε,</strong></span> <span class='ocrx_word' id='word_1_156' title='bbox 3084 520 3211 582; x_wconf 78' lang='grc' dir='ltr'>τοὺς</span> <span class='ocrx_word' id='word_1_157' title='bbox 3255 517 3529 582; x_wconf 80' lang='grc' dir='ltr'><strong>τοιούτους</strong></span> <span class='ocrx_word' id='word_1_158' title='bbox 3569 519 3671 588; x_wconf 66' lang='grc' dir='ltr'>τῆς</span> 
     </span>
    </p>
   </div>
   <div class='ocr_carea' id='block_1_26' title="bbox 2092 608 3667 685">
    <p class='ocr_par' dir='ltr' id='par_1_26' title="bbox 2092 608 3667 685">
     <span class='ocr_line' id='line_1_26' title="bbox 2092 608 3667 685; baseline 0.002 -20"><span class='ocrx_word' id='word_1_159' title='bbox 2092 612 2407 684; x_wconf 77' lang='grc' dir='ltr'><strong>θεομαχίας.</strong></span> <span class='ocrx_word' id='word_1_160' title='bbox 2440 615 2529 667; x_wconf 80' lang='grc' dir='ltr'><strong>Σοὶ</strong></span> <span class='ocrx_word' id='word_1_161' title='bbox 2550 615 2730 668; x_wconf 83' lang='grc' dir='ltr'>τοίνυν</span> <span class='ocrx_word' id='word_1_162' title='bbox 2759 614 2957 685; x_wconf 80' lang='grc' dir='ltr'>πρέπει</span> <span class='ocrx_word' id='word_1_163' title='bbox 2984 613 3214 683; x_wconf 82' lang='grc' dir='ltr'>φυλάξαι</span> <span class='ocrx_word' id='word_1_164' title='bbox 3232 614 3427 678; x_wconf 87' lang='grc' dir='ltr'>ταῦτα,</span> <span class='ocrx_word' id='word_1_165' title='bbox 3454 608 3499 668; x_wconf 82' lang='grc' dir='ltr'>ὧ</span> <span class='ocrx_word' id='word_1_166' title='bbox 3535 615 3667 668; x_wconf 78' lang='grc' dir='ltr'>καλὲ</span> 
     </span>
    </p>
   </div>
   <div class='ocr_carea' id='block_1_27' title="bbox 2093 705 3671 780">
    <p class='ocr_par' dir='ltr' id='par_1_27' title="bbox 2093 705 3671 780">
     <span class='ocr_line' id='line_1_27' title="bbox 2093 705 3671 780; baseline 0.003 -23"><span class='ocrx_word' id='word_1_167' title='bbox 2093 705 2325 776; x_wconf 80' lang='grc' dir='ltr'><strong>Τιμόθεε</strong></span> <span class='ocrx_word' id='word_1_168' title='bbox 2349 724 2361 736; x_wconf 84' lang='grc'><em>’</em></span> <span class='ocrx_word' id='word_1_169' title='bbox 2392 706 2536 777; x_wconf 78' lang='grc' dir='ltr'>ἔχεις</span> <span class='ocrx_word' id='word_1_170' title='bbox 2560 709 2670 779; x_wconf 84' lang='grc' dir='ltr'><strong>γὰρ</strong></span> <span class='ocrx_word' id='word_1_171' title='bbox 2694 707 3060 780; x_wconf 81' lang='grc' dir='ltr'><strong>παραινοῦντα</strong></span> <span class='ocrx_word' id='word_1_172' title='bbox 3082 708 3284 761; x_wconf 73' lang='grc' dir='ltr'>καὶτὸν</span> <span class='ocrx_word' id='word_1_173' title='bbox 3325 708 3671 771; x_wconf 75' lang='grc' dir='ltr'>Ἀπόοτολον,</span> 
     </span>
    </p>
   </div>
   <div class='ocr_carea' id='block_1_28' title="bbox 2091 798 3673 874">
    <p class='ocr_par' dir='ltr' id='par_1_28' title="bbox 2091 798 3673 874">
     <span class='ocr_line' id='line_1_28' title="bbox 2091 798 3673 874; baseline 0.003 -24"><span class='ocrx_word' id='word_1_174' title='bbox 2091 799 2173 851; x_wconf 85' lang='grc' dir='ltr'>ὃτι</span> <span class='ocrx_word' id='word_1_175' title='bbox 2199 799 2258 851; x_wconf 84' lang='grc' dir='ltr'><strong>οὐ</strong></span> <span class='ocrx_word' id='word_1_176' title='bbox 2288 798 2369 851; x_wconf 85' lang='grc' dir='ltr'>δεῖ</span> <span class='ocrx_word' id='word_1_177' title='bbox 2400 802 2513 863; x_wconf 88' lang='grc' dir='ltr'>τοῖς</span> <span class='ocrx_word' id='word_1_178' title='bbox 2554 800 2628 871; x_wconf 82' lang='grc' dir='ltr'>μὴ</span> <span class='ocrx_word' id='word_1_179' title='bbox 2670 800 2979 871; x_wconf 82' lang='grc' dir='ltr'><strong>δεχομένοις</strong></span> <span class='ocrx_word' id='word_1_180' title='bbox 3017 800 3109 853; x_wconf 84' lang='grc' dir='ltr'>τὸν</span> <span class='ocrx_word' id='word_1_181' title='bbox 3148 800 3306 868; x_wconf 87' lang='grc' dir='ltr'>λόγον</span> <span class='ocrx_word' id='word_1_182' title='bbox 3345 802 3404 854; x_wconf 82' lang='grc' dir='ltr'>ὲν</span> <span class='ocrx_word' id='word_1_183' title='bbox 3443 802 3673 874; x_wconf 67' lang='grc' dir='ltr'>ἀληθείᾳ</span> 
     </span>
    </p>
   </div>
   <div class='ocr_carea' id='block_1_29' title="bbox 2090 891 3666 964">
    <p class='ocr_par' dir='ltr' id='par_1_29' title="bbox 2090 891 3666 964">
     <span class='ocr_line' id='line_1_29' title="bbox 2090 891 3666 964; baseline 0.003 -21"><span class='ocrx_word' id='word_1_184' title='bbox 2090 891 2273 945; x_wconf 86' lang='grc' dir='ltr'>λαλεῖν</span> <span class='ocrx_word' id='word_1_185' title='bbox 2316 892 2445 962; x_wconf 78' lang='grc' dir='ltr'>περὶ</span> <span class='ocrx_word' id='word_1_186' title='bbox 2490 891 2598 944; x_wconf 85' lang='grc' dir='ltr'><strong>τῶν</strong></span> <span class='ocrx_word' id='word_1_187' title='bbox 2652 892 2925 945; x_wconf 81' lang='grc' dir='ltr'><strong>τοιούτων.</strong></span> <span class='ocrx_word' id='word_1_188' title='bbox 2983 892 3136 962; x_wconf 77' lang='grc' dir='ltr'>Ἐμοὶ</span> <span class='ocrx_word' id='word_1_189' title='bbox 3183 892 3241 946; x_wconf 80' lang='grc' dir='ltr'><strong>δὲ</strong></span> <span class='ocrx_word' id='word_1_190' title='bbox 3283 892 3393 964; x_wconf 83' lang='grc' dir='ltr'>δῴη</span> <span class='ocrx_word' id='word_1_191' title='bbox 3439 895 3468 946; x_wconf 84' lang='grc' dir='ltr'>ὁ</span> <span class='ocrx_word' id='word_1_192' title='bbox 3513 894 3666 958; x_wconf 78' lang='grc' dir='ltr'>Θεὸς,</span> 
     </span>
    </p>
   </div>
   <div class='ocr_carea' id='block_1_30' title="bbox 2092 985 3671 1059">
    <p class='ocr_par' dir='ltr' id='par_1_30' title="bbox 2092 985 3671 1059">
     <span class='ocr_line' id='line_1_30' title="bbox 2092 985 3671 1059; baseline 0.004 -23"><span class='ocrx_word' id='word_1_193' title='bbox 2092 985 2411 1055; x_wconf 82' lang='grc' dir='ltr'>πρεπόντως</span> <span class='ocrx_word' id='word_1_194' title='bbox 2455 989 2569 1049; x_wconf 72' lang='grc' dir='ltr'>τοῖς</span> <span class='ocrx_word' id='word_1_195' title='bbox 2613 985 2779 1050; x_wconf 82' lang='grc' dir='ltr'>θείοις</span> <span class='ocrx_word' id='word_1_196' title='bbox 2822 986 3052 1056; x_wconf 84' lang='grc' dir='ltr'>λαλῆσαι</span> <span class='ocrx_word' id='word_1_197' title='bbox 3095 988 3190 1040; x_wconf 75' lang='grc' dir='ltr'>καὶ</span> <span class='ocrx_word' id='word_1_198' title='bbox 3233 988 3407 1040; x_wconf 71' lang='grc' dir='ltr'>εἰπεῖν</span> <span class='ocrx_word' id='word_1_199' title='bbox 3445 988 3547 1051; x_wconf 81' lang='grc' dir='ltr'><strong>τάς</strong></span> <span class='ocrx_word' id='word_1_200' title='bbox 3574 990 3671 1059; x_wconf 78' lang='grc' dir='ltr'>τῆς</span> 
     </span>
    </p>
   </div>
   <div class='ocr_carea' id='block_1_31' title="bbox 2090 1076 3675 1147">
    <p class='ocr_par' dir='ltr' id='par_1_31' title="bbox 2090 1076 3675 1147">
     <span class='ocr_line' id='line_1_31' title="bbox 2090 1076 3675 1147; baseline 0.003 -20"><span class='ocrx_word' id='word_1_201' title='bbox 2090 1076 2527 1146; x_wconf 81' lang='grc' dir='ltr'>ἀκατονομάστου</span> <span class='ocrx_word' id='word_1_202' title='bbox 2557 1076 2805 1147; x_wconf 82' lang='grc' dir='ltr'>θεότητος</span> <span class='ocrx_word' id='word_1_203' title='bbox 2840 1077 3161 1147; x_wconf 86' lang='grc' dir='ltr'>θεωνυμίας,</span> <span class='ocrx_word' id='word_1_204' title='bbox 3188 1077 3285 1142; x_wconf 84' lang='grc' dir='ltr'>τὰς</span> <span class='ocrx_word' id='word_1_205' title='bbox 3315 1081 3379 1131; x_wconf 83' lang='grc' dir='ltr'>ὲκ</span> <span class='ocrx_word' id='word_1_206' title='bbox 3400 1078 3511 1131; x_wconf 87' lang='grc' dir='ltr'><strong>τῶν</strong></span> <span class='ocrx_word' id='word_1_207' title='bbox 3537 1080 3675 1146; x_wconf 83' lang='grc' dir='ltr'>ἀγα-</span> 
     </span>
    </p>
   </div>
   <div class='ocr_carea' id='block_1_32' title="bbox 2092 1165 3677 1239">
    <p class='ocr_par' dir='ltr' id='par_1_32' title="bbox 2092 1165 3677 1239">
     <span class='ocr_line' id='line_1_32' title="bbox 2092 1165 3677 1239; baseline 0.002 -21"><span class='ocrx_word' id='word_1_208' title='bbox 2092 1165 2201 1218; x_wconf 87' lang='grc' dir='ltr'><strong>θῶν</strong></span> <span class='ocrx_word' id='word_1_209' title='bbox 2230 1167 2407 1237; x_wconf 77' lang='grc' dir='ltr'>ἔργων</span> <span class='ocrx_word' id='word_1_210' title='bbox 2444 1166 2609 1220; x_wconf 78' lang='grc' dir='ltr'>αὑτοῦ</span> <span class='ocrx_word' id='word_1_211' title='bbox 2634 1167 3166 1238; x_wconf 72' lang='grc' dir='ltr'>παρωνυμουμέναςῑ</span> <span class='ocrx_word' id='word_1_212' title='bbox 3192 1168 3373 1221; x_wconf 81' lang='grc' dir='ltr'>Πάντα</span> <span class='ocrx_word' id='word_1_213' title='bbox 3400 1169 3459 1221; x_wconf 83' lang='grc' dir='ltr'><strong>δὲ</strong></span> <span class='ocrx_word' id='word_1_214' title='bbox 3483 1169 3557 1221; x_wconf 76' lang='grc' dir='ltr'><strong>τὰ</strong></span> <span class='ocrx_word' id='word_1_215' title='bbox 3590 1169 3677 1239; x_wconf 73' lang='grc' dir='ltr'>ἐρ-</span> 
     </span>
    </p>
   </div>
   <div class='ocr_carea' id='block_1_33' title="bbox 2090 1259 3675 1335">
    <p class='ocr_par' dir='ltr' id='par_1_33' title="bbox 2090 1259 3675 1335">
     <span class='ocr_line' id='line_1_33' title="bbox 2090 1259 3675 1335; baseline -0.001 -21"><span class='ocrx_word' id='word_1_216' title='bbox 2090 1277 2162 1335; x_wconf 81' lang='grc' dir='ltr'><strong>γα</strong></span> <span class='ocrx_word' id='word_1_217' title='bbox 2186 1259 2280 1313; x_wconf 88' lang='grc' dir='ltr'><strong>τοῦ</strong></span> <span class='ocrx_word' id='word_1_218' title='bbox 2313 1259 2448 1313; x_wconf 85' lang='grc' dir='ltr'>Θεοῦ</span> <span class='ocrx_word' id='word_1_219' title='bbox 2483 1259 2683 1327; x_wconf 86' lang='grc' dir='ltr'>ἀγαθὰ,</span> <span class='ocrx_word' id='word_1_220' title='bbox 2725 1260 2819 1314; x_wconf 73' lang='grc' dir='ltr'>καὶ</span> <span class='ocrx_word' id='word_1_221' title='bbox 2852 1259 2920 1312; x_wconf 82' lang='grc' dir='ltr'><strong>δι’</strong></span> <span class='ocrx_word' id='word_1_222' title='bbox 2951 1259 3259 1331; x_wconf 83' lang='grc' dir='ltr'>ἁγαθότητα</span> <span class='ocrx_word' id='word_1_223' title='bbox 3289 1260 3593 1325; x_wconf 81' lang='grc' dir='ltr'>τελοῦνται,</span> <span class='ocrx_word' id='word_1_224' title='bbox 3626 1264 3675 1315; x_wconf 81' lang='grc' dir='ltr'>εἰ</span> 
     </span>
    </p>
   </div>
   <div class='ocr_carea' id='block_1_34' title="bbox 2090 1354 3675 1427">
    <p class='ocr_par' dir='ltr' id='par_1_34' title="bbox 2090 1354 3675 1427">
     <span class='ocr_line' id='line_1_34' title="bbox 2090 1354 3675 1427; baseline 0.001 -19"><span class='ocrx_word' id='word_1_225' title='bbox 2090 1356 2184 1408; x_wconf 75' lang='grc' dir='ltr'>καὶ</span> <span class='ocrx_word' id='word_1_226' title='bbox 2215 1357 2347 1426; x_wconf 81' lang='grc' dir='ltr'>ἡμῖν</span> <span class='ocrx_word' id='word_1_227' title='bbox 2370 1355 2627 1418; x_wconf 82' lang='grc' dir='ltr'>πολλάκις</span> <span class='ocrx_word' id='word_1_228' title='bbox 2654 1355 2776 1408; x_wconf 86' lang='grc' dir='ltr'>τινὰ</span> <span class='ocrx_word' id='word_1_229' title='bbox 2806 1354 2907 1408; x_wconf 83' lang='grc' dir='ltr'><strong>οὐκ</strong></span> <span class='ocrx_word' id='word_1_230' title='bbox 2934 1354 3042 1407; x_wconf 77' lang='grc' dir='ltr'>εἰσὶ</span> <span class='ocrx_word' id='word_1_231' title='bbox 3065 1355 3185 1407; x_wconf 87' lang='grc' dir='ltr'>καθ’</span> <span class='ocrx_word' id='word_1_232' title='bbox 3205 1356 3421 1427; x_wconf 76' lang='grc' dir='ltr'>ἡδονὴν,</span> <span class='ocrx_word' id='word_1_233' title='bbox 3450 1357 3675 1420; x_wconf 76' lang='grc' dir='ltr'>δικαίως</span> 
     </span>
    </p>
   </div>
   <div class='ocr_carea' id='block_1_35' title="bbox 2088 1441 3676 1520">
    <p class='ocr_par' dir='ltr' id='par_1_35' title="bbox 2088 1441 3676 1520">
     <span class='ocr_line' id='line_1_35' title="bbox 2088 1441 3676 1520; baseline -0.001 -18"><span class='ocrx_word' id='word_1_234' title='bbox 2088 1448 2518 1519; x_wconf 80' lang='grc' dir='ltr'>τιμωρουμένοις</span> <span class='ocrx_word' id='word_1_235' title='bbox 2555 1441 2722 1517; x_wconf 77' lang='grc' dir='ltr'>ὲφ”οἷς</span> <span class='ocrx_word' id='word_1_236' title='bbox 2757 1448 3170 1518; x_wconf 61' lang='grc' dir='ltr'>ἁμαρτάνομεν</span> <span class='ocrx_word' id='word_1_237' title='bbox 3197 1448 3225 1501; x_wconf 82' lang='grc' dir='ltr'>δ</span> <span class='ocrx_word' id='word_1_238' title='bbox 3262 1448 3325 1519; x_wconf 83' lang='grc' dir='ltr'><strong>δὴ</strong></span> <span class='ocrx_word' id='word_1_239' title='bbox 3360 1450 3458 1520; x_wconf 85' lang='grc' dir='ltr'>τῆς</span> <span class='ocrx_word' id='word_1_240' title='bbox 3497 1451 3676 1519; x_wconf 74' lang='grc' dir='ltr'>ἄκρας</span> 
     </span>
    </p>
   </div>
   <div class='ocr_carea' id='block_1_36' title="bbox 2090 1538 3675 1611">
    <p class='ocr_par' dir='ltr' id='par_1_36' title="bbox 2090 1538 3675 1611">
     <span class='ocr_line' id='line_1_36' title="bbox 2090 1538 3675 1611; baseline 0 -18"><span class='ocrx_word' id='word_1_241' title='bbox 2090 1541 2236 1594; x_wconf 77' lang='grc' dir='ltr'>ἐστὶν</span> <span class='ocrx_word' id='word_1_242' title='bbox 2261 1539 2595 1611; x_wconf 87' lang='grc' dir='ltr'>άγαθότητος</span> <span class='ocrx_word' id='word_1_243' title='bbox 2629 1538 2723 1592; x_wconf 88' lang='grc' dir='ltr'><strong>τοῦ</strong></span> <span class='ocrx_word' id='word_1_244' title='bbox 2756 1539 2913 1603; x_wconf 88' lang='grc' dir='ltr'>Θεοῦ,</span> <span class='ocrx_word' id='word_1_245' title='bbox 2943 1539 3233 1611; x_wconf 82' lang='grc' dir='ltr'>γινομένης</span> <span class='ocrx_word' id='word_1_246' title='bbox 3263 1540 3363 1611; x_wconf 82' lang='grc' dir='ltr'>τῆς</span> <span class='ocrx_word' id='word_1_247' title='bbox 3402 1542 3675 1611; x_wconf 80' lang='grc' dir='ltr'>τιμωρίας</span> 
     </span>
    </p>
   </div>
   <div class='ocr_carea' id='block_1_37' title="bbox 2090 1632 3681 1706">
    <p class='ocr_par' dir='ltr' id='par_1_37' title="bbox 2090 1632 3681 1706">
     <span class='ocr_line' id='line_1_37' title="bbox 2090 1632 3681 1706; baseline -0.001 -18"><span class='ocrx_word' id='word_1_248' title='bbox 2090 1633 2536 1705; x_wconf 84' lang='grc' dir='ltr'>φιλανθρωπίας,</span> <span class='ocrx_word' id='word_1_249' title='bbox 2578 1632 2720 1686; x_wconf 83' lang='grc' dir='ltr'>κατὰ</span> <span class='ocrx_word' id='word_1_250' title='bbox 2769 1632 2861 1685; x_wconf 82' lang='grc' dir='ltr'>τὸν</span> <span class='ocrx_word' id='word_1_251' title='bbox 2907 1632 3048 1685; x_wconf 86' lang='grc' dir='ltr'>θεῖον</span> <span class='ocrx_word' id='word_1_252' title='bbox 3080 1634 3409 1704; x_wconf 83' lang='grc' dir='ltr'>Γρηγόριον·</span> <span class='ocrx_word' id='word_1_253' title='bbox 3456 1636 3554 1691; x_wconf 77' lang='grc' dir='ltr'>καὶ</span> <span class='ocrx_word' id='word_1_254' title='bbox 3604 1636 3681 1706; x_wconf 72' lang='grc' dir='ltr'>μὴ</span> 
     </span>
    </p>
   </div>
   <div class='ocr_carea' id='block_1_38' title="bbox 2092 1724 3687 1799">
    <p class='ocr_par' dir='ltr' id='par_1_38' title="bbox 2092 1724 3687 1799">
     <span class='ocr_line' id='line_1_38' title="bbox 2092 1724 3687 1799; baseline -0.001 -17"><span class='ocrx_word' id='word_1_255' title='bbox 2092 1728 2383 1799; x_wconf 82' lang='grc' dir='ltr'>περιέλοιὸ</span> <span class='ocrx_word' id='word_1_256' title='bbox 2422 1728 2626 1797; x_wconf 84' lang='grc' dir='ltr'>Κύριος</span> <span class='ocrx_word' id='word_1_257' title='bbox 2662 1724 2819 1793; x_wconf 88' lang='grc' dir='ltr'>λόγον</span> <span class='ocrx_word' id='word_1_258' title='bbox 2863 1724 3121 1796; x_wconf 81' lang='grc' dir='ltr'>ἀληθείας</span> <span class='ocrx_word' id='word_1_259' title='bbox 3158 1727 3225 1779; x_wconf 84' lang='grc' dir='ltr'>ὲκ</span> <span class='ocrx_word' id='word_1_260' title='bbox 3267 1726 3363 1779; x_wconf 89' lang='grc' dir='ltr'><strong>τοῦ</strong></span> <span class='ocrx_word' id='word_1_261' title='bbox 3408 1728 3687 1798; x_wconf 73' lang='grc' dir='ltr'>στόματός</span> 
     </span>
    </p>
   </div>
   <div class='ocr_carea' id='block_1_39' title="bbox 2097 1815 3529 1890">
    <p class='ocr_par' dir='ltr' id='par_1_39' title="bbox 2097 1815 3529 1890">
     <span class='ocr_line' id='line_1_39' title="bbox 2097 1815 3529 1890; baseline 0.002 -19"><span class='ocrx_word' id='word_1_262' title='bbox 2097 1836 2219 1890; x_wconf 90' lang='grc' dir='ltr'>μου,</span> <span class='ocrx_word' id='word_1_263' title='bbox 2252 1819 2328 1882; x_wconf 83' lang='grc' dir='ltr'><strong>ὡς</strong></span> <span class='ocrx_word' id='word_1_264' title='bbox 2356 1816 2546 1889; x_wconf 79' lang='grc' dir='ltr'>ψάλλει</span> <span class='ocrx_word' id='word_1_265' title='bbox 2570 1815 2734 1871; x_wconf 80' lang='grc' dir='ltr'>Δαυῒδ</span> <span class='ocrx_word' id='word_1_266' title='bbox 2758 1817 2787 1869; x_wconf 87' lang='grc' dir='ltr'>ὁ</span> <span class='ocrx_word' id='word_1_267' title='bbox 2818 1817 3109 1888; x_wconf 79' lang='grc' dir='ltr'>προφήτης</span> <span class='ocrx_word' id='word_1_268' title='bbox 3137 1818 3233 1872; x_wconf 77' lang='grc' dir='ltr'>καὶ</span> <span class='ocrx_word' id='word_1_269' title='bbox 3256 1818 3529 1889; x_wconf 76' lang='grc' dir='ltr'>βασιλεὺς.</span> 
     </span>
    </p>
   </div>
   <div class='ocr_carea' id='block_1_40' title="bbox 2494 2178 3285 2271">
    <p class='ocr_par' dir='ltr' id='par_1_40' title="bbox 2494 2178 3285 2271">
     <span class='ocr_line' id='line_1_40' title="bbox 2494 2178 3285 2271; baseline -0.01 1"><span class='ocrx_word' id='word_1_270' title='bbox 2494 2182 3139 2271; x_wconf 81' lang='grc' dir='ltr'><strong>ΚΕΦΑΛΑΙΟΝ</strong></span> <span class='ocrx_word' id='word_1_271' title='bbox 3166 2178 3285 2265; x_wconf 90' lang='grc' dir='ltr'><strong>Β’.</strong></span> 
     </span>
    </p>
   </div>
   <div class='ocr_carea' id='block_1_41' title="bbox 2098 2338 3683 2415">
    <p class='ocr_par' dir='ltr' id='par_1_41' title="bbox 2098 2338 3683 2415">
     <span class='ocr_line' id='line_1_41' title="bbox 2098 2338 3683 2415; baseline -0.005 -17"><span class='ocrx_word' id='word_1_272' title='bbox 2098 2345 2235 2415; x_wconf 75' lang='grc' dir='ltr'>Περὶ</span> <span class='ocrx_word' id='word_1_273' title='bbox 2267 2344 2577 2413; x_wconf 76' lang='grc' dir='ltr'>ήνωμένης</span> <span class='ocrx_word' id='word_1_274' title='bbox 2614 2340 3191 2415; x_wconf 27' lang='grc' dir='ltr'>καὶμδιακεκριμέιίης</span> <span class='ocrx_word' id='word_1_275' title='bbox 3218 2338 3550 2407; x_wconf 75' lang='grc' dir='ltr'>θεολογίας,</span> <span class='ocrx_word' id='word_1_276' title='bbox 3583 2338 3683 2392; x_wconf 71' lang='grc' dir='ltr'>καὶ</span> 
     </span>
    </p>
   </div>
   <div class='ocr_carea' id='block_1_42' title="bbox 2262 2408 3406 2489">
    <p class='ocr_par' dir='ltr' id='par_1_42' title="bbox 2262 2408 3406 2489">
     <span class='ocr_line' id='line_1_42' title="bbox 2262 2408 3406 2489; baseline -0.006 -22"><span class='ocrx_word' id='word_1_277' title='bbox 2262 2408 2303 2489; x_wconf 28' lang='grc' dir='ltr'><strong><em>ξ</em></strong></span> <span class='ocrx_word' id='word_1_278' title='bbox 2364 2408 2456 2480; x_wconf 60' lang='lat' dir='ltr'><strong>{ig</strong></span> <span class='ocrx_word' id='word_1_279' title='bbox 2485 2408 2684 2481; x_wconf 62' lang='grc' dir='ltr'>ἤθεία</span> <span class='ocrx_word' id='word_1_280' title='bbox 2714 2408 3056 2478; x_wconf 18' lang='grc' dir='ltr'>ἓνωσιςθκὰί</span> <span class='ocrx_word' id='word_1_281' title='bbox 3093 2408 3406 2478; x_wconf 79' lang='grc' dir='ltr'>διάκρισις.</span> 
     </span>
    </p>
   </div>
   <div class='ocr_carea' id='block_1_43' title="bbox 1701 2527 2365 2587">
    <p class='ocr_par' dir='ltr' id='par_1_43' title="bbox 1701 2527 2365 2587">
     <span class='ocr_line' id='line_1_43' title="bbox 1701 2527 2365 2587; baseline 0.006 -4"><span class='ocrx_word' id='word_1_282' title='bbox 1701 2527 2041 2585; x_wconf 81' lang='lat' dir='ltr'><strong>SYNOPSIS</strong></span> <span class='ocrx_word' id='word_1_283' title='bbox 2070 2530 2365 2587; x_wconf 82' lang='lat' dir='ltr'><strong>CAPITIS.</strong></span> 
     </span>
    </p>
   </div>
   <div class='ocr_carea' id='block_1_44' title="bbox 406 2632 3683 2710">
    <p class='ocr_par' dir='ltr' id='par_1_44' title="bbox 406 2632 3683 2710">
     <span class='ocr_line' id='line_1_44' title="bbox 406 2632 3683 2710; baseline -0 -22"><span class='ocrx_word' id='word_1_284' title='bbox 406 2632 446 2688; x_wconf 93' lang='lat' dir='ltr'><strong>I.</strong></span> <span class='ocrx_word' id='word_1_285' title='bbox 482 2637 662 2701; x_wconf 86' lang='lat' dir='ltr'><strong>Docet,</strong></span> <span class='ocrx_word' id='word_1_286' title='bbox 701 2654 887 2692; x_wconf 85' lang='lat' dir='ltr'><strong>nomen</strong></span> <span class='ocrx_word' id='word_1_287' title='bbox 930 2638 1071 2699; x_wconf 88' lang='lat' dir='ltr'><strong>boni.</strong></span> <span class='ocrx_word' id='word_1_288' title='bbox 1107 2637 1334 2710; x_wconf 77' lang='lat' dir='ltr'><strong>pulchri,</strong></span> <span class='ocrx_word' id='word_1_289' title='bbox 1364 2638 1511 2710; x_wconf 76' lang='lat' dir='ltr'><strong>veri,</strong></span> <span class='ocrx_word' id='word_1_290' title='bbox 1538 2639 1826 2710; x_wconf 70' lang='lat' dir='ltr'><strong>sapientis,</strong></span> <span class='ocrx_word' id='word_1_291' title='bbox 1858 2650 1906 2695; x_wconf 86' lang='lat' dir='ltr'><strong>et</strong></span> <span class='ocrx_word' id='word_1_292' title='bbox 1938 2640 2165 2706; x_wconf 77' lang='lat' dir='ltr'><strong>similia,</strong></span> <span class='ocrx_word' id='word_1_293' title='bbox 2205 2643 2270 2696; x_wconf 85' lang='lat' dir='ltr'><strong>de</strong></span> <span class='ocrx_word' id='word_1_294' title='bbox 2313 2652 2424 2697; x_wconf 89' lang='lat' dir='ltr'><strong>tota</strong></span> <span class='ocrx_word' id='word_1_295' title='bbox 2454 2641 2714 2696; x_wconf 87' lang='lat' dir='ltr'><strong>Trinitate</strong></span> <span class='ocrx_word' id='word_1_296' title='bbox 2755 2640 3032 2710; x_wconf 69' lang='lat' dir='ltr'><strong>cqualiter</strong></span> <span class='ocrx_word' id='word_1_297' title='bbox 3073 2636 3376 2710; x_wconf 71' lang='lat' dir='ltr'><strong>praedicari,</strong></span> <span class='ocrx_word' id='word_1_298' title='bbox 3409 2634 3539 2710; x_wconf 79' lang='lat' dir='ltr'><strong>quia</strong></span> <span class='ocrx_word' id='word_1_299' title='bbox 3578 2652 3683 2710; x_wconf 76' lang='lat' dir='ltr'><strong>ra-</strong></span> 
     </span>
    </p>
   </div>
   <div class='ocr_carea' id='block_1_45' title="bbox 483 2707 3685 2778">
    <p class='ocr_par' dir='ltr' id='par_1_45' title="bbox 483 2707 3685 2778">
     <span class='ocr_line' id='line_1_45' title="bbox 483 2707 3685 2778; baseline 0 -19"><span class='ocrx_word' id='word_1_300' title='bbox 483 2713 623 2760; x_wconf 83' lang='lat' dir='ltr'><strong>tione</strong></span> <span class='ocrx_word' id='word_1_301' title='bbox 647 2719 877 2771; x_wconf 75' lang='lat' dir='ltr'><strong>naturte,</strong></span> <span class='ocrx_word' id='word_1_302' title='bbox 898 2726 1016 2778; x_wconf 76' lang='lat' dir='ltr'><strong>qua&#39;</strong></span> <span class='ocrx_word' id='word_1_303' title='bbox 1040 2711 1096 2763; x_wconf 87' lang='lat' dir='ltr'><strong>in</strong></span> <span class='ocrx_word' id='word_1_304' title='bbox 1118 2709 1284 2761; x_wconf 80' lang='lat' dir='ltr'><strong>tribus</strong></span> <span class='ocrx_word' id='word_1_305' title='bbox 1305 2709 1541 2778; x_wconf 85' lang='lat' dir='ltr'><strong>personis</strong></span> <span class='ocrx_word' id='word_1_306' title='bbox 1565 2709 1743 2778; x_wconf 78' lang='lat' dir='ltr'><strong>eadem</strong></span> <span class='ocrx_word' id='word_1_307' title='bbox 1769 2720 1865 2771; x_wconf 87' lang='lat' dir='ltr'><strong>est,</strong></span> <span class='ocrx_word' id='word_1_308' title='bbox 1892 2709 1999 2763; x_wconf 86' lang='lat' dir='ltr'><strong>Deo</strong></span> <span class='ocrx_word' id='word_1_309' title='bbox 2024 2716 2370 2776; x_wconf 86' lang='lat' dir='ltr'><strong>conveniunt;</strong></span> <span class='ocrx_word' id='word_1_310' title='bbox 2392 2724 2438 2766; x_wconf 88' lang='lat' dir='ltr'><strong>et</strong></span> <span class='ocrx_word' id='word_1_311' title='bbox 2464 2730 2565 2767; x_wconf 90' lang='lat' dir='ltr'><strong>non</strong></span> <span class='ocrx_word' id='word_1_312' title='bbox 2588 2713 2756 2767; x_wconf 84' lang='lat' dir='ltr'><strong>solum</strong></span> <span class='ocrx_word' id='word_1_313' title='bbox 2780 2707 3033 2764; x_wconf 78' lang='lat' dir='ltr'><strong>attributa</strong></span> <span class='ocrx_word' id='word_1_314' title='bbox 3056 2707 3378 2767; x_wconf 82' lang='lat' dir='ltr'><strong>essentialia.</strong></span> <span class='ocrx_word' id='word_1_315' title='bbox 3402 2707 3495 2759; x_wconf 79' lang='lat' dir='ltr'><strong>sed</strong></span> <span class='ocrx_word' id='word_1_316' title='bbox 3518 2708 3685 2760; x_wconf 82' lang='lat' dir='ltr'><strong>etiam</strong></span> 
     </span>
    </p>
   </div>
   <div class='ocr_carea' id='block_1_46' title="bbox 478 2776 3683 2849">
    <p class='ocr_par' dir='ltr' id='par_1_46' title="bbox 478 2776 3683 2849">
     <span class='ocr_line' id='line_1_46' title="bbox 478 2776 3683 2849; baseline -0.001 -20"><span class='ocrx_word' id='word_1_317' title='bbox 478 2778 838 2832; x_wconf 86' lang='lat' dir='ltr'><strong>emanationes</strong></span> <span class='ocrx_word' id='word_1_318' title='bbox 865 2776 934 2831; x_wconf 81' lang='lat' dir='ltr'><strong>ad</strong></span> <span class='ocrx_word' id='word_1_319' title='bbox 956 2790 1116 2840; x_wconf 79' lang='lat' dir='ltr'><strong>extra,</strong></span> <span class='ocrx_word' id='word_1_320' title='bbox 1156 2779 1230 2830; x_wconf 89' lang='lat' dir='ltr'><strong>sic</strong></span> <span class='ocrx_word' id='word_1_321' title='bbox 1261 2777 1563 2845; x_wconf 73' lang='lat' dir='ltr'><strong>prmdicari.</strong></span> <span class='ocrx_word' id='word_1_322' title='bbox 1612 2778 1674 2832; x_wconf 94' lang='lat' dir='ltr'><strong>Il.</strong></span> <span class='ocrx_word' id='word_1_323' title='bbox 1712 2776 1818 2832; x_wconf 84' lang='lat' dir='ltr'><strong>Illa</strong></span> <span class='ocrx_word' id='word_1_324' title='bbox 1857 2796 1973 2847; x_wconf 54' lang='lat' dir='ltr'><strong>qua?</strong></span> <span class='ocrx_word' id='word_1_325' title='bbox 2004 2782 2056 2832; x_wconf 89' lang='lat' dir='ltr'><strong>in</strong></span> <span class='ocrx_word' id='word_1_326' title='bbox 2085 2780 2377 2849; x_wconf 64' lang='lat' dir='ltr'><strong>Scripturis</strong></span> <span class='ocrx_word' id='word_1_327' title='bbox 2419 2784 2483 2835; x_wconf 88' lang='lat' dir='ltr'><strong>de</strong></span> <span class='ocrx_word' id='word_1_328' title='bbox 2512 2782 2618 2835; x_wconf 90' lang='lat' dir='ltr'><strong>Deo</strong></span> <span class='ocrx_word' id='word_1_329' title='bbox 2650 2781 2955 2846; x_wconf 78' lang='lat' dir='ltr'><strong>copulatim,</strong></span> <span class='ocrx_word' id='word_1_330' title='bbox 2988 2779 3044 2831; x_wconf 89' lang='lat' dir='ltr'><strong>id</strong></span> <span class='ocrx_word' id='word_1_331' title='bbox 3074 2788 3148 2831; x_wconf 87' lang='lat' dir='ltr'><strong>est</strong></span> <span class='ocrx_word' id='word_1_332' title='bbox 3181 2778 3683 2849; x_wconf 64' lang='lat' dir='ltr'><strong>ratione_ess_:ntite,</strong></span> 
     </span>
    </p>
   </div>
   <div class='ocr_carea' id='block_1_47' title="bbox 477 2846 3680 2921">
    <p class='ocr_par' dir='ltr' id='par_1_47' title="bbox 477 2846 3680 2921">
     <span class='ocr_line' id='line_1_47' title="bbox 477 2846 3680 2921; baseline -0.001 -21"><span class='ocrx_word' id='word_1_333' title='bbox 477 2849 857 2921; x_wconf 59' lang='lat' dir='ltr'><strong>nrwdicantur,</strong></span> <span class='ocrx_word' id='word_1_334' title='bbox 888 2866 990 2902; x_wconf 91' lang='lat' dir='ltr'><strong>non</strong></span> <span class='ocrx_word' id='word_1_335' title='bbox 1027 2864 1137 2902; x_wconf 86' lang='lat' dir='ltr'><strong>esse</strong></span> <span class='ocrx_word' id='word_1_336' title='bbox 1172 2849 1586 2921; x_wconf 83' lang='lat' dir='ltr'><strong>distinguenda;</strong></span> <span class='ocrx_word' id='word_1_337' title='bbox 1629 2859 1675 2903; x_wconf 91' lang='lat' dir='ltr'><strong>et</strong></span> <span class='ocrx_word' id='word_1_338' title='bbox 1713 2864 1830 2921; x_wconf 63' lang='lat' dir='ltr'><strong>qua;</strong></span> <span class='ocrx_word' id='word_1_339' title='bbox 1868 2846 2113 2904; x_wconf 77' lang='lat' dir='ltr'><strong>distincte</strong></span> <span class='ocrx_word' id='word_1_340' title='bbox 2138 2846 2247 2906; x_wconf 74' lang='lat' dir='ltr'><strong>sine</strong></span> <span class='ocrx_word' id='word_1_341' title='bbox 2276 2853 2626 2921; x_wconf 81' lang='lat' dir='ltr'><strong>personaliter</strong></span> <span class='ocrx_word' id='word_1_342' title='bbox 2663 2853 2935 2912; x_wconf 84' lang='lat' dir='ltr'><strong>dicuntur,</strong></span> <span class='ocrx_word' id='word_1_343' title='bbox 2981 2865 3084 2921; x_wconf 68' lang='lat' dir='ltr'><strong>non</strong></span> <span class='ocrx_word' id='word_1_344' title='bbox 3121 2863 3239 2921; x_wconf 75' lang='lat' dir='ltr'><strong>esse</strong></span> <span class='ocrx_word' id='word_1_345' title='bbox 3274 2846 3680 2921; x_wconf 70' lang='lat' dir='ltr'><strong>confundenda.</strong></span> 
     </span>
    </p>
   </div>
   <div class='ocr_carea' id='block_1_48' title="bbox 475 2914 3686 2990">
    <p class='ocr_par' dir='ltr' id='par_1_48' title="bbox 475 2914 3686 2990">
     <span class='ocr_line' id='line_1_48' title="bbox 475 2914 3686 2990; baseline -0.001 -19"><span class='ocrx_word' id='word_1_346' title='bbox 475 2915 564 2971; x_wconf 87' lang='lat' dir='ltr'><strong>III.</strong></span> <span class='ocrx_word' id='word_1_347' title='bbox 617 2918 847 2990; x_wconf 70' lang='lat' dir='ltr'><strong>Exponit</strong></span> <span class='ocrx_word' id='word_1_348' title='bbox 874 2935 1118 2987; x_wconf 61' lang='lat' dir='ltr'><strong>quanam</strong></span> <span class='ocrx_word' id='word_1_349' title='bbox 1160 2919 1265 2990; x_wconf 86' lang='lat' dir='ltr'><strong>sint</strong></span> <span class='ocrx_word' id='word_1_350' title='bbox 1295 2914 1391 2971; x_wconf 82' lang='lat' dir='ltr'><strong>illa</strong></span> <span class='ocrx_word' id='word_1_351' title='bbox 1434 2935 1553 2987; x_wconf 71' lang='lat' dir='ltr'><strong>quia</strong></span> <span class='ocrx_word' id='word_1_352' title='bbox 1590 2914 1880 2986; x_wconf 77' lang='lat' dir='ltr'><strong>copulatius</strong></span> <span class='ocrx_word' id='word_1_353' title='bbox 1909 2931 1955 2973; x_wconf 87' lang='lat' dir='ltr'><strong>et</strong></span> <span class='ocrx_word' id='word_1_354' title='bbox 1987 2937 2104 2988; x_wconf 74' lang='lat' dir='ltr'><strong>qua!</strong></span> <span class='ocrx_word' id='word_1_355' title='bbox 2140 2914 2548 2976; x_wconf 61' lang='lat' dir='ltr'><strong>item&#39;distincte</strong></span> <span class='ocrx_word' id='word_1_356' title='bbox 2578 2924 2953 2990; x_wconf 73' lang='lat' dir='ltr'><strong>prwdicentur.</strong></span> <span class='ocrx_word' id='word_1_357' title='bbox 2984 2919 3070 2973; x_wconf 85' lang='lat' dir='ltr'><strong>IV.</strong></span> <span class='ocrx_word' id='word_1_358' title='bbox 3094 2918 3206 2990; x_wconf 81' lang='lat' dir='ltr'><strong>Ait,</strong></span> <span class='ocrx_word' id='word_1_359' title='bbox 3236 2917 3456 2970; x_wconf 83' lang='lat' dir='ltr'><strong>uniones</strong></span> <span class='ocrx_word' id='word_1_360' title='bbox 3482 2916 3541 2990; x_wconf 73' lang='lat' dir='ltr'><strong>in</strong></span> <span class='ocrx_word' id='word_1_361' title='bbox 3574 2914 3686 2969; x_wconf 82' lang='lat' dir='ltr'><strong>Deo</strong></span> 
     </span>
    </p>
   </div>
   <div class='ocr_carea' id='block_1_49' title="bbox 478 2986 3679 3057">
    <p class='ocr_par' dir='ltr' id='par_1_49' title="bbox 478 2986 3679 3057">
     <span class='ocr_line' id='line_1_49' title="bbox 478 2986 3679 3057; baseline -0.001 -16"><span class='ocrx_word' id='word_1_362' title='bbox 478 2993 654 3041; x_wconf 75' lang='lat' dir='ltr'><strong>vocari</strong></span> <span class='ocrx_word' id='word_1_363' title='bbox 687 2986 941 3057; x_wconf 64' lang='lat' dir='ltr'><strong>attributa</strong></span> <span class='ocrx_word' id='word_1_364' title='bbox 974 2988 1296 3049; x_wconf 89' lang='lat' dir='ltr'><strong>essentialia,</strong></span> <span class='ocrx_word' id='word_1_365' title='bbox 1326 2986 1689 3043; x_wconf 77' lang='lat' dir='ltr'><strong>distinctiones</strong></span> <span class='ocrx_word' id='word_1_366' title='bbox 1716 3005 1835 3043; x_wconf 83' lang='lat' dir='ltr'><strong>vero</strong></span> <span class='ocrx_word' id='word_1_367' title='bbox 1864 2990 1969 3043; x_wconf 87' lang='lat' dir='ltr'><strong>dici</strong></span> <span class='ocrx_word' id='word_1_368' title='bbox 1999 2986 2394 3057; x_wconf 83' lang='lat' dir='ltr'><strong>emanationes;</strong></span> <span class='ocrx_word' id='word_1_369' title='bbox 2426 3002 2471 3045; x_wconf 92' lang='lat' dir='ltr'><strong>et</strong></span> <span class='ocrx_word' id='word_1_370' title='bbox 2504 2986 2741 3057; x_wconf 66' lang='lat' dir='ltr'><strong>ementplo</strong></span> <span class='ocrx_word' id='word_1_371' title='bbox 2771 2990 2834 3043; x_wconf 88' lang='lat' dir='ltr'><strong>ob</strong></span> <span class='ocrx_word' id='word_1_372' title='bbox 2863 2990 3044 3043; x_wconf 87' lang='lat' dir='ltr'><strong>oculos</strong></span> <span class='ocrx_word' id='word_1_373' title='bbox 3071 2989 3240 3057; x_wconf 84' lang='lat' dir='ltr'><strong>ponit,</strong></span> <span class='ocrx_word' id='word_1_374' title='bbox 3270 2986 3537 3054; x_wconf 79' lang='lat' dir='ltr'><strong>quomodo</strong></span> <span class='ocrx_word' id='word_1_375' title='bbox 3571 2995 3679 3057; x_wconf 78' lang='lat' dir='ltr'><strong>tres</strong></span> 
     </span>
    </p>
   </div>
   <div class='ocr_carea' id='block_1_50' title="bbox 479 3052 3689 3126">
    <p class='ocr_par' dir='ltr' id='par_1_50' title="bbox 479 3052 3689 3126">
     <span class='ocr_line' id='line_1_50' title="bbox 479 3052 3689 3126; baseline -0.001 -17"><span class='ocrx_word' id='word_1_376' title='bbox 479 3052 929 3112; x_wconf 74' lang='lat' dir='ltr'><strong>divianersona:</strong></span> <span class='ocrx_word' id='word_1_377' title='bbox 959 3076 1012 3112; x_wconf 88' lang='lat' dir='ltr'><strong>se</strong></span> <span class='ocrx_word' id='word_1_378' title='bbox 1044 3061 1166 3112; x_wconf 88' lang='lat' dir='ltr'><strong>totis</strong></span> <span class='ocrx_word' id='word_1_379' title='bbox 1194 3059 1305 3111; x_wconf 89' lang='lat' dir='ltr'><strong>sine</strong></span> <span class='ocrx_word' id='word_1_380' title='bbox 1332 3060 1638 3126; x_wconf 79' lang='lat' dir='ltr'><strong>confusione</strong></span> <span class='ocrx_word' id='word_1_381' title='bbox 1665 3060 1823 3112; x_wconf 77' lang='lat' dir='ltr'><strong>unita:</strong></span> <span class='ocrx_word' id='word_1_382' title='bbox 1853 3062 1977 3113; x_wconf 90' lang='lat' dir='ltr'><strong>sint.</strong></span> <span class='ocrx_word' id='word_1_383' title='bbox 2015 3058 2078 3113; x_wconf 65' lang='grc' dir='ltr'>Υ.</span> <span class='ocrx_word' id='word_1_384' title='bbox 2118 3060 2273 3114; x_wconf 80' lang='lat' dir='ltr'><strong>Docet</strong></span> <span class='ocrx_word' id='word_1_385' title='bbox 2319 3052 2583 3116; x_wconf 80' lang='lat' dir='ltr'><strong>Personas</strong></span> <span class='ocrx_word' id='word_1_386' title='bbox 2623 3052 2831 3113; x_wconf 51' lang='lat' dir='ltr'><strong>divinas</strong></span> <span class='ocrx_word' id='word_1_387' title='bbox 2859 3060 2973 3112; x_wconf 86' lang='lat' dir='ltr'><strong>sola</strong></span> <span class='ocrx_word' id='word_1_388' title='bbox 3006 3052 3258 3111; x_wconf 83' lang='lat' dir='ltr'><strong>relatione</strong></span> <span class='ocrx_word' id='word_1_389' title='bbox 3283 3052 3427 3126; x_wconf 61' lang='lat' dir='ltr'><strong>inter</strong></span> <span class='ocrx_word' id='word_1_390' title='bbox 3470 3072 3530 3126; x_wconf 86' lang='lat' dir='ltr'><strong>s_e</strong></span> <span class='ocrx_word' id='word_1_391' title='bbox 3572 3055 3689 3107; x_wconf 87' lang='lat' dir='ltr'><strong>dis-</strong></span> 
     </span>
    </p>
   </div>
   <div class='ocr_carea' id='block_1_51' title="bbox 478 3124 3692 3201">
    <p class='ocr_par' dir='ltr' id='par_1_51' title="bbox 478 3124 3692 3201">
     <span class='ocr_line' id='line_1_51' title="bbox 478 3124 3692 3201; baseline -0.001 -21"><span class='ocrx_word' id='word_1_392' title='bbox 478 3130 687 3201; x_wconf 74' lang='lat' dir='ltr'><strong>tingui,</strong></span> <span class='ocrx_word' id='word_1_393' title='bbox 709 3140 767 3201; x_wconf 85' lang='lat' dir='ltr'><strong>et</strong></span> <span class='ocrx_word' id='word_1_394' title='bbox 788 3128 954 3201; x_wconf 83' lang='lat' dir='ltr'><strong>Deum</strong></span> <span class='ocrx_word' id='word_1_395' title='bbox 979 3140 1143 3183; x_wconf 85' lang='lat' dir='ltr'><strong>totum</strong></span> <span class='ocrx_word' id='word_1_396' title='bbox 1160 3124 1592 3201; x_wconf 65' lang='lat' dir='ltr'><strong>participabilem</strong></span> <span class='ocrx_word' id='word_1_397' title='bbox 1616 3145 1725 3201; x_wconf 81' lang='lat' dir='ltr'><strong>esse</strong></span> <span class='ocrx_word' id='word_1_398' title='bbox 1748 3140 1837 3201; x_wconf 87' lang='lat' dir='ltr'><strong>,_et</strong></span> <span class='ocrx_word' id='word_1_399' title='bbox 1863 3140 2030 3191; x_wconf 72' lang='lat' dir='ltr'><strong>totum</strong></span> <span class='ocrx_word' id='word_1_400' title='bbox 2065 3147 2166 3184; x_wconf 91' lang='lat' dir='ltr'><strong>non</strong></span> <span class='ocrx_word' id='word_1_401' title='bbox 2191 3132 2609 3201; x_wconf 85' lang='lat' dir='ltr'><strong>participabilem</strong></span> <span class='ocrx_word' id='word_1_402' title='bbox 2631 3171 2646 3193; x_wconf 94' lang='lat'><strong>,</strong></span> <span class='ocrx_word' id='word_1_403' title='bbox 2672 3130 2898 3199; x_wconf 77' lang='lat' dir='ltr'><strong>explicat</strong></span> <span class='ocrx_word' id='word_1_404' title='bbox 2926 3145 3034 3201; x_wconf 84' lang='lat' dir='ltr'><strong>rem</strong></span> <span class='ocrx_word' id='word_1_405' title='bbox 3064 3128 3321 3201; x_wconf 70' lang='lat' dir='ltr'><strong>exemplo.</strong></span> <span class='ocrx_word' id='word_1_406' title='bbox 3346 3124 3445 3201; x_wconf 81' lang='lat' dir='ltr'><strong>_VI.</strong></span> <span class='ocrx_word' id='word_1_407' title='bbox 3479 3124 3692 3201; x_wconf 64' lang='lat' dir='ltr'><strong>Occur-</strong></span> 
     </span>
    </p>
   </div>
   <div class='ocr_carea' id='block_1_52' title="bbox 478 3193 3689 3277">
    <p class='ocr_par' dir='ltr' id='par_1_52' title="bbox 478 3193 3689 3277">
     <span class='ocr_line' id='line_1_52' title="bbox 478 3193 3689 3277; baseline -0.001 -27"><span class='ocrx_word' id='word_1_408' title='bbox 478 3193 882 3277; x_wconf 40' lang='lat' dir='ltr'><strong>rit—objectioni,</strong></span> <span class='ocrx_word' id='word_1_409' title='bbox 919 3209 967 3277; x_wconf 81' lang='lat' dir='ltr'><strong>et</strong></span> <span class='ocrx_word' id='word_1_410' title='bbox 984 3193 1212 3277; x_wconf 72' lang='lat' dir='ltr'><strong>ostendit</strong></span> <span class='ocrx_word' id='word_1_411' title='bbox 1254 3200 1489 3277; x_wconf 52' lang='lat' dir='ltr'><strong>eqempto</strong></span> <span class='ocrx_word' id='word_1_412' title='bbox 1526 3199 1714 3277; x_wconf 74' lang='lat' dir='ltr'><strong>sigilli,</strong></span> <span class='ocrx_word' id='word_1_413' title='bbox 1748 3198 1917 3253; x_wconf 86' lang='lat' dir='ltr'><strong>Deum</strong></span> <span class='ocrx_word' id='word_1_414' title='bbox 1957 3193 2206 3277; x_wconf 38' lang='lat' dir='ltr'><strong>eatparte&#39;</strong></span> <span class='ocrx_word' id='word_1_415' title='bbox 2240 3220 2337 3255; x_wconf 83' lang='lat' dir='ltr'><strong>sua</strong></span> <span class='ocrx_word' id='word_1_416' title='bbox 2381 3193 2485 3254; x_wconf 80' lang='lat' dir='ltr'><strong>non</strong></span> <span class='ocrx_word' id='word_1_417' title='bbox 2526 3193 2860 3277; x_wconf 50' lang='lat' dir='ltr'><strong>inrequalitel</strong></span> <span class='ocrx_word' id='word_1_418' title='bbox 2892 3193 3225 3277; x_wconf 73' lang='lat' dir='ltr'><strong>participari,</strong></span> <span class='ocrx_word' id='word_1_419' title='bbox 3264 3196 3355 3277; x_wconf 67' lang='lat' dir='ltr'><strong>sed</strong></span> <span class='ocrx_word' id='word_1_420' title='bbox 3380 3211 3449 3277; x_wconf 56' lang='lat' dir='ltr'><strong>ea}</strong></span> <span class='ocrx_word' id='word_1_421' title='bbox 3468 3193 3689 3262; x_wconf 72' lang='lat' dir='ltr'><strong>defectu</strong></span> 
     </span>
    </p>
   </div>
   <div class='ocr_carea' id='block_1_53' title="bbox 481 3264 3689 3337">
    <p class='ocr_par' dir='ltr' id='par_1_53' title="bbox 481 3264 3689 3337">
     <span class='ocr_line' id='line_1_53' title="bbox 481 3264 3689 3337; baseline -0.002 -16"><span class='ocrx_word' id='word_1_422' title='bbox 481 3264 921 3336; x_wconf 78' lang='lat' dir='ltr'><strong>participantium</strong></span> <span class='ocrx_word' id='word_1_423' title='bbox 953 3271 1007 3321; x_wconf 90' lang='lat' dir='ltr'><strong>id</strong></span> <span class='ocrx_word' id='word_1_424' title='bbox 1030 3271 1254 3323; x_wconf 84' lang='lat' dir='ltr'><strong>evenire.</strong></span> <span class='ocrx_word' id='word_1_425' title='bbox 1290 3268 1356 3321; x_wconf 80' lang='lat' dir='ltr'><strong>Et</strong></span> <span class='ocrx_word' id='word_1_426' title='bbox 1394 3264 1553 3323; x_wconf 80' lang='lat' dir='ltr'><strong>simul</strong></span> <span class='ocrx_word' id='word_1_427' title='bbox 1577 3264 1756 3333; x_wconf 47' lang='lat' dir='ltr'><strong>&#39;docet,</strong></span> <span class='ocrx_word' id='word_1_428' title='bbox 1792 3285 1949 3336; x_wconf 82' lang='lat' dir='ltr'><strong>Opera</strong></span> <span class='ocrx_word' id='word_1_429' title='bbox 1980 3264 2177 3324; x_wconf 80' lang='lat' dir='ltr'><strong>Christi</strong></span> <span class='ocrx_word' id='word_1_430' title='bbox 2206 3288 2309 3326; x_wconf 88' lang='lat' dir='ltr'><strong>non</strong></span> <span class='ocrx_word' id='word_1_431' title='bbox 2340 3288 2453 3326; x_wconf 85' lang='lat' dir='ltr'><strong>esse</strong></span> <span class='ocrx_word' id='word_1_432' title='bbox 2483 3264 2781 3324; x_wconf 76' lang='lat' dir='ltr'><strong>communia</strong></span> <span class='ocrx_word' id='word_1_433' title='bbox 2815 3264 3092 3332; x_wconf 70' lang='lat' dir='ltr'><strong>Trinitati’,</strong></span> <span class='ocrx_word' id='word_1_434' title='bbox 3118 3268 3242 3337; x_wconf 83' lang='lat' dir='ltr'><strong>quia</strong></span> <span class='ocrx_word' id='word_1_435' title='bbox 3271 3269 3387 3337; x_wconf 84' lang='lat' dir='ltr'><strong>ejus</strong></span> <span class='ocrx_word' id='word_1_436' title='bbox 3415 3264 3689 3337; x_wconf 75' lang='lat' dir='ltr'><strong>Incurua-</strong></span> 
     </span>
    </p>
   </div>
   <div class='ocr_carea' id='block_1_54' title="bbox 479 3336 3691 3421">
    <p class='ocr_par' dir='ltr' id='par_1_54' title="bbox 479 3336 3691 3421">
     <span class='ocr_line' id='line_1_54' title="bbox 479 3336 3691 3421; baseline -0.002 -30"><span class='ocrx_word' id='word_1_437' title='bbox 479 3339 552 3391; x_wconf 91' lang='lat' dir='ltr'><strong>tio</strong></span> <span class='ocrx_word' id='word_1_438' title='bbox 596 3355 699 3421; x_wconf 74' lang='lat' dir='ltr'><strong>non</strong></span> <span class='ocrx_word' id='word_1_439' title='bbox 740 3348 815 3418; x_wconf 75' lang='lat' dir='ltr'><strong>est</strong></span> <span class='ocrx_word' id='word_1_440' title='bbox 844 3339 1140 3420; x_wconf 73' lang='lat' dir='ltr'><strong>communis</strong></span> <span class='ocrx_word' id='word_1_441' title='bbox 1179 3337 1596 3421; x_wconf 50' lang='lat' dir='ltr'><strong>totinTrinitati,</strong></span> <span class='ocrx_word' id='word_1_442' title='bbox 1634 3341 1724 3393; x_wconf 87' lang='lat' dir='ltr'><strong>sed</strong></span> <span class='ocrx_word' id='word_1_443' title='bbox 1771 3342 2059 3421; x_wconf 46' lang='lat' dir='ltr'><strong>singulm?</strong></span> <span class='ocrx_word' id='word_1_444' title='bbox 2092 3358 2329 3409; x_wconf 73' lang='lat' dir='ltr'><strong>persona:</strong></span> <span class='ocrx_word' id='word_1_445' title='bbox 2364 3340 2540 3421; x_wconf 76' lang='lat' dir='ltr'><strong>I’erbi.</strong></span> <span class='ocrx_word' id='word_1_446' title='bbox 2578 3340 2688 3421; x_wconf 55' lang='lat' dir='ltr'><strong>Vll.</strong></span> <span class='ocrx_word' id='word_1_447' title='bbox 2730 3336 2915 3419; x_wconf 74' lang='lat' dir='ltr'><strong>Tradit</strong></span> <span class='ocrx_word' id='word_1_448' title='bbox 2955 3355 3046 3417; x_wconf 72' lang='lat' dir='ltr'><strong>nos</strong></span> <span class='ocrx_word' id='word_1_449' title='bbox 3087 3336 3166 3391; x_wconf 85' lang='lat' dir='ltr'><strong>res</strong></span> <span class='ocrx_word' id='word_1_450' title='bbox 3197 3336 3421 3421; x_wconf 61' lang='lat' dir='ltr'><strong>diuinas</strong></span> <span class='ocrx_word' id='word_1_451' title='bbox 3446 3336 3621 3421; x_wconf 48' lang='lat' dir='ltr'><strong>solum</strong></span> <span class='ocrx_word' id='word_1_452' title='bbox 3656 3352 3691 3386; x_wconf 87' lang='lat' dir='ltr'><strong>a</strong></span> 
     </span>
    </p>
   </div>
   <div class='ocr_carea' id='block_1_55' title="bbox 479 3405 3691 3481">
    <p class='ocr_par' dir='ltr' id='par_1_55' title="bbox 479 3405 3691 3481">
     <span class='ocr_line' id='line_1_55' title="bbox 479 3405 3691 3481; baseline -0.001 -23"><span class='ocrx_word' id='word_1_453' title='bbox 479 3409 761 3477; x_wconf 74' lang='lat' dir='ltr'><strong>posteriori</strong></span> <span class='ocrx_word' id='word_1_454' title='bbox 780 3426 851 3481; x_wconf 77' lang='lat' dir='ltr'><strong>ea:</strong></span> <span class='ocrx_word' id='word_1_455' title='bbox 898 3410 1397 3481; x_wconf 80' lang='lat' dir='ltr'><strong>participationibus</strong></span> <span class='ocrx_word' id='word_1_456' title='bbox 1435 3425 1765 3479; x_wconf 84' lang='lat' dir='ltr'><strong>cognoscere.</strong></span> <span class='ocrx_word' id='word_1_457' title='bbox 1818 3405 1950 3465; x_wconf 67' lang='lat' dir='ltr'><strong>VIII.</strong></span> <span class='ocrx_word' id='word_1_458' title='bbox 1990 3405 2169 3475; x_wconf 82' lang='lat' dir='ltr'><strong>Docet,</strong></span> <span class='ocrx_word' id='word_1_459' title='bbox 2199 3412 2461 3481; x_wconf 84' lang='lat' dir='ltr'><strong>quomodo</strong></span> <span class='ocrx_word' id='word_1_460' title='bbox 2504 3409 2814 3481; x_wconf 9' lang='lat' dir='ltr'><strong>exVDeohsit</strong></span> <span class='ocrx_word' id='word_1_461' title='bbox 2841 3408 3016 3481; x_wconf 71' lang='lat' dir='ltr'><strong>omnis</strong></span> <span class='ocrx_word' id='word_1_462' title='bbox 3052 3408 3343 3481; x_wconf 28' lang='lat' dir='ltr'><strong>putem-itas</strong></span> <span class='ocrx_word' id='word_1_463' title='bbox 3373 3415 3421 3459; x_wconf 88' lang='lat' dir='ltr'><strong>et</strong></span> <span class='ocrx_word' id='word_1_464' title='bbox 3457 3405 3691 3481; x_wconf 75' lang='lat' dir='ltr'><strong>ﬁliatio;</strong></span> 
     </span>
    </p>
   </div>
   <div class='ocr_carea' id='block_1_56' title="bbox 479 3473 3692 3553">
    <p class='ocr_par' dir='ltr' id='par_1_56' title="bbox 479 3473 3692 3553">
     <span class='ocr_line' id='line_1_56' title="bbox 479 3473 3692 3553; baseline -0.001 -23"><span class='ocrx_word' id='word_1_465' title='bbox 479 3473 528 3530; x_wconf 78' lang='lat' dir='ltr'><strong>et</strong></span> <span class='ocrx_word' id='word_1_466' title='bbox 560 3479 823 3553; x_wconf 85' lang='lat' dir='ltr'><strong>quomodo</strong></span> <span class='ocrx_word' id='word_1_467' title='bbox 851 3479 1067 3553; x_wconf 67' lang='lat' dir='ltr'><strong>effectus</strong></span> <span class='ocrx_word' id='word_1_468' title='bbox 1096 3473 1211 3553; x_wconf 61' lang='lat' dir='ltr'><strong>sint</strong></span> <span class='ocrx_word' id='word_1_469' title='bbox 1247 3480 1426 3553; x_wconf 69' lang='lat' dir='ltr'><strong>causis</strong></span> <span class='ocrx_word' id='word_1_470' title='bbox 1448 3473 1585 3553; x_wconf 54' lang='lat' dir='ltr'><strong>suis</strong></span> <span class='ocrx_word' id='word_1_471' title='bbox 1610 3480 1831 3553; x_wconf 72' lang='lat' dir='ltr'><strong>similes,</strong></span> <span class='ocrx_word' id='word_1_472' title='bbox 1862 3498 1966 3535; x_wconf 82' lang='lat' dir='ltr'><strong>non</strong></span> <span class='ocrx_word' id='word_1_473' title='bbox 1995 3473 2187 3553; x_wconf 73' lang='lat' dir='ltr'><strong>contra</strong></span> <span class='ocrx_word' id='word_1_474' title='bbox 2209 3473 2386 3535; x_wconf 69' lang='lat' dir='ltr'><strong>causae</strong></span> <span class='ocrx_word' id='word_1_475' title='bbox 2420 3480 2643 3549; x_wconf 69' lang='lat' dir='ltr'><strong>effectis.</strong></span> <span class='ocrx_word' id='word_1_476' title='bbox 2690 3477 2782 3532; x_wconf 76' lang='lat' dir='ltr'><strong>IX.</strong></span> <span class='ocrx_word' id='word_1_477' title='bbox 2805 3473 3102 3553; x_wconf 63' lang='lat' dir='ltr'><strong>Quomodo</strong></span> <span class='ocrx_word' id='word_1_478' title='bbox 3137 3478 3279 3553; x_wconf 74' lang='lat' dir='ltr'><strong>ratio</strong></span> <span class='ocrx_word' id='word_1_479' title='bbox 3317 3476 3565 3553; x_wconf 37' lang='lat' dir='ltr'><strong>mysterii.</strong></span> <span class='ocrx_word' id='word_1_480' title='bbox 3590 3473 3692 3553; x_wconf 63' lang='lat' dir='ltr'><strong>Irt-</strong></span> 
     </span>
    </p>
   </div>
   <div class='ocr_carea' id='block_1_57' title="bbox 480 3546 3691 3620">
    <p class='ocr_par' dir='ltr' id='par_1_57' title="bbox 480 3546 3691 3620">
     <span class='ocr_line' id='line_1_57' title="bbox 480 3546 3691 3620; baseline -0.002 -19"><span class='ocrx_word' id='word_1_481' title='bbox 480 3550 806 3620; x_wconf 83' lang='lat' dir='ltr'><strong>carnationis</strong></span> <span class='ocrx_word' id='word_1_482' title='bbox 840 3546 1083 3603; x_wconf 81' lang='lat' dir='ltr'><strong>omnibus</strong></span> <span class='ocrx_word' id='word_1_483' title='bbox 1114 3550 1292 3618; x_wconf 86' lang='lat' dir='ltr'><strong>ignota</strong></span> <span class='ocrx_word' id='word_1_484' title='bbox 1320 3549 1500 3618; x_wconf 76' lang='lat' dir='ltr'><strong>fuerit.</strong></span> <span class='ocrx_word' id='word_1_485' title='bbox 1543 3550 1611 3605; x_wconf 81' lang='lat' dir='ltr'><strong>X.</strong></span> <span class='ocrx_word' id='word_1_486' title='bbox 1649 3550 1735 3603; x_wconf 79' lang='lat' dir='ltr'><strong>Ea:</strong></span> <span class='ocrx_word' id='word_1_487' title='bbox 1765 3564 1945 3604; x_wconf 86' lang='lat' dir='ltr'><strong>sancto</strong></span> <span class='ocrx_word' id='word_1_488' title='bbox 1978 3551 2263 3605; x_wconf 83' lang='lat' dir='ltr'><strong>llierotlteo</strong></span> <span class='ocrx_word' id='word_1_489' title='bbox 2295 3546 2545 3617; x_wconf 61' lang='lat' dir='ltr'><strong>ostendit,</strong></span> <span class='ocrx_word' id='word_1_490' title='bbox 2584 3550 2847 3620; x_wconf 81' lang='lat' dir='ltr'><strong>quomodo</strong></span> <span class='ocrx_word' id='word_1_491' title='bbox 2881 3546 3011 3600; x_wconf 83' lang='lat' dir='ltr'><strong>Jesu</strong></span> <span class='ocrx_word' id='word_1_492' title='bbox 3041 3548 3296 3620; x_wconf 82' lang='lat' dir='ltr'><strong>divinitas</strong></span> <span class='ocrx_word' id='word_1_493' title='bbox 3317 3547 3603 3620; x_wconf 75' lang='lat' dir='ltr'><strong>sit__omn_ia</strong></span> <span class='ocrx_word' id='word_1_494' title='bbox 3632 3546 3691 3597; x_wconf 89' lang='lat' dir='ltr'><strong>in</strong></span> 
     </span>
    </p>
   </div>
   <div class='ocr_carea' id='block_1_58' title="bbox 481 3614 3691 3688">
    <p class='ocr_par' dir='ltr' id='par_1_58' title="bbox 481 3614 3691 3688">
     <span class='ocr_line' id='line_1_58' title="bbox 481 3614 3691 3688; baseline -0.001 -18"><span class='ocrx_word' id='word_1_495' title='bbox 481 3618 743 3688; x_wconf 86' lang='lat' dir='ltr'><strong>omnibus.</strong></span> <span class='ocrx_word' id='word_1_496' title='bbox 771 3631 817 3672; x_wconf 82' lang='lat' dir='ltr'><strong>et</strong></span> <span class='ocrx_word' id='word_1_497' title='bbox 847 3635 1006 3687; x_wconf 81' lang='lat' dir='ltr'><strong>supra</strong></span> <span class='ocrx_word' id='word_1_498' title='bbox 1037 3614 1251 3684; x_wconf 82' lang='lat' dir='ltr'><strong>omnia;</strong></span> <span class='ocrx_word' id='word_1_499' title='bbox 1283 3614 1332 3672; x_wconf 80' lang='lat' dir='ltr'><strong>et</strong></span> <span class='ocrx_word' id='word_1_500' title='bbox 1360 3621 1621 3688; x_wconf 83' lang='lat' dir='ltr'><strong>quomodo</strong></span> <span class='ocrx_word' id='word_1_501' title='bbox 1666 3619 1908 3674; x_wconf 82' lang='lat' dir='ltr'><strong>Christus</strong></span> <span class='ocrx_word' id='word_1_502' title='bbox 1934 3632 2181 3675; x_wconf 83' lang='lat' dir='ltr'><strong>naturam</strong></span> <span class='ocrx_word' id='word_1_503' title='bbox 2214 3633 2449 3675; x_wconf 89' lang='lat' dir='ltr'><strong>nostram</strong></span> <span class='ocrx_word' id='word_1_504' title='bbox 2499 3614 2661 3682; x_wconf 73' lang='lat' dir='ltr'><strong>supra</strong></span> <span class='ocrx_word' id='word_1_505' title='bbox 2702 3627 2952 3671; x_wconf 85' lang='lat' dir='ltr'><strong>naturam</strong></span> <span class='ocrx_word' id='word_1_506' title='bbox 2990 3617 3339 3688; x_wconf 84' lang='lat' dir='ltr'><strong>participarit.</strong></span> <span class='ocrx_word' id='word_1_507' title='bbox 3379 3614 3471 3669; x_wconf 75' lang='lat' dir='ltr'><strong>XI.</strong></span> <span class='ocrx_word' id='word_1_508' title='bbox 3517 3614 3691 3669; x_wconf 83' lang='lat' dir='ltr'><strong>Deum</strong></span> 
     </span>
    </p>
   </div>
   <div class='ocr_carea' id='block_1_59' title="bbox 479 3687 3034 3759">
    <p class='ocr_par' dir='ltr' id='par_1_59' title="bbox 479 3687 3034 3759">
     <span class='ocr_line' id='line_1_59' title="bbox 479 3687 3034 3759; baseline 0.002 -20"><span class='ocrx_word' id='word_1_509' title='bbox 479 3687 584 3741; x_wconf 84' lang='lat' dir='ltr'><strong>dici</strong></span> <span class='ocrx_word' id='word_1_510' title='bbox 612 3690 953 3757; x_wconf 85' lang='lat' dir='ltr'><strong>multiplicari</strong></span> <span class='ocrx_word' id='word_1_511' title='bbox 980 3690 1105 3742; x_wconf 88' lang='lat' dir='ltr'><strong>dum</strong></span> <span class='ocrx_word' id='word_1_512' title='bbox 1138 3705 1219 3743; x_wconf 89' lang='lat' dir='ltr'><strong>res</strong></span> <span class='ocrx_word' id='word_1_513' title='bbox 1249 3687 1483 3745; x_wconf 81' lang='lat' dir='ltr'><strong>diversas</strong></span> <span class='ocrx_word' id='word_1_514' title='bbox 1514 3692 1783 3759; x_wconf 84' lang='lat' dir='ltr'><strong>producit,</strong></span> <span class='ocrx_word' id='word_1_515' title='bbox 1810 3708 1931 3747; x_wconf 88' lang='lat' dir='ltr'><strong>eum</strong></span> <span class='ocrx_word' id='word_1_516' title='bbox 1962 3702 2137 3745; x_wconf 86' lang='lat' dir='ltr'><strong>tamen</strong></span> <span class='ocrx_word' id='word_1_517' title='bbox 2170 3693 2223 3745; x_wconf 89' lang='lat' dir='ltr'><strong>in</strong></span> <span class='ocrx_word' id='word_1_518' title='bbox 2257 3697 2409 3745; x_wconf 86' lang='lat' dir='ltr'><strong>rebus</strong></span> <span class='ocrx_word' id='word_1_519' title='bbox 2431 3690 2675 3744; x_wconf 86' lang='lat' dir='ltr'><strong>omnibus</strong></span> <span class='ocrx_word' id='word_1_520' title='bbox 2709 3703 2873 3742; x_wconf 88' lang='lat' dir='ltr'><strong>unum</strong></span> <span class='ocrx_word' id='word_1_521' title='bbox 2900 3702 3034 3743; x_wconf 83' lang='lat' dir='ltr'><strong>esse.</strong></span> 
     </span>
    </p>
   </div>
   <div class='ocr_carea' id='block_1_60' title="bbox 1980 3843 2092 3915">
    <p class='ocr_par' dir='ltr' id='par_1_60' title="bbox 1980 3843 2092 3915">
     <span class='ocr_line' id='line_1_60' title="bbox 1980 3843 2092 3915; baseline 0 -14"><span class='ocrx_word' id='word_1_522' title='bbox 1980 3843 2092 3915; x_wconf 57' lang='grc' dir='ltr'>ξι.</span> 
     </span>
    </p>
   </div>
   <div class='ocr_carea' id='block_1_61' title="bbox 481 3977 1989 4063">
    <p class='ocr_par' dir='ltr' id='par_1_61' title="bbox 481 3988 1973 4058">
     <span class='ocr_line' id='line_1_61' title="bbox 481 3988 1973 4058; baseline 0.003 -16"><span class='ocrx_word' id='word_1_523' title='bbox 481 3988 712 4058; x_wconf 84' lang='lat' dir='ltr'><strong>Ipsamet</strong></span> <span class='ocrx_word' id='word_1_524' title='bbox 740 3988 953 4044; x_wconf 84' lang='lat' dir='ltr'><strong>bonitas</strong></span> <span class='ocrx_word' id='word_1_525' title='bbox 997 4004 1026 4043; x_wconf 89' lang='lat' dir='ltr'><strong>a</strong></span> <span class='ocrx_word' id='word_1_526' title='bbox 1068 3988 1240 4046; x_wconf 88' lang='lat' dir='ltr'><strong>sacris</strong></span> <span class='ocrx_word' id='word_1_527' title='bbox 1287 3988 1487 4046; x_wconf 89' lang='lat' dir='ltr'><strong>litteris</strong></span> <span class='ocrx_word' id='word_1_528' title='bbox 1538 3990 1862 4056; x_wconf 83' lang='lat' dir='ltr'><strong>celebratur,</strong></span> <span class='ocrx_word' id='word_1_529' title='bbox 1899 4002 1973 4047; x_wconf 83' lang='lat' dir='ltr'><strong>tn-</strong></span> 
     </span>
    </p>
   </div>
   <div class='ocr_carea' id='block_1_62' title="bbox 2093 3977 3693 4063">
    <p class='ocr_par' dir='ltr' id='par_1_62' title="bbox 2160 3977 3693 4063">
     <span class='ocr_line' id='line_1_62' title="bbox 2160 3977 3693 4063; baseline -0.011 -18"><span class='ocrx_word' id='word_1_530' title='bbox 2160 3990 2268 4063; x_wconf 83' lang='grc' dir='ltr'><strong>Τὴν</strong></span> <span class='ocrx_word' id='word_1_531' title='bbox 2295 3988 2587 4062; x_wconf 81' lang='grc' dir='ltr'>θεαρχικὴν</span> <span class='ocrx_word' id='word_1_532' title='bbox 2619 3988 2745 4058; x_wconf 85' lang='grc' dir='ltr'>ὅλην</span> <span class='ocrx_word' id='word_1_533' title='bbox 2764 3982 2996 4057; x_wconf 78' lang='grc' dir='ltr'>ὕπαρξιν</span> <span class='ocrx_word' id='word_1_534' title='bbox 3027 3983 3055 4037; x_wconf 82' lang='grc' dir='ltr'><strong>ὅ</strong></span> <span class='ocrx_word' id='word_1_535' title='bbox 3074 4000 3127 4036; x_wconf 86' lang='grc' dir='ltr'><strong>τι</strong></span> <span class='ocrx_word' id='word_1_536' title='bbox 3151 3979 3281 4035; x_wconf 74' lang='grc' dir='ltr'>ποτέ</span> <span class='ocrx_word' id='word_1_537' title='bbox 3304 3980 3453 4033; x_wconf 77' lang='grc' dir='ltr'>ἐστιν</span> <span class='ocrx_word' id='word_1_538' title='bbox 3474 3978 3509 4050; x_wconf 76' lang='grc' dir='ltr'><strong>ἡ</strong></span> <span class='ocrx_word' id='word_1_539' title='bbox 3534 3977 3693 4063; x_wconf 81' lang='grc' dir='ltr'>αὐτο-</span> 
     </span>
    </p>
   </div>
   <div class='ocr_carea' id='block_1_63' title="bbox 409 4082 1989 4155">
    <p class='ocr_par' dir='ltr' id='par_1_63' title="bbox 409 4082 1989 4155">
     <span class='ocr_line' id='line_1_63' title="bbox 409 4082 1989 4155; baseline 0.004 -21"><span class='ocrx_word' id='word_1_540' title='bbox 409 4089 519 4135; x_wconf 90' lang='lat' dir='ltr'><strong>tam</strong></span> <span class='ocrx_word' id='word_1_541' title='bbox 564 4082 854 4136; x_wconf 84' lang='lat' dir='ltr'><strong>essentiam</strong></span> <span class='ocrx_word' id='word_1_542' title='bbox 905 4082 1169 4150; x_wconf 88' lang='lat' dir='ltr'><strong>divinam,</strong></span> <span class='ocrx_word' id='word_1_543' title='bbox 1196 4084 1456 4155; x_wconf 85' lang='lat' dir='ltr'><strong>quidquid</strong></span> <span class='ocrx_word' id='word_1_544' title='bbox 1499 4087 1713 4141; x_wconf 89' lang='lat' dir='ltr'><strong>tandem</strong></span> <span class='ocrx_word' id='word_1_545' title='bbox 1744 4087 1839 4154; x_wconf 91' lang='lat' dir='ltr'><strong>sit,</strong></span> <span class='ocrx_word' id='word_1_546' title='bbox 1868 4087 1989 4143; x_wconf 85' lang='lat' dir='ltr'><strong>dili-</strong></span> 
     </span>
    </p>
   </div>
   <div class='ocr_carea' id='block_1_64' title="bbox 409 4170 1991 4242">
    <p class='ocr_par' dir='ltr' id='par_1_64' title="bbox 409 4170 1991 4242">
     <span class='ocr_line' id='line_1_64' title="bbox 409 4170 1991 4242; baseline 0.006 -17"><span class='ocrx_word' id='word_1_547' title='bbox 409 4170 613 4225; x_wconf 85' lang='lat' dir='ltr'><strong>nivisse</strong></span> <span class='ocrx_word' id='word_1_548' title='bbox 641 4179 808 4240; x_wconf 88' lang='lat' dir='ltr'><strong>atque</strong></span> <span class='ocrx_word' id='word_1_549' title='bbox 836 4171 1181 4242; x_wconf 83' lang='lat' dir='ltr'><strong>explanasse.</strong></span> <span class='ocrx_word' id='word_1_550' title='bbox 1226 4173 1364 4241; x_wconf 87' lang='lat' dir='ltr'><strong>Quid</strong></span> <span class='ocrx_word' id='word_1_551' title='bbox 1407 4176 1552 4230; x_wconf 90' lang='lat' dir='ltr'><strong>enim</strong></span> <span class='ocrx_word' id='word_1_552' title='bbox 1583 4176 1727 4231; x_wconf 83' lang='lat' dir='ltr'><strong>aliud</strong></span> <span class='ocrx_word' id='word_1_553' title='bbox 1764 4191 1831 4231; x_wconf 81' lang='lat' dir='ltr'><strong>ex</strong></span> <span class='ocrx_word' id='word_1_554' title='bbox 1875 4179 1991 4235; x_wconf 82' lang='lat' dir='ltr'><strong>elo-</strong></span> 
     </span>
    </p>
   </div>
   <div class='ocr_carea' id='block_1_65' title="bbox 408 4262 1986 4336">
    <p class='ocr_par' dir='ltr' id='par_1_65' title="bbox 408 4262 1986 4336">
     <span class='ocr_line' id='line_1_65' title="bbox 408 4262 1986 4336; baseline 0.004 -19"><span class='ocrx_word' id='word_1_555' title='bbox 408 4262 553 4333; x_wconf 87' lang='lat' dir='ltr'><strong>quiis</strong></span> <span class='ocrx_word' id='word_1_556' title='bbox 605 4264 776 4318; x_wconf 77' lang='lat' dir='ltr'><strong>sat-ris</strong></span> <span class='ocrx_word' id='word_1_557' title='bbox 833 4266 1210 4334; x_wconf 83' lang='lat' dir='ltr'><strong>cognoscimus</strong></span> <span class='ocrx_word' id='word_1_558' title='bbox 1263 4282 1384 4321; x_wconf 90' lang='lat' dir='ltr'><strong>cum</strong></span> <span class='ocrx_word' id='word_1_559' title='bbox 1458 4266 1747 4336; x_wconf 89' lang='lat' dir='ltr'><strong>ipsummet</strong></span> <span class='ocrx_word' id='word_1_560' title='bbox 1818 4269 1986 4326; x_wconf 87' lang='lat' dir='ltr'><strong>Deum</strong></span> 
     </span>
    </p>
   </div>
   <div class='ocr_carea' id='block_1_66' title="bbox 410 4356 1990 4431">
    <p class='ocr_par' dir='ltr' id='par_1_66' title="bbox 410 4356 1990 4431">
     <span class='ocr_line' id='line_1_66' title="bbox 410 4356 1990 4431; baseline 0.006 -24"><span class='ocrx_word' id='word_1_561' title='bbox 410 4356 629 4410; x_wconf 85' lang='lat' dir='ltr'><strong>tradunt</strong></span> <span class='ocrx_word' id='word_1_562' title='bbox 658 4372 717 4411; x_wconf 85' lang='lat' dir='ltr'><strong>se</strong></span> <span class='ocrx_word' id='word_1_563' title='bbox 745 4357 1078 4428; x_wconf 74' lang='lat' dir='ltr'><strong>designanda</strong></span> <span class='ocrx_word' id='word_1_564' title='bbox 1108 4357 1312 4412; x_wconf 76' lang='lat' dir='ltr'><strong>dixisse</strong></span> <span class='ocrx_word' id='word_1_565' title='bbox 1344 4375 1358 4412; x_wconf 89' lang='lat'><strong>:</strong></span> <span class='ocrx_word' id='word_1_566' title='bbox 1393 4357 1535 4424; x_wconf 86' lang='lat' dir='ltr'><strong>Quid</strong></span> <span class='ocrx_word' id='word_1_567' title='bbox 1582 4376 1664 4413; x_wconf 87' lang='lat' dir='ltr'><strong>me</strong></span> <span class='ocrx_word' id='word_1_568' title='bbox 1695 4360 1990 4431; x_wconf 84' lang='lat' dir='ltr'><strong>interrogas</strong></span> 
     </span>
    </p>
   </div>
   <div class='ocr_carea' id='block_1_67' title="bbox 409 4445 1991 4516">
    <p class='ocr_par' dir='ltr' id='par_1_67' title="bbox 409 4445 1991 4516">
     <span class='ocr_line' id='line_1_67' title="bbox 409 4445 1991 4516; baseline 0.008 -17"><span class='ocrx_word' id='word_1_569' title='bbox 409 4445 473 4500; x_wconf 87' lang='lat' dir='ltr'><strong>de</strong></span> <span class='ocrx_word' id='word_1_570' title='bbox 519 4448 693 4502; x_wconf 86' lang='lat' dir='ltr'><strong>bono?</strong></span> <span class='ocrx_word' id='word_1_571' title='bbox 734 4465 883 4502; x_wconf 87' lang='lat' dir='ltr'><strong>nemo</strong></span> <span class='ocrx_word' id='word_1_572' title='bbox 918 4449 1103 4516; x_wconf 86' lang='lat' dir='ltr'><strong>bonus,</strong></span> <span class='ocrx_word' id='word_1_573' title='bbox 1135 4451 1235 4504; x_wconf 81' lang='lat' dir='ltr'><strong>nisi</strong></span> <span class='ocrx_word' id='word_1_574' title='bbox 1267 4449 1411 4504; x_wconf 85' lang='lat' dir='ltr'><strong>solus</strong></span> <span class='ocrx_word' id='word_1_575' title='bbox 1459 4450 1602 4506; x_wconf 88' lang='lat' dir='ltr'><strong>Deus</strong></span> <span class='ocrx_word' id='word_1_576' title='bbox 1633 4460 1684 4505; x_wconf 76' lang='lat' dir='ltr'><strong>l.</strong></span> <span class='ocrx_word' id='word_1_577' title='bbox 1718 4451 1831 4509; x_wconf 83' lang='lat' dir='ltr'><strong>Hoc</strong></span> <span class='ocrx_word' id='word_1_578' title='bbox 1869 4455 1991 4511; x_wconf 87' lang='lat' dir='ltr'><strong>aliis</strong></span> 
     </span>
    </p>
   </div>
   <div class='ocr_carea' id='block_1_68' title="bbox 410 4537 1993 4611">
    <p class='ocr_par' dir='ltr' id='par_1_68' title="bbox 410 4537 1993 4611">
     <span class='ocr_line' id='line_1_68' title="bbox 410 4537 1993 4611; baseline 0.006 -21"><span class='ocrx_word' id='word_1_579' title='bbox 410 4537 574 4591; x_wconf 84' lang='lat' dir='ltr'><strong>etiam</strong></span> <span class='ocrx_word' id='word_1_580' title='bbox 625 4538 758 4595; x_wconf 91' lang='lat' dir='ltr'><strong>locis</strong></span> <span class='ocrx_word' id='word_1_581' title='bbox 802 4556 833 4594; x_wconf 84' lang='lat' dir='ltr'><strong>a</strong></span> <span class='ocrx_word' id='word_1_582' title='bbox 880 4541 1036 4597; x_wconf 87' lang='lat' dir='ltr'><strong>nobis</strong></span> <span class='ocrx_word' id='word_1_583' title='bbox 1081 4556 1378 4611; x_wconf 77' lang='lat' dir='ltr'><strong>expensum</strong></span> <span class='ocrx_word' id='word_1_584' title='bbox 1427 4542 1854 4599; x_wconf 88' lang='lat' dir='ltr'><strong>demonstratum</strong></span> <span class='ocrx_word' id='word_1_585' title='bbox 1908 4553 1993 4601; x_wconf 88' lang='lat' dir='ltr'><strong>est</strong></span> 
     </span>
    </p>
   </div>
   <div class='ocr_carea' id='block_1_69' title="bbox 412 4631 1989 4707">
    <p class='ocr_par' dir='ltr' id='par_1_69' title="bbox 412 4631 1989 4707">
     <span class='ocr_line' id='line_1_69' title="bbox 412 4631 1989 4707; baseline 0.006 -22"><span class='ocrx_word' id='word_1_586' title='bbox 412 4631 594 4685; x_wconf 90' lang='lat' dir='ltr'><strong>omnia</strong></span> <span class='ocrx_word' id='word_1_587' title='bbox 623 4635 840 4687; x_wconf 89' lang='lat' dir='ltr'><strong>nomina</strong></span> <span class='ocrx_word' id='word_1_588' title='bbox 872 4632 1055 4689; x_wconf 85' lang='lat' dir='ltr'><strong>divina</strong></span> <span class='ocrx_word' id='word_1_589' title='bbox 1088 4634 1270 4704; x_wconf 70' lang='lat' dir='ltr'><strong>psum</strong></span> <span class='ocrx_word' id='word_1_590' title='bbox 1302 4636 1547 4691; x_wconf 85' lang='lat' dir='ltr'><strong>decentia</strong></span> <span class='ocrx_word' id='word_1_591' title='bbox 1592 4654 1698 4693; x_wconf 91' lang='lat' dir='ltr'><strong>nou</strong></span> <span class='ocrx_word' id='word_1_592' title='bbox 1729 4637 1783 4692; x_wconf 92' lang='lat' dir='ltr'><strong>in</strong></span> <span class='ocrx_word' id='word_1_593' title='bbox 1813 4648 1989 4707; x_wconf 88' lang='lat' dir='ltr'><strong>parte,</strong></span> 
     </span>
    </p>
   </div>
   <div class='ocr_carea' id='block_1_70' title="bbox 412 4722 1988 4800">
    <p class='ocr_par' dir='ltr' id='par_1_70' title="bbox 412 4722 1988 4800">
     <span class='ocr_line' id='line_1_70' title="bbox 412 4722 1988 4800; baseline 0.006 -22"><span class='ocrx_word' id='word_1_594' title='bbox 412 4722 507 4778; x_wconf 88' lang='lat' dir='ltr'><strong>sed</strong></span> <span class='ocrx_word' id='word_1_595' title='bbox 541 4723 596 4776; x_wconf 92' lang='lat' dir='ltr'><strong>in</strong></span> <span class='ocrx_word' id='word_1_596' title='bbox 630 4733 739 4779; x_wconf 88' lang='lat' dir='ltr'><strong>tota</strong></span> <span class='ocrx_word' id='word_1_597' title='bbox 773 4734 826 4781; x_wconf 91' lang='lat' dir='ltr'><strong>et</strong></span> <span class='ocrx_word' id='word_1_598' title='bbox 858 4726 1123 4795; x_wconf 79' lang='lat' dir='ltr'><strong>perfecta,</strong></span> <span class='ocrx_word' id='word_1_599' title='bbox 1150 4738 1205 4783; x_wconf 88' lang='lat' dir='ltr'><strong>et</strong></span> <span class='ocrx_word' id='word_1_600' title='bbox 1250 4729 1461 4799; x_wconf 79' lang='lat' dir='ltr'><strong>integra</strong></span> <span class='ocrx_word' id='word_1_601' title='bbox 1516 4740 1570 4785; x_wconf 92' lang='lat' dir='ltr'><strong>et</strong></span> <span class='ocrx_word' id='word_1_602' title='bbox 1599 4731 1757 4800; x_wconf 88' lang='lat' dir='ltr'><strong>plena</strong></span> <span class='ocrx_word' id='word_1_603' title='bbox 1789 4732 1988 4787; x_wconf 85' lang='lat' dir='ltr'><strong>divini-</strong></span> 
     </span>
    </p>
   </div>
   <div class='ocr_carea' id='block_1_71' title="bbox 414 4813 1990 4893">
    <p class='ocr_par' dir='ltr' id='par_1_71' title="bbox 414 4813 1990 4893">
     <span class='ocr_line' id='line_1_71' title="bbox 414 4813 1990 4893; baseline 0.008 -25"><span class='ocrx_word' id='word_1_604' title='bbox 414 4822 523 4870; x_wconf 84' lang='lat' dir='ltr'><strong>tate</strong></span> <span class='ocrx_word' id='word_1_605' title='bbox 552 4830 583 4869; x_wconf 90' lang='lat' dir='ltr'><strong>a</strong></span> <span class='ocrx_word' id='word_1_606' title='bbox 611 4813 910 4886; x_wconf 88' lang='lat' dir='ltr'><strong>Scripturis</strong></span> <span class='ocrx_word' id='word_1_607' title='bbox 938 4821 1144 4875; x_wconf 87' lang='lat' dir='ltr'><strong>sanctis</strong></span> <span class='ocrx_word' id='word_1_608' title='bbox 1190 4820 1424 4887; x_wconf 87' lang='lat' dir='ltr'><strong>laudari,</strong></span> <span class='ocrx_word' id='word_1_609' title='bbox 1459 4832 1511 4877; x_wconf 91' lang='lat' dir='ltr'><strong>et</strong></span> <span class='ocrx_word' id='word_1_610' title='bbox 1536 4822 1650 4893; x_wconf 89' lang='lat' dir='ltr'><strong>ipsa</strong></span> <span class='ocrx_word' id='word_1_611' title='bbox 1678 4825 1860 4879; x_wconf 90' lang='lat' dir='ltr'><strong>omnia</strong></span> <span class='ocrx_word' id='word_1_612' title='bbox 1890 4826 1990 4879; x_wconf 90' lang='lat' dir='ltr'><strong>im-</strong></span> 
     </span>
    </p>
   </div>
   <div class='ocr_carea' id='block_1_72' title="bbox 410 4908 1987 4979">
    <p class='ocr_par' dir='ltr' id='par_1_72' title="bbox 410 4908 1987 4979">
     <span class='ocr_line' id='line_1_72' title="bbox 410 4908 1987 4979; baseline 0.008 -18"><span class='ocrx_word' id='word_1_613' title='bbox 410 4908 750 4979; x_wconf 85' lang='lat' dir='ltr'><strong>participate,</strong></span> <span class='ocrx_word' id='word_1_614' title='bbox 777 4910 1048 4977; x_wconf 78' lang='lat' dir='ltr'><strong>absolute,</strong></span> <span class='ocrx_word' id='word_1_615' title='bbox 1075 4912 1192 4967; x_wconf 87' lang='lat' dir='ltr'><strong>sine</strong></span> <span class='ocrx_word' id='word_1_616' title='bbox 1221 4915 1606 4971; x_wconf 88' lang='lat' dir='ltr'><strong>observatione</strong></span> <span class='ocrx_word' id='word_1_617' title='bbox 1632 4917 1795 4972; x_wconf 89' lang='lat' dir='ltr'><strong>ullius</strong></span> <span class='ocrx_word' id='word_1_618' title='bbox 1827 4914 1987 4973; x_wconf 66' lang='lat' dir='ltr'><strong>dilic-</strong></span> 
     </span>
    </p>
   </div>
   <div class='ocr_carea' id='block_1_73' title="bbox 414 5003 1990 5071">
    <p class='ocr_par' dir='ltr' id='par_1_73' title="bbox 414 5003 1990 5071">
     <span class='ocr_line' id='line_1_73' title="bbox 414 5003 1990 5071; baseline 0.004 -13"><span class='ocrx_word' id='word_1_619' title='bbox 414 5003 629 5069; x_wconf 77' lang='lat' dir='ltr'><strong>rentiae,</strong></span> <span class='ocrx_word' id='word_1_620' title='bbox 655 5003 927 5071; x_wconf 86' lang='lat' dir='ltr'><strong>universe,</strong></span> <span class='ocrx_word' id='word_1_621' title='bbox 958 5005 1024 5059; x_wconf 87' lang='lat' dir='ltr'><strong>ad</strong></span> <span class='ocrx_word' id='word_1_622' title='bbox 1055 5020 1269 5061; x_wconf 90' lang='lat' dir='ltr'><strong>omnem</strong></span> <span class='ocrx_word' id='word_1_623' title='bbox 1312 5009 1724 5065; x_wconf 88' lang='lat' dir='ltr'><strong>universitatem</strong></span> <span class='ocrx_word' id='word_1_624' title='bbox 1761 5025 1826 5066; x_wconf 84' lang='lat' dir='ltr'><strong>ex</strong></span> <span class='ocrx_word' id='word_1_625' title='bbox 1874 5020 1990 5066; x_wconf 92' lang='lat' dir='ltr'><strong>toto</strong></span> 
     </span>
    </p>
   </div>
   <div class='ocr_carea' id='block_1_74' title="bbox 412 5093 1995 5172">
    <p class='ocr_par' dir='ltr' id='par_1_74' title="bbox 412 5093 1995 5172">
     <span class='ocr_line' id='line_1_74' title="bbox 412 5093 1995 5172; baseline 0.004 -23"><span class='ocrx_word' id='word_1_626' title='bbox 412 5093 687 5164; x_wconf 69' lang='lat' dir='ltr'><strong>perfectae,</strong></span> <span class='ocrx_word' id='word_1_627' title='bbox 719 5103 776 5150; x_wconf 93' lang='lat' dir='ltr'><strong>et</strong></span> <span class='ocrx_word' id='word_1_628' title='bbox 804 5096 970 5151; x_wconf 87' lang='lat' dir='ltr'><strong>totius</strong></span> <span class='ocrx_word' id='word_1_629' title='bbox 1003 5096 1301 5153; x_wconf 85' lang='lat' dir='ltr'><strong>divinitatis</strong></span> <span class='ocrx_word' id='word_1_630' title='bbox 1350 5100 1565 5156; x_wconf 81' lang='lat' dir='ltr'><strong>referri.</strong></span> <span class='ocrx_word' id='word_1_631' title='bbox 1596 5102 1901 5172; x_wconf 86' lang='lat' dir='ltr'><strong>Siquidem,</strong></span> <span class='ocrx_word' id='word_1_632' title='bbox 1935 5112 1995 5157; x_wconf 93' lang='lat' dir='ltr'><strong>ut</strong></span> 
     </span>
    </p>
   </div>
   <div class='ocr_carea' id='block_1_75' title="bbox 412 5182 1993 5258">
    <p class='ocr_par' dir='ltr' id='par_1_75' title="bbox 412 5182 1993 5258">
     <span class='ocr_line' id='line_1_75' title="bbox 412 5182 1993 5258; baseline 0.004 -17"><span class='ocrx_word' id='word_1_633' title='bbox 412 5186 467 5241; x_wconf 91' lang='lat' dir='ltr'><strong>iu</strong></span> <span class='ocrx_word' id='word_1_634' title='bbox 517 5182 837 5258; x_wconf 76' lang='lat' dir='ltr'><strong>tbeologicis</strong></span> <span class='ocrx_word' id='word_1_635' title='bbox 898 5189 1372 5250; x_wconf 84' lang='lat' dir='ltr'><strong>informatiouibus</strong></span> <span class='ocrx_word' id='word_1_636' title='bbox 1441 5195 1825 5257; x_wconf 83' lang='lat' dir='ltr'><strong>meminimus.</strong></span> <span class='ocrx_word' id='word_1_637' title='bbox 1886 5195 1993 5250; x_wconf 87' lang='lat' dir='ltr'><strong>nisi</strong></span> 
     </span>
    </p>
   </div>
   <div class='ocr_carea' id='block_1_76' title="bbox 487 5372 979 5443">
    <p class='ocr_par' dir='ltr' id='par_1_76' title="bbox 487 5372 979 5443">
     <span class='ocr_line' id='line_1_76' title="bbox 487 5372 979 5443; baseline 0.008 -19"><span class='ocrx_word' id='word_1_638' title='bbox 487 5384 515 5424; x_wconf 81' lang='grc' dir='ltr'>ει</span> <span class='ocrx_word' id='word_1_639' title='bbox 538 5372 731 5431; x_wconf 83' lang='lat' dir='ltr'><strong>Matth.</strong></span> <span class='ocrx_word' id='word_1_640' title='bbox 756 5390 869 5443; x_wconf 76' lang='lat' dir='ltr'><strong>xu,</strong></span> <span class='ocrx_word' id='word_1_641' title='bbox 892 5375 979 5429; x_wconf 88' lang='lat' dir='ltr'><strong>I7.</strong></span> 
     </span>
    </p>
   </div>
   <div class='ocr_carea' id='block_1_77' title="bbox 2090 4062 3690 4153">
    <p class='ocr_par' dir='ltr' id='par_1_77' title="bbox 2090 4062 3690 4153">
     <span class='ocr_line' id='line_1_77' title="bbox 2090 4062 3690 4153; baseline -0.009 -17"><span class='ocrx_word' id='word_1_642' title='bbox 2090 4062 2365 4153; x_wconf 83' lang='grc' dir='ltr'>αγαθότης</span> <span class='ocrx_word' id='word_1_643' title='bbox 2388 4080 2720 4152; x_wconf 79' lang='grc' dir='ltr'>ἀφορίζουσα</span> <span class='ocrx_word' id='word_1_644' title='bbox 2738 4078 2832 4132; x_wconf 75' lang='grc' dir='ltr'>καὶ</span> <span class='ocrx_word' id='word_1_645' title='bbox 2851 4074 3181 4145; x_wconf 83' lang='grc' dir='ltr'>ἐκφαίνουσα</span> <span class='ocrx_word' id='word_1_646' title='bbox 3201 4071 3335 4144; x_wconf 81' lang='grc' dir='ltr'>πρὸς</span> <span class='ocrx_word' id='word_1_647' title='bbox 3356 4069 3468 4123; x_wconf 86' lang='grc' dir='ltr'><strong>τῶν</strong></span> <span class='ocrx_word' id='word_1_648' title='bbox 3490 4062 3690 4138; x_wconf 82' lang='grc' dir='ltr'>λογίων</span> 
     </span>
    </p>
   </div>
   <div class='ocr_carea' id='block_1_78' title="bbox 2094 4162 3689 4244">
    <p class='ocr_par' dir='ltr' id='par_1_78' title="bbox 2094 4162 3689 4244">
     <span class='ocr_line' id='line_1_78' title="bbox 2094 4162 3689 4244; baseline -0.008 -18"><span class='ocrx_word' id='word_1_649' title='bbox 2094 4172 2329 4244; x_wconf 76' lang='grc' dir='ltr'>ὕμνηται</span> <span class='ocrx_word' id='word_1_650' title='bbox 2351 4173 2416 4225; x_wconf 75' lang='grc' dir='ltr'><strong>⁸ο.</strong></span> <span class='ocrx_word' id='word_1_651' title='bbox 2439 4172 2547 4225; x_wconf 53' lang='grc' dir='ltr'><strong>Καὶ⁸</strong></span> <span class='ocrx_word' id='word_1_652' title='bbox 2572 4171 2624 4223; x_wconf 89' lang='grc' dir='ltr'><strong>τί</strong></span> <span class='ocrx_word' id='word_1_653' title='bbox 2645 4170 2752 4241; x_wconf 82' lang='grc' dir='ltr'>γὰρ</span> <span class='ocrx_word' id='word_1_654' title='bbox 2781 4167 2908 4239; x_wconf 76' lang='grc' dir='ltr'>ἄλλο</span> <span class='ocrx_word' id='word_1_655' title='bbox 2937 4166 3127 4238; x_wconf 88' lang='grc' dir='ltr'>μαθεῖν</span> <span class='ocrx_word' id='word_1_656' title='bbox 3153 4164 3299 4217; x_wconf 78' lang='grc' dir='ltr'>ἔστιν</span> <span class='ocrx_word' id='word_1_657' title='bbox 3322 4163 3387 4215; x_wconf 83' lang='grc' dir='ltr'>ὲκ</span> <span class='ocrx_word' id='word_1_658' title='bbox 3408 4162 3510 4232; x_wconf 79' lang='grc' dir='ltr'>τῆς</span> <span class='ocrx_word' id='word_1_659' title='bbox 3538 4164 3689 4232; x_wconf 75' lang='grc' dir='ltr'>ἱερᾶς</span> 
     </span>
    </p>
   </div>
   <div class='ocr_carea' id='block_1_79' title="bbox 2094 4255 3692 4333">
    <p class='ocr_par' dir='ltr' id='par_1_79' title="bbox 2094 4255 3692 4333">
     <span class='ocr_line' id='line_1_79' title="bbox 2094 4255 3692 4333; baseline -0.007 -16"><span class='ocrx_word' id='word_1_660' title='bbox 2094 4264 2391 4332; x_wconf 85' lang='grc' dir='ltr'>θεολογίας,</span> <span class='ocrx_word' id='word_1_661' title='bbox 2408 4264 2608 4316; x_wconf 85' lang='grc' dir='ltr'>ὁπόταν</span> <span class='ocrx_word' id='word_1_662' title='bbox 2637 4262 2769 4333; x_wconf 67' lang='grc' dir='ltr'>φησι</span> <span class='ocrx_word' id='word_1_663' title='bbox 2787 4261 2883 4331; x_wconf 81' lang='grc' dir='ltr'><strong>τὴν</strong></span> <span class='ocrx_word' id='word_1_664' title='bbox 2902 4257 3160 4331; x_wconf 81' lang='grc' dir='ltr'>θεαρχίαν</span> <span class='ocrx_word' id='word_1_665' title='bbox 3180 4255 3349 4327; x_wconf 86' lang='grc' dir='ltr'>αὐτὴν</span> <span class='ocrx_word' id='word_1_666' title='bbox 3366 4255 3585 4326; x_wconf 69' lang='grc' dir='ltr'>ὑφηγοῦ</span> <span class='ocrx_word' id='word_1_667' title='bbox 3595 4255 3692 4325; x_wconf 82' lang='grc' dir='ltr'><strong>μέ-</strong></span> 
     </span>
    </p>
   </div>
   <div class='ocr_carea' id='block_1_80' title="bbox 2095 4349 3689 4430">
    <p class='ocr_par' dir='ltr' id='par_1_80' title="bbox 2095 4349 3689 4430">
     <span class='ocr_line' id='line_1_80' title="bbox 2095 4349 3689 4430; baseline -0.007 -18"><span class='ocrx_word' id='word_1_668' title='bbox 2095 4376 2191 4430; x_wconf 87' lang='grc' dir='ltr'>νην</span> <span class='ocrx_word' id='word_1_669' title='bbox 2218 4359 2411 4411; x_wconf 85' lang='grc' dir='ltr'>είπεῖν·</span> <span class='ocrx_word' id='word_1_670' title='bbox 2440 4358 2498 4412; x_wconf 82' lang='grc' dir='ltr'>Τί</span> <span class='ocrx_word' id='word_1_671' title='bbox 2508 4374 2585 4427; x_wconf 85' lang='grc' dir='ltr'><strong>με</strong></span> <span class='ocrx_word' id='word_1_672' title='bbox 2602 4352 2821 4424; x_wconf 80' lang='grc' dir='ltr'>ἐρωτᾷς</span> <span class='ocrx_word' id='word_1_673' title='bbox 2838 4355 2903 4385; x_wconf 76' lang='grc'><strong>⁸⁸⁸</strong></span> <span class='ocrx_word' id='word_1_674' title='bbox 2928 4352 3057 4421; x_wconf 81' lang='grc' dir='ltr'>περὶ</span> <span class='ocrx_word' id='word_1_675' title='bbox 3078 4349 3181 4405; x_wconf 78' lang='grc' dir='ltr'><strong>τοῦ</strong></span> <span class='ocrx_word' id='word_1_676' title='bbox 3198 4349 3446 4421; x_wconf 77' lang='grc' dir='ltr'>ἀγαθσῦ;</span> <span class='ocrx_word' id='word_1_677' title='bbox 3485 4349 3689 4413; x_wconf 77' lang='grc' dir='ltr'>οὐδεὶς</span> 
     </span>
    </p>
   </div>
   <div class='ocr_carea' id='block_1_81' title="bbox 2096 4438 3687 4522">
    <p class='ocr_par' dir='ltr' id='par_1_81' title="bbox 2096 4438 3687 4522">
     <span class='ocr_line' id='line_1_81' title="bbox 2096 4438 3687 4522; baseline -0.009 -16"><span class='ocrx_word' id='word_1_678' title='bbox 2096 4450 2337 4522; x_wconf 73' lang='grc' dir='ltr'>ἀγαθὸς,</span> <span class='ocrx_word' id='word_1_679' title='bbox 2364 4449 2510 4519; x_wconf 81' lang='grc' dir='ltr'><strong>εὶμὴ</strong></span> <span class='ocrx_word' id='word_1_680' title='bbox 2522 4450 2711 4519; x_wconf 80' lang='grc' dir='ltr'>μόνος</span> <span class='ocrx_word' id='word_1_681' title='bbox 2727 4451 2757 4501; x_wconf 87' lang='grc' dir='ltr'><strong>ό</strong></span> <span class='ocrx_word' id='word_1_682' title='bbox 2779 4444 3116 4511; x_wconf 88' lang='grc' dir='ltr'>Θεός,Τοῦτο</span> <span class='ocrx_word' id='word_1_683' title='bbox 3142 4444 3237 4514; x_wconf 80' lang='grc' dir='ltr'>μὲν</span> <span class='ocrx_word' id='word_1_684' title='bbox 3258 4438 3370 4506; x_wconf 81' lang='grc' dir='ltr'>οὖν,</span> <span class='ocrx_word' id='word_1_685' title='bbox 3393 4442 3489 4494; x_wconf 75' lang='grc' dir='ltr'>καὶ</span> <span class='ocrx_word' id='word_1_686' title='bbox 3517 4443 3579 4493; x_wconf 79' lang='grc' dir='ltr'>ἐν</span> <span class='ocrx_word' id='word_1_687' title='bbox 3598 4440 3687 4493; x_wconf 76' lang='grc' dir='ltr'><strong>ἅ.)-</strong></span> 
     </span>
    </p>
   </div>
   <div class='ocr_carea' id='block_1_82' title="bbox 2096 4534 3688 4613">
    <p class='ocr_par' dir='ltr' id='par_1_82' title="bbox 2096 4534 3688 4613">
     <span class='ocr_line' id='line_1_82' title="bbox 2096 4534 3688 4613; baseline -0.006 -17"><span class='ocrx_word' id='word_1_688' title='bbox 2096 4543 2207 4607; x_wconf 83' lang='grc' dir='ltr'>λοις</span> <span class='ocrx_word' id='word_1_689' title='bbox 2237 4541 2542 4610; x_wconf 78' lang='grc' dir='ltr'>ὲξετασθὲν,</span> <span class='ocrx_word' id='word_1_690' title='bbox 2568 4544 2699 4613; x_wconf 81' lang='grc' dir='ltr'>ἡμῖν</span> <span class='ocrx_word' id='word_1_691' title='bbox 2727 4538 3101 4593; x_wconf 75' lang='grc' dir='ltr'>ἀποδέδεικται</span> <span class='ocrx_word' id='word_1_692' title='bbox 3125 4578 3140 4603; x_wconf 86' lang='grc'><strong>,</strong></span> <span class='ocrx_word' id='word_1_693' title='bbox 3169 4537 3229 4589; x_wconf 88' lang='grc' dir='ltr'>τὸ</span> <span class='ocrx_word' id='word_1_694' title='bbox 3259 4536 3440 4598; x_wconf 86' lang='grc' dir='ltr'>πάσας</span> <span class='ocrx_word' id='word_1_695' title='bbox 3468 4535 3559 4587; x_wconf 79' lang='grc' dir='ltr'><strong>ἀεὶ</strong></span> <span class='ocrx_word' id='word_1_696' title='bbox 3590 4534 3688 4595; x_wconf 77' lang='grc' dir='ltr'>τὰς</span> 
     </span>
    </p>
   </div>
   <div class='ocr_carea' id='block_1_83' title="bbox 2096 4627 3685 4708">
    <p class='ocr_par' dir='ltr' id='par_1_83' title="bbox 2096 4627 3685 4708">
     <span class='ocr_line' id='line_1_83' title="bbox 2096 4627 3685 4708; baseline -0.006 -19"><span class='ocrx_word' id='word_1_697' title='bbox 2096 4636 2420 4708; x_wconf 84' lang='grc' dir='ltr'>θεοπρεπεῖς</span> <span class='ocrx_word' id='word_1_698' title='bbox 2445 4634 2614 4688; x_wconf 90' lang='grc' dir='ltr'>θεωνυ</span> <span class='ocrx_word' id='word_1_699' title='bbox 2624 4634 2749 4705; x_wconf 84' lang='grc' dir='ltr'>μίας</span> <span class='ocrx_word' id='word_1_700' title='bbox 2766 4634 2808 4664; x_wconf 78' lang='grc'>⁶¹</span> <span class='ocrx_word' id='word_1_701' title='bbox 2826 4633 2884 4686; x_wconf 81' lang='grc' dir='ltr'>οὐ</span> <span class='ocrx_word' id='word_1_702' title='bbox 2907 4631 3169 4703; x_wconf 80' lang='grc' dir='ltr'>μερικῶς,</span> <span class='ocrx_word' id='word_1_703' title='bbox 3190 4629 3306 4682; x_wconf 84' lang='grc' dir='ltr'>ἀλλ’</span> <span class='ocrx_word' id='word_1_704' title='bbox 3325 4629 3419 4681; x_wconf 72' lang='grc' dir='ltr'><strong>ἐπὶ</strong></span> <span class='ocrx_word' id='word_1_705' title='bbox 3435 4628 3537 4698; x_wconf 80' lang='grc' dir='ltr'>τῆς</span> <span class='ocrx_word' id='word_1_706' title='bbox 3558 4627 3685 4695; x_wconf 80' lang='grc' dir='ltr'>ὅλης</span> 
     </span>
    </p>
   </div>
   <div class='ocr_carea' id='block_1_84' title="bbox 2095 4722 3686 4799">
    <p class='ocr_par' dir='ltr' id='par_1_84' title="bbox 2095 4722 3686 4799">
     <span class='ocr_line' id='line_1_84' title="bbox 2095 4722 3686 4799; baseline -0.006 -17"><span class='ocrx_word' id='word_1_707' title='bbox 2095 4730 2189 4782; x_wconf 71' lang='grc' dir='ltr'>καὶ</span> <span class='ocrx_word' id='word_1_708' title='bbox 2214 4727 2510 4791; x_wconf 88' lang='grc' dir='ltr'>παντελοῦς</span> <span class='ocrx_word' id='word_1_709' title='bbox 2531 4768 2545 4791; x_wconf 91' lang='grc'><strong>,</strong></span> <span class='ocrx_word' id='word_1_710' title='bbox 2573 4729 2665 4781; x_wconf 81' lang='grc' dir='ltr'>καὶ</span> <span class='ocrx_word' id='word_1_711' title='bbox 2685 4726 2976 4799; x_wconf 83' lang='grc' dir='ltr'>ὁλοκλήρου</span> <span class='ocrx_word' id='word_1_712' title='bbox 3014 4726 3109 4779; x_wconf 75' lang='grc' dir='ltr'>καὶ</span> <span class='ocrx_word' id='word_1_713' title='bbox 3151 4724 3389 4795; x_wconf 81' lang='grc' dir='ltr'>πλήρους</span> <span class='ocrx_word' id='word_1_714' title='bbox 3430 4722 3686 4792; x_wconf 81' lang='grc' dir='ltr'>θεότητος</span> 
     </span>
    </p>
   </div>
   <div class='ocr_carea' id='block_1_85' title="bbox 2096 4814 3683 4890">
    <p class='ocr_par' dir='ltr' id='par_1_85' title="bbox 2096 4814 3683 4890">
     <span class='ocr_line' id='line_1_85' title="bbox 2096 4814 3683 4890; baseline -0.006 -15"><span class='ocrx_word' id='word_1_715' title='bbox 2096 4823 2201 4875; x_wconf 84' lang='grc' dir='ltr'><strong>ὑπὸ</strong></span> <span class='ocrx_word' id='word_1_716' title='bbox 2225 4820 2333 4874; x_wconf 87' lang='grc' dir='ltr'><strong>τῶν</strong></span> <span class='ocrx_word' id='word_1_717' title='bbox 2350 4821 2543 4889; x_wconf 90' lang='grc' dir='ltr'>λογίων</span> <span class='ocrx_word' id='word_1_718' title='bbox 2561 4818 2861 4890; x_wconf 88' lang='grc' dir='ltr'>ὑμνεῖσθαι,</span> <span class='ocrx_word' id='word_1_719' title='bbox 2888 4819 2981 4871; x_wconf 73' lang='grc' dir='ltr'>καὶ</span> <span class='ocrx_word' id='word_1_720' title='bbox 3011 4819 3187 4880; x_wconf 81' lang='grc' dir='ltr'>πάσας</span> <span class='ocrx_word' id='word_1_721' title='bbox 3221 4815 3415 4878; x_wconf 82' lang='grc' dir='ltr'>αὑτὰς,</span> <span class='ocrx_word' id='word_1_722' title='bbox 3438 4816 3547 4885; x_wconf 86' lang='grc' dir='ltr'>ἁμε</span> <span class='ocrx_word' id='word_1_723' title='bbox 3558 4814 3683 4884; x_wconf 87' lang='grc' dir='ltr'>ρῶς,</span> 
     </span>
    </p>
   </div>
   <div class='ocr_carea' id='block_1_86' title="bbox 2099 4906 3683 4984">
    <p class='ocr_par' dir='ltr' id='par_1_86' title="bbox 2099 4906 3683 4984">
     <span class='ocr_line' id='line_1_86' title="bbox 2099 4906 3683 4984; baseline -0.008 -14"><span class='ocrx_word' id='word_1_724' title='bbox 2099 4915 2402 4979; x_wconf 82' lang='grc' dir='ltr'>ἁπολύτως,</span> <span class='ocrx_word' id='word_1_725' title='bbox 2430 4912 2889 4984; x_wconf 81' lang='grc' dir='ltr'>ἀπαρατηρήτως,</span> <span class='ocrx_word' id='word_1_726' title='bbox 2920 4910 3138 4974; x_wconf 75' lang='grc' dir='ltr'>ὑλικῶς,</span> <span class='ocrx_word' id='word_1_727' title='bbox 3164 4909 3351 4979; x_wconf 82' lang='grc' dir='ltr'>ἁπάσῃ</span> <span class='ocrx_word' id='word_1_728' title='bbox 3380 4910 3449 4979; x_wconf 74' lang='grc' dir='ltr'>τῇ</span> <span class='ocrx_word' id='word_1_729' title='bbox 3472 4906 3683 4977; x_wconf 82' lang='grc' dir='ltr'>ὁλότητι</span> 
     </span>
    </p>
   </div>
   <div class='ocr_carea' id='block_1_87' title="bbox 2091 4998 3677 5081">
    <p class='ocr_par' dir='ltr' id='par_1_87' title="bbox 2091 4998 3677 5081">
     <span class='ocr_line' id='line_1_87' title="bbox 2091 4998 3677 5081; baseline -0.008 -18"><span class='ocrx_word' id='word_1_730' title='bbox 2091 5010 2191 5081; x_wconf 81' lang='grc' dir='ltr'>τῆς</span> <span class='ocrx_word' id='word_1_731' title='bbox 2234 5004 2530 5069; x_wconf 85' lang='grc' dir='ltr'>ὁλοτελοῦς,</span> <span class='ocrx_word' id='word_1_732' title='bbox 2578 5004 2669 5057; x_wconf 79' lang='grc' dir='ltr'>καὶ</span> <span class='ocrx_word' id='word_1_733' title='bbox 2717 5002 2897 5072; x_wconf 84' lang='grc' dir='ltr'>πάσης</span> <span class='ocrx_word' id='word_1_734' title='bbox 2936 5001 3188 5073; x_wconf 87' lang='grc' dir='ltr'>θεότητος</span> <span class='ocrx_word' id='word_1_735' title='bbox 3232 4998 3584 5053; x_wconf 86' lang='grc' dir='ltr'>ἀνατίθεσθαι</span> <span class='ocrx_word' id='word_1_736' title='bbox 3616 5000 3677 5050; x_wconf 77' lang='grc'><strong>⁸³.</strong></span> 
     </span>
    </p>
   </div>
   <div class='ocr_carea' id='block_1_88' title="bbox 2094 5091 3680 5169">
    <p class='ocr_par' dir='ltr' id='par_1_88' title="bbox 2094 5091 3680 5169">
     <span class='ocr_line' id='line_1_88' title="bbox 2094 5091 3680 5169; baseline -0.009 -14"><span class='ocrx_word' id='word_1_737' title='bbox 2094 5100 2203 5155; x_wconf 76' lang='grc' dir='ltr'><strong>Καὶ</strong></span> <span class='ocrx_word' id='word_1_738' title='bbox 2228 5097 2379 5169; x_wconf 88' lang='grc' dir='ltr'>γοῦν,</span> <span class='ocrx_word' id='word_1_739' title='bbox 2414 5098 2490 5161; x_wconf 85' lang='grc' dir='ltr'>ὡς</span> <span class='ocrx_word' id='word_1_740' title='bbox 2521 5098 2576 5150; x_wconf 81' lang='grc' dir='ltr'>ἐν</span> <span class='ocrx_word' id='word_1_741' title='bbox 2598 5099 2718 5160; x_wconf 83' lang='grc' dir='ltr'>ταῖς</span> <span class='ocrx_word' id='word_1_742' title='bbox 2745 5094 3078 5163; x_wconf 86' lang='grc' dir='ltr'>θεολογικαῖς</span> <span class='ocrx_word' id='word_1_743' title='bbox 3106 5091 3523 5145; x_wconf 83' lang='grc' dir='ltr'>ὑποτυπώσεσιν</span> <span class='ocrx_word' id='word_1_744' title='bbox 3551 5091 3680 5143; x_wconf 73' lang='grc' dir='ltr'>ὑπε-</span> 
     </span>
    </p>
   </div>
   <div class='ocr_carea' id='block_1_89' title="bbox 2101 5183 3681 5267">
    <p class='ocr_par' dir='ltr' id='par_1_89' title="bbox 2101 5183 3681 5267">
     <span class='ocr_line' id='line_1_89' title="bbox 2101 5183 3681 5267; baseline -0.008 -20"><span class='ocrx_word' id='word_1_745' title='bbox 2101 5195 2403 5267; x_wconf 81' lang='grc' dir='ltr'>μνήσαμεν,</span> <span class='ocrx_word' id='word_1_746' title='bbox 2448 5193 2498 5243; x_wconf 85' lang='grc' dir='ltr'>εἰ</span> <span class='ocrx_word' id='word_1_747' title='bbox 2546 5189 2621 5261; x_wconf 80' lang='grc' dir='ltr'>μὴ</span> <span class='ocrx_word' id='word_1_748' title='bbox 2672 5190 2800 5261; x_wconf 75' lang='grc' dir='ltr'>περὶ</span> <span class='ocrx_word' id='word_1_749' title='bbox 2851 5187 2949 5258; x_wconf 84' lang='grc' dir='ltr'>τῆς</span> <span class='ocrx_word' id='word_1_750' title='bbox 2977 5185 3103 5257; x_wconf 84' lang='grc' dir='ltr'>ὅλης</span> <span class='ocrx_word' id='word_1_751' title='bbox 3152 5185 3405 5257; x_wconf 87' lang='grc' dir='ltr'>θεότητος</span> <span class='ocrx_word' id='word_1_752' title='bbox 3431 5183 3568 5255; x_wconf 74' lang='grc' dir='ltr'>φαίη</span> <span class='ocrx_word' id='word_1_753' title='bbox 3600 5198 3681 5247; x_wconf 76' lang='grc' dir='ltr'><strong>τις</strong></span> 
     </span>
    </p>
   </div>
   <div class='ocr_carea' id='block_1_90' title="bbox 1699 5551 2377 5613">
    <p class='ocr_par' dir='ltr' id='par_1_90' title="bbox 1699 5551 2377 5613">
     <span class='ocr_line' id='line_1_90' title="bbox 1699 5551 2377 5613; baseline -0.009 0"><span class='ocrx_word' id='word_1_754' title='bbox 1699 5553 1939 5613; x_wconf 78' lang='lat' dir='ltr'><strong>VARle</strong></span> <span class='ocrx_word' id='word_1_755' title='bbox 1973 5551 2377 5610; x_wconf 82' lang='lat' dir='ltr'><strong>LECTIONES.</strong></span> 
     </span>
    </p>
   </div>
   <div class='ocr_carea' id='block_1_91' title="bbox 490 5712 1955 5789">
    <p class='ocr_par' dir='ltr' id='par_1_91' title="bbox 490 5712 1955 5789">
     <span class='ocr_line' id='line_1_91' title="bbox 490 5712 1955 5789; baseline 0.001 -21"><span class='ocrx_word' id='word_1_756' title='bbox 490 5714 537 5748; x_wconf 74' lang='grc'><strong>⁸⁸⁸</strong></span> <span class='ocrx_word' id='word_1_757' title='bbox 562 5715 832 5787; x_wconf 76' lang='grc' dir='ltr'>ὑμνεῖται,</span> <span class='ocrx_word' id='word_1_758' title='bbox 866 5714 924 5774; x_wconf 91' lang='lat' dir='ltr'><strong>S.</strong></span> <span class='ocrx_word' id='word_1_759' title='bbox 955 5717 1048 5775; x_wconf 77' lang='lat' dir='ltr'><strong>Sc.</strong></span> <span class='ocrx_word' id='word_1_760' title='bbox 1080 5715 1201 5773; x_wconf 87' lang='lat' dir='ltr'><strong>Sar.</strong></span> <span class='ocrx_word' id='word_1_761' title='bbox 1259 5716 1642 5789; x_wconf 75' lang='grc' dir='ltr'>⁴⁰⁶ἐπερωτᾷς,</span> <span class='ocrx_word' id='word_1_762' title='bbox 1674 5712 1730 5771; x_wconf 88' lang='lat' dir='ltr'><strong>S.</strong></span> <span class='ocrx_word' id='word_1_763' title='bbox 1761 5713 1822 5775; x_wconf 85' lang='grc' dir='ltr'>Ρ.</span> <span class='ocrx_word' id='word_1_764' title='bbox 1855 5712 1955 5771; x_wconf 80' lang='lat' dir='ltr'><strong>Cb.</strong></span> 
     </span>
    </p>
   </div>
   <div class='ocr_carea' id='block_1_92' title="bbox 2059 5710 2672 5784">
    <p class='ocr_par' dir='ltr' id='par_1_92' title="bbox 2059 5710 2672 5784">
     <span class='ocr_line' id='line_1_92' title="bbox 2059 5710 2672 5784; baseline -0.005 -16"><span class='ocrx_word' id='word_1_765' title='bbox 2059 5714 2098 5746; x_wconf 82' lang='lat'><strong>&quot;</strong></span> <span class='ocrx_word' id='word_1_766' title='bbox 2131 5713 2464 5784; x_wconf 66' lang='grc' dir='ltr'>ἐπωνυμίας,</span> <span class='ocrx_word' id='word_1_767' title='bbox 2493 5710 2551 5767; x_wconf 78' lang='lat' dir='ltr'><strong>S.</strong></span> <span class='ocrx_word' id='word_1_768' title='bbox 2580 5711 2672 5766; x_wconf 75' lang='lat' dir='ltr'><strong>Sc.</strong></span> 
     </span>
    </p>
   </div>
   <div class='ocr_carea' id='block_1_93' title="bbox 2767 5698 3425 5768">
    <p class='ocr_par' dir='ltr' id='par_1_93' title="bbox 2767 5698 3425 5768">
     <span class='ocr_line' id='line_1_93' title="bbox 2767 5698 3425 5768; baseline -0.015 -5"><span class='ocrx_word' id='word_1_769' title='bbox 2767 5708 2812 5740; x_wconf 80' lang='lat'>“</span> <span class='ocrx_word' id='word_1_770' title='bbox 2844 5701 3239 5768; x_wconf 79' lang='grc' dir='ltr'>ἀνατείνεσθαι,</span> <span class='ocrx_word' id='word_1_771' title='bbox 3269 5698 3328 5755; x_wconf 85' lang='lat' dir='ltr'><strong>S.</strong></span> <span class='ocrx_word' id='word_1_772' title='bbox 3350 5698 3425 5754; x_wconf 76' lang='grc' dir='ltr'><strong>Ρ.</strong></span> 
     </span>
    </p>
   </div>
  </div>
