3876 6226
176 341 282 397 637

1277 339 1368 395 DE
1399 338 1649 396 DIVINIS
1672 340 2071 410 NOMlNiBUS,
2095 342 2249 401 CAP.
2287 342 2351 398 ll.

3343 347 3447 404 638

174 457 336 511 τοῦτο
354 454 627 528 εἰρῆσθαι,
645 454 955 528 βλασφημεῖ
970 458 1036 524 ⁸³,
1058 460 1152 512 καὶ
1176 460 1493 531 ἁποσχίζειν
1514 461 1769 533 ἀθέσμως

1873 464 1996 533 quis
2021 464 2087 518 de
2121 474 2229 518 tota
2263 462 2557 519 Divinitate
2607 464 2753 520 dicat
2798 466 2899 521 hoc
2951 465 3155 520 dictum
3184 479 3324 531 esse,
3368 481 3452 519 nae

176 548 354 619 τολμᾷ
380 548 477 619 τὴν
508 548 941 620 ὑπερηνωμένην
969 550 1152 604 ὲνάδα.
1194 552 1415 622 Ῥητέον
1436 548 1549 617 οὖν,
1574 552 1650 617 ὡς
1672 554 1767 607 ἐπὶ

177 640 361 711 πάσης
390 639 436 670 ⁸⁸
462 639 715 711 θεότητος
742 642 875 694 αὑτὸ
907 630 1207 714 ὲκληπτέον
1224 660 1239 673 ο
1268 646 1362 696 καὶ
1399 644 1507 716 γὰρ
1536 644 1698 708 αὑτός
1722 645 1766 676 ⁸⁵

174 750 233 785 τε
272 733 302 783 6
329 731 649 803 ἀγαθοφυὴς
685 732 790 804 ἔφη
834 734 1006 803 Λόγος
1026 750 1039 762 ·
1081 732 1229 799 Ἐγὼ
1252 736 1472 804 ἁγαθός
1492 738 1609 805 εἰμι
1634 753 1648 767 ·
1675 738 1768 791 καί

174 836 255 884 τις
285 822 398 875 τῶν
434 820 746 894 θεολήπτων
796 824 1090 896 προφητῶν
1139 827 1297 897 ὑμνεί
1336 827 1399 881 τὸ
1440 827 1666 899 Πνεῦμα
1706 828 1769 882 τὸ

176 912 401 981 ἀγαθόν.
433 914 544 968 Καὶ
579 911 732 979 αὖθις
766 916 859 969 τό·
902 916 1049 987 Ἐγώ
1081 921 1198 988 εἰμι
1223 923 1257 972 d
1294 920 1401 985 ὥν,
1445 923 1494 974 εί
1540 920 1613 992 μὴ
1644 921 1766 975 καθ’

174 1004 304 1076 ὅλης
330 1005 565 1075 φήσουσι
584 1007 685 1077 τῆς
709 1008 958 1080 θεότητος
984 1011 1266 1080 ὑμνεῖσθαι
1293 1013 1358 1076 “,
1377 1012 1498 1066 καθ’
1523 1014 1579 1067 ἓν
1592 1014 1648 1069 δὲ
1676 1014 1770 1085 μέ-

179 1116 269 1169 ρος
308 1100 445 1153 αὑτὸ
478 1102 815 1173 περιγράψαι
860 1103 1139 1174 βιάσαιντο
1190 1107 1256 1169 ⁵7,
1299 1106 1423 1171 πῶς
1448 1107 1769 1163 ἀκούσονται

172 1193 268 1246 τοὺ
289 1210 305 1223 ·
338 1192 485 1248 Τάδε
501 1195 544 1226 ⁸⁸
589 1196 753 1265 λέγει
785 1199 817 1249 ό
853 1195 959 1261 ὢν,
996 1196 1064 1263 ὃς
1086 1197 1167 1267 ἦν
1183 1199 1249 1263 ⁶⁹,
1284 1201 1317 1252 ό
1353 1199 1695 1269 ἐρχόμενος,
1736 1203 1770 1254 ὁ

175 1286 602 1357 παντοκράτωρ
623 1306 636 1318 ·
662 1290 773 1343 καί·
798 1291 883 1343 Σὺ
914 1290 983 1345 δὲ
1002 1295 1035 1345 ὀ
1056 1292 1240 1358 αὐτὸς
1262 1293 1334 1346 εἷ’
1359 1295 1453 1347 καὶ
1476 1295 1554 1347 τό·
1574 1296 1770 1349 Πνεῦ-

170 1397 258 1449 μα
292 1378 408 1447 τῆς
437 1380 725 1447 ἀληθείας
752 1379 820 1432 τὸ
845 1379 940 1445 ὃν,
962 1380 993 1434 ὃ
1021 1380 1180 1449 παρὰ
1200 1380 1308 1435 τοῦ
1339 1381 1570 1450 Πατρός
1603 1384 1773 1438 ἐκπο-

167 1471 438 1539 ρεύεταις
458 1472 568 1526 Καὶ
587 1472 637 1523 εί
664 1472 737 1543 μὴ
763 1472 890 1543 ὃλην
917 1468 1056 1525 εἷναί
1084 1490 1214 1542 φασι
1248 1473 1346 1546 τὴν
1382 1473 1679 1547 θεαρχικὴν
1725 1477 1770 1509 ⁷⁸

176 1562 347 1633 ζωὴν,
376 1561 494 1626 πῶς
519 1562 725 1634 ἀληθὴς
747 1565 775 1616 6
795 1564 974 1634 φήσας
1002 1565 1142 1636 ἱερὸς
1167 1564 1342 1634 λόγος⁹
1366 1565 1593 1636 Ὥσπερ
1608 1570 1641 1620 ὁ
1655 1570 1773 1621 Πα-

178 1655 291 1723 τὴρ
317 1655 534 1725 ἐγείρει
574 1656 716 1722 τοὺς
740 1657 1012 1725 νεκροὺς,
1053 1658 1152 1711 καὶ
1188 1658 1467 1723 ζωοποιεῖ,
1486 1660 1640 1714 οὕτω
1671 1662 1771 1715 καὶ

1870 558 2031 609 audet
2060 556 2147 609 ille
2172 566 2375 611 temere
2408 556 2697 621 unitatem,
2723 572 2843 626 qum
2883 572 3211 625 supraquam
3260 572 3364 609 una
3395 565 3451 609 et

1871 647 2097 716 simplex
2126 657 2232 713 est,
2259 648 2563 703 distrahere
2592 658 2646 702 et
2676 649 3003 716 vituperare.
3038 648 3334 702 Dicendum
3366 659 3451 701 est

1872 738 2059 809 igitur,
2092 740 2161 795 de
2187 750 2295 795 tota
2326 740 2541 795 Deitate
2568 740 2671 794 boc
2707 742 2881 809 aecipi
2920 753 3174 809 oportere
3202 758 3216 794 :
3248 740 3448 795 etenim

1868 841 1926 886 et
1969 831 2203 886 Verbum
2257 832 2456 901 ipsum,
2504 833 2646 901 quod
2694 842 2888 886 natura
2935 831 3141 885 boaum
3183 846 3291 896 εει,
3325 832 3448 887 ait.

1870 924 1985 995 Ego
2016 925 2181 979 bonus
2225 942 2340 979 sum
2374 935 2421 989 τ,
2454 934 2511 979 ει
2542 926 2761 994 quidam
2813 927 3074 994 propheta
3114 926 3298 979 divino
3340 922 3451 977 Nu-

1872 1019 2018 1071 mine
2056 1015 2263 1071 aﬂlatus
2294 1018 2460 1089 316
2505 1018 2687 1071 laudat
2732 1018 2992 1087 Spiritum
3041 1016 3238 1071 bonmn
3290 1024 3336 1070 ³.
3378 1016 3448 1070 Et

1872 1125 2087 1165 rursum
2114 1111 2239 1164 illud
2271 1128 2285 1164 :
2314 1110 2425 1180 Ego
2466 1112 2698 1179 suntqui
2730 1126 2845 1163 sum
2881 1113 2921 1173 ι,
2955 1110 3057 1163 nisi
3088 1110 3152 1165 de
3185 1119 3293 1162 tota
3321 1125 3451 1164 con-

1871 1202 2063 1256 cedant
2101 1202 2387 1257 divinitate
2504 1205 2952 1272 pronuntiatum,
3004 1201 3097 1256 sed
3153 1204 3448 1256 secundum

1874 1309 2037 1346 unam
2087 1294 2356 1348 duntaxat
2406 1307 2615 1362 partem
2660 1296 2990 1363 descriptum
3038 1294 3447 1359 contenderim,

1873 1385 2145 1455 quomodo
2174 1386 2303 1439 illud
2349 1387 2697 1457 intelligent:
2729 1385 2855 1440 "ac
2902 1386 3031 1439 dicit
3064 1388 3152 1458 qui
3200 1396 3313 1450 est,
3357 1388 3446 1456 qui

1871 1491 2005 1545 erat,
2055 1479 2145 1547 qui
2190 1488 2436 1531 venturus
2474 1489 2573 1541 est,
2605 1480 2933 1543 omnipotens
2959 1491 3016 1546 υς
3062 1491 3117 1533 ει
3162 1480 3289 1533 illud
3321 1498 3333 1531 :
3371 1478 3451 1532 Tu

1872 1580 2048 1623 autem
2082 1570 2219 1623 idem
2252 1572 2362 1637 ipse
2406 1586 2462 1623 es
2490 1578 2547 1633 V;
2594 1578 2649 1624 et
2711 1570 2883 1625 illud:
2940 1570 3171 1640 Spiritus
3216 1572 3450 1624 veritatis

1871 1661 2175 1730 quiest,qui
2192 1679 2224 1714 α
2243 1659 2403 1714 Patre
2426 1662 2657 1729 procedit
2682 1661 2750 1714 ³⁸2
2779 1661 2847 1715 Ει
2871 1663 2975 1715 nisi
3003 1662 3340 1715 divinitatem
3367 1672 3449 1712 tu-

178 1750 212 1800 ό
242 1748 380 1813 Υἱὸς
399 1747 507 1814 οὓς
526 1747 686 1802 θέλει
707 1749 985 1809 ζωοποιεῖ·
1006 1750 1121 1803 καί·
1146 1752 1275 1805 ’Ὅτι
1289 1751 1355 1805 τὸ
1377 1752 1622 1823 Πνεῦμά
1639 1754 1769 1809 ἐστι

1880 1761 1985 1803 tam
2017 1750 2203 1805 dicant
2233 1765 2357 1805 esse
2388 1751 2862 1821 vitam,quomodo
2892 1767 3081 1806 verum
3110 1760 3193 1806 est
3233 1766 3449 1806 sacrum

173 1837 242 1891 τὸ
275 1837 601 1914 ζωοποιοῦν
621 1855 640 1904 ;
667 1840 788 1894 Ὀτι
810 1840 867 1894 δὲ
889 1843 983 1895 καὶ
1004 1841 1103 1911 τὴν
1126 1841 1348 1911 κυρείαν
1370 1842 1482 1913 ἔχει
1505 1842 1614 1896 τῶν
1638 1842 1769 1896 ὅλων

1887 1843 2114 1896 verbum
2144 1843 2287 1912 quod
2317 1843 2394 1896 ait
2423 1857 2437 1895 :
2473 1842 2625 1897 Sicut
2654 1842 2819 1897 Pater
2861 1845 3082 1896 suscitat
3122 1855 3377 1905 mortuos,
3400 1851 3450 1896 et

173 1933 209 2002 ή
243 1931 342 2001 ὅλη
373 1930 584 2002 θεότης,
614 1934 742 2004 περὶ
775 1933 874 2002 μὲν
901 1934 1001 2003 τῆς
1034 1933 1281 2002 θεογόνου
1311 1933 1583 2006 θεότητος,
1614 1936 1648 2006 ἦ
1672 1935 1769 2005 τῆς

1875 1934 2120 2002 viviﬁcat,
2151 1937 2226 1988 sic
2253 1945 2300 1988 et
2330 1933 2504 1987 Filius
2531 1951 2662 2003 quos
2698 1935 2806 1988 vult
2839 1936 3063 2004 vivi/icui
3085 1944 3145 1991 γε
3178 1945 3233 1989 et
3277 1935 3405 1989 illud
3436 1957 3447 1990 :

175 2027 364 2099 υίικῆς
388 2025 511 2079 οὑδὲ
537 2028 711 2081 εἰπεῖν
736 2027 903 2092 ἐστιν,
931 2028 1006 2092 ὡς
1029 2023 1199 2098 οἶμαι,
1228 2027 1440 2098 ποσαχῆ
1458 2028 1499 2059 ⁷¹
1524 2028 1621 2097 τῆς
1654 2026 1773 2080 θεο-

173 2116 370 2184 λογίας
398 2119 491 2171 ἐπὶ
516 2118 731 2189 Πατρὸς
754 2118 849 2172 καὶ
872 2118 1003 2171 Υἱοῦ
1033 2117 1428 2189 διαθρυλλεῖται
1447 2118 1509 2170 τὸ
1536 2116 1769 2188 Κύριος⁸

172 2208 315 2262 ἀλλὰ
339 2211 434 2262 καὶ
469 2209 675 2281 Κύριος
705 2210 763 2263 τὸ
787 2210 1012 2281 Πνεῦμά
1034 2211 1169 2263 ἐστι.
1196 2209 1308 2263 Kal
1334 2209 1395 2262 τὸ
1416 2208 1577 2262 καλὸν
1600 2208 1656 2261 δὲ
1680 2210 1773 2263 καὶ

172 2301 238 2353 τὸ
275 2301 441 2370 σοφὸν
466 2303 560 2354 ἐπὶ
586 2302 685 2374 τῆς
707 2302 834 2372 ὅλης
860 2301 1109 2372 θεότητος
1140 2301 1410 2373 ὑμνεῖται,
1434 2302 1527 2354 καὶ
1546 2303 1607 2353 τὸ
1631 2299 1767 2368 φῶς,

174 2396 274 2449 καὶ
307 2395 372 2448 τὺ
396 2394 773 2460 θεοποιὸν,καὶ
785 2394 845 2447 τὸ
859 2394 1049 2459 αἴτιον,
1069 2394 1164 2446 καὶ
1191 2394 1367 2447 πάντα
1393 2393 1493 2446 ὅσα
1516 2392 1615 2463 τῆς
1646 2392 1771 2463 ὅλης

172 2482 441 2557 θεαρχίας
470 2485 635 2549 ἐστὶν,
660 2485 739 2548 είς
764 2485 941 2537 πᾶσαν
968 2483 1157 2552 ἀνάγει
1181 2481 1251 2536 τὰ
1288 2482 1443 2552 λόγια
1485 2482 1582 2554 τὴν
1609 2482 1770 2553 θεαρ-

170 2574 340 2647 χικὴν
367 2575 660 2646 ὑμνῳδίαν·
679 2573 1086 2646 περιληπτικῶς
1122 2574 1241 2645 μὲν,
1263 2574 1339 2637 ὡς
1366 2575 1492 2627 ὅταν
1508 2573 1663 2647 λέγῃ’
1692 2574 1770 2628 Τὰ

173 2670 578 2727 πάνταέκτοῦ
595 2672 762 2726 Θεοῦ·
779 2671 1088 2738 διεξοδικῶς
1102 2672 1179 2737 δὲ,
1200 2672 1276 2736 ὼς
1290 2673 1416 2726 ὅταν
1439 2672 1572 2744 φαίη
1588 2675 1652 2707 ⁷³·
1687 2674 1765 2727 Τὰ

174 2763 381 2818 πάντα
421 2763 496 2819 δι’
536 2765 724 2819 αὐτοῦ
753 2766 852 2819 καὶ
874 2768 959 2831 εἰς
996 2766 1186 2819 αὑτὸν
1219 2767 1508 2831 ἔκτισται,
1539 2767 1655 2820 καί·
1695 2767 1772 2822 Τὰ

173 2855 381 2911 πάντα
420 2857 491 2910 ἐν
515 2855 678 2921 αὑτῷ
718 2856 1062 2925 συνέστηκε
1082 2874 1093 2885 ·
1134 2856 1259 2910 καί·
1310 2857 1770 2927 Ἐξαποστελεῖς

1876 2024 2106 2094 Spiritus
2149 2037 2224 2079 est
2252 2027 2342 2096 qui
2372 2026 2599 2093 vivi/icat
2627 2026 2693 2078 1?
2731 2026 2995 2093 Quoniam
3035 2041 3249 2097 quoque
3278 2026 3453 2080 domi-

1874 2126 2071 2173 natum-
2092 2120 2256 2174 totius
2287 2119 2470 2173 mundi
2516 2128 2623 2173 tota
2666 2119 2929 2174 Divinitas
2960 2121 3196 2185 obtinet,
3227 2121 3295 2175 de
3341 2120 3452 2174 Deo

1873 2212 2091 2280 quidem
2114 2213 2207 2281 qui
2240 2210 2409 2267 Deum
2442 2212 2652 2282 genuit,
2681 2212 2763 2266 vel
2790 2216 2857 2269 de
2899 2214 3196 2269 DCO‘FliiO
3244 2229 3311 2268 ne
3341 2214 3450 2268 dici

1873 2301 2087 2370 quidem
2136 2303 2330 2372 possit,
2376 2312 2437 2358 ut
2485 2306 2699 2373 opinor,
2730 2315 2863 2374 quot
2909 2304 3203 2374 Scriptum:
3249 2306 3454 2359 sancite

1872 2394 2006 2449 locis
2059 2395 2111 2449 in
2157 2395 2323 2450 Patre
2369 2406 2423 2449 et
2478 2395 2615 2450 Filio
2666 2412 2860 2451 nomen
2910 2398 3162 2452 Dominus
3215 2397 3457 2451 celebre-

1876 2494 1993 2552 tur;
2030 2487 2179 2556 atqui
2214 2486 2447 2556 Spiritus
2473 2503 2692 2559 quoque
2731 2490 2990 2544 Dominus
3021 2499 3124 2547 est.
3158 2489 3453 2544 Pulchrum

1871 2578 2037 2632 etiam
2077 2588 2131 2632 et
2164 2580 2380 2649 sapiens
2404 2581 2469 2635 de
2500 2590 2612 2634 tota
2660 2582 2947 2637 divinitate
2993 2584 3341 2651 praedicatur,
3376 2583 3453 2636 uti

1872 2680 1928 2726 et
1957 2670 2071 2737 lux,
2100 2681 2155 2725 et
2186 2672 2239 2725 id
2288 2674 2432 2742 quod
2478 2674 2644 2727 Deum
2695 2673 2881 2737 eﬂlcit,
2909 2683 2964 2728 et
3011 2690 3200 2739 causa,
3230 2686 3284 2730 et
3308 2690 3457 2744 quaav

1874 2779 2087 2834 cunque
2134 2766 2351 2819 tandem
2399 2775 2525 2819 sunt
2568 2765 2733 2822 totius
2780 2768 3103 2830 divinitatis,
3137 2770 3202 2821 ad
3236 2782 3454 2822 onmem

1875 2856 2115 2912 divinam
2168 2858 2385 2913 laudem
2435 2874 2605 2915 sacra:
2653 2860 2846 2914 littera:
2896 2861 3266 2927 transierunt;
3301 2877 3455 2916 suin-

172 2952 249 3005 τὸ
277 2950 514 3022 πνεῦμά
539 2967 678 3017 σου,
710 2952 807 3005 καὶ
841 2948 1293 3018 κτισθήσονται.
1328 2952 1438 3004 Καὶ
1460 2952 1548 3005 ἴνα
1576 2952 1769 3024 συλλή-

1872 2949 2058 3001 malim
2091 2949 2331 3017 quidem,
2365 2966 2488 3003 Clllll
2526 2950 2752 3005 dicunt:
2783 2950 2973 3004 Omnia
3019 2966 3086 3003 ea:
3136 2950 3242 3003 Deo
3278 2963 3326 3017 α,
3372 2950 3457 3003 iu-

175 3045 316 3116 6δην
355 3044 486 3117 φαίη
523 3063 628 3109 τις,
670 3046 831 3109 αὑτὸς
854 3046 882 3097 6
921 3045 1210 3116 θεαρχικὺς
1240 3044 1343 3115 ἔφη
1381 3044 1582 3113 Λόγοςο
1621 3044 1769 3114 Ἐγὼ

1874 3041 1988 3095 sius
2019 3055 2174 3105 vero,
2204 3051 2261 3095 ut
2291 3057 2413 3096 cum
2446 3042 2664 3111 quidam
2717 3043 2793 3096 ait
2819 3059 2831 3095 :
2867 3041 3060 3095 Omnia
3084 3058 3177 3110 per
3205 3043 3377 3110 ipsum
3405 3051 3455 3095 et

176 3140 281 3193 καὶ
304 3142 340 3193 ό
361 3139 566 3206 Πατὴρ
590 3139 660 3193 ἓν
686 3139 892 3208 ἐσμεν,
915 3138 1031 3201 καὶ,
1051 3136 1254 3191 Πάντα
1277 3137 1396 3191 ὅσα
1432 3137 1558 3205 ἔχει
1595 3139 1629 3191 ό
1652 3141 1769 3191 Hui

1872 3133 1923 3187 in
1948 3136 2062 3204 ipso
2089 3134 2228 3203 facta
2254 3144 2376 3189 sunt
2393 3138 2478 3200 tt‘;
2512 3147 2566 3189 et
2587 3152 2602 3189 :
2625 3134 2691 3189 In
2728 3134 2842 3204 ipso
2863 3145 3049 3188 cuncta
3071 3134 3361 3188 consistunt
3388 3131 3454 3193 δς

176 3231 313 3301 tiu),
341 3230 457 3300 ἐμά
496 3231 648 3295 ἐστι,
678 3231 795 3293 καὶ,
831 3228 1035 3284 Πάντα
1072 3228 1148 3282 τὰ
1183 3228 1316 3297 ἐμὰ,
1355 3228 1439 3282 σά
1476 3229 1638 3292 ἐστι,
1669 3228 1769 3282 καί

1872 3237 1970 3282 et:
2008 3228 2227 3281 Emitte;
2266 3225 2526 3297 Spiritum
2553 3237 2722 3295 tuum,
2761 3237 2810 3281 et
2854 3226 3171 3281 creabuntur
3197 3237 3245 3279 υ.
3284 3226 3369 3291 Ει,
3397 3231 3458 3277 ιιι

174 3326 255 3380 τὰ
294 3323 400 3387 σὰ,
445 3320 576 3392 ἐμά.
616 3322 724 3375 Καὶ
753 3317 930 3385 αὖθις,
972 3323 1073 3375 ὅσα
1115 3320 1232 3372 ἐστὶ
1278 3318 1373 3373 τοῦ
1424 3320 1636 3391 Πατρὸς
1675 3320 1769 3373 καὶ

1873 3320 2197 3389 compendio
2230 3320 2352 3389 quis
2399 3319 2569 3385 dicat,
2616 3320 2905 3388 ipsummet
2952 3318 3045 3373 Dei
3080 3318 3311 3374 Verbum
3337 3322 3454 3375 ait:

176 3419 350 3475 αὑτοῦ
387 3418 457 3481 ⁷³,
496 3417 576 3488 τῷ
627 3414 903 3488 θεαρχικῷ
962 3414 1242 3486 Πνεύματι
1289 3415 1621 3479 κοινωνικῶς
1677 3416 1769 3468 καὶ

1872 3411 1987 3483 Ego
2053 3422 2104 3466 et
2160 3409 2326 3465 Pater
2385 3427 2549 3466 unum
2586 3428 2768 3466 sumus
2824 3410 2888 3478 d;
2944 3422 3002 3466 et
3051 3428 3066 3465 :
3119 3410 3458 3483 Quaecunque

178 3511 483 3583 ἡνωμένως
511 3508 826 3580 ἀνατίθησι,
863 3506 963 3571 τὰς
1005 3506 1325 3578 θεουργίας,
1362 3506 1423 3559 τὸ
1458 3506 1640 3571 σέϐας,
1673 3505 1769 3577 τὴν

1873 3506 2023 3558 habet
2045 3501 2228 3571 Pater,
2249 3520 2361 3558 mea
2380 3512 2504 3558 sunt
2531 3516 2588 3569 θ;
2623 3513 2713 3559 et:
2746 3503 2940 3557 Omnia
2971 3519 3085 3557 mea
3123 3513 3213 3556 tua
3246 3514 3387 3568 sunt,
3407 3514 3459 3559 et

180 3603 427 3677 πηγαίαν
468 3602 563 3655 καὶ
604 3600 953 3654 ἀνέκλειπτον
995 3598 1189 3662 αἰτίαν,
1242 3599 1335 3651 καὶ
1373 3598 1630 3670 διανομὴν
1661 3598 1769 3652 τῶν

1877 3596 2054 3649 omnia
2086 3604 2179 3649 tua
2210 3611 2324 3649 utea
2371 3605 2494 3649 sunt
2523 3595 2569 3650 ί.
2602 3596 2670 3651 Ει
2716 3611 2930 3651 rursum
2959 3612 3079 3666 quae
3123 3606 3248 3652 sunt
3281 3597 3460 3653 Patris

179 3692 590 3766 ἁγαθοπρεπιῖιν
614 3690 803 3763 δώρων
827 3690 893 3742 ⁷⁸.
923 3689 1032 3741 Kal
1054 3688 1241 3741 οὑδένα
1269 3687 1372 3741 τῶν
1398 3690 1455 3741 ὲν
1475 3693 1586 3753 τοῖς
1612 3687 1769 3753 θείοις

1873 3694 1931 3739 ει
1958 3700 2074 3750 sua,
2108 3685 2333 3755 Spiritui
2366 3685 2550 3741 divino
2598 3685 2884 3756 principali
2946 3701 3043 3756 per
3087 3690 3459 3743 catutnunica-

180 3790 391 3859 λογίοις
416 3786 795 3857 ἀδιαστρόφοις
841 3782 1073 3846 ἐννοίαις
1103 3781 1577 3853 ὲντεθραμμένων,
1623 3778 1769 3853 οἶμαι

1879 3778 2079 3831 tionem
2112 3780 2473 3849 unionemqne
2507 3781 2776 3844 attribuit,
2812 3789 2995 3849 utpote
3019 3781 3227 3837 divinas
3266 3796 3462 3852 opera-

182 3884 327 3955 πρὸς
357 3879 515 3935 τοῦτο
543 3880 809 3948 ἀντερεῖν,
833 3876 915 3928 ὅτι
955 3873 1026 3927 τὰ
1068 3873 1345 3945 θεοπρεπῆ
1375 3874 1551 3927 πάντα
1576 3875 1642 3944 τῇ
1680 3873 1769 3947 ὅλῃ

1882 3867 2091 3931 tiones,
2149 3871 2584 3931 venerationem.
2639 3872 3030 3924 scaturientem
3078 3882 3134 3927 et
3183 3888 3459 3942 nunquam

182 3975 422 4048 θεαρχίᾳ
444 3971 749 4044 πρόσεστι¹¹²⁵
767 3966 909 4049 κατὰ
930 3966 1021 4019 τὸν
1044 3964 1265 4035 θεοτελῆ
1275 3965 1671 4034 λόγον.Τούτων
1684 3962 1769 4019 οὖν

1881 3956 2221 4014 deiicientem
2255 3976 2502 4022 causam.
2532 3971 2698 4031 atque
2726 3964 3161 4021 distributionem
3198 3968 3461 4020 donorum

181 4070 325 4138 ἡμῖν
356 4063 602 4137 βραχέως
639 4059 747 4132 μὲν
777 4060 836 4111 ὲν
859 4056 1069 4119 τούτοις
1114 4054 1208 4108 καὶ
1228 4054 1489 4126 μερικῶς,
1520 4058 1578 4109 ὲν
1601 4055 1769 4120 ἄλλοις

1885 4068 2004 4121 ψιιε
2035 4055 2234 4107 bonum
2268 4056 2477 4110 decent;
2527 4057 2605 4111 Ac
2644 4058 2917 4112 neminem
2957 4060 3175 4128 quidem
3222 4059 3463 4114 arbitror

182 4156 464 4220 δὲίκανῶς
495 4157 560 4208 ὲκ
587 4152 695 4206 τῶν
732 4150 927 4219 λογίων
957 4146 1421 4216 ἀποδεδειγμένων
1449 4163 1509 4198 τε
1538 4147 1632 4199 καὶ
1665 4146 1769 4199 διω

1886 4160 2097 4210 eorum,
2133 4148 2223 4216 qui
2259 4146 2558 4216 Scripturis
2590 4149 3003 4220 haudquaquam
3034 4152 3306 4223 perversis
3336 4159 3463 4206 sunt

186 4250 490 4322 ρισμένων,
514 4243 702 4300 ὁποίαν
727 4239 1033 4305 ἀναπτύξαι
1061 4236 1367 4308 θεωνυμίαν
1395 4236 1582 4308 ὁλικὴν
1610 4239 1769 4307 ἐγχει-

1888 4238 2102 4305 imbuti,
2149 4251 2500 4308 negaturum,
2530 4241 2712 4295 omnia
2759 4258 2879 4310 qua:
2932 4242 3040 4298 Deo
3090 4243 3301 4298 ratione
3339 4257 3462 4313 per-

186 4344 432 4415 ρήσομεν
453 4340 520 4403 ⁷³,
550 4337 644 4391 ὲπί
673 4335 772 4413 τῆς
797 4335 925 4404 ὅλης
948 4331 1114 4402 αὑτὴν
1142 4329 1391 4400 θεότητος
1414 4327 1729 4401 ὲκληπτέον.

1887 4331 2042 4386 tecta:
2064 4332 2291 4388 Deitatis
2312 4344 2649 4405 competunt,
2680 4338 2776 4391 toti
2810 4338 2991 4392 inesse
3014 4337 3304 4394 divinitati.
3325 4338 3459 4391 Cum

182 4435 359 4506 igitur
391 4433 507 4486 haec
546 4426 1035 4498 impraesentiarum
1081 4418 1298 4489 quidem
1360 4416 1602 4471 breviter
1647 4427 1703 4472 et
1748 4432 1815 4472 ex
1873 4429 2053 4488 parte,
2109 4420 2237 4474 alibi
2300 4438 2451 4490 vero,
2509 4436 2774 4494 quantum
2822 4427 2956 4481 satis
3005 4437 3117 4490 est,
3178 4442 3460 4481 sacrorum

182 4525 533 4594 cloquiorum
598 4516 911 4575 testimonio
978 4513 1387 4586 probaverimus
1432 4526 1497 4566 ac
1558 4512 1973 4567 distinxerimus
2015 4552 2032 4580 ,
2089 4517 2453 4587 quodcunque
2510 4519 2728 4572 tandem
2781 4521 3050 4591 integrum
3116 4520 3211 4575 Dei
3262 4520 3462 4576 uomitu

181 4623 473 4694 explicare
504 4615 911 4689 aggrediemur,
940 4613 1007 4666 ad
1037 4619 1206 4665 totam
1239 4609 1576 4665 divinitatem
1604 4610 1879 4677 pertinere
1907 4614 2201 4679 putandum
2234 4625 2336 4669 est.

1758 4757 1786 4831 §
1820 4754 1899 4817 ιι.

264 4912 333 4967 Ei
353 4911 411 4967 δέ
435 4929 520 4977 τις
546 4912 701 4983 φαίη,
731 4911 989 4984 σύγχυσιν
1025 4916 1171 4986 ἡμᾶς
1213 4915 1272 4967 ὲν
1300 4914 1474 4987 τούτῳ
1503 4913 1646 4968 κατὰ
1675 4914 1769 4984 τῆς

1952 4914 2009 4969 Si
2055 4914 2177 4984 quis
2219 4924 2401 4968 autem
2449 4911 2715 4982 objecerit
2766 4927 2865 4967 nos
2913 4911 3021 4966 isto
3063 4908 3227 4964 modo
3278 4917 3466 4962 contra

185 5006 535 5078 θεοπρεποῦς
581 5007 899 5077 διαιρέσεως
940 5009 1200 5076 εἰσάγειν,
1253 5008 1343 5061 τὸν
1378 5007 1580 5061 τοιόνδε
1617 5008 1769 5077 λόγον

1881 5007 2284 5064 distinctionem
2318 5008 2583 5063 divinitati
2629 5015 3052 5077 competentem,
3081 5004 3461 5059 confusionem

274 5161 297 5189 τ
332 5151 524 5205 Matth.
550 5165 643 5214 xx,
669 5147 757 5205 15.
836 5161 856 5186 ⁸
878 5146 1022 5203 Psal.
1049 5162 1218 5209 citati,
1245 5145 1334 5199 10.
1416 5148 1435 5181 ι
1468 5144 1637 5198 Exod.
1710 5157 1768 5195 ιιι

1872 5142 1952 5195 Η.
2022 5156 2051 5183 ιι
2083 5146 2249 5214 Apoc.
2281 5160 2318 5210 t,
2352 5144 2406 5201 4.
2486 5154 2513 5181 ν
2542 5144 2684 5197 Psal.
2719 5159 2794 5203 CI,
2827 5142 2917 5198 28.

189 5231 223 5264 τ
251 5222 418 5277 Joan.
448 5237 482 5273 ν
505 5265 520 5287 ,
553 5222 643 5274 21.
750 5229 772 5256 7-
804 5218 958 5272 Joan.
997 5234 1088 5283 vt,
1121 5218 1211 5271 64.
1278 5228 1331 5287 AI
1364 5215 1382 5269 l
1410 5214 1537 5269 Cor.
1571 5230 1623 5267 XI
1651 5255 1689 5287 ,ν
1717 5215 1769 5267 is

1896 5222 1943 5254 ιι·
1971 5213 2141 5270 Ιοιιιι.
2163 5232 2210 5282 ι,
2238 5214 2292 5269 5.
2390 5216 2419 5255 b
2443 5214 2600 5269 Rom.
2642 5231 2719 5280 XI,
2748 5213 2839 5268 56.

196 5294 221 5332 1
253 5292 424 5348 Joan.
461 5285 514 5357 κ,
547 5292 638 5348 50.
719 5301 742 5329 θ
778 5288 935 5345 Joau.
960 5304 1073 5357 xvi,
1102 5288 1188 5342 15.
1270 5285 1472 5341 f.Ioan.
1510 5300 1641 5350 xvn,
1678 5286 1756 5337 Ιυ.

1490 5422 1727 5478 VARle
1764 5423 2174 5480 LECTIONES.

3000 5154 3024 5180 κ
3053 5138 3211 5193 Joan.
3248 5153 3342 5202 xv,
3370 5137 3462 5191 28.

2951 5222 2973 5250 ο
3004 5210 3151 5266 Psal.
3203 5223 3297 5263 CIII
3324 5248 3339 5273 ,
3375 5209 3445 5261 δυ

264 5593 315 5626 ⁸³
344 5591 712 5663 βλασφημεῖν,
741 5589 800 5643 Ρ.
833 5591 895 5645 1).
924 5608 1031 5647 non
1064 5593 1225 5646 habet
1254 5592 1312 5647 S.
1340 5593 1419 5649 Cit
1469 5593 1514 5626 “
1540 5593 1660 5665 τῆς.
1739 5595 1782 5627 ⁸⁵
1810 5593 1886 5657 ὼς
1912 5592 2094 5657 αὑτός,
2123 5591 2184 5646 Ρ.
2212 5592 2266 5645 D.
2348 5591 2397 5659 q“
2422 5588 2696 5718 εἰρῆσθαι,
2726 5589 2789 5643 D.
2825 5587 2926 5666 CII:
3000 5586 3044 5616 ⁸⁷
3069 5579 3461 5668 περιγράψαιν-

264 5707 270 5718 .
306 5664 367 5715 1).
455 5663 499 5694 ⁸⁸
521 5663 693 5715 ταῦτα
715 5661 794 5718 δέ.
827 5664 885 5717 Ρ.
914 5662 1072 5716 τοῦτο
1094 5663 1172 5718 δέ.
1199 5663 1254 5718 S.
1299 5666 1342 5696 ⁸⁸
1369 5666 1396 5717 6
1418 5660 1503 5718 ἦν.
1580 5666 1625 5696 ⁷ο
1652 5664 1931 5718 θεαογίαν.
1963 5663 2019 5717 S.
2051 5665 2111 5717 Ρ.
2141 5660 2438 5718 ζωαογίαν.
2494 5663 2569 5716 'h.
2646 5661 2690 5692 '“
2722 5673 2934 5718 ποσαχη
2977 5671 3100 5718 που,
3130 5655 3192 5707 D.
3269 5652 3313 5683 ⁷³
3335 5665 3461 5705 οταν

183 5684 270 5744 τε,
392 5724 393 5727 η
455 5652 794 5744 “iraira-6%
827 5664 902 5744 Ρ1
914 5662 1072 5744 τοῦτο
1094 5663 1172 5729 δέ,
1199 5663 1270 5744 8..
1294 5666 1342 5744 ξο
1369 5666 1396 5717 6
1418 5660 1540 5744 ἦν.³
1580 5652 1931 5744 ⁷’⁰’θεαρχίαν,
1963 5663 2019 5717 S.
2051 5652 2111 5717 Ρ.
2141 5656 2438 5744 ζωαρχίαεν,
2467 5652 2569 5744 (ἑῇ.
2596 5730 2620 5744 ὴ
2646 5652 2690 5692 τί
2722 5656 2953 5744 ποσαχῇι
2977 5671 3100 5744 προ,
3335 5652 3465 5744 ὃτῇυ

322 5733 367 5786 Ι)
392 5724 393 5727 “
419 5732 632 5877 genii:
660 5723 1168 5860 Adgoupﬁgloludrt,
1191 5723 1471 5807 subiungit
1504 5735 1567 5791 D.
1609 5723 1821 5807 quod?
1841 5723 2168 5806 glossemate
2206 5723 2444 5804 irrepsit.
2523 5732 2570 5765 ⁷⁸
2592 5729 2832 5805 δωρεῶν.
2867 5723 2954 5761 ’⁷⁷⁷⁵
3000 5723 3341 5797 προσένεστι,
3397 5724 3461 5781 υ.

252 5822 410 5881 ετχειι
476 5844 488 5876 ι
618 5823 707 5871 εν,
781 5843 795 5858 .
871 5842 883 5857 .
956 5824 982 5859 a
1022 5845 1037 5861 .

386 5962 395 6043 ί
