3876 6226
424 304 531 358 639

1629 304 1687 361 S.
1724 303 2024 361 DIONYSII
2056 304 2517 363 AREOPAGITJE

3590 306 3704 370 616

424 420 722 491 quamdam
746 418 1121 483 introducere,
1138 436 1219 474 na:
1241 421 1309 483 is.
1336 430 1525 477 nostro
1548 421 1775 491 judicio,
1802 423 2013 491 ejnsce-

2120 425 2281 495 ἡμεῖς
2310 424 2433 477 οὔτε
2466 426 2627 479 αὐτὸν
2653 426 2697 455 ⁷⁷
2723 423 2944 495 οίόμεθα
2983 424 3191 479 πείθειν
3215 427 3419 491 ἱκανὸν,
3452 428 3532 493 ὡς
3554 429 3704 483 ἔστιν

427 514 573 570 modi
597 513 918 581 obici-tionis
932 512 1214 567 veritatem
1233 514 1464 582 probare
1488 529 1761 583 nunquam
1791 513 2008 582 poterit.

428 607 564 661 Nam
609 605 771 676 317
802 606 849 659 si
893 606 1015 659 talis
1049 606 1229 675 sitqui
1252 607 1478 661 omnino
1501 608 1674 661 sacris
1701 606 1902 661 litteris
1928 621 2014 660 re-

428 703 613 763 sistat,
644 714 673 753 a
703 697 1038 768 philosophia
1068 712 1279 766 quoque
1301 712 1483 752 nostra
1507 698 1693 768 procul
1721 700 2011 754 admodum

429 791 607 846 aberit
663 810 677 845 :
727 800 782 845 et
825 792 925 847 nisi
966 790 1041 844 illi
1076 805 1221 844 cura:
1254 790 1328 844 sit
1368 790 1550 845 divina
1586 806 1863 846 sacrarum
1921 791 2012 846 lit-

430 893 675 939 terarum
722 882 989 951 sapientia
1021 922 1035 945 ,
1093 882 1363 949 quomodo
1413 881 1567 937 nobis
1610 897 1755 937 cura:
1799 882 1907 937 erit
1954 891 2014 937 ut

430 975 609 1046 ipsum
674 977 739 1030 ad
789 975 1071 1030 scientiam
1128 974 1481 1045 theologicam
1544 976 2012 1031 mauuducamus?

431 1070 528 1125 Sin
572 1068 919 1137 eloquiorum
952 1067 1169 1122 veritati
1210 1070 1477 1133 attendat,
1505 1083 1605 1123 nos
1637 1070 1739 1123 ista
1792 1084 2009 1138 quoque

430 1161 621 1231 regula
650 1162 878 1229 lui-eque
906 1159 1051 1222 freti,
1085 1160 1151 1214 ad
1181 1159 1509 1214 reddendam
1556 1176 1656 1229 pro
1683 1160 1895 1216 viribus
1922 1176 2010 1214 ra-

430 1254 632 1308 tionem
666 1254 783 1309 sine
835 1252 1288 1323 tergiversatione
1333 1253 1767 1321 properabimus,
1821 1252 2011 1308 dicen-

428 1356 546 1407 tes,
595 1346 928 1416 theologiam
975 1345 1193 1415 quidem
1260 1345 1518 1399 nonnulla
1567 1344 1856 1414 c0pulatim
1901 1354 2013 1399 tra-

427 1438 582 1502 dere,
608 1438 852 1506 qtuedam
886 1451 1016 1491 vero
1048 1434 1339 1500 distincte;
1375 1448 1547 1503 neque
1588 1434 1670 1488 l'as
1694 1448 1816 1488 esse
1842 1448 2010 1502 copu-

429 1527 541 1583 lata
606 1528 961 1599 disjungere,
1013 1542 1114 1581 nec
1175 1527 1432 1583 distincta
1493 1506 1869 1589 confundere,
1915 1526 2011 1579 sed

430 1621 735 1690 Scripturis
798 1621 1100 1675 iusistendo
1150 1636 1249 1690 pro
1299 1620 1445 1674 virili
1516 1620 1581 1673 ad
1627 1619 1840 1673 divinos
1891 1632 2012 1673 esse

429 1698 747 1787 splendores
779 1717 1159 1786 aspirandum;
1211 1716 1467 1787 quoniam
1495 1715 1621 1769 inde
1664 1714 1875 1769 divinas
1918 1728 2009 1768 ex-

2116 516 2423 588 ἀληθής.Εί
2452 519 2552 590 μὲν
2579 520 2688 590 γάρ
2714 518 2828 570 ἐστί
2858 535 2943 581 τις
2969 519 3108 582 ὅλως
3141 520 3171 570 ὁ
3207 522 3320 582 τοῖς
3342 519 3547 588 λογίοις
3580 523 3705 574 ἀντ-

2115 610 2497 679 ανιστάμενος,
2540 611 2731 683 πόρῤω
2774 627 2874 663 που
2902 610 3124 674 πάντως
3151 610 3300 664 ἔσται
3328 613 3422 664 καὶ
3443 613 3549 682 τῆς
3580 613 3702 666 καθ’

2112 696 2263 765 ἡμᾶς
2297 696 2614 767 φιλοσοφίας
2673 698 2768 751 καὶ
2796 699 2844 750 εί
2874 698 2947 770 μὴ
2972 700 3075 771 τῆς
3099 702 3164 753 ἐκ
3196 700 3305 754 τῶν
3330 700 3529 769 λογίων
3555 703 3703 773 αὐτῷ

2116 787 2402 857 θεοσοφίας
2444 790 2618 860 μέλει,
2654 790 2772 855 πῶς
2800 791 2865 846 ἂν
2900 794 3035 862 ἡμῖν
3075 792 3300 865 μελήσει
3331 794 3433 865 τῆς
3472 796 3571 847 ἐπὶ
3604 796 3701 866 τὴν

2113 877 2435 952 θεολογικὴν
2470 883 2783 954 ἐπιστήμην
2812 883 2978 937 αὑτοῦ
3004 884 3402 954 χειραγωγίαςς
3438 888 3503 939 Εί
3540 888 3600 940 δὲ
3624 890 3703 953 εἰς

2111 973 2210 1044 τὴν
2249 973 2355 1027 τῶν
2388 974 2583 1043 λογίων
2627 976 2673 1008 ⁷⁸
2717 976 2973 1047 ἀλήθειαν
3016 978 3348 1041 ἀποσκοπεῖ,
3385 980 3566 1050 τούτῳ
3610 983 3702 1034 καὶ

2112 1064 2276 1133 ἡμεῖς
2301 1065 2486 1119 κανόνι
2514 1067 2608 1118 καὶ
2633 1067 2771 1136 φωτὶ
2800 1068 2845 1099 ⁷⁹
2875 1065 3145 1137 χρώμενοι
3185 1068 3321 1140 πρὸς
3362 1070 3464 1142 τὴν
3508 1072 3701 1124 ἀπολο-

2112 1155 2258 1223 γίαν,
2282 1156 2359 1221 ὡς
2383 1151 2485 1210 οἷοί
2509 1157 2569 1209 τέ
2594 1159 2781 1227 ἐσμεν,
2806 1158 3040 1222 ἁκλινῶς
3076 1159 3425 1230 βαδιούμεθα,
3464 1164 3701 1232 φάσκον-

2112 1264 2224 1311 τες,
2258 1248 2334 1312 ὡς
2361 1250 2394 1319 ή
2423 1249 2671 1318 θεολογία
2694 1253 2765 1303 τὰ
2792 1250 2890 1322 μὲν
2917 1251 3211 1321 ήνωμένως
3240 1254 3600 1324 παραδίδωσι,
3632 1257 3700 1308 τὰ

2109 1341 2167 1395 δὲ
2190 1340 2650 1412 διακεκριμένως·
2688 1342 2782 1396 καὶ
2818 1342 2939 1395 οὔτε
2964 1342 3035 1396 τὰ
3059 1344 3313 1415 ἡνωμένα
3343 1345 3581 1415 διαιρεῖν
3612 1347 3697 1399 θε-

2114 1430 2289 1500 μιτὸν,
2317 1429 2441 1483 οὔτε
2465 1431 2534 1484 τὰ
2555 1431 2947 1505 διακεκριμένα
2976 1438 3195 1504 συγχεῖν
3215 1450 3229 1464 ·
3258 1436 3373 1487 ἀλλ’
3399 1436 3695 1506 ἑπομένως

2110 1524 2249 1594 αὐτῇ
2278 1523 2419 1577 κατὰ
2442 1522 2693 1594 δύναμιν,
2722 1526 2815 1578 ἐπὶ
2845 1524 2945 1589 τάς
2968 1525 3122 1590 θείας
3164 1528 3538 1599 μαρμαρυγὰς
3572 1530 3697 1581 ἀναν

2110 1616 2314 1669 νεύεινο
2342 1618 2434 1670 καὶ
2460 1616 2568 1689 γὰρ
2593 1617 2801 1671 ἐκεῖθεν
2825 1616 2925 1682 τὰς
2951 1618 3102 1682 θείας
3130 1620 3492 1691 ὲκφαντορίας
3516 1637 3694 1690 παραο

2111 1707 2385 1773 λαϐόντες,
2410 1708 2599 1781 ὥσπερ
2622 1708 2744 1762 τινά
2778 1710 2978 1763 κανόνα
3011 1711 3293 1765 κάλλιπον
3327 1711 3609 1781 ἀληθείας,
3631 1712 3694 1764 τὰ

430 1814 775 1881 planatiunes
827 1826 923 1867 ceu
974 1810 1263 1879 quamdam
1314 1809 1562 1863 veritatis
1607 1807 1849 1878 regulam
1894 1808 2011 1878 pul-

2119 1802 2231 1854 ἐκεῖ
2279 1802 2506 1873 κείμενα
2574 1806 2830 1874 φρουρεῖν
2876 1806 2935 1857 ὲν
2977 1807 3192 1891 έαυτοίς
3237 1804 3559 1876 ἀπλήθυντα
3609 1806 3695 1859 καὶ

429 1903 802 1966 cherrimam,
867 1902 1192 1972 accipimus,
1256 1900 1382 1953 dum
1449 1914 1569 1968 qua:
1614 1900 1687 1953 ibi
1741 1907 1867 1953 sunt
1922 1914 2015 1979 re-l

429 1993 679 2058 condita,
708 1992 842 2047 nihil
889 1993 1161 2056 addendo,
1194 1990 1329 2045 nihil
1382 1990 1701 2057 minuendo,
1730 1990 1866 2044 nihil
1894 2005 2017 2059 per-

430 2086 734 2151 vertendo,
790 2086 844 2139 in
917 2085 1322 2153 nobismetipsis
1369 2098 1698 2138 conservare
1767 2082 2015 2144 nitimur,

2115 1896 2363 1966 ἀμείωτα
2388 1898 2482 1950 καὶ
2505 1897 2903 1969 ἀπαράτρεπτα
2932 1899 3251 1970 σπεύδομεν,
3282 1900 3341 1953 ὲν
3374 1901 3444 1970 τῇ
3488 1899 3697 1970 φρουρᾷ

2114 1988 2225 2040 τῶν
2246 1988 2441 2056 λογίων
2458 1988 2847 2060 φρουρούμενοι
2876 1991 2971 2044 καὶ
2994 1991 3129 2062 πρὸς
3153 1992 3332 2045 αὐτῶν
3368 1992 3529 2055 είςτὸ
3543 2008 3697 2062 φρου-

2121 2081 2348 2155 ροῦντας
2372 2081 2510 2135 αὑτά
2537 2083 2888 2155 φρουρεῖσθαι
2909 2084 3324 2156 δυναμούμενοι.

432 2194 594 2253 atque
642 2182 740 2252 ipsi
785 2182 1003 2237 interim
1057 2182 1395 2249 eloquiorum
1444 2177 1693 2234 custodia
1751 2190 2168 2241 conservantur,
2199 2191 2300 2231 nec
2353 2191 2459 2231 non
2510 2178 2580 2232 ab
2626 2176 2819 2232 iisdem
2861 2176 2929 2231 ad
2956 2192 3144 2234 eorum
3187 2180 3578 2236 observatores
3607 2183 3695 2237 dc-

432 2275 730 2331 l’endendos
757 2276 903 2329 vires
938 2276 1265 2345 accipimus.

1952 2384 1980 2458 ς
2012 2381 2125 2443 ιιι.

502 2533 732 2587 Nomina
769 2534 951 2603 itaque
993 2532 1246 2602 copulata
1280 2531 1333 2587 in
1363 2546 1530 2587 unum
1567 2532 1620 2587 in
1655 2540 1768 2587 tota
1809 2529 2008 2584 divini-

433 2634 565 2692 tate,
598 2634 656 2679 ut
708 2626 762 2679 in
814 2627 1131 2697 theologicis
1178 2625 1658 2680 informationibus
1694 2623 1903 2693 prolixe
1941 2638 2006 2676 ex

434 2720 735 2787 Scripturis
791 2721 962 2774 sacris
1013 2721 1524 2785 demonstravimus,
1590 2727 1757 2782 sunt,
1814 2731 2010 2786 supra-

433 2828 599 2881 quant
649 2814 841 2878 bonus,
879 2829 1209 2882 supraquam
1268 2816 1427 2880 Dens,
1478 2826 1811 2881 supraquam
1876 2812 2009 2865 sub-

433 2907 678 2969 stantia,
729 2922 1060 2976 supraquam
1117 2909 1326 2972 vivens,
1377 2922 1707 2974 supraquam
1766 2903 2008 2973 sapiens,

432 3006 488 3050 et
519 3012 857 3067 quaecunque
880 3007 1006 3053 sunt
1035 2999 1326 3054 ablationis
1350 2998 1648 3053 secundum
1675 3012 2012 3067 exsuperan-

434 3088 599 3153 tiam;
633 3104 755 3143 cuin
784 3091 982 3160 quibus
1015 3100 1373 3145 numerantur
1395 3096 1576 3145 omnia
1607 3106 1728 3160 qua:
1754 3092 1822 3144 ad
1850 3093 2010 3145 ratio-

2188 2521 2269 2577 Τὰ
2303 2522 2399 2593 μὲν
2434 2514 2526 2574 οὖν
2559 2521 2813 2592 ἡνωμένα
2854 2522 2951 2593 τῆς
2979 2520 3107 2592 ὅλης
3135 2519 3381 2594 θεότητός
3424 2524 3596 2588 ἐστιν,
3624 2526 3695 2589 ὡς

2114 2615 2173 2668 ὲν
2201 2617 2321 2677 ταῖς
2352 2613 2686 2681 θεολογικαίς
2716 2614 3100 2668 ὑποτυπώσεσι
3118 2614 3206 2667 διὰ
3225 2614 3487 2668 πλειόνων
3510 2619 3575 2669 ὲκ
3592 2619 3695 2672 τῶν

2114 2708 2311 2777 λογίων
2357 2707 2738 2777 ἀπεδείξαμεν,
2790 2708 2850 2761 τὸ
2891 2706 3258 2778 ὑπεράγαθον,
3304 2707 3364 2760 τὸ
3410 2709 3695 2780 ὑπέρθεον,

2114 2800 2176 2854 τὸ
2204 2800 2548 2872 ὑπερούσιον,
2581 2800 2641 2853 τὸ
2668 2800 2969 2871 ὑπέρζωον,
3012 2802 3073 2853 τὸ
3108 2801 3439 2872 ὑπέρσοφον,
3471 2804 3567 2856 καὶ
3600 2804 3699 2856 ὅσα

2115 2893 2216 2964 τῆς
2258 2893 2586 2964 ὑπεροχικῆς
2629 2894 2776 2945 ἐστιν
2815 2893 3183 2964 ἀφαιρέσεως’
3220 2893 3337 2963 μεθ’
3375 2888 3451 2947 ὧν
3495 2896 3592 2948 καὶ
3632 2896 3700 2947 τὰ

2116 2986 2453 3055 αίτιολογικά
2500 2987 2697 3051 πάντα,
2729 2986 2789 3039 τὸ
2832 2985 3059 3053 ἀγαθὸν,
3096 2986 3158 3039 τὸ
3200 2986 3386 3049 καλὸν,
3425 2987 3487 3039 τὸ
3532 2987 3611 3049 ὃν,
3640 2989 3701 3040 τὸ

2119 3080 2405 3149 ζωογόνον,
2442 3079 2504 3134 τὸ
2547 3080 2729 3149 σοφὸν,
2761 3078 2854 3131 καί⁸
2896 3078 2996 3131 ὅσα
3040 3078 3105 3131 ἐκ
3145 3078 3253 3131 τῶν
3297 3078 3700 3149 ἀγαθοπρεπῶν

432 3195 557 3234 nem
587 3196 765 3234 causa:
794 3182 1094 3250 pertinent,
1121 3182 1347 3246 bonum,
1373 3182 1682 3251 pulchrum,
1713 3183 2010 3246 exsistens,

2119 3176 2286 3246 αὐτῆς
2312 3174 2549 3245 δωρεῶν,
2582 3174 2615 3243 ἡ
2647 3173 2863 3225 πάντων
2897 3170 3119 3239 ἀγαθῶν
3152 3171 3303 3225 αἰτία
3328 3172 3700 3242 κατονομάζε-

433 3274 735 3337 viviﬁcum,
761 3275 1004 3343 sapiens,
1030 3282 1086 3328 et
1108 3289 1451 3345 quaecunque
1475 3283 1687 3329 suntex
1712 3273 1873 3328 donis
1895 3273 2013 3342 ejus

2119 3284 2205 3321 ται
2228 3285 2242 3299 ο
2267 3267 2336 3320 τά
2356 3267 2413 3320 δὲ
2433 3265 2843 3337 διακεκριμένα,
2859 3263 2919 3316 τὸ
2945 3264 3158 3335 Πατρὸς
3176 3265 3221 3295 ⁸⁵
3244 3264 3570 3334 ὑπερούσιον
3589 3265 3704 3317 ὅνο-

433 3381 554 3435 qna:
605 3367 901 3421 bonitatem
950 3364 1069 3433 ejus
1111 3368 1325 3431 decent,
1361 3381 1388 3420 a
1421 3368 1620 3435 quibus
1646 3368 1890 3423 omnium
1921 3368 2013 3422 bo—

2120 3377 2197 3431 μα
2224 3360 2318 3413 καὶ
2344 3358 2555 3430 χρῆμα,
2587 3359 2681 3411 καὶ
2703 3357 2855 3421 Υίοῦ,
2887 3357 2983 3409 καὶ
3013 3356 3410 3427 Πνεύματοςεί,
3448 3356 3701 3426 οὐδεμιᾶς

435 3476 628 3514 norum
659 3475 821 3515 causa
866 3462 1199 3515 nominatur.
1236 3461 1478 3516 Discreta
1522 3475 1653 3515 vero
1683 3470 1808 3516 sunt
1839 3460 2013 3515 Patris

2119 3452 2175 3505 ὲν
2201 3451 2408 3513 τούτοις
2430 3448 2815 3520 ἀντιστροφῆς,
2851 3448 2884 3517 ἢ
2911 3448 3048 3511 ὅλως
3076 3449 3384 3519 κοινότητος
3414 3450 3704 3516 ἐπεισαγο-

434 3554 958 3623 suprasnbstantiale
983 3568 1198 3621 nomen,
1225 3563 1282 3608 et
1305 3568 1416 3615 res,
1443 3564 1499 3608 et
1523 3553 1669 3621 Filii,
1693 3564 1750 3609 et
1777 3552 2013 3624 Spiritus

2121 3544 2307 3615 μένης.
2335 3544 2489 3596 Ἐστι
2530 3543 2587 3596 δὲ
2618 3538 2772 3605 αὖθις
2801 3542 2938 3613 πρὸς
2955 3540 3129 3612 τούτῳ
3145 3542 3189 3573 ⁸⁸
3217 3541 3633 3613 διακεκριμένον
3667 3545 3699 3613 ή

434 3646 638 3709 sancti,
671 3646 811 3699 nulla
864 3646 917 3699 in
966 3645 1051 3700 his
1101 3645 1244 3700 facta
1294 3647 1743 3715 reciprocatione,
1772 3661 1874 3702 nec
1907 3646 2012 3700 ulla

2119 3636 2240 3689 καθ’
2269 3636 2415 3707 ἡμᾶς
2453 3634 2627 3706 Ἰησοῦ
2652 3634 2917 3705 παντελὴς
2950 3635 3044 3687 καὶ
3065 3633 3421 3697 ἀναλλοίωτος
3445 3633 3702 3704 ὓπαρξις,

437 3753 660 3806 prorsus
684 3739 1072 3792 communitate
1124 3738 1457 3794 introducta.
1488 3738 1584 3793 Est
1611 3748 1873 3807 praeterea
1903 3740 2015 3795 dis-

440 3841 587 3883 creta
619 3845 682 3884 ac
707 3830 987 3895 distincta,
1020 3832 1283 3900 perfecta,
1320 3832 1463 3885 sicut
1501 3833 1552 3885 in
1588 3832 1764 3899 nobis,
1794 3843 1851 3887 et
1907 3834 2009 3886 itu-

443 3924 726 3978 mutabilis
753 3924 880 3979 Jesu
910 3924 1167 3987 essentia,
1200 3933 1256 3977 et
1288 3939 1627 3995 quascunque
1654 3935 1779 3981 sunt
1813 3937 2017 3997 myste-

451 4014 531 4069 ria
569 4015 954 4073 substantialis
983 4017 1340 4074 humanitatis
1372 4016 1511 4086 eius.

2120 3728 2216 3782 καὶ
2253 3728 2353 3781 ὅσα
2395 3727 2495 3798 τῆς
2536 3729 2657 3782 κατ’
2680 3728 2850 3799 αὑτήν
2884 3728 3001 3780 ἐστι
3040 3726 3449 3798 φιλανθρωπίας
3469 3726 3699 3798 οὺσιώδη

2126 3820 2419 3892 μυστήρια.

1977 4156 2006 4230 5
2039 4154 2148 4217 ιν.

509 4298 762 4354 Arbitror
787 4307 968 4356 autem
997 4302 1276 4373 expedire,
1301 4311 1359 4357 ut
1390 4303 1634 4359 nonnihil
1662 4303 1828 4361 altius
1857 4319 2009 4361 resu—

2189 4302 2309 4377 Χρὴ
2356 4302 2433 4369 δὲ,
2475 4304 2553 4368 ὡς
2591 4298 2767 4376 οἶμαι,
2806 4302 3003 4375 μᾶλλον
3034 4301 3403 4365 ἀναλαϐόντας
3441 4303 3597 4373 ἡμᾶς
3620 4302 3706 4354 τὸν

439 4393 640 4447 mendo
666 4392 1105 4461 perfectissimus
1134 4395 1226 4451 ille
1251 4396 1450 4452 divinae
1480 4398 1700 4451 uuionis
1726 4412 1791 4452 ac
1818 4398 2017 4453 distin-

438 4483 639 4539 ctionis
667 4487 859 4540 modus
893 4488 1237 4557 explanetur,
1265 4503 1374 4559 quo
1416 4490 1573 4545 nobis
1620 4490 1798 4546 oratio
1836 4491 2016 4545 omnis

438 4575 514 4631 ita
543 4578 613 4630 sit
640 4588 848 4648 aperta,
876 4590 938 4634 ut
982 4581 1305 4636 varietatem
1336 4582 1559 4652 quidem
1584 4597 1802 4639 omnem
1831 4592 1887 4639 et
1912 4585 2017 4639 ob-

442 4667 758 4723 scuritatem
788 4671 1057 4741 repudiet,
1086 4672 1342 4729 distincte
1384 4685 1563 4729 autem
1604 4691 1667 4732 ac
1706 4676 1888 4746 plane,
1921 4693 2012 4732 or-

441 4761 677 4829 dineque
705 4778 824 4830 qua:
855 4765 1073 4832 propria
1100 4773 1245 4832 sunt,
1277 4768 1458 4836 quoad
1487 4765 1608 4835 ejus
1654 4768 1771 4823 ﬁeri
1814 4779 2013 4839 potest,

442 4854 687 4907 deﬁniat.
712 4853 1057 4927 Theologica':
1088 4869 1287 4915 nostra:
1316 4862 1625 4917 traditionis
1647 4875 1904 4919 auctores
1934 4866 2017 4936 (ut

444 4946 572 5001 alibi
597 4945 730 5013 dixi)
763 4946 975 5003 divinas
1020 4950 1237 5018 quidem
1292 4949 1522 5005 uniones
1564 4960 1762 5007 vocant
1804 4955 2021 5009 abditas

444 5040 578 5095 istas
629 5038 1015 5095 collocationes
1069 5042 1190 5111 plus
1224 5043 1705 5116 quamineil'abilis
1753 5056 1808 5101 et
1852 5062 2017 5117 supra

445 5134 664 5188 modum
700 5134 898 5204 ignotae
931 5136 1249 5200 mansionis,
1282 5151 1403 5205 qua:
1435 5154 1700 5207 nusquam
1735 5154 1858 5195 sese
1891 5156 2019 5211 pro-

444 5226 552 5296 dit;
584 5227 966 5283 distinctiones
1009 5242 1157 5293 vero,
1198 5228 1477 5285 benelicas
1516 5233 1608 5286 Dei
1644 5235 2022 5290 emanationes

444 5328 499 5375 et
548 5319 1037 5388 manifestationes,
1066 5320 1232 5393 318
1263 5323 1672 5395 assignantque,
1719 5325 2020 5395 Scripturis

2124 4395 2363 4467 παντελῆ
2394 4395 2496 4466 τῆς
2530 4396 2680 4461 θείας
2710 4395 2955 4459 ὲνώσεώς
2977 4412 3039 4449 τε
3071 4396 3167 4448 καὶ
3200 4394 3530 4465 διακρίσεως
3560 4394 3708 4448 ἐκθέ-

2125 4489 2248 4543 σθαι
2274 4490 2494 4562 τρόπον,
2513 4490 2661 4554 ὅπως
2689 4489 2755 4544 ἀν
2778 4490 2909 4560 ήμίν
2939 4487 3270 4550 εὐσύνοπτος
3298 4488 3327 4539 ὁ
3355 4488 3466 4550 πᾶς
3488 4488 3708 4556 ἐγγένη-

2122 4599 2213 4637 ται
2238 4584 2414 4653 λόγος,
2443 4583 2505 4636 τὸ
2534 4583 2631 4655 μὲν
2661 4582 2902 4637 ποικίλον
2935 4582 3081 4636 ἀπαν
3109 4581 3205 4634 καὶ
3229 4580 3439 4649 ἀσαφὲς
3470 4581 3707 4633 ’ἀπαναι-

2123 4677 2366 4748 νόμενος,
2397 4676 2748 4748 εὐδιακρίτως
2786 4675 2841 4729 δὲ
2869 4675 2962 4728 καὶ
2995 4673 3183 4743 σαφῶς
3215 4673 3310 4726 καὶ
3337 4671 3621 4733 εὐτάκτως
3645 4670 3708 4720 τὰ

2124 4772 2298 4824 οίκεία
2322 4770 2464 4823 κατά
2497 4769 2724 4839 δύναμιν
2760 4766 3047 4839 ὁροθετῶν.
3074 4765 3314 4820 Καλοῦσι
3348 4764 3460 4836 γὰρ
3476 4765 3545 4826 ⁸³,
3578 4765 3706 4832 ὅπερ

2123 4863 2219 4915 καὶ
2251 4864 2308 4916 ὲν
2334 4863 2541 4933 ἑτέροις
2569 4861 2726 4932 ἔφην,
2747 4861 2799 4913 oi.
2822 4861 2921 4930 τῆς
2942 4860 3065 4913 καθ’
3092 4860 3243 4930 ἡμᾶς
3266 4857 3589 4926 θεολογικῆς
3612 4872 3706 4908 πα-

2128 4954 2394 5027 ραδόσεως
2425 4954 2744 5026 ίερομύσται
2771 4952 2870 5016 τὰς
2910 4952 3011 5024 μὲν
3046 4950 3269 5014 ἑνώσεις
3291 4950 3391 5014 τὰς
3416 4949 3591 5013 θείας,
3615 4946 3705 5008 τὰς

2122 5048 2225 5119 τῆς
2269 5049 2654 5121 ὑπεραρῤήτου
2710 5047 2804 5100 καὶ
2855 5043 3279 5116 ὑπεραγνὼστου
3333 5041 3703 5113 μονιμότητοςι

2123 5143 2362 5216 κρυφίας
2384 5143 2479 5195 καὶ
2501 5142 2921 5212 ἀνεκφοιτήτους
2943 5137 3325 5211 ὑπεριδρύσεις
3342 5152 3355 5166 ’
3383 5134 3487 5198 τὰς
3505 5133 3705 5203 διακρί-

2125 5250 2240 5297 σεις
2269 5234 2349 5299 δὲ,
2376 5233 2476 5298 τάς
2500 5233 2905 5304 ἀγαθοπρεπεϊς
2927 5231 3030 5301 τῆς
3055 5230 3333 5303 θεαρχίας,
3362 5228 3623 5301 προόδους
3650 5240 3702 5277 τε

2126 5329 2222 5382 καὶ
2241 5327 2530 5398 ὲκφάνσεις
2547 5343 2561 5358 ·
2590 5326 2683 5381 καί
2710 5342 2865 5395 φασι,
2885 5327 2998 5394 τοῖς
3020 5326 3185 5395 ἱεροῖς
3208 5322 3409 5393 λογίοις
3439 5321 3705 5391 ἑπόμενοι,

1726 5534 1967 5591 ΫΑΒΙΑΞ
2010 5534 2422 5594 LECTIONES.

518 5666 560 5696 ⁷⁷
585 5666 728 5741 ού-δὲ
751 5667 960 5741 έαυτόν,
1092 5732 1109 5741 _
1143 5670 1187 5741 ⁷⁵⁷
1212 5668 1321 5723 τῶν
1350 5669 1508 5739 θείων
1532 5670 1724 5740 λόγων,
1749 5672 1847 5741 Ch.
1888 5738 1909 5741 ᾗ
1927 5672 1973 5703 ⁷⁸
2000 5673 2092 5726 καί
2122 5670 2327 5741 σκοπῷ,
2356 5672 2456 5726 Ch.

451 5733 605 5805 ἁγίου
634 5732 969 5809 Πνεύματος,
999 5740 1053 5797 S.
1082 5732 1142 5796 Ρ.
1173 5740 1235 5797 D.
1260 5742 1357 5799 Ch.

2564 5671 2607 5702 ⁸ο
2646 5670 2704 5725 τὸ
2750 5669 2841 5725 τοῦ
2864 5666 3078 5741 Πατρός
3100 5709 3113 5735 ,
3146 5668 3203 5725 S.
3234 5668 3293 5725 P.
3324 5667 3428 5724 Ch.
3553 5664 3590 5698 ⁸³
3621 5656 3702 5713 καὶ

1436 5738 1479 5776 δ’
1507 5738 1735 5808 τούτοις,
1773 5740 1837 5797 Μ.
1879 5738 2026 5799 Scot.
2107 5744 2151 5776 ⁸³
2177 5738 2393 5813 λέγουσι
2419 5744 2544 5815 γάρ,
2578 5742 2635 5798 S.
2657 5742 2714 5799 ι’.
