3876 6226
238 278 340 337 ινδ

1320 272 1409 326 DE
1443 267 1703 333 DWINIS
1724 263 2127 331 NOMINIBUS,
2149 262 2307 323 CAP.
2350 263 2419 320 ll.

3415 269 3525 328 652

237 397 334 449 καὶ
359 392 464 465 τῆς
492 390 790 463 εἰρημένης
820 389 1065 451 ὲνώσεως
1096 386 1233 440 ῐδιαδ
1263 386 1359 442 καὶ
1389 382 1566 448 αὖθις,
1596 383 1699 453 τῆς
1721 381 1818 435 δια-

1939 380 2113 434 sacris
2164 379 2493 440 insistendo,
2532 377 2789 445 nonnulla
2843 379 3000 435 dictat
3046 381 3229 447 uniuni
3277 386 3517 454 propria,

232 487 478 557 κρίσεως
497 480 636 538 εἷναί
660 500 812 546 τινας
839 482 1011 542 ίδικάς
1034 481 1127 534 καὶ
1149 479 1371 542 ἑνώσεις
1395 479 1489 532 καί¹
1510 476 1831 547 διακρίσειςο

230 574 348 632 οἷον
380 579 479 631 ἐπὶ
511 577 613 647 τῆς
646 574 890 638 ὲνώσεως
917 574 1018 643 τῆς
1044 572 1194 636 Θείας
1223 573 1341 643 ἢτοι
1368 571 1471 641 τῆς
1511 567 1831 641 ὑπερουσιό-

230 688 401 743 τητος
422 671 493 730 ⁸⁸,
520 671 797 742 ἡνωμένον
830 669 929 740 μὲν
958 668 1073 721 ἔστι
1106 669 1173 738 τῇ
1200 666 1462 737 ὲναρχικῇ
1492 662 1703 734 Τριὰδι,
1739 660 1833 714 καὶ

233 763 418 817 κοινὸν
444 767 477 835 ἡ
511 763 833 835 ὑπερούσιος
866 760 1120 832 ὖπαρξις,
1166 760 1200 830 ἡ
1241 757 1507 830 ὑπέρθεος
1549 755 1759 826 θεότης,
1796 753 1831 824 ἡ

236 854 588 927 ὐπερὰγαθος
631 854 904 925 ἀγαθότης
924 868 935 880 ·
966 852 1219 906 ἁπάντων
1263 852 1521 905 ἐπέκεινα
1568 848 1668 918 τῆς
1701 846 1831 899 έπέ-

234 965 395 1001 κεινα
420 948 638 1002 πάντων
662 948 789 1018 ὅλης
819 947 1078 1017 ἰδιότητος
1109 945 1373 1014 ταύτότης
1396 959 1410 973 ·
1441 944 1475 1013 ὴ
1512 942 1650 1013 ὑπὲρ
1673 941 1833 1012 ἐναρ-

234 1041 363 1111 χίαν
388 1041 598 1111 ἑνότης,
625 1039 688 1092 τὸ
711 1039 1036 1109 ἄφθεγκτον,
1063 1038 1125 1090 τὸ
1150 1036 1484 1105 πολύφωνον,
1507 1036 1541 1105 ἡ
1564 1034 1829 1101 ἀγνωσία,

231 1134 297 1186 τὸ
331 1134 656 1204 παννόητον,
685 1135 720 1205 ἡ
748 1134 965 1187 πάντων
1008 1132 1178 1195 θέσις,
1208 1132 1242 1202 ὴ
1268 1130 1485 1183 πάντων
1514 1126 1828 1197 ἀφαίρεσις,

230 1226 297 1278 τὸ
330 1226 475 1297 ὑπὲρ
510 1228 690 1279 πᾶσαν
724 1227 819 1279 καὶ
864 1225 1011 1277 θέσιν
1051 1226 1146 1279 καὶ
1188 1224 1500 1294 ἀφαίρεσιν,
1528 1223 1562 1292 ἡ
1582 1214 1645 1273 ’ἐν
1668 1218 1831 1289 ἀλλή-

231 1316 377 1380 λαις,
404 1320 454 1370 εί
476 1317 620 1371 οὕτω
650 1319 756 1391 χρὴ
793 1318 977 1388 φάναι,
1004 1317 1114 1371 τῶν
1151 1314 1453 1387 ὲναρχικῶν
1480 1312 1829 1366 ὑποστάσεων

235 1410 397 1481 μονὴ,
430 1411 525 1462 καὶ
566 1410 796 1482 ἴδρυσις,
829 1410 1026 1472 ὑλικῶς
1066 1407 1484 1478 ὑπερηνωμένη,
1519 1406 1615 1459 καὶ
1655 1404 1829 1458 οὐδενὶ

234 1500 396 1572 μέρει
436 1503 843 1573 συγκεχυμένη,
874 1502 1125 1572 καθάπερ
1155 1499 1311 1569 φῶτα
1335 1499 1670 1569 λαμπτήρων
1707 1496 1828 1565 (ἵνα

230 1594 515 1664 αἰσθητοῖς
540 1596 634 1648 καὶ
655 1595 876 1658 οἰκείοις
893 1598 1184 1666 χρήσωμαι
1202 1589 1679 1664 παραδείγμασιν),
1698 1589 1827 1643 ὅντα

152 1674 159 1678 ’
229 1687 290 1738 ὲν
314 1686 451 1757 οἴκῳ
477 1688 576 1750 ἐνὶ,
599 1687 694 1740 καὶ
714 1687 809 1740 ὅλα
836 1689 893 1741 ὲν
927 1687 1177 1757 ἀλλήλοις
1200 1685 1340 1749 ὅλοις
1361 1686 1529 1746 ἐστὶν,
1547 1684 1824 1755 ἀκραιφνῆ

1936 472 2287 541 vicissimque
2317 472 2682 537 distinctioui,
2712 474 2965 543 proprias
2998 475 3127 529 item
3162 490 3291 529 suas
3346 490 3516 545 copu-

1937 563 2167 618 lationes
2212 578 2277 618 ac
2324 564 2747 634 disjunctiones;
2800 567 2949 620 verbi
3000 567 3197 636 gratia,
3229 566 3284 621 in
3330 566 3515 622 divina

1936 657 2140 710 unione
2190 671 2285 710 seu
2339 658 2991 726 supersubstantialitate,
3033 659 3346 728 copulatum
3393 660 3516 730 qui-

1937 749 2057 802 dem
2107 749 2332 802 unitatis
2366 749 2598 818 principi
2651 749 2904 806 Trinitati
2953 768 3018 806 ac
3066 768 3357 808 commune
3406 761 3513 819 est,

1934 841 2407 909 superessentialis
2453 845 2796 908 exsistentia,
2834 854 2890 898 et
2942 861 3271 915 supraquam
3333 847 3514 902 divina

1938 932 2219 996 divinitas,
2261 949 2590 1004 snpraquam
2643 936 2784 989 bona
2835 936 3070 1001 bonitas,
3111 952 3324 991 summa
3394 955 3513 994 om-

1935 1026 2084 1079 nium
2114 1027 2232 1093 ejus
2258 1042 2377 1096 quae
2408 1042 2572 1096 supra
2619 1028 2802 1082 omnia
2845 1037 2928 1083 est
2960 1030 3127 1084 totius
3154 1032 3514 1102 proprietatis

1934 1118 2224 1185 identitas;
2259 1119 2441 1173 unitas
2472 1134 2634 1188 supra
2665 1119 2993 1190 principium
3024 1123 3249 1177 unitatis
3276 1143 3289 1178 :
3324 1124 3515 1178 inclia-

1932 1209 2142 1274 bilitas,
2175 1211 2571 1274 multivocatio,
2614 1213 3206 1283 indemonstrabilitas,
3236 1219 3512 1272 omnimo—

1932 1302 1998 1356 da
2030 1303 2462 1374 intelligibilitas,
2495 1305 2735 1359 omnium
2768 1307 2984 1376 positio,
3012 1310 3254 1363 omnium
3281 1312 3507 1378 ablatio,

1930 1409 2091 1464 supra
2128 1413 2345 1451 onmem
2376 1399 2703 1468 positionem
2735 1407 2788 1451 et
2815 1400 3172 1469 ablationem,
3197 1403 3505 1458 divinarum

1928 1502 2285 1557 personarum
2336 1490 2390 1543 in
2440 1491 2657 1558 seipsis,
2695 1495 2740 1546 si
2788 1494 2860 1547 ita
2886 1492 3035 1561 loqui
3064 1494 3146 1549 fas
3176 1506 3282 1559 est,
3317 1509 3504 1552 mutua

1930 1582 2162 1649 mansio,
2188 1591 2244 1635 et
2293 1582 2599 1647 collocatio,
2656 1584 2709 1636 in
2753 1592 2924 1638 totum
2958 1601 3293 1656 supraquam
3330 1604 3501 1659 copu-

1928 1669 2034 1725 lata
2088 1673 2141 1726 in
2187 1688 2375 1737 unum,
2413 1684 2469 1729 et
2499 1690 2604 1729 non
2642 1673 2868 1730 confusa
2902 1677 2958 1731 in
2992 1691 3145 1746 parte
3176 1679 3283 1734 ulla
3314 1700 3330 1737 :
3361 1683 3505 1738 sicut

229 1780 325 1832 καὶ
355 1780 561 1851 ἀκριϐῆ
587 1780 686 1851 τὴν
712 1782 806 1834 ἀπ’
834 1780 1076 1853 ἀλλήλων
1110 1780 1292 1843 ίδικῶς
1317 1780 1688 1851 ὑφισταμένην
1716 1778 1818 1850 ἔχει

1931 1764 2132 1819 lumina
2162 1766 2472 1836 lampadum
2502 1766 2599 1838 (ut
2626 1768 2891 1837 exemplis
2920 1772 3021 1823 sub
3052 1785 3276 1826 sensum
3304 1776 3503 1829 caden-

227 1873 523 1944 διάκρισιν,
552 1862 807 1946 ἡνωμένα
839 1879 905 1947 τῇ
939 1876 1229 1947 διακρίσει,
1259 1876 1354 1929 καὶ
1384 1879 1449 1947 τῇ
1497 1874 1684 1929 ἐνώσει
1707 1874 1822 1927 δια-

229 1967 554 2037 κεκριμένα,
592 1970 702 2021 Καὶ
734 1968 865 2037 γοῦν
902 1968 1140 2039 ὁρῶμεν,
1168 1970 1226 2022 ὲν
1258 1969 1392 2038 οἴκῳ
1432 1966 1641 2020 πολλῶν
1676 1966 1821 2019 ὲνόν-

226 2074 338 2120 των
365 2057 729 2129 λαμπτήρων,
757 2061 892 2132 πρὸς
920 2061 978 2113 ἓν
1004 2078 1055 2113 τι
1086 2060 1200 2130 φῶς
1226 2060 1488 2131 ὲνούμενα
1512 2058 1581 2112 τά
1603 2059 1819 2113 πάντων

230 2150 414 2219 φῶτα,
446 2153 538 2204 καὶ
570 2153 697 2221 μίαν
730 2152 923 2223 αἴγλην
947 2152 1256 2223 ἀδιάκριτον
1283 2152 1689 2223 ἀναλάμποντα,
1726 2149 1820 2203 καὶ

227 2242 332 2294 οὐκ
368 2242 433 2295 ἀν
463 2261 565 2306 τις,
596 2244 671 2306 ὼς
699 2240 868 2314 οἶμαι,
897 2244 1108 2297 δύναιτο
1130 2244 1280 2296 τοῦδε
1296 2243 1391 2296 τοῦ
1415 2243 1735 2315 λαμπτῆρος
1758 2243 1819 2295 τὸ

230 2333 352 2403 φῶς
375 2335 485 2388 ἀπὸ
511 2335 618 2387 τῶν
642 2336 814 2390 ἄλλων
844 2337 908 2389 ὲκ
936 2336 1035 2389 τοῦ
1067 2338 1242 2391 πάντα
1267 2335 1336 2389 τὰ
1362 2336 1513 2405 φῶτα
1541 2336 1821 2405 περιέχον-

227 2442 323 2488 τος
355 2427 519 2497 ἀέρος
551 2428 819 2499 διακρῖναι
858 2430 952 2481 καὶ
996 2428 1122 2480 ίδείν
1146 2427 1271 2481 ἄνευ
1301 2428 1529 2501 θατέρου
1572 2426 1816 2496 θάτερον,

229 2519 376 2571 ὅλων
407 2521 464 2572 ὲν
498 2520 640 2584 ὅλοις
668 2519 882 2591 ἀμιγῶς
909 2521 1386 2591 συγκεκραμένων.

1932 1859 2077 1913 tibus
2104 1865 2158 1911 et
2184 1858 2545 1913 familiaribus
2578 1860 2720 1928 utar)
2751 1875 2870 1929 qua:
2901 1871 3031 1915 sunt
3078 1863 3130 1917 in
3179 1880 3283 1918 una
3313 1866 3499 1936 domo,

1928 1959 1985 2006 et
2031 1961 2142 2004 tota
2195 1961 2322 2005 sunt
2352 1951 2402 2004 in
2433 1966 2492 2005 se
2525 1952 2650 2006 totis
2686 1952 2950 2021 vicissim,
2987 1972 3091 2010 non
3124 1960 3406 2025 pertnista,
3437 1974 3501 2015 ac

1926 2058 2025 2112 per
2055 2060 2115 2099 se
2138 2046 2411 2098 exsistunt
2437 2045 2682 2114 perfecte
2716 2045 2860 2099 inter
2899 2063 2958 2101 se
3006 2057 3193 2103 mutuo
3218 2052 3498 2120 sigillatim

1929 2135 2202 2199 distincta,
2238 2134 2521 2200 conjuncta
2583 2135 2635 2188 in
2686 2144 2851 2188 unum
2886 2136 3138 2202 discrete,
3171 2149 3226 2193 et
3255 2140 3498 2197 discreta

1926 2227 2286 2294 conjunctim.
2317 2227 2595 2295 Siquidem
2647 2228 2700 2281 in
2748 2230 2911 2282 domo
2951 2231 3247 2297 cernimus,
3291 2234 3345 2287 itt
3392 2249 3496 2304 qua

1926 2323 2108 2374 multa:
2135 2323 2409 2389 lampades
2437 2324 2729 2384 exs‘sutnt,
2751 2323 2802 2375 in
2826 2340 2992 2377 unum
3017 2325 3287 2393 quoddam
3318 2326 3498 2383 lumen

1924 2426 2240 2467 cunctarum
2268 2414 2472 2467 lumina
2497 2416 2830 2482 coalescere,
2852 2416 3309 2488 splendoremque
3329 2436 3498 2475 unum

1924 2506 2367 2572 iudividuumque
2393 2504 2639 2574 proferre
2663 2523 2677 2570 ;
2717 2522 2894 2578 neque
2927 2512 3237 2581 quisquam,
3266 2520 3323 2565 ut
3352 2512 3499 2567 arbi-

232 2620 373 2675 tror,
434 2620 611 2679 potest
658 2615 814 2667 unius
868 2613 1130 2681 lampadis
1165 2613 1343 2666 lumen
1374 2615 1441 2666 ab
1483 2611 1711 2666 aliarum
1751 2623 1813 2662 ex
1860 2619 1984 2659 aere
2013 2609 2208 2653 cuncta
2242 2599 2447 2652 lumina
2480 2599 2799 2654 continente
2854 2617 3168 2669 secernere,
3225 2614 3389 2675 atque
3410 2608 3494 2662 al-

234 2702 416 2756 terum
474 2702 678 2771 absque
730 2705 904 2760 altero
944 2708 1152 2770 videre,
1186 2708 1329 2776 quod
1376 2714 1490 2759 tota
1531 2705 1658 2757 totis
1702 2702 1821 2755 sine
1854 2694 2177 2752 conlusione
2210 2702 2622 2760 contemperata
2653 2694 2781 2747 sint.

320 2796 485 2848 Ἀλλά
518 2797 614 2849 καὶ
656 2798 704 2849 εί
744 2798 835 2850 τὸν
867 2799 962 2851 ἕνα
988 2817 1072 2863 τις
1102 2800 1209 2851 τῶν
1238 2798 1458 2870 πυρσῶν
1481 2795 1816 2864 ὑπεξαγάγοι

226 2889 329 2941 τοῦ
375 2889 666 2957 δωματίου,
697 2889 1131 2955 συνεξελεύσεται
1176 2893 1266 2945 καὶ
1319 2892 1380 2944 τὺ
1430 2893 1625 2943 οἰκεῖον
1672 2890 1815 2942 ἆπαν

230 2981 353 3049 φῶς
386 2982 535 3033 οὐδέν
554 2999 605 3034 τι
624 2981 731 3035 τῶν
756 2983 956 3053 ἐτέρων
980 2984 1170 3051 φώτων
1193 2986 1248 3036 έν
1276 2982 1452 3053 ἑαυτῷ
1478 2980 1818 3034 συνεπισπώ-

1992 2786 2245 2852 Quinimo
2274 2786 2317 2838 si
2346 2786 2469 2853 quis
2508 2801 2665 2838 unam
2698 2786 2999 2855 lampadem
3030 2791 3223 2846 educat
3253 2809 3283 2848 e
3310 2797 3497 2861 domo,

1923 2876 2086 2931 simul
2133 2875 2305 2929 exibit
2358 2885 2526 2928 totum
2574 2878 2851 2946 proprium
2905 2880 3109 2944 lumen,
3153 2886 3288 2939 nihil
3336 2889 3491 2956 quid—

1923 2984 2085 3038 quam
2119 2979 2434 3021 caaterorum
2461 2967 2719 3022 luminum
2744 2970 2796 3023 in
2850 2972 3027 3040 seipsa
3055 2975 3214 3029 simul
3249 2980 3494 3044 traltens,

232 3091 400 3143 μενον
414 3074 480 3137 ⁸⁵,
510 3074 543 3145 ἢ
569 3074 663 3127 τοῦ
686 3075 879 3128 ἑαυτοῦ
905 3079 1017 3139 τοῖς
1056 3077 1262 3148 ἑτέροις
1296 3076 1622 3129 καταλεῖπον
1637 3077 1682 3107 ⁸⁸
1699 3093 1712 3106 ο
1749 3071 1816 3147 ἦν

1925 3076 2098 3130 neque
2121 3060 2326 3128 aliquid
2348 3060 2430 3114 sui
2455 3061 2560 3115 illis
2583 3061 2929 3130 relinquens;
2954 3080 3069 3120 erat
3090 3071 3234 3123 enim
3256 3071 3491 3137 illorum,

228 3168 343 3237 γάρ
392 3167 593 3232 αὐτῶν,
617 3168 753 3239 ὅπερ
794 3168 1009 3239 ἐφην,ή
1055 3168 1189 3222 ὂλων
1235 3168 1371 3239 πρὸς
1413 3168 1509 3221 ὅλα
1549 3168 1815 3240 παντελὴς

228 3259 428 3322 ἓνωσις
461 3260 667 3331 ἀμιγὴς
699 3260 949 3324 καθόλου,
975 3261 1067 3314 καὶ
1099 3261 1271 3313 οὐδενῖ⁸
1307 3260 1460 3332 μέρει
1497 3278 1817 3332 συμπεφυρ-

232 3350 397 3421 μένη,
436 3353 530 3405 καὶ
566 3352 737 3405 ταῦτα
772 3354 939 3417 ὅντως
978 3354 1035 3405 ἐν
1072 3354 1280 3424 σώματι
1320 3354 1399 3424 τῷ
1439 3354 1581 3425 ἀέρι,
1618 3356 1711 3407 καὶ
1755 3355 1813 3420 ἐξ

228 3444 424 3496 ὲνύλου
450 3442 543 3497 τοῦ
571 3445 740 3515 πυρὸς
771 3446 1078 3514 ἠρτημένου
1104 3445 1198 3497 τοῦ
1224 3445 1601 3512 φωτός.”οπου
1634 3460 1696 3512 γε
1723 3444 1815 3496 καὶ

226 3536 329 3608 τὴν
373 3536 692 3607 ὑπεροὺσιον
727 3537 918 3589 ἕνωσιν
954 3537 1340 3608 ὑπεριδρὼθαί
1383 3554 1583 3607 φαμεν,
1608 3537 1669 3589 οὐ
1705 3535 1814 3590 τῶν

226 3630 307 3699 ὲν
332 3628 549 3699 σώμασι
590 3628 764 3698 μόνων
805 3627 1067 3691 ἑνώσεων,
1104 3629 1240 3682 ἀλλά
1263 3630 1355 3682 καὶ
1393 3629 1502 3682 τῶν
1531 3630 1588 3682 ὲν
1616 3628 1813 3699 ψυχαῖς

227 3721 427 3783 αὐταῖς
470 3718 565 3773 καὶ
606 3722 664 3773 ὲν
706 3720 889 3784 αὐτοῖς
933 3722 1090 3786 νόοις,
1117 3721 1183 3785 ἃς
1221 3722 1434 3791 ἔχουσιν
1468 3722 1681 3793 ἀμιγῶς
1719 3722 1813 3776 καὶ

228 3812 640 3883 ὑπερκοσμίως,
676 3813 742 3866 δι’
765 3814 900 3866 ὅλων
923 3814 1020 3867 ὅλα
1058 3814 1126 3866 τά
1162 3815 1365 3885 θεοειδῆ
1393 3816 1486 3869 καλ⁹
1510 3814 1811 3887 ὑπερουρά-

228 3920 322 3955 νια
359 3903 511 3972 φῶτα
546 3904 686 3957 κατὰ
715 3904 928 3975 μέθεξιν
960 3904 1217 3973 ἀνάλογον
1241 3910 1351 3970 τοῖς
1382 3907 1684 3977 μετέχουσι,
1711 3907 1810 3978 τῆς

231 3997 458 4050 πάντων
486 3998 869 4069 ὑπερηρμένης
880 3998 922 4029 ⁸⁷
948 3997 1209 4064 ἑνώσεως.

186 4332 297 4525 ί

172 4534 185 4541 ’
220 4547 397 4615 γίαις,
423 4550 519 4618 οὐχ
544 4549 610 4619 ἢν
634 4549 769 4620 ἔφην
812 4551 990 4621 μόνον,
1019 4551 1101 4605 ὅτι
1140 4552 1257 4604 κατ’
1283 4551 1450 4623 αὐτὴν
1489 4551 1588 4622 τὴν
1614 4550 1808 4604 ἕνωσιν

220 4640 447 4710 ἀμιγῶς
491 4640 719 4712 ἵδρυται,
744 4644 836 4696 καὶ
871 4643 1191 4715 ἀσυγχύτως
1224 4647 1427 4715 ἑκάστη
1453 4644 1561 4698 τῶν
1590 4646 1807 4716 ἐναρχι-

220 4732 343 4785 κῶν
370 4732 738 4788 ὑποστάσεωψ
764 4735 877 4788 ἀλλ’
903 4736 981 4789 ὅτι
1007 4737 1100 4789 καὶ
1122 4736 1190 4789 τά
1211 4738 1310 4807 τῆς
1332 4738 1656 4808 ὑπερουσίου
1686 4737 1807 4789 θεο-

219 4823 415 4891 γονίας
433 4825 533 4877 οὐκ
552 4826 895 4898 ἀντιστρέφει
928 4829 1064 4899 πρὸς
1086 4828 1307 4900 ἀλληλα.
1333 4829 1483 4899 Μόνη
1511 4829 1566 4880 δὲ
1596 4828 1744 4899 πηγὴ
1761 4829 1807 4860 ⁸⁸

216 4915 328 4984 τῆς
379 4917 703 4987 ὑπερουσίου
754 4919 1004 4990 θεότητος
1042 4922 1071 4973 ὁ
1117 4922 1324 4992 Πατὴρ,
1354 4922 1453 4974 οὐκ
1494 4922 1644 4984 ὄντος
1674 4920 1804 4974 Υἱοῦ

216 5007 322 5060 τοῦ
371 5009 600 5080 Πατρὸς,
624 5012 745 5065 οὐδὲ
784 5014 994 5085 Πατρὸς
1030 5013 1124 5067 τοῦ
1156 5014 1304 5077 Υἰοῦ,
1342 5014 1712 5084 φυλαττόντων
1750 5014 1807 5067 δὲ

217 5097 294 5151 τά
334 5100 507 5154 οἰκεῖα
534 5101 642 5156 τῶν
678 5102 861 5174 ὓμνων
896 5104 1108 5173 εὐαγῶς
1131 5107 1336 5180 ἑκάστῃ
1359 5106 1467 5159 τῶν
1500 5107 1807 5177 θεαρχικῶν

218 5192 598 5247 ὐποστάσεων.
634 5189 804 5249 Αὖται
840 5197 938 5267 μὲν
966 5199 1020 5249 αἱ
1047 5197 1189 5250 κατά
1213 5198 1311 5269 τὴν
1343 5197 1644 5267 ἄφθεγκτον
1670 5198 1805 5251 ’ἐνω-

221 5285 311 5337 σίν
346 5302 404 5337 τε
439 5286 531 5339 καὶ
569 5286 799 5359 ὓπαρξιν
831 5287 1050 5349 ἐνώσεις
1085 5306 1145 5342 τε
1185 5292 1278 5344 καὶ
1307 5290 1623 5361 διακρίσεις.
1652 5292 1716 5344 Εἰ
1748 5290 1805 5344 δὲ

220 5378 321 5430 καὶ
348 5376 464 5430 θεία
497 5378 764 5449 διάκρισίς
792 5381 939 5435 ἐστιν
972 5383 1005 5453 η
1031 5381 1420 5455 ἀγαθοπρεπὴς
1453 5382 1676 5453 πρόοδος
1708 5383 1812 5454 τῆς

1922 3164 1977 3205 ιιι
2008 3153 2142 3215 dixi,
2175 3162 2411 3206 telorum
2445 3155 2511 3207 ad
2548 3165 2658 3208 tota
2690 3156 2930 3224 perfecta
2964 3162 3311 3231 conjunctio;
3344 3183 3490 3221 mera

1921 3246 2133 3314 penitus
2162 3257 2217 3300 et
2243 3246 2389 3299 nulla
2421 3262 2487 3300 ex
2522 3260 2674 3316 parte
2702 3252 2950 3313 confusa.
2983 3254 3146 3324 idque
3172 3272 3297 3312 cum
3346 3272 3493 3316 esset

1920 3336 2098 3391 lumen
2131 3337 2181 3390 itt
2212 3353 2460 3406 corpore,
2493 3340 2543 3392 id
2567 3349 2648 3394 est
2687 3356 2833 3406 aere,
2864 3355 2918 3398 et
2943 3361 3010 3399 ex
3044 3351 3336 3407 materiato
3366 3353 3491 3424 igne

1920 3432 2200 3499 penderet.
2230 3430 2408 3497 Quare
2432 3436 3010 3502 supersubstantialem
3057 3441 3203 3497 illam
3233 3450 3490 3501 unionem

1921 3522 2078 3591 longe
2110 3523 2543 3591 praestantiorem
2587 3526 2838 3594 dicimus,
2869 3546 2972 3583 non
3002 3537 3164 3587 modo
3190 3534 3255 3589 iis
3286 3553 3407 3606 qua:
3435 3541 3489 3593 in

1917 3616 2240 3683 corporibus
2291 3617 2563 3672 exsistunt
2612 3620 2927 3686 unionibus,
2962 3639 3147 3680 verum
3191 3630 3353 3683 etiam
3386 3632 3494 3685 illis

1914 3723 2035 3778 quae
2090 3709 2143 3763 itt
2191 3709 2480 3784 animabus
2532 3711 2663 3780 ipsis
2715 3716 3096 3787 mentibusque
3144 3724 3487 3791 contingunt,

1914 3814 2050 3868 quas
2090 3795 2370 3854 inconfusa
2399 3809 2455 3855 et
2486 3805 2913 3870 supennundiali
2960 3809 3171 3864 ratione
3215 3814 3487 3883 obtinent,

1914 3891 2039 3945 dum
2082 3892 2284 3945 lumina
2334 3893 2437 3945 ista
2484 3894 2773 3949 deiformia
2805 3902 3327 3975 supercwlestiaque
3355 3922 3487 3976 pro—

1912 3983 2226 4050 portionata
2280 3985 2380 4039 sibi
2425 3986 2849 4056 participatione
2875 4006 2974 4059 per
3007 3996 3260 4050 unionem
3296 3978 3489 4067 quam-

1913 4078 2034 4130 dam
2076 4078 2327 4132 omnibus
2357 4081 2795 4147 eminentiorem,
2825 4098 2885 4139 se
2935 4087 3063 4142 tatis
3104 4096 3211 4143 tota
3260 4092 3483 4159 partici-

1913 4183 2065 4240 pant.

1779 4313 1916 4387 §V.

300 4432 465 4509 ῖΈστι
492 4455 549 4509 δὲ
581 4457 675 4511 καὶ
708 4455 977 4529 διάκρισις
1003 4458 1063 4510 ὲν
1097 4458 1218 4521 ταῖς
1256 4457 1597 4529 ὑπερουσίοις
1632 4457 1811 4510 θεολο-

1986 4458 2295 4526 Quinetiam
2329 4471 2411 4516 est
2430 4462 2481 4515 in
2503 4462 3043 4533 superessentialibus
3061 4462 3155 4519 Dci
3174 4465 3482 4520 nominibus

1912 4550 2212 4613 distinctio,
2239 4566 2344 4623 qua
2360 4568 2465 4608 non
2489 4562 2695 4608 tantum
2728 4554 2811 4622 (ut
2836 4553 2967 4627 dixti)
2995 4554 3291 4607 secundum
3320 4555 3485 4627 319

1910 4640 2083 4712 ipsam
2115 4644 2369 4699 unionem
2395 4646 2652 4715 quaelibet
2682 4624 3081 4715 prmi-ipuarum
3129 4624 3480 4715 personarum

1911 4736 2246 4805 impcrmista
2297 4746 2462 4807 atque
2511 4735 2792 4792 ineonl‘usa
2827 4737 3071 4804 ponitur,
3098 4752 3285 4791 verum
3314 4740 3480 4793 etiam

1910 4842 1973 4882 ea
2003 4843 2125 4896 qua:
2149 4829 2687 4899 supersubstantialis
2716 4831 2861 4884 illius
2886 4831 3086 4885 divina:
3111 4835 3485 4901 generationis

1910 4929 2059 4986 sunt,
2093 4921 2235 4976 inter
2260 4937 2321 4976 se
2346 4922 2567 4977 minime
2595 4925 3024 4992 reciprocantur.
3058 4926 3209 4980 Adeo
3248 4937 3307 4981 ut
3334 4925 3482 4981 solus

1910 5014 2074 5068 Pater
2120 5013 2245 5069 fons
2288 5014 2361 5068 sit
2410 5015 2461 5067 in
2499 5016 3008 5083 supersubstantiali
3053 5016 3287 5083 Deitate,
3316 5028 3483 5088 atque

1911 5104 1984 5159 ita
2011 5105 2171 5160 Pater
2203 5121 2307 5160 non
2336 5105 2407 5159 sit
2434 5104 2629 5171 Filius,
2668 5121 2844 5174 neque
2865 5106 3031 5162 Filius
3061 5110 3135 5162 sit
3162 5108 3344 5173 Pater,
3382 5113 3479 5165 sed

1905 5198 2102 5265 cuique
2136 5197 2439 5251 divinarum
2465 5196 2821 5251 Personarum
2854 5199 3086 5266 propriae
3136 5213 3247 5252 sua:
3293 5198 3479 5253 laudes

1910 5290 2179 5345 inviolata:
2208 5301 2622 5345 conserventur.
2654 5288 2747 5344 lla:
2772 5290 2987 5359 quidem
3018 5301 3144 5346 sunt
3171 5289 3397 5344 uniones
3423 5300 3477 5343 et

1919 5381 2298 5439 distinctiones
2347 5381 2403 5437 in
2447 5382 2538 5437 illa
2582 5378 2839 5436 ineﬂ'abili
2882 5381 3085 5437 unione
3131 5391 3186 5437 et
3216 5376 3475 5439 essentia.

1503 5540 1741 5597 VARIAE
1778 5538 2182 5597 LECTIONES.

290 5673 693 5750 ῗῦπξροιθσιου
748 5677 1033 5750 θεότητος,
1086 5683 1145 5737 Ρ-

214 5747 259 5780 u
292 5744 355 5799 δ,
387 5744 526 5819 μόνῃ
548 5747 601 5800 δὲ
625 5750 691 5819 τῇ
722 5751 891 5820 πηγῇ·

1258 5686 1304 5718 "
1335 5683 1910 5754 συνεπισπασάμενον,
1968 5681 2024 5736 S.
2071 5681 2127 5735 Ρ.
2173 5681 2234 5736 D.

2327 5681 2372 5713 ⁸⁸
2402 5677 2711 5734 καταλιπόν.
2792 5677 2834 5710 ⁸⁷
2862 5675 3288 5749 ὑπερηνωμένης
3310 5714 3324 5741 ,
3370 5675 3473 5733 Cit.
