3876 6226
461 323 568 379 6&5

1631 326 1691 385 8.
1721 327 2025 386 DIONYSII
2061 332 2543 392 AREOPAGITEV

3627 339 3737 404 36$

460 439 617 506 Quod
667 439 712 494 si
745 454 877 494 vero
918 439 1081 495 etiam
1127 441 1309 497 divina
1335 442 1615 499 distinctio
1647 443 1720 499 sit
1755 447 2018 502 emanatit

2139 449 2385 513 ὲνώτεως
2416 453 2519 522 τῆς
2546 453 2698 520 θείας
2732 456 3166 529 ὑπερηνωμένως
3199 458 3397 531 ἑαυτὴν
3436 460 3738 536 ἀγαθάτητι

460 533 604 585 bono
648 532 975 587 conveniens
1018 534 1213 588 divinae
1260 536 1497 599 unionis,
1536 551 1658 605 quze
1710 552 2038 608 supraquam

462 623 613 675 unite
639 622 881 677 bonitate
910 623 1003 676 Dei
1037 623 1438 693 multiplicatur
1478 644 1491 680 :
1531 626 1884 681 distinctione
1913 628 2040 696 qui-

461 713 581 767 dem
640 714 819 767 divina
880 716 1047 768 unitae
1100 725 1224 770 sunt
1280 717 1867 787 incomprehensibiles
1922 721 2040 775 ista:

462 806 1001 870 comiminicationes,
1019 808 1600 875 substantiticationes,
1622 812 2037 879 viviﬁcationes,

460 898 1003 965 sapientiticationes,
1034 901 1249 969 aliaque
1295 902 1598 957 istiusmodi
1629 906 1871 959 omnium
1904 905 2038 960 εσυ-

460 992 643 1045 ctricis
672 990 927 1046 bonitatis
957 1010 1207 1058 munera,
1241 998 1537 1050 secundum
1570 1013 1692 1067 quae
1717 1014 1782 1053 ex
1813 1002 2038 1067 partici-

459 1083 768 1150 pationibus
792 1093 845 1139 et
873 1086 1227 1156 participibus
1252 1086 1541 1144 laudantur
1562 1104 1625 1144 ea
1654 1106 1775 1160 qua
1801 1093 2040 1161 imparti-

458 1196 635 1262 cipate
661 1197 1077 1265 partimpaltiur.
1103 1198 1168 1252 Et
1192 1199 1295 1254 hoc
1321 1216 1612 1255 commune
1640 1212 1695 1256 et
1722 1204 2033 1272 copulatum

456 1298 511 1340 et
535 1304 697 1339 unum
726 1298 809 1341 est
835 1290 929 1342 toti
957 1290 1251 1355 divinitati,
1280 1294 1593 1363 participari
1623 1295 1827 1349 scilicet
1864 1298 2032 1365 ipsam

457 1379 524 1430 ab
558 1394 884 1449 unoquoque
916 1381 1388 1451 participantium,
1419 1394 1471 1438 et
1498 1400 1526 1437 a
1562 1386 1706 1439 nullo
1734 1388 1879 1441 nulla
1910 1405 2037 1457 par-

457 1478 507 1521 te
540 1490 551 1523 :
584 1470 723 1523 sicut
774 1482 1033 1537 punctum
1081 1474 1254 1527 centri
1308 1474 1363 1527 in
1416 1476 1595 1529 medio
1645 1478 1836 1531 circuli
1872 1490 1925 1532 et
1965 1481 2034 1534 ab

453 1562 706 1616 omnibus
742 1562 898 1616 lineis
933 1564 1121 1627 rectis,
1157 1580 1278 1633 quae
1322 1574 1450 1620 sunt
1480 1566 1533 1619 in
1561 1567 1765 1622 circulo
1799 1569 2035 1624 circnm—

453 1654 640 1705 nositze
680 1653 1063 1721 participatur,
1093 1662 1150 1708 et
1195 1654 1339 1708 sicut
1393 1655 1576 1710 multa:
1634 1657 1820 1728 ﬁgura:
1867 1659 2029 1728 sigilli

2144 542 2489 616 πληθυούσης
2517 563 2575 599 τε
2611 548 2706 601 καὶ
2717 549 3617 624 πολλαπλασιαζούσης,ἡνιι›μέναι
3640 560 3737 627 μέν

2141 637 2246 688 είσι
2293 638 2435 691 κατὰ
2466 639 2566 710 τὴν
2595 639 2747 693 θείαν
2769 642 3041 713 διάκρισιν
3072 646 3127 697 αῖ
3154 646 3371 715 ἄσχετοι
3398 648 3733 716 μεταδόσεις,

2140 730 2196 782 αἱ
2224 729 2506 796 οὑσιὼσεις
2520 732 2585 795 ⁸⁸,
2615 736 2669 786 αί
2698 734 2956 799 ζωὼσεις,
2974 738 3039 789 αἱ
3067 740 3467 809 σοφοποιήσεις,
3496 743 3552 792 αἱ
3581 743 3733 795 ἄλλαι

2138 821 2339 894 δωρεαὶ
2375 824 2477 893 τῆς
2516 826 2735 880 πάντων
2778 829 2955 893 αἰτίας
2997 830 3351 901 ἀγαθὸτητος,
3389 834 3512 885 καθ’
3554 834 3621 898 ἃς
3672 837 3735 888 ἐκ

2136 915 2247 968 τῶν
2284 916 2528 986 μετοχῶν
2561 919 2655 970 xai.
2686 919 2793 971 τῶν
2823 922 3157 991 μετεχόντων
3188 924 3434 994 ὑμνεῖται
3464 925 3532 977 τὰ
3563 927 3734 996 ἀμεθ-

2139 1008 2311 1073 έκτως
2363 1012 2718 1082 μετεχόμενα.
2765 1014 2875 1065 Καὶ
2915 1014 3070 1066 τοῦτο
3107 1016 3283 1068 κοινὸν
3316 1018 3410 1069 καὶ
3448 1020 3733 1089 ἡνωμένον

2138 1103 2232 1155 καὶ
2270 1103 2329 1155 ἓν
2362 1104 2477 1156 ἐστι
2510 1107 2575 1175 τῇ
2616 1105 2713 1177 ὅλῃ
2752 1105 3047 1176 θεὸτητι⁹⁶,
3073 1106 3134 1159 τὸ
3176 1109 3354 1160 πᾶσαν
3390 1110 3565 1179 αὐτὴν
3607 1111 3733 1181 ὅλην

2138 1194 2227 1263 ὑφ’
2264 1195 2494 1249 ἑκάστου
2517 1196 2626 1248 τῶν
2655 1198 2989 1268 μετεχόντων
3016 1200 3359 1270 μετέχεσϐαι,
3396 1202 3491 1254 καὶ
3526 1204 3621 1254 ὑπ’
3642 1205 3733 1255 οὑ-

2135 1287 2283 1352 δενὸς
2310 1289 2542 1343 ούδενὶ⁹¹
2576 1292 2751 1362 μέρει·
2773 1292 3024 1363 καθάπερ
3057 1296 3280 1362 σημεῖον
3296 1296 3341 1326 ⁹²
3370 1296 3427 1346 ὲν
3455 1295 3610 1365 μέσῳ
3637 1297 3732 1348 κύ-

2137 1382 2264 1434 κλου
2296 1381 2431 1453 πρὸς
2459 1383 2650 1435 πασῶν
2670 1383 2777 1435 τῶν
2802 1385 2861 1436 ἐν
2894 1384 2970 1455 τῷ
2996 1384 3181 1455 κύκλῳ
3215 1387 3615 1457 περικειμένων
3644 1389 3730 1440 εύ-

2134 1473 2328 1527 θειῶν·
2368 1476 2461 1528 καὶ
2508 1475 2697 1546 ὥσπερ
2746 1476 3038 1548 σφραγῖδος
3082 1479 3449 1547 ὲκτυπώματα
3490 1479 3664 1532 πολλὰ
3684 1482 3729 1511 ’³

2138 1566 2351 1636 μετέχει
2374 1566 2474 1636 τῆς
2499 1567 2801 1637 ἀρχετύπου
2830 1569 3139 1639 σφραγῖδος,
3171 1570 3264 1622 καὶ
3295 1574 3352 1623 ἐν
3374 1572 3593 1642 ἑκάστῃ
3618 1573 3727 1627 τῶν

2134 1659 2571 1728 ὲκτυπωμὰτων,
2597 1659 2724 1729 ὅλης
2748 1661 2841 1712 καὶ
2861 1659 3068 1729 ταὺτῆς
3093 1663 3269 1715 οὐδενὶ
3296 1667 3416 1717 κατ’
3444 1666 3602 1718 οὐδὲν
3630 1667 3725 1736 μέ-

450 1758 722 1812 expressa:
776 1746 1129 1815 archetypum
1182 1746 1420 1817 sigillum
1481 1751 1831 1819 participant,
1866 1763 1921 1807 et
1976 1755 2018 1808 in

2137 1768 2247 1821 ρος.
2267 1750 2611 1823 ’Υπέρκειται
2636 1751 2692 1803 δὲ
2721 1752 2814 1804 καὶ
2836 1752 3040 1805 τούτων
3077 1756 3111 1825 ή
3152 1756 3251 1825 τῆς
3292 1758 3579 1810 παναιτίου
3605 1758 3722 1811 θεό-

451 1852 775 1907 unaquaqne
804 1838 969 1906 figura
1002 1838 1163 1905 sigilli
1196 1855 1452 1909 expressa
1486 1850 1654 1895 totum
1688 1852 1744 1895 et
1777 1843 1916 1897 idem
1950 1846 2027 1900 si-

450 1926 633 1996 gilium
670 1938 772 1993 est,
805 1938 859 1982 et
891 1930 942 1982 in
978 1930 1122 1982 nulla
1156 1929 1325 2000 [ignra
1372 1934 1667 1986 secundum
1706 1934 1869 1988 ullam
1900 1951 2025 2007 par-

2131 1862 2292 1915 τητος
2331 1844 2617 1915 ἀμεθεξία,
2641 1844 2719 1915 τῷ
2766 1846 2903 1916 μήτε
2930 1846 3147 1916 ἐπαφὴν
3190 1848 3357 1917 αὑτῆς
3385 1845 3547 1911 εἷναι,
3586 1852 3720 1922 μήτι

2134 1936 2299 2007 ἄλλην
2321 1935 2442 1988 τινὰ
2467 1937 2601 2007 πρὸς
2626 1936 2693 1989 τὰ
2720 1936 3013 2007 μετέχοντα
3041 1938 3289 2009 συμμιγῆ
3313 1942 3617 1993 κοινωνίαν.

449 2032 578 2076 tem.
621 2022 806 2076 Vincit
854 2032 1035 2077 autem
1086 2024 1201 2077 haec
1255 2023 1502 2092 exempla
1551 2026 1888 2092 divinitatis,
1947 2043 2067 2097 qum
2130 2029 2375 2083 omnium
2443 2043 2606 2081 causa
2657 2039 2783 2095 est,
2840 2029 3402 2099 imparticipabilitas;
3462 2035 3717 2103 qthniaut

446 2115 563 2185 ejus
586 2113 731 2169 nulla
758 2123 841 2169 est
866 2116 1053 2179 tactio,
1086 2128 1260 2185 neque
1278 2114 1384 2169 alia
1413 2130 1534 2169 cum
1562 2118 2021 2187 participantihus
2059 2120 2330 2176 mistionis
2358 2122 2689 2177 communio.

1996 2264 2023 2336 §
2084 2264 2190 2324 Vl.

513 2410 582 2462 At
609 2409 753 2464 dicet
783 2408 1001 2479 aliquis,
1022 2409 1255 2482 sigillum
1282 2414 1334 2467 in
1371 2414 1499 2469 totis
1526 2420 1803 2485 expressis
1830 2417 2018 2488 ﬁguris

442 2520 548 2559 non
585 2520 705 2561 esse
734 2516 903 2559 touim
935 2516 989 2561 et
1013 2507 1175 2561 idem.
1212 2508 1409 2563 Verum
1441 2509 1601 2577 hujus
1626 2512 1700 2565 rei
1733 2528 1838 2566 non
1865 2511 2019 2583 sigil-

440 2598 549 2651 lum
580 2614 745 2653 causa
798 2612 882 2653 est
928 2601 1142 2669 (totum
1177 2602 1320 2656 enim
1352 2617 1472 2657 sese
1503 2604 1634 2657 illud
1665 2613 1828 2674 atque
1872 2607 2016 2660 idem

440 2690 729 2759 unicuique
752 2692 1161 2761 communicat),
1185 2694 1278 2747 sed
1302 2695 1735 2765 partieipantium
1763 2696 2020 2751 diﬂeren-

441 2782 533 2844 tia,
564 2782 746 2846 unius,
781 2784 965 2847 totius,
996 2783 1349 2854 ejusdemque
1374 2788 1662 2855 primitivaa
1686 2788 1877 2843 forma:
1898 2790 2017 2842 dis-

437 2874 641 2930 similes
670 2877 846 2929 reddit
878 2878 1079 2947 eliigies
1114 2894 1129 2931 :
1163 2891 1221 2931 ut
1248 2880 1317 2942 si,
1358 2880 1509 2934 verbi
1543 2882 1745 2950 gratia,
1772 2882 2011 2949 subjecta

436 2969 547 3022 sint
586 2968 792 3032 mollia,
824 2968 1171 3038 {armataque
1209 2969 1409 3037 facilia,
1456 2971 1701 3041 leviaqne
1736 2984 1791 3027 et
1822 2974 2015 3043 inﬁgu-

436 3070 574 3124 rata,
611 3076 709 3117 nec
741 3062 1088 3125 relnctantia,
1130 3079 1230 3117 nec
1262 3066 1421 3129 dura,
1459 3080 1635 3133 neque
1659 3065 1824 3131 ﬂuxa,
1848 3075 1903 3119 et
1932 3066 2013 3119 in-

2193 2418 2386 2472 Καίτοι
2420 2418 2552 2488 φαίη
2580 2434 2682 2480 τις·
2707 2417 2820 2470 Οὑκ
2845 2416 2991 2469 ἐστιν
3014 2417 3048 2487 ἡ
3074 2416 3307 2487 σφραγὶς
3342 2416 3402 2468 ὲν
3439 2414 3585 2479 ὅλοις
3604 2416 3713 2474 τοῖς

2123 2507 2442 2579 ὲκμαγείοις
2477 2509 2571 2580 ὅλη
2608 2508 2914 2579 καὶταύτή.
2942 2506 3146 2559 Τούτου
3167 2506 3223 2559 δὲ
3262 2508 3362 2575 οὑχ
3404 2508 3439 2577 ἡ
3477 2507 3711 2576 σφραγὶς

2122 2604 2271 2656 αἰτία
2299 2604 2503 2674 (πᾶσαν
2525 2602 2633 2673 γὰρ
2663 2601 2863 2670 ἑαυτὴν
2891 2600 3074 2671 ἐκείνη
3097 2601 3191 2652 καὶ
3210 2599 3412 2670 ταύτὴν
3437 2600 3652 2669 ἑκάστῳ
3666 2601 3711 2632 ’⁵

2122 2696 2429 2748 ἐπιδίδωσιν
2463 2695 2504 2759 ),
2535 2694 2643 2765 ἠδὲ
2674 2693 2783 2746 τῶν
2817 2694 3147 2764 μετεχόντων
3164 2694 3209 2724 ’⁸
3241 2692 3570 2764 διαφοψς
3594 2694 3712 2747 ἀνύ-

2126 2805 2253 2859 μοια
2302 2790 2445 2841 ποιεῖ
2487 2787 2555 2839 τὰ
2597 2787 3004 2856 ἁπομὸργματα
3045 2785 3144 2855 τῆς
3170 2788 3298 2856 μιᾶς
3324 2788 3418 2839 καὶ
3452 2786 3583 2856 ὅλης
3618 2787 3711 2840 καὶ

2122 2881 2327 2950 ταὺτῆς
2365 2880 2724 2951 ἀρχετυπίας·
2753 2876 2884 2939 οἷον,
2912 2879 2960 2929 εί
2990 2877 3088 2947 μὲν
3116 2877 3295 2930 ἁπαλὰ
3333 2878 3426 2929 καὶ
3459 2877 3709 2930 εὑτύπωο

2120 2991 2189 3028 τα
2202 2976 2249 3007 “
2274 2970 2341 3047 ᾖ,
2369 2974 2460 3027 καὶ
2484 2974 2601 3026 λεῖα
2624 3015 2637 3036 ,
2667 2972 2761 3025 καὶ
2797 2971 3082 3041 ἀχάρακτα
3123 2972 3216 3023 καὶ
3261 2971 3398 3041 μήτε
3439 2971 3707 3023 ἀντίτυπα

2120 3067 2216 3119 καὶ
2250 3066 2479 3137 σκληρὰ,
2510 3068 2644 3137 μήτε
2681 3065 2968 3133 εὑδιὰχυτα
3001 3063 3094 3115 καὶ
3116 3062 3391 3114 ἀσύστατα
3411 3102 3425 3125 ,
3464 3062 3707 3132 καθαρὸν

434 3157 761 3219 constantia,
797 3155 1025 3226 ﬁguram
1052 3157 1278 3209 nitidam
1313 3169 1368 3211 et
1397 3167 1664 3226 apertam,
1706 3173 1769 3209 ac
1801 3174 2017 3226 perma-

2125 3160 2231 3225 ἒξει
2258 3161 2353 3213 καὶ
2379 3160 2525 3229 σαφῆ
2557 3160 2651 3211 καὶ
2686 3157 3089 3227 ὲναπομένοντα
3118 3156 3209 3207 τὸν
3244 3156 3444 3208 τύπον·
3490 3158 3541 3207 εί
3580 3157 3705 3209 δέτι

436 3258 649 3302 nentcm
674 3248 927 3301 habitura
954 3260 1117 3310 sunt;
1145 3250 1227 3303 sin
1255 3259 1433 3304 autem
1461 3250 1663 3318 aliquid
1689 3250 1848 3303 dictae
1875 3250 2013 3318 apti-

2125 3254 2209 3324 τῆς
2239 3252 2536 3324 εἰρημένης
2561 3249 3049 3321 ἐπιτηδειότητος⁹⁷
3074 3248 3327 3309 ἐλλείποι,
3348 3247 3507 3300 τοῦτο
3533 3248 3705 3299 αἴτιον

433 3340 608 3393 tudini
640 3341 892 3402 defuerit,
921 3354 983 3394 ea
1017 3341 1202 3408 utique
1230 3356 1393 3395 causa
1425 3341 1553 3407 erit,
1583 3356 1679 3394 cur
1707 3340 1875 3407 figura
1912 3340 2013 3393 mi-

2125 3345 2264 3398 Ξσται
2304 3343 2399 3397 τοῦ
2437 3342 2741 3413 ἁμεοέκτου
2783 3343 2877 3395 καὶ
2918 3339 3257 3393 ἀτυπώτου⁹⁸
3300 3341 3394 3392 xai.
3434 3339 3531 3391 τοῦ
3571 3341 3704 3392 ἀσα-

432 3447 538 3485 nus
579 3446 837 3500 expressa
868 3432 939 3485 sit
970 3440 1025 3485 et
1062 3431 1233 3494 clara,
1266 3442 1576 3500 ceteraque
1614 3432 1866 3485 accidant
1892 3449 2010 3499 qua:

430 3537 495 3575 ex
547 3523 903 3590 participandi
955 3523 1317 3593 ineptitudiue
1345 3523 1524 3576 solent
1550 3524 1789 3577 evenire.
1828 3522 2003 3580 Porro

432 3615 484 3667 in
514 3615 753 3667 beneﬁca
785 3616 960 3668 nostri
994 3616 1340 3684 reparatione
1368 3631 1565 3669 munus
1598 3614 1702 3668 hoc
1733 3632 1760 3667 a
1790 3615 2011 3671 Deitate

429 3707 745 3760 distinctum
783 3719 887 3769 est,
910 3710 1051 3776 quod
1081 3718 1303 3777 propter
1338 3722 1437 3762 nos
1465 3724 1530 3761 ex
1564 3709 1722 3762 nobis
1749 3710 2005 3771 Verbum,

429 3799 574 3865 quod
626 3814 789 3866 supra
840 3800 1204 3853 substantiam
1254 3809 1360 3861 est,
1396 3799 1661 3866 integrann
1714 3815 2006 3868 veramque

431 3898 669 3943 nos‘tram
701 3889 1055 3943 substantiam
1089 3890 1459 3959 assumpserit,
1493 3890 1657 3960 320
1684 3905 1855 3959 eaque
1881 3905 2006 3960 ges-

428 3982 561 4036 serit
594 3981 905 4050 tuleritque,
934 3997 1053 4049 qua:
1085 3983 1336 4035 humana:
1361 3982 1527 4051 ipsius
1553 3983 1788 4036 actionis
1815 3985 2006 4051 pracci-

427 4090 531 4143 pna
595 4085 723 4127 sunt
772 4086 827 4127 et
877 4075 1193 4144 singularia.
1230 4074 1351 4128 llzec
1398 4076 1542 4128 enim
1595 4075 1737 4128 nulla
1796 4079 2005 4131 ratione

427 4167 734 4220 conmumia
784 4175 910 4220 sunt
944 4166 1120 4220 Patris
1147 4180 1211 4220 ac
1243 4166 1502 4235 Spiritus,
1550 4166 1655 4220 nisi
1697 4166 1837 4221 forte
1881 4169 2004 4238 quis

426 4260 593 4323 dicat,
626 4259 838 4312 consilii
870 4259 1086 4327 benigni
1112 4266 1297 4325 tatqne
1329 4257 1551 4310 humani
1585 4259 1999 4324 communitate,

424 4362 479 4403 et
506 4350 805 4404 secundum
831 4364 1047 4403 omnem
1082 4347 1225 4400 illam
1256 4351 1589 4401 eminentem
1623 4358 1787 4417 atque
1818 4349 2003 4403 ineiTa-

2113 3437 2267 3507 φοῧςν
2303 3438 2397 3490 xui.
2441 3436 2547 3489 τῶν
2590 3435 2766 3489 ἄλλων
2806 3435 2905 3486 ὅσα
2948 3432 3415 3501 ἁνεπιτηδειὸτητι
3467 3431 3701 3502 μετοχῆς

2110 3530 2346 3598 γίνεται.
2377 3528 2723 3599 Διακέκριται
2769 3526 2825 3579 δὲ
2862 3526 2961 3594 τῆς
2998 3522 3415 3595 ἀγαθοπρεποῦς
3442 3526 3525 3587 είς
3558 3527 3702 3595 ἡμᾶς

2111 3619 2418 3692 θεουργίας,
2446 3619 2507 3671 τὸ
2545 3618 2665 3671 καθ’
2693 3619 2839 3688 ἡμᾶς
2878 3616 2935 3682 EF,
2969 3615 3127 3687 ἡμῶν
3149 3615 3340 3679 ὑλικῶς
3366 3617 3461 3669 καὶ
3484 3617 3701 3687 ἀληθῶς

2108 3712 2433 3781 οὑσιωθῆναι
2456 3711 2546 3763 τὸν
2572 3708 2892 3779 ὑπερούσιον
2920 3708 3096 3775 λόγον,
3120 3708 3214 3759 καὶ
3240 3707 3436 3777 δρᾶσαι
3466 3709 3563 3760 καὶ
3590 3726 3697 3760 πα-

2109 3803 2221 3855 θεῖν
2260 3804 2359 3855 ὅσα
2390 3803 2487 3872 τῆς
2521 3800 2875 3871 ἀνθρωπικῆς
2910 3799 3071 3852 αὑτοῦ
3106 3799 3393 3869 θεουργίας
3433 3801 3585 3853 ἐστὶν
3612 3800 3702 3853 ἐκ·

2108 3908 2269 3963 κριτα
2322 3890 2417 3943 καὶ
2462 3889 2734 3959 ἐξαίρετα.
2784 3888 3007 3951 Τούτοις
3050 3888 3159 3959 γὰρ
3203 3891 3231 3941 ὁ
3268 3889 3460 3959 Πατὴρ
3498 3890 3593 3941 καὶ
3638 3888 3699 3942 τὺ

2106 3983 2331 4053 Πνεῦμα
2378 3982 2497 4035 κατ’
2524 3981 2714 4034 οὐδένα
2753 3980 3118 4051 κεκοινώνηκε
3160 3980 3335 4049 λόγον,
3364 3982 3414 4033 εί
3465 3983 3539 4052 μή
3593 3982 3697 4035 πού

2102 4091 2187 4137 τις
2245 4074 2377 4145 φαίη
2431 4073 2572 4126 κατὰ
2620 4074 2719 4143 τὴν
2766 4072 3124 4143 ἀγαθοπρεπῆ
3170 4072 3263 4125 καὶ
3316 4072 3698 4144 φιλάνθρωτων

2106 4163 2356 4233 βούλησιν
2373 4165 2439 4227 ⁸³,
2480 4163 2574 4215 καὶ
2617 4163 2757 4216 κατὰ
2799 4164 2979 4217 πᾶσαν
3020 4164 3118 4234 τὴν
3161 4164 3566 4236 ὑπερκειμένην
3601 4166 3695 4218 καὶ

2102 4256 2339 4327 ἆρῤητον
2366 4255 2673 4327 Οεουργίαν,
2701 4256 2767 4325 ἣν
2790 4254 3016 4325 δέδρακε
3041 4256 3109 4285 ¹⁰⁰
3140 4255 3261 4307 καθ’
3283 4257 3433 4326 ἡμᾶς
3454 4256 3694 4325 γεγονὼς

2099 4351 2129 4401 ὁ
2163 4346 2538 4409 ἀναλλοίωτος,
2652 4346 2818 4409 θεὸςί
2866 4344 2962 4399 καὶ
2986 4345 3123 4399 Θεοῦ
3166 4346 3355 4414 Λόγος.
3400 4347 3559 4400 Οὕτω
3600 4348 3693 4400 καὶ

425 4442 584 4495 bilem
614 4441 852 4494 divinam
888 4438 1289 4508 Operatiooem,
1321 4453 1505 4505 quam,
1538 4440 1680 4506 apud
1733 4455 1829 4492 nos
1853 4441 2001 4513 exsi-

2125 4439 2261 4507 ίμεῖς
2284 4436 2351 4488 τὰ
2380 4436 2496 4488 θεῖα
2523 4437 2617 4488 καὶ
2644 4434 2798 4488 ἑνοῦν
2822 4436 2897 4507 τῷ
2920 4437 3063 4506 λόγῳ
3088 4439 3182 4490 καὶ
3204 4437 3501 4508 διακρίνειν
3527 4439 3693 4492 σπεύ-

423 4545 592 4600 swns,
632 4534 676 4587 is
702 4532 792 4601 qui
824 4530 1175 4585 immutabilis
1203 4539 1323 4582 erat
1348 4530 1616 4594 exercuit,
1648 4530 1701 4584 in
1733 4542 1993 4599 quantum

426 4626 565 4678 Dens
591 4635 640 4678 et
674 4624 763 4678 Dei
800 4621 1055 4677 Verbum.
1090 4620 1196 4674 Nos
1219 4635 1435 4689 quoque
1463 4620 1713 4675 similiter
1744 4638 1830 4675 res
1857 4622 1995 4675 divi-

2100 4530 2299 4600 δομεν,
2355 4529 2429 4593 ὡς
2504 4528 2641 4581 αὑτὰ
2686 4528 2753 4582 τὰ
2805 4529 2923 4582 οεῖα
2972 4533 3066 4584 καὶ
3125 4532 3328 4602 ἥνωται
3362 4533 3457 4584 καὶ
3506 4532 3690 4586 διακέ-

2101 4639 2304 4694 κριται.
3468 4616 3477 4621 ⁵

424 4735 519 4772 nas
546 4733 792 4771 sermone
843 4718 1173 4786 conjungere
1216 4714 1662 4783 distinguereque
1713 4716 2041 4784 satagimus,
2076 4724 2237 4785 prout
2282 4716 2411 4785 ipsa:
2462 4715 2719 4769 nimirum
2770 4714 2823 4769 in
2870 4730 2930 4771 se
2962 4716 3046 4770 vel
3095 4718 3261 4772 unita:
3310 4727 3438 4773 sunt
3464 4716 3553 4773 vel
3590 4717 3691 4771 dis-

425 4815 627 4867 tinctm.

1936 4968 2138 5045 μνη.

490 5110 601 5165 Sed
652 5110 844 5164 harum
890 5110 1148 5164 unionnm
1177 5126 1240 5166 ac
1267 5112 1679 5168 distinctionum
1713 5128 1985 5183 qnasrnn-
2022 5096 2023 5099 ¹

417 5221 524 5277 que
560 5205 611 5258 in
641 5203 873 5273 eloquiis
907 5203 1142 5259 rationes
1184 5204 1296 5260 Deo
1340 5218 1739 5261 consentaneas
1784 5205 1989 5274 reperi-

2178 5109 2358 5171 ’Δλλὰ,
2376 5107 2580 5163 τούτων
2605 5110 2705 5181 μὲν
2730 5110 2838 5164 τῶν
2865 5110 3110 5165 ὲνῶσεὼν
3133 5131 3193 5167 τε
3220 5117 3314 5168 καὶ
3338 5115 3680 5192 διακρίσεων,

2096 5204 2225 5268 ὅσας
2260 5207 2317 5258 ὲν
2344 5206 2453 5269 τοῖς
2482 5203 2683 5272 λογίοις
2709 5204 3033 5276 θεοπρεπεῖς
3057 5207 3235 5272 αἰτίας
3265 5210 3607 5284 εὑρήκαμεν,
3627 5217 3683 5267 ἐν

1688 5380 1922 5436 νΑῐιιίΕ
1956 5380 2299 5436 LECTIONE
2312 5379 2372 5437 8.

496 5522 540 5595 ’ἲ
565 5520 863 5595 οὐσιῶδεις.
910 5591 920 5595 _
986 5520 1036 5595 ’°_
1057 5523 1374 5595 ἅγαθότητι,
1407 5523 1461 5577 8.
1494 5526 1554 5580 Ρ.

414 5591 602 5654 πολλὰ,
633 5593 686 5647 S.
722 5594 779 5647 Ρ.

412 5642 475 5714 ii.
505 5642 822 5736 ὲέὲύξτὲυῖεᾼι,
847 5662 908 5736 it.
934 5642 1048 5736 As'l'”
1073 5642 1424 5736 ξῗῐδὶὸέηξῐξξ

1657 5526 1699 5557 οι
1733 5526 1790 5564 ἓν
1815 5526 1930 5564 m’iR:

986 5523 1031 5553 9°
1057 5523 1374 5595 ἅγαθὸτητι,
1407 5523 1461 5577 8.
1494 5526 1554 5580 Ρ.
1657 5526 1699 5557 ’ί
1732 5526 1790 5578 ὲν
1815 5524 2007 5586 οὐδενί,
2054 5523 2110 5575 Ρ.
2217 5525 2261 5553 θ’
2292 5523 2517 5592 κέντρου
2548 5524 2787 5592 σημεῖον.

884 5591 930 5623 9⁸
946 5593 1050 5665 καὶ
1074 5596 1276 5665 ταύτὴν
1299 5596 1493 5665 ταύτῃ,
1524 5596 1592 5650 Μ.
1624 5596 1718 5649 καὶ
1745 5596 1980 5665 ἑκάστῳ,
2011 5594 2068 5647 8.
2101 5594 2160 5647 ι).
2191 5594 2248 5646 l’.
2328 5594 2374 5623 "
2403 5592 2519 5665 ἀλλ’
2612 5593 2719 5644 τῶν
2749 5613 2787 5665 μ

1479 5636 1493 5660 ,
1524 5611 1592 5650 tu.
1624 5611 1718 5649 και
1745 5611 1980 5665 εκαστῳ,
2012 5611 2068 5647 8.
2101 5611 2160 5647 υ.
2192 5611 2248 5646 ι’.
2330 5611 2374 5623 ὐ
2403 5611 2515 5644 αΑΑ·
2545 5611 2576 5660 η
2612 5611 2719 5644 των
2749 5611 3105 5667 μετεχουτων,
3142 5611 3198 5653 I’.
3232 5611 3352 5654 διιτ-
3438 5611 3485 5634 "
3513 5611 3674 5661 ἁπλᾶ,

1437 5611 1514 5721 1'i).
1592 5669 1637 5695 ⁸⁸
1664 5666 1757 5719 τοῦ
1787 5666 2090 5735 ἁμεοέκτου
2122 5680 2227 5717 non
2260 5664 2421 5735 habet
2459 5663 2518 5735 Dr.
2639 5666 2732 5735 καὶ
2757 5667 3046 5723 ἀτυπώτου
3094 5686 3201 5726 non
3250 5684 3333 5727 est
3376 5675 3432 5728 in
3478 5673 3537 5729 S.
3588 5675 3674 5726 SC-

2217 5525 2261 5553 "
2292 5522 2418 5574 κέντ

2426 5539 2518 5603 pou
2548 5524 2795 5603 σημεῖον,
2825 5524 2885 5579 Ρ.
3002 5528 3101 5582 Ch.
3140 5599 3167 5603 _
3205 5530 3262 5603 ’ξ
3282 5530 3588 5603 ὲκτύπωμα
3614 5530 3677 5582 τὰ

2790 5598 3105 5667 ετεχόντων,
3140 5599 3198 5653 P.
3232 5600 3352 5654 Sar.
3438 5604 3485 5634 "
3513 5598 3675 5661 ἆπλεὶ.

410 5736 534 5785 bar.
610 5735 655 5764 θ’
684 5734 1032 5805 συμϐουλίαν,
1064 5734 1119 5791 8.
1148 5732 1503 5814 ὁμοϐουλίαν,
1533 5738 1590 5791 Ι).
1618 5737 1675 5791 Ρ.
1757 5732 2063 5811 ¹⁰⁰’έδρασε,
2094 5735 2150 5789 8.
2186 5737 2241 5788 l’.
2323 5734 2336 5763 ¹
2371 5732 2402 5811 ᾖ
2430 5734 2521 5787 καὶ
2548 5732 2700 5799 Θεός,
2736 5736 2776 5789 Ρ
