3876 6226
246 310 361 369 035

1380 305 1757 365 DEDIVINIS
1790 303 2195 373 NOMINIBUS,
2230 302 2383 360 CAP.
2418 302 2482 360 ll.

3412 309 3522 367 646

251 424 378 486 ταῖς
414 422 750 493 θεολογικαῖς
794 422 1227 487 ὑπατυπώσεσιν,
1280 420 1387 493 ἰδίᾳ
1435 421 1565 493 περί⁵
1608 420 1836 474 ἑκάστου

1950 435 2090 485 mus,
2116 423 2169 475 in
2200 418 2629 475 institutionibus
2663 418 2998 490 theologieis,
3028 410 3273 477 seorstiin
3305 420 3373 478 de
3400 438 3518 478 sm-

250 514 621 580 διαλύοντες,
652 516 726 580 ὡς
752 515 992 583 ἐφικτὸν,
1021 513 1336 585 ἐξεθέμεθα,
1358 513 1426 566 τὰ
1445 514 1543 584 μὲν
1565 512 1842 576 ἀνελίξαν-

248 610 377 671 τες²
407 606 484 679 τῷ
506 607 696 678 ἀληθεῖ
725 608 869 680 λόγῳ
898 610 989 663 καί
1015 606 1438 673 ἀναπτύξαντες,
1464 605 1561 659 καὶ
1585 605 1676 659 τὸν
1700 604 1843 676 ἱερὸν

249 697 349 751 καὶ
385 698 478 752 τὸν
501 700 891 754 ἀνεπιθόλωτθν
922 700 1047 754 νοῦν
1084 702 1177 753 ἐπὶ
1200 699 1269 753 τὰ
1306 698 1447 769 φανά
1471 696 1580 752 τῶν
1609 696 1803 767 λογίων
1822 696 1843 727 ³

250 788 506 860 θεάματα
534 793 974 864 προσαγαγόντες
993 810 1006 822 ·
1034 796 1147 857 τοῖς
1175 792 1255 859 δὲ,
1282 792 1358 857 ὡς
1394 793 1674 865 μυστικοῖς
1702 789 1842 842 κατά

246 881 354 953 τὴν
380 881 531 935 θείαν
552 885 849 956 παράδοσιν
872 884 1011 954 ὑπὲρ
1035 884 1228 956 νοερὰν
1260 882 1538 955 ἐνέργειαν
1560 880 1844 935 ἐπιϐαλόν-

246 987 341 1034 τες
355 972 399 1025 ⁵.
429 972 614 1026 Πάντα
641 975 749 1045 γὰρ
778 974 846 1027 τὰ
874 974 1014 1037 θεῖα,
1039 974 1135 1028 καὶ
1173 975 1272 1027 ὅσα
1311 974 1442 1044 ἡμῖν
1480 971 1840 1040 ἐκπέφανται,

245 1067 374 1127 ταῖς
427 1068 681 1136 μετοχαῖς
729 1066 916 1136 μόναις
962 1065 1287 1135 γινώσκεται
1312 1083 1326 1096 υ
1377 1064 1518 1119 αὐτά
1562 1063 1641 1128 δὲ,
1685 1062 1845 1116 ὁποῖά

250 1160 390 1209 ποτέ
419 1159 537 1210 ἐστι
573 1158 713 1211 κατά
740 1159 841 1230 τὴν
865 1159 1072 1212 οἰκείαν
1106 1157 1278 1229 ἀρχὴν
1320 1159 1413 1210 καὶ
1443 1156 1669 1228 ἵδρυσιν,
1701 1152 1843 1225 ὑπὲρ

249 1247 382 1301 νοῦν
410 1251 527 1302 ἐστι
552 1251 647 1304 καὶ
676 1253 858 1305 πᾶσαν
886 1252 1070 1305 οὐσίαν
1098 1253 1193 1304 καί
1229 1250 1451 1320 γνῶσιν.
1491 1244 1636 1313 Οἶον,
1669 1251 1718 1302 εἰ
1745 1248 1844 1319 τὴν

1950 513 2090 583 gulis
2134 513 2485 577 disserentes,
2516 512 2593 566 uti
2620 510 2930 581 lpotuimus,
2973 512 3358 582 explicuimus,
3396 531 3523 585 par-

1950 605 2045 661 tim
2092 604 2311 674 quidem
2363 618 2456 658 eas
2504 620 2632 659 vera
2683 604 2894 660 ratione
2934 605 3240 669 enodando.
3272 615 3525 679 etexpo-

1947 696 2148 762 nendo,
2194 705 2357 765 atque
2401 696 2476 748 ita
2523 713 2715 765 purqu
2761 713 2826 751 ac
2877 696 3228 766 tranquillum
3282 698 3521 753 animum

1945 803 2208 858 perquam
2244 787 2438 842 lucidis
2471 786 2810 856 eloquiorum
2845 789 3396 858 contemplationibus
3437 790 3528 845 ad-

1946 881 2242 947 movendo;
2276 883 2472 950 partim
2505 898 2658 945 vero,
2690 898 2787 937 ceu
2816 883 3078 953 mysticis,
3112 898 3179 939 ex
3206 883 3387 938 divina
3412 894 3525 937 tra-

1946 976 2153 1030 ditione
2200 989 2363 1042 supra
2413 974 2722 1028 intellectus
2765 976 3137 1044 operationem
3173 962 3539 1031 intendeudof

1946 1066 2138 1121 Divina
2157 1068 2304 1121 enim
2319 1067 2521 1129 omnia,
2540 1066 2703 1121 etiam
2719 1066 2804 1120 illa
2825 1083 2945 1134 quae
2961 1067 3117 1122 nobis
3134 1080 3522 1139 apparuerunt,

1946 1158 2076 1213 solis
2094 1158 2601 1227 participatiouihus
2622 1170 3054 1225 cognoscuntur;
3079 1175 3241 1227 porro
3271 1163 3408 1229 ipsa,
3423 1178 3523 1217 cu-

1938 1249 2174 1317 jusmodi
2211 1251 2261 1303 iu
2301 1264 2399 1303 suo
2427 1250 2693 1319 principio
2718 1266 2929 1321 suaque
2968 1251 3094 1306 sede
3126 1253 3343 1323 propria
3379 1253 3524 1308 exsi-

252 1342 581 1411 Jnspodatov
620 1345 955 1417 κρυφιὸτητα
992 1345 1146 1407 Θεὸν,
1192 1344 1226 1415 ἢ
1271 1343 1436 1415 ζωὴν,
1480 1343 1513 1415 ἦ
1557 1343 1836 1414 οὐσίαν,ἣ

1948 1352 2110 1404 stant,
2142 1342 2324 1395 nullus
2351 1358 2543 1397 sensus
2573 1343 2811 1412 attingit,
2848 1344 2988 1398 nulla
3024 1353 3216 1398 natura
3257 1345 3519 1415 nullaque

248 1429 394 1499 φῶς,
421 1432 454 1502 ἢ
485 1432 641 1509 λόγον
681 1434 1070 1504 ὀνομάσαιμεν,
1100 1432 1253 1485 οὐδὲν
1299 1432 1485 1504 ἕτερον
1527 1432 1776 1502 νοοῦμεν,
1809 1431 1836 1502 ἢ

1947 1432 2188 1502 cognitio
2220 1442 2491 1501 penetrat.
2526 1430 2702 1486 Veluti
2731 1448 2853 1485 cum
2890 1448 3149 1487 arcanmu
3181 1434 3312 1488 illud
3341 1450 3528 1504 super-

246 1522 353 1586 τὰς
416 1525 499 1587 εἰς
554 1525 699 1595 ἡμᾶς
760 1524 818 1591 ἐξ
873 1524 1045 1595 αὐτῆς
1102 1523 1481 1595 προαγομένας
1523 1523 1780 1594 δυνάμεις
1799 1524 1836 1587 ⁸,

1948 1524 2267 1591 essentiale,
2312 1523 2394 1579 vel
2439 1523 2629 1589 Deum,
2666 1524 2750 1579 vel
2794 1525 2981 1589 vitam,
3014 1525 3100 1581 vel
3139 1525 3525 1591 substantiam,

247 1611 610 1679 ἐκθεωτικάς,
651 1614 685 1685 ἢ
719 1615 1078 1678 οὐσιοποιοὺς,
1120 1614 1153 1685 ἢ
1185 1612 1501 1683 ζωογόνους,
1532 1613 1566 1684 ἢ
1610 1611 1836 1682 σοφοδώ-

1945 1616 2030 1672 vel
2085 1616 2287 1683 lucem,
2335 1615 2420 1671 vel
2473 1612 2710 1670 Verbum
2769 1615 3141 1685 appellamus,
3194 1615 3329 1670 nihil
3379 1615 3525 1670 aliud

246 1719 417 1774 ρους·
451 1706 589 1776 αὐτῇ
634 1705 691 1758 δὲ
732 1705 874 1759 κατὰ
916 1705 1015 1777 τὴν
1063 1704 1252 1759 πασῶν
1274 1706 1294 1736 ⁸
1323 1704 1432 1758 τῶν
1466 1704 1669 1777 νοερῶν
1693 1706 1836 1776 ἐνερ-

1946 1724 2110 1780 quam
2138 1710 2222 1764 vel
2279 1709 2526 1774 deiﬁcas,
2553 1707 2640 1762 vel
2677 1708 3110 1774 substantincas,
3146 1709 3225 1763 vel
3262 1709 3524 1771 viviﬁcas,

245 1801 419 1869 γειῶν
457 1800 716 1855 ἀπόλυσιν
738 1800 1127 1871 ἐπιϐάλλομεν,
1151 1798 1407 1869 οὐδεμίαν
1438 1797 1673 1869 ὁρῶντες
1709 1798 1836 1851 θέω-

1945 1801 2030 1855 vel
2060 1801 2428 1870 sapientilicas
2454 1802 2686 1856 virtutes
2720 1800 3094 1871 intelligimus.
3125 1817 3245 1871 qua:
3275 1802 3343 1855 ab
3373 1818 3438 1857 eo
3470 1805 3524 1859 in

246 1907 355 1957 σιν,
377 1893 412 1963 ἢ
444 1893 610 1964 ζωὴν,
641 1894 674 1965 ἢ
702 1891 1287 1965 οὐσίαν,ἧτιςάκρι6ῶς
1328 1892 1574 1963 ἐμφερής
1614 1892 1732 1944 ἐστι
1771 1893 1838 1962 τῇ

244 1985 470 2040 πάντων
514 1985 829 2060 ἐξῃρημένῃ
872 1986 1015 2040 κατά
1069 1987 1250 2039 πᾶσαν
1301 1983 1575 2056 ὑπεροχὴν
1621 1981 1767 2054 αἰτίᾳ
1795 1983 1838 2038 ’⁷.

241 2077 440 2141 Πάλιν,
470 2078 553 2131 ὅτι
602 2079 698 2150 μὲν
742 2078 857 2132 ἐστι
904 2077 1118 2149 πηγαία
1160 2075 1352 2146 θεότης
1395 2075 1424 2127 ὁ
1469 2074 1679 2145 Πατὴρ,
1712 2073 1740 2125 ὁ
1782 2072 1840 2125 δὲ

258 2169 509 2241 Ἰησοῦς⁸
541 2172 635 2224 καὶ
681 2170 744 2223 τὸ
784 2170 1030 2242 Πνεῦμα,
1056 2170 1157 2240 τῆς
1202 2169 1451 2238 θεογόνου
1483 2169 1757 2240 θεότητος,
1789 2169 1839 2220 εἰ

240 2261 391 2316 οὕτω
411 2264 516 2337 χρὴ
545 2264 731 2335 φάναι,
765 2264 984 2334 βλαστοὶ
1013 2262 1281 2332 θεόφυτοι,
1315 2263 1411 2316 καὶ
1436 2258 1548 2315 οἷον
1579 2260 1716 2332 ἄνθη
1743 2259 1838 2312 καὶ

242 2356 553 2429 ὑπερούσια
583 2356 760 2427 φῶτα,
790 2357 926 2429 πρὸς
961 2355 1071 2410 τῶν
1100 2355 1262 2427 ἱερῶν
1284 2355 1480 2423 λογίων
1504 2354 1841 2427 παρειλήφα-

245 2463 350 2515 μεν
369 2463 383 2477 ·
416 2447 564 2511 ὅπως
595 2448 652 2501 δὲ
679 2447 853 2502 ταῦτά
878 2450 1050 2515 ἐστιν,
1075 2446 1197 2500 οὔτε
1228 2448 1420 2513 εἰπεῖν,
1443 2445 1565 2500 οὔτε
1588 2446 1838 2517 ἐννοῆσαι

239 2533 490 2596 δυνατόν.

1946 1909 2045 1949 nos
2076 1893 2390 1961 dintanant;
2437 1890 2615 1963 ipsum
2657 1901 2836 1946 autem
2867 1892 3109 1946 omnium
3152 1893 3352 1947 mentis
3394 1908 3529 1963 Ope-

1946 1988 2216 2042 rationum
2260 1986 2570 2042 cessatione
2607 1985 2996 2053 contingimus,
3026 2000 3149 2039 cum
3177 1984 3377 2039 nullam
3404 2000 3529 2041 eer-

1943 2096 2138 2136 namus
2172 2079 2477 2135 divinitatis
2525 2076 2868 2142 ell‘ectionem
2892 2119 2907 2144 ,
2939 2078 3140 2133 nullam
3181 2078 3346 2132 vitam
3374 2117 3391 2143 ,
3432 2088 3529 2132 aut

1944 2174 2267 2239 essentiam,
2300 2189 2422 2245 qua:
2474 2172 2631 2242 plane
2673 2171 2869 2226 similis
2922 2171 2995 2225 sit
3039 2186 3218 2227 causa;
3259 2169 3376 2237 illi,
3406 2184 3527 2239 qua:

1942 2266 2156 2321 cunctis
2202 2280 2300 2335 per
2351 2279 2569 2319 omnem
2618 2263 3000 2318 excellentiam
3049 2262 3347 2318 antecellit.
3378 2260 3525 2317 Rur-

1942 2370 2062 2411 sum
2125 2371 2156 2409 a
2202 2354 2506 2425 Scripturis
2541 2356 2715 2409 sacris
2761 2356 3104 2424 accepimus,
3139 2355 3356 2410 Patrem
3403 2355 3526 2424 qui-

1941 2447 2061 2502 dem
2089 2461 2213 2501 esse
2244 2446 2511 2515 originem
2544 2447 2596 2499 in
2628 2446 2843 2507 divinis,
2877 2445 3060 2501 Jesum
3092 2461 3221 2501 vero
3252 2455 3307 2502 et
3347 2444 3527 2516 Sphi—

1942 2546 2057 2591 tum
2111 2544 2382 2600 sanctum,
2413 2537 2568 2606 quasi
2614 2535 2709 2591 Dei
2761 2537 2993 2607 prolem,
3022 2538 3127 2602 vel,
3161 2538 3205 2592 si
3249 2538 3394 2592 dictu
3445 2537 3527 2591 fas

243 2632 344 2695 sit,
388 2632 541 2713 quasi
576 2632 820 2704 germina
850 2633 1057 2697 divina,
1090 2631 1319 2687 ﬂoresve
1359 2648 1423 2686 ac
1459 2632 1659 2686 lumina
1686 2632 2228 2703 supersubstantialia
2256 2631 2524 2688 exsistere
2555 2650 2567 2685 :
2599 2647 2836 2702 quonam
2872 2646 3052 2689 autem
3086 2644 3248 2704 pacto
3276 2647 3395 2689 sese
3427 2632 3528 2687 lia-

241 2727 437 2792 beant,
467 2742 645 2798 neque
685 2726 864 2799 eloqui
928 2741 1108 2796 neque
1155 2724 1462 2795 intelligere
1509 2724 1769 2781 valemus.

1722 2846 1752 2919 §
1784 2840 1960 2904 Vtu.

334 2990 497 3046 Ἀλλὰ
529 2990 724 3063 μέχρι⁹
755 2987 946 3043 τούτου
988 2990 1137 3042 πᾶσα
1178 2987 1279 3059 τῆς
1321 2986 1442 3041 καθ’
1469 2987 1617 3058 ἡμᾶς
1646 2984 1838 3056 νοερᾶς

2020 2980 2286 3037 Caeterum
2342 2979 2605 3034 hactenus
2636 2979 2818 3034 omnis
2848 2979 3156 3038 intellectus
3203 2986 3374 3041 nostri
3405 2994 3529 3043 stu-

242 3084 530 3158 ἐνεργείας
556 3087 589 3156 ή
620 3081 847 3156 δύναμις
867 3083 930 3146 ¹⁰,
953 3083 1034 3136 ὅτι
1064 3083 1213 3136 πᾶσα
1236 3082 1356 3135 θεία
1384 3079 1587 3150 πατριά
1614 3078 1708 3132 καὶ
1726 3076 1836 3131 υἱό-

1947 3075 2093 3130 dium
2118 3088 2185 3130 eo
2210 3072 2407 3138 tendit,
2438 3081 2497 3125 ut
2525 3072 2811 3143 intelligat,
2844 3076 3116 3143 quomodo
3139 3076 3322 3133 divina
3348 3081 3528 3135 omnis

240 3200 347 3253 της
377 3183 442 3234 ἐκ
461 3181 559 3251 τῆς
581 3178 797 3233 πάντων
818 3176 1160 3250 ἐξῃρημένης
1180 3174 1544 3249 πατριαρχίας
1564 3173 1659 3226 καὶ
1677 3173 1834 3243 υίαρ-

241 3273 373 3345 χίας
400 3271 697 3344 δεδώρηται
726 3268 820 3324 καὶ
861 3272 992 3341 ἡμῖν
1028 3270 1122 3323 καὶ
1150 3272 1269 3333 ταῖς
1300 3265 1719 3339 ὑπερουρανίαις
1751 3263 1840 3317 δυ-

241 3362 497 3434 νάμεσιν,
523 3361 584 3427 ἐξ
610 3357 677 3435 ἦς
702 3363 796 3416 καὶ
826 3362 959 3426 θεοὶ,
992 3361 1086 3415 καὶ⁸
1116 3360 1252 3415 θεῶν
1284 3361 1410 3424 υἱοὶ,
1444 3359 1538 3411 καὶ
1565 3355 1701 3411 θεῶν
1729 3372 1838 3408 πα⁴

241 3455 407 3527 τέρες
455 3454 504 3507 οἰ
549 3453 801 3517 θεοειδεῖς
839 3452 1116 3521 γίγνονται
1161 3451 1255 3505 καί
1297 3449 1650 3520 ὀνομάζονται
1694 3445 1834 3509 νόες,

244 3544 634 3617 πνευματικῶς
650 3542 847 3617 δηλαδὴ
858 3543 956 3613 τῆς
967 3542 1177 3596 τοιᾶσδε
1194 3540 1529 3612 πατρότητος
1553 3538 1647 3591 καὶ
1658 3557 1687 3591 υ
1695 3536 1839 3608 ἰότη-

243 3656 339 3702 τος
363 3637 778 3709 ἐκτελουμένης,
804 3635 1106 3689 τοῦτ’ἔστιν
1129 3633 1453 3703 ἀσωμάτως,
1482 3631 1680 3695 ἀῢλως,
1709 3646 1837 3699 νοη-

244 3731 379 3795 τῶς,
406 3729 500 3783 τοῦ
525 3728 814 3801 θεαρχικοῦ
835 3727 975 3783 Πνεῦ
984 3744 1173 3799 ματος,
1197 3725 1337 3796 ὑπὲρ
1366 3725 1546 3778 πᾶσαν
1578 3721 1773 3793 νοητὴν
1792 3721 1835 3752 ¹¹

243 3824 444 3880 ἁῦλίαν
466 3824 559 3877 καὶ
578 3823 772 3877 θέωσιν
803 3821 1063 3894 ὑπεριδρυ
1072 3820 1254 3890 μένου,
1280 3814 1486 3871 καὶτοῦ
1508 3815 1720 3887 Πατρὸς
1741 3814 1836 3868 καὶ

243 3917 344 3972 τοῦ
376 3916 527 3981 Υίοῦ,
558 3916 738 3987 πάσης
766 3915 1001 3986 πατριᾶς
1030 3912 1125 3966 καὶ
1156 3911 1398 3981 υἱότητος
1432 3908 1599 3973 θείας,
1638 3907 1835 3979 ὑπερο-

244 4008 423 4080 χικῶς
454 4007 826 4080 ἐξῃρημένων.
846 4004 981 4057 Οὐδὲ
1008 4002 1117 4075 γάρ
1146 4004 1292 4054 ἐστιν
1312 3998 1545 4071 ἀκριϐὴς
1565 3996 1835 4070 ἐμφέρεια

242 4107 366 4167 τοῖς
394 4102 655 4164 αἰτιατοῖς
686 4099 781 4152 καὶ
819 4099 933 4161 τοῖς
967 4096 1158 4159 αἰτίοις
1178 4112 1191 4125 ο
1226 4094 1340 4148 ἀλλ’
1376 4092 1485 4163 ἔχει
1519 4091 1618 4162 μὲν
1648 4091 1717 4144 τὰ
1746 4092 1832 4144 αἰ-

242 4194 411 4248 τιατά
452 4193 550 4257 τὰς
588 4191 697 4244 τῶν
732 4190 917 4243 αἰτίων
950 4186 1305 4258 ἐνδεχομένας
1339 4184 1572 4248 εἰκόνας,
1600 4183 1738 4236 αὐτά
1778 4183 1835 4236 δὲ

243 4288 317 4343 τὰ
376 4286 521 4340 αἴτια
573 4283 683 4337 τῶν
731 4280 987 4336 αἰτιατῶν
1016 4278 1288 4351 ,ἐξῄρηται
1324 4278 1419 4331 καί
1458 4275 1829 4348 ὑπερίδρυται,

246 4380 394 4435 κατά
426 4379 517 4432 τὸν
544 4378 641 4448 τῆς
672 4376 879 4439 οἰκείας
914 4372 1086 4445 ἀρχῆς
1114 4371 1270 4440 λόγον
1289 4388 1302 4402 ·
1339 4372 1434 4424 καὶ
1458 4370 1544 4423 ἵνα
1575 4372 1686 4433 τοῖς
1709 4367 1830 4422 καθ’

1942 3165 2247 3235 paternitas
2298 3173 2353 3218 et
2406 3163 2616 3229 ﬁliatio,
2662 3178 2731 3217 ex
2783 3166 3217 3234 supraeminenti
3270 3171 3518 3225 omnium

1938 3255 2311 3326 patriarchatu
2362 3255 2568 3327 ﬁliique
2616 3255 2947 3327 principatu,
2992 3268 3100 3314 tam
3148 3261 3308 3317 nobis
3351 3279 3518 3333 quam

1940 3364 2099 3419 supra
2131 3348 2447 3404 coelestibus
2481 3348 2778 3403 virtutibus
2821 3348 3028 3404 indulta
3063 3352 3156 3420 sit,
3187 3369 3254 3409 ex
3284 3370 3391 3424 qua
3434 3354 3543 3423 ﬁt,

1938 3453 1996 3496 ut
2022 3442 2187 3496 etiam
2219 3439 2294 3493 dii
2323 3441 2658 3509 deorumque
2681 3440 2777 3494 lilii
2805 3456 2870 3496 ac
2899 3452 3085 3512 patres
3112 3445 3223 3499 sint
3245 3461 3312 3502 ac
3338 3449 3520 3502 nomi-

1940 3544 2138 3589 nentur
2165 3533 2323 3604 321
2355 3542 2567 3587 mentes
2595 3531 2914 3599 deiformes,
2952 3536 3153 3605 quibus
3180 3538 3515 3608 ejuseemodi

1937 3625 2238 3696 paternitas
2291 3638 2355 3678 ac
2405 3623 2594 3677 liliatio
2646 3623 2972 3692 spiritaliter
3018 3627 3323 3694 confertur,
3353 3631 3517 3686 modo

1939 3716 2145 3772 scilicet
2178 3716 2503 3784 incorporeo
2530 3729 2559 3767 a
2592 3715 2822 3785 materia
2871 3726 3183 3785 segregata.
3218 3718 3513 3773 intellecti-

1938 3808 2103 3876 lique,
2129 3821 2237 3876 quo
2265 3814 2446 3860 tamen
2479 3803 2718 3875 Spiritus
2744 3805 2986 3872 divinus,
3018 3816 3077 3861 ut
3111 3822 3273 3877 supra
3296 3826 3516 3865 omnem

1939 3912 2061 3968 qua:
2087 3897 2304 3966 concipi
2332 3905 2511 3965 potest
2544 3896 2790 3951 materia:
2821 3899 3157 3952 vacuitatem
3195 3914 3259 3952 ae
3292 3900 3522 3955 deiﬁca-

1945 3992 2148 4047 tionem
2167 3990 2518 4054 constitutus,
2543 3989 2875 4044 eminentior
2898 3991 3133 4058 exsistit,
3161 3993 3261 4056 uti,
3282 4002 3338 4047 et
3361 3993 3524 4049 Pater

1935 4083 2235 4153 Filiusque,
2265 4083 2333 4137 ab
2374 4083 2521 4136 omni
2569 4081 2737 4136 simili
2774 4083 3106 4151 paternitate
3149 4099 3215 4139 ae
3257 4085 3523 4141 ltliatioue

1940 4177 2121 4231 divina
2151 4176 2461 4230 eminenter
2495 4175 2757 4242 exempti.
2802 4173 2919 4228 Non
2950 4175 3095 4228 enim
3143 4186 3227 4231 est
3275 4177 3516 4246 perfecta

1938 4280 1988 4323 et
2006 4268 2253 4323 absoluta
2278 4266 2580 4323 similitudo
2603 4282 2791 4320 eorum
2815 4282 2935 4336 quae
2960 4265 3152 4320 eﬂ'ecta
3172 4277 3298 4321 sunt
3318 4278 3372 4322 et
3393 4282 3517 4323 cau-

1939 4375 2156 4426 sarum;
2207 4360 2337 4429 quin
2372 4359 2552 4428 potius
2580 4358 2781 4412 habent
2828 4357 3043 4425 quidem
3087 4357 3280 4414 ell‘ecta
3331 4375 3525 4415 causa-

246 4474 401 4546 ήμᾶς
444 4445 736 4543 χρήσωμαι
771 4467 1204 4540 παραδείγμασιν
1222 4466 1285 4528 ¹¹,
1322 4464 1505 4535 ἡδοναὶ
1539 4463 1633 4516 καὶ
1672 4462 1836 4517 λῦπαι

1945 4472 2085 4517 rum,
2120 4453 2295 4524 quoad
2326 4453 2441 4507 ﬁeri
2468 4450 2980 4521 potest,imagines;
3014 4450 3147 4519 ipsa:
3176 4464 3305 4503 vero
3336 4465 3519 4507 causa:

245 4566 501 4634 λέγονται
536 4559 815 4633 ποιητικαὶ
843 4558 936 4611 τοῦ
957 4556 1181 4628 ἥδεσθαι
1205 4554 1298 4608 καὶ
1318 4552 1608 4607 λυπεῖσθαι
1633 4571 1646 4583 ·
1680 4553 1842 4607 αὐταὶ

246 4659 309 4712 δὲ
358 4655 481 4709 οὕτε
526 4654 764 4724 ἥδονται,
799 4650 921 4705 οὔτε
960 4647 1291 4703 λυποῦνται·
1330 4647 1426 4701 καί
1467 4647 1527 4699 τὸ
1576 4646 1687 4719 πῦρ
1717 4646 1840 4718 θερ-

251 4752 446 4821 μαῖνον
482 4748 576 4800 καὶ
610 4747 761 4798 καῖον
800 4743 861 4798 οὐ
900 4741 1114 4810 λέγεται
1149 4738 1398 4793 καίεσθαι
1431 4739 1525 4792 καὶ
1556 4737 1844 4809 θερμαίνε-

249 4843 400 4897 σθαι.
433 4840 544 4894 Καί
574 4839 673 4909 ζῇν
713 4837 766 4889 εί
788 4853 873 4900 τις
902 4835 1036 4905 φαίη
1062 4832 1162 4904 τὴν
1200 4830 1500 4901 αὐτοζωὴν,
1535 4829 1569 4900 ἢ
1610 4827 1840 4899 φωτίζε-

250 4933 380 4986 σθαι
397 4933 458 4985 τὸ
476 4932 744 5000 αὐτόφως,
773 4928 874 4981 οὐκ
896 4925 1070 4997 ὀρθῶς
1095 4926 1211 4994 ἐρεῖ
1234 4922 1372 4977 κατὰ
1390 4923 1479 4975 τὸν
1502 4921 1632 4992 ἐμὸν
1650 4922 1828 4989 λόγον,

248 5030 300 5081 εἰ
333 5029 407 5098 μή
448 5042 552 5079 που
588 5022 710 5077 καθ’
740 5021 925 5091 ἕτερον
965 5016 1137 5070 ταῦτα
1182 5015 1324 5069 εἴποι
1362 5014 1582 5085 τρόπον,
1617 5014 1698 5066 ὅτι
1730 5030 1833 5066 πε·-

252 5119 456 5191 ρισσῶς
478 5117 572 5171 καὶ
602 5112 870 5176 οὐσιωδῶς
901 5108 1181 5178 προένεστι
1201 5106 1270 5159 τὰ
1296 5106 1405 5158 τῶν
1438 5103 1693 5157 αἰτιατῶν
1718 5106 1833 5167 τοῖς

246 5211 467 5274 αἰτίοις.

1943 4568 2008 4608 ex
2034 4550 2243 4609 eli'ectis
2274 4558 2538 4618 exemptae
2568 4557 2694 4603 sunt
2730 4556 2784 4602 et
2813 4562 2913 4616 pro
2941 4547 3154 4601 ratione
3176 4546 3520 4616 principatus

1944 4646 2026 4698 sui
2075 4658 2235 4712 supra
2288 4641 2479 4696 locata:
2537 4653 2604 4692 ac
2651 4637 2892 4691 fundata:
2925 4653 2940 4690 :
2975 4645 3029 4689 et
3080 4645 3138 4689 ut
3181 4637 3518 4692 nostratibus

1941 4732 2205 4800 exemplis
2235 4741 2377 4795 utar,
2410 4734 2714 4799 voluptates
2740 4742 2802 4782 ac
2832 4727 3047 4782 dolores
3075 4726 3289 4782 elilcere
3322 4728 3514 4782 (lien..-

1944 4836 2053 4889 tur,
2088 4834 2141 4877 ut
2191 4823 2439 4878 homines
2478 4823 2727 4875 laetentur
2768 4819 2849 4871 vel
2891 4818 3132 4886 doleant,
3168 4829 3344 4874 tamen
3390 4821 3520 4888 ipsa:

1942 4935 2042 4974 nec
2090 4919 2346 4972 laetantur
2391 4931 2491 4971 nec
2541 4915 2759 4977 dolent;
2790 4913 2931 4980 ignis
2957 4912 3120 4966 etiam
3153 4928 3277 4965 cum
3310 4911 3520 4966 calefa-

1941 5011 2046 5066 ciat
2090 5020 2146 5064 et
2187 5009 2492 5071 comburat,
2527 5021 2633 5060 non
2664 5016 2843 5060 tamen
2877 5002 3126 5059 comburi
3176 5011 3230 5059 et
3278 5002 3516 5058 caleﬁeri

1942 5102 2161 5156 dicitur.
2187 5101 2252 5155 Et
2275 5099 2317 5154 si
2345 5098 2468 5168 quis
2498 5097 2663 5151 vitam
2694 5097 2864 5165 ipsam
2886 5094 3070 5149 vivere
3096 5103 3190 5147 aut
3218 5092 3518 5149 illuminari

1940 5192 2116 5248 lucem
2144 5192 2363 5255 dixerit,
2397 5204 2516 5244 mea
2560 5189 2777 5259 quidem
2821 5187 3112 5252 sententia,
3143 5202 3248 5240 non
3293 5184 3517 5238 ouuniuo

250 5317 408 5359 recte
440 5302 651 5357 locutus
675 5296 861 5361 fuerit,
896 5295 998 5351 nisi
1027 5293 1168 5348 forte
1191 5293 1309 5346 haec
1340 5289 1450 5344 alio
1481 5286 1641 5343 modo
1665 5286 1835 5351 dicat,
1868 5286 2013 5357 quod
2030 5286 2290 5341 nimirum
2314 5284 2708 5348 abundantius,
2760 5290 2815 5335 et
2864 5281 3165 5336 secundum
3190 5278 3513 5345 essentiam,

249 5415 317 5456 ea
347 5412 468 5468 qua:
490 5402 617 5450 sunt
649 5392 937 5448 ell'ectuum
965 5389 1118 5458 prius
1145 5387 1255 5441 sint
1286 5398 1485 5440 causae.

1526 5494 1762 5552 VARUS
1797 5487 2216 5549 LECTIONES.
2291 5570 2296 5577 ι

342 5650 363 5679 ²
388 5641 763 5709 ἀναλέξαντες,
793 5641 863 5694 Μ.
898 5641 989 5696 Sc.
1016 5641 1411 5709 ἀναδείξαντες,
1442 5638 1496 5693 S.

246 5716 649 5775 8.ἐνωθέντες,
671 5712 739 5766 Μ.
766 5712 889 5766 Sar.
965 5714 986 5744 '
1018 5712 1281 5782 μεθέξεις,
1314 5712 1371 5765 S.

244 5797 269 5824 ⁵
299 5791 330 5846 ι
352 5786 569 5850 δὲΥἱός,
599 5783 656 5839 S.
685 5783 745 5837 P.
790 5784 848 5836 Ι).
894 5783 985 5841 Sc.
1029 5784 1152 5839 Sar.

1600 5637 1621 5668 ³
1649 5632 1792 5704 φανὰ
1812 5633 1926 5704 τῶν
1953 5646 2058 5704 non
2091 5629 2263 5704 habet
2286 5627 2348 5681 D.
2375 5626 2435 5681 P.
2464 5625 2675 5704 ιρανερέι
2696 5624 2864 5704 est_in
2891 5620 2961 5675 Μ.

1314 5697 1409 5765 δί’
1477 5710 1496 5740 ⁶
1522 5697 1682 5809 αὕτη,
1714 5707 1765 5759 P.
1801 5703 1886 5757 Sc.
1920 5699 2080 5826 αΰτὲ,
2111 5698 2165 5752 S.
2197 5699 2433 5759 πάντων,
2464 5697 2521 5751 S.
2550 5697 2606 5750 Ρ.
2635 5697 2694 5748 D.

1307 5784 1447 5826 ἰνοι-
1477 5778 1535 5826 S.
1619 5780 1633 5809 ³
1690 5778 1721 5826 ἡ
1750 5775 1997 5826 ποόοδκ.
2070 5810 2083 5825 .
2112 5769 2171 5824 Ρ.
2269 5771 2308 5802 ⁸³
2340 5768 2543 5826 νόησιν,
2576 5766 2642 5822 Μ.

1248 5769 1279 5815 ἶ
1302 5784 1447 5853 ἄχρι,
1477 5778 1535 5834 S.
1619 5769 1662 5809 "6
1690 5778 1722 5849 ἡ
1750 5775 1997 5846 πρόοδος,
2025 5769 2083 5826 S.
2112 5769 2150 5824 Ρ

3056 5620 3077 5651 ’⁸
3092 5619 3477 5680 ἐπιόἀλλοντες
3490 5655 3509 5683 ,

2790 5696 2809 5726 ν
2840 5690 3172 5762 ὑπεροχικὴν
3198 5690 3377 5745 αἰτίαν
3400 5684 3509 5757 ,Ρο

2156 5804 2171 5823 .
2250 5771 2308 5837 ,³³
2340 5768 2543 5837 νόησιν,
2576 5766 2642 5822 Μ.
2748 5766 2790 5798 ’⁸
2822 5759 3128 5835 πράγμασι,
3153 5759 3215 5840 υ,
