3876 6226
405 313 515 372 ΟΠ

1590 310 1654 368 8.
1702 310 2001 368 DIONYSII
2038 308 2502 365 AREOPAGITA:

3595 311 3707 363 658

1973 454 2146 528 §|X.

479 598 821 667 Quinetiam,
861 598 917 653 id
960 598 1104 667 quod
1139 608 1223 654 est
1245 601 1492 657 omnium
1523 616 1643 672 qua:
1680 605 1745 659 de
1785 603 1895 659 Deo
1918 603 2005 657 di-
2033 614 2075 670 Α

408 701 611 745 cuntur
661 690 1044 753 clarissimum,
1086 690 1272 745 divina
1330 693 1499 761 ipsius
1546 692 1676 749 Iesu
1719 707 1750 748 e
1799 702 1998 747 natura

410 794 594 840 nostra
624 782 905 848 formatio,
953 794 1011 837 et
1070 783 1363 840 ineﬂ‘abilis
1406 796 1491 841 est
1535 802 1795 842 sermone
1825 790 1999 851 omni,

412 877 657 947 nullique
687 885 813 929 nota
865 876 1265 946 intelligentiae,
1315 880 1482 933 etiam
1528 879 1633 949 ipsi
1682 881 2003 950 antiquissi-

410 982 624 1022 morum
664 968 982 1037 angelorum
1018 970 1263 1039 primati.
1296 971 1476 1042 Atque
1497 987 1623 1027 eum
1648 975 1867 1041 quidem
1898 976 1999 1031 viri

411 1062 647 1116 formam
683 1071 739 1115 et
761 1062 1125 1116 substantiam
1166 1064 1551 1132 assumpsisse,
1586 1067 1816 1135 mystice
1844 1082 2005 1123 acce-

411 1155 621 1223 pimus;
675 1153 771 1207 sed
827 1154 1130 1224 ignoratur,
1160 1157 1433 1225 quomodo
1476 1172 1543 1211 ex
1600 1158 1838 1228 Virginis
1876 1174 2006 1214 san-

410 1247 571 1317 guine
597 1244 703 1299 alia
735 1260 898 1314 quam
934 1256 1142 1300 natura:
1192 1246 1310 1317 lege
1348 1248 1423 1302 sit
1456 1247 1800 1317 eﬂ‘ormatus,
1826 1265 2006 1320 quove

410 1345 572 1408 pacto
618 1337 785 1392 siccis
835 1337 1087 1407 pedibus,
1123 1339 1216 1408 qui
1256 1342 1504 1409 corporis
1556 1342 1757 1397 molem
1804 1352 1859 1395 et
1893 1359 2007 1396 ma-

413 1430 566 1485 teriae
618 1432 833 1501 pondus
882 1430 1169 1497 baberent,
1228 1430 1491 1501 liquidam
1538 1434 2006 1502 perambulaverit

410 1522 724 1595 ﬂuxamque
760 1525 1141 1588 substantiam,
1190 1526 1406 1597 aliaque
1446 1528 1736 1597 perfecerit
1764 1544 1886 1598 quae
1915 1544 2009 1584 su-

413 1616 818 1687 pernaturalem
862 1614 985 1670 Iesu
1022 1627 1274 1671 naturam
1306 1620 1567 1674 indicant.
1601 1620 1802 1675 Verum
1837 1621 1950 1676 haec
1976 1636 2007 1675 a

415 1710 574 1767 nobis
602 1710 767 1766 etiam
801 1710 927 1763 alibi
964 1711 1095 1765 satis
1122 1712 1417 1781 eXplicata,
1458 1722 1512 1767 et
1539 1712 1607 1767 ah
1644 1714 1847 1784 inclyte
1871 1730 2011 1784 pra:-

2192 599 2353 653 ’Δλλά
2392 600 2488 653 καὶ
2538 598 2599 652 τὺ
2641 599 2825 668 πάσης
2872 593 3148 665 θεολογίας
3193 593 3619 662 ἐπιφανέστατον.
3675 598 3709 667 ἡ

2098 694 2221 748 καθ’
2248 694 2397 765 ἡμᾶς
2435 692 2613 764 Ἰησοῦ
2645 690 3001 753 θεοπλαστία,
3033 688 3129 741 καὶ
3153 685 3390 758 ἄρρητός
3415 688 3535 739 ἐστι
3560 684 3712 758 λόγῳ

2100 789 2282 854 παντὶ,
2311 789 2405 841 καὶ
2427 788 2705 857 ἄγνωστος
2720 785 2796 856 νῷ
2812 785 2992 849 παντὶ,
3023 784 3116 837 καὶ
3138 781 3286 853 αὑτῷ
3307 780 3385 851 τῷ
3413 783 3712 853 πρωτίστῳ

2099 883 2213 936 τῶν
2237 881 2630 954 πρεσϐυτάτων
2657 879 2929 948 ἀγγέλων.
2969 877 3079 931 Καὶ
3102 876 3163 929 τὸ
3191 877 3289 947 μὲν
3315 876 3589 945 ἀνδρικῶς
3612 877 3711 928 αὑ-

2100 976 2195 1030 τὸν
2214 975 2568 1047 οὑσιωθῆναι,
2598 972 2879 1045 μυστικῶς
2919 970 3356 1042 παρειλήφαμεν⁸
3396 969 3711 1039 ἀγνοοῦμεν

2102 1068 2161 1122 δὲ
2182 1070 2224 1101 ¹³
2261 1069 2410 1131 ὅπως
2445 1070 2511 1121 ἐκ
2543 1066 2889 1136 παρθενικῶν
2933 1064 3180 1135 αἱμάτων
3206 1063 3381 1133 ἑτέρῳ
3410 1062 3567 1132 παρὰ
3606 1062 3711 1134 τὴν

2104 1161 2267 1231 φύσιν
2304 1160 2491 1231 θεσμῷ
2519 1159 2872 1213 διεπλάττετο
2892 1198 2909 1223 ,
2948 1158 3044 1210 καὶ
3078 1157 3227 1219 ὅπως
3265 1154 3522 1225 ἀδρόχοις
3550 1157 3705 1220 ποσὶ,

2105 1250 2418 1323 σωματικὸν
2443 1250 2606 1319 ὄγκον
2627 1249 2809 1319 έχουσι
2825 1248 2919 1301 καί
2939 1248 3070 1316 ὑλης
3092 1246 3279 1317 βάρος,
3297 1246 3643 1318 ἐπεπόρευτο
3666 1248 3709 1278 ⁸⁸

2104 1345 2205 1417 τὴν
2240 1343 2415 1416 ὑγράν
2448 1344 2543 1396 καὶ
2567 1343 2799 1397 ἄστατον
2828 1342 3034 1395 οὐσίαν·
3073 1340 3167 1394 καὶ
3195 1339 3264 1392 τὰ
3297 1339 3433 1393 ἄλλα
3460 1340 3567 1393 ὅσα
3606 1341 3709 1411 τῆς

2106 1437 2425 1511 ὑπερφυοῦς
2452 1439 2602 1490 ἐστιν
2648 1435 2823 1507 Ἰησοῦ
2854 1433 3220 1504 φυσιολογίας.
3250 1432 3435 1487 Ταῦτα
3471 1434 3533 1487 δὲ
3570 1437 3710 1505 ἡμῖν

2105 1548 2164 1584 τε
2203 1532 2262 1585 ἐν
2299 1530 2479 1593 ἄλλοις
2503 1528 2702 1593 ἱκανῶς
2730 1528 2967 1600 εἴρηται,
3004 1528 3101 1581 καὶ
3123 1526 3201 1597 τῷ
3226 1526 3420 1596 κλεινῷ
3460 1527 3709 1597 καθηγε-

2112 1624 2234 1697 μόνι
2269 1623 2413 1677 κατὰ
2440 1622 2541 1687 τὰς
2574 1621 2893 1692 θεολογικάς
2917 1619 3082 1674 αὑτοῦ
3120 1618 3485 1691 στοιχειώσεις
3523 1620 3705 1692 ὑμνη-

2107 1733 2199 1773 ται
2234 1715 2277 1747 ¹⁸
2307 1716 2427 1769 λίαν
2464 1715 2785 1788 ὑπερφυῶς,
2832 1716 2978 1786 άπερ
3006 1715 3237 1777 ἐκεῖνος,
3280 1713 3390 1766 εἴτε
3424 1714 3565 1785 πρὸς
3598 1716 3709 1768 τῶν

412 1813 641 1873 ceptore
703 1812 890 1856 nostro
936 1817 1097 1872 supra
1154 1812 1363 1857 natura:
1408 1805 1626 1858 modmn
1677 1805 1841 1860 valde
1873 1806 2013 1860 cele-

2120 1812 2276 1885 ἱερῶν
2310 1810 2577 1881 θεολόγων
2614 1809 2975 1883 παρείληφεν,
3015 1808 3124 1861 εἴτε
3155 1808 3247 1861 καί
3270 1809 3334 1861 ἐκ
3359 1809 3456 1879 τῆς
3478 1810 3710 1880 ἐπιστη-

417 1898 573 1952 brata
608 1906 737 1950 sunt
770 1897 822 1949 in
851 1895 1173 1965 tlieolegicis
1220 1896 1393 1965 ipsius
1415 1896 1720 1963 elementis,
1750 1912 1871 1967 qua:
1920 1898 2009 1954 ille

2120 1904 2341 1977 μονικῆς
2364 1902 2474 1956 τῶν
2505 1902 2703 1971 λογίων
2743 1902 2974 1974 ἐρεύνης
3001 1899 3364 1973 συνεώρακεν,
3398 1904 3465 1955 ἐκ
3502 1904 3710 1975 πολλῆς

414 1992 613 2061 partim
646 2006 675 2044 a
705 1991 973 2059 theologis
1000 1991 1208 2045 Sanctis
1235 1991 1465 2059 accepit,
1507 1993 1707 2059 partim
1746 1992 1911 2045 etiam
1938 2006 2002 2045 ex

2120 1972 2212 2067 τῆς
2240 1972 2369 2066 περὶ
2395 1994 2535 2048 αὑτά
2572 1972 2883 2067 γυμνασίας
2908 1972 2969 2048 τε
3006 1998 3099 2048 καὶ
3127 1972 3341 2066 τριϐῆς,
3377 1995 3491 2048 εἴτε
3520 1997 3619 2049 καὶ
3647 1972 3710 2048 ἐκ

414 2086 601 2141 solerti
632 2084 1037 2155 Scripturarum
1069 2085 1419 2152 indagatione
1461 2084 1622 2153 longe
1653 2084 1917 2139 exercitio
1940 2101 2004 2141 ac

2120 2105 2257 2152 τινος
2298 2086 2511 2159 ἐμυήθη
2558 2087 2837 2158 θειοτέρας
2872 2086 3177 2151 ἐπιπνοίας,
3207 2089 3267 2140 οὐ
3307 2087 3467 2159 μόνον
3496 2088 3709 2159 μαθὼν,

414 2186 657 2246 tempore
688 2175 1123 2244 comprehendit,
1154 2175 1351 2243 partim
1377 2175 1541 2229 etiam
1573 2176 1844 2231 diviniore
1865 2191 2003 2246 qna-

2120 2180 2249 2235 άλλὰ
2275 2180 2369 2233 καί
2400 2180 2590 2233 παθὼν
2615 2180 2684 2234 τὰ
2709 2180 2847 2233 θεῖαι
2891 2182 2999 2234 κάκ
3024 2181 3122 2252 τῆς
3144 2181 3279 2252 πρὸς
3313 2180 3450 2234 αὐτὰ
3483 2199 3708 2253 συμπα-

415 2268 538 2321 dam
577 2268 934 2337 inspiratione
968 2266 1169 2328 hausit,
1204 2268 1306 2321 ista
1350 2281 1457 2321 non
1487 2268 1747 2322 discendo
1773 2278 2004 2335 tantum,

2120 2271 2283 2336 θείας,
2309 2274 2357 2325 εί
2384 2271 2527 2325 οὕτω
2566 2273 2671 2344 χρὴ
2703 2273 2891 2342 φάναι,
2916 2272 3053 2345 πρὸς
3084 2273 3184 2345 τὴν
3213 2274 3497 2327 ἀδίδακτον
3524 2276 3709 2328 αὐτῶν

416 2377 605 2417 verum
634 2361 803 2414 etiam
842 2361 1027 2414 divina
1083 2362 1338 2431 paticmlo
1384 2371 1698 2421 assecutus.
1750 2377 1847 2417 nec
1897 2378 2003 2417 non

2120 2367 2207 2421 καὶ
2238 2364 2505 2437 μυστικὴν
2528 2365 2912 2431 ἀποτελεσθεὶς
2941 2366 3134 2419 ἕνωσιν
3157 2369 3249 2420 καὶ
3265 2366 3464 2420 πίστιν.
3490 2369 3601 2421 Ka‘t
3622 2370 3709 2422 ἶνα

414 2458 603 2507 eorum
635 2453 701 2523 (si
733 2453 877 2507 dictu
912 2452 993 2509 las
1024 2454 1119 2521 sit)
1148 2453 1553 2522 eumpassione,
1584 2454 1651 2506 ad
1688 2453 1832 2508 illam
1883 2470 2006 2524 qua:

2120 2459 2178 2512 τά
2214 2456 2383 2511 πολλὰ
2412 2457 2505 2511 καὶ
2549 2460 2799 2531 μακάρια
2838 2459 3088 2529 θεάματα
3114 2459 3212 2528 τῆς
3242 2460 3538 2531 κρατίστης
3563 2463 3709 2515 ὲκεί-

417 2546 601 2601 doceri
652 2548 845 2616 nequit
898 2547 1061 2600 ﬁdem
1115 2548 1399 2619 mysticam
1446 2558 1611 2618 atque
1639 2548 1893 2602 unionem
1927 2549 2009 2602 iu-

417 2640 708 2696 l'ormatus.
766 2643 945 2711 Atque
1005 2653 1065 2695 ut
1108 2642 1376 2711 plurima,
1443 2657 1620 2711 eaque
1671 2641 2009 2708 beatissima,

416 2734 693 2802 praeclara:
738 2735 883 2789 illius
917 2735 1114 2789 tuentis
1157 2736 1481 2789 documenta
1531 2735 1723 2803 paucis
1754 2734 2014 2801 subjicia-

421 2842 567 2887 mus,
611 2824 722 2877 lunt:
774 2825 840 2878 de
884 2822 1014 2879 Jesu
1069 2825 1121 2880 in
1180 2825 1503 2895 tlieologieis
1549 2825 1836 2879 elementis
1877 2841 1904 2878 a
1954 2839 2015 2879 se

418 2915 666 2969 collectis
688 2916 761 2968 ait
789 2929 806 2969 :

417 3030 581 3103 322
604 3030 935 3087 Sanctissimi
968 3030 1240 3086 llierolltei
1266 3031 1433 3113 rerba
1463 3047 1529 3087 ex
1570 3030 1877 3101 tltealogicis
1903 3030 2009 3087 ele-

1116 3115 1327 3157 πηρηηδ.

2109 2567 2200 2605 νου
2230 2549 2467 2613 διανοίας
2503 2551 2561 2603 ἐν
2602 2550 2907 2622 ἐλαχίστοις
2946 2550 3322 2623 παραϐώμεθα
3346 2592 3362 2617 ,
3404 2552 3533 2607 τάδε
3576 2555 3709 2623 περὶ

2109 2640 2206 2694 τοῦ
2252 2640 2427 2712 Ἰησοῦ
2453 2658 2617 2712 φησιν
2642 2645 2701 2697 ἐν
2734 2645 2855 2709 ταῖς
2888 2644 3253 2715 συνηγμέναις
3290 2643 3439 2716 αὑτῷ
3465 2644 3709 2712 θεολογι-

2114 2738 2239 2802 καϊς
2262 2736 2658 2808 στοιχειώσεσι.

2123 3026 2234 3083 Τοῦ
2257 3026 2586 3098 ἀγιωτάτου
2626 3024 2910 3113 Ἰεροθέου
2933 3026 3004 3081 ἐκ
3029 3026 3147 3082 τῶν
3168 3026 3527 3099 θεολογικῶν
3548 3045 3708 3082 στοι-

2742 3113 3065 3167 χειωσεων.

1994 3239 2136 3315 5x.

492 3390 667 3445 Causa
715 3390 983 3456 omnium,
1043 3398 1095 3445 et
1134 3407 1253 3461 qua:
1284 3389 1465 3447 omnia
1515 3390 1728 3462 implet,
1767 3401 1851 3446 est
1879 3388 2003 3446 Jesu
2035 3403 2077 3460 ο

422 3483 707 3549 divinitas,
739 3499 862 3554 qme
906 3493 1093 3538 servat
1118 3494 1302 3555 partes
1350 3486 1444 3539 toti
1482 3485 1923 3551 consentientes;
1960 3494 2016 3538 et

422 3592 597 3647 neque
623 3591 749 3646 pars
782 3590 957 3643 neque
988 3586 1159 3631 totum
1204 3587 1309 3642 est,
1358 3588 1414 3631 et
1441 3586 1526 3632 est
1555 3586 1726 3631 telum
1769 3585 1823 3631 et
1866 3592 2013 3644 pars,

422 3683 692 3742 quatenus
712 3686 876 3725 omne
907 3682 963 3727 et
994 3682 1165 3729 totmn
1210 3683 1263 3729 et
1290 3683 1499 3743 partem
1547 3672 1599 3727 in
1643 3672 1822 3740 scipsa
1861 3687 2014 3725 com-

425 3766 715 3834 prehendit
762 3776 819 3820 et
867 3767 1226 3836 suprahabet,
1276 3776 1335 3821 et
1393 3765 1707 3821 anteliabet.
1761 3764 2013 3818 Perfecta

423 3859 645 3929 quidem
700 3861 885 3914 estin
949 3861 1306 3931 imperfectie,
1371 3870 1634 3931 tanquam
1698 3861 2015 3931 principalis

424 3964 591 4003 eausa
624 3950 1012 4019 perfectionis;
1068 3951 1387 4022 imperfecta
1428 3964 1610 4006 autem
1649 3952 1700 4006 in
1736 3953 2013 4021 perfectis,

427 4055 686 4115 tanquam
737 4060 1067 4115 supraquam
1121 4047 1363 4117 perfecta
1426 4058 1484 4102 et
1550 4058 1678 4101 ante
1725 4047 2011 4117 perlecta:

426 4138 601 4191 [urina
637 4139 823 4190 formae
865 4135 1113 4191 effectrix
1173 4138 1225 4191 in
1275 4138 1340 4192 iis
1396 4153 1519 4207 qua:
1571 4146 1757 4192 carent
1817 4136 2011 4202 forma,

425 4240 686 4300 tanquam
742 4230 1065 4299 principalis
1115 4246 1281 4286 causa
1340 4232 1558 4298 formae;
1604 4230 1722 4285 sine
1757 4228 1926 4283 forma
1960 4229 2010 4281 in

427 4320 559 4389 ipsis
587 4321 799 4387 formis,
829 4333 1013 4389 utpote
1052 4338 1215 4391 supra
1249 4323 1481 4377 formam
1530 4321 1839 4377 substantia
1882 4323 2012 4374 totis

426 4414 751 4467 Substantiis
787 4413 1048 4469 insistens
1107 4414 1414 4484 itupullule,
1448 4409 1516 4467 ὀι
1575 4414 1646 4467 ab
1681 4412 1827 4465 onmi
1884 4410 2013 4464 sub-

2194 3389 2259 3443 Ἦ
2291 3389 2507 3445 πάντων
2544 3387 2713 3452 αἰτία,
2736 3385 2830 3441 καὶ
2856 3385 3306 3458 άποπληρωτικὴ,
3332 3384 3427 3438 τοῦ
3465 3385 3645 3456 Ἰησοῦ
3666 3388 3707 3417 ⁸⁸

2120 3481 2333 3554 θεότης,
2360 3484 2393 3553 ἡ
2422 3482 2492 3535 τὰ
2532 3481 2675 3553 μέρη
2710 3485 2779 3553 τῇ
2810 3480 3026 3551 ὀλότητι
3056 3480 3323 3551 σύμφωνα
3362 3478 3705 3543 διασώζουσα

2119 3575 2215 3628 καὶ
2238 3572 2360 3627 οὔτε
2392 3573 2556 3645 μέρος
2582 3571 2705 3625 οὔτε
2731 3572 2851 3625 ὅλον
2872 3567 3026 3633 οῦσα,
3048 3572 3143 3624 καὶ
3164 3570 3284 3624 ὅλον
3305 3570 3401 3623 καὶ
3429 3570 3617 3641 μέρος,
3635 3570 3707 3633 ὡς

2119 3668 2228 3721 πᾶν
2274 3666 2369 3720 καὶ
2418 3665 2583 3737 μέρος
2623 3665 2720 3718 καὶ
2757 3664 2878 3717 ὅλον
2909 3666 2968 3717 ἐν
3005 3664 3171 3734 ἐαυτῇ
3212 3662 3590 3734 ωνειληφυῖα,
3619 3664 3713 3715 καὶ

2120 3759 2469 3832 ὑπερέχουσα
2492 3798 2507 3823 ,
2550 3758 2645 3813 καὶ
2678 3758 3022 3829 προέχουσα,
3048 3756 3229 3810 τελεία
3262 3757 3359 3827 μὲν
3383 3758 3425 3787 ¹⁷
3468 3755 3620 3808 ἔστιν
3655 3759 3712 3809 ἐν

2116 3857 2229 3919 τοῖς
2245 3853 2513 3917 ἀτελέσιν,
2529 3852 2605 3917 ὡς
2620 3852 2953 3924 τελετάρχις·
2974 3850 3169 3922 ἀτελὴς
3182 3851 3239 3903 δὲ
3255 3852 3314 3903 ἐν
3328 3851 3441 3914 τοῖς
3458 3850 3710 3913 τελείοις,

2118 3945 2196 4010 ὼς
2221 3944 2524 4017 ὑπερτελὴς
2562 3946 2654 3999 καὶ
2682 3943 3012 4016 προτέλειος·
3040 3938 3180 4007 εἶδος
3207 3943 3473 3996 είδοττοιὸν
3499 3944 3560 3997 ἐν
3600 3946 3712 4007 τοῖς

2116 4040 2396 4104 άνειδέοις,
2423 4038 2499 4102 ὡς
2536 4038 2830 4110 είδεάρχις,
2872 4038 3110 4101 ἀνείδεος
3145 4038 3204 4089 ἐν
3242 4039 3355 4100 τοῖς
3383 4036 3605 4100 εἴδεσιν,
3638 4037 3711 4100 ὼς

2117 4132 2260 4204 ὑπὲρ
2286 4127 2446 4195 είδος⁶
2473 4131 2631 4184 οὐσία
2654 4132 2776 4194 ταῖς
2807 4129 2956 4194 ὅλαις
2979 4130 3189 4192 οὐσίαις
3216 4129 3501 4199 άχράντως
3526 4131 3570 4161 ¹⁸
3587 4132 3708 4183 ὲπι-

2117 4223 2439 4288 ϐατεύουσα,
2460 4224 2555 4276 καὶ
2572 4222 2916 4295 ὑπερούσιος,
2937 4204 3155 4291 ἁπάσης
3169 4221 3354 4284 οὐσίας
3370 4220 3542 4292 ἐξῃρη
3552 4222 3708 4292 μέν-η,

2114 4319 2212 4383 τάς
2236 4319 2364 4381 ὅλας
2392 4316 2568 4388 ἀρχὰς
2592 4317 2687 4371 καὶ
2710 4316 2894 4382 τάξεις
2921 4314 3273 4387 ἀφορίζουσα,
3291 4314 3385 4367 καὶ
3411 4315 3597 4386 πάσης
3618 4316 3710 4387 άρ-

2116 4412 2219 4483 χῆς
2245 4411 2340 4464 καὶ
2364 4408 2573 4475 τάξεως
2608 4410 3037 4482 ὑπεριδρυμένη.
3075 4409 3185 4461 Καὶ
3213 4409 3409 4480 μέτρον
3448 4411 3571 4462 ἐστὶ
3606 4411 3712 4463 τῶν

427 4507 624 4560 stantia
654 4523 817 4577 supra
846 4509 1212 4564 substantiam
1246 4510 1557 4573 abstracta;
1591 4516 1699 4560 tota
1748 4506 2009 4576 principia

2120 4505 2303 4569 ὅντων,
2352 4504 2447 4557 καί
2485 4503 2644 4567 αίὼν,
2676 4505 2770 4557 καὶ
2809 4504 2950 4575 ὑπὲρ
2995 4501 3189 4565 αἰῶνα,
3220 4504 3311 4556 καὶ
3338 4503 3446 4575 πρὸ
3490 4504 3707 4568 αἰῶνος-⁸

427 4607 485 4651 et
537 4599 759 4654 ordines
815 4600 1107 4664 deliuiens,
1163 4615 1327 4670 supra
1384 4614 1545 4654 oume
1596 4598 1926 4670 principium
1959 4607 2013 4651 et

2120 4599 2327 4671 πλήρης
2351 4600 2391 4630 ¹⁹
2420 4600 2478 4651 ἐν
2502 4600 2615 4661 τοῖς
2656 4597 2911 4651 ἐνδεέσιν
2947 4596 3308 4669 ὑπερπλήρης
3334 4598 3393 4649 ἐν
3419 4582 3538 4661 τοῗς
3579 4600 3713 4670 πλή-

428 4706 647 4745 omnem
688 4694 934 4748 ordinem
997 4693 1283 4748 collocata.
1331 4692 1534 4747 Rerum
1590 4702 1674 4746 est
1720 4706 2007 4752 mensura,

2120 4711 2266 4765 ρεσιν
2282 4695 2350 4755 ¹⁰,
2377 4693 2633 4764 ἄρῤητος,
2662 4691 2984 4760 ἄφθεγκτος,
3026 4690 3169 4762 ὑπὲρ
3196 4689 3341 4753 νοῦν,
3367 4690 3513 4762 ὑπὲρ
3549 4690 3709 4764 ζωὴν,

430 4782 799 4852 sacculumque
849 4795 904 4837 et
952 4799 1118 4853 supra
1150 4786 1433 4851 saeculum,
1473 4796 1525 4839 et
1567 4795 1691 4839 ante
1725 4785 2011 4845 sa'culum;

2120 4763 2259 4857 ὑπὲρ
2281 4785 2486 4838 οὐσίαν·
2514 4783 2808 4855 ὑπερφυῶς
2835 4783 2947 4855 ἔχει
2970 4784 3032 4837 τὸ
3053 4784 3346 4854 ὑπερφυὲς,
3373 4763 3713 4857 ὑπερουσίφς

432 4877 587 4945 plena
632 4887 715 4930 est
748 4877 801 4930 in
848 4876 915 4930 iis
955 4893 1078 4946 qua:
1115 4888 1311 4948 egent,
1350 4877 1403 4931 iu
1438 4878 1505 4932 iis
1535 4894 1655 4947 quae
1683 4876 1839 4945 plena
1887 4886 2013 4944 sunt

2120 4878 2177 4932 τὸ
2192 4877 2532 4949 ὑπερούσιον.
2544 4877 2719 4941 Γυθεν
2734 4876 2919 4947 ἐπειδὴ
2936 4877 3030 4929 καὶ
3051 4876 3159 4941 ἕως
3176 4876 3390 4947 φύσεως
3408 4880 3450 4910 ⁸³
3470 4879 3583 4932 ὑπὸ
3598 4881 3711 4951 φιλ-

430 4971 725 5035 exuberat;
779 4968 1069 5025 ineﬂ‘abilis
1116 4981 1202 5026 est
1250 4981 1306 5025 et
1355 4970 1792 5039 inexplicabilis,
1849 4956 2013 5037 supra

2121 4968 2434 5041 ανθρωπίας
2450 4972 2493 5001 ²¹
2523 4967 2769 5041 ἐλήλυθε,
2808 4967 2903 5021 καί
2931 4967 3148 5040 άληθῶς
3172 4968 3431 5041 οὑσιώθη,
3457 4975 3557 5024 καί
3579 4971 3710 5042 ἀνὴρ

432 5078 682 5129 sensum,
714 5077 873 5131 supra
904 5063 1094 5128 vitam,
1124 5079 1288 5133 supra
1319 5064 1709 5126 substantiam,
1751 5076 2013 5131 supernas

2120 5061 2147 5112 ὁ
2170 5059 2436 5131 ὑπέρθεος
2463 5060 2834 5132 ἐχρημάτισεν
2864 5059 3011 5130 (ἵλεω
3034 5060 3091 5114 δὲ
3119 5061 3206 5132 εἴη
3232 5062 3299 5114 τά
3326 5063 3465 5133 πρὸς
3490 5064 3650 5135 ἡμῶν
3667 5065 3708 5095 ¹³

436 5158 684 5213 turaliter
734 5155 901 5211 habet
944 5156 1517 5224 supernaturalitatem
1550 5196 1566 5221 ,
1617 5165 1670 5210 et
1719 5155 2013 5225 supersub-

2120 5155 2189 5206 τὰ
2213 5154 2352 5224 ὑπὲρ
2378 5151 2502 5206 νοῦν
2526 5154 2621 5205 καὶ
2646 5152 2801 5221 λόγον
2829 5152 3184 5225 ὑμνούμενα)’
3211 5156 3315 5208 κᾶν
3350 5156 3569 5220 τούτοις
3603 5158 3708 5227 ἔχει

434 5249 760 5311 stantialiter
804 5247 1166 5305 substantiam
1216 5250 1454 5305 excedit.
1508 5247 1686 5316 Unde,
1749 5248 2006 5319 quoniam

2120 5246 2179 5300 τὸ
2202 5245 2475 5316 ὑπερφυὲς
2501 5246 2595 5299 καί
2620 5244 2967 5318 ὑπερούσιον,
2992 5247 3051 5300 οὐ
3084 5248 3245 5319 μόνον
3334 5249 3707 5313 άναλλοιώτως

1717 5448 1955 5505 VARUE
1996 5447 2412 5506 LECTIONES.

512 5618 558 5649 "
583 5615 958 5688 παραδέδοται·
986 5614 1262 5688 ἀγνοεῖται
1285 5609 1365 5688 δέ,
1394 5608 1453 5665 S.
1477 5683 1513 5688 __
1532 5608 1578 5643 "‘
1600 5607 1983 5688 ἐπεπορεύετο,
2264 5608 2619 5688 ξδιὺμνείται,
2743 5609 2881 5688 Sc.__
2924 5608 2977 5688 ."
2998 5604 3096 5688 τοῦ
3110 5606 3263 5688 ΥίΔοῦ,
3384 5602 3449 5661 Ρ.
3475 5676 3491 5688 ‘
3552 5608 3599 5688 νς
3623 5607 3707 5660 καὶ

438 5688 638 5749 τελεία,
665 5676 725 5741 Ῥ.
800 5690 841 5758 ¹ᾃ⁸
864 5676 1266 5758 ἁχράνξτοιςηβί.
1425 5754 1435 5758 _
1474 5683 1526 5758 “_
1542 5676 1893 5758 statarlﬁvpm.
2010 5680 2051 5758 ί)
2151 5679 2194 5712 ’⁸
2224 5676 2519 5758 πλήθεσιν,
2558 5681 2770 5758 Βιλδο.
2841 5680 2883 5712 ’⁸
2914 5677 3088 5750 ἡμῶν.
3168 5682 3211 5712 ³⁸
3241 5677 3381 5747 ὑπὲρ
3409 5676 3705 5749 φιλανθρω-

442 5718 638 5749 "usitata,
671 5718 725 5741 τ.
810 5718 813 5719 ν
864 5718 1169 5758 υιχρυιηυις,
1199 5718 1266 5738 ι...
1303 5718 1392 5737 uc.
1544 5718 1635 5735 ιιι...
1777 5718 1893 5750 γης,
1925 5718 1981 5732 υ.
2015 5718 2031 5733 .
2232 5718 2482 5749 ...ηρ--.ν
2505 5720 2519 5743 ,
2680 5718 2703 5735 ..

442 5760 592 5820 πίας,
622 5758 688 5811 Μ.
713 5759 768 5812 S.
809 5756 866 5811 l‘.
945 5758 990 5789 "
1017 5755 1145 5811 ἵλεω
1168 5756 1224 5811 δὲ
1251 5753 1385 5826 πρὸς
1420 5752 1590 5825 ἡμῶν,
1624 5751 1681 5804 l‘.
1711 5718 1779 5804 τά
1809 5767 1911 5808 nou
1936 5752 2137 5808 habent
2160 5762 2358 5821 praeter
2384 5750 2439 5805 ιι.
2462 5749 2511 5805 Μ
2557 5750 2613 5806 S.
2640 5750 2703 5806 D.
