3876 6226
206 326 320 382 649

1305 322 1392 376 DE
1428 320 1684 380 DlVlNlS
1715 318 2118 386 NOMINIBUS,
2149 319 2302 378 CAP.
2341 320 2409 376 ll.

3389 328 3495 384 650

205 447 348 516 ἡμῖν
394 442 487 497 καὶ
519 441 844 512 ἀσυγχύτως
883 441 1272 514 κεκοινώνηκε,
1312 444 1480 515 μηδὲν
1522 446 1790 509 πεπονθὼς

1910 448 1977 501 ad
2037 457 2280 502 nostram
2334 460 2507 517 usque
2558 457 2814 502 naturam
2862 462 2928 502 ex
3004 446 3230 501 humani
3277 451 3494 516 generis

205 539 293 600 εἰς
315 536 379 588 τὸ
404 534 756 606 ὑπρπλῆρες
783 533 970 594 αὑτοῦ,
1005 534 1139 606 πρὸς
1163 535 1265 605 τῆς
1287 535 1598 604 ἀφθέγκτου
1624 537 1800 591 κενώ-

210 645 376 690 σεως·
397 627 512 680 ἀλλ’
534 628 563 680 ὂ
581 645 635 679 τι
661 627 756 679 καὶ
776 627 836 679 τὸ
861 627 1074 680 πάντων
1091 627 1295 680 καινῶν
1321 629 1638 682 καινότατον
1655 630 1721 691 ’⁸,
1745 632 1803 682 έν

201 725 327 785 τοῖς
357 725 608 791 φυσικοῖς
629 723 788 794 ἡμῶν
811 724 1097 794 ὑπερφυὴς
1125 719 1213 794 ἦν,
1243 727 1300 776 ὲν
1328 726 1440 787 τοῖς
1471 727 1587 777 κατ’
1613 726 1805 778 οὐσίαν

207 815 540 888 ὑπερούσιος
560 819 626 880 ’⁵,
674 815 850 869 πάντα
892 816 960 869 τὰ
1005 815 1162 887 ἡμῶν
1201 815 1259 881 ἐξ
1298 815 1456 886 ἡμῶν
1495 817 1633 888 ὑπὲρ
1660 820 1807 888 ἡμᾶς

206 910 504 981 ὑπερέχων
523 912 588 964 ³⁸.

1903 554 2091 594 amore
2139 554 2201 595 se
2248 539 2488 602 demisit,
2550 549 2905 609 nostramque
2952 554 3082 594 vere
3129 541 3493 595 substantiam

1909 633 2245 702 assumpsit,
2292 646 2647 701 summusque
2699 631 2788 687 ille
2861 633 3004 687 Deus
3055 631 3360 702 appellatus
3413 647 3495 688 est

1909 727 2072 781 homo
2127 726 2572 796 (propitiationis
2626 728 2872 796 profecto
2932 727 3023 781 illa
3083 738 3211 782 sunt
3275 742 3494 783 omnem

1910 819 2245 874 intellectum
2296 820 2676 890 rationemque
2740 823 3089 890 superantis,
3149 837 3271 890 quae
3332 823 3494 876 modo

1910 914 2316 986 praedicamus),
2347 915 2399 968 in
2449 916 2536 970 his
2576 930 2794 986 quoque
2819 925 3067 970 naturam
3103 914 3494 970 substantiam-

205 1020 322 1072 que
347 1015 593 1075 superat,
621 1007 768 1075 quod
798 1022 903 1060 non
956 1015 1164 1060 tantum
1195 1007 1316 1062 sine
1373 1009 1455 1060 sui
1487 1009 1864 1064 immutatione
1929 1018 2209 1064 naturane
2265 1009 2589 1066 confusione
2643 1011 2799 1065 nobis
2864 1025 2986 1066 sese
3041 1011 3486 1076 communicarit,

203 1097 350 1151 nihil
386 1099 438 1151 in
503 1097 828 1152 exuberanti
872 1113 967 1152 sua
1031 1098 1372 1168 plenitudine
1406 1113 1471 1154 ex
1524 1098 1788 1155 ineﬂ‘abili
1841 1101 2228 1156 exinanitione
2282 1116 2610 1172 perpessus,
2659 1118 2849 1158 verum
2889 1105 3080 1171 etiam,
3129 1107 3274 1176 quod
3331 1107 3489 1162 novis

197 1189 467 1246 omnibus
497 1190 673 1258 magis
717 1206 918 1246 novum
948 1191 1172 1256 accidit,
1202 1205 1264 1247 ea
1298 1207 1420 1261 quae
1471 1201 1680 1248 naturae
1737 1204 1944 1248 nostrae
1988 1204 2147 1258 sunt,
2215 1209 2379 1264 supra
2438 1205 2651 1252 natura;
2688 1200 2936 1254 ordinem
2989 1200 3486 1270 substantiamque,

198 1295 376 1352 supra
419 1284 740 1340 substantiae
779 1285 1001 1338 modum
1055 1285 1427 1355 participarit,
1480 1296 1665 1340 nostra
1693 1285 1876 1340 omnia
1906 1301 1972 1341 ex
2003 1288 2161 1342 nobis
2189 1298 2245 1341 et
2274 1303 2440 1358 supra
2474 1305 2572 1344 nos
2597 1290 2934 1345 excellenter
2963 1290 3192 1347 habens.

1758 1443 1926 1518 §XL

271 1584 494 1638 Τούτων
525 1584 622 1653 μὲν
651 1577 748 1636 οὖν
778 1581 914 1645 ἆλις’
947 1583 1040 1635 ἐπὶ
1074 1582 1129 1635 δὲ
1156 1583 1248 1634 τὸν
1279 1582 1373 1635 τοῦ
1407 1581 1566 1652 λόγου
1602 1587 1802 1638 σκοπὸν

195 1681 511 1752 προΐωμεν,
544 1677 611 1730 τὰ
642 1677 797 1730 κοινὰ
826 1678 919 1729 καὶ
950 1677 1206 1747 ἡνωμένα
1230 1677 1328 1746 τῆς
1350 1678 1678 1750 διακρίσεως
1702 1681 1802 1752 τῆς

1977 1585 2082 1642 Sed
2108 1587 2176 1642 de
2209 1588 2294 1642 his
2323 1591 2498 1653 satis;
2541 1591 2701 1645 modo
2732 1596 3004 1647 sermonis
3035 1595 3206 1650 nostri
3256 1611 3481 1668 scOpum

1903 1693 2337 1748 prosequamur,
2387 1683 2696 1737 communia
2750 1696 2806 1739 et
2858 1687 3008 1740 unita
3042 1689 3239 1742 divinae
3287 1691 3484 1746 distina

189 1773 354 1836 Θείας
398 1771 637 1842 ὀνόματα
657 1811 669 1833 ,
714 1770 857 1824 κατὰ
883 1771 942 1823 τὸ
974 1773 1105 1841 ἡμῖν
1135 1771 1377 1839 ἐφικτὸν,
1410 1771 1790 1838 ἀνελίττοντες.

1901 1769 2097 1823 ctionis
2126 1771 2366 1834 nomina,
2395 1780 2554 1839 prout
2577 1787 2888 1842 possumus,
2918 1777 3260 1846 explicando.
3304 1783 3484 1853 Atque

191 1869 309 1923 Καὶ
333 1867 420 1918 ἵνα
452 1865 638 1934 σαφῶς
667 1867 797 1936 περὶ
827 1865 1043 1918 πάντων
1075 1863 1202 1934 ἑξῆς
1236 1866 1279 1896 ’⁷
1303 1865 1792 1938 προδιορισώμεθα,

189 1961 473 2030 διάκρισιν
500 1958 651 2012 Θείαν
679 1959 857 2030 φαμὲν
882 1960 945 2020 ²⁸,
977 1959 1054 2022 ὡς
1089 1959 1326 2030 εἴρηται,
1359 1958 1459 2023 τὰς
1491 1961 1796 2032 ἁγαθοπρε-

193 2056 322 2116 πεῖς
365 2053 466 2122 τῆς
505 2052 764 2124 Θεαρχίας
809 2052 1085 2121 προόδους.
1137 2053 1466 2124 Δωρουμένη
1512 2055 1621 2125 γὰρ
1661 2059 1794 2110 πᾶσι

187 2149 311 2210 τοῖς
347 2142 498 2209 οὖσι,
532 2149 624 2200 καὶ
666 2146 1008 2217 ὑπερχέουσα
1042 2145 1141 2209 τὰς
1179 2145 1290 2198 τῶν
1326 2145 1464 2199 ὅλων
1480 2149 1524 2179 ’³
1573 2149 1794 2216 ἀγαθῶν

194 2239 514 2309 μετουσίας,
543 2241 838 2311 ἡνωμένους
857 2240 902 2270 ³ο
943 2239 1040 2310 μὲν
1065 2239 1423 2310 διακρίνεται,
1500 2241 1793 2314 πληθύει-αι

187 2335 251 2388 δὲ
269 2335 312 2366 ³¹
343 2334 559 2398 ἑνικῶς,
587 2337 682 2390 καὶ
716 2334 1244 2399 πολλαπλασιάζεται
1273 2335 1336 2388 ὲκ
1367 2333 1462 2388 τοῦ
1489 2335 1606 2399 ἐνὸς
1634 2337 1794 2391 ἀνεκε-

191 2430 489 2500 εροιτήτως·
521 2426 653 2495 οἷον,
685 2431 876 2502 ἐπειδὴ
914 2430 990 2482 ὢν
1020 2432 1167 2482 ἐστιν
1216 2433 1242 2482 ὁ
1268 2429 1400 2494 Θεὸς
1432 2429 1790 2502 ὑπερουσίως,

186 2525 452 2596 δωρεῖται
487 2525 544 2578 δὲ
571 2527 630 2579 τὸ
657 2523 798 2580 εἶναι
825 2529 940 2590 τοῖς
966 2521 1109 2589 οὖσι,
1143 2526 1237 2578 καὶ
1263 2525 1502 2597 παράγει
1540 2526 1640 2591 τὰς
1664 2527 1792 2592 ὅλας

186 2619 404 2681 οὐσίας,
444 2619 1006 2685 πολλαπλασιάζεσθαι
1035 2620 1253 2688 λέγεται
1276 2620 1336 2672 τὸ
1363 2620 1420 2673 ἓν
1449 2620 1506 2673 ὃν
1533 2623 1710 2674 έκεῖνο
1724 2625 1790 2693 τῇ

187 2714 251 2778 ἐξ
270 2713 439 2766 αὐτοῦ
470 2717 775 2787 παραγωγῇ
806 2715 914 2768 τῶν
948 2714 1156 2770 πολλῶν
1174 2715 1364 2777 ὄντων,
1395 2714 1647 2785 μένοντος
1671 2715 1727 2768 δὲ
1747 2716 1790 2746 ³¹

185 2805 351 2858 οὐδὲν
377 2801 538 2876 ἧττον
571 2808 804 2870 ἐκείνου,
836 2810 932 2861 καὶ
979 2807 1096 2872 ἐνὸς
1125 2808 1182 2859 ὲν
1218 2805 1297 2877 τῷ
1333 2807 1656 2878 πληθυσμῷ,
1699 2809 1793 2862 καὶ

187 2899 478 2970 ἡνωμένον
506 2901 647 2954 κατὰ
676 2902 774 2972 τὴν
799 2901 1044 2974 πρόοδον,
1075 2903 1170 2955 καὶ
1212 2899 1449 2972 πλήρους
1481 2903 1540 2954 ὲν
1570 2905 1636 2972 τῇ
1677 2901 1793 2956 δια-

187 2993 399 3063 κρίσει,
444 2991 522 3062 τῷ
539 2994 583 3024 ³³
637 2994 854 3048 πάντων
893 2990 1032 3050 εἶναι
1081 2993 1194 3047 τῶν
1233 2994 1402 3048 ὅντων
1450 2995 1791 3066 ὑπερουσίως

186 3085 552 3157 ἐξῃρημένον,
596 3088 690 3140 καὶ
724 3092 791 3159 τῇ
827 3090 1005 3161 ἑνιαίᾳ
1031 3088 1140 3141 τῶν
1184 3087 1322 3142 ὅλων
1371 3093 1702 3161 προσαγωγῇ
1721 3091 1788 3154 ³⁵,

187 3182 288 3235 καὶ
307 3184 375 3252 τῇ
408 3181 756 3254 ἀνελαττώτῳ
784 3183 937 3255 χύσει
965 3183 1074 3237 τῶν
1103 3183 1389 3254 ἀμειὼτων
1417 3183 1582 3236 αὐτοῦ
1627 3203 1789 3255 μετα-

185 3275 410 3330 δόσεων.
456 3276 616 3330 Ἀλλὰ
654 3277 749 3331 καὶ
778 3279 835 3330 ἓν
862 3277 958 3339 ὢν,
1002 3279 1097 3330 καὶ
1125 3278 1288 3330 παντὶ
1340 3276 1494 3347 μέρει
1540 3277 1634 3330 καὶ
1663 3277 1788 3349 ὅλῳ,

186 3369 286 3422 καὶ
331 3370 410 3422 ἐνὶ
455 3371 550 3424 καὶ
591 3371 811 3442 πλήθει,
856 3371 950 3423 τοῦ
992 3371 1110 3434 ἑνὸς
1159 3370 1424 3441 μεταδοὺς
1441 3371 1520 3435 ³⁵,
1550 3371 1608 3424 ἓν
1642 3373 1791 3426 ἐστιν

185 3463 456 3528 ὡσαύτως
488 3465 850 3534 ὑπερουσίως,
875 3464 998 3517 οὔτε
1028 3464 1192 3535 μέρος
1215 3463 1273 3516 ὃν
1302 3463 1366 3494 ³⁵⁸
1391 3463 1484 3516 τοῦ
1529 3464 1787 3537 πλήθους,

184 3557 314 3610 οὔτε
350 3560 414 3610 ἐκ
455 3558 638 3629 μερῶν
664 3557 803 3611 ὅλον·
839 3559 931 3611 καὶ
972 3557 1145 3620 οὕτως
1189 3555 1312 3608 οὔτε
1356 3554 1414 3607 ἓν
1451 3558 1619 3620 ἐστιν,
1664 3557 1788 3612 οὔτε

185 3649 310 3713 ὲνὸς
357 3650 607 3721 μετέχει,
645 3651 768 3704 οὐδὲ
798 3651 858 3704 τὸ
906 3650 966 3702 ἒν
997 3651 1129 3720 ἔχει’
1175 3650 1363 3721 πὸρῤω
1405 3650 1461 3703 δὲ
1494 3651 1700 3705 τούτων
1728 3653 1788 3705 ἓν

184 3743 364 3804 ἐστιν,
395 3743 537 3814 ὑπὲρ
562 3743 622 3795 τὸ
651 3742 729 3807 ἓν,
764 3745 877 3807 τοῖς
908 3739 1057 3797 οὖσιν
1101 3744 1179 3806 ἓν,
1214 3745 1308 3796 καὶ
1333 3744 1536 3814 πλῆθος
1562 3745 1786 3817 ἀμερὲς,

185 3835 518 3907 ἁπλήρωτον
541 3837 915 3910 ὑπερπλῆρες,
940 3841 1047 3891 πᾶν
1073 3838 1131 3890 ἓν
1161 3839 1255 3891 καὶ
1286 3838 1489 3909 πλῆθος
1518 3840 1784 3912 παράγον,

186 3929 286 3983 καὶ
305 3927 568 3992 τελειοῦν,
597 3931 690 3984 καὶ
713 3931 950 4002 συνέχον.
988 3931 1156 3984 Πάλιν
1176 3933 1241 4002 τῇ
1267 3931 1324 3997 ἐξ
1364 3931 1529 3985 αὐτοῦ
1570 3931 1784 3997 θεὼσει,

183 4023 266 4094 τῷ
292 4023 442 4077 κατὰ
463 4023 691 4094 δύναμιν
715 4026 944 4080 ἑκάστου
976 4025 1202 4078 θεοειδεῖ
1217 4024 1354 4078 θεῶν
1372 4025 1578 4080 πολλῶν
1606 4043 1789 4096 γιγνο-

187 4119 374 4190 μένων
394 4120 461 4180 ³³,
498 4119 648 4173 δοκεῖ
691 4118 790 4191 μὲν
827 4115 967 4171 εἴναι
999 4117 1095 4171 καὶ
1133 4117 1352 4186 λέγεται
1378 4118 1473 4172 τοῦ
1504 4114 1621 4183 ἐνὸς
1649 4119 1785 4173 Θεοῦ

179 4213 467 4284 διάκρισις
509 4213 602 4266 καὶ
653 4211 1196 4283 πολλαπλασιασμὸς,
1244 4211 1359 4264 ἔστι
1407 4212 1464 4264 δὲ
1504 4213 1657 4266 οὐδὲν
1697 4209 1787 4284 ἦτ-

179 4324 282 4360 τον
311 4308 341 4359 ὁ
384 4305 635 4377 ἁρχίθεος
689 4307 784 4360 καὶ
828 4306 1094 4378 ὑπέρθεος
1137 4305 1478 4377 ὑπερουσίως
1519 4300 1602 4369 εἷς
1628 4306 1780 4370 Θεὸς,

180 4403 491 4474 ἀμέριστος
515 4404 572 4455 ὲν
598 4405 711 4466 τοῖς
748 4403 1046 4474 μεριστοῖς,
1075 4400 1352 4472 ἡνωμένος
1401 4399 1575 4469 ἑαυτῷ
1595 4401 1660 4462 ³⁷,
1691 4403 1784 4455 καὶ

1900 1871 1959 1914 ut
2001 1862 2161 1930 plane
2195 1863 2261 1916 de
2301 1864 2558 1920 omnibus
2593 1865 2851 1935 deinceps
2881 1869 3238 1938 explicemus,
3288 1873 3483 1929 distin-

1895 1951 2134 2004 ctionem
2181 1952 2421 2006 divinam
2457 1967 2579 2008 esse
2611 1955 3369 2037 dicimushquemadmodum
3399 1966 3482 2019 di-

1897 2051 2044 2096 ctum
2069 2050 2175 2108 est,
2200 2038 2617 2114 benignissimas
2641 2047 2737 2102 Dei
2760 2051 3156 2108 emanationes.
3177 2053 3310 2109 Dum
3335 2058 3480 2114 enim

1898 2133 2060 2189 rebus
2081 2136 2335 2191 omnibus
2361 2137 2594 2193 ubertim
2627 2139 2894 2196 bonorum
2923 2145 3166 2198 omnium
3199 2150 3478 2203 consortia

1896 2226 2138 2297 impertit
2180 2237 2236 2283 et
2274 2229 2536 2296 infundit,
2583 2240 2696 2286 tum
2749 2232 3040 2302 coniuncte
3063 2236 3224 2309 323
3259 2240 3478 2309 quidem

1896 2318 2281 2391 distinguitur,
2339 2321 2709 2392 ampliﬁcatur
2769 2337 2951 2381 autem
3024 2331 3188 2386 unice
3223 2370 3241 2398 ,
3297 2333 3483 2388 multi-

1895 2413 2128 2484 plexque
2179 2414 2240 2468 ﬁt
2287 2430 2354 2470 ex
2411 2431 2543 2484 uno,
2603 2433 2704 2474 nec
2734 2419 2803 2474 ab
2847 2420 3059 2476 unitate
3090 2423 3320 2478 discedit
3363 2443 3376 2478 :
3423 2435 3484 2481 ut

1894 2517 2043 2578 puta,
2077 2511 2336 2579 quoniam
2368 2512 2508 2567 Deus
2537 2516 3074 2582 superessentialiter
3103 2528 3187 2573 est
3215 2521 3479 2585 essentia,

1895 2613 2232 2674 cunctasque
2292 2607 2547 2675 producit
2605 2611 2920 2677 essentias,
2982 2615 3281 2669 secundum
3348 2615 3480 2669 illud

1895 2714 2058 2752 unum
2089 2701 2235 2768 quod
2265 2709 2348 2755 cst
2374 2702 2720 2772 multiplicari
2756 2707 2976 2768 dicitur,
3024 2708 3150 2762 dum
3190 2709 3388 2764 multas
3412 2725 3482 2764 ex

1895 2809 1953 2848 se
1984 2794 2233 2864 producit
2259 2797 2555 2862 entitates;
2587 2809 2960 2854 verumtamen
2997 2801 3047 2853 in
3081 2802 3263 2870 seipso
3299 2811 3482 2858 manet

1896 2890 1948 2941 in
1982 2887 2431 2956 multiplicatione
2464 2905 2625 2956 unus,
2676 2901 2732 2945 et
2774 2893 2826 2945 in
2885 2895 3236 2950 emanatione
3270 2897 3480 2962 unitus.

1895 2988 2058 3048 atque
2081 2980 2135 3033 in
2170 2980 2524 3036 distinctione
2562 2983 2855 3052 perfectus,
2902 2986 3045 3052 quod
3093 2985 3164 3040 sit
3194 2985 3262 3041 ab
3289 3001 3480 3041 essen-

1897 3073 1987 3128 tiis
2013 3073 2268 3128 omnibus
2309 3076 2843 3142 superessentialiter
2870 3084 3178 3145 exemptus,
3216 3085 3327 3132 tam
3366 3078 3483 3133 sin-

1894 3167 2066 3237 gulari
2115 3168 2472 3238 productione
2509 3171 2752 3224 omnium
2781 3186 2944 3240 quam
3001 3169 3327 3226 indiminuta
3361 3186 3482 3226 sua-

1897 3277 2014 3315 rum
2047 3262 2474 3316 indelicientium
2520 3263 2838 3330 profusione
2893 3263 3476 3319 communicationum.

1895 3356 2205 3422 Quinetiam
2243 3371 2366 3411 cum
2397 3357 2526 3426 quid
2563 3372 2728 3412 unum
2773 3357 2888 3425 ipse
2913 3357 3005 3420 sit,
3043 3357 3302 3426 omnique
3331 3360 3476 3425 parti

1895 3461 1948 3506 et
1977 3453 2100 3518 toti,
2133 3461 2188 3506 et
2215 3452 2304 3505 uni
2333 3461 2386 3505 et
2417 3450 2776 3516 multitudini,
2808 3450 2971 3505 unius
3016 3451 3099 3505 sui
3139 3450 3475 3504 consortium

1895 3544 2184 3614 largiatur,
2208 3543 2294 3597 vel
2323 3551 2381 3596 ut
2411 3543 2491 3598 sic
2531 3544 2698 3597 etiam
2736 3557 2901 3612 supra
2933 3541 3296 3596 substantiam
3329 3545 3477 3595 exsl-

1893 3637 1986 3691 stit
2027 3651 2191 3700 unus,
2235 3650 2357 3690 cum
2390 3649 2567 3703 neque
2597 3649 2724 3703 pars
2755 3634 2827 3688 sit
2857 3631 3241 3695 multitudinis,
3294 3643 3475 3701 neque

1891 3747 1957 3786 ex
1987 3731 2239 3797 partibus
2275 3737 2486 3792 totum;
2541 3742 2666 3780 nam
2718 3728 2823 3782 hoc
2875 3725 3032 3780 modo
3068 3739 3174 3779 non
3218 3733 3304 3779 est
3343 3724 3472 3792 quid

1893 3841 2083 3891 unum,
2129 3839 2305 3894 neque
2353 3823 2433 3878 sic
2471 3836 2637 3876 unum
2681 3819 2992 3890 participat,
3037 3819 3270 3874 habetve
3294 3818 3475 3872 unita-

1894 3929 2033 3983 tem;
2065 3919 2158 3973 sed
2186 3917 2345 3987 longe
2383 3915 2452 3970 ab
2485 3915 2572 3970 his
2600 3914 2701 3968 alia
2735 3914 2949 3968 ratione
2983 3911 3114 3983 quid
3147 3927 3315 3966 unum
3364 3921 3470 3972 est,

1890 4027 2053 4082 supra
2085 4026 2279 4075 unum,
2324 4009 2467 4080 quod
2501 4010 2661 4065 rebus
2706 4022 2874 4061 unum
2916 4013 3020 4071 est,
3073 4013 3129 4059 et
3185 4004 3476 4059 multitudo

1890 4106 2194 4169 individua,
2228 4102 2572 4173 inexplebilis
2605 4100 3070 4171 super-plenitudo,
3114 4111 3276 4154 omne
3306 4112 3472 4150 unum

1890 4195 2408 4262 multitudinemque
2468 4192 2776 4264 producens
2820 4207 2883 4245 ac
2948 4188 3244 4259 perliciens
3307 4195 3475 4255 atque

1888 4292 2274 4362 complectens.
2306 4289 2516 4345 Rursus
2549 4290 2675 4343 dum
2719 4289 2838 4356 ejus
2867 4283 3193 4340 deiﬁcieutia
3222 4279 3472 4336 deiformi

1887 4401 1985 4455 pro
2012 4384 2275 4459 cujusque
2307 4382 2509 4440 virtute
2560 4380 2744 4448 plures
2776 4377 2848 4430 dii
2895 4376 3053 4440 ﬁunt,
3092 4372 3310 4427 videtur
3351 4371 3473 4439 qui-

178 4464 762 4568 coZg-m).loigdptyi1e
787 4464 883 4551 καὶ
909 4464 1272 4568 ἀπλήθυντος.
1299 4497 1412 4548 Καὶ
1431 4464 1590 4548 τοῦτο
1615 4496 1784 4568 ὑπερ-

1897 4479 2010 4531 dem
2044 4477 2355 4547 diciturque
2384 4474 2546 4528 unius
2594 4471 2687 4526 Dei
2727 4469 2926 4524 divisio
2956 4464 3468 4535 multiplicatioque,

179 4592 344 4664 φυῶς
377 4593 634 4664 ἐννοήσας
669 4593 697 4645 ὁ
737 4592 914 4658 κοινὸς
945 4594 978 4664 ή
990 4591 1106 4663 μῶν
1144 4593 1240 4645 καὶ
1271 4589 1364 4644 τοῦ
1414 4586 1789 4661 καθηγεμόνος

178 4687 283 4740 ὲπὶ
306 4685 406 4756 τὴν
451 4685 602 4740 θείαν
643 4687 976 4757 φωτοδοσίαν
1015 4685 1378 4759 χειραγωγὸς,
1422 4685 1450 4736 ὁ
1503 4681 1669 4744 πολὺς
1716 4680 1785 4733 τὰ

178 4779 330 4840 θεῖα,
361 4778 423 4831 τὸ
450 4778 567 4847 φῶς
601 4777 696 4833 τοῦ
724 4780 951 4850 κόσμου,
988 4779 1114 4833 τάδε
1145 4780 1309 4851 φησιν
1337 4774 1696 4837 ἐνθεαστικῶς
1727 4775 1786 4826 ἐν

175 4877 300 4937 τοῖς
340 4876 504 4946 ἱεροῖς
530 4873 696 4928 αὑτοῦ
727 4876 1039 4947 γράμμασι*
1061 4874 1170 4927 Καὶ
1192 4873 1302 4943 γὰρ
1335 4872 1501 4938 εἴπερ
1528 4870 1647 4923 εἶσὶ
1679 4873 1781 4923 λε-

177 4967 430 5037 γόμενοι
460 4967 577 5021 θεοὶ
603 5008 617 5031 ,
646 4969 764 5021 εἴτε
797 4969 867 5021 ἐν
899 4965 1153 5036 οὐρανῷ,
1191 4966 1309 5018 εἴτε
1337 4963 1435 5017 ἐπὶ
1472 4960 1604 5032 γῆς,
1642 4957 1783 5032 (ὠσ-

177 5057 418 5127 περοῦν
442 5059 560 5114 εἰσὶ
581 5061 701 5114 θεοὶ
726 5059 964 5123 πολλοὶ,
999 5059 1096 5111 καὶ
1128 5059 1317 5124 κύριοι
1347 5052 1611 5122 πολλοί,)
1638 5045 1778 5105 cm“

178 5151 437 5222 ἠιιῖνεῖς
464 5153 608 5218 Θεὸς
637 5155 668 5205 ὀ
699 5151 924 5218 Πατὴρ,
946 5150 1014 5214 ἐξ
1043 5150 1112 5203 οὗ
1141 5150 1212 5202 τὰ
1232 5147 1446 5208 πάντα,
1482 5144 1578 5198 καὶ
1610 5141 1782 5211 ἡμεῖς

1887 4581 2264 4628 verumtamen
2310 4569 2425 4638 ipse
2467 4577 2552 4621 est
2586 4563 2914 4636 principium
2939 4557 3244 4616 istiusmodi
3274 4555 3472 4612 divini-

1892 4669 2020 4722 tatis
2044 4673 2100 4720 et
2133 4664 2441 4719 eminenler
2487 4661 2650 4724 Deus,
2684 4666 2739 4711 et
2767 4649 3302 4725 superessentialiter
3332 4663 3472 4702 unus

1892 4761 2052 4822 Deus,
2086 4757 2354 4813 indivisus
2382 4755 2437 4810 in
2471 4751 2726 4815 dividuis,
2759 4752 2814 4803 in
2844 4764 2902 4803 se
2943 4760 3104 4807 unus,
3143 4752 3199 4798 et
3240 4742 3292 4796 in
3332 4739 3474 4793 mul«

1890 4854 1958 4906 tis
2010 4851 2130 4905 istis
2186 4862 2363 4917 neque
2411 4847 2605 4900 mistus
2634 4855 2811 4910 neque
2847 4837 3264 4908 multiplicatus.
3309 4830 3467 4899 Quod

1888 4962 2010 5000 cum
2063 4939 2555 5012 supernaturalitcr
2597 4933 2960 4990 intellexisset
3014 4925 3321 4985 communis
3365 4940 3466 4977 no-

1884 5052 1996 5095 ster
2031 5053 2096 5093 ac
2126 5034 2481 5106 prmceptoris
2528 5031 2705 5085 nostri
2747 5029 2814 5081 ad
2856 5024 3095 5079 divinam
3143 5017 3464 5074 illustratio-

1887 5151 2004 5190 nem
2035 5131 2418 5192 manuductor,
2445 5126 2536 5196 qui
2564 5124 2789 5178 multum
2819 5122 2872 5174 in
2897 5118 3095 5175 divinis
3117 5117 3280 5171 rebus
3303 5125 3464 5168 exer-a

1484 5343 1721 5398 VARle
1755 5332 2165 5395 LECTIONES.

251 5516 302 5551 "
331 5513 647 5585 καινότερον
666 5552 680 5576 ,
715 5510 772 5567 S.
797 5509 856 5563 P.
885 5508 1008 5585 Sar.
1073 5509 1116 5538 ’⁵
1145 5505 1508 5585 υπερουσίως,
1537 5502 1599 5585 ῐξ
1638 5500 1759 5585 sar:

176 5607 281 5658 pro
311 5579 602 5673 ὑπερέχων
623 5583 878 5673 sc‘rillitur
905 5580 1063 5666 ἔχων,
1083 5589 1141 5673 ut
1255 5581 1376 5658 Sar,

180 5662 394 5730 μένοις,
426 5662 484 5710 S.
563 5662 606 5686 ³ι
637 5662 964 5723 πληθυνεται
988 5662 1064 5713 σε,
1095 5662 1110 5702 :

178 5735 222 5763 ³¹
249 5732 428 5783 ὄντων
460 5728 556 5797 μὲν
583 5725 736 5797 ὄντος
761 5722 840 5797 δέ,
949 5722 1110 5797 διδ-μ

177 5806 272 5874 γῇ,
306 5800 365 5853 S.
450 5791 490 5829 έδ
511 5793 844 5867 μεταδιδούς,
876 5791 930 5843 ι).

515 5893 785 5950 ΡΑτιιυι.
817 5889 935 5949 Gtt.
985 5885 1091 5944 Ill.

1839 5499 1885 5529 ²⁶
1918 5495 1988 5548 τά
2013 5509 2118 5548 non
2149 5491 2426 5546 hahentS.
2456 5490 2537 5549 P.,
2564 5499 2621 5543 ut
2656 5491 2708 5543 in
2743 5490 2803 5544 D.
2837 5505 2941 5542 non
2991 5495 3074 5539 cst
3101 5484 3161 5548 ἐξ
3187 5485 3240 5554 ήι

1452 5577 1494 5604 ετ
1529 5573 1636 5626 τῶν
1669 5571 1814 5639 ἑξῆς,
1847 5569 1903 5622 s.
1939 5569 1995 5619 ιι.

563 5629 1064 5723 ίί
1095 5629 1243 5702 δῖε»,
1272 5629 1450 5700 sariat
1476 5646 1542 5699 ad
1569 5629 1943 5697 hunc-nimium
1966 5639 2065 5723 hoc
2083 5629 2630 5723 vet-btttn'sha-pissime
2649 5632 2827 5723 :loc‘ns
2846 5639 3035 5723 n‘otgre
3048 5629 3271 5723 Longum
3291 5632 3454 5723 esset.-

1115 5694 1748 5780 é'vévéo;3E,'.I6:i'iiabéu
1781 5710 1847 5762 ιι.
1877 5710 1934 5761 ι).
2016 5707 2059 5737 ³³
2083 5705 2166 5780 τῴ,
2189 5705 2246 5780 _P.
2328 5704 2370 5780 ξ’*
2397 5694 2724 5780 ταραγωγῇν
2757 5694 2814 5780 i9.
2846 5700 2902 5752 Ρ-
2937 5700 3024 5780 ξε·
3048 5694 3457 5780 Ser-recerti);

1012 5780 1223 5842 “"ht'v'w
1269 5800 1529 5857 utsupra.
1584 5780 2044 5850 ³⁶γενομένων,1).

3240 5481 3344 5534 λῶν
3365 5520 3378 5540 ,
3407 5490 3458 5535 et

3249 5553 3292 5583 3°
3322 5555 3435 5622 ἡνω

2074 5566 2118 5595 ’⁸
2141 5559 2279 5616 εἷναί
2297 5579 2499 5633 φαμεν,
2527 5560 2584 5612 D.
2621 5561 2689 5633 Ρ,
2709 5563 2828 5612 Sar.
2909 5561 2952 5590 ’θ
2977 5556 3169 5633 ἄλλων.

2127 5763 2166 5807 π
2187 5778 2242 5827 ἐν
2269 5776 2379 5837 τοῖς
2403 5763 2736 5845 ἀμερίστοίς,
2767 5770 3059 5842 ἡνωμὲνως
3087 5770 3143 5819 ἐν
3168 5763 3367 5834 ἐαυτῷ,
3398 5763 3456 5814 3.

3106 5861 3178 5919 '21
