3876 6226
418 324 519 381 651

1590 322 1647 376 S.
1687 311 1896 376 llFONY
1906 320 1991 377 Sil
2021 317 2486 377 AREOPAGITAS

3582 330 3689 387 653

405 444 608 495 citatus
630 449 733 503 est,
772 446 827 494 et
857 438 952 493 lux
984 446 1071 493 est
1108 436 1320 502 mundi,
1352 436 1467 491 lucc
1495 434 1549 488 in
1590 434 1847 504 Epistolis
1882 436 1991 490 suis

2100 439 2186 501 εἰς
2221 436 2426 488 αὐτόν·
2458 436 2553 488 καὶ
2577 435 2663 501 εἷς
2689 437 2902 505 Κύριος
2935 436 3175 507 Ἰησοῦς
3206 441 3477 509 Χριστὸς,
3506 443 3580 496 δι’
3614 445 3687 498 οὗ

406 533 594 588 divino
630 532 864 587 Numine
896 528 1109 585 aﬂlatus
1151 529 1343 584 scribit
1377 547 1393 585 :
1443 527 1585 583 Nam
1614 529 1710 582 etsi
1748 538 1869 581 sunt
1906 530 1997 598 qui

405 628 657 681 dicantur
708 625 809 689 dii,
864 626 971 678 sive
1012 623 1070 676 in
1103 621 1253 687 cwlo,
1282 622 1387 675 sive
1433 622 1492 675 in
1538 631 1681 676 terra
1714 621 1995 690 (siquidem

404 729 525 773 sunt
554 718 631 771 dii
674 714 851 780 multi,
890 723 940 769 et
986 714 1193 768 domini
1232 712 1434 783 multi),
1456 714 1607 767 nobis
1649 722 1825 768 tamen
1856 729 1993 766 unus

304 826 313 834 '
403 810 548 864 Deus
584 808 770 874 Pater,
811 822 876 861 ea:
902 822 1005 877 quo
1046 806 1247 870 omnia,
1280 814 1331 859 et
1370 821 1465 859 nos
1504 806 1740 875 in'ipso;
1768 814 1817 859 et
1854 820 1991 858 unus

407 900 663 955 Dominus
702 898 858 953 Iesus
901 896 1169 962 Christus,
1216 912 1310 965 per
1355 911 1509 967 quem
1554 897 1762 960 omnia,
1808 905 1858 949 et
1900 912 1994 950 nos

403 1008 495 1060 per
523 992 691 1060 ipsum
729 990 776 1045 ⁸.
807 988 1018 1043 Etenim
1060 988 1114 1041 in
1141 986 1344 1042 divinis
1378 987 1541 1042 rebus
1574 987 1804 1043 uniones
1828 1002 1993 1058 supe-

408 1095 535 1139 rant
564 1082 969 1149 distinctiones,
1018 1089 1078 1136 et
1121 1080 1480 1145 antecedunt,
1510 1080 1788 1149 nihiloque
1814 1080 1992 1134 minus

404 1190 589 1234 tamen
622 1178 785 1234 etiam
811 1176 1120 1243 conjunctae
1148 1184 1276 1230 sunt
1302 1184 1425 1244 post
1451 1174 1610 1228 unius
1636 1188 1743 1228 non
1784 1171 1993 1227 abeun-

405 1284 515 1327 tem
544 1270 986 1341 singularemque
1022 1266 1454 1323 dietinctioncm.
1487 1264 1598 1319 llas
1628 1266 1813 1333 itaque
1839 1279 1991 1319 com-

2102 528 2175 580 τὰ
2205 526 2418 591 πάντα,
2451 529 2548 581 καὶ
2582 527 2753 597 ἡμεῖς
2786 527 2862 580 δι’
2902 531 3109 583 αὑτοῦ.
3153 533 3263 584 Καὶ
3302 532 3412 603 γὰρ
3451 536 3544 587 ἐπὶ
3578 537 3691 590 τῶν

2102 618 2261 671 θείων
2302 620 2357 672 αἱ
2402 618 2621 682 ὲνώσεις
2652 619 2761 671 τῶν
2805 619 3134 691 διακρίσεων
3175 623 3557 695 ἐπικρατοῦσι,
3591 629 3692 680 καὶ

2102 710 2568 782 προκατάρχουσι,
2595 712 2688 764 καὶ
2715 710 2868 765 οὐδὲν
2887 708 3048 784 ἧττόν
3073 716 3217 769 ἐστιν
3238 719 3488 789 ἡνωμένα
3502 720 3569 751 ³⁷·
3595 722 3692 774 καὶ

2104 802 2244 873 μετὰ
2258 804 2357 874 τὴν
2374 803 2469 856 τοῦ
2492 804 2611 868 ἑνὸς
2633 805 3023 877 ἀνεκφοὶτητον
3046 809 3138 861 καὶ
3164 809 3371 865 ἑνιαίαν
3392 812 3687 885 διάκρισιν.

2101 894 2316 958 Ταύτας
2344 897 2505 967 ἡμεῖς
2531 894 2631 960 τὰς
2660 896 2845 961 κοινὰς
2870 900 2963 951 καὶ
2985 900 3272 971 ἡνωμένας
3296 902 3395 973 τῆς
3416 905 3547 976 ὅλης
3575 906 3692 959 θεό-

2099 1004 2262 1058 τητος
2293 987 2615 1059 διακρίσεις,
2640 989 2739 1043 εἴτ’
2766 986 2859 1044 οὖν
2879 992 3285 1064 ἁγαῦοπρεπεῖς
3314 998 3594 1067 προὸδους,
3624 1000 3691 1052 ὲκ

2098 1074 2207 1127 τῶν
2232 1076 2611 1147 ὲμφαινουσῶν
2635 1079 2680 1110 ³⁸
2732 1080 2900 1145 αὐτὰς
2926 1084 2985 1135 ὲν
3009 1085 3123 1147 τοῖς
3145 1082 3344 1152 λογίοις
3366 1085 3688 1159 θεωνυμιῶν

2101 1170 2339 1241 ὑμνῆσαι
2362 1170 2503 1224 κατὰ
2526 1172 2587 1224 τὸ
2613 1172 2838 1227 δυνατὸν
2864 1177 3260 1247 πειρασόμεθα,
3291 1178 3481 1232 τούτου
3509 1180 3687 1234 καθὰ-

2100 1281 2207 1335 περ
2234 1263 2447 1335 εἴρηται
2474 1265 3005 1337 προδιεγνωσμένου,
3028 1268 3123 1322 τοῦ
3152 1272 3331 1324 πᾶσαν
3354 1271 3695 1344 ἀγαθουργι-

2099 1356 2200 1427 κὴν
2219 1357 2262 1388 ³⁰
2291 1356 2618 1428 θεωνυμίαν,
2655 1361 2741 1429 ἐφ’
2766 1354 2911 1433 ᾗπερ
2937 1361 3005 1415 ἂν
3028 1360 3218 1432 κέηται
3238 1362 3346 1416 τῶν
3374 1365 3688 1436 θεαρχικῶν

402 1458 521 1511 sive
553 1454 829 1510 benelicas
855 1454 1253 1518 emanationes,
1296 1466 1366 1505 ex
1413 1449 1727 1505 nominibus
1766 1451 1985 1517 divinis,

2108 1447 2509 1514 Ὑποστάσεων,
2539 1452 2633 1503 ἐπὶ
2656 1451 2757 1522 τῆς
2782 1451 2908 1524 ὅλης
2930 1453 3096 1526 αὐτὴν
3120 1455 3451 1528 ὲκληφθῆναι
3473 1457 3689 1529 θεαρχι-

402 1564 526 1620 quae
550 1548 670 1603 illas
714 1547 766 1602 in
805 1546 1038 1617 eloquiis
1091 1545 1398 1608 declarant,
1447 1558 1547 1615 pro
1597 1544 1743 1598 virili
1796 1552 1984 1599 nostra

2100 1542 2195 1613 κῆς
2211 1542 2255 1574 ⁸ο
2275 1544 2525 1615 ὁλότητος
2545 1546 3006 1619 ἀπαρατηρήτως.

403 1650 560 1713 parte
612 1641 896 1698 celebrare
942 1641 1297 1705 conabimur;
1354 1639 1401 1693 si
1471 1639 1575 1694 hoc
1630 1640 1895 1708 primum,
1937 1636 2013 1691 uti
2079 1637 2282 1693 dictum
2342 1650 2444 1704 est,
2501 1641 2863 1696 constitutum
2911 1642 3099 1707 fuerit,
3144 1642 3447 1700 beneﬁcum
3522 1658 3694 1699 omne

400 1734 571 1807 325
604 1749 803 1790 nomen
853 1734 971 1801 Dei,
1018 1734 1327 1805 cuicunque
1373 1733 1681 1789 divinarum
1730 1730 2095 1787 Personarum
2143 1732 2459 1803 impositum
2520 1735 2710 1803 fuerit,
2770 1738 2891 1795 sine
2925 1738 3243 1795 discrimine
3295 1740 3351 1796 in
3390 1742 3517 1796 'tota
3563 1741 3687 1810 ipsa

405 1832 588 1887 divina
618 1828 887 1886 Trinitate
911 1829 1110 1899 accipi.

403 1379 599 1420 mones
653 1362 945 1432 unitasque
995 1362 1162 1417 totius
1220 1359 1526 1414 divinitatis
1577 1357 1987 1421 distinctiones,

1994 1970 2084 1989 ‘-

1570 2096 2110 2157 ADNOTATIONES
2156 2096 2507 2157 CORDERII.

474 2313 581 2369 Pro
609 2314 882 2371 exactiori
912 2313 1075 2399 hujus
1112 2314 1307 2439 cogitis
1357 2312 1736 2385 intelligentia,
1794 2315 2029 2370 maxime
2078 2312 2107 2386 ᾗ
2150 2313 2193 2381 l,
2242 2313 2365 2369 vide
2412 2304 2536 2385 qua:
2588 2312 2645 2367 in
2691 2310 3177 2371 Observationibus
3231 2311 3676 2386 generalioribus

474 2394 546 2439 :ta
577 2396 723 2439 sunt.
750 2386 1140 2439 observatione
1231 2394 1285 2439 et
1318 2384 1407 2439 10.

402 2385 546 2441 dicta
577 2396 723 2451 sunt,
750 2384 1140 2442 observatione
1170 2384 1203 2439 5
1231 2394 1285 2440 et
1318 2384 1407 2440 l0.

478 2455 578 2511 Ubi
612 2457 741 2511 item
778 2467 930 2521 nota,
962 2472 1070 2511 non
1094 2465 1312 2527 tantum
1344 2457 1608 2512 attributa
1650 2455 1964 2512 essentialia
1994 2458 2093 2510 toti
2127 2454 2754 2527 Trinitaticompetere,
2784 2470 2973 2527 verum
3008 2457 3172 2511 etiam
3213 2457 3454 2523 nomina,
3481 2469 3603 2527 qua:
3644 2468 3676 2507 a

401 2540 587 2581 rerum
616 2535 925 2580 creatarum
969 2526 1348 2596 productione,
1396 2530 1812 2583 conservatione
1855 2542 1918 2581 ac
1947 2527 2342 2596 gubernatione
2375 2526 2661 2594 desumpta
2703 2535 2855 2581 sunt.
2903 2526 3261 2596 Operationes
3310 2526 3677 2594 enim,’qnas

400 2596 921 2667 adeatru‘tlieologi
951 2595 1173 2661 vocant,
1201 2612 1520 2653 communes
1547 2608 1674 2653 sunt
1704 2597 2066 2652 sanctissima:
2091 2595 2368 2659 Trinitati,
2401 2605 2567 2666 atque
2604 2598 2693 2650 uni
2736 2595 3018 2651 Divinitati
3050 2598 3290 2651 omnium
3317 2597 3597 2667 crearrici.

473 2665 500 2737 §
537 2665 597 2719 ll.
642 2664 710 2719 Et
741 2668 844 2720 nisi
877 2664 963 2720 illi
1008 2683 1151 2720 cura:
1190 2669 1263 2737 sit
1286 2668 1465 2722 divina
1496 2685 1773 2723 sacrarum
1809 2666 2132 2722 Litterarum
2163 2669 2445 2733 sapientia,
2476 2664 2583 2737 etc.
2634 2667 2772 2721 Hinc
2804 2669 2943 2721 bene
2995 2668 3189 2736 probat
3232 2668 3392 2722 divus
3430 2666 3677 2719 Thomas

399 2736 575 2808 prima
612 2748 788 2808 parte,
818 2746 1012 2807 quaest.
1045 2736 1134 2799 52,
1164 2736 1322 2791 artic.
1362 2739 1413 2802 1,
1468 2739 1520 2793 in
1565 2754 1794 2808 corpore
1828 2756 1842 2792 :
1880 2737 2136 2808 mysteria
2165 2738 2411 2806 quaedam
2458 2736 2583 2791 ﬁdei
2631 2739 2859 2792 rationis
2910 2749 3125 2806 captum
3156 2738 3498 2800 excedentia,
3532 2751 3677 2790 non-

402 2806 508 2861 nisi
537 2821 604 2879 εχ
630 2806 929 2876 Scripturis
954 2823 1047 2862 seu
1075 2809 1273 2863 divinis
1302 2806 1729 2879 revelationibits
1759 2806 2019 2879 cognosci
2046 2822 2233 2879 posset
2261 2808 2364 2874 Qui
2396 2809 2566 2879 enim,
2600 2808 2798 2878 inquit,
2830 2809 3063 2862 naturali
3099 2809 3311 2879 ratione
3340 2808 3669 2879 Trinitatem

400 2877 556 2948 νει-ιιὶ
587 2879 785 2947 gratia,
819 2880 1051 2948 probare
1079 2879 1290 2944 nititur,
1332 2878 1378 2932 is
1411 2880 1538 2934 ﬁdei
1575 2877 1863 2947 dupliciter
1913 2879 2162 2948 derogat.
2212 2877 2400 2932 Primo
2440 2877 2682 2946 quidem
2707 2888 2969 2946 quantum
3014 2879 3081 2932 ad
3124 2878 3444 2948 dignitatem
3496 2878 3673 2944 ipsius

398 2947 546 3019 ﬁdei,
595 2963 716 3016 quas
762 2947 824 3002 in
849 2952 950 3006 hoc
990 2950 1259 3015 consistit,
1301 2960 1360 3003 ut
1403 2952 1475 3003 sit
1520 2949 1587 3005 de
1634 2950 1797 3003 rebus
1829 2947 2194 3019 invisibilibus
2224 2964 2343 3019 qua:
2380 2949 2676 3003 humanam
2710 2950 2978 3019 excedant
3014 2950 3303 3002 rationem.
3338 2947 3492 3003 Unde
3522 2948 3675 3014 Apo-

398 3016 571 3071 stolus
600 3018 757 3081 dicit,
792 3019 949 3074 ﬁdem
990 3034 1114 3074 esse
1158 3019 1225 3073 de
1262 3034 1369 3073 non
1409 3020 1827 3087 apparentibus;
1860 3028 1915 3074 et
1940 3019 2068 3074 alibi
2100 3035 2115 3072 :
2150 3016 2498 3086 Sapientiam,
2549 3019 2748 3088 inquit,
2789 3018 3056 3087 loquimur
3090 3021 3229 3072 inter
3258 3019 3555 3087 perfectos;
3583 3033 3676 3069 sa-

396 3088 650 3160 pientiam
695 3105 814 3142 vero
860 3106 964 3144 non
1007 3089 1168 3159 hujus
1212 3090 1415 3155 sa'culi,
1450 3105 1612 3160 neque
1650 3090 2149 3160 principumrrhujus
2175 3089 2380 3155 sa’culi,
2407 3090 2498 3144 sed
2525 3088 2793 3158 loquimur
2816 3089 2912 3141 Dei
2950 3090 3267 3160 sapientium
3301 3091 3356 3140 in
3392 3088 3669 3160 mysterio,

395 3173 514 3226 qua:
541 3159 853 3214 abscondita
901 3171 975 3215 est
1014 3160 1065 3212 ιι.
1131 3160 1423 3223 Secundo,
1472 3159 1739 3228 quantum
1792 3162 1860 3215 ad
1899 3159 2185 3215 utilitatem
2222 3160 2466 3214 trahendi
2510 3160 2648 3214 alios
2686 3160 2754 3212 ad
2806 3160 2990 3212 ﬁdem.
3025 3159 3158 3213 Cum
3187 3161 3331 3213 enim
3363 3159 3564 3228 aliquis
3602 3159 3672 3210 ad

396 3230 732 3300 probandam
779 3231 936 3284 ﬁdem
1001 3230 1300 3284 introducit
1328 3227 1597 3300 rationes
1626 3244 1747 3299 quae
1778 3246 1883 3285 non
1914 3238 2043 3285 sunt
2080 3240 2357 3300 urgentes,
2410 3230 2463 3283 in
2512 3230 2827 3285 irrisionem
2874 3230 3020 3283 cedit
3055 3230 3385 3294 inﬁdelium;
3430 3227 3672 3281 credunt

396 3298 543 3352 cnim
574 3302 721 3371 quod
757 3299 1064 3368 hujusmodi
1123 3298 1425 3354 rationibus
1477 3298 1794 3365 innitatnur,
1846 3310 1901 3354 et
1944 3298 2185 3371 propter,
2210 3314 2305 3354 cas
2341 3302 2650 3355 credamus.
2692 3300 2822 3367 Quae
2852 3300 3171 3371 igiturﬁdei
3209 3309 3356 3364 sunt,
3396 3313 3511 3350 non
3541 3305 3676 3351 sunt

396 3370 672 3436 probanda
713 3371 815 3424 nisi
867 3387 963 3440 per
1016 3371 1376 3425 auctoritates
1422 3371 1622 3439 bisqui
1654 3368 2013 3425 auctoritates
2045 3368 2381 3440 suscipiunt;
2418 3371 2560 3439 apud
2602 3372 2738 3425 alios
2782 3368 2911 3424 vero
2940 3368 3169 3440 suiliciti
3195 3371 3518 3434 defendere,
3558 3382 3671 3422 non

397 3439 897 3511 cs:e__i_tnpossibile
922 3443 974 3497 id
1003 3442 1149 3511 quod
1181 3440 1730 3511 lidcsipraedicatJta
1763 3450 1985 3495 sanctus
2034 3439 2324 3511 Dionysius
2353 3442 2455 3511 hoc
2484 3442 2622 3509 loco,
2655 3452 2709 3497 ct
2747 3454 2809 3495 ex
2846 3455 2911 3495 eo
2945 3442 3104 3494 divus
3129 3439 3389 3495 Thomas.

470 3508 499 3581 §
527 3508 613 3581 Ill.
656 3510 791 3564 Nota
817 3508 1034 3566 nomina
1059 3510 1122 3564 τὸ
1152 3510 1549 3581 ὐπεράγαθον,
1583 3510 1649 3565 τὸ
1681 3511 1991 3579 ὑπέρθεον,

2116 3508 2198 3566 est
2223 3508 2633 3581 supra-bonum,
2664 3511 3048 3580 supra-Deum,
3082 3521 3213 3575 etc.,
3238 3512 3343 3564 dici
3361 3509 3475 3578 τῆς
3490 3509 3675 3577 ὑπερ-

396 3578 612 3647 οχῐκῆς
636 3581 1023 3650 ἀφαιρέσεως,
1054 3583 1102 3635 id
1136 3592 1219 3635 est
1244 3578 1529 3635 oblationis
1560 3578 1849 3635 secundum
1879 3578 2326 3649 exsuperantiam,
2360 3583 2487 3651 quia
2523 3578 2798 3635 lolluntﬁin
2828 3583 2936 3635 Dco
2975 3582 3273 3651 bonitatem
3308 3594 3577 3644 creatam,
3614 3589 3674 3632 et

400 3656 647 3722 tribuunt
678 3649 1091 3722 exsuperantem
1120 3662 1176 3706 et
1224 3653 1553 3719 superlatam
1580 3655 1913 3721 bonitatem,
1961 3654 2172 3707 scilicet
2216 3649 2539 3717 mercatum,
2588 3669 2708 3721 qua:
2748 3654 2918 3707 vincit
2947 3649 3165 3707 onnt'em
3202 3652 3576 3721 cognitionem
3610 3662 3670 3704 et

400 3721 837 3791 intelligentiam}
870 3723 1001 3777 Vide
1033 3725 1443 3776 observntiones
1467 3722 1501 3775 4
1530 3732 1585 3776 ει
1607 3724 1639 3777 9
1666 3723 1967 3791 generales.

470 3790 603 3865 Nota
639 3793 860 3865 ibidem,
895 3793 970 3846 Τὰ
1000 3792 1068 3844 δὲ
1099 3791 1517 3865 διαθρεκριμέιία
1550 3791 1615 3845 τὸ
1646 3790 1879 3860 Πατρός
1910 3796 1991 3849 ὑπ

2102 3793 2278 3847 ύσιον
2311 3794 2499 3864 ὄνομα
2524 3796 2621 3849 καὶ
2645 3792 2847 3865 χρῆμα
2873 3810 2892 3849 :
2923 3796 3152 3848 discreta
3189 3807 3303 3846 vero
3325 3802 3447 3846 sunt
3486 3790 3675 3865 Patris

396 3862 738 3936 substantiola
767 3880 958 3936 nomen
975 3874 1020 3915 et
1059 3880 1161 3920 res.
1210 3862 1416 3936 Nomen
1464 3863 1879 3936 Patris,_inquit
1927 3865 2232 3918 'l‘urrianns
2277 3862 2981 3936 (52),suprasubstantiam
3026 3865 3179 3928 dicit,
3212 3866 3336 3932 quia
3368 3865 3423 3915 in
3462 3864 3673 3936 divinis

398 3947 508 3984 non
536 3932 809 4007 signiﬁcat
839 3935 994 3987 nobis
1040 3949 1235 3987 nomen
1288 3932 1467 4007 Patris
1511 3943 1604 3987 aut
1646 3930 1794 4001 Filii,
1844 3936 1988 4004 quod
2020 3936 2071 3988 in
2116 3930 2389 3991 creaturis
2425 3930 2799 4007 intelligimus,
2834 3950 3097 4006 personas
3128 3930 3342 4007 scilicet
3368 3949 3427 4007 re
3455 3944 3515 3986 et
3538 3933 3677 4007 sub-7

396 4003 603 4076 stantia
630 4014 933 4076 separatas.
969 4008 1268 4076 lte_n_t__vero
1309 4003 1488 4076 Patris
1522 4015 1683 4076 vocat
1716 4021 1822 4060 non
1856 4003 2030 4074 ipsam
2062 4007 2448 4073 substantiam,
2477 4003 2729 4076 quaa'una
2764 4003 2849 4062 esi
2888 4018 2944 4063 et
2976 4009 3165 4060 eadem
3219 4006 3274 4057 in
3318 4005 3516 4067 tribus,
3570 4005 3675 4076 sed

398 4088 514 4147 rem
542 4072 741 4147 Patris,
770 4085 833 4147 et~
857 4074 1156 4147 remnFilii,
1182 4084 1238 4129 et
1280 4091 1394 4147 rem
1443 4074 1679 4147 Spiritus
1713 4072 1890 4131 sancti
1922 4086 2081 4130 vocat
2116 4072 2508 4145 proprietates;
2536 4093 2656 4147 qua:
2681 4079 2732 4131 in
2767 4078 2968 4132 divinis
2990 4076 3247 4133 Personis
3270 4078 3523 4147 ordinem
3557 4075 3674 4127 ori-

396 4142 542 4211 ginis
573 4143 704 4218 _sive
754 4145 1005 4214 principii
1039 4145 1303 4218 intereas
1339 4142 1663 4218 designant;
1720 4148 1863 4201 unde
1910 4142 2237 4201 notionales'
2264 4142 2629 4218 proprietaies
2677 4150 2794 4203 sive
2833 4159 2989 4204 actus
3033 4148 3322 4218 dicuntur,
3369 4146 3500 4218 quia
3543 4154 3675 4198 sunt

398 4213 619 4287 proprie
649 4217 900 4287 notiones
929 4213 1047 4287 sive
1083 4213 1505 4287 designationes
1522 4230 1905 4287 personarum,
1946 4227 2014 4285 ut,
2045 4213 2324 4286 proprium
2358 4213 2546 4271 Patris
2585 4228 2666 4273 est
2714 4234 2979 4287 generare
3030 4215 3252 4287 Filium,
3302 4216 3527 4287 propria
3583 4225 3678 4269 est

395 4285 654 4359 nativitas
685 4284 900 4359 Filiiex
928 4284 1114 4349 Patre,
1158 4296 1212 4339 et
1234 4284 1717 4359 prapriaSpiritus
1746 4288 1921 4343 sancti
1966 4284 2250 4356 prcceSSio
2281 4304 2348 4343 ex
2384 4304 2491 4342 uno
2529 4284 2802 4359 principio
2833 4289 2995 4343 Patre
3027 4296 3082 4343 et
3106 4286 3281 4359 Filio;
3323 4290 3439 4359 haec
3470 4286 3673 4359 dicun-

396 4363 485 4407 tur
513 4354 701 4410 Grzece
723 4355 998 4427 χρήματα
1018 4354 1396 4429 γνωρωτικᾶ,
1422 4355 1483 4429 id?
1506 4354 1610 4429 est,
1640 4374 1722 4412 res
1752 4360 1869 4413 sive
1896 4354 1991 4411 act;

2100 4360 2392 4429 rationales.
2425 4354 2729 4424 lies'enim;
2760 4357 3307 4429 quatenusipertinet
3330 4358 3415 4429 rad
3445 4355 3674 4429 relatio-

397 4440 546 4501 nem,
575 4443 811 4501 numero
840 4425 1083 4501 plurium
1115 4428 1446 4501 praedicatur
1472 4428 1528 4483 in
1557 4427 1795 4494 divinis;
1830 4440 2051 4501 sanctus
2083 4427 2323 4484 Thomas
2350 4432 2523 4501 prima
2553 4441 2728 4499 parte,
2768 4425 2966 4499 quaest.
2995 4425 3087 4492 59,
3122 4429 3281 4501 artic.
3328 4427 3385 4492 5,
3417 4425 3580 4501 add.
3615 4430 3672 4479 lu

395 4495 484 4549 liis
518 4496 683 4566 igitur
712 4512 819 4551 non
848 4495 937 4554 est
964 4497 1348 4569 reciprocatio,
1387 4513 1566 4567 neque
1590 4500 1976 4564 communitas,
2011 4514 2111 4554 nec
2139 4501 2192 4553 in
2228 4495 2364 4569 ipsis
2410 4495 2726 4557 nominibus
2770 4495 2974 4559 Patris.
3022 4512 3078 4554 et
3119 4498 3267 4561 Filii,
3314 4508 3374 4554 et
3423 4496 3672 4569 Spiritus

396 4578 596 4631 sancti,
624 4582 724 4621 nec
755 4568 807 4622 in
843 4584 1033 4623 eorum
1066 4571 1252 4632 rebus,
1285 4567 1338 4621 id
1361 4577 1446 4623 est
1480 4571 1536 4623 in
1571 4584 1762 4625 eorum
1796 4571 2035 4634 actibus,
2066 4570 2181 4625 sive
2210 4567 2420 4635 usibus,
2448 4574 2590 4626 unde
2616 4581 2859 4627 manant.
2901 4568 3014 4626 Nec
3054 4571 3200 4624 enim
3237 4583 3435 4623 nomen
3491 4568 3673 4621 Patris

396 4639 653 4715 convenit
694 4637 869 4715 Filio,
904 4655 1080 4715 neque
1106 4638 1227 4693 Filii
1271 4654 1470 4715 nomen
1501 4642 1754 4695 convenit
1780 4640 1962 4715 Patri;
2010 4643 2135 4709 quia
2166 4655 2344 4711 neque
2370 4656 2637 4713 generare
2664 4643 2788 4698 Filii
2828 4653 2936 4709 est,
2967 4656 3146 4712 neque
3176 4640 3431 4711 generari
3458 4636 3668 4692 Patris.

399 4704 661 4782 Similiter
693 4709 745 4761 in
779 4704 1228 4779 spiritu'sancto,
1259 4710 1351 4782 qui
1377 4712 1445 4765 ab
1477 4718 1707 4780 utroque
1732 4704 1999 4782 procedit.

471 4777 568 4855 lgst
595 4777 854 4857 praeterea
884 4777 1540 4857 observatione'dignum,
1572 4777 1851 4857 quod—hic
1895 4786 1970 4837 ait
2019 4781 2333 4855 Dionysius,
2366 4785 2601 4841 discreta
2643 4798 2765 4840 esse
2811 4787 2866 4840 in
2898 4785 3102 4841 divinis
3140 4781 3566 4857 nomen_Patris
3612 4788 3671 4857 et

397 4848 619 4917 χρῆμα,
640 4848 709 4925 _id
740 4861 827 4925 est
854 4867 979 4911 rem,
1012 4862 1067 4905 et
1092 4866 1287 4925 nomen
1326 4848 1451 4905 Filii
1478 4862 1534 4906 et
1566 4848 1717 4918 rem;
1759 4855 1887 4909 item
1925 4868 2121 4907 nomen
2153 4848 2390 4925 Spiritus
2436 4860 2609 4912 sancti
2653 4866 2708 4912 et
2746 4870 2883 4910 rem.
2911 4859 3046 4911 Cum
3084 4871 3231 4911 enim
3284 4854 3437 4922 prius
3482 4852 3675 4922 posuit

400 4934 599 4997 nomen
634 4918 835 4985 Patris,
863 4932 919 4975 et
942 4938 1137 4975 nomen
1168 4922 1313 4986 Filii,
1336 4931 1393 4977 et
1424 4938 1625 4997 not‘nen
1658 4925 1897 4993 Spiritus
1923 4928 2120 4990 sancti,
2150 4918 2212 4981 εί
2228 4940 2417 4995 postea
2464 4930 2706 4983 secundo
2737 4926 2859 4982 loco
2896 4929 3078 4997 posuit
3104 4918 3328 4995 χρῆμά,
3359 4926 3413 4977 id
3440 4918 3669 4997 8919'”

400 4987 599 5069 Patris,
631 5004 750 5069 qua:
785 5002 1173 5069 estgenerare,
1200 5001 1397 5069 errem
1422 4992 1545 5048 Filii
1576 4987 1715 5069 quae
1738 5007 1823 5051 cst
1866 4987 2136 5066 generari,
2170 4987 2243 5052 et'
2261 5014 2371 5051 rem
2404 5000 2642 5067 Spiritus
2671 5000 2845 5053 sancti
2874 4987 2992 5066 quae
3022 4987 3475 5069 est-procedere;
3506 4995 3671 5069 plant;

405 5066 587 5115 docuit
637 5063 690 5114 id
746 5066 888 5129 quod
948 5074 1173 5117 sanctus
1216 5062 1456 5119 Thomas
1514 5062 1680 5120 etiam
1743 5062 1956 5134 tradit,
2007 5069 2159 5135 prius
2204 5081 2260 5123 et
2293 5062 2646 5139 principalius
2696 5062 2997 5124 secundum
3056 5062 3275 5126 modum
3325 5062 3669 5137 intelligendi

473 5241 543 5294 Η
575 5240 701 5295 Cor.
746 5253 861 5303 vin,
894 5239 947 5294 5.
1021 5236 1092 5293 ιιι
1123 5240 1247 5294 Cor.
1278 5257 1339 5306 ιι,
1368 5241 1418 5297 6.

1692 5351 1927 5407 VARIIE
1961 5351 2371 5410 LECTIONES.

478 5505 544 5585 ιζ’
569 5502 716 5589 ἵιζιυς
735 5500 1030 5572 ἡνωμέναι.
1061 5498 1221 5556 Ent'r.
1252 5499 1493 5555 PATROL.
1571 5499 1615 5531 ³⁸
1644 5497 2125 5589 ἐκφαινουσῶνηδι
2158 5499 2219 5555 Ι)-

498 5505 544 5585 ξ⁴¹
569 5502 716 5625 Iollan;
735 5500 1030 5572 ἡνωμέναι.
1061 5498 1221 5556 Ent'r.
1252 5499 1493 5555 ΡΑτιιοι.
1571 5499 1615 5531 ³⁸
1644 5498 2125 5589 ὲκφαινουσῶν,-8ι
2158 5499 2219 5555 Ι).
2317 5498 2361 5531 ³⁹
2386 5498 2447 5552 τὸ
2472 5500 2649 5554 πᾶσαν
2676 5499 3017 5579 θεουργικὴν,
3049 5504 3108 5562 S.
3150 5503 3209 5559 P.
3289 5506 3334 5539 ⁸ο
3368 5507 3470 5579 τῆς
3499 5507 3663 5583 θεαρ-

498 5592 582 5625 τις.
654 5610 672 5625 ο

404 5592 582 5647 χικης,
610 5592 672 5627 ι’.

473 5737 585 5807 452)
623 5736 705 5793 Ad
750 5751 872 5805 cap.
897 5737 953 5807 4,
979 5737 1096 5794 dec.
1129 5735 1179 5804 9,
1210 5733 1585 5806 Cyparissioti.

3696 5672 3722 5697 Χ
