3876 6226
157 304 267 380 6'53
611 288 617 291 ⁷
903 329 990 384 or:
1022 329 1275 386 DlVlNIS
1307 329 1701 396 NOMINIBUS,
1738 311 1890 389 CAP.
1932 333 1999 389 ιι.
2037 312 2106 376 ζ-
2137 332 2463 389 CORDERll
2498 332 2730 390 nom.
3328 341 3432 401 est

156 446 430 523 distingui
455 448 797 523 _hypostases
829 446 1042 523 divinas
1085 463 1185 523 per
1218 449 1509 502 relationes
1537 464 1701 523 quam
1740 462 1847 523 per
1883 450 2143 519 origines,
2194 448 2309 504 sive
2331 460 2498 523 actus
2552 450 2880 523 notionales,
2938 465 3073 518 quos
3120 452 3423 523 Dionysius

153 518 493 591 signiﬁcavit
520 518 743 586 nomine
774 518 1410 589 xpﬁpatoc'ﬁnterpres
1452 535 1579 573 vero
1610 521 1684 571 Dii

1902 518 2061 587 quem
2089 531 2309 575 sanclus
2331 519 2569 576 Thomas
2598 522 2810 589 habuit,
2834 524 2994 575 vertit
3024 521 3228 591 χρῆμα
3251 518 3430 586 slsum,

151 598 391 662 sanctus
414 587 653 644 Thomas
684 606 840 643 usum
882 587 1122 662 mutavit
1151 592 1203 644 in
1238 600 1411 643 actum
1451 600 1506 643 et
1546 587 1859 662 originem);
1890 591 2320 659 distinguuntur,
2362 593 2603 659 inquam,
2651 587 2804 661 prius
2849 604 2905 647 et
2945 587 3304 662 principalius
3335 610 3433 662 per

152 659 464 714 relationes
505 674 664 732 quam
695 674 792 727 per
822 660 1125 714 notionales
1151 662 1428 729 origines:
1460 661 1597 732 quia
1628 659 1920 732 relationes
1951 662 2289 715 constituunt
2321 676 2605 730 personas,
2634 659 2758 716 cum
2801 664 2911 717 sint
2946 659 3084 732 ipsae
3127 659 3432 718 relationes

148 745 420 798 personae
452 730 832 800 subsistentes,
871 738 1026 783 actus
1053 746 1184 785 vero
1215 732 1540 794 notiouales,
1566 729 1728 800 325
1765 730 1893 784 licet
1926 732 2037 785 sint
2063 732 2203 784 idem
2237 747 2295 784 re
2322 729 2444 785 cum
2486 732 2873 797 relationibus,
2916 729 3096 791 tamen
3129 736 3429 797 secundum

150 803 386 861 modum
418 799 760 869 significandi
792 810 847 855 et
877 800 1211 871 intelligendi
1246 816 1350 854 non
1385 799 1724 854 constituunt
1768 816 2050 873 personas,
2084 817 2205 855 cum
2245 803 2367 873 sint
2402 802 2644 871 origines
2674 817 2885 868 earum,
2914 804 3030 858 sive
3070 806 3223 872 origo
3262 806 3433 873 signi-

161 873 364 943 ticetnr
393 874 589 943 active,
622 881 679 926 ιιι
705 873 1009 941 generatio,
1037 886 1159 940 qua:
1193 882 1447 938 tanquam
1478 882 1633 926 actus
1666 872 1955 925 notionalis
1987 873 2305 943 attribuitur
2346 872 2515 933 Patri,
2546 883 2602 927 et
2628 874 2880 941 Spiratio,
2928 888 3050 943 qua?
3102 876 3428 930 attribuitur

159 942 405 1013 Patriiet
430 942 597 1007 Filio;
638 943 755 997 sive
801 942 1040 1011 passive,
1068 952 1127 996 ut
1152 944 1445 1013 nativitas,
1466 952 1619 995 actus
1649 943 1943 997 notioualis
1976 943 2066 1011 qui
2097 942 2417 996 attribuitur
2446 942 2605 1009 Filio,
2631 954 2685 998 et
2713 942 3010 1011 processio,
3046 943 3273 1013 Spiritui
3300 961 3431 999 san-

156 1025 270 1085 cto.
306 1012 561 1085 Origines
591 1013 751 1085 enim
775 1013 1073 1085 secundum
1124 1016 1390 1085 rationem
1440 1012 1775 1085 intelligendi
1807 1022 1961 1067 extra
2005 1030 2067 1066 ea
2120 1022 2244 1067 sunt
2274 1029 2504 1081 quorum
2538 1024 2663 1068 sunt
2697 1016 2962 1085 origines,
2995 1012 3118 1068 cum
3148 1015 3217 1069 sit
3245 1017 3425 1085 origo,

158 1084 308 1138 sicut
343 1084 420 1136 ait
445 1093 669 1138 sanclus
711 1082 974 1146 Thomas,
1012 1084 1099 1137 via
1130 1084 1380 1154 quietiam
1407 1098 1434 1135 a
1467 1097 1546 1146 re,
1576 1092 1668 1154 aut
1701 1083 1767 1136 ad
1799 1098 1914 1138 rem
1947 1124 1962 1145 ,
2007 1093 2067 1136 ut
2127 1085 2412 1151 generatio
2452 1082 2809 1151 significatur
2836 1096 2895 1140 ut
2937 1085 3022 1139 via
3066 1082 3426 1154 quaedam—ad

156 1156 407 1225 genitum
450 1156 753 1222 procedens
784 1169 814 1207 a
870 1166 1184 1225 generante.
1224 1153 1415 1221 Itaque
1452 1169 1536 1207 res
1576 1153 1753 1207 Patris
1793 1166 1877 1209 est
1914 1169 2179 1225 generare
2216 1154 2442 1223 (χρῆμα
2477 1156 2645 1225 enim,
2688 1166 2745 1210 ut
2774 1156 2926 1221 dixi,
2961 1153 3423 1225 remisignilicat),

160 1240 249 1279 res
282 1224 404 1296 Filii
435 1235 517 1279 est
544 1225 786 1296 genitum
810 1238 949 1287 esse,
984 1240 1069 1278 res
1102 1223 1338 1291 Spiritus
1385 1225 1557 1296 sancti
1593 1223 2042 1296 procedere—Sic
2070 1224 2368 1296 Gregorius
2400 1227 2452 1280 in
2486 1224 2748 1280 Oratione
2776 1228 2951 1295 prima
2975 1228 3040 1279 de
3073 1223 3209 1280 Filio
3238 1243 3253 1280 :
3284 1246 3301 1277 ε
3345 1227 3427 1291 Et:

156 1311 269 1348 non
304 1294 565 1359 habente,
589 1295 785 1363 inquit,
821 1310 1066 1357 causam,
1103 1296 1153 1347 id
1179 1304 1353 1365 estex
1387 1294 1571 1365 Patre,
1597 1294 1809 1348 accedit
1848 1312 1936 1352 res
1965 1294 2271 1350 nativitatis
2308 1315 2320 1349 :
2373 1314 2391 1347 ι
2426 1298 2492 1350 de
2528 1296 2665 1350 Filio
2700 1294 2964 1365 loquitur.
3011 1296 3257 1365 Πρᾶγμα
3289 1314 3428 1365 γενέ

149 1365 399 1438 νήσεωςλ
421 1367 656 1438 vocavit,
686 1367 829 1435 quod
879 1366 1169 1435 Dionysius
1198 1364 1417 1438 χρῆμα.
1452 1364 1677 1438 Signiﬁc

1898 1382 1930 1420 n
1974 1365 2214 1435 πρᾶγμα
2262 1377 2493 1438 αειιιηιη
2520 1382 2548 1420 a
2576 1364 3065 1438 ινθτὺοίπράττωέ
3091 1364 3236 1421 unde
3278 1364 3428 1438 recte

157 1435 400 1502 theologi
452 1436 629 1489 Latini
670 1446 842 1489 actum
882 1445 1100 1508 vocant,
1136 1436 1278 1504 quod
1318 1436 1492 1508 Grieci
1536 1452 1692 1508 rent;
1730 1437 1870 1508 idem
1925 1438 2069 1491 enim
2103 1438 2327 1492 verbum
2374 1435 2619 1508 πρᾶγμα
2645 1435 2935 1507 utrumque
2966 1438 3260 1508 significat.
3294 1436 3427 1501 Haec

158 1509 372 1570 notavi,
402 1510 528 1574 quia
562 1523 666 1560 non
701 1522 892 1576 parum
932 1506 1123 1568 refert,
1157 1506 1415 1560 vocabula
1446 1506 1665 1575 propria
1706 1505 1936 1574 alicujus
1966 1508 2210 1563 scientia:
2240 1508 2461 1562 callere.

231 1577 371 1631 Nota
408 1578 607 1631 ibidem
648 1579 896 1646 proxima
936 1578 1039 1631 ista
1076 1578 1241 1631 verba
1278 1596 1292 1631 :
1326 1577 1419 1630 Est
1449 1588 1703 1644 praeterea
1739 1578 1970 1632 discreta
2007 1594 2067 1630 ac
2093 1579 2365 1642 distincta,
2398 1578 2655 1647 perfecta,
2690 1580 2823 1632 sicut
2857 1581 2913 1633 in
2945 1579 3117 1645 nobis,
3146 1588 3197 1637 et
3224 1582 3419 1637 immu-

158 1649 347 1703 tabilis
382 1648 510 1701 Jesu
551 1651 801 1709 essentia,
828 1657 872 1700 et
897 1659 1364 1719 quaecunquesunt
1396 1649 1649 1719 mysteria
1677 1648 2054 1703 subslantialia
2077 1648 2426 1702 humanitatis
2457 1651 2573 1719 ejus
2593 1690 2608 1715 ,
2637 1650 2723 1703 ubi
2755 1660 3006 1704 naturam
3038 1651 3331 1705 humanam
3367 1651 3424 1717 in

156 1720 381 1779 Christo
405 1719 694 1791 perfectam
716 1719 867 1791 dicit,
891 1728 1081 1773 contra
1106 1716 1538 1791 Apollinarium;
1574 1719 1700 1791 quia
1726 1719 1917 1791 habuit
1939 1735 2139 1788 corpus
2166 1720 2454 1786 praeditum
2478 1716 2662 1777 anima
2698 1721 2947 1774 rationali
2980 1732 3035 1775 et
3062 1716 3421 1791 intelligente,

159 1791 448 1861 sicutnos
486 1789 785 1861 habemus;
820 1790 1222 1861 immutabilem,
1250 1799 1437 1843 contra
1466 1790 1600 1845 alios
1628 1790 1940 1861 haereticos,
1978 1791 2068 1857 qui
2104 1791 2361 1861 dixerunt
2395 1798 2646 1844 naturam
2690 1791 2982 1845 humanam
3013 1794 3081 1845 ab
3115 1789 3423 1860 ipso—prin;

156 1862 305 1929 cipio
350 1860 571 1933 unionis
621 1859 975 1933 victam‘esse
999 1876 1029 1914 a
1060 1859 1587 1933 divina,et_fact_am
1622 1860 2115 1933 incorruptibilem,
2149 1860 2441 1933 quod_erat
2470 1876 2669 1930 negare
2713 1859 3292 1933 veritatemihumanie
3324 1880 3424 1933 na-_

159 1944 322 1997 tunc,
352 1931 602 1999 negando
634 1931 1025 2001 proprietatem
1057 1931 1193 1999 ejus.
1227 1930 1325 1985 llic
1355 1930 1458 1985 fuit
1483 1930 1735 1985 Julianus
1762 1929 2234 2001 Halicarnasseus.
2268 1929 2528 2001 Mysteria
2551 1929 2730 1984 autem
2762 1931 3138 1988 subslantialia
3168 1929 3421 1991 humani;

156 2003 288 2056 tatis
319 2002 436 2070 ejus
464 2012 627 2055 vocat
662 2000 843 2065 sitire,
874 2002 1111 2064 esurire,
1146 2000 1457 2070 defatigari,
1487 2001 1787 2060 vulnerari,
1824 2011 1880 2055 et
1922 2002 2131 2069 reliqua
2162 2000 2449 2069 ejusmodi,
2496 2017 2614 2070 qua:
2646 2016 2771 2056 vere
2798 2017 2989 2069 passus
3015 2011 3101 2059 est.
3146 2003 3419 2069 Christus,

153 2084 211 2127 et
234 2070 368 2125 'nou
395 2070 745 2144 phantastice
774 2071 1074 2144 secundum
1110 2072 1425 2144 haereticos;
1477 2072 1852 2144 quamvishae
1875 2073 2160 2144 passiones
2207 2080 2458 2126 naturam
2500 2072 2742 2125 divinam
2775 2086 2881 2127 non
2932 2072 3253 2144 attigerunt,
3287 2088 3414 2133 cum

154 2151 310 2197 esset
359 2141 561 2212 alioqui
604 2143 689 2214 in,
716 2145 904 2197 eadem
952 2142 1257 2214 hypostasi,
1303 2157 1333 2197 a
1375 2141 1617 2213 qua'non
1646 2141 1934 2214 differebat
1975 2143 2074 2198 nisi
2119 2144 2333 2197 ratione
2384 2152 2593 2214 tantum
2615 2152 2681 2214 _et
2710 2141 3061 2214 cogitatione.
3087 2142 3419 2214 Hnjusmodi

152 2215 325 2268 etiam
362 2223 487 2267 sunt
509 2212 792 2267 ambulare
820 2212 1188 2284 super‘undas
1225 2215 1271 2280 ί,
1308 2212 1519 2284 ingredi
1553 2212 1894 2282 perjanuam
1923 2215 2163 2268 clausam
2195 2216 2262 2268 ad
2289 2213 2587 2283 discipulos
2613 2212 2684 2284 κε
2714 2213 2831 2268 haec
2854 2214 2998 2267 enim
3026 2212 3289 2268 miracula
3322 2231 3422 2283 per

152 2299 379 2355 carnem
424 2295 683 2355 operauis
713 2293 799 2339 est
825 2282 1079 2337 Christus
1125 2299 1223 2339 sua
1255 2282 1566 2339 divinitate.
1620 2302 1641 2355 ς
1677 2285 1756 2337 Ex
1790 2284 1875 2337 his
1906 2285 2251 2341 manifestum
2287 2284 2347 2336 iit
2398 2282 2600 2353 (inquit
2642 2282 3089 2355 Cyparissiotus,
3118 2282 3339 2339 decadis
3386 2285 3421 2349 9

154 2371 207 2409 c.
238 2353 299 2425 4)
334 2355 479 2425 quod
510 2354 565 2407 in
594 2353 885 2419 Trinitate,
920 2368 1041 2425 qua;
1064 2365 1150 2408 est
1176 2370 1340 2425 supra
1379 2354 1765 2419 substantiam,
1799 2370 2031 2424 persona
2054 2366 2109 2409 et
2141 2355 2445 2410 substantia
2477 2371 2581 2409 non
2610 2353 2736 2408 sunt
2764 2355 2905 2408 idem
2936 2354 3146 2408 ratione
3177 2364 3233 2409 et
3264 2356 3421 2425 cogi-

153 2424 383 2488 talione,
422 2432 549 2478 sunt
582 2434 762 2478 tamen
792 2439 853 2478 re
883 2433 938 2479 et
965 2424 1290 2480 substantia.
1326 2425 1591 2481 Similiter
1619 2435 1731 2480 tres
1753 2426 1949 2480 divina:
1982 2440 2227 2495 personae
2250 2425 2394 2479 inter
2439 2440 2498 2479 se
2526 2439 2633 2478 non
2666 2426 3061 2480 discernuntur
3087 2439 3147 2479 re
3190 2434 3246 2482 et
3292 2424 3421 2479 sul»-

150 2495 390 2558 stantia,
422 2497 519 2549 sed
556 2496 771 2549 ratione
803 2503 1010 2549 tantum
1040 2506 1093 2548 et
1121 2497 1489 2565 cogitatione;
1523 2496 1756 2551 essentia
1804 2496 1951 2550 enim
1982 2511 2173 2549 earum
2206 2509 2312 2548 una
2361 2504 2468 2560 est,
2499 2496 2594 2550 sed
2649 2511 2758 2549 non
2802 2502 3120 2565 estearum
3162 2496 3306 2549 inter
3356 2512 3417 2550 se

151 2565 525 2634 reciprocatio
549 2582 563 2630 ;
605 2565 815 2620 idcirco
854 2581 962 2619 non
996 2574 1177 2634 potest
1198 2564 1405 2622 cadere
1439 2567 1492 2621 in
1518 2581 1611 2621 eas
1642 2566 1748 2618 alia
1786 2567 2082 2634 oppOsitio,
2114 2566 2219 2619 nisi
2248 2580 2437 2620 eorum
2462 2582 2582 2633 quae
2606 2576 2731 2619 sunt
2760 2566 2829 2620 ad
2854 2564 3083 2633 aliquid.
3111 2566 3246 2619 Aliae
3268 2567 3419 2620 enim

147 2637 531 2705 oppositiones
560 2651 667 2691 non
699 2645 1059 2708 assumuntur
1085 2638 1206 2691 sine
1245 2637 1509 2701 materia;
1541 2637 1913 2708 oppositiones
1944 2651 2075 2691 vero
2120 2638 2173 2690 in
2210 2637 2273 2690 iis
2300 2651 2421 2705 quis
2445 2646 2580 2708 sunt
2609 2638 2678 2691 ad
2711 2636 2941 2708 aliquid,
2979 2636 3218 2704 quodam
3252 2638 3419 2702 modo

148 2708 461 2761 consistunt
502 2722 668 2776 supra
712 2705 1034 2771 materiam;
1078 2709 1205 2775 quia
1238 2708 1292 2761 in
1341 2712 1442 2761 bac
1469 2707 1816 2776 oppositione
1846 2722 1952 2761 non
1984 2708 2258 2761 dirimitur
2299 2705 2603 2775 copulatio;
2636 2707 2763 2777 quia
2796 2720 2918 2777 esse
2948 2720 3150 2777 eorum
3170 2716 3254 2761 est
3278 2723 3418 2775 quo—

149 2779 279 2831 dam
315 2777 476 2831 modo
508 2774 585 2832 se'
607 2778 813 2833 habere
842 2777 909 2830 ad
944 2774 1170 2845 aliquid.
1217 2798 1237 2830 ι
1271 2779 1326 2832 ln
1360 2793 1469 2846 quo
1498 2774 1905 2847 Cyparissiotus
1944 2779 2169 2832 omnino
2195 2774 2471 2831 consentit
2503 2792 2625 2831 cum
2651 2774 2808 2832 _divo
2841 2774 3070 2831 Tlioma.
3104 2775 3243 2831 Nam
3273 2774 3417 2847 qua-

150 2858 315 2902 tenus
361 2857 474 2901 tres
494 2849 749 2903 Persona:
778 2848 973 2901 divinae
1011 2849 1154 2902 idem
1183 2865 1241 2902 re
1272 2859 1325 2903 et
1351 2850 1657 2903 substantia
1686 2859 1835 2911 sunt,
1865 2849 1946 2902 sic
1981 2864 2089 2901 non
2121 2848 2540 2914 distinguuntur
2565 2848 2707 2902 inter
2735 2862 2794 2900 se
2818 2848 2924 2901 nisi
2961 2848 3172 2901 ratione
3203 2857 3414 2903 tantum

145 2928 206 2970 et
230 2917 591 2988 cogitatione,
616 2926 676 2971 ut
698 2916 933 2971 allirmat
957 2929 1182 2973 sanctus
1215 2920 1475 2983 Thomas,
1502 2928 1657 2988 parte
1683 2933 1725 2982 ι,
1759 2930 1953 2987 quaest.
1982 2920 2073 2981 59,
2102 2919 2258 2972 artic.
2299 2922 2352 2982 1,
2387 2918 2456 2971 ad
2488 2919 2539 2984 1,
2567 2933 2690 2972 cum
2719 2918 2855 2972 dicit
2889 2934 2903 2970 :
2939 2916 3260 2974 Relationes
3285 2919 3417 2987 ipsa;

148 3003 257 3041 non
306 2987 720 3055 distinguuntur
760 2988 827 3041 ad
865 2989 1097 3059 invicem
1146 2993 1442 3044 secundum
1480 2987 1624 3059 quod
1652 3000 1780 3043 sunt
1814 2990 1956 3044 idem
1992 2989 2212 3044 realiter
2248 3003 2373 3043 cum
2406 2989 2690 3053 essentia;
2723 2988 3022 3046 relationes
3050 2998 3234 3059 autem
3269 2989 3413 3045 idem

145 3067 282 3111 sunt
310 3073 370 3113 re
398 3070 521 3129 cum
554 3059 826 3128 personis.
854 3058 1133 3125 Quatenus
1156 3073 1287 3115 vero
1318 3057 1626 3123 relationes,
1677 3062 1796 3129 quae
1844 3059 1901 3113 in
1934 3060 2135 3115 divinis
2163 3069 2291 3113 sunt
2342 3073 2439 3129 per
2483 3074 2544 3113 se
2585 3061 2978 3119 subsistentes,
3010 3057 3416 3129 oppositionem

146 3129 371 3203 habent
395 3128 464 3180 ad
491 3129 747 3203 invicem,
780 3129 1065 3203 distinctae
1081 3131 1301 3203 regaliter
1323 3143 1450 3185 sunt
1476 3141 1529 3184 et
1560 3146 1820 3199 personas
1865 3132 2088 3203 reaiiter
2124 3128 2486 3203 distinguunt,
2520 3140 2579 3197 et
2603 3145 2709 3203 una
2741 3142 2974 3199 persona
3008 3128 3117 3203 non
3158 3136 3242 3181 est
3267 3129 3413 3200 alia;

145 3198 265 3252 hoc
285 3198 435 3252 enim
465 3198 549 3253 est
577 3201 721 3270 quod
761 3200 840 3253 ait
871 3198 1276 3267 Cyparissiotus
1313 3217 1436 3256 cum
1466 3198 1711 3257 doctrina
1750 3203 1924 3256 sancti
1952 3201 2176 3257 ’l‘homac
2203 3198 2574 3256 consentiens.
2607 3201 2712 3254 sed
2742 3198 2933 3254 earum
2974 3200 3189 3256 scilicet
3214 3198 3411 3269 persoé

146 3284 358 3342 narunt
382 3285 490 3342 non
513 3280 595 3324 est
626 3272 772 3342 inter
797 3272 1275 3342 sereciprocatio,
1308 3281 1582 3342 quatenus
1616 3272 1825 3342 scilicet
1853 3273 1906 3326 in
1940 3288 2034 3326 eas
2057 3272 2203 3326 cadit
2230 3272 2504 3340 oppositio
2530 3270 2883 3342 relationum.

216 3339 245 3409 §
292 3339 383 3412 lV_.
415 3339 653 3395 Pulchre
682 3340 1014 3395 describitur
1055 3342 1242 3412 inti_ma
1290 3339 1344 3397 ei
1391 3341 1792 3412 perfectissima
1825 3342 2146 3397 inhabitatio
2180 3339 2340 3395 unius
2370 3355 2635 3412 personae
2667 3343 2720 3394 in
2768 3340 2897 3405 alia,
2922 3348 2977 3395 et
3019 3356 3050 3396 e
3093 3355 3362 3398 converso
3390 3362 3427 3411 ;ι

143 3425 312 3477 quam
346 3410 723 3466 Damascenus
751 3412 891 3466 libro
920 3413 1097 3481 primo
1125 3410 1285 3466 Fidei
1314 3410 1644 3478 orthodoxae,
1673 3428 1813 3480 cap.
1833 3416 1889 3467 ll
1916 3455 1931 3479 ,
1971 3424 2130 3468 vocat
2168 3410 2591 3480 περιχώρησιν,
2625 3411 2678 3466 id
2723 3420 2829 3477 est,
2858 3420 2919 3465 ut
2946 3414 3257 3468 scholastici
3282 3410 3410 3467 ver?-

146 3490 298 3553 uiut_,_
323 3482 896 3553 circuminsessionem.
928 3482 1003 3536 De
1034 3497 1143 3551 quo
1174 3486 1435 3552 mysterio
1476 3486 1715 3553 disputat
1748 3483 1985 3540 Hilarius
2024 3484 2119 3537 lib.
2147 3499 2198 3537 iv
2224 3484 2301 3537 De
2341 3482 2510 3549 Trm.,
2539 3494 2593 3536 et
2621 3491 2847 3536 sanctus
2886 3485 3224 3550 Augustinus
3256 3483 3293 3537 l.
3350 3500 3406 3539 v1

142 3549 222 3603 De
254 3549 476 3625 Trinit.,
501 3566 552 3606 ρ.
588 3554 686 3625 ult.
718 3569 733 3606 :
770 3572 788 3604 ε
829 3549 1077 3621 Singula,
1105 3549 1300 3624 inquit,
1334 3566 1463 3610 sunt
1486 3557 1540 3609 in
1564 3549 1796 3625 Singulis
1824 3556 2094 3625 personis,
2126 3553 2308 3610 omnia
2346 3555 2402 3607 in
2434 3553 2687 3622 singulis,
2719 3561 2775 3606 et
2799 3549 3016 3625 singula
3039 3558 3095 3608 in
3125 3554 3427 3622 omnibus,

140 3630 199 3675 et
226 3623 415 3675 Oninia
449 3625 502 3675 in
532 3623 804 3687 omnibus,
838 3633 891 3677 et
923 3638 1090 3677 nnum
1117 3623 1323 3679 omnia.
1354 3644 1373 3677 ι

214 3691 359 3768 Npta
382 3701 591 3768 autem
614 3697 682 3747 ad
716 3694 861 3768 hunc
897 3694 1078 3768 locum
1110 3693 1377 3768 Dionysii,
1398 3696 1524 3766 quia
1548 3696 1661 3751 haec
1687 3696 1953 3752 vocabula
1978 3696 2138 3768 μονὴ
2164 3696 2261 3764 καὶ
2295 3694 2555 3763 ἵδρυσις,
2592 3694 2645 3749 id
2677 3703 2761 3748 est
2788 3694 2993 3749 mansio
3028 3704 3076 3749 et
3110 3692 3408 3768 collocatio,

141 3763 563 3840 distinctionem
609 3778 795 3840 secum
829 3765 1033 3840 inferre
1079 3763 1349 3840 videntur,
1387 3763 1440 3822 et
1480 3769 1547 3822 ad
1581 3768 1757 3822 locum
1800 3763 1994 3823 referri
2023 3763 2195 3840 (quod
2239 3769 2385 3840 enim
2433 3768 2488 3819 in
2521 3768 2708 3840 aliquo
2742 3777 2950 3840 manet,
2988 3775 3044 3821 et
3076 3764 3404 3840 collocatur,

140 3849 250 3887 non
289 3834 503 3909 videtur
528 3836 818 3909 esseidem
849 3838 994 3906 quod
1020 3844 1103 3890 est
1126 3837 1279 3901 illud,
1310 3840 1363 3909 in
1391 3854 1499 3907 quo
1524 3840 1728 3906 aliquid
1757 3851 1939 3894 manet
1969 3834 2227 3909 tanquam
2260 3838 2312 3891 in
2344 3838 2482 3909 loco,
2512 3847 2567 3892 et
2596 3837 2651 3889 in
2674 3851 2782 3905 quo
2806 3836 3127 3909 collocatur)
3154 3851 3181 3909 ;A
3202 3836 3409 3908 idcirco

139 3907 546 3980 correctionem
587 3905 856 3971 adhibuit,
869 3909 1153 3980 inquiens,
1184 3911 1241 3962 εὶ
1264 3905 1424 3963 aiith
1442 3909 1560 3978 χρὴ
1584 3905 1789 3978 φάναι,
1814 3914 1859 3962 si
1884 3911 1957 3965 ita
1985 3905 2125 3980 loqui
2157 3910 2240 3979 fas
2261 3919 2359 3962 est.
2394 3906 2583 3973 Quoad
2614 3906 2921 3976 exemplum
2954 3917 3136 3980 autem
3169 3905 3407 3980 lumina—

140 3975 315 4049 riuni,
343 3991 452 4030 non
489 3990 556 4030 eo
583 3991 717 4049 usus
747 3986 833 4049 est
866 3975 1182 4048 Dionysius,
1216 3989 1275 4034 ut
1320 3975 1557 4049 quidam
1582 3975 1987 4047 existimarunt,
2030 3975 2327 4034 secundum
2358 3980 2669 4049 opinionem
2696 3975 2886 4049 eorum
2933 3979 3027 4049 qui
3078 3978 3399 4044 tradebant,

134 4045 328 4100 lumen
356 4060 481 4120 esse
513 4045 1253 4120 substantiamcorpoream,
1288 4045 1354 4109 δι’
1369 4066 1475 4105 non
1501 4052 1847 4120 qualitatem.
1872 4045 2026 4118 ρυσά
2055 4051 2199 4106 enim
2231 4045 2413 4118 posuit
2443 4048 2734 4118 Dionysius
2764 4045 2970 4120 lumina
3018 4048 3403 4120 lainpadarum

134 4130 238 4192 per
261 4131 326 4171 se
347 4116 613 4192 existere,
646 4131 754 4192 non
775 4119 857 4192 ad
887 4116 1095 4173 lumina
1129 4121 1340 4186 retulit,
1376 4122 1472 4176 sed
1504 4116 1571 4177 ad
1603 4116 1910 4192 lampadas,
1938 4137 2058 4191 quae
2089 4135 2186 4190 per
2213 4116 2272 4174 se
2297 4123 2561 4183 existunt,
2585 4116 2728 4192 sicut
2764 4118 2913 4173 faces
2939 4128 2994 4173 et
3022 4116 3179 4174 tedae.
3211 4118 3403 4192 Itaque

134 4189 295 4261 faces
322 4190 600 4261 ardentes,
632 4190 746 4243 sive
775 4188 1057 4258 lampadas
1088 4205 1367 4260 accensas,
1392 4193 1696 4261 luminibus
1716 4188 1779 4248 in
1819 4188 1985 4247 unum
2017 4188 2327 4261 conjunctis
2358 4205 2454 4261 per
2480 4204 2539 4244 se
2580 4190 2901 4253 cxiseutes,
2934 4204 3058 4243 cum
3093 4189 3404 4261 proprietag

137 4259 296 4333 tibus
339 4259 697 4333 hypostaticis
727 4274 909 4333 perse
933 4259 1380 4333 subsistentibus,
1429 4264 1484 4317 in
1520 4260 1727 4317 lumine
1769 4262 2278 4333 suprasubstantiali
2327 4260 2615 4333 Trinitatis
2658 4261 2892 4333 discrete
2936 4263 3103 4333 unitis
3146 4270 3200 4313 et
3251 4260 3405 4333 unite

132 4331 419 4403 discretis,
443 4342 769 4403 _comparat.
800 4330 936 4403 Nam
964 4332 1131 4403 326
1158 4334 1203 4388 si
1230 4335 1283 4386 in
1329 4336 1451 4389 aula
1477 4334 1722 4389 lucernis
1753 4330 1927 4390 tribus
1961 4335 2157 4398 illustri
2182 4332 2520 4403 deambules,
2556 4341 2666 4403 tres
2694 4331 2899 4383 umbrae
2936 4331 3223 4403 resultant.
3254 4331 3404 4384 Prae-

133 4411 317 4474 terea,
344 4401 390 4461 si
440 4400 715 4474 ingentem
758 4400 1003 4459 tabulam
1024 4400 1270 4459 lucernis
1300 4406 1407 4461 illis
1448 4420 1712 4474 opponas,
1748 4408 1801 4461 in
1827 4405 1986 4474 cujus
2019 4406 2199 4459 medio
2221 4404 2293 4458 sit
2328 4402 2600 4474 foramen,
2631 4401 2865 4474 lucernae
2893 4409 3002 4455 tres
3031 4400 3398 4474 perforatum

130 4472 272 4524 illud
306 4473 411 4546 tria
441 4472 648 4546 lumina
693 4483 1003 4531 transverso
1039 4477 1323 4546 trajiciunt
1352 4479 1405 4532 in
1437 4471 1769 4546 oppositum.
1802 4471 1956 4533 Unde
1980 4476 2302 4543 conjicimus
2332 4473 2627 4527 emicantia
2665 4471 2887 4546 lumina
2916 4473 2969 4524 in
3001 4487 3126 4525 aere
3159 4471 3396 4546 invicem

130 4558 248 4622 non
271 4540 561 4622 confundi,
596 4547 692 4622 sed
718 4550 971 4622 quamvis
1002 4540 1438 4620 sint'conjuncta
1472 4540 1613 4615 loco,
1634 4562 1778 4622 pura
1816 4559 1994 4602 tamen
2024 4540 2166 4609 esse,
2202 4559 2465 4622 suamque
2492 4543 2883 4622 proprietatem
2916 4556 3140 4622 servare
3164 4541 3309 4613 inter
3338 4558 3400 4596 se

129 4615 455 4689 discretam.
487 4618 653 4684 Quasi
692 4613 954 4689 spiritalis
995 4624 1141 4678 enim
1168 4613 1359 4677 eorum
1387 4613 1778 4683 natura'facit,
1811 4631 1870 4673 ut
1911 4634 2020 4674 non
2051 4613 2507 4689 commisceantur
2545 4613 2777 4667 invmem
2810 4613 3096 4689 innovam
3143 4628 3395 4689 commu-

130 4684 379 4764 nemque
420 4682 677 4758 formam,
714 4682 856 4745 sicut
895 4694 1074 4749 solent
1102 4692 1381 4762 Corporeae
1411 4690 1735 4764 qualitates;
1765 4682 2405 4764 quanqttautastrulugb
2431 4694 2643 4764 putent,
2667 4700 2703 4764 _e
2734 4682 2922 4763 inultis
2957 4686 3121 4741 radiis
3151 4687 3259 4760 vim
3295 4699 3398 4764 uo-

129 4772 262 4808 vam
291 4755 534 4829 aliquam
568 4754 870 4829 procreari,
905 4774 1082 4818 tamen
1116 4754 1331 4819 interim
1368 4754 1473 4818 non
1517 4754 1839 4817 cuiiimistis.
1864 4754 2021 4829 Quod
2056 4759 2101 4813 si
2135 4754 2363 4824 lumina',
2392 4757 2596 4829 inquit,
2628 4754 2698 4808 ob
2732 4754 3113 4829 incorpoream
3141 4755 3392 4824 proprie-

129 4837 333 4893 tatem,
364 4827 419 4879 i‘n
451 4826 681 4900 corpore
711 4826 889 4888 tamen
937 4837 1248 4900 existentia,
1279 4851 1476 4889 munus
1502 4834 1555 4887 id
1586 4826 2019 4900 consequuntur,
2050 4844 2108 4883 ut
2144 4841 2200 4885 et
2232 4830 2381 4882 unita
2414 4826 2669 4890 invicem,
2704 4832 2757 4879 et
2790 4827 2951 4885 simul
2979 4826 3218 4900 discreta
3250 4835 3397 4900 inter

126 4916 195 4976 se
220 4899 693 4958 mirabiliteresse
721 4906 955 4972 pOSSllll,
980 4907 1149 4961 multo
1178 4899 1349 4976 magis
1372 4906 1427 4960 id
1460 4907 1681 4966 habent,
1711 4899 1833 4972 qua:
1859 4904 2031 4972 magis
2054 4916 2083 4954 a
2113 4901 2438 4976 corporibus
2461 4904 2889 4976 suntseparata,
2917 4906 2976 4976 ut
3001 4899 3171 4976 ipsius
3199 4899 3398 4976 anima:

128 4973 374 5048 virtutes
402 4984 569 5048 atque
594 4970 860 5048 scientiae,
897 4970 1070 5048 magis
1096 4970 1421 5047 etiam'ipsa:
1450 4978 1590 5030 inter
1616 4989 1676 5029 se
1715 4970 2041 5048 substantia:
2086 4973 2430 5048 animarum;
2468 4970 2640 5037 magis
2664 4970 2892 5048 insuper
2940 4970 3176 5048 invicem
3232 4970 3395 5048 intel-

128 5041 604 5117 lectus_angelici;
637 5045 876 5099 maxime
901 5041 1146 5101 omnium
1178 5041 1462 5101 Trinitatis
1493 5048 1689 5099 divina:
1713 5046 1982 5109 Personae,
2019 5047 2171 5111 cujus
2191 5042 2409 5111 quidem
2438 5053 2546 5117 tam
2583 5041 2811 5117 unitatis
2838 5052 3005 5106 quam
3036 5041 3395 5117 discretionis

127 5115 559 5187 participatione
590 5122 823 5186 quadam
850 5119 1060 5188 singula
1095 5120 1349 5186 deinceps
1381 5134 1478 5186 pro
1510 5119 1671 5170 modo
1700 5132 1799 5170 suo
1841 5120 2112 5184 gradatim
2148 5117 2404 5188 unionem
2438 5112 2936 5188 discretionemque
2983 5120 3292 5188 reportant.
3330 5112 3394 5164 Et

126 5182 282 5260 Quod
314 5182 563 5255 sequitur
591 5182 642 5241 in
673 5182 975 5258 Dionysio?
1017 5188 1078 5244 Si
1107 5191 1223 5259 quis
1256 5182 1418 5241 unum
1465 5189 1762 5255 lampadem
1789 5182 1977 5241 educat
2013 5201 2041 5237 e
2078 5182 2447 5260 donto,_s_imn_l
2468 5182 2643 5260 eatibit
2666 5190 2834 5260 totum
2863 5185 3138 5260 proprium
3175 5184 3355 5235 lumen
3378 5220 3394 5243 ,

123 5250 267 5314 nihil
295 5250 587 5336 quidquam
614 5250 927 5336 caiterorum
956 5250 1214 5314 luiuin'um
1253 5260 1311 5313 in
1337 5276 1392 5313 se
1414 5260 1534 5336 ipsa
1558 5250 1715 5312 simul
1750 5260 1985 5323 trahens,
2004 5274 2094 5311 nec
2120 5256 2324 5336 aliquid
2354 5254 2437 5306 sui
2462 5253 2567 5305 illis
2602 5250 2937 5336 relinquens,
2961 5253 3028 5304 ad
3061 5262 3386 5336 mysterium

121 5322 537 5402 incarnationis
555 5331 759 5398 retulit,
783 5343 842 5385 ut
860 5332 1226 5402 Pachymeres
1248 5322 1477 5396 notavit,
1498 5322 1995 5399 interpretatusque
2016 5338 2099 5383 est
2124 5322 2444 5402 illud__.|oa_i_t.
2463 5336 2553 5402 xvi
2589 5341 2602 5376 :
2631 5322 2745 5390 Ego
2778 5340 2810 5373 a
2838 5322 2999 5402 lfatre
3026 5325 3188 5402 exitii.
3214 5322 3389 5399 Filius

121 5404 277 5459 enim
314 5399 492 5473 factus
518 5402 703 5467 homo,
728 5394 819 5471 qui
848 5415 966 5456 erat
993 5394 1083 5456 tax
1113 5403 1357 5471 quaedam
1384 5394 1739 5457 humanitatis
1759 5394 1984 5455 accensa
2015 5400 2217 5473 lumine
2243 5394 2565 5473 divinitatis,
2593 5408 2700 5473 non
2732 5394 2900 5473 traxit
2924 5408 3106 5473 secum
3136 5394 3387 5455 Patrem,

122 5488 314 5541 neque
344 5472 610 5540 Spiritum
642 5467 910 5537 sanctum,
944 5467 1443 5542 neque'quidquam
1474 5475 1758 5543 proprium
1798 5472 2100 5527 divinitatis
2134 5471 2242 5524 illis
2260 5469 2524 5543 reliquit;
2554 5467 2685 5543 quin
2717 5468 2899 5543 potius
2925 5467 3177 5543 eamdem
3217 5473 3386 5521 totam

121 5535 511 5618 divinitatem,
539 5558 660 5611 quae
696 5547 751 5599 in
778 5535 1197 5618 illis’est,'tulit',
1231 5535 1561 5618 insuetis-in
1580 5535 1742 5618 'illis.
1761 5545 1845 5599 Ad
1871 5544 2019 5618 idem
2048 5535 3026 5618 mysterium'lncarnationis_retulit
3056 5538 3159 5588 hoc
3199 5549 3390 5618 citetu-

121 5617 276 5684 plum
311 5606 573 5670 Leontius
604 5616 925 5684 monachus,
970 5606 1159 5674 auctor
1182 5606 1608 5686 eruditissimus,
1641 5617 1699 5674 in
1729 5611 1876 5675 libro
1903 5616 2065 5687 quem
2104 5606 2303 5670 'coutra
2350 5609 2661 5668 Nestorium
2713 5615 2769 5663 et
2807 5606 3111 5675 Eutychem
3147 5606 3390 5701 scripsit:

204 5809 222 5851 ι
262 5806 457 5861 Matth.
502 5823 615 5863 xw.
695 5807 721 5847 ¹ί
749 5804 904 5863 Joan.
942 5821 1032 5881 sx.
