3876 6226
476 325 564 380 i535
1639 324 1694 380 S.
1725 321 2021 379 DIONYSII
2065 315 2523 377 ΑΒΕΟΡΑΟΙΤᾹΞ
3619 311 3728 374 65G

459 447 631 501 Docet
659 443 834 504 enim.
858 441 937 494 sic
963 440 1300 496 substantias
1327 443 1472 496 uniri
1499 456 1656 510 posse
1686 443 1802 495 sine
1836 443 2112 496 mistione.
2154 453 2212 493 nt
2238 442 2326 494 hic.
2357 440 2474 492 sine
2509 437 2764 492 mistione
2791 437 3057 492 uniunlur
3089 434 3386 508 qualitates
3419 434 3720 500 luminum,

397 528 412 544 '
457 527 512 570 et
540 514 804 566 uniunlur
836 511 1154 581 Splendores
1189 513 1497 577 stellarum,
1528 513 1674 566 salva
1706 515 2047 580 proprietate
2083 513 2270 578 quanti
2303 513 2354 562 in
2387 511 2556 577 quali.

530 585 557 656 ξ
588 584 650 636 V.
678 585 756 637 Ad
787 577 877 638 illa
908 585 1069 656 verba
1107 603 1118 637 :
1153 583 1243 637 Est
1281 595 1455 656 quiem
1488 585 1670 656 divina
1708 577 2004 656 distinctio,
2035 577 2302 656 emanatio
2330 581 2495 634 Deum
2530 581 2714 633 decens
2738 581 2932 656 dicitur
2968 578 3204 656 unionis.
3239 577 3315 631 De
3345 577 3726 656 inexplicabili

461 648 664 721 (inuquit
694 664 917 709 sanctus
961 653 1249 720 Maximus)
1281 655 1570 708 Trinitatis
1615 655 1966 709 emanatione
1999 669 2175 721 usque
2204 654 2269 706 ad
2305 663 2413 707 tres
2442 666 2706 718 personas
2751 651 3163 718 philosophatur
3198 664 3365 713 nunc,
3401 648 3545 716 quod
3579 649 3727 703 Dens

460 740 514 784 et
562 727 724 780 Pater
754 726 872 780 sine
921 735 1184 793 tempore.
1234 726 1622 780 convenienter
1667 725 1776 778 Deo
1815 735 1871 779 et
1921 736 2174 778 amanter
2208 733 2411 790 motus,
2442 723 2709 793 processit
2759 723 2824 774 ad
2877 723 3724 793 distinctionempersonarum,

461 803 667 864 absque
714 791 1094 849 imminutione
1121 806 1175 848 et
1201 796 1496 864 partitione
1526 798 1576 849 in
1609 811 1666 849 se
1701 806 1815 850 toto
1859 811 2107 857 manens,
2137 797 2355 864 [περι-ιο
2384 795 2502 860 ejus
2554 791 2842 864 splendore
2863 792 3400 864 supraqnam_unite,
3428 799 3481 844 et
3519 806 3722 864 supra-

459 862 619 938 quam
657 867 978 936 simpliciter
1019 862 1258 930 emisso,
1313 879 1369 919 ut
1419 869 1684 921 existeret
1741 877 2000 935 tanquam
2049 862 2445 938 imago‘rviva;
2492 875 2545 919 et
2577 863 2799 938 _Spiritu
2847 874 3147 938 sanctoex
3197 862 3360 916 Patre
3409 862 3724 938 venerande

459 931 514 996 ei
564 931 889 1007 supraqiiam
952 938 1267 1006 perenniter
1339 940 1700 1006 procedente.
1749 931 1890 991 sicut
1937 931 2198 1007 Dominus
2252 937 2408 991 docet
2454 954 2466 988 :
2519 955 2534 984 ι
2577 931 2896 1007 Dciauiem
2950 936 3190 988 bonitate
3253 948 3418 986 causa
3463 931 3722 1007 et_origo

459 1002 700 1067 omnium
735 1002 786 1062 in
834 1002 1006 1062 tribus
1028 1010 1284 1064 Pcrsouis
1315 1002 1511 1062 divinis
1539 1008 1891 1076 multiplicata
1922 1018 2005 1062 est
2035 1006 2075 1059 ι.
2113 1027 2131 1060 ι
2163 1009 2293 1062 Item
2325 1003 2946 1076 GregoriusTheologus
2973 1007 3255 1074 disputans
3301 1014 3489 1058 contra
3537 1002 3724 1076 Euno-

461 1083 625 1135 mium
656 1099 668 1132 :
708 1099 725 1131 ι
763 1080 857 1132 Est
886 1094 1018 1132 vero
1045 1079 1236 1138 etiam.
1273 1079 1472 1145 inquit,
1503 1079 1611 1133 alio
1646 1074 1805 1132 modo
1833 1080 2112 1132 distinctio
2139 1080 2343 1139 divina,
2376 1074 2651 1132 enianatio
2684 1076 2773 1128 Dei
2799 1077 2868 1129 oh
2900 1075 3122 1129 nimiam
3154 1077 3449 1129 bonitatem
3484 1074 3550 1145 ad
3579 1074 3724 1125 mul-

461 1155 736 1207 til’ormem
789 1149 1126 1201 creationem
1173 1144 1585 1216 aspect’ahilem.
1618 1161 1671 1202 et
1704 1167 1808 1202 non
1841 1150 2258 1215 aspectabilem;
2295 1149 2596 1201 secundum
2644 1160 2808 1214 quam
2837 1147 2922 1210 (ut
2953 1147 3055 1200 hoc
3101 1147 3232 1199 item
3261 1146 3382 1199 loco
3408 1145 3483 1197 ait
3517 1144 3724 1216 Diony-

457 1224 591 1286 sius)
615 1223 681 1274 ἐκ
707 1219 824 1273 τῶν
841 1218 1112 1288 μετοχῶν
1143 1214 1249 1271 καῖ
1281 1218 1398 1271 τῶν
1423 1222 1795 1288 μετεχόντων
1826 1214 1988 1288 ὑμνεῖ

2207 1219 2540 1288 ἀμεθέκτως
2555 1218 2942 1286 μετεχόμενα,
2960 1217 3010 1270 id
3034 1229 3116 1271 est
3137 1233 3200 1270 ea:
3220 1214 3720 1288 participationibus

455 1309 501 1349 et
524 1285 870 1358 participibus
889 1285 1179 1343 laudantur
1197 1307 1257 1343 ea
1277 1306 1394 1357 qum
1424 1285 1820 1358 'intpurticipate
1851 1285 2451 1358 participanturhllunc
2473 1285 2648 1342 locum
2677 1290 2803 1342 item
2835 1289 3144 1342 edisserens
3173 1297 3397 1341 sanctus
3421 1285 3718 1358 Maximus:

461 1384 479 1416 ι
513 1357 790 1422 Trinitas.
826 1361 1003 1430 inquit
1033 1399 1048 1422 ,
1077 1361 1315 1430 universi
1363 1357 1546 1430 regina
1583 1363 1650 1415 ab
1693 1361 1759 1414 iis
1785 1357 1906 1430 quae
1939 1360 2270 1426 participare
2317 1375 2439 1430 eam
2473 1370 2698 1426 possunt
2748 1359 3106 1430 p_articipatur
3159 1374 3266 1412 non
3317 1357 3722 1430 comprehense

456 1449 633 1503 neque
683 1424 1032 1503 participato.
1072 1449 1090 1482 ι
1131 1429 1274 1483 Idem
1313 1424 1478 1503 enim
1516 1424 1823 1503 utrumque
1862 1424 2107 1503 declarat
2141 1424 2152 1484 Ξ
2187 1424 2557 1503 participat—ur
2582 1430 2725 1482 enim
2749 1424 2912 1503 iDeus
2945 1424 3050 1482 non
3090 1428 3488 1503 comprehense
3536 1440 3718 1503 neque

458 1497 760 1566 restrictus,
796 1497 898 1556 sed
919 1501 1098 1566 potius
1137 1511 1284 1554 totus
1311 1501 1361 1554 in
1396 1501 1663 1572 cujusque
1687 1497 2108 1572 participatione
2136 1497 2406 1563 existens,
2435 1510 2486 1553 et
2511 1501 2578 1555 ah
2619 1501 2873 1572 omnibus
2903 1497 3225 1572 exemptus.
3245 1498 3312 1551 Et
3337 1511 3549 1572 rursus
3571 1497 3716 1572 idem

459 1577 510 1630 in
543 1573 808 1629 Centuriis
845 1573 1172 1639 theologicis.
1206 1567 1548 1626 centuriam
1574 1567 1589 1634 ζ
1619 1567 1732 1626 ε.“7
1769 1592 1780 1626 :
1824 1590 1842 1623 ι
1882 1571 2045 1633 Dens,
2084 1571 2281 1639 inquit,
2315 1574 2405 1639 qui
2434 1573 2731 1625 secundum
2765 1571 3130 1624 substantiam
3167 1585 3274 1624 non
3299 1579 3393 1639 est
3409 1567 3717 1639 participa—

454 1647 599 1710 bilis,
625 1660 746 1699 cum
772 1642 888 1695 vult
916 1638 1076 1696 aliter
1107 1642 1174 1696 ab
1205 1642 1270 1696 iis
1296 1643 1386 1711 qui
1420 1653 1644 1711 possunt
1675 1643 2019 1713 participari,
2043 1656 2071 1694 a
2099 1638 2289 1695 natura
2317 1638 2370 1694 et
2395 1641 2701 1713 substantia
2729 1656 2825 1695 sua
2850 1641 3061 1713 occulta
3085 1656 3190 1713 non
3220 1638 3463 1713 recedit_;
3494 1638 3722 1713 quando

457 1708 623 1770 etiam
658 1715 848 1768 modus
879 1713 1015 1782 ipse.
1045 1728 1154 1778 quo
1187 1708 1375 1767 volens
1408 1708 1787 1781 participa'tnr.
1821 1708 2008 1766 manet
2038 1727 2254 1781 semper
2281 1712 2537 1767 omnibus
2566 1723 2812 1781 epertus.
2855 1730 2874 1764 ι
2914 1712 3108 1767 Adhuc
3141 1712 3283 1766 idem
3315 1710 3368 1763 in
3413 1708 3482 1762 iis
3507 1725 3634 1782 qua;
3664 1709 3720 1782 in

459 1787 769 1854 Dogmatica
797 1779 1045 1851 panbplia
1076 1783 1328 1837 feruntur
1368 1802 1380 1838 :
1409 1779 1450 1834 “‹
1502 1779 1905 1853 Pariicipahilis
1933 1793 2012 1837 est
2055 1779 2198 1854 Deus
2227 1787 2528 1837 secundum
2583 1779 3106 1838 communicationes
3139 1796 3306 1854 suas;
3339 1795 3445 1834 non
3486 1779 3717 1854 particif

456 1849 652 1928 pal'iilis
678 1849 830 1918 vero,
853 1849 1138 1928 quatenus
1167 1855 1304 1928 nihil
1334 1849 1848 1928 substantiam—ejus
1876 1853 2192 1928 participat,
2226 1854 2308 1928 vel
2339 1854 2507 1907 vitam
2531 1855 2675 1924 ejus,
2706 1854 2791 1908 vel
2823 1854 3150 1922 sapientiam
3183 1852 3324 1921 ejus,
3369 1859 3464 1904 aut
3505 1849 3715 1920 aliquid

457 1925 665 1989 talium,
699 1941 815 1994 quae
853 1926 1016 1979 habet
1045 1925 1225 1979 omnia
1257 1927 1558 1980 secundum
1593 1925 1996 1989 excellentiam,
2030 1934 2081 1978 et
2109 1926 2330 1979 eximie.
2369 1943 2387 1976 ι

531 2017 550 2050 ι
591 1999 663 2050 Ex
694 1990 777 2050 his
808 1995 1473 2066 (inquitCyparissiotos)
1497 2006 1716 2050 constat
1749 1997 1950 2064 primo,
1982 1996 2256 2064 duplicem
2286 2011 2410 2050 esse
2433 1996 2833 2050 emanationem
2865 2009 3007 2050 :una
3036 2003 3139 2059 est,
3165 2009 3270 2063 qua
3299 1992 3525 2066 penset
3547 1990 3716 2066 Pater

452 2073 519 2124 ad
555 2085 652 2122 sua
685 2062 958 2120 manando
989 2062 1186 2118 Fili—nm
1233 2062 1825 2132 suprasuhstantialem
1857 2077 1911 2120 et
1944 2062 2205 2134 Spiritum
2252 2077 2523 2130 sanctum,
2558 2067 2666 2122 duo
2700 2068 2862 2122 unius
2903 2075 2959 2120 et
3007 2062 3251 2134 ejusdem
3282 2062 3597 2134 divinitatis
3634 2062 3716 2116 lu-

456 2141 629 2203 mina,
669 2139 900 2190 nnivocc
928 2137 1175 2204 protulit,
1206 2136 1357 2190 nullo
1386 2137 1550 2191 modo
1590 2152 1617 2188 a
1654 2153 1712 2190 se
1744 2139 1860 2206 ipso
1897 2133 2010 2191 toto
2045 2153 2319 2205 egressus,
2350 2140 2442 2190 sed
2477 2137 2656 2203 potius
2689 2139 2756 2190 ad
2787 2133 3049 2205 seipsnm
3070 2147 3249 2190 motus
3275 2136 3413 2206 sine
3444 2133 3713 2186 distantia

454 2209 802 2265 intcrmcdia.
832 2223 896 2259 ex
927 2208 1230 2277 aeternitate
1260 2207 1312 2259 in
1341 2218 1590 2260 naturam
1623 2205 1784 2261 trium
1810 2223 2159 2277 personarum
2188 2211 2366 2262 desiit.
2395 2208 2574 2276 Atque
2601 2209 2716 2263 [nec
2739 2209 3018 2262 emanatio
3043 2218 3185 2260 mota
3209 2205 3436 2277 adivina
3469 2217 3713 2277 persona

454 2283 506 2334 in
537 2280 758 2334 divinas
797 2292 1059 2347 personas
1092 2277 1144 2347 iu
1180 2276 1474 2340 Trinitate,
1509 2278 1574 2331 ad
1608 2293 1769 2347 quam
1803 2274 1946 2331 mota
1982 2288 2084 2340 est,
2117 2280 2382 2343 substitit,
2414 2274 2810 2333 efrootionem
2858 2280 3156 2333 increatam
3203 2274 3477 2347 exhibuit.
3512 2274 3713 2328 Omnis

449 2353 596 2408 enim
625 2343 926 2414 emanatio,
955 2362 1076 2400 cum
1114 2346 1209 2399 flat
1232 2363 1393 2402 causa
1428 2343 1770 2418 eorum—qua:
1809 2359 2088 2413 emanant,
2124 2349 2247 2402 talis
2279 2361 2358 2404 est
2388 2351 2683 2413 emanatio,
2714 2350 2894 2418 qualia
2926 2360 3049 2405 sunt
3077 2362 3138 2402 ea
3184 2346 3253 2400 ad
3298 2362 3418 2413 quae
3446 2343 3591 2398 faeta
3627 2358 3712 2397 est

451 2420 750 2475 emanatio.
779 2419 961 2472 Altera
999 2425 1103 2481 est,
1137 2433 1245 2486 qua
1278 2419 1726 2490 Deusaaquivoce
1755 2430 1935 2473 motus
1967 2427 2050 2473 est
2080 2421 2145 2472 ad
2179 2431 2515 2483 creaturam,
2549 2435 2669 2473 eam
2699 2421 2752 2474 in
2799 2431 3044 2490 tempore
3080 2418 3426 2486 producendo
3457 2434 3470 2468 :
3507 2430 3574 2469 ac
3610 2430 3707 2483 per

453 2494 601 2546 illam
629 2491 849 2559 quidem
884 2496 1066 2559 motus
1097 2499 1184 2542 est
1219 2489 1564 2551 naturaliter,
1589 2506 1686 2557 per
1715 2491 1858 2544 hanc
1886 2505 2017 2543 vero
2048 2490 2378 2544 voluntarie.
2416 2509 2435 2541 ι

520 2555 748 2616 Constat
777 2558 1037 2631 secundo,
1067 2559 1210 2627 quod
1247 2561 1300 2612 in
1333 2569 1502 2612 totum
1536 2555 1678 2615 Dens
1707 2571 1761 2615 et
1787 2576 1816 2612 a
1843 2561 2002 2614 nobis
2030 2562 2408 2629 participatur.
2435 2570 2490 2615 et
2519 2575 2624 2614 non
2668 2561 3051 2631 participatur.
3080 2557 3450 2631 Participatur
3481 2555 3708 2631 quidem

451 2632 748 2688 secundum
787 2629 1052 2682 rationem
1080 2626 1279 2692 causa).
1313 2631 1364 2684 id
1398 2639 1503 2693 est,
1533 2640 1801 2699 quatenus
1827 2632 2006 2697 omnia
2031 2626 2104 2682 ex
2137 2626 2308 2684 nihilo
2339 2632 2610 2697 producit,
2638 2626 2697 2686 u't
2722 2641 2778 2687 et
2803 2626 3122 2699 simpliciter
3145 2633 3276 2691 sint,
3305 2637 3359 2681 et
3385 2629 3526 2699 bene
3551 2626 3710 2699 sint;

451 2718 643 2758 rursus
675 2715 805 2754 vero
835 2716 939 2753 non
971 2701 1352 2768 participatur,
1385 2697 1686 2754 secundum
1733 2701 2209 2770 participationem
2246 2712 2513 2764 nostram.
2546 2713 2602 2755 et
2648 2697 2950 2757 secundum
2993 2703 3359 2756 existentiam.
3398 2697 3707 2770 Necucnim

451 2777 620 2829 Deum
655 2771 1061 2843 participanius
1084 2772 1228 2824 sicut
1258 2773 1470 2838 species
1503 2768 1831 2841 participant
1862 2768 2084 2843 genera,
2111 2781 2166 2824 et
2196 2773 2341 2843 sicut
2370 2773 2670 2843 singularia
2699 2774 3035 2842 participant
3069 2772 3230 2843 327
3266 2768 3626 2843 universalia,
3654 2779 3712 2822 et

448 2847 590 2901 sicut
619 2838 741 2911 quae
771 2841 1158 2912 subterprima
1188 2853 1334 2906 sunt,
1363 2838 1812 2912 participant'illa
1845 2838 1957 2910 ipsa
1983 2842 2181 2910 prima.
2209 2842 2396 2910 Neque
2429 2838 2821 2912 participaiiitis
2847 2838 2971 2898 eum
3005 2838 3304 2898 sec'undum
3328 2838 3710 2902 existentiam,

447 2928 504 2971 et
537 2910 684 2968 illam
720 2926 883 2980 quam
919 2910 1210 2982 Dionysius
1240 2913 1370 2964 dicit
1405 2910 1723 2979 permistain
1755 2914 2198 2967 communionem
2226 2932 2238 2974 ;
2273 2914 2397 2968 utsi
2425 2910 2668 2971 dicamus
2700 2929 2713 2966 :
2750 2914 2866 2968 Vita
2901 2913 3140 2968 sentiens
3173 2923 3257 2968 est
3286 2926 3414 2981 pars
3445 2912 3709 2982 substan—

449 2989 538 3042 tiae
565 2983 808 3039 omnium
838 2996 998 3035 sensu
1036 2981 1373 3052 viventium;
1409 2991 1463 3036 et
1497 3000 1509 3035 :
1545 2982 1750 3037 Omnes
1780 2984 1992 3052 species
2024 2999 2090 3036 ex
2129 2987 2355 3039 materia
2393 2998 2686 3052 concretae,
2715 2986 3013 3038 secundum
3044 2985 3331 3038 admistam
3362 2981 3708 3037 communio-

447 3073 594 3121 nem,
627 3053 911 3107 materiam
959 3061 1013 3124 ει
1044 3051 1275 3124 formam
1315 3053 1676 3124 participant;
1709 3051 1982 3107 hisenim
2036 3054 2212 3124 modis
2254 3067 2309 3109 et
2343 3055 2648 3110 rationibus
2674 3051 3039 3124 nequaquam
3067 3071 3096 3108 a
3130 3054 3285 3108 nobis
3314 3052 3704 3124 participatnr2

445 3127 556 3182 Nec
583 3120 772 3180 rursus
803 3132 890 3176 est
923 3121 1128 3192 aliquid
1159 3123 1212 3176 in
1249 3120 1483 3194 eoquod
1515 3120 1898 3194 participatnr,
1926 3131 1981 3175 et
2010 3123 2214 3192 aliquid
2245 3128 2392 3194 quod
2425 3142 2531 3178 non
2565 3120 2953 3194 participatur;
2989 3127 3286 3181 absurdum
3315 3120 3483 3194 enim
3516 3132 3628 3194 est,
3660 3120 3708 3174 si

446 3201 684 3257 dicatur,
716 3205 969 3263 Oporlere
997 3195 1344 3247 existentiam
1386 3193 1476 3246 Dei
1507 3207 1572 3246 ex
1604 3193 1812 3248 duobus
1845 3195 2172 3264 quibusdam
2211 3193 2577 3250 dissimilibus
2594 3193 2919 3264 consistere,
2972 3210 3036 3248 ex
3075 3193 3439 3264 participabili
3490 3193 3710 3246 scilicet

445 3280 499 3321 ct.
530 3285 636 3322 non
668 3264 1056 3334 participabili.
1091 3265 1224 3318 Vide
1251 3265 1365 3318 haec
1395 3265 1567 3319 l'usius
1614 3267 1754 3332 apud
1785 3263 2246 3336 Cyparissiotum,
2273 3269 2485 3322 decade'
2528 3266 2581 3333 7,
2614 3284 2736 3337 qua:
2777 3263 2911 3323 tota?
2937 3277 3019 3322 est
3051 3263 3117 3321 de
3165 3267 3369 3320 divinis
3396 3264 3709 3333 participa-

449 3343 700 3395 tionibus.

515 3412 542 3481 ς
576 3409 686 3464 VII.
720 3407 1023 3481 Explicatio
1046 3406 1227 3481 colligi
1263 3417 1441 3481 potest
1468 3425 1534 3463 ex
1569 3409 1795 3464 notabili
1825 3411 2004 3478 primo
2028 3411 2222 3478 capitis
2259 3411 2442 3478 primi.

516 3477 544 3553 ς
579 3481 706 3535 VIII.
741 3480 947 3553 Alludit
996 3480 1284 3553 Dionysios
1333 3480 1398 3532 ad
1431 3495 1576 3533 vers.
1613 3481 1679 3534 15
1726 3477 1922 3553 capitis
1959 3477 2106 3536 tertii
2175 3477 2349 3553 Iipist.
2403 3481 2468 3536 ad
2515 3481 2803 3551 Ephesios,
2837 3483 3038 3537 docens
3078 3479 3247 3553 Deum
3292 3477 3540 3553 omnium
3579 3491 3705 3531 esse

445 3546 662 3606 Patrem
692 3551 971 3622 hominum
1005 3560 1058 3602 et
1086 3546 1430 3622 angelorum,
1453 3566 1560 3618 quo
1587 3546 1863 3606 communi
1891 3552 2123 3606 Parente
2150 3546 2336 3607 alliues
2363 3563 2491 3607 sunt
2515 3546 2766 3609 homines
2792 3546 2846 3608 et
2876 3554 3070 3622 angeli.
3107 3551 3228 3618 Ipse
3261 3550 3402 3602 enim
3429 3546 3600 3622 Pater
3622 3555 3709 3601 est

445 3624 690 3677 onminm
723 3620 1054 3673 familiarum
1090 3621 1456 3692 corporalium
1483 3631 1537 3674 et
1564 3622 1946 3692 spiritualium,
1979 3638 2042 3676 ac
2073 3625 2298 3690 proinde
2324 3625 2688 3679 communiter
2713 3626 2781 3679 ab
2807 3619 3064 3680 omnibus
3098 3622 3408 3674 adorandus
3431 3628 3489 3672 et
3516 3619 3703 3672 coleu-

447 3699 548 3749 dus
575 3709 589 3746 :
621 3692 838 3764 videtur
874 3699 1056 3764 autem
1088 3701 1275 3764 notare
1308 3691 1672 3764 pluralitatcm
1706 3695 2096 3762 principiorum
2121 3703 2175 3746 et
2197 3697 2424 3748 deorum
2465 3695 2708 3751 Simonis
2739 3697 2875 3764 Magi
2899 3707 2953 3750 et
2985 3693 3274 3764 Valentini.

518 3765 544 3834 §
571 3765 660 3817 IX.
688 3762 973 3834 Quomodo
1002 3762 1279 3834 moduset
1303 3766 1619 3830 mysterium
1649 3763 2046 3818 Incarnationis
2072 3780 2357 3832 supremos
2387 3767 2554 3819 etiam
2584 3767 2805 3834 angelos
2831 3762 3076 3826 latuerit,
3103 3763 3223 3815 vide
3248 3777 3413 3829 supra
3441 3769 3701 3814 sanctum

446 3831 760 3906 Dionysium
791 3848 859 3906 c.~
881 3831 1179 3906 [Calcatis
1202 3832 1510 3887 hierarchitc
1531 3874 1545 3896 ,
1572 3845 1626 3906 et
1653 3845 1906 3888 sanctum
1938 3831 2199 3890 Thomam
2236 3837 2289 3887 in
2323 3837 2492 3901 Epist.
2519 3840 2588 3891 ad
2630 3831 2915 3906 Ephesios,
2947 3853 2999 3891 ε.
3031 3835 3085 3898 5,
3118 3834 3245 3906 lect.
3278 3835 3332 3906 ιξ.

519 3903 652 3959 Nota
675 3904 762 3978 hic
782 3904 882 3956 sub
903 3903 1061 3978 linem
1088 3903 1252 3978 hujus
1275 3905 1620 3974 paragraphi,
1650 3917 1895 3960 Sanctum
1924 3907 2274 3960 IIierotheum
2304 3908 2410 3961 dici
2446 3910 2641 3978 partim
2675 3903 2703 3962 a
2736 3909 3021 3978 theologis,
3052 3905 3263 3978 partim
3284 3903 3703 3978 Scripturatum

446 3977 816 4046 indagatiope.
843 3974 1041 4046 partim
1068 3973 1336 4027 diviniore
1365 3973 1599 4044 quadam
1635 3978 1994 4046 inspiratione
2026 3979 2244 4032 doctum
2273 3994 2379 4034 non
2413 3973 2674 4034 discendo
2704 3973 2945 4042 tantum;
2977 3973 3169 4030 verum
3195 3974 3577 4046 etiaindivina
3605 3993 3701 4043 pa-

447 4049 648 4102 tiendo.
702 4044 904 4118 'l‘ribus
933 4045 1079 4097 enim
1129 4046 1305 4118 modis
1329 4046 1510 4099 divina
1545 4044 1901 4116 percipimus,
1936 4063 2135 4117 nempe
2174 4051 2410 4116 actione,
2450 4060 2543 4103 aut
2575 4051 2854 4118 passione,
2888 4059 2981 4102 aut
3029 4047 3188 4102 modo
3233 4045 3471 4112 quodam
3507 4045 3698 4118 misto.

442 4119 671 4172 Actione
711 4116 932 4183 quidem
977 4115 1274 4188 praecipue,
1327 4119 1546 4188 quando
1594 4131 1655 4170 ea
1699 4115 1806 4170 non
1848 4120 1916 4173 ab
1955 4115 2081 4173 aliis
2119 4121 2385 4187 eruditis,
2431 4123 2526 4176 sed
2568 4115 2800 4175 rationis
2847 4119 3271 4188 investigatione
3313 4117 3696 4184 asseqnimur;

443 4191 698 4265 passione
732 4202 878 4265 vero,
913 4203 1037 4240 cum
1071 4186 1330 4265 divinitus
1359 4186 1524 4265 alllati
1561 4190 1918 4265 percipimus;
1964 4192 2126 4265 misto
2174 4186 2410 4265 den_ique
2461 4193 2646 4265 modo,
2694 4193 2748 4248 id
2798 4202 2881 4246 est
2910 4186 3139 4265 partiin_
3167 4187 3442 4256 patiendo,
3495 4189 3698 4254 partim

443 4254 670 4330 agendo,
701 4257 792 4312 tibi
822 4257 1050 4331 docente
1077 4254 1203 4319 alio,
1231 4267 1326 4310 aut
1354 4259 1534 4313 verbis
1561 4254 1653 4312 aut
1693 4254 1888 4316 litteris
1907 4254 2219 4314 erudimur.
2257 4254 2409 4316 Tunc
2453 4263 2598 4316 enim
2632 4254 2926 4331 'quatenus'
2955 4254 3189 4331 aliunde
3222 4271 3530 4321 movemur,
3560 4272 3702 4326 quo-

443 4329 732 4402 dummodo
775 4329 1031 4402 patimur,
1054 4337 1328 4402 quatenus
1357 4339 1536 4402 autem
1569 4333 1848 4398 proprium
1886 4333 1986 4400 ipsi
2031 4332 2294 4400 jUtIii'IUIII
2343 4329 2683 4402 examenque
2717 4333 3062 4397 adhibemus,
3107 4329 3354 4402 videmur
3401 4337 3458 4402 et
3499 4342 3694 4402 agere.

440 4400 709 4473 Caeterum
738 4408 792 4452 et
814 4399 988 4473 aliena
1036 4398 1343 4473 disciplina.
1376 4408 1430 4473 et
1457 4397 1697 4473 inventio
1728 4397 1946 4469 propria
1979 4397 2309 4473 divinorum,
2337 4406 2403 4457 ad
2439 4405 2540 4458 hoc
2573 4397 2718 4459 velut
2745 4405 2814 4458 ad
2848 4403 3060 4473 signum
3109 4401 3371 4473 duntaxat
3394 4397 3697 4473 dirigenda

442 4483 547 4535 est,
577 4481 632 4523 ut
659 4470 770 4523 Deo
807 4469 1024 4542 assidue
1059 4465 1416 4542 nospulsanti
1447 4471 1660 4537 penitus
1691 4465 2049 4542 ekponanmr.
2083 4471 2138 4524 Id
2170 4465 2347 4526 autem
2393 4474 2508 4529 solo
2548 4477 2599 4529 in
2631 4491 2752 4529 eum
2793 4465 2980 4527 amore
3027 4471 3356 4542 perlicirnus.
3391 4465 3692 4542 Hoc—enini

443 4543 706 4594 duntaxat
731 4551 785 4594 et
817 4541 882 4592 ad
915 4539 1082 4592 Deum
1127 4539 1411 4615 dirigimus
1440 4541 1647 4603 onmia.
1677 4552 1732 4596 et
1765 4539 1870 4596 Deo
1913 4541 2235 4615 sruhjicitnur
2261 4545 2400 4598 clam
2442 4546 2714 4615 pulsanti;
2747 4555 2914 4615 atque
2950 4539 3044 4597 illo
3072 4541 3398 4615 inspirante,
3428 4547 3487 4591 et
3533 4541 3691 4615 quasi

443 4622 692 4686 movente
719 4619 1041 4679 agenteque,
1072 4611 1252 4662 subito
1289 4625 1714 4686 commoventur,
1744 4625 1906 4682 atque
1937 4614 2008 4666 ita
2039 4615 2401 4680 cOtnpatimur
2433 4609 2736 4686 spirituque
2780 4609 3070 4682 replentur.
3116 4610 3347 4666 Aﬂ‘ectio
3383 4622 3518 4661 vero
3550 4609 3693 4686 ejus-

444 4682 587 4734 modi
626 4697 806 4748 passm
836 4688 1194 4752 timicupatur,
1227 4693 1338 4733 tum
1370 4684 1627 4749 quoniam
1667 4687 1931 4738 amatoria
1977 4693 2061 4736 est
2107 4685 2283 4752 (amor
2321 4681 2479 4740 ειιίιιι⁷
2506 4681 2852 4741 trans—ferens
2875 4687 2925 4738 in
2957 4694 3220 4749 amatum,
3252 4691 3533 4752 amantem
3570 4681 3692 4734 inde

442 4753 552 4820 pati
585 4752 907 4830 compellit),
938 4760 1049 4830 tuin
1069 4751 1542 4830 (ptiavacautihus
1575 4763 1700 4830 tunc
1729 4756 1963 4830 propriis
1992 4751 2220 4808 ratidnis
2252 4757 2729 4830 intelligentiwque
2761 4757 3090 4820 actionibus,
3118 4753 3300 4807 divma
3329 4752 3452 4830 luce
3487 4751 3694 4827 forma-

442 4819 584 4883 inur.
611 4819 1230 4900 patimurquelormati.
1391 4824 1532 4900 hanc
1576 4819 1763 4900 uiique
1807 4819 1982 4879 lucem
2027 4840 2213 4879 amore
2245 4819 2864 4900 soluuir—ferventissimo
2904 4819 3297 4900 praeparantur.
3345 4821 3688 4900 Sicutcniin

440 4906 662 4967 opacas
688 4907 826 4960 saepe
869 4891 1124 4945 materias
1176 4891 1278 4967 Iuci
1329 4893 1504 4946 invias
1551 4891 1700 4947 calor
1736 4897 1924 4964 ingens
1951 4905 2170 4967 purgat,
2202 4909 2478 4961 extenuat,
2515 4903 2731 4967 pervias
2762 4899 2869 4952 luci
2901 4891 3136 4966 prebet;
3168 4894 3248 4948 sic
3293 4893 3605 4967 amatorios
3638 4894 3688 4944 in

440 4960 610 5042 Deum
641 4961 823 5042 fervor
865 4978 894 5014 a
939 4963 1216 5028 corporeis
1253 4960 1836 5042 perturbationibuset
1880 4960 2368 5042 nebulispurgans
2400 4960 2664 5034 anitiium,
2697 4971 2858 5038 quasi
2901 4960 3163 5042 serenum
3216 4965 3414 5042 reddit,
3466 4963 3686 5031 lucique

439 5036 637 5114 divitia:
667 5040 934 5102 paratum,
967 5046 1092 5084 cum
1135 5047 1240 5100 qua
1273 5043 1328 5086 et
1358 5036 1611 5090 unionem
1643 5038 1934 5093 arctiorem
1971 5036 2350 5105 intelligentia,
2385 5055 2439 5094 et
2468 5043 2626 5096 Iidem
2672 5036 2914 5096 humana
2962 5038 3190 5094 scientia
3230 5037 3529 5090 certiorem
3563 5053 3692 5088 con-

438 5117 735 5156 SCOllIIIIIII‘.

498 5118 772 5256 (ἐωξὶ.ιὲέο
799 5170 1154 5256 intelligentia
1198 5175 1488 5256 verborum
1522 5176 1950 5256 IIicroth‘einota
1997 5196 2128 5256 cum_
2162 5180 2436 5256 Turriano
2493 5185 2558 5238 ad
2593 5199 2711 5252 cap.
2762 5184 2797 5237 2
2853 5184 3074 5238 decadis
3119 5181 3150 5232 7
3185 5177 3550 5256 Cyparissioti
3588 5192 3603 5227 :
3641 5179 3688 5228 in

435 5245 691 5326 essentiis
721 5259 907 5326 rerum
946 5243 1087 5326 huoc
1133 5245 1376 5326 ordioem
1417 5251 1778 5326 considerari.
1811 5249 2014 5316 Primo,
2049 5252 2312 5320 principia
2349 5269 2573 5319 rerum;
2610 5243 2870 5319 setzuiido,
2911 5243 3310 5313 substantiam;
3348 5250 3537 5311 tertio,
3571 5263 3689 5316 spc—

434 5317 572 5396 ciem
622 5314 1114 5396 cor_iipositi_totius
1140 5331 1226 5395 ἐκ
1260 5314 1430 5369 forma
1473 5321 1938 5396 proﬁcisceiitem;
1971 5314 2189 5390 quarto,
2225 5314 2614 5392 perfectionem
2642 5326 2810 5393 ipsius
2843 5314 2943 5386 rei,
2985 5340 3090 5379 non
3125 5325 3299 5377 solum
3341 5314 3688 5396 quoad‘spc-

433 5387 594 5447 ciem,
624 5385 716 5467 sed
755 5385 936 5466 quoad
957 5386 1242 5467 propriam
1277 5385 1646 5467 operationem
1676 5403 1728 5444 et
1753 5385 1960 5467 _linem:
1988 5385 2118 5467 iunc
2152 5385 2296 5447 enim
2333 5413 2416 5448 res
2441 5407 2529 5467 est
2551 5385 2862 5450 ouniimode
2886 5385 3149 5465 perfecta,
3180 5408 3302 5448 cum
3330 5385 3497 5467 suum
3531 5385 3688 5443 linem

432 5461 744 5536 assequitur
769 5473 785 5519 ;
815 5461 1026 5526 (Ιιιὶυιοο
1061 5470 1148 5510 res
1180 5461 1380 5536 Varias,
1421 5473 1549 5536 (lure
1589 5461 1812 5536 singula:
1848 5466 2094 5536 quadam
2143 5467 2360 5533 propria
2415 5465 2748 5534 pet-lectione
2781 5461 3019 5536 praedita:
3061 5474 3210 5527 sunt,
3239 5474 3296 5517 et
3331 5462 3530 5514 ordine
3561 5476 3691 5528 quo-

433 5530 554 5580 dam
587 5528 874 5595 copulatae.
913 5535 1084 5582 totum
1113 5529 1385 5598 quoddam
1420 5528 1727 5599 perﬁciunt,
1761 5546 1817 5587 ut
1846 5528 1898 5588 in
1931 5528 2210 5602 universo,
2242 5528 2298 5590 et
2328 5538 2381 5591 in
2415 5528 2660 5593 homine.
2689 5528 3015 5594 llie'rotheus
3047 5551 3179 5606 ergo
3209 5537 3366 5590 docet
3418 5536 3691 5600 quomoda

514 5748 530 5786 ι
557 5750 714 5806 JOan.
748 5768 836 5808 av.
