3876 6226
201 398 314 456 657

827 392 916 447 DE
950 391 1205 447 DlVlNlS
1233 390 1638 458 NOMINIBUS,
1675 389 1830 450 CAP.
1866 389 1931 446 ll.
1966 421 2038 435 —
2069 388 2416 445 PARAPIIB.
2454 387 2927 445 PACIIYMERIE.

3373 387 3475 442 658

205 515 474 597 divinitas
500 512 712 595 tibi-isti
738 523 823 566 est
850 527 1018 597 causa
1052 514 1106 566 in
1137 511 1222 566 his
1248 513 1526 597 omnibus,
1553 511 1855 597 incipitque
1886 512 1954 565 ab
1981 518 2251 576 extremo,
2282 511 2331 565 id
2364 521 2447 565 est
2482 525 2510 564 a
2554 521 2686 574 toto,
2716 519 2770 565 et
2807 518 3016 566 remeat
3044 509 3094 563 in
3123 505 3385 578 primum,
3419 506 3476 564 id

205 550 474 571 unum.“
505 550 712 568 νωις...
738 550 823 566 υς..
851 550 1018 568 cum.
1139 550 1222 566 ...ο
1249 550 1502 567 omum.”
1553 550 1660 566 ...ω
1789 550 1854 565 ..υ
1886 550 1953 565 μυ
1981 550 2229 566 νων-..υ
2282 550 2331 565 η.
2365 550 2447 565 νο,
2482 550 2510 564 ι.
2555 550 2664 564 ..ην
2716 550 2770 565 υ.
2807 550 2863 564 ,υ

201 597 294 642 est
343 585 397 639 in
432 585 697 666 principia
732 599 934 666 rerum.
967 583 1268 666 Conservat
1295 584 1481 666 igitur,
1509 550 1715 651 ἶηιιιιίἵ,
1749 550 2064 663 tiniversum
2096 593 2152 634 et
2185 552 2372 651 partes
2401 583 2640 636 universi
2671 550 2774 635 ’toti
2806 550 3476 642 consentit-altrici";“dum

201 672 275 738 eo
314 655 736 738 conspirantes;
761 665 817 708 et
846 654 962 738 ipsa
1001 650 1438 738 noniesttotnm,
1468 650 1650 738 neque
1678 653 1980 738 parquuia
2010 650 2221 706 scilicet
2249 669 2352 705 non
2388 653 2549 706 habet
2583 651 2972 719 perfectionem
3004 651 3170 703 totius
3201 659 3254 703 et
3285 650 3452 716 partis

203 688 275 738 σγ
314 688 700 724 ιυιιῡγιιαιιιυδ
722 697 736 717 ,
761 688 817 708 ῡι
846 688 962 723 upon
1001 688 1109 708 uvu
1135 688 1219 707 υοι
1245 688 1438 734 rus-":1,
1468 688 1648 734 Ἰιιιιιηυ
1679 688 1826 721 μυμῦ.
1853 688 1980 721 quia
2010 688 2221 706 ῡυιιιυυι
2249 688 2352 705 ιιυιι
2388 688 2549 706 "auus
2583 688 2972 719 γυιιυυιιυιιυιιι
3005 688 3170 703 unuun
3202 688 3254 703 υ.
3320 688 3452 702 ..ι-...τ

203 737 355 808 Sicut
381 735 551 808 totum
581 734 639 808 et
667 740 813 808 pars,
847 725 941 808 sed
974 724 1330 808 excellentius
1380 725 1762 808 m‘tntinttum.
1808 723 2012 790 Estque
2047 739 2237 777 rursus
2268 733 2434 777 totum
2467 732 2521 776 et
2555 738 2682 791 pars
2715 723 2971 775 divinitas
3005 721 3230 784 Christi,
3285 688 3478 787 nempe.

203 761 355 781 me...
382 761 551 779 ,υιυιη
583 761 639 778 υ.
667 761 813 792 γωδ,
847 761 941 778 σω.
974 761 1330 778 “cuna...”
1808 761 1915 776 μα..
1945 761 2012 777 ..ν
2048 761 2237 777 ...ω-,ο
2467 761 2521 776 υ.
2593 761 2682 775 ...υ

198 797 337 866 quia
369 796 632 876 quidquid
669 796 1021 876 perfectionis
1052 795 1222 876 esuin
1256 805 1369 876 toto
1405 796 1560 876 etum
1593 804 1765 874 parte,
1797 793 1901 874 hoc
1922 761 2044 876 Iipsa
2075 794 2278 847 Christi
2327 761 2586 848 divinitas
2631 793 2931 860 prachabet.
2959 761 3480 858 Ital'i'qiia"faciii'ofa

199 876 355 947 sunt.
393 859 535 948 Illud
557 859 710 947 vero,
741 868 1034 948 suoslantia
1065 865 1187 919 totis
1209 859 1792 948 substantiisinsistens
1826 859 2119 932 impolluta,
2148 864 2419 933 signiticat
2467 879 2592 918 esse
2627 859 2793 916 Deum
2826 863 2876 915 in
2922 862 3174 914 omnibus
3221 859 3480 914 substan-

1830 947 1834 948 ,
1977 944 1988 948 ,
2264 936 2272 944 .
2407 935 2418 945 ,
2641 933 2651 943 .
2766 933 2798 948 ._
2877 947 2884 948 ί
3004 941 3015 948 _
3414 928 3476 948 ,.

200 938 298 1019 tiis
323 978 339 1001 ,
371 945 426 1019 et
467 936 537 990 ab
565 936 1000 1019 eisnpartit-ipari
1049 951 1298 1019 nonmper
1323 935 1702 1019 adtriisti_tineitt
1729 974 1743 995 ,
1780 928 2016 1019 hoglest,
2065 949 2170 988 non
2200 928 2420 988 inisceri
2450 950 2573 988 cum
2607 933 2724 997 eis;
2766 933 2838 986 ita
2870 941 3090 987 sanctus
3123 931 3367 986 Thomas
3411 928 3478 981 ad

202 1008 356 1064 hunc
392 1007 599 1062 locum.
637 1003 1033 1063 Cbnsuleiitem
1062 1007 1116 1061 in
1143 1005 1631 1062 Observationibus
1658 1003 2003 1074 generalibus
2030 1013 2282 1058 octavam
2318 1014 2372 1058 et
2398 1020 2618 1060 nonam.

1191 1321 1360 1394 328
1403 1320 1890 1377 PARAPIIRASIS
1922 1319 2375 1378 ΡΑΟΠΥΜΕΒΑΞ
2413 1317 2546 1390 (55).

272 1481 301 1552 ς
334 1484 376 1534 ι.
407 1482 482 1535 Τὸ
513 1483 686 1555 παρὸν
734 1484 1029 1555 κεφάλαιόν
1057 1487 1172 1540 ἐστι
1216 1489 1343 1558 περὶ
1376 1489 1664 1561 ήνωμένης
1696 1490 1789 1543 καὶ

1964 1483 1991 1555 §
2020 1481 2058 1536 l.
2093 1483 2203 1535 lloc
2230 1493 2468 1548 praesens
2504 1482 2669 1545 caput
2691 1479 2774 1528 est
2801 1472 2867 1525 de
2912 1470 3060 1522 unita
3111 1467 3478 1533 distinctaque

191 1574 627 1647 ἆακεκριμένης
679 1577 975 1646 θεολογίας.
1033 1581 1248 1652 Ἐπειδὴ
1297 1581 1406 1652 γὰρ
1456 1583 1717 1654 προέθετο
1765 1585 1794 1636 6

194 1666 358 1733 ἆγιος
379 1667 506 1738 περὶ
531 1667 689 1721 θείων
708 1669 988 1740 ὀνομάτων
1008 1674 1201 1736 εἰπεῖν,
1224 1673 1294 1726 τὰ
1317 1674 1372 1727 δὲ
1396 1675 1514 1728 θεῖα
1533 1676 1790 1747 ὀνόματα,

192 1759 269 1811 τὰ
301 1760 402 1830 μὲν
432 1761 626 1826 κοινῶς
657 1764 750 1816 καὶ
792 1767 906 1827 τοῖς
951 1767 1099 1836 τρισὶ
1127 1765 1438 1841 θεαρχικοῖς
1474 1771 1794 1844 Προσώποις

197 1851 527 1922 ἁρμόζουσι,
572 1854 641 1906 τὰ
662 1855 718 1908 δὲ
751 1857 851 1926 μιᾷ
878 1858 1082 1929 ἑκάστῃ
1116 1859 1224 1912 τῶν
1266 1861 1675 1918 Ὑποστάσεων·
1708 1865 1795 1919 διὰ

193 1943 361 1996 τοῦτο
385 1944 457 1996 τὰ
485 1945 586 2015 μὲν
631 1945 825 2010 κοινῶς
865 1950 931 2018 τῇ
983 1948 1102 2020 θείᾳ
1147 1949 1306 2018 φύσει
1334 1951 1640 2024 ἁρμόζοντα
1680 1955 1796 2009 ὀνό-

199 2053 384 2107 ματα,
426 2037 744 2106 ἡνωμένην
771 2039 1068 2110 ἐπιγράφει
1115 2041 1422 2110 θεολογίανξ
1469 2043 1539 2097 τὰ
1586 2045 1644 2098 δὲ
1697 2049 1796 2117 μιᾷ

193 2127 408 2198 ἑκάστῃ
431 2103 802 2195 ὑποστάσεων,
831 2103 1304 2201 διακέκριμέιηῃνί.
1331 2135 1437 2188 Καὶ
1464 2135 1624 2190 πάλιν
1647 2103 1794 2190 θέίαν

192 2217 396 2270 ’ἐνωσιν
436 2219 582 2288 λέγει
623 2221 722 2292 τὴν
764 2223 1000 2293 κρυφίαν
1041 2224 1134 2276 καὶ
1162 2225 1546 2297 ἀκατάληπτον
1590 2228 1794 2298 γνῶσιν

194 2325 299 2412 της
341 2308 492 2372 θείας
534 2310 768 2378 φύσεως,
805 2313 924 2385 (τὴν
965 2313 1074 2385 γὰρ
1099 2315 1285 2369 οὐσίαν
1321 2318 1488 2391 αὐτὴν
1514 2319 1613 2389 τῆς
1653 2320 1793 2373 ἀκα-

193 2401 479 2469 ταλήπτου
522 2401 753 2472 Τριάδος
795 2406 845 2457 τί
889 2408 1035 2462 ἐστιν
1073 2410 1247 2472 οὐδεὶς
1287 2407 1557 2478 γνώσεταί
1602 2413 1793 2484 ποτε

193 2491 476 2563 διάκρισιν
529 2494 585 2546 δὲ
625 2495 775 2550 θείαν
804 2497 902 2562 τὰς
960 2501 1355 2566 ὲνυποστάτους
1411 2504 1793 2575 προσκυνητὰς

197 2585 490 2657 ὑπάρξεις,
510 2589 775 2654 τουτέστι,
801 2592 895 2644 τοῦ
921 2594 1018 2664 μὲν
1043 2594 1172 2648 Υἰοῦ
1196 2597 1286 2648 τὸν
1313 2598 1378 2650 ἐκ
1397 2597 1608 2668 Πατρός
1635 2598 1796 2651 ἀνέκ-

196 2697 446 2784 φραστον
486 2682 869 2754 ἀπαυγασμὺν,
917 2686 1008 2739 τοῦ
1057 2677 1114 2740 δὲ
1164 2690 1428 2757 παναγίου
1477 2690 1794 2762 Πνεύματος

195 2772 303 2839 τὴν
333 2772 397 2822 ὲκ
425 2773 641 2844 Πατρός
655 2777 974 2847 ἀνεννόητον
1001 2780 1346 2852 ὲκπόρευσιν,
1366 2783 1465 2854 τὴν
1496 2781 1791 2855 θεαρχικὴν

1897 1575 2191 1642 theologia.
2220 1572 2356 1628 Cum
2381 1571 2527 1625 enim
2559 1568 2646 1622 hic
2669 1577 2895 1620 sanctus
2924 1566 2990 1619 de
3017 1559 3214 1617 divinis
3243 1561 3478 1615 nomini-

1893 1671 1996 1724 bus
2038 1667 2184 1736 loqui
2235 1662 2603 1735 proposuerit,
2640 1659 2822 1714 divina
2866 1671 2994 1710 vero
3043 1654 3285 1715 nomina,
3326 1666 3475 1720 qua:-

1895 1763 2019 1817 dam
2065 1762 2120 1816 in
2166 1756 2440 1813 communi
2497 1754 2668 1807 tribus
2731 1748 2990 1805 Personis
3039 1746 3236 1801 divinis
3282 1757 3479 1799 com-c.

1896 1857 2070 1918 niant,
2101 1851 2350 1922 quaedam
2375 1847 2541 1902 etiam
2574 1844 2666 1898 uni
2699 1857 2766 1898 ex
2798 1839 3054 1896 Personis
3085 1837 3191 1891 illis
3223 1837 3276 1889 in
3305 1835 3478 1903 parti-

1897 1946 2092 2011 culari,
2120 1943 2326 1997 idcirco
2353 1939 2444 1993 illa
2475 1937 2694 2001 quidem
2727 1933 2944 1988 nomina
2973 1945 3093 2000 quin
3120 1929 3174 1983 in
3204 1925 3478 1981 communi

1897 2039 2093 2093 divinae
2123 2042 2332 2089 natura:
2382 2036 2710 2099 congruunt,
2744 2025 2948 2077 unitum
2999 2019 3244 2075 inscribit
3273 2015 3482 2071 theolo-

1897 2133 2064 2204 giam,
2092 2144 2212 2198 qua:
2237 2139 2367 2180 vero
2395 2121 2619 2176 cuilibet
2642 2132 2884 2188 persona:
2908 2117 2960 2169 in
2989 2110 3306 2184 particulari
3331 2123 3482 2163 com-

1896 2201 2131 2293 petunt,
2183 2219 2505 2272 distinctam.
2559 2212 2628 2265 Et
2679 2223 2869 2263 rursus
2926 2206 3166 2259 divinam
3222 2201 3481 2255 unionem

1897 2322 2058 2368 vocat
2086 2309 2352 2365 occultam
2400 2313 2457 2359 et
2503 2295 3107 2370 incomprehensibilem
3142 2290 3342 2346 divina:
3376 2304 3479 2342 na-

1901 2418 2036 2463 turae
2074 2404 2436 2474 cognitionem
2485 2398 2635 2467 (nam
2666 2395 2964 2448 essentiam
3016 2382 3480 2454 incomprehensi-

1898 2501 2021 2556 bilis
2046 2496 2348 2560 Trinitatis,
2374 2490 2504 2562 quid
2538 2489 2631 2554 sit,
2665 2500 2828 2539 nemo
2857 2489 3148 2553 COguoscct
3179 2479 3440 2545 unquam)
3464 2489 3479 2536 ;

1899 2595 2136 2650 divinam
2169 2604 2295 2644 vero
2340 2586 2774 2646 distinctionem,
2821 2579 3181 2634 subsistentes
3233 2570 3478 2626 existens

1902 2689 2004 2742 tias
2026 2683 2355 2746 adorandus,
2388 2680 2439 2733 id
2467 2689 2552 2732 est
2581 2675 2705 2729 Filii
2735 2671 2955 2742 quidem
2992 2683 3056 2723 ex
3090 2667 3251 2721 Patre
3297 2660 3482 2731 splen-

1901 2785 2086 2836 dorem
2135 2774 2491 2838 incﬂ‘abilem,
2525 2768 2706 2825 sancti
2765 2781 2898 2820 vero
2946 2761 3182 2832 Spiritus
3213 2773 3280 2812 ex
3321 2755 3485 2808 Patre

200 2861 336 2931 ὅλην
372 2861 629 2934 ὓπαρξιν,
666 2867 863 2936 μᾶλλον
891 2869 946 2921 δὲ
978 2870 1099 2923 οὐδὲ
1130 2872 1334 2941 κυρίως
1367 2849 1791 2944 ὓπαρξιν’,ηὰλλὰ

1904 2870 2378 2940 inconceptibilem
2412 2864 2819 2938 processionem
2843 2901 2858 2927 ,
2886 2860 3123 2913 divinam
3157 2863 3323 2910 totam
3361 2849 3483 2902 esi-

201 2953 623 3053 μπερύπαρξινο
670 2957 784 3011 ἀλλ’
824 2961 1012 3032 ἐπειδὴ
1062 2965 1210 3017 πᾶσα
1239 2965 1474 3039 ὕπαρξις
1513 2969 1790 3041 ἐξαυτῆς,

200 3057 270 3094 εκ
291 3061 402 3094 των
422 3045 678 3099 αἰτιατῶν
706 3051 1019 3120 κτισμάτων
1041 3055 1366 3124 ὀνομάζεται
1399 3057 1650 3131 ὕπαρξις.
1684 3061 1793 3132 Τὴν

197 3153 339 3204 γουν
377 3136 672 3214 θεαρχικὴν
707 3143 910 3214 ταύτην
959 3146 1194 3219 ὓπαρξιν
1233 3151 1380 3221 ὅλην,
1424 3155 1669 3209 τουτέστι
1696 3157 1793 3227 τὴν

197 3227 339 3330 μίαν
363 3247 454 3330 και
487 3232 654 3334 μόνην
687 3233 933 3308 θεότητα,
960 3237 1103 3308 (ἔθος
1126 3240 1234 3313 γὰρ
1262 3243 1411 3314 αὑτῴ
1435 3245 1576 3299 οὕτω
1607 3248 1793 3302 καλεῖν

195 3337 301 3428 την
344 3337 443 3428 της
464 3323 644 3428 ,άγίας
680 3326 775 3378 καὶ
816 3327 984 3400 μόνης
1019 3335 1400 3406 προσκυνητῆς
1432 3337 1659 3407 Τριάδος
1694 3339 1793 3410 τὴν

197 3415 258 3464 ἐν
270 3413 816 3512 τρισὶνὙποστάσεσι
841 3423 1248 3496 γνωριζομένην
1269 3427 1497 3500 θεότητα
1520 3431 1559 3503 ,)
1588 3433 1791 3505 ταύτην

197 3521 335 3611 γουν
356 3522 438 3557 οτι
463 3507 593 3559 ποτέ
622 3509 766 3562 ἐστιν
793 3513 824 3580 ἡ
854 3513 1281 3587 αὑτοαγαθότης,
1307 3520 1334 3570 6
1363 3519 1568 3591 Κύριος
1599 3524 1655 3575 ἐν
1678 3526 1790 3588 τοῖς

196 3596 369 3666 ἱερο;ς
404 3599 756 3668 Εὑαγγελίοις
785 3605 1066 3674 γνωρίζων
1099 3609 1228 3680 ἡμῖν
1252 3611 1522 3680 ὑμνεῖται,
1546 3617 1792 3669 τουτέστι

201 3689 349 3794 μετά
395 3693 574 3794 πάσης
621 3695 907 3760 εὐλαϐείας
954 3701 1045 3752 καὶ
1096 3701 1349 3773 θεότητος
1403 3712 1785 3762 κατανοεῖται·

199 3780 344 3851 αὐτὴ
384 3781 494 3854 γὰρ
540 3786 572 3854 ἡ
615 3785 842 3856 θεαρχία
882 3790 910 3840 6
956 3791 1158 3862 Κύριος
1212 3795 1590 3869 ὑφηγούμενος
1638 3800 1790 3870 ἔλεγε

199 3873 343 3942 πρὸς
367 3874 459 3926 τὸν
497 3876 784 3947 ἐρωτῶντα
807 3896 818 3907 ·
873 3880 932 3932 Τί
965 3899 1041 3950 με
1072 3885 1268 3955 λέγεις
1294 3888 1554 3958 ιὶγαθόν;
1593 3893 1793 3959 οὐδεὶς

196 3970 445 4038 ἀγαθὸς,
473 3975 524 4025 εὶ
543 3972 630 4042 μὴ
655 3975 742 4040 εἷς
767 3979 800 4029 ό
841 3976 1003 4042 Θεός.
1042 3979 1212 4033 Τοῦτο
1242 3981 1339 4052 μὲν
1365 3978 1458 4036 οὖν
1485 3986 1577 4038 καὶ
1613 3987 1671 4039 ἐν
1695 3985 1792 4040 ἄλ-

198 4064 318 4128 λοις
362 4084 575 4137 ειρηται
620 4071 748 4138 παρ’
779 4070 936 4141 ἡμῶν
968 4072 1272 4140 ἐξετασθὲν,
1320 4078 1400 4130 ὅτι
1447 4080 1506 4131 οὐ
1554 4081 1794 4150 μερικῶς

197 4160 287 4227 ἐφ’
321 4160 401 4212 ἑνὶ
433 4162 541 4216 τῶν
570 4163 876 4236 θεαρχικῶν
921 4170 1270 4223 ὑποστάσεων
1300 4170 1367 4223 τὰ
1409 4171 1633 4225 τοιαῦτα
1673 4173 1793 4228 ὀνό-

200 4269 355 4322 ματα
375 4251 643 4321 λέγονται,
672 4256 785 4311 ἀλλ’
815 4261 908 4314 ἐπὶ
928 4261 1028 4331 τῆς
1056 4261 1183 4332 ὅλης
1210 4263 1304 4316 καὶ
1331 4262 1572 4335 πλήρους
1602 4265 1792 4337 θεότη-
1821 4237 1863 4294 C

194 4364 296 4409 τος
316 4363 329 4374 °
383 4348 478 4399 καὶ
508 4348 588 4402 ὅτι
624 4352 798 4405 πάντα
838 4353 1013 4408 ταῦτα
1042 4355 1112 4411 τὰ
1140 4356 1297 4410 κοινὰ
1325 4357 1565 4428 ὀνόματα
1603 4359 1792 4412 ἀνατί-

195 4437 672 4545 θενταιηάμερῶς,
715 4442 775 4494 οὐ
824 4445 1155 4516 μεριζόμενα
1197 4447 1338 4501 κατὰ
1385 4448 1790 4520 ὰποκλήρωσιν,

191 4530 276 4594 ὡς
305 4530 683 4616 ἓνΠρόσωπον
710 4576 724 4598 ,
767 4535 879 4589 ἀλλ’
909 4539 994 4607 ἐφ’
1022 4540 1101 4592 ἐνὶ
1131 4541 1365 4612 ἑκάστῳ,
1416 4544 1508 4595 καὶ
1553 4543 1644 4596 ἐπὶ
1682 4545 1793 4606 τοῖς

193 4626 354 4677 τοισὶ
394 4625 610 4690 κοινῶς,
667 4628 968 4694 ἁπολύτως,
1024 4632 1301 4685 τουτέστιν
1344 4635 1406 4686 οὐ
1456 4635 1593 4704 μετά
1649 4651 1793 4697 τινος

198 4715 527 4818 προσθήκης
574 4721 652 4783 εἰς
701 4720 759 4772 ἓν
791 4722 1110 4793 Πρόσωπον,
1163 4728 1256 4779 καὶ
1300 4726 1425 4797 δίχα
1467 4727 1669 4798 ταύτης
1713 4732 1792 4793 είς

192 4806 366 4859 ἄλλο·
404 4808 519 4861 αλλ’
554 4811 1015 4884 ἀπαρατηρήτως,
1049 4817 1123 4880 ὡς
1168 4818 1251 4885 ἐφ’
1300 4819 1380 4870 ἑνὶ
1423 4819 1654 4890 ἑκάστῳ,
1701 4822 1792 4873 καὶ

195 4899 297 4951 ἐπὶ
340 4903 453 4963 τοῖς
498 4903 645 4971 τρισὶ
688 4903 913 4966 κοινῶς⁹
950 4908 1044 4959 καὶ
1083 4907 1158 4972 ὡς
1212 4909 1426 4973 κοινῶς,
1462 4913 1552 4964 καὶ
1591 4913 1674 4980 ἐφ’
1707 4914 1790 4966 ἑνὶ

195 4993 442 5063 ἑκάστῳ,
475 4995 570 5045 καὶ¹
598 4993 794 5058 ὁλικῶς
829 4999 920 5051 ἐπὶ
953 4999 1136 5070 ἁπάσῃ
1178 5004 1243 5070 τῇ
1279 5001 1490 5072 ὁλότητι
1533 5003 1633 5073 τῆς
1676 5003 1791 5057 θεό-

192 5101 383 5155 τητος.
429 5086 539 5139 Καὶ
583 5086 713 5154 γοῦν
741 5089 835 5141 καὶ
874 5089 950 5152 ὡς
981 5092 1038 5142 ἐν
1084 5091 1263 5154 ἄλλοις
1303 5094 1718 5165 ὑπεμνήσαμεν,
1755 5099 1785 5152 ὁ

196 5180 274 5252 μὴ
301 5180 491 5244 κοινὰς
523 5177 660 5237 εἷναι
688 5184 859 5254 λέγων
887 5187 985 5251 τὰς
1015 5188 1320 5259 θεωνυμίας
1348 5190 1632 5261 ἁποσχίζει
1663 5193 1791 5244 ἀσε-

191 5273 308 5336 ϐως
338 5273 440 5344 τὴν
473 5273 698 5344 ἑνότητα
737 5278 835 5348 τῆς
877 5281 1256 5350 προσκυνητῆς
1288 5282 1329 5331 Τ
1337 5282 1532 5350 ριάδος.
1577 5283 1790 5352 Ῥητέον

191 5365 288 5420 οὖν
311 5369 391 5431 ὡς
414 5369 476 5421 τὸ
502 5368 560 5421 ὲν
579 5370 933 5440 Εὑαγγελίοις
949 5372 1282 5440 agr-adtigerit
1313 5372 1420 5424 τῶν
1436 5372 1602 5444 τριῶν
1631 5372 1790 5444 θεαρ-

198 5460 369 5532 (ικῶν
416 5462 800 5516 Ὑποστάσεων
834 5464 1150 5536 ὲκληπτέον,
1193 5466 1422 5537 καὶγὰρ
1465 5467 1607 5518 καὶὸ
1656 5466 1791 5532 ἁγα-

193 5554 404 5623 θοφυὴς
436 5555 607 5624 Λόγος
629 5554 795 5624 λέγει·
835 5560 902 5610 Εἰ
924 5557 1036 5610 οὖν
1057 5562 1089 5610 ό
1119 5559 1424 5626 ὀφθαλμός
1450 5576 1565 5612 σου
1603 5574 1788 5625 ποιη-

276 5725 314 5744 η·
346 5713 520 5769 Marc.
558 5731 614 5776 κ,
652 5715 740 5769 18.

1899 2966 2178 3030 steutiam,
2210 2964 2292 3018 vel
2342 2960 2524 3030 potius
2565 2955 2787 3027 proprie
2822 2967 2930 3007 non
2980 2945 3354 3005 existentiam,
3388 2942 3481 2995 sed

1899 3055 2436 3127 superexistentiam,
2471 3052 2564 3105 sed
2595 3047 2859 3118 quoniam
2884 3041 3061 3097 omnis
3097 3035 3384 3094 existentia
3413 3048 3478 3087 ex

1899 3156 2014 3222 ipsa
2043 3160 2158 3218 est,
2188 3164 2256 3204 ex
2288 3146 2495 3204 effectis
2521 3144 2792 3200 creaturis
2825 3135 3115 3195 existentia
3145 3131 3478 3188 nominatur.

1899 3247 2050 3300 llanc
2075 3245 2256 3312 itaque
2286 3241 2524 3295 divinam
2556 3245 2722 3291 totam
2750 3231 3122 3293 existentiam,
3155 3225 3209 3280 id
3239 3233 3324 3278 est
3356 3222 3481 3274 uni-

1897 3353 2018 3392 cam
2045 3344 2100 3392 et
2129 3335 2298 3391 solam
2331 3333 2596 3386 Deitatem
2630 3329 2733 3400 (sic
2763 3326 2906 3381 enim
2932 3319 3206 3392 appellare
3249 3329 3480 3373 consue-

1900 3429 1976 3482 vit
2025 3433 2229 3482 sancta:
2281 3433 2445 3492 atque
2499 3421 2672 3476 solum
2726 3415 3016 3470 adoranda:
3076 3406 3363 3464 Trinitatis
3423 3403 3478 3456 in

1899 3522 2069 3576 tribus
2095 3515 2353 3573 Personis
2379 3514 2618 3584 agnitam
2653 3508 2975 3576 Deitatem);
3002 3505 3141 3558 hanc
3165 3541 3181 3569 ,
3224 3500 3480 3568 inquam,

1898 3617 2070 3684 ipsam
2097 3625 2193 3682 per
2227 3623 2289 3664 se
2322 3607 2619 3662 bonitatem
2674 3615 2819 3666 esse,
2868 3599 2920 3652 in
2968 3592 3276 3664 Evangeliis
3324 3588 3481 3643 nobis

1896 3707 2200 3763 declarasse
2239 3701 2504 3756 Dominus
2554 3695 2902 3766 prazdicatur,
2937 3691 2989 3744 id
3039 3699 3124 3742 est
3173 3700 3298 3740 cum
3331 3682 3480 3736 onmi

1896 3799 2160 3868 religione
2210 3809 2275 3849 ac
2327 3792 2615 3848 divinitate
2665 3785 3016 3858 agnoscitur;
3075 3794 3202 3833 nam
3255 3779 3482 3846 ipsemet

1897 3867 2040 3948 Deus
2058 3888 2317 3944 Dominus
2339 3883 2663 3953 eXplicando
2688 3879 2824 3934 dixit
2841 3876 3058 3931 cuidam
3083 3867 3478 3938 interroganti:

1899 3983 2041 4050 Quid
2064 3997 2144 4035 me
2166 3979 2297 4034 dicis
2321 3977 2551 4031 bonum?
2569 3990 2716 4029 nemo
2737 3972 2927 4034 bonus,
2953 3968 3055 4022 nisi
3081 3965 3222 4020 solus
3251 3963 3391 4015 Deus
3416 3970 3477 4012 ω.

1903 4078 2098 4131 Verum
2151 4075 2256 4128 hoc
2305 4071 2429 4126 aliis
2474 4069 2639 4124 etiam
2688 4064 2821 4119 locis
2870 4077 2900 4116 a
2953 4059 3110 4114 nobis
3143 4055 3478 4126 expositum,

1902 4167 2202 4223 istiusmodi
2243 4166 2460 4219 nomina
2511 4176 2616 4215 non
2652 4155 2963 4228 partialiter
2994 4153 3060 4205 de
3102 4165 3209 4202 una
3239 4162 3306 4202 ex
3347 4145 3480 4199 Per~

1898 4262 2044 4316 sonis
2069 4258 2268 4314 divinis
2296 4255 2425 4319 dici,
2446 4254 2540 4308 sed
2570 4253 2638 4305 de
2667 4258 2776 4304 tota
2805 4247 3074 4316 plenaque
3101 4241 3314 4295 Deitate
3339 4255 3352 4302 ;
3381 4251 3481 4289 nec

1897 4369 2006 4407 non
2055 4349 2236 4406 omnia
2289 4349 2403 4402 hazc
2460 4347 2681 4401 nomina
2740 4337 3052 4398 communia
3099 4333 3200 4401 ipsi
3254 4330 3478 4385 attribui

1899 4445 2329 4516 imparticipate,
2383 4441 2435 4494 id
2496 4448 2580 4494 est
2640 4453 2745 4490 non
2800 4431 3128 4503 participata
3179 4423 3479 4480 secundum

1897 4537 2326 4601 attributionem,
2342 4533 2483 4588 sicut
2504 4545 2610 4584 una
2635 4528 2893 4591 Persona,
2911 4523 3004 4578 sed
3029 4520 3096 4574 ad
3121 4529 3481 4585 unamquam-

1895 4647 2002 4703 que
2045 4641 2102 4686 et
2146 4631 2211 4685 ad
2240 4639 2347 4683 tres
2398 4628 2450 4682 in
2499 4623 2796 4684 communi,
2829 4617 3094 4680 absolute,
3128 4613 3182 4666 id
3229 4621 3315 4665 est
3359 4608 3479 4661 sine

1896 4727 2002 4781 ulla
2035 4723 2380 4779 restrictione
2410 4721 2477 4775 ad
2519 4731 2683 4773 unam
2739 4714 3060 4772 Personam,
3093 4705 3173 4760 vel
3223 4704 3340 4759 sine
3377 4703 3480 4754 hac

1896 4823 1964 4874 ad
1993 4819 2180 4881 aliam,
2205 4815 2298 4870 sed
2332 4815 2450 4868 sine
2480 4807 2872 4872 reservatione,
2907 4801 2985 4856 uti
3018 4803 3086 4853 ad
3119 4811 3480 4864 unamquam-

1895 4926 2020 4978 que,
2051 4909 2130 4964 sic
2159 4909 2326 4963 etiam
2357 4905 2425 4958 ad
2460 4913 2571 4956 tres
2605 4902 2659 4953 in
2695 4894 3016 4959 communi;
3047 4899 3103 4946 et
3149 4887 3474 4948 universim,

1898 5012 2007 5055 tam
2035 5001 2101 5056 ad
2135 5008 2595 5068 unamquamque,
2635 5005 2798 5062 quam
2840 4987 3098 5042 universe
3149 4982 3216 5036 ad
3257 4994 3476 5036 omnem

1895 5095 2308 5149 universitatem
2340 5087 2642 5144 divinitatis
2666 5082 2881 5138 referri.
2909 5076 3212 5147 Siquidem,
3241 5081 3300 5125 ut
3344 5069 3474 5124 alibi

1895 5184 2262 5247 meminimus,
2283 5180 2375 5250 qui
2399 5180 2514 5234 haec
2536 5177 2722 5232 divina
2747 5171 2968 5228 nomina
2993 5178 3154 5240 negat
3175 5180 3296 5221 esse
3326 5177 3475 5217 com-

1895 5278 2099 5342 munia,
2133 5275 2387 5330 distrahit
2417 5271 2642 5328 omnino
2673 5266 2839 5336 impie
2875 5265 3138 5318 unitatem
3180 5255 3473 5311 adoranda:

1893 5369 2196 5424 Trinitatis.
2247 5367 2540 5422 Dicendum
2593 5364 2794 5431 itaque,
2827 5358 2879 5411 in
2934 5351 3242 5422 Evangeliis
3281 5363 3469 5401 vocem

1893 5464 2058 5535 329
2089 5464 2232 5518 illam
2267 5463 2428 5516 bonus
2468 5460 2534 5514 dc
2575 5457 2747 5510 tribus
2787 5450 2989 5507 divinis
3032 5445 3292 5501 Personis
3325 5442 3472 5495 acci-

1899 5559 2152 5627 piendam
2188 5569 2334 5622 esse;
2367 5569 2488 5609 nam
2522 5553 2723 5608 bonum
2762 5546 2999 5602 Verbum
3030 5543 3146 5596 ait:
3179 5542 3257 5592 Au
3283 5535 3468 5591 oculus

291 5873 404 5940 t55)
437 5870 570 5930 Vide
604 5869 824 5931 Scholia
852 5873 908 5932 S.
941 5873 1186 5943 Maxitu.,
1225 5882 1354 5932 tom.
1385 5873 1446 5942 ll,
1485 5889 1602 5945 cap.
1632 5872 1668 5925 2
1728 5871 1800 5928 De
1837 5872 2028 5930 divinis
2057 5870 2311 5925 nominib.
