3876 6226
438 337 544 420 5359

1605 363 1663 419 S.
1701 362 2002 420 DIONYSII
2038 361 2501 417 AREOPAGI'L‘E

3597 363 3711 417 660

440 495 562 538 tuus
594 499 814 554 nequam
842 491 942 551 est,
964 481 1089 547 quia
1120 498 1214 552 ego
1257 483 1422 536 bonus
1459 481 1658 535 sum“?
1703 490 1758 534 et
1798 496 2014 534 rursum

2126 481 2224 546 ρός
2247 481 2436 542 ἐστιν,
2483 479 2574 532 ὅτι
2618 479 2734 551 ἐγὼ
2769 483 2988 552 ἀγαθός
3011 484 3157 551 ειμι;
3208 482 3301 535 καὶ
3327 481 3490 537 πάλιν
3545 486 3710 557 παρὰ

438 577 580 646 apud
616 575 875 630 Davidem
914 574 962 628 in
994 573 1226 628 Psalmis
1251 573 1522 627 dicentem
1555 575 1866 640 reperitur:
1899 572 2019 639 Spi-

437 671 573 721 ritus
615 669 735 720 ttius
781 666 946 720 bonus
993 658 1214 718 deducet
1249 681 1329 718 nte
1373 666 1427 718 in“
1465 662 1603 717 viain
1642 663 1916 729 rectum";
1961 675 2017 720 et

440 763 660 824 iterum,
681 760 730 812 id
758 758 904 828 quod
928 759 995 811 ad
1029 757 1268 828 Moysem
1297 757 1499 812 dictum
1520 766 1637 811 est:
1663 756 1772 826 Ego
1791 748 1906 809 sum
1926 760 2015 828 qui

433 867 550 902 sum
574 861 614 902 ρ.
647 849 702 904 Si
737 851 786 903 id
833 849 1074 904 nonnulli
1113 849 1201 903 uni
1231 861 1479 917 persona:
1511 847 1791 903 ascribere
1824 849 2014 914 velint,

437 943 709 1010 quomodo
754 936 1096 1012 intelligent,
1151 956 1273 1010 qua:
1314 941 1367 994 in
1417 940 1748 1012 Apocalypsi
1792 939 2017 997 Joannis

435 1037 785 1107 evangelistte
815 1036 882 1091 de
915 1035 1078 1090 Patre
1116 1035 1260 1089 dicta
1294 1042 1457 1088 sunt:
1491 1033 1592 1099 Qui
1621 1043 1730 1100 est,
1762 1035 1852 1104 qui
1880 1045 2014 1100 erat,

432 1128 523 1192 qui
566 1140 814 1181 venturus
840 1137 914 1182 est
938 1128 1070 1180 4-1?
1111 1127 1177 1181 de
1212 1125 1349 1181 Filio
1383 1141 1513 1181 vero
1553 1128 1604 1180 in
1645 1126 1850 1182 Davide
1887 1145 1900 1182 :
1939 1127 2018 1181 Tu

432 1233 606 1274 autem
639 1221 775 1274 idem
808 1221 918 1290 ipse
949 1237 1002 1275 es
1022 1220 1084 1273 I?
1115 1220 1180 1274 de
1222 1229 1414 1274 sancto
1460 1233 1674 1288 quoque
1706 1218 1911 1286 Spiritu
1965 1219 2016 1272 in

433 1313 747 1384 Evangelil's
779 1331 793 1368 :
829 1312 1066 1381 Spiritus
1105 1311 1345 1366 veritatis
1381 1311 1471 1380 qui
1509 1323 1620 1374 est,
1656 1311 1748 1380 qui
1783 1328 1814 1364 a
1854 1308 2018 1366 Patre

430 1408 666 1476 procedit
691 1408 710 1443 ί
735 1407 758 1460 l
787 1407 852 1461 Et
881 1408 1114 1461 observa
1139 1445 1155 1469 ,
1185 1405 1462 1475 quomodo
1513 1403 1632 1459 haec
1675 1404 1821 1458 dicat
1864 1419 2022 1458 usur-

433 1490 586 1569 jnri;
639 1495 784 1554 nunc
843 1497 988 1555 enim
1043 1513 1150 1553 non
1202 1498 1274 1552 ita
1324 1496 1522 1552 fertur.
1574 1497 1641 1551 Et
1693 1512 1908 1552 rursum
1952 1497 2020 1551 de

431 1588 566 1656 vita,
616 1588 720 1644 nisi
767 1590 882 1644 bzec
924 1590 992 1644 de
1023 1583 1198 1642 tribus
1241 1587 1497 1657 personis
1534 1586 1677 1642 dicta
1721 1587 1852 1649 sint,
1885 1601 2017 1656 quo-

435 1683 600 1737 modo
629 1681 684 1736 in
718 1681 921 1736 divinis
965 1679 1278 1750 Evangeliis
1325 1680 1619 1750 reperitur,
1659 1682 1838 1748 quod,
1885 1679 2018 1732 sicut

438 1764 600 1828 Pater
622 1775 846 1827 suscitat
874 1782 1114 1825 mortuos
1143 1781 1193 1825 et
1216 1771 1470 1839 'uiviﬁcat,
1497 1774 1572 1825 sic
1597 1781 1645 1826 et
1678 1770 1855 1826 Filius
1890 1789 2018 1842 quos

2115 570 2194 641 τῷ
2219 571 2382 625 sum
2409 571 2656 643 εὓρηται,
2685 573 2912 642 λέγοντιο
2950 574 3018 628 Τὸ
3047 575 3294 645 Πνεῦμα
3317 593 3435 630 σου
3456 575 3525 629 τὸ
3554 578 3709 647 ἁνα-

2119 666 2226 719 θὸν
2252 665 2541 735 ὁδηγήσει
2561 685 2638 737 με
2664 668 2733 720 ἐν
2757 666 2832 735 τῇ
2867 667 3067 736 εὐθείᾳ
3086 685 3098 697 ·
3131 670 3224 741 καὶ
3251 661 3412 722 πᾶλιν
3457 670 3519 723 τὸ
3566 671 3712 740 πρὸς

2117 757 2323 830 Μωσῆν
2367 760 2656 830 εἰρημένον
2680 776 2692 787 ·
2753 759 2898 828 Ἐγώ
2933 761 3048 828 ειμι
3075 762 3108 813 ό
3135 760 3239 813 ὧν.
3281 760 3404 814 Ἐὰν
3435 763 3714 832 περιγρα-

2116 848 2215 917 ψαι
2239 849 2503 919 θελήσωσί
2545 868 2688 916 τινες
2713 851 2771 904 ἐν
2798 852 2878 904 ἑνὶ
2906 851 3200 923 προσώπῳ,
3231 853 3347 916 πῶς
3376 853 3711 906 ἀκούσονται

2119 942 2247 1012 ’περὶ¹
2297 941 2398 1012 μὲν
2443 944 2536 997 τοῦ
2576 946 2789 1016 Πατρὸς
2837 943 2906 998 τὰ
2948 947 3006 998 ὲν
3053 939 3119 1016 τῇ
3181 946 3551 1015 Ἀποκαλύψεί
3613 945 3710 997 τοῦ

2120 1033 2503 1102 εὐαγγελιστοῦ
2563 1038 2804 1091 Ἰωάννου
2833 1055 2844 1066 ·
2885 1038 2948 1090 '0
2972 1036 3077 1099 ὢν,
3110 1041 3142 1091 ό
3168 1038 3266 1106 ἦν,
3291 1041 3324 1092 ὁ
3346 1039 3713 1107 ἐρχόμενα·ςὶ

2121 1127 2248 1199 περὶ
2271 1127 2328 1180 δὲ
2352 1127 2446 1180 τοῦ
2474 1127 2606 1181 Υἱοῢ
2630 1129 2699 1181 τὰ
2724 1131 2782 1182 ὲν
2803 1129 2882 1200 τῷ
2916 1131 3078 1184 Δαυῖδ
3097 1148 3109 1160 ·
3142 1131 3226 1185 Σὺ
3253 1131 3320 1184 δὲ
3345 1135 3376 1185 ό
3407 1131 3598 1196 αὐτὸς
3622 1132 3713 1193 εἷς

2121 1220 2248 1290 περὶ
2273 1219 2330 1272 δὲ
2363 1219 2456 1273 τοῦ
2492 1222 2647 1289 ἁγίου
2676 1223 2989 1294 Πνεύματος
3018 1224 3086 1278 τὰ
3113 1227 3170 1277 ὲν
3194 1227 3306 1287 τοῖς
3339 1225 3500 1296 ἱεροῖς
3530 1225 3714 1292 Εὐαγ-

2118 1307 2338 1376 γελίοις·
2391 1311 2459 1364 Τὸ
2488 1310 2730 1380 Πνεῦμα
2766 1312 2876 1381 τῆς
2898 1314 3205 1381 ἀληθείας,
3247 1315 3310 1369 τὸ
3349 1314 3442 1378 ὃν,
3486 1315 3517 1368 ὃ
3546 1315 3714 1382 παρὰ

2121 1401 2227 1455 τοῦ
2271 1403 2500 1471 Harpe;
2525 1403 2947 1472 ἐκπορεύεται;
2994 1409 3104 1462 Καὶ
3157 1408 3353 1478 σκέψαι
3403 1409 3522 1472 πῶς
3573 1427 3714 1479 φησι

2117 1492 2218 1562 τὴν
2246 1492 2438 1564 χρῆσιν
2473 1485 2676 1565 ταύτην
2699 1510 2713 1524 ·
2742 1494 2862 1548 οὐδὲ
2900 1495 3007 1569 γὰρ
3035 1497 3258 1569 φέρεται
3285 1497 3425 1552 οὕτω
3450 1499 3569 1552 νῦν.
3602 1499 3715 1551 Καὶ

2120 1581 2283 1637 πάλιν
2331 1586 2459 1656 περὶ
2501 1586 2602 1656 τῆς
2649 1584 2828 1656 ζωῆς,
2872 1589 2920 1640 εί
2975 1588 3049 1659 μὴ
3099 1588 3194 1643 καὶ
3243 1589 3335 1643 ἐπὶ
3367 1593 3488 1654 ταῖς
3526 1590 3715 1661 τρισὶν

2121 1677 2452 1730 ὑποστάσεσι
2481 1677 2672 1749 ῥηθείη
2697 1718 2712 1741 ,
2757 1678 2874 1743 πῶς
2915 1679 2971 1732 ὲν
3009 1680 3121 1745 τοῖς
3151 1663 3316 1746 Θείοις
3349 1677 3715 1751 Εὑαγγελίοις

2121 1767 2350 1840 εὓρηται
2378 1808 2393 1832 ,
2439 1770 2521 1822 ὅτι
2544 1769 2747 1838 ὥσπερ
2776 1774 2808 1824 ό
2830 1757 3030 1840 Πατὴρ
3055 1775 3269 1843 ἐγείρει
3306 1773 3402 1828 καὶ
3442 1775 3724 1835 ζωοποιεῖ

433 1866 544 1918 vult
574 1865 804 1933 viviﬁcat
832 1865 895 1918 ‘1?
923 1864 990 1920 Et
1018 1864 1148 1918 illud
1182 1882 1196 1919 :
1233 1864 1464 1934 Spiritus
1487 1875 1563 1919 est
1594 1866 1682 1936 qui
1707 1867 1929 1934 viviﬁcat
1955 1867 2021 1920 *τ

2126 1860 2268 1926 τοὺς
2314 1860 2596 1928 νεκροὺς,
2645 1863 2798 1916 οὕτω
2826 1865 2920 1917 καὶ
2961 1868 2995 1918 ὁ
3044 1865 3176 1931 Υἱὸς
3218 1867 3325 1932 οὓς
3373 1864 3531 1921 θέλει
3581 1866 3719 1927 ζωο-

433 1955 588 2023 Lluod
621 1967 804 2013 autent
837 1972 1034 2014 nomen
1085 1953 1343 2012 Dominus
1390 1957 1556 2012 etiam
1598 1973 1887 2014 commune
1912 1959 2014 2025 sit,

433 2044 501 2104 de
527 2049 638 2104 Deo
667 2049 886 2120 quidem
911 2047 1002 2119 qui
1035 2049 1202 2104 Deum
1228 2050 1446 2119 genuit,
1479 2050 1595 2104 sive
1626 2050 1810 2118 Patre,
1856 2060 1910 2105 et
1949 2052 2016 2105 de

434 2137 546 2198 Deo
583 2144 673 2211 qui
704 2142 922 2213 genitus
950 2153 1062 2206 est,
1093 2143 1208 2198 sive
1231 2142 1392 2208 Filio,
1419 2137 1506 2198 vii:
1540 2143 1646 2198 dici
1676 2145 1846 2213 possit
1884 2158 2018 2213 quo-

435 2221 538 2290 ties
567 2234 798 2290 dicatur.
834 2232 975 2301 Quin
1019 2234 1183 2288 etiam
1217 2232 1458 2300 Spiritus
1499 2237 1720 2290 Sanctus
1759 2233 2018 2291 Dominus

432 2319 522 2381 est
554 2344 570 2381 :
599 2326 857 2381 similiter
886 2343 1104 2397 quoque
1135 2326 1447 2397 pulchrum,
1487 2335 1542 2380 et
1578 2326 1814 2395 sapiens,
1845 2336 1901 2382 et
1932 2325 2016 2380 lu-

435 2414 582 2482 tncn,
615 2428 672 2474 et
700 2413 990 2481 deiﬁcum,
1033 2429 1090 2474 et
1133 2433 1323 2475 causa.
1357 2418 1575 2480 Omnia,
1619 2419 1860 2488 inquam,
1904 2418 2019 2474 haec

435 2498 658 2566 nomina
705 2511 1018 2566 summatim
1070 2511 1138 2565 de
1180 2508 1293 2566 tota
1342 2510 1553 2564 Deitate
1609 2511 2015 2578 praedicantur,

429 2603 586 2676 juxta
620 2595 748 2657 illud
777 2618 790 2655 :
819 2603 1010 2657 Omnia
1034 2599 1098 2656 ex
1124 2602 1232 2656 Deo
1263 2606 1385 2656 sunt
1406 2615 1431 2643 ι
1456 2642 1471 2668 ,
1502 2613 1557 2657 ει
1585 2599 1830 2656 diffusius
1852 2603 2019 2656 etiam

435 2697 505 2750 de
539 2695 768 2765 singulis
798 2693 1083 2750 Personis.
1125 2703 1185 2748 ιιι
1215 2709 1338 2748 cum
1381 2695 1447 2748 de
1486 2693 1595 2748 Deo
1626 2691 1847 2762 quidem
1883 2691 2020 2746 Filio

432 2785 568 2844 tllcit
592 2807 607 2843 :
646 2788 837 2844 Om‘nia
861 2792 954 2857 pe'r
977 2788 1145 2856 ipsum
1170 2799 1215 2840 et
1240 2787 1292 2840 in
1320 2787 1430 2855 ipso
1463 2787 1603 2856 facta
1631 2793 1751 2838 sunt
1772 2791 1824 2848 1,
1845 2791 1897 2838 et
1919 2799 1932 2836 :
1952 2781 2015 2840 In

435 2883 548 2949 ipso
573 2889 764 2935 cuncta
795 2879 1085 2933 consistunt
1109 2888 1154 2935 ι.
1204 2877 1317 2932 Hoc
1363 2878 1509 2931 enim
1541 2892 1733 2930 omnes
1779 2875 2022 2930 referunt

433 2968 505 3032 ad
532 2975 770 3031 Verbum
812 2976 956 3046 quod
987 2985 1161 3031 creat.
1191 2975 1266 3030 De
1297 2975 1503 3044 Spiritu
1540 2983 1722 3028 autem
1757 2994 1767 3028 :
1802 2972 2020 3026 Emittes

436 3067 700 3138 Spiritum
747 3078 938 3133 tuum,
975 3080 1024 3120 et
1063 3069 1383 3120 creabantur
1406 3078 1455 3120 ι.
1504 3065 1570 3119 Εῑ
1613 3075 1666 3118 ut
1703 3064 2021 3134 compendio

437 3163 561 3231 quis
598 3162 766 3226 dicat,
819 3161 1052 3230 ipsemet
1107 3160 1368 3214 Dominus
1408 3159 1546 3212 dixit
1590 3175 1605 3212 :
1654 3153 1847 3211 Omnia
1904 3174 2022 3228 qua!

2120 1952 2310 2016 ποιεῖ;
2357 1953 2450 2006 καὶ
2481 1953 2574 2005 τό·
2607 1953 2850 2023 Πνεῦμά
2894 1953 3025 2009 ἐστι
3064 1958 3128 2010 τὸ
3175 1952 3530 2023 ζωοεὲοιοῦ·ν;
3593 1961 3719 2013 ’Ὁτι

2119 2045 2174 2098 δὲ
2207 2047 2302 2100 καὶ
2335 2047 2399 2099 τὸ
2423 2047 2640 2112 Κύριος
2668 2049 2843 2102 κοινόν
2869 2050 2986 2102 ἐστι
3007 2090 3021 2113 ,
3050 2051 3177 2122 περὶ
3207 2052 3304 2122 μὲν
3327 2052 3428 2122 τῆς
3455 2053 3715 2120 Θεογόνου

2120 2137 2372 2209 θεότητος
2409 2139 2504 2192 τοῦ
2552 2141 2784 2212 Πατρὸς,
2837 2141 2869 2212 ἢ
2910 2141 3010 2211 τῆς
3057 2140 3278 2213 υἱικῆς,
3324 2143 3571 2215 δηλονότι
3619 2145 3715 2196 τοῦ

2121 2230 2285 2294 Υἱοῦ,
2345 2232 2454 2285 οὐδ’
2501 2232 2647 2286 ἔστιν
2707 2235 2882 2287 εἰπεῖν
2948 2235 3202 2306 ποσαχῶς
3252 2232 3492 2304 λέγεται.
3547 2237 3719 2290 Ἀλλὰ

2121 2324 2215 2376 καὶ
2262 2323 2465 2396 Κύριος
2489 2325 2550 2378 τὸ
2581 2325 2806 2397 Πνεῦμα
2832 2328 3012 2380 ἐστιν’
3046 2329 3246 2399 ὁμοίως
3287 2329 3381 2382 καὶ
3419 2309 3482 2382 τὸ
3521 2310 3713 2392 καῖον,

2122 2415 2216 2468 καὶ
2252 2415 2312 2467 τὸ
2352 2415 2534 2484 σοφὸν,
2574 2419 2670 2469 καὶ
2702 2417 2763 2470 τὸ
2803 2418 2920 2487 φῶς
2947 2458 2962 2484 ,
2999 2416 3093 2472 καὶ
3134 2420 3198 2472 τὸ
3237 2420 3502 2482 θεοποιδν,
3527 2422 3718 2474 καὶτὸ

2121 2505 2311 2560 αἴτιον.
2345 2508 2532 2561 Πάντα
2560 2508 2735 2563 ταῦτα
2764 2511 2858 2563 καὶ
2886 2511 3300 2582 περιληπτικῶς
3332 2513 3425 2564 ἐπὶ
3453 2512 3554 2581 τῆς
3583 2513 3716 2584 ὅλης

2123 2597 2375 2669 θεότητος
2402 2640 2416 2663 ,
2450 2599 2593 2652 κατὰ
2632 2600 2724 2652 τό·
2764 2600 2839 2654 Τὰ
2881 2600 3078 2653 πάντα
3117 2601 3185 2654 ἐκ
3227 2601 3333 2655 τοῦ
3369 2603 3516 2655 Θεοῦ
3541 2603 3716 2660 ἐστι,

2121 2690 2216 2742 καὶ
2263 2689 2572 2755 διεξοδικῶς
2629 2693 2722 2746 ἐπὶ
2759 2695 2858 2764 μιᾷ
2902 2695 3108 2766 ἑκάστῃ
3157 2693 3265 2746 τῶν
3303 2693 3713 2758 Ὑποστὰσεων,

2123 2783 2216 2836 ἐπὶ
2252 2784 2349 2854 μὲν
2376 2784 2468 2838 τοῦ
2499 2786 2630 2840 Υἱοῦ
2661 2787 2750 2840 ὅτε
2778 2789 2942 2860 φησί’
2981 2789 3055 2842 Τὰ
3080 2787 3274 2842 πάντα
3296 2787 3371 2842 δι’
3399 2789 3590 2843 αὐτοῦ
3616 2791 3716 2842 καὶ

2122 2877 2210 2940 εἰς
2224 2877 2714 2941 αὺτὸνὲκτισται,
2745 2880 2840 2932 καὶ
2867 2880 2937 2932 ἐν
2959 2877 3120 2944 αὐτῷ
3146 2879 3490 2949 συνέστηκε
3507 2898 3522 2910 °
3554 2873 3720 2934 10910

2123 2967 2234 3040 γὰρ
2281 2971 2361 3033 είς
2403 2969 2496 3022 τὸν
2535 2970 2928 3042 δημιουργικὸν
2981 2972 3154 3040 Λόγον
3198 2972 3448 3040 ἐδέξαντο
3488 2973 3714 3038 πάντες.

2137 3060 2261 3113 Ἐπὶ
2299 3060 2355 3113 δὲ
2395 3059 2488 3114 τοῦ
2533 3063 2688 3131 ἁγίου
2729 3063 3047 3134 Πνεύματος
3070 3081 3083 3093 ·
3143 3064 3612 3132 Ἐξαποστελεῖς
3653 3065 3718 3119 τὸ

2127 3153 2370 3222 Πνεῦμά
2409 3172 2550 3218 σου,
2595 3157 2691 3209 καὶ
2729 3156 3179 3223 κτισθήσονται.
3227 3159 3339 3211 Καὶ
3383 3159 3470 3211 ἵνα
3520 3159 3722 3230 συλλη-

436 3225 588 3306 Ιιαὸει
617 3225 779 3304 Pater
806 3225 923 3304 mea
949 3261 1068 3305 sunt
1089 3250 1116 3290 ι)
1135 3291 1152 3317 ,
1175 3261 1264 3304 et:
1305 3250 1494 3303 Omnia
1521 3265 1634 3302 mea
1670 3259 1758 3301 tua
1796 3225 1939 3313 sunt,
1973 3258 2020 3300 et

2128 3246 2339 3311 πτικῶς
2370 3247 2515 3301 εἴποι
2541 3267 2625 3313 τις
2645 3287 2660 3312 ,
2687 3249 2848 3314 αὐτὸς
2883 3252 2911 3302 ὁ
2951 3250 3153 3321 Κύριος
3191 3251 3292 3322 ἔφη
3314 3268 3328 3281 '
3369 3250 3576 3305 Πάντα
3601 3225 3721 3306 ὅσα

433 3346 530 3398 tua
561 3361 676 3398 mea
700 3355 821 3398 sunt
841 3354 888 3397 α.
919 3343 1307 3398 Verumtamen
1355 3347 1468 3396 ltwc
1524 3343 1690 3396 etiam
1742 3343 2024 3397 sanctissi-

434 3431 529 3492 tuo
587 3437 816 3508 Spiritui
886 3452 987 3508 per
1051 3435 1595 3490 communicationem
1660 3435 2024 3505 unionemque

431 3531 707 3604 attribuit.
781 3529 1040 3599 Quaenam
1100 3524 1248 3583 haec?
1323 3527 1545 3583 Dlvinas
1619 3529 2022 3598 Operali'oucs,

437 3620 494 3677 id
540 3632 624 3676 est
693 3621 994 3689 miracula,
1045 3623 1201 3692 ju'xta
1245 3621 1422 3676 illud:
1469 3619 1530 3676 Si
1577 3638 1670 3691 ego
1715 3623 1768 3674 in
1821 3620 2025 3689 Spiritu

436 3710 538 3768 Dei
571 3714 728 3785 ejicio
774 3715 1038 3770 dwmonia
1059 3715 1110 3770 ἀ.
1154 3716 1606 3781 Venerationem,
1645 3714 1800 3784 ju'xta
1850 3716 2021 3769 illud:

445 3806 551 3870 Qui
584 3822 704 3859 vero
739 3806 1171 3876 blasphemaverit
1214 3808 1269 3860 in
1315 3806 1572 3877 Spiritum
1613 3820 1876 3873 sanctum,
1922 3827 2026 3864 non

439 3894 738 3952 remittetur
757 3900 804 3952 ei
821 3913 863 3954 ο.
900 3898 1126 3953 Fontem
1155 3908 1210 3952 et
1239 3899 1674 3954 distributionem
1705 3903 2025 3971 gratiarum,

436 3981 593 4055 juxta
628 3987 796 4041 illud:
827 3988 1103 4056 Accipietis
1144 3988 1391 4040 virtutem
1434 4003 1498 4040 ea:
1540 3987 1649 4041 alto
1674 3986 1722 4050 ί,
1770 4003 2026 4054 superve-

449 4080 632 4133 niente
658 4079 862 4148 Spiritu
893 4087 1106 4133 sancto.
1138 4078 1217 4132 Ac
1249 4078 1522 4133 neminem
1553 4079 1812 4132 existimo
1835 4083 2024 4132 eorum

445 4173 540 4240 qui
577 4171 877 4240 Scripturis
919 4171 1340 4239 haudquaquam
1371 4184 1626 4238 perverse
1653 4179 1780 4224 sunt
1812 4171 2026 4235 imbuti,

444 4275 795 4336 negaturum,
830 4263 962 4332 quin
1016 4262 1320 4318 istiusmodi
1355 4263 1602 4320 nomina.
1639 4271 1747 4315 tam
1787 4261 1841 4314 in
1877 4277 2028 4316 com-

2123 3340 2247 3408 ἔχει
2285 3344 2318 3394 ό
2358 3341 2592 3409 Παῖὴρ,
2643 3343 2754 3412 ἐμά
2789 3343 3075 3408 ἐστι,κα.ὶ,
3121 3343 3323 3396 Πάντα
3367 3344 3438 3398 τὰ
3478 3345 3594 3414 ἐμὰ
3639 3344 3723 3398 σά

2123 3431 2276 3497 ἐστι,
2305 3435 2501 3488 καὶτὰ
2539 3437 2652 3500 σὰ,
2693 3437 2823 3506 ἐμά.
2866 3436 3014 3510 Πλὴν
3069 3438 3397 3501 κοινωνικῶς
3436 3437 3532 3490 καὶ
3573 3439 3723 3506 ἡνω-

2129 3523 2306 3593 μένως
2360 3527 2454 3580 καὶ
2516 3523 2595 3597 τῷ
2652 3529 2903 3598 παναγίῳ
2956 3529 3252 3599 Πνεύματι.
3311 3529 3445 3581 Τίνα
3499 3527 3721 3590 ταῦτα;

2125 3615 2192 3666 Αἱ
2231 3615 2542 3687 θεουργίαι,
2577 3619 2817 3689 δηλονότι
2866 3620 2933 3673 τὰ
2970 3619 3252 3692 θαύματα,
3284 3620 3359 3684 ὡς
3401 3620 3495 3672 τό·
3537 3623 3614 3673 Et
3655 3604 3725 3673 δὲ

2126 3706 2241 3775 ἐγὼ
2286 3708 2358 3760 ἐν
2411 3709 2710 3778 Πνεύματι
2764 3701 2912 3764 θεοῦ
2962 3709 3234 3763 ἐκϐάλλω
3284 3709 3357 3762 τὰ
3407 3708 3710 3777 δαιμόνια.

2128 3797 2202 3850 Τὸ
2229 3797 2425 3862 σέϐας,
2463 3798 2540 3862 ὼς
2577 3800 2637 3852 τό
2660 3816 2674 3829 ⁸
2735 3798 2816 3864 Τῷ
2865 3799 2933 3852 δὲ
2967 3803 3054 3866 εἷς
3080 3802 3145 3853 τὸ
3184 3799 3426 3869 Πνεῦμα
3452 3799 3518 3852 τὸ
3547 3800 3726 3869 ἅγιον

2124 3892 2646 3960 ,ϐλασφημήσαντι
2678 3895 2789 3946 οὐκ
2815 3893 3199 3962 ἀφεθήσεται.
3251 3893 3360 3963 Τὴν
3407 3892 3592 3964 πηγὴν
3631 3895 3726 3946 καὶ

2129 3985 2388 4056 διανομὴν
2413 3986 2520 4038 τῶν
2549 3987 2925 4057 χαρισμάτων,
2968 3986 3043 4050 ὡς
3080 3986 3175 4038 τό·
3210 3985 3494 4053 Aug-£605
3534 3985 3724 4038 εὐνα-

2125 4096 2231 4147 μιν
2277 4078 2346 4143 ἐξ
2396 4079 2632 4147 ὕψους,
2674 4078 2993 4142 ἐπελθόντος
3039 4077 3132 4130 τοῦ
3174 4078 3327 4146 ἁγίου
3379 4077 3724 4146 Πνεύματος.

2131 4168 2241 4221 Καὶ
2274 4168 2464 4221 οὐδένα
2488 4169 2596 4221 τῶν
2622 4169 2680 4220 ἐν
2705 4171 2826 4232 ταῖς
2863 4168 3036 4240 ἱεραῖς
3063 4168 3307 4240 Ι²ραφαῖς
3346 4166 3728 4236 ἁδιαστρόφως

2132 4260 2610 4332 ἐντεθραμμένων,
2650 4256 2802 4331 οἶμαι
2841 4260 3090 4331 ἀντερεῖν
3133 4260 3268 4331 πρὸς
3294 4257 3490 4322 ταῦτα,
3520 4260 3605 4312 ὅτι
3635 4261 3730 4312 καὶ

446 4353 600 4406 ιιιυηί
635 4367 797 4421 quam
834 4351 889 4405 in
935 4349 1280 4418 parti'culari,
1328 4350 1629 4403 secundum
1678 4349 1947 4402 rationem
1977 4358 2021 4403 el

2132 4355 2326 4418 κοινῶς
2359 4355 2450 4406 καὶ
2493 4354 2598 4424 ἰδίᾳ
2636 4353 2708 4406 τὰ
2731 4352 2954 4406 τοιαῦτα
2977 4352 3216 4423 ὀνόματα
3251 4351 3537 4424 πρόσεισι,
3584 4353 3730 4406 κατὰ

445 4461 668 4500 causam
692 4445 860 4500 lnsint
887 4443 1141 4498 omnibus
1163 4440 1415 4510 personis
1446 4439 1668 4502 divinis,
1698 4439 1771 4492 ita
1797 4448 1855 4492 ut
1884 4453 2029 4506 qua:-

2131 4449 2225 4501 τὸν
2261 4448 2416 4515 λόγον
2458 4448 2552 4500 καὶ
2577 4446 2676 4517 τὴν
2703 4447 2903 4510 αἰτίαν,
2947 4446 3030 4499 ὅτι
3070 4445 3303 4498 ἕκαστον
3346 4444 3456 4496 τῶν
3501 4445 3728 4516 θεαρχι-

445 4540 580 4592 libet
621 4539 692 4593 sit
741 4539 1021 4608 perfectus
1058 4536 1222 4598 lleus,
1268 4545 1324 4589 et
1370 4546 1588 4588 rursum
1632 4541 1824 4587 onm‘cs
1869 4531 2021 4602 330

2135 4533 2247 4587 κῶν
2291 4535 2496 4597 τέλειος
2538 4534 2704 4598 Θεὸς,
2735 4530 2829 4586 καὶ
2874 4534 2944 4586 τὰ
2975 4535 3103 4605 τρία
3139 4533 3298 4587 πάλιν
3343 4529 3423 4598 εἷς
3463 4534 3600 4598 Θεὸς
3639 4536 3728 4588 τὲ-

450 4643 564 4685 tres
593 4631 704 4685 sint
730 4646 872 4685 unus
907 4629 1189 4699 perfectus
1223 4629 1388 4683 Deus.
1420 4626 1554 4682 Cum
1589 4627 1756 4696 igitur
1780 4627 1895 4679 haec
1929 4627 2030 4678 int-

449 4722 864 4778 uraesentiarum
897 4721 1115 4789 quidem
1166 4719 1427 4784 breviter,
1459 4717 1588 4771 alibi
1617 4728 1745 4771 vero
1780 4719 1914 4770 satis
1939 4717 2032 4770 de-

453 4812 606 4866 ﬁnita
649 4811 780 4877 sint,
826 4813 1195 4882 quodcuque
1226 4813 1441 4865 tandem
1477 4811 1745 4879 integrum
1778 4818 1833 4864 et
1879 4824 2030 4862 com-

2134 4625 2296 4689 λειος.
2339 4625 2556 4677 Τούτων
2589 4620 2681 4678 οὖν
2711 4625 2957 4696 βραχέως
3002 4625 3101 4695 μὲν
3141 4623 3407 4685 ἐνταῦθα,
3449 4625 3512 4676 ἐν
3549 4624 3732 4687 ἄλλοις

2137 4715 2195 4768 δὲ
2249 4715 2450 4778 ἱκανῶς
2495 4715 2894 4786 διωρισμένων,
2943 4717 3135 4768 ὁποίαν
3184 4715 3494 4785 θεωνυμίαν
3542 4715 3733 4786 ὁλικὴν

2137 4808 2234 4861 καὶ
2275 4807 2458 4878 κοινὴν
2493 4808 2997 4879 (ὑπεξαιρουμένης
3024 4809 3124 4878 τῆς
3163 4807 3298 4872 ἰδίας
3339 4809 3435 4860 καὶ
3485 4810 3731 4861 ὑποστα-

455 4914 621 4954 mune
679 4901 774 4956 Dei
841 4919 1034 4956 nomen
1092 4905 1365 4975 (excepto
1432 4902 1638 4957 scilicet
1703 4903 1919 4972 prOprio
1965 4910 2021 4955 .el

2136 4900 2349 4973 τικῆς),
2375 4900 2679 4966 ἀναπτύξαι
2705 4901 3119 4972 ἐγχειρήσομεν,
3149 4900 3343 4964 κοινῶς
3370 4899 3546 4972 αὐτὴν
3573 4902 3736 4974 ἐκλη-

459 4997 777 5066 personali)
833 4998 1110 5068 explicare
1172 4999 1582 5070 aggrediemur,
1647 4997 1698 5051 in
1755 4997 2027 5052 communi

461 5091 833 5160 accipiendum
864 5101 964 5146 est.

533 5181 561 5252 §
604 5181 666 5235 ll.
695 5180 752 5235 Si
785 5182 905 5250 quis
936 5192 1114 5238 autem
1147 5183 1408 5252 objec'erit
1439 5194 1538 5236 nos
1567 5183 1670 5236 hoc
1715 5182 1876 5236 modo
1908 5197 2036 5236 con-

2139 4995 2320 5047 πτέον.

2214 5173 2242 5245 §
2296 5177 2362 5227 11.
2423 5176 2487 5226 Εἰ
2541 5175 2599 5227 δέ
2649 5192 2731 5239 τις
2781 5174 2958 5239 είποι,
3011 5175 3094 5228 ὅτι
3157 5171 3419 5248 σύγχυσιν
3483 5177 3734 5232 ἐντεῦθεν

464 5273 733 5327 fusionem
766 5272 1136 5338 introducere,
1175 5282 1231 5327 et
1265 5274 1374 5326 Deo
1406 5281 1802 5340 competente":
1839 5272 2021 5327 Perso-

2141 5267 2441 5338 ποιούμεθα
2482 5269 2576 5322 καὶ
2622 5269 2926 5339 συγχέομεν
2977 5269 3077 5340 τὴν
3119 5270 3401 5342 θεοπρεπῆ
3447 5272 3595 5325 κατὰ
3637 5272 3731 5334 τὰς

466 5381 655 5419 narum
687 5366 1092 5422 distinctionem
1123 5366 1475 5430 confundere,
1501 5367 1642 5434 quod
1671 5381 1722 5422 v.
1751 5382 1803 5435 g.
1839 5381 2034 5421 nomen

465 5453 589 5514 Filii
617 5459 712 5516 Dei
754 5460 821 5514 de
863 5471 978 5515 tota
1010 5460 1304 5515 Diviuitale
1336 5460 1714 5528 przedicemus,
1749 5475 1844 5513 nos
1874 5472 2034 5528 puta-

544 5695 570 5721 ιι
605 5683 798 5740 Matth.
822 5686 1008 5750 xx,i5.
1085 5692 1110 5719 ο
1134 5682 1278 5740 Psal.
1312 5701 1475 5750 cxut,
1512 5684 1597 5739 10.
1677 5697 1704 5736 P
1729 5684 1900 5739 Exod.
1935 5697 2015 5744 nt,

2126 5722 2130 5734 .
2206 5692 2290 5731 «ιδ
2325 5680 2493 5746 Apoc.
2535 5698 2572 5742 ι,
2603 5681 2658 5734 4.

2013 5761 2036 5797 θ’
2064 5751 2218 5806 Boni.
2251 5769 2326 5813 ιιι,
2365 5751 2453 5802 δύ.
2534 5761 2553 5787 τ
2578 5751 2736 5822 Joan.
2768 5751 2885 5822 t,_3.
2960 5748 3152 5822 l‘I’sal.
3183 5761 3299 5810 cut,
3335 5745 3423 5800 50.
3508 5745 3538 5785 δ
3571 5747 3728 5802 Joan.

479 5749 683 5816 ft‘Joan.
714 5771 768 5816 v,
802 5749 906 5808 21.
972 5755 1171 5810 'Joan.
1204 5772 1287 5814 vt.
1312 5757 1400 5810 64.
1464 5749 1506 5792 γι
1536 5756 1551 5808 l
1577 5757 1699 5809 Cor.
1733 5773 1808 5816 XI,
1847 5755 1931 5806 1‘2.

2153 5360 2512 5423 ’Υποστάσεις
2539 5359 2822 5430 διαίρεσιν,
2874 5362 2955 5414 ὅτι
3002 5362 3102 5433 τὴν
3151 5361 3245 5414 ἐπὶ
3295 5361 3389 5414 τοῦ
3430 5362 3569 5416 Υίοῦ
3596 5363 3731 5415 θεω-

2141 5451 2339 5521 νυμίαν
2389 5451 2550 5521 τυχὸν
2615 5453 2708 5504 ἐπὶ
2741 5452 2940 5524 ’πάσης
2993 5453 3231 5524 φέρομεν
3285 5453 3386 5523 τῆς
3439 5453 3730 5525 θεότητος,

2738 5691 2759 5716 ε
2791 5677 2937 5734 Psal.
2968 5693 3039 5738 Cl,
3069 5676 3158 5730 28.
3243 5676 3258 5710 ⁸
3293 5673 3452 5728 Joan.
3488 5691 3559 5727 xv
3584 5715 3599 5736 ,
3645 5681 3729 5736 ΞΒ.

479 5811 1090 5892 t\1,t5.c'1oan.xm,
1124 5827 1211 5881 10.
1345 5827 1475 5882 Luc.
1510 5842 1584 5893 χι,
1615 5826 1703 5880 20.
1733 5811 1810 5906 Φέ
1846 5825 2013 5901 Marc.

2146 5823 2238 5878 29.
2277 5811 2354 5908 ﬁ"-
2376 5822 2497 5877 Act.
2533 5838 2570 5893 ι,
2601 5821 2654 5878 8.
