3876 6226
306 322 413 379 661

888 322 978 377 DE
1010 320 1273 380 DlVlNIS
1319 317 1723 387 NOMINIBUS,
1761 321 1915 377 CAP.
1950 322 2015 379 ll.
2058 354 2129 366 ---
2158 324 2504 382 PARAPHR.
2540 323 3012 384 PACHYMEIUE.

3477 331 3585 386 66%

305 439 477 512 ἡμεῖς
520 437 645 492 οὐδὲ
693 434 1147 509 ὑπολαμϐάνομεν
1189 436 1353 491 αὑτὸν
1405 433 1543 491 εῖναι
1595 439 1776 491 ἱκανὸν
1824 438 1882 491 εει

2010 453 2133 494 mus
2162 438 2338 509 ipsum
2370 456 2477 495 non
2524 442 2661 496 satis
2706 441 2940 510 probare
2967 455 3151 510 posse,
3194 456 3254 497 se
3283 445 3438 500 nobis
3470 448 3585 502 haec

303 533 373 586 rb
426 530 675 596 πείθειν,
724 531 807 583 ὅτι
854 529 1029 601 ἀληθῆ
1074 529 1221 598 λέγει
1266 530 1303 584 ἀ
1351 528 1497 599 λέγει
1556 530 1678 583 καθ’
1719 529 1893 601 ἡμῶν.

303 622 376 677 El
406 622 505 693 μὲν
544 619 656 691 γὰρ
693 623 759 691 τῇ
799 619 922 692 θείᾳ.
961 620 1149 693 Γραφῇ
1192 620 1540 686 ἀνθίσταται,
1580 623 1769 694 πόρρω
1806 625 1900 678 καὶ

305 715 414 783 τῆς
456 712 734 785 ἡμετέρας
784 714 1104 783 φιλοσοφίας
1156 714 1345 768 ἔσται’
1390 716 1484 769 καὶ
1523 718 1572 768 εἰ
1615 716 1689 789 μὴ
1746 717 1897 787 μέλει

304 808 487 878 τούτῳ
514 807 625 861 τῶν
651 807 810 862 θείων
829 809 1059 880 Λογίων,
1084 808 1201 873 πῶς
1246 809 1313 863 ἂν
1363 810 1583 883 μελήσοι
1624 813 1754 882 ἡμῖν
1798 814 1897 885 τῆς

306 898 523 952 ἐκείνου
552 900 920 971 χειραγωγίας
958 902 1054 955 καὶ
1093 901 1471 968 διδασκαλίας;
1515 904 1576 956 El
1603 904 1660 957 δὲ
1685 904 1897 975 δέχεται

302 989 408 1060 τὴν
434 990 545 1045 τῶν
569 991 766 1060 λογίων
792 992 1048 1065 ἀλήθειαν
1068 1033 1083 1059 ,
1111 995 1272 1065 ἡμεῖς
1312 995 1494 1060 αὐτοῖς
1519 999 1631 1061 τοῖς
1673 997 1893 1067 λογίοις,

300 1082 385 1148 ὡς
411 1085 598 1139 κανόνι
633 1088 727 1140 καὶ
751 1088 892 1156 φωτὶ
918 1085 1221 1159 χρώμενοι,
1252 1088 1700 1161 ἀπολογησόμεθα
1724 1090 1895 1161 αὐτῷ,

303 1175 386 1239 ὡς
414 1177 447 1248 ὴ
475 1175 723 1245 θεολογία
744 1176 815 1230 τά
843 1177 941 1247 μὲν
968 1178 1074 1231 τῶν
1099 1180 1376 1250 ὀνομάτων
1397 1181 1689 1252 ἡνωμένως
1720 1200 1897 1255 παρα-

298 1266 541 1332 δίδωσιν,
569 1267 645 1333 ὡς
683 1270 745 1322 rb
780 1272 942 1336 Θεὸς,
973 1270 1034 1324 rb
1060 1270 1298 1341 ἀγαθὸς,
1340 1273 1431 1325 καὶ
1474 1272 1543 1326 τά
1586 1273 1777 1345 ὃμοια·
1827 1275 1896 1330 τὰ

296 1358 363 1410 δὲ
388 1358 819 1432 διακεκριμένως
842 1403 857 1427 ,
896 1363 971 1425 ὡς
997 1362 1057 1416 τὸ
1079 1362 1284 1431 Πατὴρ
1302 1404 1315 1426 ,
1343 1364 1403 1417 τὸ
1437 1366 1568 1431 Υἱὸς
1584 1405 1599 1429 ,
1624 1365 1685 1419 τὸ
1707 1366 1895 1421 Πνεῦ-

294 1468 422 1519 μα,
458 1452 519 1505 rb
552 1454 876 1523 γεννητὸν,
911 1454 972 1508 rb
1004 1454 1364 1527 ἀγέννητονῇ
1395 1455 1457 1509 τὸ
1490 1458 1854 1528 ἐκπορευτόν
1874 1475 1888 1488 ⁸

301 1545 402 1597 καὶ
428 1546 527 1616 οὐχ
556 1540 668 1600 οἷόν
710 1564 772 1599 τε
814 1546 938 1601 οὔτε
961 1548 1030 1602 τά
1066 1550 1319 1621 ἡνωμένα
1362 1551 1609 1623 διαιρεῖν,
1656 1551 1779 1606 οὔτε
1824 1552 1893 1607 τὰ

298 1636 700 1711 διακεκριμένα
729 1646 967 1713 συγχεῖν,
1000 1643 1135 1698 ἀλλά
1177 1644 1282 1717 χρὴ
1328 1647 1625 1718 ἑπομένους
1660 1652 1727 1720 τῇ
1777 1648 1893 1702 θεο-

300 1727 484 1801 λογίᾳ,
544 1734 827 1789 ἀνανεύειν
873 1737 967 1789 ἐπὶ
1011 1736 1111 1801 τάς
1149 1737 1299 1803 θείας
1340 1742 1703 1811 φωταγωγίας
1729 1760 1743 1774 '
1796 1744 1891 1797 καὶ

2003 532 2309 585 secundum
2336 534 2623 588 veritatem
2654 533 2914 603 objicere.
2959 532 3094 589 Nam
3127 534 3173 590 si
3202 535 3327 591 talis
3370 538 3442 594 sit
3488 541 3585 608 qui

2001 622 2222 677 omnino
2246 624 2418 679 sacris
2442 623 2665 680 Litteris
2711 625 2954 691 resistat,
2995 642 3025 681 a
3070 627 3415 700 philosophia
3442 645 3582 699 quo-

2001 727 2107 783 que
2160 724 2347 770 nostra
2396 717 2588 785 procul
2637 718 2929 772 admodum
2968 718 3147 775 aberit
3178 737 3193 774 :
3222 731 3280 776 et
3325 722 3431 777 nisi
3476 724 3580 793 ipsi

1999 822 2147 864 curm
2191 808 2304 864 sint
2352 810 2654 881 Scriptura:
2686 828 2881 881 sacrae,
2911 815 3187 884 quomodo
3238 816 3395 872 nobis
3438 832 3587 873 curae

2000 901 2108 956 erit
2159 910 2219 955 ut
2275 902 2455 973 ipsum
2517 904 2585 958 ad
2641 905 2927 962 scientiam
2976 907 3453 965 manudueamus?
3486 909 3583 965 Sin

1999 990 2353 1061 Eloquiorum
2412 994 2698 1050 veritatem
2756 996 3051 1063 admittat,
3110 1013 3213 1054 nos
3268 997 3584 1070 Scripturas

2000 1091 2257 1153 tanquam
2287 1087 2528 1157 regulam
2569 1086 2858 1159 lucemque
2887 1090 3210 1147 adhibentes
3233 1132 3249 1157 ,
3282 1093 3582 1163 responde-

2000 1176 2178 1234 bimus
2214 1179 2337 1250 ipsi,
2363 1182 2508 1252 quod
2538 1182 2808 1254 theologia
2829 1185 3087 1240 nonnulla
3111 1187 3331 1256 quidem
3359 1188 3581 1243 nomina

1998 1271 2148 1327 unite
2163 1272 2365 1339 tradat,
2386 1282 2445 1327 ut
2462 1273 2626 1340 Deus,
2646 1276 2836 1342 bonus,
2851 1277 3112 1332 etsimilia
3131 1295 3146 1347 ;
3165 1279 3423 1335 nonnulla
3443 1294 3577 1334 vero

1998 1360 2253 1418 distincte
2271 1378 2366 1419 seu
2392 1365 2630 1433 divisim,
2648 1378 2706 1421 ut
2722 1366 2909 1434 Pater,
2932 1366 3129 1434 Filius,
3150 1368 3405 1439 Spiritus,
3428 1370 3578 1439 geni—

1997 1466 2108 1511 tum
2127 1497 2144 1523 ,
2187 1459 2503 1529 ingenitum,
2528 1459 2813 1527 procedens
2834 1478 2855 1527 ;
2876 1457 3096 1516 etnefas
3109 1459 3181 1517 sit
3202 1457 3577 1516 velunitadis-

1996 1548 2246 1624 tinguere
2309 1550 2395 1609 vel
2435 1552 2690 1608 distincta
2720 1552 3091 1615 confundere,
3139 1553 3230 1609 sed
3275 1551 3576 1621 Scripturis

1996 1642 2318 1709 insistendo,
2353 1646 2423 1701 ad
2462 1646 2676 1701 divinas
2695 1660 2818 1702 esse
2843 1645 3231 1702 illustrationes
3270 1646 3573 1716 suspicien-

1995 1734 2148 1800 dum,
2175 1735 2434 1804 quoniam
2466 1736 2593 1793 inde
2614 1738 2827 1794 divinas
2847 1738 3257 1809 explanationes
3297 1739 3575 1808 accipien-

296 1824 415 1895 γὰρ
440 1824 653 1877 ἐκεῖθεν
680 1825 781 1889 τὰς
809 1825 1159 1892 διδασκαλίας
1186 1830 1588 1901 παραλαϐόντες
1614 1874 1628 1897 ,
1658 1835 1882 1889 σπεύσο-

1995 1831 2097 1891 tes,
2124 1840 2389 1880 conamur
2406 1828 2626 1882 easdem
2652 1835 2913 1899 tanquam
2933 1843 3196 1884 canonem
3216 1845 3311 1885 seu
3333 1828 3575 1899 regulam

301 1931 409 1984 μεν
436 1914 628 1988 ὥσπερ
651 1916 773 1970 τινά
803 1919 1001 1972 κανόνα
1024 1920 1229 1984 ταύτας
1254 1920 1540 1991 φυλάττειν
1580 1925 1674 1978 καὶ
1716 1927 1891 2000 ἀπλη-

296 2005 529 2073 θύντους
547 2049 561 2073 ,
590 2010 684 2063 καὶ
711 2010 1035 2081 ἀμειώτους,
1062 2012 1220 2066 τοῦτο
1245 2013 1353 2085 γάρ
1379 2016 1496 2068 ἐστι
1532 2016 1626 2069 τοῦ
1666 2019 1889 2086 κανόνος

293 2100 363 2153 rb
401 2100 553 2166 ἴδιον,
600 2101 662 2155 rb
708 2103 869 2157 πλέον
892 2104 950 2158 δὲ
978 2107 1445 2178 ἀπεριτρέπτους,
1496 2112 1889 2183 φρουρούμενοι

300 2194 407 2263 μὲν
450 2196 510 2248 ὲν
553 2198 621 2266 τῇ
651 2200 867 2269 φρουρᾷ
890 2199 1001 2252 τῶν
1028 2200 1223 2269 λογίων
1243 2240 1257 2265 ,
1286 2202 1681 2275 δυναμούμενοι
1704 2207 1781 2273 δὲ,
1810 2209 1888 2273 είς

294 2284 462 2339 τοῦτο
487 2287 553 2359 δὴ
578 2290 640 2342 rb
667 2291 1021 2363 φρουρεῖσθαι
1047 2295 1105 2345 ὲν
1130 2293 1209 2364 τῷ
1235 2300 1490 2369 φρουρεῖν
1516 2299 1673 2354 αὑτά.

376 2378 406 2450 §
459 2380 551 2433 III.
613 2380 694 2434 Τά
744 2383 843 2453 μὲν
888 2380 982 2437 οὖν
1029 2387 1324 2457 ἡνωμένα,
1369 2389 1568 2463 δηλαδὴ
1615 2392 1716 2462 τῆς
1761 2393 1888 2466 ὅλης

296 2471 569 2544 Θεότητος
593 2513 609 2539 ,
640 2475 742 2546 τῆς
788 2477 1086 2551 Τριαδικῆς
1114 2483 1342 2553 μονάδος
1367 2525 1381 2548 ,
1407 2484 1485 2548 ὡς
1516 2487 1574 2538 ὲν
1597 2486 1775 2550 ἄλλοις
1808 2486 1886 2540 εῖ-

297 2581 499 2635 πομεν,
553 2568 671 2622 ἐστὶ
713 2569 773 2622 rb
799 2571 1194 2642 ὑπεράταθον,
1240 2578 1334 2631 καὶ¹
1368 2577 1569 2642 τᾶλλα,
1603 2580 1885 2652 προσλαμ-

295 2655 609 2731 ϐανομένης
670 2660 774 2730 τῆς
829 2662 984 2731 ὑπὲρ
1034 2665 1374 2737 προθέσεως,
1427 2668 1463 2722 ἃ
1516 2668 1579 2740 δὴ
1629 2670 1722 2723 καὶ
1786 2672 1885 2742 τῆς

297 2748 639 2822 ὓπεροχικῆς
681 2752 1027 2826 ἀφαιρέσεως
1067 2754 1254 2826 λέγει·
1301 2760 1732 2832 άφαιρεματικὸν
1777 2765 1885 2837 γὰρ

294 2839 396 2892 καὶ
420 2838 480 2893 rb
506 2840 829 2908 ἀθάνατον,
864 2846 960 2899 καὶ
984 2847 1045 2900 τὸ
1080 2848 1386 2912 ἅκτιστον,
1416 2851 1551 2906 ἀλλά
1581 2855 1722 2909 κατὰ
1751 2857 1885 2910 ἀπό-

295 2947 486 2999 φασιν.
553 2932 1017 3008 Ἀφαιρεματικὸν
1060 2941 1154 2993 καὶ
1196 2942 1258 2994 τὸ
1309 2942 1714 3015 ὺπεράγαθων·⁸
1764 2948 1883 3002 οὐδὲ

292 3023 409 3096 γὰρ
442 3025 631 3091 ἀπλῶς
659 3028 864 3097 ἀγαθὸν
894 3032 988 3085 καὶ
1024 3033 1205 3103 σοφὸν,
1232 3034 1348 3087 ἀλλ’
1389 3037 1532 3109 ὑπὲρ
1570 3038 1742 3094 ταῦτα
1789 3045 1883 3097 καὶ

285 3117 684 3190 ὰσυγκρίτως,
737 3125 828 3177 καὶ
851 3124 940 3179 διὰ
971 3126 1131 3180 τοῦτο
1180 3128 1525 3202 ύπεροχικῶς
1574 3134 1672 3205 τὴν
1723 3136 1883 3205 ἀφαί-

1909 3170 1954 3231 C

1992 1916 2307 1986 observare,
2340 1920 2479 1973 nihil
2508 1921 2789 1991 addendo,
2816 1921 2952 1976 nihil
2976 1921 3267 1988 demendo,
3301 1922 3405 1976 hoc
3428 1920 3576 1974 enim

1992 2009 2274 2079 proprium
2302 2018 2387 2064 est
2418 2011 2652 2081 regulae;
2680 2021 2735 2067 et
2761 2012 2907 2081 quod
2938 2013 3113 2082 magis
3152 2021 3255 2076 est,
3292 2012 3421 2065 dum
3451 2010 3574 2078 qui-

1991 2099 2112 2153 dem
2152 2101 2271 2157 illas
2300 2102 2590 2158 inviolatas
2617 2105 2973 2169 custodimus,
3008 2102 3415 2173 Scripturarum
3466 2103 3571 2173 ipsi

1992 2192 2238 2246 custodia
2268 2208 2588 2263 servamur;
2620 2194 2747 2249 dum
2776 2210 2904 2250 vero
2937 2195 3011 2249 ita
3044 2210 3349 2259 servantur,
3381 2201 3573 2264 poten-

1993 2284 2162 2337 tiores
2189 2284 2473 2340 evadimus
2504 2286 2571 2339 ad
2600 2288 2815 2342 easdem
2846 2286 3258 2344 custodiendas.

2066 2375 2093 2447 §
2136 2374 2224 2432 ΠΙ.
2260 2378 2492 2435 Nomina
2530 2380 2695 2451 igitur
2728 2381 2901 2447 unita,
2930 2382 3141 2438 scilicet
3190 2385 3358 2439 totius
3384 2385 3571 2440 Deita-

1994 2467 2279 2534 tis,Trina:
2309 2471 2558 2539 unitatis,
2592 2473 2735 2528 sicut
2768 2474 2896 2528 alibi
2930 2474 3192 2544 diximus,
3216 2486 3346 2532 sunt
3376 2494 3569 2549 supra-

1989 2578 2147 2631 quam
2179 2561 2397 2628 bonum,
2442 2572 2498 2618 et
2527 2575 2727 2619 canora
2750 2604 2766 2630 ,
2797 2567 2999 2636 quibus
3045 2569 3357 2638 praepositio
3410 2586 3571 2633 supra

1988 2656 2344 2725 praeponitur,
2376 2669 2501 2725 quae
2538 2666 2699 2711 vocat
2738 2658 3035 2714 ablationis
3066 2661 3362 2716 secundum
3404 2677 3569 2717 exsu-

1989 2746 2323 2813 perantiam;
2366 2746 2635 2816 siquidem
2668 2748 2835 2803 etiam
2888 2749 3186 2803 ablativum
3231 2761 3316 2806 est
3368 2767 3567 2808 nomen

1987 2837 2283 2893 immortale
2322 2846 2379 2892 et
2415 2839 2704 2893 increatum
2727 2880 2742 2907 ,
2770 2839 2864 2895 sed
2895 2842 3193 2895 secundum
3242 2842 3569 2898 allirmatio-

1986 2945 2130 2985 nem.
2203 2929 2513 2985 Ablativum
2574 2932 2743 2987 etiam
2805 2940 2895 2986 est
2965 2949 3285 3003 supraquam
3339 2936 3570 3002 bonum;

1986 3037 2091 3077 non
2122 3024 2266 3079 enim
2306 3024 2631 3095 simpliciter
2659 3026 2858 3080 bonum
2889 3035 2944 3080 et
2975 3026 3215 3095 sapiens,
3256 3029 3351 3082 sed
3398 3044 3565 3097 supra

1987 3116 2104 3170 haec
2126 3157 2140 3180 ,
2166 3125 2222 3169 et
2251 3119 2373 3171 sine
2419 3119 2856 3186 comparatione,
2889 3128 2940 3174 et
2984 3117 3192 3173 idcirco
3238 3121 3567 3190 superlative

290 3225 451 3279 -ρεσιν
495 3212 713 3283 έχουσι·
748 3217 868 3287 μεθ’
891 3210 966 3273 ὧν
1010 3220 1116 3273 εἰσι
1160 3223 1254 3275 καὶ
1292 3224 1360 3277 τὰ
1408 3226 1773 3296 αἰτιολογικά·
1817 3230 1879 3283 τὸ

1989 3207 2311 3262 oblationem
2357 3208 2662 3274 continent,
2700 3209 2895 3278 quibus
2927 3211 3355 3267 adnumerantur
3382 3214 3566 3267 omnia

290 3300 405 3373 γὰρ
432 3300 675 3371 ἀγαθὸν,
704 3308 799 3361 καὶ
822 3308 883 3361 rb
912 3311 1124 3375 καλὸν,
1155 3314 1249 3367 καὶ
1288 3314 1349 3368 τὸ
1380 3313 1468 3378 ὃν,
1494 3318 1576 3370 ὅτι
1616 3318 1678 3371 rb
1718 3319 1873 3373 Θεῖον

294 3392 572 3464 ὑπέστησε
624 3395 795 3460 καλὰ,
834 3400 928 3452 καὶ
971 3400 1121 3465 ὄντα,
1171 3406 1264 3458 καὶ
1314 3406 1527 3474 ἀγαθὰ,
1556 3411 1619 3462 ἐκ
1659 3410 1767 3464 τῶν
1798 3412 1879 3463 al-

288 3484 496 3538 τιατῶν
542 3487 683 3541 αὑτά
728 3491 1088 3562 ὀνομάζεται’
1141 3495 1313 3550 ταῦτα
1358 3499 1426 3552 τὰ
1472 3502 1743 3573 ἡνωμένα.
1799 3505 1879 3559 Τά

282 3575 351 3670 δέ
392 3577 786 3670 διακεκριμένα
807 3625 821 3649 ,
865 3585 925 3638 rb
971 3587 1293 3659 ύπερούσιον
1320 3591 1489 3663 ὄνομα
1516 3595 1611 3647 τοῦ
1643 3598 1876 3670 Πατρὸς,

289 3669 354 3718 rb
383 3667 705 3739 ὑπερούσιον
731 3673 901 3744 ὄνομα
926 3676 1018 3729 τοῦ
1046 3677 1177 3731 Υίοῦ
1197 3718 1213 3745 ,
1240 3681 1302 3733 τὸ
1347 3682 1668 3755 ὑπερούσιον
1708 3667 1878 3759 ὄνομα

289 3756 389 3809 τοῦ
417 3759 572 3827 ἁγίου
598 3762 915 3834 Πνεύματος
935 3783 949 3796 ·
981 3767 1107 3822 οὔτε
1144 3770 1253 3842 γὰρ
1281 3774 1611 3847 ἀντιστροφὴ
1654 3778 1718 3830 έκ
1749 3756 1877 3831 τού-

289 3866 405 3903 των
441 3850 684 3922 γίνεται,
730 3856 853 3911 οὔτε
876 3862 1140 3933 κοινότης.
1184 3864 1240 3917 Ὀ
1276 3864 1384 3938 γὰρ
1412 3867 1601 3939 Πατὴρ
1628 3870 1790 3936 Θεὸς,
1815 3873 1876 3925 οὐ

297 3942 407 4014 μὴν
434 3946 462 3997 ό
487 3945 621 4011 Θεὸς
646 3948 836 4023 Πατὴρ
880 3953 1090 4023 μόνως’
1121 3956 1214 4009 καὶ
1256 3957 1284 4008 ὁ
1330 3958 1457 4023 Tib;
1484 3960 1615 4024 Θεὸς
1640 4002 1653 4026 ,
1683 3964 1742 4015 οὐ
1772 3964 1878 4035 μὴν

280 4035 350 4090 δὲ
387 4040 481 4091 καὶ
505 4043 533 4093 ό
559 4041 693 4106 Θεὸς
720 4044 855 4110 Υἱὸς
884 4048 1060 4117 μόνως
1080 4066 1096 4079 ·
1139 4051 1340 4120 ὁμοίως
1364 4054 1456 4106 καὶ
1478 4054 1573 4107 ἐπὶ
1604 4056 1697 4108 τοῦ
1723 4058 1876 4126 ἁγίου

289 4128 390 4180 καὶ
433 4128 700 4193 ζωοποιοῦ
728 4135 1063 4207 Πνεύματος.
1116 4139 1362 4211 Εὕρηται
1392 4143 1485 4196 καὶ
1522 4144 1654 4216 άλλη
1699 4147 1879 4200 διακε-

288 4222 529 4295 κριμένη
557 4224 804 4295 θεολογία
852 4228 997 4293 ἰδίως
1023 4230 1115 4283 ἐπὶ
1139 4231 1234 4284 τοῦ
1275 4233 1479 4301 Κυρίου
1506 4233 1662 4304 ἡμῶν
1702 4236 1876 4308 Ίησοῦ

290 4312 533 4383 Χριστοῦ
579 4318 673 4371 καὶ
715 4318 873 4386 Θεοῦ,
917 4324 949 4393 ἡ
1002 4325 1189 4377 τούτου
1221 4324 1344 4379 καθ’
1371 4327 1517 4396 ἡμᾶς
1563 4326 1796 4400 ὕπαρξις
1840 4334 1873 4403 ἠ

288 4407 567 4479 παντελής
587 4426 600 4439 ’
635 4410 814 4482 σάρκα
840 4413 948 4485 γὰρ
976 4416 1337 4490 ἐψυχωμένην
1362 4417 1455 4469 καὶ
1485 4423 1677 4493 νοεράν
1709 4439 1877 4494 προσ-

1982 3314 2104 3367 quae
2146 3299 2212 3353 ad
2268 3300 2537 3355 rationem
2588 3316 2771 3356 causa:
2819 3303 3143 3371 pertinent;
3188 3319 3309 3357 nam
3351 3304 3562 3371 bonum,

1981 3400 2035 3446 et
2069 3392 2380 3459 pulchrum,
2417 3402 2472 3448 et
2500 3410 2623 3461 ens,
2667 3394 2925 3464 quoniam
2958 3393 3101 3450 Deus
3152 3411 3216 3451 ea
3264 3411 3385 3465 quae
3431 3408 3564 3452 sunt

1981 3483 2229 3553 pulchra,
2263 3493 2319 3538 et
2345 3485 2640 3549 exsistunt,
2675 3493 2729 3540 et
2750 3485 2891 3541 bona
2915 3494 3062 3549 sunt,
3081 3489 3464 3556 suppeditavit,
3492 3503 3562 3542 ex

1981 3572 2188 3629 en‘ectis
2219 3576 2335 3630 hate
2366 3575 2586 3630 nomina
2629 3576 2893 3642 sortitur;
2935 3590 3055 3645 quae
3079 3586 3206 3631 sunt
3236 3578 3410 3631 unita.
3443 3577 3560 3634 Dis-

1981 3676 2131 3722 creta
2190 3681 2323 3723 vero
2383 3675 2511 3722 sunt
2562 3682 2761 3723 nomen
2829 3668 3281 3737 superessentiale
3338 3669 3558 3731 Patris.

1979 3758 2138 3829 331
2174 3775 2374 3815 nomen
2408 3761 2869 3830 superessentiale
2911 3761 3056 3827 Filii,
3092 3777 3286 3817 nomen
3310 3776 3561 3833 superes-

1980 3850 2215 3906 sentiale
2245 3849 2489 3919 Spiritus
2513 3852 2725 3917 sancti;
2754 3867 2822 3906 ex
2848 3852 2933 3907 his
2962 3852 3107 3907 enim
3137 3853 3279 3907 nulla
3312 3852 3373 3908 lit
3421 3855 3560 3908 reci-

1980 3943 2248 4011 procatio,
2285 3943 2370 3999 vel
2400 3943 2854 4001 communicatio.
2879 3944 3040 4000 Pater
3073 3947 3220 4001 enim
3252 3947 3416 4017 Deus,
3446 3964 3557 4003 non

1983 4047 2162 4092 tamen
2213 4037 2359 4092 Deus
2403 4037 2578 4092 solum
2632 4037 2835 4106 Pater;
2884 4048 2942 4093 et
2989 4038 3163 4094 Filius
3212 4039 3389 4104 Deus,
3449 4057 3557 4095 non

1982 4141 2166 4186 tamen
2195 4129 2341 4185 Deus
2367 4132 2519 4187 solus
2554 4131 2760 4199 Filius;
2793 4132 3052 4189 similiter
3076 4135 3241 4190 etiam
3266 4134 3331 4190 de
3367 4144 3561 4189 saneto

1980 4231 2035 4277 et
2079 4222 2295 4277 viviﬁco
2343 4223 2573 4293 Spiritu.
2619 4223 2902 4280 Invenitur
2943 4226 3109 4280 etiam
3150 4226 3260 4280 alia
3307 4227 3559 4295 quaedam

1979 4315 2240 4371 distincta
2272 4317 2568 4388 theologia,
2608 4332 2729 4387 quae
2758 4319 2976 4387 propria
3001 4330 3086 4374 est
3115 4319 3342 4374 Domino
3371 4328 3561 4375 nostro

1979 4407 2108 4463 Jesu
2151 4408 2375 4464 Christo
2419 4424 2484 4464 ac
2531 4410 2663 4475 Deo,
2696 4411 2907 4465 scilicet
2938 4410 3182 4480 perfecta
3213 4410 3332 4480 ejus
3362 4426 3557 4466 secun-

288 4497 546 4553 ελάϐετο’
585 4503 681 4555 καὶ
724 4505 1112 4573 ἀναλλοίωτος·
1163 4512 1193 4564 ὃ
1236 4513 1347 4586 γὰρ
1389 4510 1458 4587 ἦν
1487 4516 1675 4586 μείνας
1713 4516 1877 4588 ἀτρέ-

1989 4502 2111 4556 dum
2162 4516 2260 4557 nos
2302 4502 2631 4567 existentia,
2660 4503 2927 4571 siquidem
2985 4503 3284 4572 assumpsit
3332 4518 3555 4559 carnem

291 4608 446 4656 πτως
462 4632 478 4657 ν
508 4593 536 4647 δ
560 4596 663 4648 οὐκ
707 4591 776 4668 ἦν
821 4602 1215 4672 προσελάϐετο,
1258 4606 1499 4677 δηλονότι
1529 4608 1642 4671 υἱὸς
1668 4607 1875 4679 ἀνθρώ-

1989 4595 2275 4648 animatam
2298 4609 2363 4648 ac
2386 4595 2692 4650 intellectus
2716 4598 3066 4666 participem;
3088 4604 3143 4652 et
3166 4598 3549 4663 immutabilis;

288 4700 431 4749 που,
478 4686 541 4740 τὸ
586 4688 681 4743 ὑπ’
724 4692 898 4763 ἀρχὴν
939 4695 1225 4763 γενέσθαι,
1270 4700 1331 4753 rb
1377 4701 1481 4754 ὑπὸ
1528 4702 1740 4774 χρόνον,
1781 4702 1875 4754 καὶ

1989 4688 2122 4755 ιιιοιί
2153 4688 2298 4742 enim
2328 4698 2448 4742 erat
2472 4688 2887 4750 immutabiliter
2917 4704 3164 4753 manens,
3191 4690 3245 4744 id
3277 4692 3419 4760 quod
3446 4707 3553 4746 non

277 4777 458 4832 ’τᾶλλα
496 4778 566 4833 τὰ
605 4780 920 4853 ἀνθρώπινα
943 4825 958 4849 ,
1003 4789 1096 4841 καὶ
1136 4789 1236 4843 ὅσα
1276 4790 1413 4846 ἄλλα
1436 4793 1536 4863 τῆς
1566 4793 1685 4846 κατ’
1712 4794 1875 4849 αὐτὸν

285 4868 702 4942 φιλανθρωπίας
740 4877 1047 4947 μυστήρια,
1088 4880 1149 4932 rb
1194 4883 1481 4953 πεινῆσαι,
1511 4884 1573 4935 rb
1613 4883 1870 4955 διψῆσαι,

280 4960 348 5013 rb
374 4964 655 5027 κοπιάσαι,
682 4968 775 5019 καὶ
808 4968 995 5033 τᾶλλα,
1024 4969 1060 5024 ἃ
1087 4970 1149 5043 δή
1180 4989 1345 5043 φησιν
1366 4974 1598 5045 οὑσιώδη
1618 5016 1632 5040 ,
1673 4978 1869 5032 ἐκϐάλ-

284 5052 397 5107 λων
420 5054 519 5126 τὴν
543 5057 684 5112 κατά
712 5063 1013 5129 φαντασίαν
1042 5062 1218 5129 δόξαν.

369 5236 399 5307 g
429 5236 517 5292 IV.
560 5240 769 5311 Πρέπει
794 5244 995 5307 τοίνυν,
1025 5246 1391 5314 ἀναλαϐόντας
1414 5252 1504 5305 τὸν
1527 5253 1745 5326 ὁλοτελῆ
1770 5256 1871 5326 τῆς

283 5328 436 5393 θείας
480 5332 724 5398 ἑνώσεώς
748 5352 809 5388 τε
835 5338 928 5390 καὶ
950 5337 1274 5410 διακρίσεως
1297 5341 1550 5396 ἐκθέσθαι
1579 5346 1671 5399 καὶ
1696 5348 1870 5400 εἰπεῖν

280 5422 510 5495 τρόπον,
537 5425 687 5490 ὅπως
710 5426 869 5498 δῆλος
903 5432 932 5483 ὁ
966 5431 1122 5498 λόγος
1148 5433 1393 5505 γένηται,
1424 5436 1567 5490 ἅπαν
1605 5438 1705 5509 μὲν
1737 5441 1872 5495 ἀσα-

285 5518 387 5586 φὲς
423 5517 663 5588 φεύγων,
690 5520 758 5573 τά
785 5520 843 5574 δὲ
870 5522 1011 5576 κατά
1048 5523 1276 5597 δύναμιν
1306 5528 1492 5598 σαφῶς
1519 5531 1865 5603 περιορίζων.

273 5610 525 5665 Καλοῦσι
551 5612 681 5686 γὰρ,
720 5614 860 5688 ὅπερ
878 5616 982 5669 καὶ
1006 5619 1064 5671 ἐν
1089 5618 1300 5690 ἑτέροις
1322 5616 1496 5686 εἷπον,
1543 5624 1594 5676 οἱ
1636 5624 1704 5677 τά
1747 5625 1870 5696 ἱερά

284 5706 629 5776 μεμυημένοι
650 5747 665 5771 ,
692 5707 914 5774 ένώσεις
940 5710 1039 5781 μὲν
1071 5709 1222 5776 θείας
1253 5712 1352 5777 τὰς
1379 5716 1507 5785 περὶ
1540 5716 1639 5787 τῆς
1685 5717 1871 5783 οὐσίας

278 5797 665 5869 ἀκαταλήπτου
714 5799 971 5869 γνώσεις’
1003 5802 1099 5875 τὴν
1125 5803 1179 5858 δὲ
1200 5804 1384 5861 οὐσίαν
1410 5805 1577 5878 αὐτὴν
1603 5807 1700 5878 τῆς
1726 5807 1864 5863 ἀκα-

1974 4790 2097 4834 erat
2140 4781 2468 4850 assumpsit,
2527 4794 2722 4847 nempe
2778 4780 2928 4836 ﬁlius
2982 4781 3254 4846 hominis,
3300 4784 3555 4853 principii

1976 4874 2348 4943 temporisque
2394 4871 2827 4941 subiectionem,
2874 4872 3087 4942 aliaque
3138 4889 3260 4944 qua:
3313 4876 3553 4930 humana

1972 4974 2124 5029 sunt,
2162 4974 2473 5032 ceteraque
2523 4964 2784 5033 mysteria
2828 4962 3184 5018 humanitatis
3228 4962 3381 5033 ejus,
3426 4979 3555 5018 esu-

1975 5058 2130 5119 riem,
2176 5056 2343 5122 sitim,
2396 5056 2663 5124 laborem,
2707 5067 2763 5110 et
2809 5066 3008 5111 caetera
3039 5072 3160 5125 qua:
3192 5046 3326 5111 dicit
3354 5071 3550 5111 essen-

1977 5149 2148 5214 tialia,
2178 5157 2238 5202 ut
2268 5148 2525 5203 excludat
2553 5148 2931 5217 apparentiam
2960 5148 3365 5217 imaginariam.

2049 5241 2076 5312 §
2119 5242 2205 5298 IV.
2250 5241 2478 5311 Expedit
2509 5240 2727 5309 utique,
2757 5238 3006 5294 nonnihil
3036 5239 3199 5293 altius
3222 5238 3551 5293 resumendo

1974 5335 2431 5405 perfectissimum
2462 5333 2611 5387 illum
2644 5333 2843 5387 diVinaB
2884 5332 3102 5388 unionis
3134 5348 3199 5388 ac
3241 5330 3549 5385 distinctio-

1972 5431 2060 5483 nis
2089 5429 2328 5493 modum,
2357 5428 2662 5498 explanari,
2689 5443 2795 5496 quo
2825 5428 2986 5483 nobis
3020 5427 3197 5481 oratio
3224 5425 3299 5480 sit
3333 5436 3546 5495 aperta,

1970 5521 2357 5576 obscuritatem
2384 5521 2603 5589 quidem
2628 5518 2866 5587 fugiens,
2892 5522 3007 5574 hazc
3032 5533 3187 5582 vero,
3221 5521 3399 5586 quoad
3426 5518 3547 5572 ﬁeri

1971 5621 2187 5682 potest,
2236 5610 2389 5666 clare
2439 5610 2725 5665 deﬁniens.
2773 5611 2927 5666 Sacri
2968 5610 3111 5664 enim
3163 5610 3436 5675 doctores,
3487 5618 3548 5663 ut

1972 5703 2028 5757 in
2060 5704 2179 5760 aliis
2208 5707 2371 5760 etiam
2410 5703 2547 5771 dixi,
2582 5704 2796 5760 divinas
2827 5702 3044 5773 quidem
3074 5702 3303 5758 uniones
3349 5713 3549 5760 vocant

1973 5798 2227 5859 notiones
2254 5800 2371 5857 illas
2417 5801 2614 5859 divinae
2640 5810 2714 5875 ,οι
2759 5796 3326 5870 incomprehensibilis
3356 5810 3545 5854 esseu-
