3876 6226
326 244 432 299 ϐίῖῦ

1509 245 1567 300 S.
1611 245 1916 303 DIONYSII
1949 249 2414 305 ΑΒΕΟΡΛΟΙΤᾸΞ

3416 303 3428 316 ,
3504 251 3628 306 664-

327 367 414 420 ιίειξ
438 381 453 428 ;
487 362 661 434 ipsam
688 373 869 418 autem
900 364 1190 419 essentiam
1211 365 1777 437 incomprehensibilis
1805 367 1919 422 Tri-

2033 371 2296 441 ταλήπτου
2325 369 2551 442 Τριάδος
2592 369 2643 422 τί
2687 372 2855 434 ἐστιν,
2905 373 3080 438 οὐδεὶς
3123 369 3391 441 γνώσεταί
3435 388 3576 424 ποτε
3607 391 3622 400 -

327 459 516 510 uitatis
567 455 698 523 quid
737 455 841 517 sit,
891 470 1050 509 nemo
1091 467 1387 526 cognoscet
1420 473 1696 528 unquam;
1726 459 1914 513 distiu-

323 549 535 602 etiones
565 563 694 602 vero
723 545 958 612 divinas,
985 561 1080 617 per
1109 562 1168 602 se
1200 548 1564 604 subsistentes
1589 553 1916 605 existentias

329 638 691 704 venerandas,
734 638 786 691 id
839 646 926 693 est
968 637 1090 691 Filii
1125 637 1343 706 quidem
1373 654 1440 692 ex
1475 638 1637 695 Patre
1666 639 1918 696 iueli‘abi-

331 735 434 789 lem
479 735 849 805 splendorem,
880 744 936 788 et
960 735 1139 788 sancti
1171 733 1412 802 Spiritus
1447 750 1513 789 ex
1541 734 1704 791 Patre
1730 736 1918 790 incon-

330 828 643 898 ceptibilem
701 828 1144 894 processionem;
1198 827 1358 893 illas,
1412 829 1672 898 inquam,
1719 839 1919 882 vocant

332 925 587 986 uniones,
623 923 883 990 quoniam
917 921 1258 975 identitatem
1298 923 1459 977 unius
1486 932 1695 976 naturae
1732 923 1919 978 deela—

331 1026 491 1081 rant;
522 1019 623 1069 has
644 1029 774 1068 vero
796 1013 1201 1079 distinctiones,
1227 1015 1484 1084 quoniam
1510 1014 1917 1070 distinctionem

330 1121 693 1174 personarmn
740 1116 1041 1174 exponunt.
1089 1105 1446 1175 Traduntque
1475 1107 1780 1161 istiusmodi
1815 1108 1914 1160 viri

333 1203 542 1264 sancti,
571 1198 818 1267 quredam
853 1212 976 1252 esse
1005 1199 1226 1254 unionis
1254 1199 1498 1269 propria,
1534 1199 1789 1254 videlicet
1819 1201 1919 1254 bo-

334 1290 560 1344 nitatem
586 1330 602 1353 ,
647 1290 1000 1359 sapientiam,
1039 1289 1542 1355 immortalitatem;
1578 1301 1742 1360 atque
1791 1291 1918 1344 item

333 1383 584 1452 qumdam
623 1384 840 1452 propria
895 1383 1294 1448 distinctionis,
1347 1392 1406 1435 ut
1450 1383 1628 1438 Patris
1672 1383 1917 1452 quidem,

332 1496 454 1536 esse
500 1480 839 1549 ingenitum;
893 1480 1013 1534 Filii
1075 1495 1226 1547 vero,
1259 1479 1544 1551 genitum,
1582 1488 1636 1533 et
1684 1478 1922 1549 Spiritus

333 1574 537 1638 sancti,
568 1573 997 1644 processionem.
1041 1571 1300 1639 Quadam
1343 1573 1470 1626 item
1515 1581 1643 1626 sunt
1689 1573 1922 1641 proprize

335 1667 612 1733 unitates,
665 1676 720 1721 et
768 1673 1016 1736 quaedam
1061 1669 1296 1737 propriae
1337 1669 1748 1730 distinctiones;
1781 1684 1833 1721 v.
1866 1684 1918 1737 g.

2015 461 2315 532 διακρίσεις
2354 461 2411 512 δὲ
2449 460 2600 524 θείας
2635 462 2733 525 τὰς
2777 463 3174 525 ὲνυποστάτους
3219 460 3627 531 πῳσκυνητάς

2017 549 2282 620 ὑπάρξεις
2307 589 2321 611 ,
2369 550 2653 614 τουτέστι,
2704 550 2800 604 τοῦ
2847 553 2946 623 μὲν
2991 552 3122 605 Υίοῦ
3154 552 3245 605 τὸν
3284 554 3349 605 ἐκ
3391 552 3627 622 Πατρὸς

2017 642 2394 713 ἀνέκφραστον
2433 643 2818 714 ἀπαυγασμὸν,
2863 642 2960 696 τοῦ
3013 643 3069 696 δὲ
3114 643 3379 711 παναγίου
3431 643 3624 695 Πνεῦ-

2022 754 2187 807 ματος
2236 736 2332 808 τὴν
2374 740 2438 790 ὲκ
2477 737 2688 810 Πατρὸς
2731 738 3047 809 ἀνεννόητον
3092 739 3452 808 ὲκπόρευσιν,
3491 741 3629 790 ἐκεῖ

2019 831 2240 895 ένώσεις
2264 872 2278 892 ,
2326 833 2406 884 ὅτι
2432 832 2492 884 τὸ
2519 832 2714 884 ταύτὸν
2742 831 2840 901 τῆς
2867 831 3072 895 ὲνιαίοις
3095 831 3314 902 δηλοῦσι
3358 833 3584 900 φύσεως
3603 849 3621 862 ·

2020 926 2252 981 ἐνταῦθα
2287 927 2590 998 διακρίσεις
2615 969 2630 992 ,
2673 928 2754 980 ὃτι
2786 927 2884 998 τὴν
2919 927 3182 998 διαίρεσιν
3222 926 3330 979 τῶν
3369 927 3625 982 ὑποστά-

2024 1037 2160 1072 σεων
2189 1020 2513 1090 παριστῶσι.
2543 1020 2652 1074 Καί
2688 1037 2850 1090 φασιν
2887 1022 2936 1074 οί
2969 1019 3200 1074 τοιοῦτοι
3228 1021 3362 1092 ἱεροὶ
3390 1021 3622 1092 ἄνδρες,

2021 1111 2114 1163 καὶ
2160 1111 2258 1181 τῆς
2306 1109 2550 1174 ἑνώσεως
2599 1111 2667 1164 τά
2714 1110 2841 1174 ἴδια,
2890 1111 3129 1183 δηλονότι
3172 1111 3232 1163 τὸ
3277 1111 3500 1178 ἀγαθὸν,
3551 1113 3625 1165 τὸ

2025 1203 2208 1274 σοφὸν,
2258 1203 2319 1255 τὸ
2365 1203 2653 1265 ἀθάνατον,
2700 1206 2792 1256 καὶ
2830 1203 2928 1273 τῆς
2964 1203 3291 1275 διακρίσεως
3333 1204 3497 1258 πάλιν
3541 1204 3622 1257 τὰ

2025 1296 2130 1350 ἴδια
2152 1313 2163 1326 ·
2194 1296 2403 1366 Πατρὸς
2435 1296 2532 1366 μὲν
2554 1295 2614 1348 τὸ
2639 1295 2932 1366 ἀγέννητον
2955 1337 2968 1359 ,
3006 1293 3134 1346 Υἱοῦ
3156 1293 3211 1346 δὲ
3235 1293 3296 1345 τὸ
3317 1296 3587 1365 γεννητὸν
3603 1335 3622 1356 ,

2023 1388 2117 1440 καὶ
2163 1387 2478 1456 Πνεῦματος
2506 1387 2663 1454 ἁγίου
2704 1386 2764 1439 τὸ
2804 1385 3154 1457 ἐκπορευτόν.
3200 1386 3353 1449 Τινὲς
3378 1386 3434 1438 δέ
3473 1389 3627 1440 εἰσιν

2022 1478 2078 1529 ai
2123 1478 2284 1530 ίδικαὶ
2332 1475 2591 1542 ἑνὼσεις,
2630 1480 2725 1532 καὶ
2771 1479 2914 1542 τινὲς
2959 1480 3015 1531 αἱ
3068 1478 3231 1532 ἰδικαὶ
3267 1477 3574 1550 διακρίσεις
3604 1521 3623 1543 ,
3659 1483 3662 1486 ’

2022 1570 2295 1642 δηλονότι,
2327 1573 2503 1624 κοινὸν
2547 1573 2645 1642 μὲν
2695 1572 2825 1626 Υίοῦ
2853 1574 2946 1626 καὶ
2980 1573 3294 1644 Πνεῦματος
3318 1574 3378 1627 τὸ
3403 1577 3471 1627 ἐκ
3501 1577 3627 1630 Πα-

2023 1663 2151 1732 τρὸς
2181 1658 2351 1725 εἶναι,
2385 1663 2514 1715 ἴδιον
2541 1663 2596 1715 δὲ
2625 1662 2806 1726 πάλιν,
2847 1665 2928 1716 ὅτι
2968 1664 3028 1716 τὸ
3076 1665 3173 1734 μὲν
3206 1664 3482 1736 γεννητῶς
3511 1707 3525 1728 ,
3553 1669 3628 1719 τὸ

334 1773 627 1813 commune
671 1759 890 1828 quidem
929 1767 1014 1813 est
1050 1757 1188 1814 Filio
1217 1769 1271 1814 et
1302 1759 1530 1830 Spiritui
1577 1769 1800 1825 sancto,
1855 1774 1920 1812 ex

2033 1754 2069 1807 δ’
2094 1755 2460 1826 ὲκπορευτῶς.
2486 1757 2596 1809 Καὶ
2614 1755 2794 1818 πάλιν,
2815 1757 2991 1809 κοινὸν
3011 1757 3108 1825 μὲν
3131 1757 3344 1828 Πατρὺς
3367 1759 3462 1810 καὶ
3481 1759 3626 1812 Υίοῦ

333 1849 499 1908 Patre
523 1863 667 1915 esse,
699 1852 980 1922 proprium
1013 1868 1170 1920 vero,
1203 1854 1347 1923 quod
1377 1852 1465 1907 ille
1489 1868 1586 1923 per
1611 1853 1924 1924 generatio-

335 1959 496 2011 nem,
536 1944 624 1998 hic
661 1960 757 2014 per
802 1946 1238 2014 processionem.
1283 1945 1350 2000 Ει
1390 1961 1604 2008 rursus,
1635 1961 1924 2000 commune

334 2035 556 2104 quidem
603 2035 752 2090 Patri
803 2045 856 2090 et
902 2035 1063 2100 Filio,
1117 2036 1262 2106 quod
1306 2036 1546 2104 Spiritus
1585 2046 1808 2090 sanctus
1855 2037 1925 2089 sit

335 2127 514 2183 Patris
548 2138 598 2182 et
629 2128 780 2193 Filii;
813 2129 1094 2197 proprium
1121 2142 1252 2182 vero
1272 2169 1284 2190 ,
1319 2129 1462 2196 quod
1494 2129 1563 2181 sit
1593 2127 1774 2182 Patris
1801 2127 1923 2197 Spi-

336 2219 503 2286 ritus,
535 2229 788 2288 tanquam
814 2234 882 2274 ex
912 2217 1074 2273 Patre
1107 2218 1444 2288 procedens;
1474 2219 1596 2275 Filii
1637 2235 1765 2275 vero
1801 2221 1924 2288 Spi-

339 2313 499 2374 ritus,
538 2320 800 2382 tanqnam
833 2309 1322 2366 consubstantialis
1354 2327 1418 2365 ac
1447 2312 1702 2380 proprius
1732 2313 1923 2381 ipsius.

338 2403 405 2462 Et
447 2405 546 2457 has
596 2413 754 2457 vocat
786 2403 1017 2457 uniones
1050 2412 1104 2457 et
1137 2403 1517 2458 distinctiones
1550 2405 1928 2459 distinctionis

338 2496 614 2570 proprias.
664 2495 870 2550 Deinde
903 2496 1060 2561 dicit,
1100 2495 1264 2567 332
1303 2511 1552 2565 quaenam
1587 2499 1698 2552 sint
1731 2497 1928 2551 divina:

341 2587 595 2650 uniones,
630 2587 745 2641 sive
771 2603 891 2654 qua:
915 2603 1238 2655 communes
1269 2598 1394 2642 sunt
1422 2588 1676 2644 essentiae
1708 2588 1926 2654 divinae,

341 2674 601 2726 nimirum
631 2677 1114 2744 super-essentialis
1145 2678 1465 2741 existentia,
1498 2687 1553 2732 et
1578 2691 1927 2747 superessen-

341 2765 484 2820 tialis
511 2766 687 2822 deilas
713 2808 726 2831 ,
763 2777 816 2822 et
843 2783 1176 2836 supraquam
1223 2770 1362 2823 bona
1393 2771 1633 2836 bonitas;
1668 2773 1927 2840 quoniam

341 2870 506 2924 supra
532 2873 619 2923 ea,
650 2874 813 2929 supra
842 2876 962 2929 quae
997 2862 1138 2916 [)eus
1169 2878 1291 2918 esse
1325 2865 1547 2927 dicitur,
1582 2865 1927 2933 incompara-

340 2948 524 3004 biliter
558 2952 811 3020 superior
848 2963 958 3018 est;
991 2954 1135 3022 quod
1167 2971 1458 3017 asserens,
1498 2971 1596 3026 per
1632 2957 1931 3010 exuberan-

344 3052 455 3096 tem
491 3046 840 3114 negationem
882 3048 1042 3100 dixit.
1076 3047 1335 3102 ldentitas
1368 3053 1623 3106 omnibus
1653 3051 1927 3120 superior,

341 3138 528 3190 (nuntia
561 3140 877 3208 superantis
931 3140 1099 3194 totius
1145 3140 1240 3195 Dei
1293 3145 1666 3212 proprietatis,
1720 3145 1929 3198 scilicet

343 3228 491 3290 boui,
523 3238 578 3282 et
611 3231 893 3299 sapientis,
924 3241 978 3284 et
1003 3232 1298 3298 similium;
1341 3236 1455 3289 hate
1489 3237 1632 3289 enim
1671 3245 1796 3288 sunt
1836 3235 1927 3289 Dei

343 3324 682 3392 proprietas,
728 3323 985 3378 videlicet
1030 3329 1126 3393 per
1180 3343 1461 3382 excessum
1507 3329 1574 3380 ad
1624 3337 1928 3381 creaturas.

345 3416 525 3486 Super
555 3433 775 3472 omnem
805 3420 1070 3474 unitatem
1095 3435 1217 3488 qua:
1243 3422 1294 3473 in
1329 3421 1493 3476 rebus
1527 3431 1630 3487 est,
1667 3421 1932 3476 iudivisus

344 3522 400 3562 et
435 3509 706 3578 simplex,
751 3510 1066 3579 ineﬂ'abilis,
1117 3525 1174 3569 et
1218 3515 1401 3579 multis
1441 3514 1669 3569 vocibus
1705 3529 1930 3584 expres-

345 3618 473 3668 sus;
506 3612 619 3656 tum
655 3605 783 3672 quia
829 3605 1258 3672 innominabilis,
1303 3616 1417 3661 tum
1452 3608 1582 3676 quia
1629 3622 1728 3674 pro
1763 3609 1932 3663 bene-

347 3694 595 3754 liciorum
634 3694 962 3752 diversitate
995 3699 1366 3754 diversimode
1405 3700 1741 3754 nominatur.
1773 3701 1932 3770 Igno-

350 3785 516 3849 rutio,
553 3796 608 3840 et
641 3801 707 3840 ex
734 3788 886 3840 omni
920 3788 1288 3857 intellectilis;
1324 3793 1377 3844 in
1411 3791 1758 3860 ignoratione
1783 3793 1930 3847 enim

351 3875 493 3930 Deus
549 3880 920 3947 cognoscitur.
965 3881 1374 3952 lgnorationem
1423 3894 1604 3938 autem
1650 3900 1757 3938 non
1811 3900 1931 3939 eam

350 3969 590 4038 accipias
630 3985 751 4039 qum
799 3986 865 4025 ex
917 3973 1133 4027 inscitia
1175 3985 1350 4028 oritur
1395 3977 1542 4045 (nam
1589 3977 1704 4033 haec
1735 3978 1936 4031 aniu'taa

349 4065 600 4130 quaedam
630 4073 715 4118 est
745 4067 1180 4136 tenebricositas)
1210 4082 1385 4137 neque
1409 4071 1574 4122 etiam
1600 4086 1936 4140 cognoscen-

353 4167 462 4212 tem
502 4159 789 4226 (quouiaui
837 4159 927 4228 qui
977 4161 1420 4231 incoguoscibilis
1454 4172 1538 4216 est
1572 4164 1798 4217 minime
1847 4180 1937 4217 co-

352 4254 678 4325 gnoscitur),
700 4269 821 4306 nam
849 4255 962 4306 haec
979 4269 1194 4323 quoque
1215 4255 1422 4323 species
1441 4265 1524 4310 est
1545 4257 1932 4326 cognoscitiva,

354 4347 448 4399 sed
483 4347 784 4400 secundum
818 4347 960 4399 illam
991 4347 1413 4416 ignorationem,
1447 4349 1744 4402 secundum
1774 4364 1934 4417 quam

2024 1845 2086 1898 τὸ
2112 1840 2249 1898 εἶναι
2278 1846 2338 1898 τὸ
2373 1845 2598 1917 Πνεῦμα
2621 1846 2682 1900 τὸ
2710 1846 2864 1916 ἅγιον
2907 1849 3003 1901 καὶ
3038 1847 3131 1900 τοῦ
3163 1849 3372 1919 Πατρος
3401 1851 3497 1902 καὶ
3522 1851 3627 1904 τοῦ

2027 1937 2197 1990 Υίοῦο
2256 1937 2386 1992 ἴδιον
2430 1937 2520 2002 δὲ,
2573 1939 2654 1994 ὅτι
2698 1939 2912 2011 Πατρὸς
2959 1940 3058 2010 μὲν
3111 1923 3374 2012 Πνεῦμα,
3421 1942 3503 2005 ὡς
3552 1945 3627 1995 ὲκ

2026 2031 2238 2102 Πατρὸς
2267 2031 2698 2102 ἐκπορευόμενον
2722 2049 2737 2063 ·
2774 2032 2905 2085 Υίοῦ
2932 2033 2988 2085 δὲ
3016 2033 3261 2104 Πνεῦμα,
3301 2035 3376 2098 ὡς
3424 2052 3627 2088 συνου-

2028 2125 2290 2194 σιωμένον
2329 2127 2423 2178 καὶ
2463 2124 2592 2177 ἴδιον
2617 2123 2804 2178 αὐτοῦ.
2835 2126 2943 2178 Καὶ
2977 2126 3181 2191 ταύτας
3210 2126 3358 2196 λέγει
3388 2127 3623 2191 ένὼσεις

2027 2217 2120 2268 καὶ
2147 2215 2444 2286 διακρίσεις
2477 2215 2575 2286 τῆς
2604 2215 2925 2287 διακρίσεως
2958 2218 3148 2282 ίδικάς.
3192 2220 3418 2290 Ἐφεξῆς
3442 2220 3620 2287 λέγει,

2025 2307 2170 2371 τίνες
2213 2309 2266 2360 αἱ
2317 2307 2456 2360 θεῖαι
2511 2307 2772 2372 ἑνώσεις,
2813 2309 2979 2380 ἤγουν
3012 2311 3068 2364 αἱ
3109 2312 3287 2363 κοιναὶ
3331 2312 3428 2381 τῆς
3466 2311 3622 2374 θείας

2026 2401 2217 2463 οὐσίας
2242 2440 2256 2462 ,
2283 2400 2526 2471 δηλονότι
2555 2404 2588 2472 ἡ
2618 2401 2943 2472 ὑπερούσιος
2994 2403 3218 2474 θεότης,
3261 2406 3294 2475 ἠ
3333 2405 3624 2475 ὑπεράγα-

2028 2496 2119 2559 θος
2165 2496 2468 2566 ἀγαθότηςο
2522 2497 2602 2549 ὅτι
2649 2498 2742 2550 καὶ
2801 2498 2942 2569 ὑπὲρ
2981 2496 3016 2551 ἀ
3061 2499 3310 2566 λέγεται,
3353 2499 3412 2551 τὸ
3464 2499 3622 2551 Θεῐον

2029 2589 2373 2660 ἀσυγκρίτως
2422 2589 2605 2642 ἐστίν’
2653 2589 2681 2642 ὃ
2719 2590 2782 2662 δὴ
2821 2589 3126 2662 προλαϐὼν,
3160 2592 3254 2644 καὶ
3281 2591 3622 2662 ὑπεροχικὴν

2028 2685 2318 2755 ἀφαίρεσιν
2347 2679 2528 2736 εἶπεν·
2571 2683 2635 2736 Ἡ
2673 2684 2890 2737 πάντων
2921 2683 3179 2738 ἐπέκεινα
3204 2685 3494 2753 ταὺτότης,
3521 2685 3622 2754 τῆς

2029 2777 2284 2830 ἐπέκεινα
2323 2776 2540 2828 πάντιοδν
2581 2775 2709 2846 ὅλης
2738 2775 2873 2828 Θεοῦ
2923 2777 3207 2848 ἰδιότητος,
3236 2776 3480 2848 δηλονότι
3523 2778 3620 2829 τοῦ

2030 2869 2258 2938 ἀγαθοῦ,
2307 2869 2401 2922 τοῦ
2433 2869 2625 2939 σοφοῦ,
2663 2870 2760 2924 καὶ
2805 2869 2915 2922 τῶν
2955 2871 3248 2924 τοιούτων·
3293 2870 3465 2922 ταῦτα
3513 2870 3622 2940 γάρ

2031 2963 2168 3015 εἰσιν
2199 2961 2397 3034 ἰδιότης
2423 2963 2557 3016 Θεοῦ
2603 2963 2738 3034 πρὸς
2774 2962 2842 3016 τὰ
2883 2963 3079 3016 κτιστά
3123 2963 3492 3034 ὑπεροχικῶς.
3547 2963 3621 3014 Τὸ

2033 3054 2173 3123 ὑπὲρ
2220 3055 2399 3106 πᾶσαν
2443 3054 2670 3125 ἑνότητα
2715 3056 2773 3106 ὲν
2823 3057 2934 3118 τοῖς
2982 3048 3133 3107 οὖσιν
3177 3054 3382 3124 ἀμερές
3422 3070 3482 3105 τε
3529 3056 3622 3105 καί

2031 3143 2257 3207 ἁπλοῦν,
2299 3145 2358 3196 τὸ
2398 3144 2702 3214 ἄφθεγκτον
2735 3145 2828 3198 καὶ
2876 3145 3191 3214 πολύφωνον
3217 3162 3229 3174 ·
3277 3146 3341 3199 τὸ
3371 3144 3495 3214 μὲν,
3538 3146 3623 3198 ὅτι

2032 3237 2471 3307 ἀκατονόμαστον
2493 3254 2505 3265 ·
2536 3237 2596 3288 τὺ
2624 3236 2700 3297 δὲ,
2728 3238 2810 3289 ὅτι
2836 3240 2902 3307 τῇ
2949 3236 3192 3308 ποικιλίᾳ
3238 3236 3346 3288 τῶν
3395 3239 3621 3309 εὐεργε-

2030 3330 2307 3401 τουμένων
2337 3329 2596 3393 ποικίλως
2639 3328 2983 3399 ὀνομάζεται.
3028 3329 3090 3380 Ἡ
3129 3329 3372 3396 ἀγνωσία
3417 3331 3514 3380 καὶ
3563 3331 3623 3380 τὸ

2033 3423 2332 3493 παννόητον
2355 3438 2367 3450 ·
2399 3423 2458 3474 ὲν
2484 3422 2680 3493 ἀγνοίᾳ
2726 3421 2834 3492 γὰρ
2881 3421 3090 3488 γίνεται
3136 3421 3378 3488 γνωστὸς
3412 3423 3441 3473 ὁ
3465 3421 3619 3485 Θεός.

2038 3513 2293 3581 ’Δγνοιαν
2337 3511 2394 3565 δὲ
2448 3511 2522 3584 μὴ
2550 3511 2647 3583 τὴν
2687 3512 2776 3564 διὰ
2802 3511 2902 3580 τῆς
2946 3512 3184 3582 ἀμαθίας
3227 3511 3418 3584 λάϐῃς,
3449 3513 3623 3583 (αῦτη

2033 3606 2142 3678 γὰρ
2169 3605 2355 3668 σκότος
2385 3605 2501 3657 ἐστὶ
2524 3604 2702 3675 ψυχῆς
2722 3605 2759 3672 ,)
2804 3607 2939 3674 μήτε
2967 3604 3065 3676 τὴν
3091 3603 3486 3672 γινώσκουσαν,
3519 3607 3624 3675 (δτι

2035 3700 2308 3768 ἀγνοεῖται
2336 3697 2364 3748 ὁ
2386 3696 2709 3766 ἀγνωστος,)
2739 3691 2876 3759 εἶδος
2905 3695 3014 3768 γὰρ
3042 3697 3133 3748 καὶ
3168 3695 3307 3766 αῦτη
3335 3713 3624 3767 γνωριστι-

2035 3790 2129 3843 κόν
2155 3807 2168 3820 ·
2208 3789 2340 3842 ἀλλά
2381 3789 2498 3841 κατ’
2530 3788 2747 3859 ἐκείνην
2777 3788 2874 3858 τὴν
2906 3787 3149 3856 ἄγνοιαν,
3190 3787 3310 3839 καθ’
3340 3787 3408 3858 ἢν
3438 3788 3622 3840 άπλω-

2036 3884 2218 3948 θέντες
2266 3885 2406 3954 ὑπὲρ
2445 3883 2543 3947 τὰς
2592 3884 2827 3952 νοήσεις,
2876 3883 2970 3933 καὶ
3020 3882 3198 3935 πᾶσαν
3243 3880 3450 3933 ἔννοιαν
3499 3882 3625 3952 περὶ

2035 3974 2170 4026 Θεοῦ
2219 3973 2593 4046 ὑπερϐάντες,
2647 3972 2808 4028 ἀπλοί
2853 3971 3135 4041 γινόμεθα.
3191 3968 3521 4040 Νομίζοντες
3570 3971 3626 4024 δὲ

2038 4068 2442 4139 κατειληφέναι,
2472 4070 2566 4121 καὶ
2593 4067 2894 4137 ἀδιάκριτοι
2925 4065 3208 4134 μένοντες,
3247 4063 3333 4115 διά
3359 4064 3459 4133 τὴν
3490 4062 3624 4134 πρὸς

2037 4161 2134 4233 τὴν
2163 4162 2388 4232 ἑνότητα
2426 4163 2613 4214 στάσιν
2633 4178 2646 4189 ·
2678 4162 2772 4213 καὶ
2800 4160 3030 4230 βεϐαίως
3059 4157 3292 4220 ἑστῶτες
3319 4158 3375 4208 ὲν
3402 4158 3468 4226 τῇ
3495 4154 3626 4208 ἐνώ-

2043 4267 2161 4312 σει,
2203 4249 2505 4320 ἀγνοοῦμεν
2531 4251 2613 4302 ὅτι
2640 4250 2700 4301 οὐ
2739 4248 3133 4318 κατελάϐομεν,
3185 4247 3484 4306 τουτέστιν,
3529 4247 3625 4316 οὐχ

2042 4343 2229 4414 ἑτέρου
2261 4343 2404 4405 τινος
2455 4341 2658 4406 εἰδότες
2679 4381 2692 4403 ,
2727 4344 2886 4412 ἡμεῖς
2920 4341 2995 4403 ὠς
3026 4338 3257 4410 ἀμαθεῖς
3302 4338 3620 4408 ἀγνοοῦμεν.

355 4438 714 4505 sitnplilicati,
744 4455 907 4509 supra
950 4441 1203 4492 notiones
1244 4454 1572 4509 omnemque
1601 4439 1692 4494 Dei
1726 4442 1928 4510 cogita-

2057 4436 2213 4488 ’Λλλά
2241 4436 2309 4488 τὰ
2343 4434 2492 4506 παρά
2518 4436 2696 4506 πάσης
2729 4435 2826 4504 τῆς
2858 4434 3088 4496 κτίσεως
3123 4431 3364 4495 εὐσεϐῶς
3403 4431 3625 4498 ἀγνοοῦ-

357 4533 563 4586 tionem
615 4533 1100 4596 transcendetttes,
1152 4530 1428 4600 simplices
1475 4532 1761 4586 ellicimur.
1799 4533 1934 4586 Dum

355 4621 738 4677 existimamus
792 4633 970 4677 autent
1030 4638 1129 4676 nos
1189 4623 1718 4690 comprehendisse,
1768 4625 1936 4678 etiam

357 4729 643 4768 manemus
672 4715 949 4783 ambigui,
985 4725 1210 4782 propter
1240 4724 1442 4768 statum
1480 4718 1698 4772 unionis
1723 4735 1736 4781 ;
1767 4729 1823 4771 et
1850 4720 1942 4772 lir-

349 4809 520 4880 ‘miter
550 4807 606 4859 in
639 4809 841 4861 unione
883 4809 1282 4869 consistentes,
1334 4807 1648 4876 ignoramus
1687 4825 1784 4864 nos
1832 4827 1937 4864 non

344 4901 689 4969 percepisse,
739 4899 790 4951 id
812 4908 894 4952 est
944 4900 1080 4952 nihil
1131 4897 1278 4951 aliud
1333 4913 1604 4964 scientes,
1646 4917 1744 4955 nos
1793 4902 1942 4955 velut.

357 4992 522 5051 rudes
581 4991 918 5062 ignoramus.
968 4991 1172 5048 Tamen
1218 5010 1340 5063 qua:
1389 4996 1455 5047 ab
1489 4994 1636 5047 omni
1683 5004 1937 5049 creatura

361 5083 617 5154 religiose
644 5087 987 5153 ignorantur,
1020 5087 1352 5154 ignoramus.
1384 5086 1438 5139 In
1471 5088 1572 5140 hac
1611 5091 1756 5141 enim
1799 5089 1943 5157 igno-

361 5179 574 5235 ratione
611 5179 919 5240 constituti,
963 5177 1232 5231 eliicimur
1270 5177 1447 5232 forma
1481 5180 1597 5248 ejus
1639 5182 1780 5247 quod
1819 5190 1943 5231 ante

361 5270 542 5323 omnia
571 5271 811 5334 exsistit,
835 5269 1165 5339 negligentes
1190 5271 1408 5338 quidem
1437 5269 1643 5324 formas
1673 5286 1861 5324 omnes
1883 5286 1944 5322 ae

367 5363 640 5427 notiones,
676 5363 727 5416 in
759 5364 977 5417 silentio
1009 5372 1191 5415 autem
1217 5377 1471 5415 sermone
1495 5365 1641 5416 omni
1675 5373 1942 5433 prmstan-

365 5453 486 5505 tiori
517 5454 823 5519 constituti,
852 5455 951 5507 hoc
985 5455 1123 5521 ipso,
1159 5450 1303 5520 quod
1352 5467 1418 5502 ne
1465 5451 1567 5504 hoc
1613 5453 1786 5519 ipsum
1825 5452 1943 5516 qui-

353 5547 485 5612 ,dem
513 5553 890 5617 cognoscimus
920 5563 1018 5602 nos
1050 5548 1335 5617 ignorare;
1366 5546 1710 5614 postmodum
1741 5545 1936 5597 iterum

2047 4547 2183 4603 μενα
2211 4529 2528 4599 ἀγνοοῦμεν.
2573 4529 2660 4581 Ἐν
2697 4528 2867 4600 ταύτῃ
2893 4529 3002 4600 γάρ
3035 4528 3258 4590 στάντες
3287 4528 3352 4596 τῇ
3397 4525 3590 4596 ἀγνοίᾳ.
3611 4565 3625 4587 ,

2043 4619 2183 4686 εἶδος
2209 4621 2471 4691 γινόμεθα
2501 4619 2596 4673 τοῦ
2638 4621 2745 4690 πρὸ
2775 4623 2992 4681 πάντων
3017 4621 3190 4684 ὄντος,
3233 4620 3494 4681 ἐάσαντες
3534 4619 3629 4689 μὲν

2047 4716 2222 4767 πάντα
2249 4713 2317 4765 τὰ
2344 4713 2461 4782 εἴδη
2496 4711 2712 4776 καὶτὰς
2740 4713 2974 4784 νοήσεις,
3014 4715 3073 4765 ἐν
3114 4712 3321 4783 ἀφασία
3366 4711 3423 4763 δὲ
3453 4712 3628 4784 κρείτ-

2045 4822 2158 4859 τονι
2199 4807 2378 4877 πάσης
2407 4804 2684 4875 φθέγξεως
2737 4803 3006 4874 ἱδρυμένοι
3048 4803 3126 4873 τῷ
3168 4803 3302 4874 μηδὲ
3346 4801 3508 4855 τοῦτο
3548 4820 3630 4870 γι-

2047 4896 2276 4949 νώσκειν
2301 4903 2384 4954 ὅτι
2412 4897 2737 4968 ἀγνοοῦμενο
2775 4894 2892 4951 εἶτα
2925 4896 3086 4950 πάλιν
3104 4896 3548 4968 ὑποστρέψαντες
3569 4899 3629 4948 ἐκ

2051 4990 2148 5060 τῆς
2181 4993 2238 5043 ὲν
2267 4991 2475 5061 ἀφασίᾳ
2516 4993 2746 5063 σιωπῆς,
2779 4993 2870 5044 καὶ
2901 4992 3170 5056 συνιέντες
3196 4993 3278 5044 ὅτι
3307 4990 3626 5061 ἠγνοοῦμεν,

2055 5083 2401 5152 ἀφιστάμεθα
2437 5083 2622 5137 λοιπὸν
2650 5084 2743 5136 τοῦ
2775 5086 2903 5156 περὶ
2944 5084 3223 5153 ἀγνώστου
3252 5085 3455 5154 ζητεῖν.
3494 5085 3628 5136 Παν-

2048 5175 2238 5244 νόητος
2270 5174 2326 5226 δὲ
2370 5173 2530 5227 πάλιν
2562 5177 2590 5227 ὁ
2623 5175 2782 5240 Θεὸς,
2819 5176 2895 5240 ὡς
2939 5178 3004 5228 ἐκ
3049 5176 3158 5228 τῶν
3197 5173 3513 5248 φιλοδώρων
3554 5176 3630 5226 ὲν-

2051 5265 2265 5317 νοιῶν⁵¹
2301 5267 2586 5337 νοούμενος
2629 5269 2710 5320 ὅτι
2752 5268 2889 5330 ἔστι,
2937 5271 3030 5322 καὶ
3062 5271 3127 5321 ἐκ
3155 5268 3265 5321 τῶν
3304 5267 3630 5338 δημιουργη-

2054 5358 2270 5428 μάτων·
2310 5361 2374 5410 ὲκ
2407 5359 2516 5410 τῶν
2560 5361 2676 5428 μὲν,
2726 5361 2808 5412 ὅτι
2850 5362 3035 5432 σωτήρ
3076 5362 3253 5412 ἐστιν·
3300 5361 3364 5412 ὲκ
3410 5358 3524 5410 τῶν
3560 5358 3626 5420 δὲ,

2050 5452 2130 5501 ὅτι
2175 5450 2522 5522 δημιουργός.
2573 5452 2678 5503 Καὶ
2723 5450 2868 5502 θέσιν
2922 5452 3018 5522 μὲν
3049 5450 3146 5522 τὴν
3181 5449 3417 5519 ὓπαρξιν
3465 5449 3628 5513 καλεῖ,

2050 5543 2124 5606 ὼς
2155 5543 2212 5608 ἐξ
2238 5544 2402 5596 αὐτοῦ
2435 5545 2525 5596 τοῦ
2560 5544 2728 5604 Θεοῦ,
2757 5545 2853 5615 τῆς
2897 5545 3103 5598 πάντων
3133 5547 3296 5616 οῦσης
3329 5543 3628 5615 ὑπάρξεως,

348 5665 368 5688 ε
1667 5657 1902 5712 VARle
1940 5657 2238 5715 LECTION
2246 5660 2348 5716 ES.

433 5752 478 5793 δι
520 5757 780 5826 προνοιὼν
805 5798 820 5823 ,
850 5758 910 5811 D.
