3876 6226
173 334 286 389 665

751 333 842 386 DE
880 332 1134 389 DIVINIS
1188 330 1586 399 NOMINIBUS,
1624 333 1779 388 CAP.
1819 334 1883 388 ΙΙ.
1923 364 1990 372 —-
2032 334 2382 390 PARAPHR.
2416 307 2888 394 PACHYMERIE.

3354 339 3461 394 666

170 451 415 518 Λέγουσι
437 449 551 522 γὰρ
593 451 642 502 oi
676 448 954 520 φιλόσοφοι
997 449 1145 503 θέσιν
1176 451 1244 505 τὰ
1272 451 1623 521 ἐπιτιθέμενα
1660 450 1768 521 εἴδη

1879 466 1907 501 a
1940 460 2088 504 muto
2116 452 2332 506 silentio
2355 453 2634 516 conversi,
2663 460 2719 506 et
2745 461 3143 521 cognoscentes
3173 468 3272 508 nos
3300 455 3456 522 igno-

169 546 242 614 τῇ
275 543 379 614 ὕλῃ
404 559 420 574 ο
453 544 745 616 ἀφαίρεσιν
775 544 853 607 δὲ,
889 544 1018 597 ὃταν
1057 546 1114 596 αἱ
1151 544 1435 616 ποιότητες
1473 544 1582 597 τῶν
1617 544 1773 598 εἰδῶν

171 636 586 708 ἀφαιρεθῶσιν,
640 631 750 690 οἷον
799 637 904 708 γῆς
945 640 1007 692 τὸ
1059 639 1224 710 ξηρὸν
1278 640 1371 692 καὶ
1429 638 1596 710 βαρύ·
1652 638 1773 690 τότε

169 730 286 800 γὰρ
337 729 490 783 ἔσται
533 730 692 800 τυχὸν
745 729 908 802 ὕδωρ.
967 731 1023 784 '0
1070 731 1201 800 γοῦν
1242 731 1374 794 Θεὸς
1411 733 1439 783 ὁ
1478 731 1573 785 καὶ
1602 728 1773 782 ταῦτα

175 824 713 894 μετασχηματίζων,
768 827 800 894 ἡ
868 825 1084 878 πάντων
1141 825 1288 889 θέσις
1341 825 1434 878 καὶ
1485 823 1773 894 ἀφαίρεσίς

170 917 334 967 ἐστι’
371 913 521 977 θέσις
587 915 683 984 μὲν
735 915 954 968 πάντων
982 954 998 978 ,
1057 916 1132 979 ὡς
1178 915 1248 969 τὰ
1295 917 1476 970 πάντα
1522 915 1633 979 θεὶς
1677 915 1772 968 καὶ

172 1009 453 1078 ποιήσας,
510 1009 602 1060 καὶ
660 1007 907 1078 ἱδρύσθαι
962 1008 1439 1080 παρασκευάζωνο
1506 1010 1565 1061 ἐν
1624 1007 1772 1078 αὐτῷ

168 1101 286 1172 γὰρ
337 1101 406 1153 τὰ
452 1100 630 1152 πάντα
677 1101 1028 1170 συνέστηκεν.
1091 1101 1402 1172 Ἀφαίρεσις
1444 1102 1501 1155 δὲ
1552 1103 1770 1155 πάντων

167 1194 349 1256 ἐστὶν,
387 1193 463 1256 ὼς
497 1195 592 1247 καὶ
638 1193 738 1265 τὴν
785 1193 933 1246 θέσιν
978 1194 1148 1265 αὐτὴν
1183 1193 1291 1246 τῶν
1332 1195 1502 1247 ὄντων
1545 1195 1638 1247 καὶ
1671 1193 1769 1265 τὴν

169 1284 398 1356 ποίησιν
425 1285 904 1357 μεταρῤυθμίζων,
942 1287 1362 1356 μετασκευάζων
1401 1289 1494 1340 καὶ
1520 1285 1767 1356 ἀφαιρῶν

167 1380 239 1431 ὲκ
264 1378 378 1431 τῶν
412 1379 744 1450 τεθειμένων
765 1381 833 1434 τὰ
863 1381 1002 1435 κατά
1035 1382 1214 1452 φύσιν.
1249 1385 1310 1436 Εἰ
1335 1383 1445 1455 γὰρ
1485 1383 1768 1455 ὡμολόγη-

165 1487 287 1532 ται,
319 1468 389 1522 τὰ
427 1471 485 1521 ὲν
527 1470 737 1538 γενέσει
775 1472 992 1534 πάντως
1017 1474 1111 1526 καὶ
1138 1473 1471 1544 φθείρεσθαι,
1508 1476 1667 1539 αὐτὸς
1709 1475 1765 1528 δὲ

167 1561 394 1630 πλούτῳ
420 1561 780 1633 ἀγαθότητος,
813 1563 921 1617 τῶν
953 1565 1050 1634 μὲν
1077 1566 1252 1618 ἀνεῖλε
1279 1568 1372 1620 καὶ
1409 1567 1470 1620 τὸ
1504 1567 1762 1638 φθαρτὸν,

167 1651 250 1714 ὡς
274 1651 525 1720 ἀγγέλων
552 1654 646 1706 καὶ
665 1653 874 1724 ψυχῶν,
900 1654 1009 1707 τῶν
1033 1656 1088 1709 δὲ
1114 1657 1174 1709 τὸ
1200 1655 1434 1728 φθαρτὸν
1460 1660 1539 1720 εἰς
1564 1659 1768 1729 ἀφθαρ-

171 1745 298 1797 σίαν
330 1746 661 1816 μετήγαγεν,
688 1747 764 1810 ὡς
808 1748 876 1800 τὰ
909 1746 1136 1817 σώματα
1158 1747 1316 1819 ἡμῶν
1348 1751 1404 1802 ὲν
1430 1752 1494 1821 τῇ
1526 1750 1762 1803 ἀναστά-

171 1855 282 1890 σει·
318 1839 477 1908 δῆλον
503 1840 579 1903 ὡς
606 1841 768 1904 αὐτὸς
791 1839 961 1893 ταῦτα
987 1842 1120 1911 ἡμῖν
1173 1841 1454 1913 ὑπάρχων,
1483 1842 1646 1905 αὐτὸς
1675 1843 1767 1894 καὶ

169 1930 320 2001 ὑπὲρ
336 1930 483 1984 θέσιν
504 1933 622 1985 ἐστὶ
642 1933 734 1984 καὶ
759 1931 1072 2003 ἀφαίρεσιν,
1097 1932 1346 2002 θεμέλιος
1371 1933 1466 1985 καὶ
1489 1931 1612 2002 ῥίζα
1636 1933 1768 1986 πάν-

167 2040 283 2075 των
311 2023 406 2084 ῶν,
435 2025 495 2076 οὐ
520 2023 782 2088 τοπικῶς,
811 2023 945 2076 ἀλλὰ
972 2022 1114 2077 κατὰ
1139 2023 1198 2076 τὸ
1224 2022 1415 2076 αἴτιον.
1443 2024 1580 2077 Οὔτε
1604 2025 1767 2093 ἀφαί-

170 2132 331 2185 ρεσις
368 2118 530 2180 αὐτὸς
555 2116 652 2178 ὢν,
681 2111 755 2171 ὧν
778 2118 938 2181 αὐτὸς
965 2118 1096 2190 ἔχει’
1127 2119 1188 2170 τὸ
1229 2110 1338 2190 γὰρ
1365 2119 1648 2182 ἀθάνατον,
1677 2120 1770 2172 καὶ

166 2209 596 2280 ἀκατάληπτον,
634 2213 727 2263 καὶ
761 2212 1067 2279 ἄγνωστον,
1113 2213 1205 2264 καὶ
1244 2213 1347 2264 ὅσα
1383 2210 1606 2263 τοιαῦτα
1634 2211 1766 2281 ἔχει,

166 2303 271 2373 οὐχ
295 2303 372 2366 ὡς
417 2303 489 2374 μὴ
530 2303 606 2355 ὢν
629 2303 690 2355 τὸ
714 2304 973 2367 ἐναντίον,
1019 2304 1152 2356 ἀλλὰ
1193 2304 1333 2357 κατὰ
1377 2305 1614 2374 ἰδιότητὰ
1650 2321 1770 2356 τινα

169 2397 344 2448 πᾶσιν
369 2394 626 2466 ἄρρητον·
660 2395 922 2467 ἐξῄρηται
952 2396 1062 2468 γὰρ
1099 2398 1207 2450 τῶν
1252 2400 1526 2461 ἁπάντων,
1557 2398 1649 2451 καὶ
1677 2398 1768 2449 ὑπ’

166 2489 388 2552 οὐδενὸς
428 2491 661 2550 νοεῖται,
708 2489 739 2558 ἢ
778 2489 916 2553 ὅλως
964 2489 1463 2561 καταλαμϐάνεται,
1491 2491 1566 2554 ὡς
1609 2491 1770 2554 αὐτὸς

166 2582 364 2634 ἑαυτὸν
393 2583 644 2653 ἁρπάσας
669 2582 756 2634 διὰ
779 2584 878 2653 τῆς
904 2584 1177 2654 ἀπειρίας.
1209 2585 1271 2636 Ἡ
1301 2587 1357 2637 ὲν
1384 2585 1642 2656 ἀλλήλαις
1668 2587 1772 2640 πά-

167 2678 255 2731 λιν
279 2679 389 2731 τῶν
416 2680 718 2750 ὲναρχικῶν
763 2680 1117 2732 ὑποστάσεων
1149 2681 1282 2752 μονὴ
1311 2681 1405 2733 καὶ
1442 2681 1670 2753 ἵδρυσις·
1712 2682 1770 2735 ἓν

167 2769 305 2838 γὰρ,
336 2770 428 2822 καὶ
454 2769 534 2832 ἓν,
563 2771 655 2822 καὶ
680 2766 760 2832 ἓν,
782 2773 876 2823 καὶ
898 2770 965 2823 τὰ
991 2771 1117 2841 τρία
1141 2771 1218 2824 ἓν.
1248 2772 1384 2824 Τίδέ
1407 2775 1553 2826 ἐστιν
1579 2777 1609 2844 ή
1637 2773 1769 2846 μονὴ

167 2863 269 2914 καὶ
295 2863 525 2931 ἵδρυσις,
553 2864 630 2926 ὡς
656 2865 736 2926 τὸ,
779 2864 918 2933 Ἐγὼ
943 2865 1013 2916 ἐν
1040 2863 1118 2929 τῷ
1151 2866 1357 2932 Πατρὶ,
1385 2867 1480 2920 καὶ
1507 2871 1538 2920 ό
1565 2868 1770 2935 Πατὴρ

166 2955 242 3006 ἐν
274 2954 408 3022 ἐμοί
424 2971 441 3016 ;
463 2954 606 3008 οὕτω
630 2957 724 3008 καὶ
751 2958 876 3026 περὶ
903 2956 996 3008 τοῦ
1027 2957 1179 3025 ἁγίου
1220 2958 1533 3029 Πνεύματός
1563 2971 1724 3030 φησιν
1743 2963 1772 3013 ὁ

169 3043 320 3108 θεῖος
347 3046 662 3109 ἀπόστολος.
705 3048 768 3098 Ἡ
799 3047 872 3118 μὴ
904 3048 1282 3119 συγκεχυμένη
1313 3049 1368 3102 ἐν
1399 3050 1573 3121 μέρει,
1605 3051 1772 3104 καθά-

1879 560 2036 612 rare,
2066 547 2405 601 abstinemus
2438 558 2698 602 cancrum
2747 548 2816 603 ab
2860 545 2976 616 ejus
3018 547 3162 617 quod
3205 550 3458 618 cognosci

1880 640 2072 708 nequit
2121 640 2496 709 inquisitione.
2546 640 2788 700 Rursum
2835 656 2964 695 vero
3001 641 3142 694 Deus
3194 655 3260 694 ex
3312 642 3461 696 omni

1879 731 2208 786 intellectilis
2229 734 2460 799 dicitur;
2491 735 2748 799 quoniam
2770 749 2838 789 ex
2859 735 3051 788 amicis
3081 734 3196 787 suis
3225 734 3462 787 muneri-

1876 824 1978 877 bus
2002 835 2054 879 et
2082 824 2554 895 intelligentiis‘“,
2576 843 2676 882 nec
2694 843 2798 882 uou
2815 842 2879 882 ex
2901 827 3171 882 creaturis
3188 827 3462 882 exsistere

1876 914 2250 981 cognoscitur,
2293 930 2359 969 ex
2392 916 2500 970 illis
2545 917 2763 985 quidem
2803 916 3077 983 Salvator,
3109 932 3176 970 ex
3207 919 3290 972 his
3331 933 3462 972 vero

1875 1002 2122 1058 Creator.
2152 1005 2487 1062 Positionem
2515 1020 2698 1062 autem
2732 1025 2825 1062 seu
2858 1008 3273 1064 aliirmationem
3303 1020 3462 1065 vocat

1875 1098 2246 1164 existentiam,
2275 1108 2530 1170 tauquam
2560 1119 2624 1157 ex
2661 1102 2776 1170 ipso
2808 1103 2936 1169 Deo,
2981 1103 3073 1171 qui
3103 1113 3188 1156 est
3214 1104 3459 1156 omnium

1872 1190 2184 1245 existentia.
2203 1191 2518 1263 Philosophi
2538 1195 2680 1246 enim
2700 1194 2867 1257 θέσιν,
2890 1209 2982 1248 seu
3016 1198 3356 1260 positionem,
3375 1210 3462 1247 vo-

1872 1294 1995 1336 cant
2021 1283 2225 1338 formas
2244 1285 2364 1340 illas
2383 1302 2502 1355 quae
2519 1287 2764 1339 materia:
2785 1285 3204 1354 imprimuntur;
3234 1285 3460 1340 ablatio-

1873 1389 1993 1427 nem
2014 1390 2162 1441 vero,
2177 1378 2395 1442 quando
2409 1378 2696 1446 qualitates
2713 1392 2742 1429 a
2769 1377 2960 1432 formis
2986 1377 3329 1442 auferuntur,
3353 1379 3461 1431 vel-

1869 1468 1998 1521 utia
2027 1477 2170 1522 terra
2209 1470 2430 1523 siccitas
2467 1482 2522 1524 et
2568 1471 2829 1538 gravitas,
2870 1483 3001 1523 tunc
3026 1469 3170 1522 enim
3204 1469 3458 1523 fortassis

1871 1575 2008 1629 aqua
2033 1560 2193 1630 333
2228 1561 2350 1614 erit.
2374 1561 2515 1616 Deus
2546 1563 2708 1632 igitur
2731 1562 2820 1629 qui
2843 1563 2958 1615 haec
2975 1561 3158 1614 omnia
3187 1558 3456 1613 trausfor~

1869 1660 1997 1714 mat,
2027 1653 2268 1707 omnium
2301 1663 2383 1707 est
2407 1655 2603 1723 positio
2628 1663 2681 1708 et
2703 1653 2927 1708 ablatio.
2955 1653 3206 1709 Omnium
3238 1653 3456 1722 quidem

1869 1742 2087 1810 positio,
2105 1743 2265 1811 utqui
2287 1747 2468 1797 omnia
2488 1745 2636 1814 ponit
2653 1756 2704 1799 et
2727 1744 2876 1806 facit,
2897 1755 3060 1814 atque
3079 1755 3138 1798 ut
3155 1745 3458 1798 consistant

1871 1835 2146 1904 disponit;
2181 1836 2232 1889 in
2275 1838 2390 1906 ipso
2433 1839 2578 1890 enim
2619 1847 2818 1891 cuncta
2853 1838 3192 1894 consistunt.
3229 1837 3326 1892 Est
3355 1852 3454 1888 au-

1871 1939 1978 1984 tem
2011 1930 2252 1984 omnium
2289 1930 2518 1994 ablatio,
2543 1940 2601 1984 ut
2631 1930 2721 2000 qui
2771 1931 3061 2000 ipsauunet
3091 1947 3273 1984 rermn
3316 1931 3452 1999 posi-

1873 2024 2074 2077 tionem
2119 2038 2182 2077 ac
2228 2024 2564 2078 creationem
2614 2024 2893 2092 componit
2939 2034 3107 2091 atque
3139 2022 3453 2081 concinnat.

1872 2129 1972 2169 nec
1994 2131 2098 2169 non
2133 2115 2313 2169 aufert
2346 2130 2376 2169 a
2411 2117 2572 2170 rebus
2609 2117 2802 2185 positis
2829 2131 2952 2184 quae
2991 2115 3204 2168 illarum
3243 2122 3454 2167 natura:

1873 2208 2254 2263 adversantur.
2282 2208 2417 2263 Cum
2447 2209 2591 2261 enim
2617 2209 2670 2260 in
2705 2208 2959 2263 confesso
2990 2207 3082 2271 sit,
3117 2221 3179 2259 ea
3207 2221 3327 2274 quae
3359 2221 3454 2273 gu-

1875 2311 2138 2354 nerantur
2163 2303 2390 2356 omnino
2415 2302 2578 2355 etiam
2608 2301 2913 2370 corrumpi,
2942 2300 3056 2368 ipse
3084 2310 3267 2352 autem
3291 2299 3456 2352 abun-

1872 2393 2054 2448 dantia
2085 2393 2345 2448 bonitatis
2371 2394 2737 2462 quorumdam
2769 2407 2989 2461 quoque
3015 2389 3232 2444 auferat
3261 2403 3453 2441 corru-

1872 2483 2238 2552 ptibilitatem,
2272 2496 2330 2542 ut
2361 2487 2681 2554 angelormn
2730 2495 2897 2554 atque
2949 2486 3294 2546 animarum;
3331 2495 3460 2550 quu-

1873 2579 2119 2632 rumdam
2146 2595 2275 2634 vero
2297 2579 2815 2649 corruptibilitatem
2852 2576 3145 2632 transferat
3172 2575 3238 2626 ad
3270 2575 3455 2627 incor-

1873 2671 2212 2739 ruptionem,
2271 2682 2327 2725 ut
2372 2686 2602 2739 corpora
2647 2680 2832 2724 nostra
2880 2669 2934 2722 in
3008 2667 3451 2721 rcsurrectioue'

1873 2762 2217 2818 manifestum
2285 2774 2368 2818 est
2426 2765 2599 2833 ipsum
2669 2763 2823 2817 nobis
2887 2763 3005 2816 haec
3059 2761 3456 2822 exsistentem,

1873 2870 2036 2924 supra
2090 2856 2421 2924 positionem
2473 2867 2690 2923 quoque
2747 2866 2903 2917 esse,
2963 2859 3017 2904 et
3082 2849 3455 2910 ablatiouem,

1873 2963 1994 3001 cum
2029 2947 2100 3002 sit
2124 2947 2534 3001 fundamentum
2564 2961 2628 3000 ac
2662 2945 2813 2999 radix
2839 2943 3109 3005 omnimu,
3138 2958 3244 2996 non
3274 2943 3454 3010 quoad

1875 3042 2075 3104 locum,
2107 3041 2201 3095 sed
2230 3051 2492 3108 quantum
2534 3039 2601 3093 ad
2629 3052 2873 3092 causam.
2923 3034 3108 3104 Neque
3139 3035 3252 3102 ipse
3288 3034 3453 3086 etiam

170 3154 283 3205 περ
310 3138 371 3190 τὸ
399 3138 655 3207 αἰσθητὸν
696 3140 1041 3210 παράδειγμα
1072 3139 1212 3210 ἕχον.
1241 3142 1450 3212 ’Ὠσπερ
1473 3141 1582 3212 γὰρ
1604 3141 1768 3213 τριῶν

1877 3146 1958 3190 est
1985 3137 2184 3190 ablatio
2207 3151 2398 3189 eorum
2440 3150 2559 3203 qua:
2593 3134 2793 3196 habet;
2841 3145 2965 3182 nam
3009 3131 3123 3198 ipse
3157 3143 3254 3197 per
3284 3144 3344 3182 se
3372 3129 3460 3180 ha-

169 3227 365 3297 κηρῶν
392 3229 673 3282 ἁπτόντων
714 3228 770 3281 ἕν
811 3247 918 3282 τινι
945 3229 1098 3299 οἴκῳ,
1138 3235 1256 3291 ταῖς
1298 3232 1394 3301 μὲν
1438 3233 1767 3286 ὑποστάσεσι

168 3323 632 3393 διακεκριμένων,
662 3321 740 3392 τῷ
763 3323 820 3374 δὲ
863 3323 1002 3390 φωτὶ
1045 3323 1332 3393 ἡνωμένην
1358 3323 1458 3393 τὴν
1484 3324 1768 3377 κοινωνίαν

169 3417 434 3487 ἐχόντων,
462 3417 556 3468 καὶ
594 3415 768 3478 οὐδεὶς
798 3414 1018 3468 δύναται
1043 3415 1314 3486 διακρῖναι
1341 3418 1400 3470 τὸ
1428 3416 1603 3471 κοινὸν
1630 3418 1765 3486 φῶς,

167 3505 255 3557 ὅτι
282 3504 444 3557 τοῦτο
479 3505 578 3574 μὲν
604 3504 812 3567 τούτου,
846 3503 1004 3556 τοῦτο
1026 3505 1082 3557 δὲ
1109 3505 1202 3558 τοῦ
1229 3506 1388 3559 ἄλλου
1425 3507 1765 3579 λαμπτῆρος.

171 3597 365 3651 Ταῦτα
392 3596 582 3658 εἰπὼν,
619 3597 912 3666 μεταφέρει
938 3599 1028 3650 τὸν
1055 3597 1212 3665 λόγον
1240 3599 1333 3651 ἐπὶ
1356 3600 1417 3652 τὸ
1440 3601 1539 3671 τῆς
1563 3601 1769 3654 οίκονο-

175 3690 310 3759 μίας
338 3691 657 3760 μυστήριον,
689 3690 783 3742 καὶ
803 3689 863 3741 τὸ
888 3690 1252 3758 Εὐαγγελικδν
1279 3690 1440 3760 ῥητὸν
1483 3691 1766 3762 σαφηνίζει

168 3784 255 3844 τὸ,
299 3782 440 3852 Ἐγὼ
464 3783 532 3836 ἐκ
559 3783 666 3836 τοῦ
693 3783 920 3850 Πατρός
934 3781 1218 3850 ἐξῆλθον,
1238 3785 1334 3835 καὶ
1353 3784 1504 3850 πρὸς
1523 3784 1632 3837 τὸν
1654 3789 1771 3838 Πα-

171 3876 320 3943 τέρα
349 3893 463 3944 μου
494 3874 725 3943 ὑπάγω,
753 3875 917 3946 φησιν
991 3879 1072 3933 ὅτι
1116 3874 1273 3939 εἴτις
1296 3875 1392 3929 ἕνα
1414 3875 1522 3928 τῶν
1546 3878 1768 3947 πυρσῶν

170 3965 621 4034 ὑπεξαγαγέσθαι
636 3964 729 4017 τοῦ
751 3965 1027 4035 δωματίου
1054 3965 1258 4035 νοήσει,
1276 3967 1429 4018 οὐδέν
1449 3983 1499 4018 τι
1521 3967 1629 4019 τῶν
1657 3969 1770 4020 ἑτέ-

175 4077 290 4130 ρων
323 4058 516 4126 φώτων
535 4056 1036 4128 συνεπισπώμενον,
1066 4058 1097 4128 ἢ
1122 4059 1183 4110 τὸ
1209 4057 1401 4110 ἑαυτοῦ
1426 4059 1539 4121 τοῖς
1562 4058 1770 4128 ἑτέροις

169 4151 527 4212 καταλεϊπον,
556 4151 615 4203 τὸ
655 4151 1063 4221 ὑπεξαγόμενον
1106 4150 1220 4220 φῶς
1249 4148 1599 4217 ὑπεξάγεταν
1630 4149 1771 4202 οὕτω

169 4247 287 4300 νόει
316 4247 410 4299 καὶ
440 4247 531 4298 ἐπὶ
555 4245 655 4314 τῆς
678 4245 942 4314 ὲνσέιρκου
979 4242 1311 4313 οίκονομίας.
1356 4241 1554 4295 Ἐλθὼν
1589 4243 1618 4293 ὁ
1645 4241 1770 4305 Υἱὸς

169 4343 240 4392 ὲκ
264 4337 361 4391 τοῦ
388 4337 618 4408 Πατρὸς,
648 4337 740 4389 καὶ
775 4335 1118 4406 ἐπιδημήσας
1144 4337 1202 4387 ἐν
1225 4335 1305 4405 τῷ
1331 4335 1540 4405 κόσμῳ,
1565 4335 1626 4387 οὐ
1657 4351 1774 4386 συν-

171 4432 450 4500 εξήγαγεν
484 4429 661 4499 ἑαυτῷ
700 4431 792 4483 τὸν
836 4428 1058 4496 Πατέρα
1104 4431 1198 4482 καὶ
1235 4429 1296 4481 τὸ
1341 4428 1566 4498 Πνεῦμα
1591 4469 1604 4489 ,
1647 4426 1774 4480 οὔτε

1877 3229 1967 3284 bet
1993 3229 2485 3292 immortalitatem,
2534 3235 2589 3280 et
2625 3221 3368 3291 incompreltcnsihilitatem,
3405 3232 3460 3273 et

1874 3321 2478 3393 incoguoscibilitatem,
2509 3319 2726 3387 aliaque
2755 3317 2989 3378 similia;
3024 3329 3132 3368 non
3161 3313 3318 3382 quasi
3350 3327 3455 3364 non

1872 3417 1944 3470 sit
1986 3415 2356 3478 contrarium,
2401 3415 2498 3467 sed
2543 3411 2699 3479 juxta
2744 3410 3134 3482 proprietatem
3167 3405 3454 3476 quamdam

1872 3510 2124 3563 omnibus
2154 3505 2479 3562 ineffabilem
2527 3523 2540 3558 :
2587 3520 2711 3557 nam
2741 3512 3032 3570 exemptus
3061 3510 3146 3553 est
3179 3502 3245 3552 ab
3281 3499 3455 3552 omni—

1872 3603 1996 3664 bus,
2025 3610 2077 3655 et
2104 3617 2133 3654 a
2165 3601 2310 3653 nullo
2335 3599 2705 3668 cognoscitur,
2739 3596 2821 3650 vel
2845 3595 3069 3648 omnino
3100 3591 3457 3658 comprehen-

1872 3695 2053 3758 ditur,
2089 3703 2146 3746 ut
2178 3693 2271 3762 qui
2311 3692 2662 3760 semetipsum
2716 3699 2940 3759 pr0pter
2973 3687 3299 3740 inlinitatcm
3335 3683 3458 3735 suh-

1872 3789 2059 3842 ducat.
2093 3787 2326 3839 Rursum
2355 3793 2436 3838 est
2461 3784 2767 3837 divinarum
2797 3796 3013 3850 quoque
3041 3779 3095 3832 in
3129 3792 3188 3832 se
3223 3776 3455 3830 invicem

1872 3892 2226 3946 personarum
2259 3876 2473 3930 mansio
2497 3890 2548 3927 et
2577 3875 2898 3937 collocatio;
2927 3882 3054 3926 sunt
3083 3870 3230 3925 enim
3265 3885 3455 3926 unum,

1874 3980 1927 4026 et
1971 3987 2160 4036 unum,
2193 3979 2248 4024 et
2278 3985 2443 4022 unum
2473 4008 2489 4033 ,
2519 3980 2571 4022 et
2622 3968 2722 4020 tria
2760 3983 2950 4019 unmn.
2977 3965 3116 4032 Quid
3160 3973 3338 4016 autem
3371 3973 3454 4015 est

1873 4067 2083 4120 mansio
2121 4065 2505 4126 etcollocatio,
2536 4073 2594 4118 ut
2624 4063 2750 4116 illud
2787 4083 2799 4118 :
2839 4062 2946 4132 Ego
2973 4063 3027 4114 in
3064 4060 3244 4120 Putre,
3267 4069 3314 4112 et
3351 4057 3458 4110 Pu~

1873 4173 1952 4213 ter
2014 4162 2067 4212 in
2123 4176 2204 4212 me
2266 4168 2340 4212 est
2393 4157 2477 4211 f‘?
2520 4157 2598 4211 Ita
2655 4157 2822 4212 etiam
2883 4155 2948 4209 de
3005 4154 3206 4223 Spiritu
3263 4159 3458 4205 sancto

1872 4253 2151 4321 apostolus
2195 4251 2290 4306 ait.
2361 4248 2488 4303 Haec
2546 4250 2758 4303 mansio
2803 4263 2908 4300 non
2952 4256 3038 4300 est
3065 4245 3117 4297 in
3144 4254 3297 4312 parte
3321 4257 3454 4296 con—

1873 4347 2012 4411 fusa,
2058 4345 2198 4398 sicut
2225 4343 2483 4399 sensibile
2523 4340 2832 4409 exemplum
2881 4339 3140 4394 declarat.
3179 4333 3459 4402 Quemad—

1875 4438 2092 4491 modum
2125 4437 2271 4491 enim
2306 4437 2351 4490 si
2385 4437 2436 4489 iu
2469 4436 2649 4503 aliqua
2691 4434 2853 4487 domo
2900 4441 3012 4487 tres
3060 4430 3204 4484 cerei
3259 4443 3456 4481 accens

175 4524 289 4594 μὴν
316 4523 424 4576 τῶν
443 4523 660 4576 οἰκείων
694 4540 748 4574 τι
778 4523 1007 4585 ἐκείνοις
1031 4522 1320 4576 κατέλιπεν
1340 4561 1354 4582 ,
1383 4520 1498 4574 ἀλλ’
1525 4521 1767 4591 ἀδιαίρε-

1876 4531 2098 4597 dantur,
2129 4530 2392 4600 suhjeCtis
2417 4530 2635 4598 quidem
2667 4527 2868 4582 diversi
2911 4533 3093 4590 erunt,
3125 4523 3218 4577 sed
3251 4521 3459 4574 lumine

168 4634 267 4669 τον
286 4615 389 4685 τῆς
425 4615 618 4668 ἑαυτοῦ
647 4615 812 4686 μονῆς
851 4615 946 4685 τὴν
977 4614 1154 4680 ἔξοδον
1189 4615 1502 4683 ἐποιήσατο.
1535 4612 1681 4684 Πλὴν
1712 4616 1766 4666 αἱ

168 4710 286 4761 τῶν
312 4709 576 4777 σωμάτων
601 4707 820 4772 ἑνώσεις
850 4707 958 4761 τῶν
987 4725 1046 4760 τε
1078 4705 1431 4777 στοιχειωδῶς
1454 4706 1765 4777 θεωρουμέ-

170 4818 306 4860 νων,
340 4800 433 4852 καὶ
461 4799 570 4851 τῶν
601 4797 774 4861 ἄλλως
817 4816 932 4862 πως
967 4798 1330 4868 μιγνυμένων,
1377 4797 1638 4868 δυνάμεσι
1672 4798 1768 4851 καὶ

173 4891 426 4960 ποιότητι
465 4891 525 4943 τὸ
549 4891 999 4961 παρηλλαγμένον
1031 4890 1261 4959 ἔχουσιν·
1296 4888 1556 4952 ὡσαύτως
1590 4891 1683 4942 καὶ
1712 4891 1767 4942 αἱ

167 4983 407 5054 ψυχικαὶ
431 4983 688 5052 δυνάμεις
716 4983 777 5034 τὸ
805 4982 1058 5052 διάφορον
1100 4981 1300 5051 έχουσι,
1333 4982 1426 5034 καὶ
1467 4981 1571 5052 μὴν
1601 4985 1694 5034 καὶ
1715 4985 1768 5034 αἱ

169 5073 288 5125 τῶν
321 5072 568 5140 ἀγγέλων
591 5073 727 5142 πρὸς
756 5073 854 5136 τὰς
904 5073 1052 5136 θείας
1084 5072 1379 5142 ὲλλάμψεις
1409 5072 1677 5141 ένότητες,
1709 5075 1771 5125 τὸ

171 5164 282 5218 ἀνα
317 5164 481 5235 μέρος
505 5166 599 5217 καὶ
628 5163 886 5232 ἀνάλογον
909 5167 1028 5228 ταῖς
1049 5165 1276 5227 οἰκείαις
1292 5164 1509 5230 τάξεσιν
1532 5165 1764 5235 ἔχουσιν·

171 5257 208 5327 ἡ
231 5256 292 5309 δὲ
328 5259 385 5310 έν
409 5259 473 5327 τῇ
505 5256 634 5326 ἁγίᾳ
661 5257 848 5327 Τριέιδι
877 5257 1084 5327 ἑνότης,
1107 5259 1200 5310 καὶ
1217 5257 1316 5310 ὅσα
1340 5256 1563 5326 ταύτης,
1591 5258 1766 5310 οὐδενὶ

171 5350 289 5403 τῶν
322 5349 630 5419 εἰρημένων
657 5348 1080 5419 διακοπτομένη,
1179 5349 1386 5402 ἑαυτῶν
1416 5349 1764 5419 διαφέρουσα,

168 5447 406 5509 εἰκότως
459 5446 601 5516 ὑπὲρ
635 5446 838 5509 ταύτας
876 5445 976 5508 τὶς
1015 5445 1237 5508 ἑνώσεις
1279 5442 1417 5498 εἶναι
1464 5443 1762 5508 δοξάζεται.

186 5540 582 5612 Ὑπερίδρυται
617 5540 712 5610 μὲν
805 5538 1129 5610 ὑπερούσιος
1171 5539 1382 5601 ἓνωσις.
1421 5539 1480 5590 οὐ
1516 5538 1622 5590 τῶν
1663 5556 1768 5589 σω-

257 5675 306 5712 τ⁹
336 5673 492 5729 Joau.
531 5690 583 5736 ς,
616 5673 706 5728 '58.
787 5677 810 5711 κ
842 5673 998 5727 Juau.
1030 5690 1134 5738 xw,
1161 5674 1250 5728 9.8.

1878 4625 2011 4679 uniti
2037 4625 2138 4677 sibi
2166 4624 2397 4677 invicem
2423 4621 2905 4676 communicabuut
2929 4635 2942 4683 ;
2967 4630 3141 4684 neque
3167 4613 3454 4684 quisquam

1877 4726 2053 4788 potest
2085 4731 2369 4771 commune
2395 4716 2575 4768 lumen
2601 4713 2929 4772 discernere,
2963 4709 3233 4778 quodnam
3260 4706 3330 4760 sit
3365 4705 3460 4757 hu-

1869 4812 1979 4880 jus,
1999 4809 2210 4878 etquod
2231 4806 2780 4861 alteriusluminaris.
2810 4801 2935 4857 iisne
2958 4802 3049 4871 ubi
3086 4801 3250 4865 dixit,
3279 4807 3456 4853 trans-

1875 4904 1981 4959 fert
2021 4918 2327 4956 sermonem
2374 4903 2442 4955 ad
2498 4900 2818 4970 mysterium
2881 4893 3348 4966 dispensationis,
3402 4901 3458 4945 et

1874 4996 2246 5067 evangelicum
2288 4994 2416 5048 illud
2447 4993 2647 5048 dictum
2683 4991 3026 5060 explanatis:
3074 4986 3185 5056 Ego
3222 5003 3253 5038 α
3299 4984 3458 5038 Patre

1879 5088 2046 5152 exiri,
2086 5094 2138 5138 et
2181 5085 2251 5138 ad
2285 5081 2504 5137 Patrem
2534 5098 2706 5135 meum
2743 5080 2873 5135 vado
2923 5081 2970 5143 3,
2998 5079 3072 5133 ait
3106 5077 3217 5133 :Ut
3265 5079 3311 5134 si
3345 5079 3468 5146 quis

1882 5193 2045 5233 unam
2077 5177 2248 5233 facem
2274 5191 2560 5231 accensam
2597 5189 2626 5229 e
2654 5173 2818 5227 domo
2849 5172 3008 5228 educi
3033 5173 3306 5242 intelligit,
3334 5172 3466 5225 nihil

1878 5275 2109 5330 aliorum
2157 5273 2428 5328 luminum
2486 5286 2672 5326 secum
2729 5271 2952 5324 trahens
2987 5269 3070 5322 vel
3113 5269 3178 5322 de
3212 5282 3314 5321 suo
3360 5283 3464 5319 cac-

1877 5369 2009 5423 teris
2032 5369 2369 5437 relinquens,
2387 5366 2567 5419 lumen
2601 5364 2857 5418 eductum
2889 5361 3174 5424 educitur;
3196 5359 3274 5412 sie
3298 5358 3464 5410 etiam

1877 5461 2117 5532 iutellige
2176 5461 2230 5513 in
2295 5457 2705 5528 dispensatione
2767 5452 3184 5508 lucaruationis.
3252 5449 3464 5518 Quippe

1874 5555 2046 5610 Filius
2089 5570 2119 5608 a
2157 5552 2318 5609 Patre
2379 5552 2640 5613 veniens,
2696 5557 2748 5603 ct
2801 5548 2857 5602 in
2911 5548 3014 5600 hoc
3073 5542 3277 5597 mundo
3327 5557 3459 5597 con—

1403 5765 1406 5768 ‘
1467 5740 1703 5800 VARI/13
1772 5729 2176 5792 LEGTIONES.

257 5817 341 5883 “‘I
367 5816 590 5872 Maxim.
619 5816 977 5870 vroridentiis.
