3876 6226
444 292 547 348 667

1630 302 1682 359 ὃ.
1720 302 2019 363 DlONYSll
2058 308 2520 369 AREOPAGITA‘J

3619 325 3729 382 666

445 414 698 462 versatus
719 421 824 462 non
843 409 1035 466 eduxit
1060 426 1245 467 secum
1269 413 1511 480 Patrem,
1536 432 1709 485 neque
1732 419 2017 488 Spiritum,

2134 428 2383 496 ματικῶν
2418 430 2578 499 μόνον
2607 430 2873 498 ένώσεων,
2906 435 3041 490 ἀλλά
3068 437 3162 491 καὶ
3188 437 3298 490 τῶν
3324 439 3385 491 ὲν
3403 440 3606 510 ψυχαῖς
3634 447 3730 497 αὐ-

444 511 623 564 ueque
645 497 937 567 quidquam
964 503 1065 556 sibi
1091 505 1370 571 proprium
1402 507 1465 560 iis
1496 508 1735 577 reliquit,
1761 512 2027 576 sedltunc

442 600 727 656 egressum
763 604 792 642 a
823 591 903 643 sui
935 592 1103 660 ipsius
1135 596 1417 651 mansione
1448 597 1575 653 fecit
1606 600 1771 672 335I
1805 603 2028 657 indivul-

442 690 586 733 sum.
630 678 899 733 Caeterum
932 683 1166 747 uniones
1212 700 1509 754 corporum
1539 705 1662 758 qua:
1696 694 2029 747 elementali—

446 776 532 819 ter
571 768 1015 832 considerantur,
1051 782 1215 843 atque
1239 776 1346 830 alio
1372 778 1610 846 quodam
1641 782 1799 837 modo
1828 784 2029 852 permi-

445 868 694 925 scentur,
723 861 1019 917 virtutibus
1046 873 1100 918 et
1128 866 1484 935 qualitatibus
1512 882 1931 940 permutantur;
1954 875 2028 929 si-

440 950 643 1005 militer
691 968 909 1022 quoque
967 954 1259 1013 facultates
1305 961 1568 1018 animales
1618 978 1773 1019 suam
1826 968 2029 1023 habent

440 1040 843 1109 differentiam;
882 1046 1012 1113 quin
1057 1057 1112 1101 et
1143 1051 1461 1119 angelorum
1494 1068 1619 1108 cum
1662 1055 1862 1112 divinis
1908 1060 2028 1114 illu-

438 1133 796 1189 strationibus
856 1138 1135 1195 uuitiones
1184 1157 1283 1210 pro
1352 1144 1606 1200 ordinum
1679 1150 2025 1217 propriorum

438 1231 595 1290 parte
639 1238 705 1279 ac
742 1229 1097 1296 proportione
1135 1230 1294 1286 fiunt.
1342 1234 1614 1293 Divinitas
1652 1254 1785 1294 vero
1824 1254 2028 1299 sancta:

439 1311 749 1382 Trinitatis,
776 1329 830 1373 et
855 1321 1121 1390 quidquid
1150 1324 1267 1393 ejus
1302 1334 1406 1391 est,
1436 1329 1582 1383 nullo
1606 1332 1874 1388 dictorum
1907 1352 2024 1392 mo-

436 1404 506 1459 do
537 1403 801 1474 dissecta,
832 1420 926 1465 aut
959 1428 989 1467 a
1039 1428 1099 1468 se
1124 1416 1361 1481 diversa,
1398 1422 1595 1475 merito
1624 1435 1881 1481 censetur
1905 1444 2027 1483 esse

436 1511 606 1566 supra
634 1500 774 1555 istas
802 1504 1054 1560 uniones.
1086 1505 1570 1575 Supercollocatur
1599 1516 1742 1569 enim
1770 1518 1900 1572 unio
1932 1536 2025 1574 su-

436 1591 919 1655 persubstautialis
942 1611 1047 1650 non
1076 1607 1285 1653 tantum
1314 1604 1616 1671 corporeis,
1642 1622 1827 1661 verum
1858 1612 2023 1664 etiam

435 1682 505 1737 iis
533 1701 653 1753 qum
694 1688 747 1741 in
782 1690 1106 1757 animabus,
1149 1695 1281 1762 quin
1326 1707 1379 1749 et
1424 1698 1476 1751 in
1531 1699 1777 1768 ipsistnet
1817 1705 2026 1773 angelis

2130 522 2269 584 ταῖς,
2303 522 2398 574 καὶ
2430 523 2627 593 μᾶλλον
2667 526 2729 578 ὲν
2754 527 2939 592 αὐτοῖς
2976 531 3091 593 τοῖς
3118 530 3389 599 ἀγγέλοις,
3414 532 3481 596 ἀς
3505 533 3571 604 δὴ
3602 536 3731 588 ἑνώ-

2133 630 2246 677 σεις
2277 614 2429 679 Θείας
2469 617 2650 688 έχουσι
2674 620 2743 674 τά
2769 622 3136 694 ὑπερουράνια
3173 626 3355 695 φῶτα,
3387 629 3434 679 οί
3479 628 3728 697 ἄγγελοι,

2130 707 2368 777 ἀμιγῶς,
2397 709 2740 781 ἀσυγχύτως,
2775 716 2868 768 καὶ
2894 716 3301 789 ύπερκοσμίως,
3333 719 3429 772 ὅλα
3464 720 3532 772 δι’
3559 722 3723 774 ὄλωνο

2129 797 2190 850 ού
2229 798 2341 872 γάρ
2382 803 2625 874 μερικῶς
2661 806 3084 878 ἐπιϐραὸεύεται
3119 810 3326 876 τούτοις
3357 816 3388 883 ἡ
3414 812 3688 885 έλλαμψις
3710 858 3724 879 ,

2130 887 2245 941 ἀλλ’
2271 890 2551 959 ὁλπελῶς,
2582 898 2629 948 εί
2673 899 2912 953 κάκεῖνοι
2938 902 3074 973 πρὸς
3097 903 3158 956 τὸ
3188 904 3410 958 δυνατὸν
3437 908 3533 959 καὶ
3562 907 3725 976 μόνον

2130 981 2395 1039 ἐνοῦνται.
2422 986 2651 1059 Ὥσπερ,
2679 989 2830 1060 ήλίου
2855 992 3115 1058 όλοτελῶς
3137 979 3557 1066 ὲπιλάμτέοντος,
3594 998 3727 1051 ἕκα-

2133 1090 2255 1127 στον
2283 1076 2421 1148 πρὸς
2442 1079 2503 1131 τὸ
2529 1078 2753 1135 δυνατὸν
2781 1084 2881 1151 τεοῦ
2913 1086 3089 1153 φωτὸς
3121 1088 3545 1159 μεταλαμϐάνει,
3576 1090 3725 1143 οὕτω

2132 1166 2225 1217 καὶ
2251 1168 2343 1219 ἐπὶ
2365 1171 2478 1233 τοῖς
2501 1170 2755 1239 ἀγγέλοις
2775 1175 3005 1242 γίνεται,
3025 1177 3167 1230 κατά
3186 1178 3286 1249 τὴν
3305 1180 3601 1248 ἀναλογίαν
3624 1183 3722 1235 αό-

2129 1253 2259 1319 τῶν,
2282 1257 2381 1327 τῆς
2408 1257 2557 1323 Θείας
2578 1262 2671 1313 καὶ
2696 1262 2870 1333 ὑπερη
2882 1264 3085 1335 ρμένης
3109 1266 3355 1331 ὲνώσεως
3378 1270 3720 1339 μετέχουσιν.

2134 1346 2289 1399 Ἐστι
2313 1347 2585 1417 διάκρισις
2610 1352 2667 1403 ὲν
2692 1356 2812 1417 ταῖς
2834 1354 3149 1425 Θεολογίαις,
3178 1357 3276 1427 ούχ
3295 1358 3361 1428 ῆν
3385 1358 3600 1429 ἔφημεν
3629 1361 3726 1429 μό-

2129 1453 2219 1489 νον
2259 1437 2540 1508 πρότερον,
2580 1442 2659 1494 ὅτι
2692 1444 3010 1514 ἀσυγχύτως
3037 1449 3116 1510 είς
3154 1450 3304 1518 τρεῖς
3353 1448 3722 1512 Ὑποστάσεις

2128 1530 2468 1601 διακέκριται
2496 1533 2874 1608 ἀδιαιρέτωςή
2912 1539 3031 1595 Θεία
3071 1543 3163 1595 καὶ
3208 1543 3350 1614 ἁπλῆ
3388 1542 3570 1613 φύσις·
3606 1545 3722 1597 ἀλλ’

2128 1620 2211 1671 ὅτι
2242 1621 2420 1673 καὶτὸ
2452 1623 2545 1676 τοῦ
2585 1626 2797 1697 Πατρὸς
2822 1628 3066 1699 αῠχημα,
3109 1630 3409 1704 δηλονότιή
3447 1634 3721 1703 θεογονία,

2128 1710 2228 1762 οὐκ
2277 1712 2621 1783 ἀντιστρέφει
2671 1716 2806 1787 πρὸς
2852 1717 3038 1771 τᾶλλα.
3081 1719 3232 1791 Μόνη
3281 1720 3390 1792 γὰρ
3427 1723 3584 1792 πηγὴ
3624 1722 3725 1791 τῆς

434 1780 783 1847 contingunt,
819 1796 954 1849 quas
997 1784 1183 1853 utique
1212 1787 1424 1843 divinas
1471 1791 1701 1847 uniones
1738 1794 1826 1848 illa
1862 1796 2017 1851 lumi-

2132 1805 2233 1856 ὐπε
2244 1780 2481 1873 ρουσίου-
2502 1780 2753 1877 θεότητος
2801 1810 2830 1861 ὁ
2877 1811 3067 1882 Πατὴρ
3094 1851 3107 1875 ,
3178 1780 3554 1881 φυλαττόντων
3571 1780 3584 1792 ’

435 1870 589 1923 naria
620 1876 1058 1942 supercmlcstia,
1083 1880 1291 1934 scilicet
1322 1881 1519 1951 angeli,
1548 1885 1903 1953 imperauiste,
1941 1892 2020 1943 in-

435 1963 686 2032 confuse,
720 1976 774 2020 et
800 1974 1319 2037 supermundialiter
1349 1984 1458 2028 tota
1490 1989 1547 2029 se
1579 1978 1706 2031 totis
1736 1980 1982 2036 obtinent
2010 2000 2025 2048 ;

434 2071 543 2111 non
603 2059 747 2111 enim
794 2062 1107 2128 partialiter
1172 2066 1256 2120 bis
1320 2066 1615 2123 illustratio
1669 2075 2020 2141 conceditur,

432 2154 529 2209 sed
576 2159 802 2210 omnino
832 2159 1065 2229 integre,
1105 2162 1321 2216 tametsi
1356 2177 1573 2232 quoque
1604 2179 1704 2232 pro
1730 2177 1888 2236 captu
1925 2185 2023 2224 suo

432 2246 700 2301 duntaxat
763 2250 1043 2304 uniantur.
1103 2253 1572 2319 Quemadmodum
1634 2258 1748 2313 sole
1801 2262 2024 2317 omnino

2132 1896 2315 1966 ὓμνων
2332 1898 2569 1963 εὐσεὸῶς
2590 1899 2658 1953 τὰ
2681 1903 2856 1955 οίκεῖα
2872 1903 3076 1977 ἑκάστῃ
3092 1905 3199 1957 τῶν
3225 1905 3531 1977 θεαρχικῶν
3560 1908 3724 1961 Ὑπο-

2132 1991 2393 2043 στάσεων.
2428 1990 2557 2044 Ἰδοὺ
2584 1995 2677 2046 καὶ
2694 1995 2853 2065 ἑτέρα
2878 1996 3173 2066 διάκρισις,
3198 1998 3319 2051 καθ’
3348 1999 3415 2068 ἣν
3440 2000 3726 2070 διακέκρο-

2128 2098 2217 2133 ται
2245 2084 2273 2134 ὁ
2302 2082 2491 2154 Πατὴρ
2515 2083 2626 2137 τῶν
2652 2086 2932 2152 αίτιατῶν,
2984 2088 3115 2141 Υίοῦ
3142 2105 3202 2141 τε
3241 2090 3332 2141 καὶ
3374 2090 3721 2159 Πνεύματος.

2128 2168 2296 2225 Αὖται
2324 2174 2421 2243 μὲν
2446 2175 2500 2227 αί
2528 2176 2647 2228 κατ’
2674 2178 2893 2247 ἐκείνην
2918 2178 3015 2249 τὴν
3043 2180 3281 2251 ἄρρητον
3323 2182 3558 2252 φυσικὴν
3584 2182 3721 2235 ἑνω-

2133 2282 2215 2318 σιν
2244 2265 2466 2331 ἐνώσεις
2486 2285 2544 2320 τε
2569 2269 2663 2321 καὶ
2686 2269 3006 2342 διακρίσεις.

432 2337 675 2405 perfecte
701 2338 1055 2399 illucescente
1090 2346 1355 2413 quidlibet
1387 2364 1482 2417 pro
1506 2362 1665 2420 captu
1702 2368 1802 2407 suo
1837 2353 2017 2408 lumen
2054 2357 2374 2426 participat,
2419 2360 2491 2413 ita
2554 2362 2717 2415 etiam
2753 2337 3059 2433 iit-angelis
3102 2367 3388 2436 contingit,
3450 2368 3578 2422 dum
3633 2383 3720 2423 se.

430 2430 666 2485 cundum
705 2436 1112 2502 proportionem
1167 2453 1321 2493 suam
1353 2442 1548 2499 divinae
1605 2446 1750 2500 illius
1810 2458 1866 2501 et
1926 2452 2383 2516 supereminentis
2443 2454 2661 2511 uuionis
2717 2458 3009 2528 participes
3062 2462 3359 2516 exsistunt.
3408 2462 3509 2517 Est
3552 2463 3716 2515 etiam

429 2520 714 2577 distinctio
766 2524 817 2577 in
872 2526 1109 2592 divinis,
1162 2545 1267 2583 non
1330 2546 1393 2585 ea
1445 2543 1651 2588 tantum
1701 2553 1864 2605 quam
1921 2542 2073 2609 prius
2139 2543 2405 2609 diximus,
2468 2547 2614 2613 quod
2678 2548 2965 2605 inconfuse
3003 2553 3055 2605 in
3104 2562 3214 2607 tres
3255 2552 3530 2608 Personas
3574 2556 3717 2609 indi-

430 2615 592 2669 vidua
640 2616 979 2687 simplexque
1048 2630 1242 2675 natura
1301 2625 1479 2680 divina
1545 2628 1857 2697 dividatur,
1925 2647 2111 2686 verum
2172 2636 2339 2690 etiam
2394 2639 2576 2693 Patris
2633 2640 2819 2706 notio,
2868 2642 3079 2698 scilicet
3149 2646 3325 2700 activa
3389 2647 3486 2700 Dei
3546 2661 3713 2716 gene-

431 2709 591 2773 ratio,
616 2723 739 2763 cum
769 2709 891 2765 aliis
922 2727 1029 2767 non
1089 2726 1465 2774 convertatur.
1530 2720 1694 2775 Pater
1738 2727 1883 2778 enim
1937 2726 2085 2781 solus
2122 2728 2244 2785 fons
2292 2743 2377 2786 est
2424 2737 2901 2801 superessentialis
2929 2738 3179 2803 Deitatis,
3222 2739 3465 2808 qualibet
3507 2742 3716 2794 divina-

430 2810 549 2857 rum
602 2800 969 2858 Personarum
1030 2808 1381 2876 proprietatis
1444 2826 1556 2865 sua:
1608 2813 1796 2869 Iaudes
1844 2815 2097 2884 religiose
2146 2800 2631 2878 conservantibus.
2680 2824 2823 2881 Ecce
2880 2828 3046 2881 etiam
3100 2830 3261 2883 aliam
3305 2831 3713 2885 distinctionem

429 2898 729 2951 secundum
771 2913 948 2968 quam_
969 2900 1132 2957 Pater
1174 2904 1242 2958 ab
1293 2905 1501 2963 effectis
1530 2908 1652 2963 Filii
1690 2919 1746 2965 et
1780 2909 2019 2981 Spiritus
2052 2916 2229 2971 sancti
2254 2917 2630 2988 distinguitur.
2663 2917 2757 2973 lle
2785 2922 3004 2990 quidem
3051 2934 3181 2978 sunt
3213 2926 3443 2980 uniones
3477 2936 3535 2980 et
3596 2928 3713 2983 dis-

429 2988 719 3044 tinctiones
749 2991 804 3045 in
832 2992 922 3047 illa
946 2994 1203 3053 ineffabili
1238 2999 1441 3055 unione
1468 3001 1726 3056 naturali.

498 3084 526 3155 ς
561 3081 624 3137 V.
662 3083 757 3139 Est
791 3088 956 3140 etiam
986 3090 1283 3143 secundum
1317 3091 1367 3144 al
1397 3107 1481 3145 am
1528 3094 1798 3148 rationem
1829 3094 2010 3149 divina

2186 3091 2215 3165 ὅ
2244 3093 2307 3147 γ,
2345 3094 2502 3147 Ἔστι
2532 3096 2626 3148 καὶ
2657 3098 2779 3149 κατ’
2809 3096 2967 3150 ἄλλον
2995 3097 3150 3166 λόγον
3193 3098 3312 3153 θεία
3352 3102 3650 3174 διάκρισις,
3681 3107 3711 3175 ἡ

427 3174 726 3244 distinctio,
768 3177 859 3232 illa
904 3178 998 3233 Dei
1041 3190 1267 3250 propter
1305 3182 1695 3237 abundantiam
1747 3186 2010 3241 bonitatis

2121 3184 2200 3240 5ιά
2226 3185 2430 3256 πλῆθος
2455 3186 2793 3258 ἀγαθότητος
2820 3188 3045 3259 πρόοδος
3085 3188 3179 3242 τοῦ
3220 3191 3355 3245 Θεοῦ
3384 3195 3464 3256 εἰς
3490 3197 3590 3266 τὴν
3623 3174 3713 3247 ποέ

424 3269 698 3323 emanatio
729 3269 797 3323 ad
825 3271 1151 3340 multiplices
1184 3283 1295 3328 tam
1356 3276 1650 3333 inVIsibilis
1680 3294 1843 3347 quam
1882 3280 2013 3333 visi-

425 3358 548 3413 bilis
579 3370 849 3415 creaturze
881 3360 1109 3418 formas.
1145 3362 1315 3420 Porro
1365 3366 1723 3436 providentia:
1766 3369 2009 3439 benigni-

428 3460 677 3521 talesque
711 3455 1033 3520 creationis,
1068 3457 1224 3517 trina:
1266 3459 1460 3513 unitati
1503 3470 1630 3514 sunt
1672 3477 2009 3517 communes.

424 3540 504 3597 Ne
529 3544 734 3615 itaque,
762 3562 881 3602 cum
906 3550 1093 3604 audies
1117 3551 1551 3616 distinctionem,
1582 3555 2009 3621 existimaveris,

427 3635 519 3688 nni
575 3653 792 3707 quoque
858 3638 1120 3696 Persona:
1181 3644 1345 3698 alicui
1414 3646 1643 3700 seorsim
1698 3659 2013 3717 competere

428 3727 762 3782 creationem
814 3731 1301 3797 providentiamve,
1344 3736 1442 3789 sed
1500 3736 1873 3793 distinctiones
1916 3755 2010 3809 ap-

426 3816 652 3885 pellavit
700 3823 1082 3877 emanationes
1147 3826 1442 3880 ereationis
1498 3843 1563 3882 ac
1629 3831 2011 3899 providentia},

429 3916 689 3977 tauquam
718 3909 1018 3968 effusiones
1056 3915 1315 3971 bonitatis
1343 3932 1374 3973 a
1428 3918 1583 3973 beata
1631 3930 1687 3974 et
1728 3921 2012 3977 inconfusa

428 3999 701 4059 Trinitate
731 4003 1045 4070 distinctas,
1075 4011 1372 4065 secundum
1397 4027 1535 4082 quas
1574 4029 1603 4066 a
1646 4016 2010 4083 participatis,

427 4091 642 4147 scilicet
671 4092 854 4162 donis,
887 4105 942 4153 et
981 4100 1466 4169 participantibus,
1520 4102 1732 4158 scilicet
1781 4104 2011 4169 efl‘ectis,

427 4188 721 4244 laudantur
748 4206 812 4245 ea
852 4210 971 4262 qua:
1018 4194 1418 4265 imparticipatc
1446 4197 1865 4266 participantur.
1907 4198 2013 4251 lm—

426 4284 753 4355 participate
792 4296 973 4340 autem
1005 4288 1368 4357 participatur
1397 4290 1560 4353 Deus,
1590 4289 1753 4360 335
1790 4293 1883 4361 qui
1921 4309 2015 4346 na-

428 4384 547 4427 tura
576 4390 671 4430 sua
703 4377 755 4431 in
783 4378 1241 4433 tribussubsistit
1285 4380 1577 4444 Pet-sonis;
1607 4383 1874 4451 siquidem
1911 4384 2013 4438 hoc

2112 3278 2348 3331 λυειδίαν
2389 3279 2487 3349 τῆς
2538 3278 2899 3350 δημιουργίας
2937 3281 3036 3351 τῆς
3076 3282 3307 3353 ἀοράτου
3350 3286 3443 3338 καὶ
3488 3288 3708 3356 ὁρατῆς.

2113 3372 2307 3424 Κοιναὶ
2334 3370 2391 3424 δέ
2418 3372 2524 3423 είσι
2564 3372 2665 3441 τῆς
2690 3374 3121 3443 τρισυποστάτου
3162 3376 3347 3439 ἑνάδος
3376 3378 3431 3429 αἱ
3456 3376 3713 3448 δημιουρ-

2114 3464 2269 3530 γικαὶ
2294 3462 2543 3533 πρόνοιαί
2574 3480 2637 3514 τε
2668 3464 2763 3514 καὶ⁵
2790 3463 3143 3533 ἁγαοότητες.
3188 3464 3279 3536 Μὴ
3306 3466 3435 3533 γοῦν
3473 3466 3711 3537 ἀκούσῃς

2112 3554 2404 3623 διάκρισιν,
2436 3556 2527 3607 καὶ
2562 3554 2809 3625 νομίσῃς,
2839 3555 2919 3606 ὅτι
2942 3553 3371 3624 διακεκριμένως
3414 3555 3515 3625 μία
3554 3556 3714 3607 Ὑπὸ-

2117 3662 2307 3708 στασις
2356 3645 2471 3715 ἕχει
2513 3644 2611 3715 τὴν
2648 3644 3008 3715 δημιουργίαν
3051 3644 3084 3715 ἣ
3126 3645 3223 3715 τὴν
3267 3646 3547 3715 πρόνοιαν
3578 3648 3712 3700 ἀλλὰ

2114 3735 2414 3807 διακρίσεις
2441 3731 2592 3789 εἷπον
2614 3736 2712 3800 τὰς
2739 3738 2997 3809 προόδους
3012 3737 3111 3806 τῆς
3125 3737 3484 3809 δημιουργίας
3510 3743 3603 3792 καὶ
3618 3743 3713 3810 τῆς

2117 3828 2393 3897 προνοίας,
2423 3826 2498 3890 ὥς
2523 3845 2673 3891 τινας
2701 3827 2885 3898 χύσεις
2924 3827 3257 3898 ἀγαοότητος
3285 3828 3712 3900 διακεκριμένας

2115 3919 2224 3972 ἀπὸ
2246 3919 2346 3987 τῆς
2374 3920 2648 3990 μακαρίας
2677 3920 2770 3972 καὶ
2794 3920 3100 3989 ἀσυγχύτου
3133 3919 3379 3988 Τριαδος,
3410 3921 3533 3973 καθ’
3559 3922 3625 3985 ἃς
3652 3925 3714 3975 ἐκ

2115 4009 2222 4062 τῶν
2249 4008 2512 4080 μετοχῶν,
2531 4009 2772 4078 δηλονότι
2798 4009 2906 4061 τῶν
2934 4008 3173 4078 δωρεῶν,
3202 4011 3295 4062 καὶ
3318 4008 3427 4062 τῶν
3458 4012 3713 4082 μετεχόν-

2114 4118 2246 4164 των,
2277 4100 2381 4153 τῶν
2411 4101 2667 4155 αἱτιατὼν
2693 4100 2970 4171 δηλονότι,
3004 4102 3251 4171 ὑμνεῖται
3293 4101 3361 4153 τὰ
3390 4102 3711 4171 ἀμεϐἐκτως

2119 4194 2475 4265 μετεχόμενα.
2503 4194 2877 4264 Μετεχόμενον
2904 4193 2960 4245 δέ
2989 4195 3134 4245 ἐστιν
3155 4192 3475 4263 ἀμεθέκτως
3501 4197 3535 4264 ἡ
3563 4212 3713 4265 τρισ-

2116 4288 2417 4351 υπόστατος
2461 4286 2620 4356 φύσις
2660 4289 2688 4339 ό
2732 4285 2900 4350 Θεὸς,
2942 4287 3035 4339 καὶ
3073 4285 3232 4338 τοῦτο
3273 4288 3383 4356 γὰρ
3434 4288 3618 4340 κοινὸν
3646 4290 3710 4357 τῇ

2116 4380 2212 4450 ὅλῃ
2240 4379 2475 4450 Οεότητι,
2505 4379 2565 4431 τὸ
2610 4380 2791 4431 πᾶσαν
2832 4378 3001 4449 αὐτὴν
3044 4378 3175 4448 ὃλην
3213 4378 3303 4447 ὑφ’
3335 4379 3575 4431 ἑκάστου
3606 4380 3711 4431 τῶν

429 4466 523 4520 ιοιί
558 4467 829 4524 divinitati
861 4485 1150 4525 commune
1199 4480 1305 4539 est,
1344 4488 1563 4527 omnem
1622 4476 1794 4543 ipsam
1840 4485 2004 4529 totam

2121 4472 2450 4542 μετεχόντων
2476 4470 2796 4542 μετέχεσθαι
2820 4510 2835 4535 ,
2877 4473 2971 4523 καὶ
3000 4471 3101 4523 οὐκ
3138 4472 3197 4523 ἐν
3229 4470 3383 4540 μέρει
3406 4509 3421 4532 ,
3450 4473 3502 4522 εἰ
3532 4473 3627 4523 καὶ
3648 4471 3711 4523 τὰ

421 4570 455 4608 a
497 4558 742 4624 quolibet
793 4562 1237 4631 participantimn
1290 4565 1632 4635 participari,
1683 4576 1739 4620 et
1792 4582 1897 4621 non
1958 4571 2010 4622 in

424 4660 609 4714 parte,
676 4652 893 4705 tametsi
953 4653 1348 4722 participantia
1390 4657 1686 4710 secundum
1738 4659 2012 4727 propriam

424 4738 735 4794 facultatem
779 4756 898 4796 eam
942 4744 1302 4815 partieipeut,
1340 4748 1796 4817 quemadmodum
1837 4749 2013 4802 valida

424 4846 561 4887 voce
591 4835 853 4898 excitata,
892 4852 1190 4905 praesentes
1234 4857 1428 4898 omnes
1478 4859 1577 4912 pro
1609 4844 1873 4900 facultate
1910 4862 2008 4901 sua

425 4927 672 4981 eamdem
721 4932 1050 4999 percipiunt,
1082 4943 1136 4986 et
1179 4935 1280 5000 vir,
1310 4945 1364 4990 et
1395 4952 1554 5004 puer,
1585 4948 1640 4993 et
1680 4940 1839 4994 bruta
1866 4958 1879 4993 :
1915 4946 2013 4995 scd

427 5016 503 5070 illi
538 5018 755 5085 quidem
798 5021 1092 5087 valentius,
1116 5025 1167 5078 hi
1198 5042 1326 5080 vero
1364 5029 1674 5093 remissius,
1702 5033 2006 5086 secundum

428 5104 707 5161 facultatis
752 5110 1007 5164 audiendi
1053 5112 1379 5170 efﬁcaciam.
1433 5118 1613 5187 Atque
1640 5125 2013 5175 communica-

425 5192 550 5247 bilis
580 5203 664 5248 est
695 5209 818 5261 vox,
864 5205 918 5251 et
966 5198 1019 5252 in
1059 5212 1119 5252 se
1150 5201 1264 5269 ipsa
1308 5203 1845 5262 incommunieabilis
1898 5225 2010 5262 ma-

426 5300 581 5340 nens.
647 5288 765 5351 Vel,
814 5289 970 5358 juxta
1017 5294 1263 5362 exempla
1324 5299 1621 5365 proposita,
1666 5299 1808 5353 sicut
1855 5300 2012 5355 linea:

427 5389 577 5432 recte
618 5393 649 5433 a
686 5381 1132 5439 circumferentia
1183 5397 1373 5442 centro
1431 5390 1624 5444 circuli
1682 5392 2012 5457 incidentes,

418 5470 559 5528 illud
593 5473 802 5546 integre
843 5476 1196 5548 participant,
1230 5490 1285 5534 et
1322 5496 1428 5534 non
1459 5498 1528 5537 ex
1552 5495 1728 5553 parte,
1753 5486 2013 5555 quoniam

425 5576 708 5633 punctum,
741 5568 887 5637 quod
915 5578 970 5624 et
996 5577 1243 5625 centrum
1272 5582 1377 5639 est,
1401 5585 1558 5641 parte
1583 5586 1770 5643 caret;
1802 5588 1859 5633 et
1896 5578 2012 5634 sic-

427 5666 488 5709 ut
525 5672 587 5712 ea
631 5673 750 5727 quae
784 5675 1047 5730 expressa
1082 5673 1209 5718 sunt
1259 5666 1500 5721 totaliter
1537 5676 1591 5722 et
1618 5684 1723 5723 non
1761 5686 1829 5723 ex
1860 5683 2014 5739 parte

428 5741 664 5817 sigillum
713 5752 1059 5824 participant.
1112 5754 1249 5813 Dum
1288 5768 1466 5813 autem
1508 5761 1750 5834 exempla
1781 5758 2008 5833 profert,

2118 4564 2412 4635 μετέχοντα
2432 4563 2570 4617 κατά
2591 4565 2689 4634 τὴν
2709 4563 2915 4617 οἰκείαν
2940 4563 3229 4633 μετέχουσι
3251 4562 3503 4632 δύναμιν,
3523 4562 3712 4633 ὥσπερ

2115 4655 2296 4725 φωνῆς
2330 4655 2571 4725 μεγάλης
2602 4654 2900 4725 γενομένης
2932 4655 3171 4716 ἅπαντες
3193 4653 3516 4725 μετέχουσιν
3538 4657 3587 4706 οἱ
3612 4671 3712 4705 πα-

2118 4746 2301 4816 ρόντες
2326 4747 2465 4799 κατά
2490 4747 2587 4817 τὴν
2620 4747 2829 4800 οἰκείαν
2863 4745 3091 4817 δύναμιν
3112 4786 3128 4810 ,
3161 4747 3254 4798 καὶ
3286 4744 3447 4817 ἀνὴρ,
3482 4746 3581 4798 καὶ
3618 4746 3710 4815 νή-

2116 4856 2271 4905 πιον,
2303 4840 2397 4892 καὶ
2420 4834 2607 4907 ἄλογα’
2648 4840 2763 4893 ἀλλ’
2806 4843 2855 4893 οἱ
2893 4841 2990 4911 μὲν
3030 4840 3540 4911 ἐρρωμενέστερον,
3574 4843 3621 4893 οἱ
3654 4841 3709 4893 δὲ

2115 4934 2483 5006 ἀμυδρότερον
2512 4935 2647 5006 πρὸς
2674 4934 2773 5007 τὴν
2793 4934 2890 5003 τῆς
2913 4936 3245 5006 ἀκουστικῆς
3272 4936 3583 5007 ἐνέργειαν.
3604 4938 3710 4990 Καὶ

2116 5024 2230 5077 ἔστι
2252 5027 2546 5097 μεθεκτικὴ
2563 5030 2595 5098 ἡ
2613 5028 2784 5098 φωνὴ,
2803 5028 2885 5095 ἐφ’
2903 5029 3101 5098 ἑαυτῆς
3119 5028 3423 5099 ἀμέθεκτος
3449 5031 3703 5099 μένουσα.

2118 5117 2208 5180 Ἦ,
2238 5121 2383 5173 κατὰ
2401 5118 2468 5171 τὰ
2495 5120 2831 5190 ὑποκείμενα
2859 5119 3279 5190 παραδείγματα
3303 5160 3318 5184 ,
3360 5119 3559 5191 ὥσπερ
3592 5122 3706 5173 κέν-

2112 5224 2244 5278 τρου
2269 5210 2469 5263 κύκλου
2498 5213 2553 5263 αί
2592 5212 2698 5264 ἀπὸ
2730 5211 2831 5281 τῆς
2872 5211 3222 5283 περιφερείας
3266 5212 3705 5282 προσπίπτουσαι

2115 5304 2321 5357 εὐθεῖαι
2362 5305 2497 5375 πρὸς
2531 5304 2689 5357 τοῦτο
2712 5304 2907 5367 ὁλικῶς
2931 5304 3238 5375 μετέχουσι,
3263 5306 3357 5358 καὶ
3377 5306 3482 5359 οὐκ
3516 5307 3578 5359 ὲν
3612 5306 3704 5378 μέ-

2119 5414 2220 5469 ρει·
2248 5397 2455 5469 ἁμερὲς
2478 5396 2587 5468 γὰρ
2609 5398 2669 5450 τὸ
2692 5400 2937 5468 σημεῖον,
2961 5398 2990 5450 ὃ
3010 5398 3075 5469 δὴ
3105 5398 3281 5451 καὶτὸ
3308 5398 3540 5469 κέντρον
3571 5400 3700 5451 ἐστί·

2116 5487 2212 5540 καὶ
2249 5486 2438 5558 ὥσπερ
2456 5486 2525 5540 τὰ
2563 5487 2934 5558 ὲκτυπώματα
2955 5488 3175 5553 ὁλικῶς,
3212 5490 3305 5541 καὶ
3335 5490 3440 5543 οὐκ
3463 5492 3523 5544 ὲν
3552 5491 3704 5561 μέρει

2114 5580 2215 5651 τῆς
2236 5580 2529 5651 σφραγῖδος
2552 5580 2889 5651 μετέχουσιν.
2910 5580 3097 5634 Είπὼν
3113 5581 3171 5633 δὲ
3188 5581 3257 5634 τὰ
3276 5583 3703 5653 παραδείγματα

2117 5674 2521 5746 ὑπερκειμένην
2555 5674 2795 5727 δείκνυσι
2822 5674 2962 5746 πρὸς
2989 5674 3162 5727 ταῦτα
3189 5673 3287 5744 τὴν
3312 5674 3417 5744 τῆς
3453 5674 3699 5747 θεότητος

2116 5764 2430 5837 ἁμεΘεξίανδ
2459 5765 2591 5820 διότι
2616 5764 2736 5819 οὔτε
2770 5765 2953 5838 ἐπαφὴ
2982 5766 3150 5836 αὐτῆς
3177 5766 3348 5830 ἐστιν,
3377 5767 3454 5830 ὡς
3490 5769 3587 5821 ἐπὶ
3611 5766 3697 5820 τοῦ
