3876 6226
283 362 394 420 669

857 355 946 409 DE
977 352 1231 410 DlVlNlS
1278 349 1675 415 NOMINIBUS,
1713 349 1866 405 CAP.
1904 349 1968 403 ll.
2013 379 2076 387 —-
2126 341 2476 398 PARAPIIR.
2519 335 2991 395 PACllYMER/E.

3455 328 3561 389 670

244 540 247 541 ν
285 476 680 550 σημείουοῶτε
698 474 834 544 άλλη
850 492 934 538 τις
951 471 1228 544 συμμιγὴς
1245 469 1497 525 κοινωνία
1515 468 1648 540 πρὸς
1664 466 1731 520 τὰ
1755 483 1878 537 μετ-

1983 463 2229 518 declarat
2275 459 2574 516 divinitatis
2627 451 3239 525 imparticipabilitatem
3281 452 3397 504 lucc
3445 451 3558 519 ipsa

280 569 508 638 έχοντα,
549 568 625 633 ὡς
655 567 771 620 ἐστι
805 567 904 638 τῆς
942 565 1252 636 σφραγῖδος·
1302 563 1422 616 κατ’
1460 552 1647 617 οὐσίαν
1690 559 1799 628 γὰρ
1836 560 1870 629 ἡ

283 661 477 733 θεότης
498 662 557 715 οὐ
586 661 895 732 μετέχεται,
927 656 1223 728 μεθεκτικὴ
1251 656 1308 709 δέ
1332 656 1480 708 ἐστιν
1504 655 1561 706 ὲν
1588 651 1743 722 τῴὲξ
1777 650 1872 703 αὑ-

1187 749 1199 766 ,
1251 749 1276 758 ,-

962 751 972 763 ⁸
1029 751 1042 768 θ

279 844 401 901 εἶνα
410 865 446 900 ιι

348 1105 376 1177 §
399 1103 488 1158 Vl.
508 1103 703 1158 Καίτοι
721 1101 854 1173 φαίη
875 1117 980 1164 τις,
993 1100 1068 1164 ὡς
1083 1101 1183 1153 οὐκ
1197 1097 1390 1168 ἔστινή
1412 1097 1645 1168 σφραγὶς
1659 1097 1716 1148 ὲν
1731 1092 1872 1157 ὅλοις

277 1201 394 1260 τοῖς
415 1195 732 1267 ὲκμαγείοις
754 1196 787 1264 ἡ
812 1193 971 1262 αὐτή·
997 1189 1099 1246 ποῦ
1121 1192 1218 1262 μὲν
1242 1189 1351 1261 γὰρ
1371 1188 1615 1261 ἀκριϐῶς
1639 1186 1872 1256 ἐγκεχά-

281 1307 503 1362 ρακται,
529 1288 632 1342 ποῦ
661 1288 720 1341 δὲ
745 1285 1001 1358 μετρίωςο
1029 1285 1122 1338 καὶ
1156 1283 1305 1352 λέγει
1331 1281 1473 1335 λύων
1502 1283 1531 1334 ὁ
1555 1281 1764 1349 Ἄγιος,
1789 1279 1870 1330 ὅτι

277 1383 442 1436 τοῦτο
470 1381 669 1453 μᾶλλον
695 1383 813 1434 ὲστι
837 1379 1208 1450 παρατατικὸν
1237 1375 1346 1429 τῶν
1369 1375 1701 1446 λεγομένων,
1727 1373 1810 1426 ὅτι
1837 1375 1870 1444 ή

282 1476 385 1546 μὲν
415 1475 650 1546 σφραγὶς
679 1475 712 1544 ἡ
739 1473 875 1543 αὐτή
903 1473 1070 1524 ἐστιν·
1102 1471 1135 1540 ἡ
1161 1469 1218 1522 δὲ
1243 1468 1352 1521 τῶν
1383 1467 1716 1538 μετεχόντων
1752 1464 1870 1518 δια-

276 1567 430 1638 φορὰ
467 1566 701 1636 ἀνόμοια
750 1564 894 1616 ποιεῖ
931 1561 1000 1615 τά
1041 1558 1413 1630 ὲκτυπώματα
1447 1558 1546 1629 τῆς
1583 1557 1753 1626 αὐτῆς
1779 1557 1873 1610 καὶ

283 1661 418 1729 μιᾶς
452 1656 807 1728 ἀρχετυπίας·
853 1649 964 1708 οἷον
996 1655 1044 1706 εἰ
1070 1652 1236 1715 ἁπλᾶ,
1266 1652 1359 1704 καὶ
1379 1649 1687 1712 εύτύπωτα,
1717 1647 1873 1718 ἢκαὶ

278 1751 402 1804 λεῖα
427 1752 520 1804 καὶ
550 1749 838 1820 ἀχάρακτα
861 1745 969 1799 ἀπὸ
999 1744 1172 1798 ἄλλων
1200 1740 1672 1813 προηγησαμένων
1701 1754 1872 1808 χαρα-

280 1844 385 1914 κτή
396 1859 524 1914 ρων,
547 1843 639 1894 καὶ
657 1842 794 1912 μήτε
819 1839 952 1908 σκλη
961 1837 1027 1910 ρὰ
1048 1838 1142 1890 καὶ
1156 1835 1447 1897 ἀντίτυπα,
1473 1832 1548 1896 ὡς
1568 1847 1697 1884 κατε
1707 1829 1871 1900 σκλη-

281 1933 396 1998 κὼς
423 1951 492 2004 κη
503 1933 615 2003 ρὸς,
662 1933 797 2003 μήτε
841 1931 1002 1984 πάλιν
1025 1928 1336 1998 εὐδῐάχυτα,
1365 1925 1440 1987 ὡς
1465 1921 1876 1992 κατατετηγμέ-

277 2045 372 2091 νος
393 2029 460 2097 τῇ
492 2026 690 2096 θέρμῃ,
717 2023 956 2096 καθαρὸν
980 2023 1092 2088 ἕξει
1116 2020 1208 2073 τὸν
1231 2019 1419 2072 τύπονο
1451 2018 1500 2069 εί
1528 2016 1586 2069 δέ
1621 2033 1676 2068 τι
1705 2014 1875 2068 ἐλλεί-

281 2133 396 2179 πει,
426 2115 584 2168 τοῦτο
610 2113 780 2167 αἴτιον
803 2113 950 2184 ἢτοῦ
977 2110 1240 2180 ἀσαφοῦς,
1267 2109 1299 2180 ἦ
1328 2108 1422 2161 τοῦ
1449 2104 1876 2179 παρακεκομμέ-

278 2224 398 2271 νου,
423 2209 456 2278 ἦ
476 2224 620 2270 τινος
648 2206 834 2272 ἄλλον,
857 2207 956 2258 ὅσα
976 2207 1137 2257 ὲπισυ
1147 2201 1360 2273 μϐαίνει
1384 2200 1471 2254 διὰ
1499 2199 1597 2270 τὴν
1617 2196 1726 2250 τῶν
1749 2213 1875 2268 μετ-

280 2298 516 2369 εχόντων
553 2296 1056 2368 ἁνεπιτηδειότητα.
1098 2292 1297 2346 Σκόπει
1337 2292 1429 2343 καὶ
1481 2290 1672 2361 ἑτέραν
1725 2287 1873 2341 θείαν

279 2391 556 2459 διάκρισιν
581 2389 678 2460 τὴν
718 2391 816 2461 τῆς
851 2387 1315 2459 ἐνανθρωπήσεως
1353 2384 1446 2437 τοῦ
1472 2384 1666 2452 Λόγου,
1695 2384 1790 2438 καὶ
1811 2382 1872 2436 τὸ

279 2482 480 2552 δρᾶσαι
505 2482 597 2534 καὶ
632 2480 856 2551 παθεῖνι
891 2482 990 2533 ὅσα
1012 2479 1086 2542 ὡς
1116 2478 1400 2549 ἄνθρωπος
1427 2478 1520 2531 καὶ
1546 2477 1739 2548 ἔδρασε
1781 2476 1876 2528 καὶ

281 2572 453 2626 ἔπαθε
482 2571 770 2642 θαυμαστὰ
796 2571 889 2624 καὶ
913 2569 1210 2641 παράδοξα·
1253 2569 1463 2631 τούτοις
1488 2567 1598 2639 γὰρ
1630 2569 1659 2618 ὁ
1685 2565 1874 2636 Πατὴρ

281 2667 380 2719 καὶ
400 2666 460 2718 τὸ
477 2665 701 2737 Πνεῦμα
717 2666 776 2718 ού
800 2663 1280 2733 κεκοινωνήκασινο
1306 2665 1353 2716 εί
1375 2663 1447 2733 μή
1473 2679 1556 2725 τις
1574 2661 1717 2714 εἴποι
1735 2657 1875 2712 κατὰ

280 2756 382 2828 τὴν
407 2756 784 2827 φιλάνθρωπον
807 2754 1054 2808 εὐδοκίαν
1082 2756 1175 2808 καὶ
1210 2753 1485 2824 βούλησιν,
1529 2753 1624 2804 καὶ
1649 2750 1788 2805 κατὰ
1814 2749 1875 2802 τὸ

285 2849 714 2920 συνεργάζεσθαι
737 2848 815 2919 τῷ
831 2846 946 2918 Υίῷ
965 2847 1064 2911 τὰς
1081 2846 1426 2917 θεοσημείας.
1456 2843 1610 2896 Οὕτω
1629 2842 1759 2912 γοῦν
1782 2841 1876 2894 καὶ

279 2938 448 3012 ἡμεῖς
488 2941 676 3006 καθὼς
710 2941 780 2995 τὰ
823 2940 944 2994 θεῖα
985 2939 1198 3010 ἔχουσιν
1219 2937 1476 3008 ἀληθείας
1500 2937 1596 2988 καὶ
1638 2933 1872 3003 φύσεως,

284 3040 381 3093 καὶ
408 3038 560 3092 ἑνοῦν
583 3035 661 3110 τῷ
686 3038 830 3108 λόγῳ
855 3037 946 3091 καὶ
973 3036 1269 3106 διακρίνειν
1298 3033 1624 3086 σπεύδομεν.

361 3338 391 3410 §
431 3337 536 3393 VII.
585 3336 744 3390 Ἀλλὰ
767 3337 972 3390 τούτων
1001 3335 1100 3406 μὲν
1123 3332 1233 3387 τῶν
1259 3329 1504 3385 ἑνώσεων
1545 3328 1638 3382 καλ¹
1661 3325 1876 3398 διακρίε

281 3448 429 3484 σεων
451 3431 582 3494 ὅσας
608 3429 785 3492 αἰτίας
809 3428 1136 3499 θεοπρεπεῖς
1162 3427 1221 3478 ὲν
1258 3426 1378 3486 ταῖς
1421 3423 1593 3493 ἱεραῖς
1634 3419 1877 3490 Γραφαῖς

283 3525 623 3596 εὑρήκαμεν,
651 3524 710 3576 ὲν
737 3521 914 3584 ἄλλοις
955 3519 1061 3590 ἰδίᾳ.
1102 3518 1231 3588 περὶ¹
1274 3518 1511 3586 ἑκάστης
1535 3513 1876 3581 διελάϐομεν,

283 3616 357 3670 τὰ
385 3616 482 3688 μὲν
507 3613 909 3681 ἀναπτύξαντες
928 3654 942 3676 ,
971 3611 1096 3666 νοῦν
1137 3609 1402 3664 ἀθόλωτον
1441 3603 1878 3678 προσαγαγόντες

282 3711 401 3772 τοῖς
435 3708 622 3776 φανοῖς
668 3707 957 3775 γραφικοῖς
997 3703 1282 3773 θεάμασιν,
1320 3699 1481 3770 (οὕτω
1521 3696 1630 3769 γάρ
1667 3699 1697 3749 ὁ
1737 3695 1879 3766 ἱερὸς

287 3799 624 3854 ἀναπτύσσει
651 3797 744 3849 καὶ
779 3793 1070 3867 ἑρμηνεύει
1107 3792 1277 3863 νοῦς)
1315 3793 1428 3854 τοῖς
1466 3789 1522 3841 δὲ
1545 3828 1559 3853 ,
1588 3787 1664 3850 ὡς
1695 3803 1881 3858 μυστι-

287 3893 406 3954 κοῖς
430 3889 526 3943 καὶ
550 3888 692 3958 ὑπὲρ
717 3885 909 3957 νοερὰν
939 3885 1243 3954 ἐνέργειαν,
1286 3879 1598 3944 ὲνωθέντες,
1639 3876 1880 3947 δηλονότι

291 3984 420 4052 σιγῇ
451 3981 545 4034 καὶ
574 3977 924 4049 ἀκαταληψίᾳ
950 3977 1300 4047 τιμήσαντεςο
1325 3971 1612 4034 οὐκᾶλλως
1635 3969 1744 4041 γάρ
1767 3970 1881 4031 τοῖς

287 4075 555 4138 τοιούτοις
589 4071 868 4126 ἐπιϐάλλει
908 4071 936 4123 ό
977 4069 1119 4139 ἱερὸς
1162 4067 1286 4130 νοῦς
1325 4067 1359 4138 ἢ
1399 4065 1538 4120 κατὰ
1571 4064 1881 4118 ἀπόπαυσιν

293 4171 478 4240 πάσης
503 4171 769 4239 κινήσεως
787 4164 1042 4234 νοητικῆς
1066 4162 1175 4216 τῶν
1201 4162 1387 4216 ὄντων·
1411 4160 1570 4215 τοῦτο
1596 4159 1704 4231 γὰρ
1732 4159 1884 4229 δηλοῖ

289 4262 355 4313 τὸ
379 4259 530 4328 ὑπὲρ
554 4258 772 4327 γοερὰν
798 4255 1120 4325 ἐνέργειαν,
1142 4254 1414 4307 τουτέστιν
1435 4253 1562 4305 ὃταν
1581 4250 1658 4319 τῷ
1686 4251 1883 4303 ἀκατα-

293 4353 487 4424 λήπτῳ
513 4350 609 4404 τοῦ
637 4347 773 4403 Θεοῦ
798 4347 1060 4401 πάντοθεν
1087 4345 1412 4416 περισχεθῇ,
1439 4344 1561 4396 τότε
1601 4342 1884 4412 καταλαμ-

294 4446 450 4498 ϐάνει
477 4443 658 4507 ποσῶς
681 4443 743 4495 τὸ
767 4441 1116 4514 ζητούμενον.
1144 4440 1330 4493 Πάντα
1367 4436 1477 4507 γὰρ
1511 4433 1580 4487 τὰ
1611 4435 1729 4487 θεῖα
1763 4434 1882 4485 ὀνό-

1901 1830 1944 1884 Β

1901 3184 1944 3240 ς

1976 569 2269 625 superare;
2315 551 2572 621 quoniam
2620 562 2798 614 neque
2829 555 3007 600 tactus
3043 545 3162 615 ejus
3194 553 3299 604 est,
3334 543 3476 597 sicut
3507 543 3580 596 in‘

1974 658 2198 716 puncto,
2235 654 2412 714 neque
2458 643 2564 696 alia
2614 638 2824 710 qumvis
2875 639 3032 694 mista
3080 635 3392 691 communio
3439 650 3560 688 cum

1975 737 2356 807 partieipante,
2390 745 2448 788 ιιι
2488 736 2541 788 in
2575 731 2787 802 sigillo;
2825 744 2947 783 nam
2979 729 3237 783 divinitas
3264 727 3559 781 secundum

1975 829 2334 884 substantiam
2364 841 2470 880 non
2509 823 2897 893 participatur,
2945 821 3040 875 sed
3083 831 3169 874 est
3199 818 3560 890 participans,

1976 919 2028 973 in
2053 929 2314 989 quantum
2353 933 2417 972 ex
2446 931 2510 972 ea
2543 924 2668 971 sunt
2700 914 2881 969 omnia
2913 922 2968 968 et
3003 914 3070 968 ab
3097 913 3211 983 ipsa
3237 913 3289 966 in
3316 926 3413 966 suo
3439 925 3562 965 esse

1975 1013 2347 1066 continentur.

2050 1103 2078 1174 §
2102 1102 2192 1157 Vl.
2224 1101 2450 1156 Atdicet
2469 1099 2691 1170 aliquis,
2714 1098 2949 1170 sigillum
2974 1096 3027 1151 in
3052 1096 3180 1152 totis
3200 1096 3474 1166 etpressis
3498 1094 3563 1148 li-

1975 1195 2126 1266 guris
2163 1209 2270 1248 non
2303 1207 2422 1247 esse
2462 1192 2639 1257 idem;
2683 1189 3010 1261 quandoque
3054 1188 3199 1244 enim
3240 1197 3431 1243 exacte
3465 1203 3564 1243 ex-

1973 1301 2224 1354 pressum
2255 1296 2361 1351 est,
2395 1283 2722 1356 quandoque
2752 1298 2888 1339 vero
2929 1282 3315 1349 mediocriter;
3377 1281 3563 1349 aitque

1976 1393 2204 1435 sanctus
2250 1380 2416 1436 Pater
2461 1381 2514 1434 id
2551 1381 2789 1440 solvens,
2834 1376 3009 1447 magis
3046 1391 3109 1431 ea
3158 1390 3279 1445 qua:
3308 1374 3564 1429 diettntur

1975 1473 2334 1538 confirmare;
2368 1471 2624 1540 quoniam
2654 1471 2892 1541 sigillum
2939 1469 3081 1523 ldent
3112 1477 3215 1531 est,
3256 1467 3350 1521 sed
3378 1465 3564 1518 diver-

1976 1565 2113 1618 sitas
2142 1563 2692 1627 co‘mmunicantium,
2727 1563 2888 1616 unius
2912 1575 2975 1615 ac
3004 1557 3247 1628 ejusdem
3273 1554 3563 1627 primitivac

1978 1657 2185 1721 formae,
2241 1656 2537 1712 dissimiles
2595 1657 2773 1710 reddit
2808 1654 3059 1724 elligies:
3107 1659 3167 1706 ut
3197 1653 3242 1706 si
3293 1648 3564 1718 simplicia

1977 1749 2329 1817 formantque
2354 1749 2558 1813 facilia,
2583 1747 2666 1802 vel
2694 1749 2860 1802 etiam
2894 1745 3107 1812 mollia,
3148 1744 3379 1813 aliisque
3419 1740 3562 1810 ﬁgu-

1975 1845 2050 1897 ris
2089 1857 2153 1897 ac
2213 1840 2408 1896 formis
2444 1841 2712 1904 carentia,
2761 1855 2882 1910 quae
2919 1850 3096 1906 neque
3142 1835 3277 1889 dura
3307 1835 3439 1900 sint,
3474 1850 3566 1888 ne-

1974 1950 2082 2005 que
2129 1933 2478 1995 reluctantia,
2528 1942 2588 1986 ut
2620 1932 2896 1986 exsiccata
2941 1944 3106 1994 cera;
3143 1943 3323 1996 neque
3367 1929 3564 1980 iterum

1974 2027 2139 2094 fluxa,
2186 2036 2245 2079 ut
2284 2040 2408 2080 cera
2443 2040 2556 2094 prre
2602 2022 2787 2078 calore
2819 2020 3140 2091 liquefacta,
3169 2018 3399 2072 nitidam
3429 2016 3566 2087 figu-

1976 2135 2091 2172 ram
2129 2118 2385 2173 habitura
2414 2125 2543 2169 sont
2566 2132 2581 2181 ;
2607 2115 2688 2168 sin
2716 2122 2896 2167 autem
2929 2111 3137 2178 aliquid
3171 2109 3422 2173 defuerit,
3459 2109 3564 2162 hoc

1975 2225 2137 2266 causa
2168 2211 2272 2264 erit
2313 2208 2400 2263 vel
2449 2207 2827 2271 obscuritatis,
2867 2204 2954 2259 vel
2991 2203 3271 2263 falsitatis,
3301 2201 3384 2255 vel
3421 2200 3563 2254 alte-

1976 2305 2088 2358 rius
2117 2300 2385 2365 dcfectus,
2438 2314 2562 2368 quae
2608 2307 2833 2368 propter
2879 2295 3299 2365 ineptitudinem
3339 2293 3568 2362 partici-

1976 2395 2221 2466 pantium
2279 2392 2556 2446 accidunt.
2608 2389 2851 2445 Observa
2897 2388 3062 2442 etiam
3123 2385 3285 2440 aliam
3326 2385 3566 2440 divinam

1977 2485 2384 2541 distinctionem
2436 2480 2596 2536 Verbi
2629 2480 2896 2535 incarnati
2933 2488 3042 2531 tam
3076 2478 3128 2530 in
3165 2476 3377 2547 agendo
3403 2491 3565 2545 quant

1979 2578 2232 2648 patiendo
2266 2574 2538 2630 mirabilia
2568 2584 2624 2628 et
2649 2572 3014 2641 obstupenda,
3040 2585 3186 2640 qum,
3221 2570 3272 2622 in
3299 2581 3565 2639 qttantum

1978 2673 2163 2736 homo,
2193 2682 2249 2724 et
2273 2673 2384 2740 egit
2414 2677 2469 2723 et
2501 2667 2756 2738 pertulit;
2791 2666 2875 2719 bis
2899 2663 3047 2719 enim
3074 2672 3130 2716 et
3161 2661 3328 2716 Pater
3365 2671 3420 2716 et
3447 2660 3571 2729 Spi-

1979 2765 2118 2818 ritus
2152 2773 2258 2816 non
2303 2760 2798 2819 communicarunt,
2854 2756 2960 2810 nisi
3007 2754 3149 2810 forte
3183 2755 3308 2824 quis
3346 2753 3568 2816 dixerit,

1977 2850 2275 2905 secundum
2310 2849 2606 2919 benignum
2651 2845 3056 2915 beneplacitum
3106 2859 3171 2899 ac
3212 2843 3569 2908 voluntatem,

1974 2942 2111 2996 etin
2164 2941 2364 2997 divinis
2426 2940 2599 3010 signis
2642 2937 2782 2993 Filio
2831 2935 3197 3005 cooperando.
3230 2933 3338 3006 Nos
3388 2934 3572 3004 itaque

1976 3035 2231 3089 similiter
2255 3049 2342 3090 res
2370 3033 2584 3087 divinas
2622 3044 2881 3086 sermone
2908 3027 3242 3096 conjungere
3265 3027 3570 3096 distingue-

1982 3140 2150 3196 reque
2186 3126 2506 3195 satagimus,
2551 3132 2716 3195 prout
2755 3134 2886 3176 vere
2933 3136 2999 3176 ac
3047 3129 3240 3173 natura
3276 3133 3374 3173 sua
3406 3117 3571 3172 unitan

1979 3228 2105 3274 sunt
2126 3232 2190 3271 ae
2219 3217 2507 3271 distinctae.

2047 3310 2212 3382 336
2255 3309 2426 3381 §Vll.
2470 3307 2575 3363 Sed
2622 3303 2814 3361 barum
2857 3305 3122 3359 unionum
3155 3317 3218 3357 ae
3264 3297 3571 3355 distinctio-

1981 3418 2109 3457 nutn
2158 3414 2513 3471 quascunque
2567 3398 2620 3451 in
2665 3398 2842 3452 sacris
2893 3396 3119 3451 Litteris
3174 3393 3413 3448 rationes
3457 3392 3572 3446 Deo

1981 3503 2385 3549 consentaneas
2443 3490 2772 3559 reperimus,
2819 3489 2950 3544 alibi
3001 3502 3251 3542 seorsum
3308 3485 3574 3556 explicui-

1981 3602 2125 3653 mus,
2173 3586 2374 3655 partim
2419 3585 2642 3654 quidem
2692 3599 2788 3638 eas
2838 3583 3206 3648 enucleando,
3258 3595 3322 3635 ac
3377 3589 3571 3649 purum

1982 3675 2444 3746 tranquillumque
2490 3673 2735 3727 animum
2777 3686 3041 3740 perquam
3091 3671 3285 3725 lucidis
3327 3669 3575 3737 Scriptu-

1984 3784 2168 3823 rarum
2199 3767 2759 3836 contemplationibus
2799 3764 3142 3819 admovendo
3167 3763 3272 3832 (sic
3306 3761 3451 3816 enim
3478 3775 3574 3814 eas

1983 3877 2136 3917 mens
2165 3875 2322 3915 sacra
2346 3859 2584 3929 esplicat
2605 3869 2664 3914 et
2704 3859 3151 3927 interpretatur),
3185 3856 3386 3926 partim
3420 3870 3571 3920 vero,

1983 3969 2081 4008 ('ett
2135 3951 2416 4023 mysticis,
2485 3965 2651 4020 supra
2709 3951 2910 4005 mentis
2966 3948 3135 4003 etiam
3197 3947 3571 4017 operationem

1983 4043 2154 4108 uniti,
2202 4043 2422 4098 silentio
2481 4042 2691 4097 scilicet
2735 4052 2787 4096 et
2841 4039 3374 4110 incompreltensibili
3415 4040 3574 4092 modo

1985 4138 2246 4191 honorem
2290 4134 2630 4188 exhibentes.
2701 4132 2855 4187 Mens
2899 4134 3044 4186 enim
3078 4145 3234 4185 sacra
3279 4147 3386 4185 non
3415 4131 3576 4184 aliter

1986 4230 2054 4283 iis
2102 4228 2336 4282 intendit.
2382 4242 2548 4296 quam
2582 4240 2680 4295 per
2708 4237 2930 4278 omnem
2971 4224 3334 4277 cessationem
3368 4233 3571 4289 motus,

1985 4324 2073 4391 qui
2103 4323 2170 4376 ad
2217 4319 2603 4391 intelligendas
2643 4333 2731 4372 res
2783 4316 2954 4381 facit;
3001 4317 3106 4369 hoc
3147 4315 3292 4368 enim
3333 4315 3577 4368 declarat.

1984 4415 2116 4469 illud
2169 4416 2316 4484 quod
2357 4414 2531 4476 dixit,
2559 4427 2720 4480 supra
2761 4410 2944 4464 mentis
2969 4408 3360 4475 Operationem,
3388 4407 3439 4460 id
3490 4415 3578 4461 est

295 4554 465 4607 ματα,
493 4537 586 4589 καὶ
626 4536 726 4588 ὅσα
760 4503 890 4606 ἡμῖν
917 4503 1318 4604 πεφανέρωται,
1349 4503 1470 4592 ταῖς
1511 4527 1762 4598 μετοχαῖς
1790 4525 1878 4596 μό-

1986 4509 2203 4578 quando
2233 4507 2473 4576 undique
2506 4506 2600 4560 Dei
2633 4503 3288 4573 incomprehensibilitate
3323 4518 3574 4571 compre-

294 4645 418 4692 ναις
442 4627 834 4696 γινώσκονται,
876 4625 998 4679 καθ’
1039 4624 1105 4688 ἃς
1148 4622 1450 4694 μετέχομεν
1480 4617 1695 4689 ἁμιγῶς
1725 4618 1886 4688 ἡμεῖς

294 4719 392 4772 τοῦ
420 4719 574 4772 Θεοῦ·
604 4720 668 4772 ὲκ
700 4719 808 4790 γὰρ
830 4718 938 4771 τῶν
959 4715 1202 4788 μετοχῶν
1224 4714 1334 4768 τῶν
1365 4712 1469 4766 ὑπὸ
1499 4711 1595 4764 τοῦ
1619 4709 1754 4762 Θεοῦ
1783 4709 1886 4763 δω-

300 4813 578 4884 ρουμένων
607 4815 736 4882 ἡμῖν
767 4813 860 4864 καὶ
895 4811 994 4874 τὰς
1031 4810 1158 4880 περὶ
1196 4805 1332 4860 Θεοῦ
1375 4803 1671 4876 ὀνομασίας
1712 4802 1889 4856 ποιού-

301 4901 461 4975 μεθα.
491 4901 638 4955 Αύτὰ
665 4901 721 4954 δὲ
754 4901 822 4954 τὰ
849 4901 970 4955 θεῖα
991 4899 1152 4953 ὁποῖά
1191 4899 1322 4950 ποτέ
1356 4898 1474 4948 ἐστι
1511 4891 1652 4946 κατὰ
1676 4891 1774 4964 τὴν
1811 4893 1888 4943 οἰ-

298 4998 455 5050 κείαν
478 4994 659 5065 φύσιν,
689 4996 830 5066 ὑπὲρ
854 4993 978 5049 νοῦν
1003 4995 1098 5046 καὶ
1128 4993 1307 5045 πᾶσαν
1345 4988 1535 5042 οὐσίαν
1573 4985 1740 5038 ἐστίν·
1777 4978 1886 5036 οἷον

297 5091 349 5141 εί
368 5086 473 5158 τὴν
511 5086 835 5159 ὑπερούσιον
858 5084 1217 5156 κρυφιότητα,
1244 5081 1337 5134 τὸν
1360 5079 1514 5142 Θεὸν,
1549 5074 1886 5147 ὀνομάζομεν

295 5181 332 5250 ἢ
361 5180 516 5245 Θεὸν,
547 5180 580 5252 ἢ
619 5179 784 5250 ζωὴν,
811 5177 1051 5250 ἢτᾶλλα,
1075 5176 1228 5229 οὐδὲν
1256 5175 1444 5245 ἕτερον
1467 5171 1696 5241 νοοῦμεν
1719 5169 1751 5241 ἢ
1787 5169 1886 5231 τὰς

297 5277 381 5338 εἰς
404 5275 551 5345 ἡμᾶς
571 5271 976 5342 ἀγαθοπρεπεῖς
991 5269 1269 5340 δυνάμεις,
1295 5265 1416 5320 καθ’
1441 5265 1506 5328 ἃς
1530 5261 1885 5332 ὲκθεούμεθα,

297 5362 334 5434 ἦ
373 5361 846 5433 ούσιοποιούμεθα,
875 5359 909 5432 ἦ
938 5356 1364 5428 ζωοποιούμεθα,
1392 5357 1485 5408 καὶ
1509 5353 1678 5406 τᾶλλα
1710 5355 1890 5423 ὁμοιο-

297 5456 541 5528 τρόπως.
585 5454 732 5526 Αὐτὴ
772 5454 831 5508 δὲ
865 5455 898 5524 ἡ
936 5451 1056 5506 θεία
1099 5449 1474 5520 ὑπερύπαρξις
1520 5446 1661 5499 οὕτω
1707 5443 1888 5506 ποσῶς

302 5546 701 5617 ὑμνηθήσεται,
748 5544 877 5596 ὅταν
909 5543 1091 5614 πάσης
1128 5539 1407 5612 ἐνεργείας
1446 5535 1889 5608 δραστικωτάτης

301 5639 403 5692 καὶ
431 5639 626 5708 νοερᾶς
659 5635 1008 5695 ἀπολυθεῖσα,
1031 5633 1232 5686 τούτων
1255 5629 1412 5700 ἡμῶν
1429 5632 1444 5649 ⁴
1465 5630 1522 5680 ἐν
1544 5629 1610 5698 τῇ
1633 5625 1726 5678 τοῦ
1749 5627 1781 5696 ἡ
1790 5641 1886 5694 με-

303 5732 466 5804 τέρου
495 5731 587 5784 νοῦ
627 5729 942 5801 άδιακρισίᾳ
965 5727 1184 5796 δέξηται
1227 5725 1374 5795 ἡμᾶς
1416 5720 1505 5774 διὰ
1541 5720 1696 5790 σιγῆς
1731 5717 1888 5786 ἁγίας

307 5821 703 5885 ἐπιϐάλλοντας
715 5824 832 5884 ταῖς
851 5819 1058 5873 ἐκεῖθεν
1078 5814 1437 5885 ἐκφοιτῶσαις
1457 5813 1706 5881 δωρεαῖςο
1731 5808 1889 5861 τοῦτο

1989 4602 2279 4668 ltenditur,
2335 4610 2464 4655 tunc
2511 4598 2822 4667 assequitur
2879 4597 3026 4666 quod
3084 4596 3384 4666 qumrcbat.
3435 4593 3574 4647 Nam

1989 4695 2170 4750 omnia
2196 4694 2378 4749 divina
2421 4692 2663 4754 nomina,
2711 4699 2767 4744 et
2815 4701 3154 4758 quaecunque
3198 4687 3354 4741 nobis
3405 4701 3577 4755 appa-

1991 4795 2244 4851 ruerunt,
2291 4785 2425 4842 solis
2476 4781 2987 4854 partieipationibus
3018 4786 3440 4849 cognoscuntur,
3491 4793 3580 4831 se-

1988 4881 2225 4936 cundum
2304 4893 2446 4949 quas
2509 4877 2850 4947 impermiste
2918 4875 3088 4928 Deum
3139 4871 3574 4940 participamus;

1989 4989 2114 5026 nam
2151 4985 2218 5026 ex
2263 4969 2785 5040 participatinnibus
2821 4981 2946 5036 qute
2985 4981 3016 5019 a
3051 4963 3162 5018 Deo
3191 4965 3350 5018 nobis
3371 4964 3580 5017 donan-

1991 5077 2098 5130 tur,
2141 5065 2234 5118 Dei
2261 5077 2477 5134 quoque
2528 5062 2748 5116 nomina
2783 5059 3192 5128 componimus.
3225 5057 3400 5111 Porro
3443 5070 3577 5124 qua-

1991 5160 2072 5213 les
2121 5159 2362 5228 ipsazmct
2414 5171 2502 5210 res
2557 5155 2757 5209 divinat
2803 5154 2916 5207 sint
2972 5150 3272 5206 secundum
3325 5157 3574 5202 naturam

1989 5265 2167 5315 suam,
2198 5263 2416 5303 omnem
2468 5257 2707 5301 mentem
2737 5254 2793 5300 et
2823 5244 3119 5298 essentiam
3145 5241 3392 5303 excedit;
3430 5239 3578 5292 velut

1990 5357 2111 5398 cum
2130 5356 2388 5395 arcanum
2409 5339 2537 5392 illud
2557 5337 3034 5407 superessentiale,
3057 5335 3252 5396 Deum,
3283 5331 3451 5385 Deum
3475 5346 3576 5383 no-

1991 5437 2290 5499 minamus,
2317 5433 2397 5488 vel
2421 5433 2613 5497 vitam,
2635 5430 2721 5486 vel
2738 5431 2866 5494 alia,
2887 5428 3180 5484 nihilaliud
3201 5423 3574 5491 intelligimus.

1989 5543 2152 5596 quam
2180 5525 2264 5581 vel
2297 5524 2560 5595 benignas
2597 5521 2654 5577 in
2684 5537 2784 5576 nos
2819 5521 3070 5582 virtutes,
3104 5515 3404 5572 secundum
3437 5521 3575 5583 quas

1990 5620 2329 5684 tleilicamur,
2375 5617 2461 5670 vel
2515 5615 3019 5670 substantificamur
3069 5609 3158 5664 vel
3208 5607 3575 5669 vivilicamur,

1990 5720 2155 5777 atque
2199 5709 2302 5762 alia
2359 5707 2633 5762 similiter.
2690 5704 2812 5774 Ipsa
2842 5717 2970 5756 vero
3020 5701 3203 5756 divina
3242 5711 3572 5765 supraquam

1991 5803 2314 5859 exsistentia
2351 5800 2428 5856 sic
2455 5796 2855 5867 quodammodo
2884 5792 3210 5859 laudabitur,
3243 5788 3460 5856 quando
3511 5787 3576 5840 ab
