3876 6226
323 313 417 368 671

1506 310 1559 363 S.
1597 310 1753 363 IiION
1766 309 1895 364 YSII
1927 310 2394 366 AREOPAGITA'J

3493 317 3605 372 67-2

323 431 565 486 efficacia
597 432 747 485 omni
791 431 1128 486 validissima
1184 438 1235 482 et
1281 427 1620 494 intelligente
1667 428 1912 482 absoluta

2036 429 2128 499 {up
2157 431 2274 482 ἐστι
2306 431 2399 483 xui
2428 432 2459 500 ἡ
2490 431 2548 481 ἐν
2587 429 2830 502 ἀγνωσία
2875 429 3108 499 γνῶσις,
3156 431 3212 483 ἐν
3341 431 3605 501 οὐδεμίαν

323 522 590 593 Suscipiet
641 539 740 576 ttos
783 524 837 576 in
896 534 1085 576 saneto
1132 519 1369 579 silentio,
1415 528 1649 571 mentem
1700 519 1766 572 iis
1793 532 1913 587 qua:

326 614 472 666 illinc
501 623 827 682 promanant
865 615 1022 668 donis
1071 611 1437 680 adjicientes:
1477 612 1590 662 lucc
1633 609 1777 663 enim
1830 618 1912 663 est

325 706 566 776 cognitio
616 709 668 762 in
709 709 1072 778 ignoratione,
1128 707 1181 758 itt
1225 719 1333 774 qua
1387 703 1594 756 nullam
1636 705 1916 757 cernimus

327 800 413 852 vel
443 799 868 863 deificationem,
914 799 998 851 vel
1039 799 1228 862 vitam,
1272 797 1353 850 vel
1391 796 1753 850 substantiam
1796 811 1916 865 qua:

328 891 486 959 plane
541 893 738 946 similis
793 893 863 945 sit
894 906 1073 945 causa:
1110 890 1224 956 isti,
1267 905 1388 958 qua:
1417 887 1630 942 cunctis
1672 902 1766 957 per
1796 903 1914 939 om-

330 992 451 1031 nem
510 979 890 1032 excellentiam
947 979 1244 1032 antecellit.
1298 977 1613 1032 Veneranda
1648 992 1913 1049 sacroque

327 1085 534 1138 pavore
581 1070 738 1140 digna
771 1080 900 1123 sunt
930 1082 1136 1124 sancta:
1174 1070 1460 1124 Trinitatis
1498 1069 1745 1132 nomina;
1778 1085 1915 1139 quo—

329 1165 474 1216 niant
508 1164 672 1218 Pater
715 1175 801 1218 est
833 1165 1092 1220 divinitas
1125 1163 1366 1228 fontalis,
1404 1163 1571 1218 Filius
1613 1140 1916 1216 vero'san-

327 1267 559 1325 ctusque
592 1256 835 1324 Spiritus
863 1267 991 1310 sunt
1035 1257 1286 1326 quaedam
1326 1257 1572 1323 germina
1619 1271 1682 1309 ac
1732 1254 1914 1320 flores,

331 1365 394 1402 ae
442 1349 647 1403 ltttttitta
713 1350 1224 1420 snperessentialia.
1271 1349 1531 1404 Germina
1577 1350 1822 1418 qttidem,
1851 1364 1916 1404 ex

335 1441 546 1494 visione
593 1441 863 1495 olivarum
915 1440 1196 1496 Zachariae
1247 1443 1273 1482 ιι
1323 1459 1338 1496 :
1397 1443 1604 1496 lumina
1637 1457 1789 1508 vero,
1851 1456 1917 1494 ex

2015 521 2286 592 ὁρῶμενῆ
2315 522 2528 584 θέωσιν,
2561 521 2593 590 ἢ
2624 520 2787 592 ζωὴν,
2825 522 2858 592 ἢ
2902 521 3088 575 οὐσίαν
3108 561 3122 585 ,
3166 523 3200 592 ἦ
3227 538 3310 585 τις
3356 520 3606 592 ἀκριϐῶς

2017 613 2485 684 ὲξισωοήσεταιτῇ
2516 613 2654 666 κατὰ
2680 615 2856 666 πᾶσαν
2881 614 3152 685 ὑπεροχὴν
3182 614 3495 688 ἐξῃρημένη
3522 615 3607 664 αἱ-

2016 707 2128 777 τία.
2167 708 2246 760 Tu
2272 708 2541 777 σεϐάσμια
2580 711 2671 762 xui
2699 707 2900 780 φρικτὰ
2925 708 3018 762 ἐπὶ
3044 708 3144 777 τῆς
3169 709 3330 775 ἁγίας
3371 706 3606 776 Τριαδος

2019 798 2277 868 ὀνόματα,
2307 799 2388 850 ὅτι
2416 799 2624 870 πηγαία
2646 799 2834 869 Θεότης
2877 801 2905 852 ὀ
2940 800 3150 870 Πατήρ’
3194 801 3223 850 ὁ
3263 799 3318 851 δὲ
3350 799 3475 860 Υἱὸς
3509 799 3608 849 καὶ

2017 894 2079 946 τὸ
2103 894 2254 962 ἆγιον
2274 893 2494 965 Πνεῦμα
2519 893 2757 963 βλαστοὶ,
2781 894 2874 946 καὶ
2894 893 3050 962 ἄνθη,
3080 893 3172 944 xui
3199 893 3350 960 φῶτα
3372 890 3610 962 ὑπερθύ-

2023 1003 2131 1039 σια.
2169 986 2395 1039 Βλαστοὶ
2440 987 2558 1055 μὲν,
2597 986 2702 1038 ἀπὸ
2726 985 2823 1054 τῆς
2849 985 2956 1037 τῶν
2985 983 3181 1037 ἐλαιῶν
3214 983 3476 1045 ὀπτασίας
3509 980 3608 1033 τοῦ

2018 1078 2302 1148 Ζαχαρίου·
2340 1077 2492 1145 φῶτα
2519 1077 2573 1129 δὲ
2601 1079 2663 1129 ὲκ
2688 1077 2781 1128 τοῦ
2829 1075 3084 1130 Ἰακώϐου
3109 1074 3335 1144 ἀδελφοῦ
3358 1073 3452 1126 τοῦ
3493 1073 3610 1124 Κιμ-

2023 1171 2158 1241 ρίου,
2179 1168 2327 1239 παρὰ
2349 1168 2456 1239 [Ζσ.
2475 1185 2539 1220 πε
2547 1168 2624 1238 pi}
2646 1167 2737 1220 τοῦ
2762 1169 2974 1238 Πατρὺς
2990 1169 3098 1221 τῶν
3120 1169 3311 1238 φώτων
3330 1165 3605 1233 λέγοντος.

2021 1263 2204 1315 Ταῦτα
2235 1261 2364 1329 γοῦν
2392 1260 2457 1312 τὰ
2496 1261 2733 1330 ὀνόματα
2757 1261 2902 1328 παρὰ
2926 1260 3027 1330 τῆς
3053 1260 3274 1332 Γραφῆς
3304 1255 3609 1328 παρελάϐο-

2027 1369 2144 1422 μεν⁶
2185 1353 2336 1415 ὅπως
2379 1352 2435 1404 δὲ
2460 1350 2632 1405 ταῦτά
2658 1352 2823 1414 ἐστιν,
2849 1351 2972 1404 οὔτε
3011 1354 3183 1405 εἰπεῖν
3209 1350 3329 1404 οὗτε
3358 1347 3614 1416 ἐννοῆσαι

2026 1444 2273 1497 δυνατόν.

334 1535 578 1606 Epistola
641 1533 831 1588 Jacobi
891 1536 1078 1589 fratris
1113 1535 1326 1592 Domini
1364 1540 1408 1604 ί,
1457 1538 1548 1606 qui
1619 1536 1686 1591 de
1744 1536 1906 1590 Patre
1967 1536 2231 1592 luminum
2297 1539 2623 1593 mentionem
2681 1537 2832 1592 facit.
2893 1537 3018 1592 Haec
3072 1538 3257 1607 itaque
3305 1535 3525 1590 nomina
3585 1549 3615 1586 a

333 1629 635 1698 Scriptttris
693 1630 868 1683 sacris
925 1631 1275 1698 accepimus;
1342 1647 1579 1700 quonam
1639 1641 1822 1685 autem
1869 1640 2034 1698 pacto
2087 1647 2209 1687 sese
2267 1631 2524 1694 habeant,
2577 1646 2754 1700 neque
2819 1631 3002 1700 eloqui
3067 1646 3244 1700 neque
3305 1627 3666 1694 intelligere'

333 1724 598 1776 valemus.

407 1816 434 1887 §
472 1814 602 1869 \‘Ill.
635 1814 904 1871 Caeterum
942 1817 1205 1873 hactenus
1254 1833 1416 1873 omne
1474 1817 1672 1872 mentis
1725 1825 1927 1871 nostra:

2105 1812 2132 1882 ᾗ
2173 1812 2308 1867 VIII.
2330 1812 2467 1865 Ἅλλ⁹
2484 1814 2610 1884 ἄχρι
2635 1811 2825 1865 τούτου
2857 1809 3135 1881 προϐαίνει
3161 1806 3310 1878 ὴτῆς
3337 1807 3620 1877 ἡμετέρας

332 1911 576 1962 studium
613 1911 714 1963 hoc
743 1919 976 1980 spectat,
997 1911 1273 1979 quomodo
1303 1926 1370 1964 ex
1397 1912 1496 1965 hac
1519 1911 1844 1978 paternitate
1861 1923 1924 1962 ac

336 2002 600 2056 filiatione
629 2004 810 2056 omnis
843 2004 1150 2073 paternitas
1186 2005 1237 2057 in
1265 2003 1404 2056 eozlo
1434 2014 1488 2056 et
1520 2003 1571 2055 itt
1601 2013 1744 2056 terra
1763 2000 1924 2071 337

336 2095 685 2160 nominetur;
717 2111 778 2149 ex
811 2113 917 2165 qua
943 2096 1023 2161 fit,
1048 2108 1106 2149 ut
1133 2097 1450 2165 spiritaliter
1475 2094 1927 2148 aedoctrinaliter

333 2189 496 2241 etiam
529 2189 600 2241 dii
631 2198 685 2241 et
723 2189 948 2241 deorum
985 2198 1165 2257 patres
1208 2187 1376 2239 divini
1418 2203 1479 2239 ac
1513 2187 1687 2240 sancti
1717 2187 1845 2250 viri,
1873 2195 1924 2240 et

336 2280 564 2332 deorum
601 2279 695 2332 filii
719 2280 829 2348 ‘qni
871 2281 923 2332 in
955 2294 1112 2332 sacra
1158 2279 1403 2332 doctrina
1435 2279 1750 2346 proficiunt,
1783 2294 1924 2330 nun-

335 2384 622 2440 cupentur.
675 2372 812 2438 Quid
864 2381 1044 2424 autem
1091 2380 1175 2422 est
1225 2371 1572 2438 spiritaliter?
1615 2372 1667 2424 id
1715 2381 1798 2424 est
1847 2371 1928 2424 in-

336 2477 600 2531 corporeo
654 2473 710 2516 et
783 2463 1225 2516 immaterialiter
1261 2504 1276 2527 ,
1343 2479 1408 2516 ae
1461 2464 1926 2528 intellectualiter,

337 2555 472 2606 viris
524 2555 781 2607 nimirum
830 2557 1038 2608 sanctis
1093 2570 1162 2610 ex
1211 2567 1404 2609 saneto
1443 2556 1663 2623 quidem
1717 2557 1925 2624 Spiritu

337 2643 548 2706 divino,
582 2646 673 2712 qui
719 2654 801 2698 est
849 2661 1014 2712 supra
1052 2660 1268 2700 onmem
1321 2644 1835 2698 immaterialitalem
1865 2660 1929 2699 ac

337 2737 776 2801 dcificntioneut,
820 2738 1158 2790 divinitatem
1216 2738 1353 2791 hane
1405 2753 1468 2788 ne
1520 2736 1927 2804 sp‘iritalitatem

338 2828 775 2896 accipientibus;
835 2844 899 2882 ex
940 2828 1100 2882 Patre
1135 2845 1261 2881 vero
1296 2845 1360 2882 ac
1402 2828 1557 2889 Filio,
1589 2829 1678 2896 qtti
1713 2843 1805 2894 per
1834 2843 1929 2880 ex-

337 2919 644 2973 cellentiam
697 2935 913 2974 onmem
972 2922 1358 2990 paternitatem
1391 2935 1456 2973 ac
1490 2921 1804 2973 filiationem
1840 2936 1931 2974 su-

341 3008 612 3076 perant,"
643 3012 948 3068 istiusmodi
1016 3023 1216 3064 statum
1275 3013 1754 3081 partieipantibtts.
1819 3011 1929 3064 Non

339 3101 484 3154 enim
533 3113 613 3155 est
663 3103 901 3169 perfecta
968 3103 1270 3156 similitudo
1343 3102 1554 3156 cIIeclis
1611 3101 1812 3156 creatis
1865 3102 1929 3154 ad

341 3208 562 3256 causas,
595 3195 827 3256 divinas,
863 3196 1106 3263 inquam,
1128 3211 1424 3264 personas;
1459 3195 1554 3250 sed
1579 3196 1778 3248 habent
1805 3195 1926 3263 qni-

341 3283 466 3337 deut
521 3297 808 3349 creaturae,
854 3286 1032 3354 quoad
1082 3286 1200 3339 fieri
1250 3295 1448 3354 potest,
1485 3285 1749 3354 imagines
1791 3286 1922 3350 Dei;

343 3381 474 3449 ipsa:
503 3398 630 3436 vero
660 3397 838 3436 causa:
875 3383 1092 3450 penitus
1141 3383 1207 3436 ab
1251 3382 1461 3436 effectis
1505 3383 1704 3436 creatis
1744 3396 1930 3435 exem-

342 3485 450 3541 plze
481 3485 629 3528 sunt.
672 3475 758 3538 lit,
805 3487 865 3528 ut
902 3475 1136 3528 terrenis
1180 3473 1444 3540 exemplis
1495 3483 1640 3534 utar,
1674 3474 1929 3542 volupta~

347 3575 428 3620 tes
481 3583 544 3621 ac
599 3567 819 3621 dolores
854 3567 1067 3622 efiicere
1111 3567 1388 3630 dicttnlur,
1431 3576 1488 3620 ttt
1539 3569 1788 3621 homines
1840 3567 1933 3620 la:-

349 3669 533 3714 tentur
585 3661 668 3716 vel
723 3663 1031 3724 tristentur,
1084 3671 1264 3716 tamen
1314 3663 1444 3731 ipsa:
1489 3661 1796 3730 voluptates
1827 3677 1931 3714 non

348 3751 605 3804 dicuntur
638 3753 834 3816 lzetari,
891 3768 991 3806 nec
1035 3753 1254 3808 dolores
1301 3754 1614 3806 tris-tantur.
1673 3752 1737 3805 Et
1795 3751 1936 3820 ignis

349 3838 626 3904 calefacit,
656 3851 709 3895 et
745 3842 948 3905 adurit,
997 3855 1175 3896 tamen
1211 3859 1316 3897 non
1359 3842 1558 3907 calelit,
1611 3858 1712 3897 nec
1756 3845 1936 3896 aduri-

352 3941 458 3985 tur.
495 3931 702 3985 Idcirco
730 3934 830 3986 etsi
861 3933 982 3995 quis
1027 3936 1195 3988 vitam
1231 3936 1439 4000 vivere,
1467 3943 1520 3988 et
1564 3951 1659 4004 per
1687 3950 1745 3989 se
1769 3936 1934 3988 vitam

352 4023 568 4084 dixerit,
603 4033 655 4075 et
685 4024 979 4077 illuminari
1015 4025 1066 4078 id
1091 4026 1232 4094 quod
1267 4042 1362 4096 per
1405 4040 1462 4080 se
1492 4026 1668 4080 lumen
1701 4033 1806 4088 est,
1837 4041 1935 4077 ne-

352 4131 624 4184 quaquam
652 4120 869 4187 proprie
913 4119 1122 4173 locnttts
1164 4120 1346 4184 fuerit,
1399 4120 1693 4174 secundum
1731 4135 1936 4172 reetam

354 4209 602 4263 veritatis
631 4210 936 4265 rationem:
973 4211 1074 4266 nisi
1110 4210 1251 4266 forte
1278 4213 1392 4266 haec
1435 4213 1540 4266 alio
1571 4213 1732 4265 modo
1771 4212 1937 4274 dicat,

354 4297 493 4364 quod
554 4299 806 4354 nimirum
853 4301 1241 4373 abundantius,
1290 4314 1344 4359 et
1389 4305 1690 4359 secundum
1767 4304 2082 4371 essentiam,
2163 4321 2267 4361 non

355 4388 561 4444 chectis
586 4391 699 4447 haec
729 4392 897 4446 insint
935 4394 1136 4450 causis.

2028 1924 2109 1960 νοε
2121 1911 2216 1976 ρᾶς
2233 1907 2509 1976 ἐνεργείας
2525 1906 2768 1974 δύναμις,
2783 1906 2864 1957 ὅτι
2883 1905 2944 1955 ὲκ
2955 1901 3159 1972 ταύτης
3170 1903 3266 1972 τῆς
3282 1920 3386 1955 πατ
3396 1901 3621 1970 ρότητος

2028 1999 2122 2052 xui
2140 1997 2242 2067 τῆς
2263 1998 2507 2066 υίότητος
2535 1997 2681 2048 πᾶσα
2709 1994 2910 2066 πατριὰ
2939 1996 2994 2046 ἐν
3020 1994 3078 2046 οὺ
3090 1993 3233 2065 ρανῷ
3255 1994 3347 2046 xui
3375 1992 3470 2044 ἐπὶ
3503 1992 3610 2060 γῆς

2027 2088 2370 2159 ὀνομάζεται·
2395 2091 2452 2156 ἐξ
2471 2085 2537 2161 ἧς
2567 2086 2950 2159 πνευματικῶς
2985 2088 3077 2140 xui
3113 2084 3509 2147 διδασκαλικῶς
3529 2085 3624 2136 xui

2029 2183 2141 2235 039i
2170 2185 2262 2236 xui
2294 2183 2430 2236 Θεῶν
2458 2182 2711 2250 πατέρες,
2755 2184 2803 2233 οἱ
2833 2182 2964 2233 Οεῐοι
2993 2181 3085 2232 xui
3109 2180 3242 2250 ἱεροὶ
3281 2177 3497 2246 ἄνδρες,
3527 2176 3625 2226 καὶ

2030 2277 2167 2329 θεῶν
2209 2279 2314 2329 υἱοὶ
2349 2279 2405 2329 έν
2431 2279 2495 2348 τῇ
2530 2279 2649 2347 ἱερᾷ
2684 2275 3003 2345 διδασκαλία
3051 2272 3467 2344 προσϐαίνοντες
3505 2271 3626 2322 ὀνο-

2033 2365 2312 2438 μάζονται.
2345 2368 2408 2418 Τί
2433 2366 2562 2434 γοῦν
2596 2367 2709 2418 ἐστι
2749 2366 2809 2418 τὸ
2838 2362 3285 2434 πνευματικῶς;
3313 2361 3625 2430 ἀσωμάτως

2031 2459 2230 2530 δηλαδὴ
2259 2460 2351 2511 xui
2377 2459 2574 2522 ἀΰλως,
2606 2460 2700 2511 xui
2722 2457 2948 2528 νοητῶς,
2977 2459 3046 2509 ἐκ
3070 2457 3165 2526 μὲν
3205 2453 3299 2506 τοῦ
3325 2450 3624 2522 θεαρχικοῦ

2033 2553 2346 2622 ιινεῦματος
2360 2553 2452 2604 τοῦ
2477 2554 2615 2623 ὑπὲρ
2636 2555 2810 2604 πᾶσαν
2829 2551 3017 2604 ἁῦλίαν
3038 2551 3188 2612 ὄντος
3213 2548 3305 2601 xui
3323 2547 3540 2604 Θέωσιν,
3564 2546 3628 2596 τὸ

2031 2644 2141 2696 θεοὶ
2167 2643 2277 2714 [ἴση
2302 2644 2467 2715 Οεῖον]
2491 2646 2582 2696 xui
2604 2645 2664 2695 τὸ
2699 2643 3060 2714 πνευματικὸν
3100 2640 3484 2711 λαμϐανόντων
3517 2637 3628 2688 τῶν

2033 2738 2192 2808 ιερῶν
2209 2737 2435 2806 ἀνδρῶν·
2451 2740 2514 2789 ἐκ
2531 2737 2587 2788 δὲ
2602 2736 2692 2788 τοῦ
2713 2737 2824 2788 Ιῖατ
2834 2738 2922 2804 ρος
2947 2735 3038 2787 xui
3053 2734 3144 2786 τοῦ
3161 2733 3310 2795 Υἱοῦ,
3329 2731 3436 2783 τῶν
3454 2732 3628 2800 ὑπερ-

2031 2827 2230 2901 οχικῶς
2255 2826 2605 2901 ἐξῃρημένων
2636 2829 2814 2897 πάσης
2851 2831 3080 2896 πατριᾶς
3109 2828 3200 2879 xui
3231 2827 3498 2896 υἱότητκ,
3527 2825 3629 2885 τὰς

2031 2923 2239 2976 τοιάσδε
2276 2923 2486 2992 σχέσεις
2515 2923 2980 2994 προσδεχομένων.
3012 2922 3144 2973 Οὐδὲ
3169 2920 3277 2990 γάρ
3296 2921 3440 2970 ἐστιν
3465 2919 3630 2988 ἀκρι-

2035 3017 2132 3087 ϐὴς
2157 3017 2408 3085 ὁμοιότης
2424 3019 2534 3078 τοῖς
2561 3017 2819 3078 αἰτιατοῖς
2844 3015 3127 3085 κτίσμασι,
3149 3014 3376 3074 καὶτοῖς
3402 3012 3622 3072 αἰτίοις,

2033 3115 2151 3174 ταῖς
2182 3111 2515 3182 Οεαρχικαῖς,
2543 3112 2704 3181 φημὶ,
2728 3111 3109 3164 ῦποστάσεσινο
3132 3108 3244 3160 ἀλλ’
3281 3106 3390 3176 ἔχει
3423 3105 3522 3174 μὲν
3558 3103 3628 3154 τὰ

2037 3205 2308 3274 κτίσματα
2333 3205 2430 3268 τὰς
2459 3205 2814 3274 ἐνδεχομένας
2841 3203 3055 3266 εἰκόνας
3088 3205 3153 3254 ἐκ
3177 3200 3268 3252 τοῦ
3298 3199 3453 3250 Θεοῦ·
3487 3197 3630 3250 αὐτὰ

2035 3296 2091 3348 δὲ
2116 3296 2182 3349 τὰ
2213 3295 2359 3348 αἴτια
2389 3296 2666 3360 παντελῶς
2705 3297 2813 3348 τῶν
2857 3295 3114 3349 αἰτιατῶν
3161 3291 3476 3362 κτισμάτων
3506 3288 3632 3358 ἐξῄ-

2041 3404 2250 3458 ρηνται.
2284 3388 2393 3439 Καὶ
2419 3388 2507 3440 ἴνα
2540 3390 2829 3458 χρήσωμαι
2867 3389 2978 3450 τοῖς
3017 3387 3223 3456 γηῒνοις
3257 3382 3634 3453 παραδείγμα-

2040 3493 2141 3538 σιν,
2166 3478 2348 3546 ἡδοναὶ
2374 3480 2653 3548 ποιητικαὶ
2677 3478 2770 3530 τοῦ
2797 3477 3039 3547 ἥδεσθαι,
3067 3477 3160 3528 xui
3198 3474 3362 3528 λῦπαι
3402 3471 3496 3524 τοῦ
3540 3471 3635 3523 λυ-

2040 3570 2255 3622 πεῖσθαί
2278 3573 2432 3623 εἰσιν·
2464 3572 2625 3623 αὑταὶ
2649 3571 2705 3624 δὲ
2734 3573 2787 3622 ui
2817 3571 2999 3640 ἡδοναὶ
3026 3570 3084 3621 οὐ
3114 3568 3358 3636 λέγονται
3381 3566 3632 3636 ἣδεσθαι,

2042 3659 2163 3711 οὐδὲ
2190 3662 2244 3712 αἱ
2287 3659 2454 3714 λῦπαι
2496 3661 2814 3714 λυποῦνται.
2847 3662 2954 3712 Kui
2980 3661 3040 3712 τὸ
3070 3659 3180 3729 πῦρ
3225 3658 3509 3729 Θερμαίνει
3540 3657 3637 3708 καὶ

2044 3754 2207 3815 καίει,
2249 3754 2307 3806 οῦ
2337 3754 2687 3824 Οερμαίνεται
2727 3753 2782 3805 δὲ
2823 3754 2916 3806 xui
2957 3752 3188 3805 καίεται.
3223 3750 3319 3804 Διὰ
3345 3749 3504 3801 τοῦτο
3545 3748 3638 3800 καί

2043 3847 2190 3911 εἴτις
2219 3849 2348 3918 φαίη
2383 3848 2484 3918 ζῇν
2508 3848 2604 3919 τὴν
2630 3847 2874 3911 ζωοῦσαν
2893 3848 2985 3900 xui
3012 3844 3310 3914 αὑτοζωην,
3337 3844 3430 3895 xui
3463 3841 3636 3909 φωτί-

2045 3940 2232 4002 ζεσΟαι
2260 3942 2319 3992 τὸ
2346 3941 2616 4010 αὐτόφως,
2643 3942 2741 3994 οῦκ
2779 3940 2922 3992 εἴποι
2959 3940 3161 4010 κυρίως
3185 3936 3327 3990 κατὰ
3351 3936 3442 3987 τὸν
3475 3932 3638 4003 ὀρθὸν

2044 4033 2142 4102 τῆς
2172 4031 2427 4102 ἀληθείας
2452 4033 2627 4099 λόγον,
2648 4035 2694 4084 εξ
2724 4033 2795 4102 μή
2828 4050 2926 4084 που
2953 4030 3072 4083 καθ’
3101 4030 3284 4099 ἓτερον
3310 4027 3532 4097 τρόπον,
3553 4026 3637 4076 ὅτι

2044 4123 2316 4193 περισσῶς
2341 4163 2354 4185 9
2399 4125 2492 4176 xui
2528 4124 2822 4186 οὐσιωδῶς,
2853 4124 2945 4176 xui
2970 4123 3028 4174 οῦ
3074 4121 3212 4174 κατὰ
3241 4117 3493 4191 μετοχὴν,
3532 4115 3640 4185 πρὸ

2042 4213 2150 4267 τῶν
2177 4214 2432 4266 αίτιατῶν
2461 4214 2624 4266 ἔνεισι
2651 4213 2823 4265 ταῦτα
2848 4216 2961 4276 τοῖς
2989 4213 3202 4275 αἰτίοις.

2353 4315 2532 4361 autem
2584 4306 2879 4360 secundum
2963 4304 3461 4374 participationem,
3527 4314 3642 4368 pra:

426 4481 576 4555 §IX.
611 4486 751 4551 Quin
790 4487 956 4540 etiam
1002 4489 1149 4556 quod
1197 4497 1280 4541 est
1324 4489 1599 4541 universa:
1651 4486 1930 4554 theologia:

2111 4486 2136 4557 §
2175 4488 2264 4540 IX.
2309 4486 2469 4541 Ἀλλὰ
2507 4489 2600 4540 xui
2641 4488 2702 4540 τὸ
2738 4486 3141 4556 ὲκφανέστατον
3194 4487 3414 4558 ἁπάσης
3457 4489 3642 4540 θεολοο

358 4577 867 4636 manifestissimum
891 4582 1020 4635 Jesu
1049 4581 1409 4635 humanitatis
1435 4580 1756 4650 mysterium
1777 4581 1961 4647 (quo-.

360 4672 507 4724 niam
540 4674 706 4726 etiant
749 4676 1039 4730 manifeste
1075 4691 1138 4730 ac
1191 4691 1320 4729 vere
1364 4675 1646 4729 nobiscum
1692 4689 1942 4727 comnm-

360 4764 613 4835 nicavit),
638 4775 817 4820 tamen
845 4769 896 4822 id
923 4769 1097 4837 ipsum
1116 4769 1276 4822 etiam
1304 4766 1580 4821 ineffabile
1603 4775 1685 4820 est
1705 4765 1942 4821 sermoni

362 4858 534 4924 onttti,
567 4868 623 4912 et
661 4861 808 4913 omni
846 4864 1015 4914 menti
1065 4859 1510 4928 inconceptibile,
1557 4859 1726 4913 etiam
1766 4860 1946 4928 primo

363 4963 421 5016 et
472 4953 858 5021 antiquissimo
909 4955 1127 5024 angelo,
1151 4954 1364 5008 scilicet
1405 4954 1795 5008 sublimissimo
1836 4953 1950 5020 pri-

368 5060 564 5113 moqne
590 5045 766 5098 ordini
796 5061 811 5109 ;
853 5045 954 5099 hoc
985 5047 1129 5100 enim
1162 5044 1404 5100 Joannes
1445 5047 1539 5100 ille
1571 5045 1860 5114 theologus
1890 5046 1943 5097 in

366 5139 693 5208 Apocalypsi
725 5141 792 5192 de
825 5139 1236 5206 antiquioribus
1275 5141 1342 5192 iis
1371 5141 1580 5207 angelis
1623 5140 1811 5191 tradit.
1851 5138 1946 5191 At-

365 5247 474 5300 que
497 5247 622 5283 eutn
655 5231 874 5298 quidem
905 5245 1129 5283 carnem
1175 5233 1566 5297 assumpsisse,
1599 5230 1824 5299 mystice
1857 5245 1947 5281 ac-

367 5323 635 5393 cepimus,
687 5324 782 5377 sed
829 5325 1101 5390 quomodo
1158 5338 1222 5375 ex
1272 5324 1532 5392 virgineis
1589 5321 1947 5390 sanguinibns

372 5416 479 5469 alia
504 5432 666 5485 quam
695 5427 904 5469 natura:
932 5415 1045 5483 lege
1070 5415 1140 5469 sit
1166 5414 1506 5478 cfformatns,
1529 5414 1742 5483 aliaque
1765 5414 1946 5467 omnia

364 5523 496 5572 qua:
525 5509 589 5561 ad
631 5519 838 5563 natura:
883 5507 1010 5562 .Icsu
1041 5508 1466 5576 explicationem
1511 5515 1783 5575 spectant,
1817 5521 1952 5575 quo-

372 5601 538 5657 modo
572 5603 623 5655 in
660 5602 875 5657 duabus
908 5601 1120 5655 naturis
1153 5599 1432 5668 cognitus,
1466 5608 1520 5654 et
1569 5609 1729 5668 prout
1773 5597 1952 5652 homi-

458 5790 485 5820 ι
521 5783 686 5837 lach.
720 5798 793 5847 tv,
829 5783 880 5837 ’5.
966 5785 981 5822 i
1019 5780 1140 5836 Jac.
1173 5795 1210 5845 I,
1251 5778 1333 5832 17.

2037 4580 2161 4648 γίας
2188 4581 2250 4632 τὸ
2276 4582 2373 4651 τῆς
2403 4580 2574 4651 Ἰησοῦ
2606 4580 3015 4651 φιλανθρωπίας
3051 4583 3373 4651 μυστήριον,
3401 4584 3506 4650 (ὅτι
3539 4586 3634 4636 xui

2043 4674 2292 4745 φανερῶς
2312 4677 2405 4728 xui
2422 4675 2687 4746 ἀληθινῶς
2707 4675 3127 4747 ὡμίλησενὴμῖν
3208 4675 3341 4727 ἀλλὰ
3363 4677 3456 4728 xui
3475 4677 3638 4729 τοῦτο

2043 4765 2280 4836 ἄρρητόν
2323 4768 2438 4819 ἐστι
2467 4766 2610 4836 λόγῳ
2643 4768 2824 4828 παντὶ,
2873 4767 2968 4818 xui
3010 4766 3291 4832 ἄγνωστον
3327 4764 3402 4835 νῷ
3450 4769 3640 4827 παντὶ,

2045 4862 2139 4915 xui
2178 4860 2325 4931 αὐτῷ
2370 4861 2448 4931 τῷ
2497 4863 2790 4932 πρωτίστῳ
2835 4865 2929 4914 xui
2973 4862 3334 4932 πρεσϐυτάτῳ
3380 4861 3642 4932 ἀγγέλῳ,

2049 4952 2288 5022 δηλονότι
2319 4954 2383 5022 τῇ
2419 4951 2729 5023 ὑψηλοτάτη
2760 4954 2854 5005 xui
2897 4952 3088 5023 πρώτῃ
3126 4952 3296 5017 τάξει.
3336 4952 3501 5020 Λέγει
3532 4954 3644 5024 γὰρ

2052 5046 2144 5098 xui
2176 5047 2204 5095 ὁ
2235 5045 2480 5112 Οεολόγος
2520 5045 2772 5116 Ἰωάννης
2809 5048 2864 5098 ὲν
2893 5048 2957 5116 τῇ
3001 5045 3368 5113 Ἀποκαλῦψει
3402 5051 3642 5117 πρεσῦυ-

2052 5137 2242 5208 τέρους
2271 5136 2552 5204 ἀγγέλους.
2587 5138 2695 5190 Καὶ
2730 5137 2791 5188 τὸ
2830 5137 2928 5206 μὲν
2975 5136 3325 5206 σαρκωθῆναι
3363 5136 3644 5205 μυστιι.ιῖ›ς

2055 5227 2488 5298 παρειλήφαμεν,
2522 5227 2582 5279 τὸ
2615 5227 2659 5279 δ’
2700 5228 2848 5290 ὅπως
2893 5229 2956 5278 ἐκ
2999 5225 3345 5296 παρθενικῶν
3391 5227 3644 5294 αἱμάτων

2058 5318 2228 5389 ἑτέρῳ
2256 5316 2408 5388 παρὰ
2433 5319 2532 5389 τὴν
2556 5318 2716 5385 φύσιν
2745 5317 2931 5388 Οεσμῷ
2956 5317 3326 5380 διεπλάττετο,
3358 5318 3452 5368 xui
3475 5316 3644 5368 τᾶλλα

2060 5411 2237 5463 πάντα
2283 5410 2382 5478 τῆς
2437 5409 2612 5480 Ἰησοῦ
2661 5409 3048 5479 φυσιολογίας,
3097 5409 3216 5472 πῶς
3258 5409 3316 5460 ὲν
3361 5408 3484 5460 δυσὶ
3523 5409 3644 5468 ταῖς

2062 5502 2257 5572 φύσεσι
2286 5503 2707 5574 γνωριζόμενος,
2741 5503 2835 5554 xui
2865 5502 3008 5554 κατὰ
3045 5500 3336 5572 ἄνθρωπον
3383 5499 3642 5570 ἔπραττε.

2065 5595 2157 5646 xui
2187 5594 2329 5666 ὑπὲρ
2357 5595 2639 5665 ἄνθρωπον
2669 5595 2910 5664 ἐνήργει,
2943 5595 3128 5664 ἐτέρου
3151 5593 3308 5659 λόγου
3335 5593 3428 5645 xui
3461 5590 3641 5661 κρείτ-
