3876 6226
225 329 340 384 675

837 322 926 377 DE
956 317 1212 375 DlVlNlS
1249 316 1654 382 NOMINIBUS,
1690 314 1824 373 CAP

1936 357 1938 366 .
1974 343 2044 352 -—-
2078 311 2425 367 PARAPHR.
2460 311 2932 368 PACHYMERAS.

3405 321 3513 377 674

221 459 382 506 τονος
422 441 456 513 ἢ
507 439 628 494 καθ’
659 439 808 510 ἡμᾶς
859 439 952 492 καὶ
1004 439 1104 510 τὴν
1150 435 1429 510 ἡμετέραν
1473 433 1824 506 ἀνθρωπίνην

1936 446 2052 485 nem
2086 444 2147 483 se
2177 427 2436 498 gesserit,
2468 437 2524 481 et
2553 443 2716 497 supra
2744 429 3020 484 hcminem
3052 446 3214 500 opera
3245 437 3508 502 ediderit.

223 535 479 604 δύναμιν.
515 534 578 586 Et
608 531 740 601 γοῦν
785 532 880 584 ἐπὶ
924 531 1136 594 τούτοις
1178 529 1394 602 ἀρρητά
1438 530 1545 581 εἰσι
1586 525 1657 579 τά
1701 525 1819 577 θεο-

223 626 442 698 πρεπῆ,
468 625 503 680 ἃ
528 625 593 696 δὴ
618 625 710 678 καὶ
741 624 840 695 τὴν
869 624 1147 693 θεολογίαν
1178 621 1586 692 ἐκφανεστέραν
1616 618 1820 690 ἔχουσι,

222 719 280 771 τί
315 718 509 788 φήσειέ
549 735 632 781 τις
675 719 804 789 περ)⁸
850 718 951 787 τῆς
995 716 1274 788 μακαρίας
1323 714 1591 786 Τριάδοςξ
1637 711 1824 765 Ταῦτα

223 810 364 879 ἡμῖν
396 815 462 862 ’τε
489 811 546 862 ἐν
575 807 754 872 ἄλλοις
784 807 1020 879 εἴρηται,
1071 807 1165 858 καὶ
1192 805 1271 876 τῷ
1309 804 1504 875 κλεινῷ
1545 803 1702 874 ἡμῶν
1742 803 1822 856 δι-

223 903 487 972 δασκάλῳ
516 901 593 971 τῷ
622 900 879 972 μακαρίῳ
919 901 1184 972 Ἱεροθέῳ,
1216 899 1274 952 ὃν
1307 897 1445 970 μετά
1486 898 1577 950 τὸν
1613 896 1824 950 Παῦλον

225 995 554 1050 διδάσκαλον
588 993 924 1065 ἐπλούτησεν
943 1011 956 1024 ⁸
997 994 1142 1065 ἆπερ
1178 995 1406 1056 ἐκεῖνος,
1438 992 1549 1044 εἴτε
1580 991 1688 1044 ἀπὸ
1716 991 1825 1044 τῶν

228 1088 400 1161 ἱερῶν
428 1087 664 1159 Γραφῶν
691 1086 1052 1158 παρείληφεν,
1080 1087 1188 1139 εἴτε
1217 1087 1310 1139 καὶ
1337 1087 1403 1138 ἐκ
1430 1085 1530 1154 τῆς
1570 1085 1698 1156 περὶ
1727 1083 1826 1148 τὰς

227 1179 460 1252 Γραφάς
497 1179 724 1250 ἐρεύνης
753 1176 1115 1249 συνεώρακεν,
1152 1178 1217 1230 ἐκ
1244 1177 1343 1247 τῆς
1374 1175 1574 1246 πολλῆς
1620 1193 1828 1246 γυμνα-

229 1272 356 1336 σίας
382 1273 477 1325 καὶ
502 1271 715 1342 τριϐῆς,
752 1270 862 1323 εἴτε
889 1271 985 1323 καὶ
1025 1269 1088 1322 ἐκ
1121 1286 1267 1333 τινος
1307 1268 1520 1340 ἐμυήθη
1549 1267 1827 1339 θειοτέρας

228 1365 546 1429 ἐπιπνοίας,
575 1366 636 1418 ού
675 1364 835 1436 μόνον
867 1362 1074 1435 μαθὼν,
1103 1363 1239 1417 ἀλλά
1275 1365 1370 1416 καὶ
1396 1361 1584 1416 παθών
1611 1379 1622 1391 ·
1661 1362 1736 1425 ώς
1765 1361 1826 1414 οὐ

226 1457 502 1522 διδακτῶς
553 1456 644 1510 διά
689 1457 866 1526 λόγων
918 1457 1018 1528 τὴν
1077 1459 1206 1528 περὶ
1260 1456 1470 1510 τούτων
1533 1455 1826 1526 δεξάμενος

233 1549 460 1620 μύησιν,
513 1549 648 1602 ἀλλά
690 1552 756 1620 τῇ
803 1549 924 1620 θείᾳ
961 1549 1226 1620 ἐλλάμψει
1253 1547 1547 1613 τυπωθεὶς,
1592 1550 1685 1601 καὶ
1717 1543 1828 1602 οἷον

229 1640 599 1712 ἐνσημανθεὶς
622 1643 688 1712 τῇ
728 1640 936 1712 διανοίᾳ
959 1641 1058 1711 τὴν
1087 1641 1288 1710 γνῶσιν
1313 1641 1422 1695 τῶν
1462 1642 1604 1712 ὑπὲρ
1642 1642 1824 1711 φύσιν.

229 1733 453 1804 Ταύτην
484 1733 592 1804 γὰρ
620 1735 723 1805 τὴν
749 1733 860 1786 τῶν
892 1734 1182 1806 θειοτέρων
1217 1734 1417 1805 μύησιν
1445 1734 1826 1804 συμπάθειαν

229 1827 517 1891 ἐκάλεσεν,
562 1828 731 1897 ῆγουν
771 1826 1126 1880 συνδιάθεσιν.
1158 1829 1266 1881 Καὶ
1301 1827 1387 1880 ἵνα
1429 1827 1498 1880 τὰ
1535 1826 1706 1880 πολλὰ
1734 1829 1828 1881 καὶ

233 1920 488 1991 μακάρια
529 1920 639 1972 τῶν
667 1921 876 1974 ἐκείνου
907 1919 1192 1992 παρῶμεν,
1219 1922 1276 1973 ἐν
1313 1921 1620 1991 ἐλαχίστοις
1652 1939 1829 1993 παρα-

230 2010 457 2081 Οώμεθα
502 2011 648 2082 ἅπερ
692 2013 825 2084 φησὶ
870 2015 1000 2084 περὶ
1039 2013 1134 2066 τοῦ
1179 2013 1386 2085 Κυρίου
1438 2013 1595 2085 ἡμῶν
1653 2013 1826 2084 Ἰησοῦ

228 2103 472 2175 Χριστοῦ
524 2106 620 2158 καὶ
668 2105 804 2158 Θεοῦ
834 2107 892 2158 ἐν
941 2109 1061 2169 ταῖς
1119 2106 1498 2176 Θεολογικαῒς
1527 2108 1828 2176 στοιχειώ-

230 2215 437 2251 σεο-ιν.

893 2420 1200 2488 Ἶεροθέου.

308 2550 439 2621 ςΧ.
501 2550 732 2622 Ἐφεξῆς
781 2551 837 2604 δέ
889 2553 1137 2624 ἐκτίθησι
1184 2554 1320 2626 πρὸς
1369 2555 1519 2625 ῥῆμα
1581 2555 1674 2607 καὶ
1729 2553 1828 2624 τὴν

230 2641 329 2695 τοῦ
353 2641 509 2710 ἁγίου
536 2642 774 2714 γραφὴν,
793 2643 852 2696 ἐν
874 2642 955 2708 οἷς
978 2649 1006 2698 ὁ
1032 2647 1304 2716 μακάριος
1332 2645 1499 2714 λέγει,
1525 2646 1825 2716 παριστῶν,

230 2733 318 2784 ὅτι
350 2734 443 2786 καὶ
469 2736 498 2786 ὁ
538 2735 665 2798 Υἱὸς
693 2734 762 2787 τά
789 2735 967 2788 πάντα
994 2738 1140 2790 ἐστὶν
1182 2740 1240 2790 ἐν
1283 2740 1436 2801 πᾶσι,
1478 2741 1572 2792 καὶ
1619 2737 1828 2809 κεφαλὴ

232 2826 457 2879 πάντων
489 2827 632 2880 κατὰ
661 2829 752 2881 τὸν
795 2829 1138 2894 ’Λπόστολον,
1168 2832 1251 2885 ὅτι
1286 2832 1504 2885 πάντων
1536 2832 1651 2885 ἐστὶ
1693 2831 1830 2903 πλή-

239 2931 399 2989 ρωμα
426 2922 520 2974 καὶ
553 2923 830 2992 συνοχεὺς,
858 2925 951 2976 καὶ
976 2923 1229 2988 διασώζει
1256 2926 1349 2977 καὶ
1379 2925 1732 2996 περισφίγγει
1761 2926 1830 2978 τά

234 3011 382 3082 μέρη
429 3016 495 3083 τῇ
535 3015 780 3087 ὁλότητι·
826 3019 920 3070 καὶ
967 3016 1090 3071 οὔτε
1136 3019 1304 3090 μέρος
1339 3020 1489 3072 ἐστὶν
1519 3019 1641 3072 οὔτε
1685 3019 1824 3085 ὅλον,

1929 523 2086 593 longe
2132 521 2364 575 alterius
2399 530 2455 573 et
2500 521 2896 589 praestantioris
2949 527 3222 581 sermonis
3269 543 3358 584 res
3403 541 3510 590 est.

1928 628 2094 682 quam
2127 619 2311 665 nostra
2340 609 2480 662 ratio
2509 619 2604 663 aut
2633 608 2867 665 facultas
2894 610 3119 668 fert.Ad
3150 616 3266 670 haec
3298 618 3508 686 itaque,

1929 705 1974 758 si
2014 702 2306 757 ineffabilia
2343 710 2474 755 sunt
2517 699 2726 764 divina,
2781 713 2839 755 ut
2879 719 3002 773 quae
3035 707 3378 761 subtiliorem
3415 711 3514 764 ha-

1930 794 2092 847 beant
2125 789 2478 860 theologiam,
2523 790 2653 858 quid
2685 791 2833 846 dicet
2863 795 2986 862 quis
3030 794 3097 849 de
3132 798 3290 851 beata
3324 799 3514 854 Trini-

1933 882 2086 935 tate?
2124 882 2324 936 Verum
2361 881 2474 934 lucc
2505 895 2536 933 a
2579 881 2738 934 nobis
2783 883 2949 936 etiam
2997 884 3125 939 alibi
3165 887 3314 942 dicta
3360 900 3512 954 sunt,

1930 986 1986 1029 et
2021 977 2088 1029 ah
2121 977 2327 1046 inclyto
2367 983 2704 1044 prmceptore
2751 987 2942 1031 nostro
2986 978 3152 1034 beato
3183 979 3509 1049 Hierotheo,

1929 1065 2097 1136 338
2125 1081 2287 1134 quem
2335 1075 2459 1133 post
2499 1074 2751 1119 sanetum
2793 1066 3021 1122 Paulum
3074 1072 3264 1127 habuit
3308 1089 3514 1142 praece-

1929 1171 2170 1228 ptorem;
2202 1173 2325 1228 qua:
2357 1158 2467 1221 ille,
2520 1158 2638 1212 sive
2670 1175 2699 1212 a
2727 1160 3036 1228 Scripturis
3060 1165 3238 1219 sacris
3278 1180 3513 1236 accepe-

1935 1261 2036 1314 rat,
2061 1251 2177 1305 sive
2219 1267 2281 1304 ex
2317 1252 2628 1306 earumdem
2658 1252 3008 1322 indagatione
3063 1255 3237 1309 fuerat
3267 1269 3514 1313 eontem-

1934 1341 2134 1409 platus,
2187 1350 2244 1395 et
2289 1342 2552 1395 exercitio
2605 1359 2813 1411 usuque
2866 1347 3124 1412 plurimo,
3182 1350 3296 1404 sive
3343 1351 3511 1405 etiam

1933 1433 2186 1487 diviniori
2220 1433 2401 1502 aliqua
2428 1435 2798 1490 insinuatione
2827 1438 3020 1494 doetus
3046 1450 3184 1506 erat,
3209 1459 3314 1497 uen
3337 1443 3512 1499 solum

1933 1527 2172 1591 discens,
2209 1532 2304 1580 sed
2353 1536 2408 1581 et
2439 1528 2659 1596 patiens
2692 1529 2901 1595 divina,
2955 1543 3011 1586 ιιι
3041 1535 3130 1602 qni
3168 1550 3274 1590 non
3309 1537 3517 1592 doctri-

1932 1621 2130 1677 naliter
2162 1639 2261 1692 per
2304 1623 2475 1678 verba
2509 1624 2823 1680 doctrinam
2861 1644 3052 1683 eorum
3094 1632 3376 1699 hauserat,
3419 1635 3516 1690 sed

1933 1714 2116 1768 divina
2137 1715 2501 1770 illustratione
2522 1730 2868 1785 expressam,
2897 1733 2953 1775 et
2977 1725 3146 1778 veluti
3174 1726 3516 1796 insignitam,

1860 1793 1906 1851 Β
1935 1807 1989 1861 in
2048 1821 2230 1864 mente
2283 1813 2762 1880 supernaturalem
2821 1816 3059 1870 habebat
3121 1822 3515 1888 cognitionem.

1931 1897 2084 1954 Hane
2114 1910 2294 1956 autem
2325 1919 2504 1958 rerum
2541 1907 2854 1961 divinarum
2887 1909 3254 1964 eruditionem
3277 1912 3519 1982 συμπά-

1931 1993 2096 2045 θειαν
2120 2007 2217 2048 seu
2256 2002 2646 2055 consensionem
2710 2001 3021 2069 appellavit.
3065 2001 3265 2071 Atque,
3313 2014 3372 2056 ut
3401 2006 3519 2072 plu-

1931 2085 2070 2139 rima
2088 2101 2261 2156 eaque
2286 2089 2600 2146 beatissima
2625 2093 2769 2147 illius
2787 2097 3116 2149 documenta
3146 2104 3516 2161 transeamus,

1931 2180 2124 2248 paucis
2167 2181 2524 2250 subjiciamns
2553 2201 2615 2240 ea
2651 2203 2773 2256 qua:
2804 2187 2872 2241 de
2897 2187 3130 2242 Domino
3162 2201 3355 2244 nostro
3385 2188 3516 2244 Jesu

1931 2268 2152 2325 Christo
2183 2287 2244 2326 ac
2279 2273 2386 2326 Deo
2419 2275 2471 2328 in
2505 2275 2827 2346 Tlieologicis
2852 2277 3118 2332 elementis
3147 2281 3330 2334 tradit.

2575 2411 2874 2468 llierolltei.

2006 2565 2033 2635 ξ
2082 2565 2148 2620 Χ.
2189 2566 2396 2622 Deinde
2436 2584 2567 2622 vero
2615 2571 2680 2624 ad
2719 2571 2944 2624 verbum
2985 2573 3208 2642 exponit
3251 2573 3518 2643 scriptum

1932 2657 2203 2723 quoddam
2253 2661 2426 2714 sancti
2485 2662 2788 2726 Ilierothei,
2831 2664 2882 2716 in
2914 2679 3021 2733 quo
3055 2667 3249 2719 beatus
3299 2667 3388 2720 ille
3419 2669 3521 2731 ait,

1932 2751 2278 2804 ostendendo
2338 2753 2610 2820 quomodo
2640 2763 2695 2807 et
2742 2754 2912 2808 Filius
2938 2759 3120 2810 omnia
3167 2759 3219 2810 in
3263 2760 3523 2813 omnibus

1931 2851 1986 2894 et
2014 2845 2179 2910 caput
2212 2845 2458 2898 omnium
2492 2847 2586 2908 sit,
2640 2848 2941 2901 secundum
2988 2849 3346 2917 Apostolum;
3387 2869 3523 2923 quo-

1933 2939 2078 2990 niam
2109 2939 2350 2991 Omnium
2400 2952 2482 2994 cst
2527 2941 2806 3010 plenitudo
2853 2953 2908 2995 et
2956 2958 3243 3016 compago,
3297 2957 3350 3001 et
3385 2965 3520 3002 con-

1931 3041 2120 3085 servat
2161 3047 2223 3084 ac
2259 3033 2513 3103 astringit
2541 3044 2725 3104 partes
2782 3044 2915 3101 toto,
2964 3045 3019 3089 et
3055 3053 3233 3104 neque
3281 3055 3407 3109 pars
3441 3052 3523 3095 est

232 3107 380 3178 ὑπὲρ
403 3107 575 3161 ταῦτα
601 3110 710 3181 γάρ
730 3129 742 3140 ·
771 3111 906 3164 ἀλλά
931 3114 1025 3166 καὶ
1061 3111 1180 3166 ὅλον
1207 3113 1300 3166 καὶ
1326 3113 1512 3184 μέρος,
1543 3114 1620 3177 ὡς
1653 3132 1827 3168 συνει-

1936 3137 2108 3190 neque
2141 3133 2332 3188 totum,
2383 3126 2505 3192 quia
2565 3126 2649 3180 his
2698 3130 2952 3197 superior
3005 3138 3128 3193 cst;
3170 3140 3412 3185 attamen
3466 3143 3522 3186 et

230 3203 424 3278 ληφὼς
447 3207 516 3261 τὰ
540 3209 714 3263 πάντα
734 3228 746 3240 ’
781 3212 875 3264 καὶ
900 3212 1158 3284 ὑπερέχει
1180 3216 1246 3285 τῇ
1273 3214 1454 3284 φύσει,
1481 3217 1575 3268 καὶ
1598 3218 1824 3288 προέχει

229 3299 313 3371 τῷ
338 3301 518 3371 αἰτίῳ,
547 3303 640 3355 καὶ
674 3303 879 3368 τέλειος
904 3306 962 3357 ἐν
992 3310 1105 3369 τοῖς
1129 3308 1376 3360 ἀτελέσιν
1406 3309 1537 3379 ἡμῖν
1562 3311 1698 3376 ἐστι,
1729 3313 1825 3365 καὶ

231 3395 435 3466 ἀτελὴς
462 3398 519 3449 ἐν
549 3400 662 3460 τοῖς
696 3399 924 3464 τελείοις
958 3401 1231 3469 ἀγγέλοις,
1273 3403 1349 3467 ώς
1392 3403 1696 3477 ὑπερτελὴς
1731 3408 1826 3460 καὶ

155 3543 160 3546 _
234 3489 573 3558 προτέλειος,
605 3491 699 3542 καὶ
725 3493 996 3563 μηδεμίαν
1018 3493 1156 3565 ἔχων
1183 3494 1470 3567 σύγκρισιν
1501 3497 1598 3567 τῆς
1628 3498 1828 3552 τελειό-

232 3595 400 3648 τητος
438 3581 574 3650 πρὸς
603 3583 798 3646 αὐτούς
818 3601 830 3612 '
867 3587 961 3638 καὶ
993 3581 1131 3649 εἶδος
1161 3585 1270 3638 τῶν
1307 3588 1585 3652 ἀνειδέων’
1627 3590 1702 3654 ὡς
1731 3591 1828 3662 δη’

238 3673 500 3742 μιουργὸς
533 3675 626 3726 καί
658 3675 800 3746 ἀρχὴ
836 3675 1038 3740 παντὸς
1069 3677 1264 3742 εἴδους,
1298 3681 1392 3732 καὶ
1421 3681 1658 3746 ἁνείδεος
1690 3685 1826 3756 πρὸς

237 3761 529 3834 σύγκρισιν
579 3765 690 3818 τῶν
747 3766 1266 3838 είδοπεποιημένων,
1317 3770 1392 3833 ὡς
1437 3772 1580 3844 ὑπὲρ
1629 3774 1824 3830 ταῦτα.

235 3857 413 3909 Οὐσία
463 3859 626 3911 πᾶσιν
673 3860 1071 3915 ἐπιϐατεύουσα
1113 3867 1180 3935 τῇ
1226 3867 1474 3938 προνοίᾳ,
1522 3869 1617 3919 καὶ
1666 3867 1828 3922 πάλιν

236 3949 556 4022 ἐξῃρημένη
594 3952 815 4024 ἀπάσης
847 3955 1036 4019 οὐσίας
1069 3959 1134 4028 τῇ
1187 3957 1383 4026 φύσει·
1435 3961 1615 4024 πάσας
1653 3961 1828 4032 ἀρχάς

237 4041 338 4094 καὶ
360 4040 544 4106 τάξεις
571 4043 918 4115 περιορίζων,
943 4048 1036 4099 καὶ
1065 4047 1247 4120 πάσης
1275 4049 1709 4122 ύπεριδρυμένος
1738 4053 1830 4105 καὶ

236 4133 419 4203 ἀρχῆς
467 4135 561 4186 καὶ
610 4135 837 4200 τάξεως.
891 4137 1000 4190 Καὶ
1055 4137 1254 4209 μέτρον
1306 4140 1423 4192 ἐστὶ
1472 4141 1580 4192 τῶν
1639 4142 1826 4207 ὅντων,

237 4227 432 4298 ἐπειδὴ
477 4229 535 4281 ἐν
567 4229 714 4299 αὐτῷ
759 4230 937 4284 πάντα
985 4231 1359 4302 πεπέρασται·
1401 4235 1493 4287 καὶ
1533 4234 1688 4298 αἰὼν,
1739 4237 1831 4289 καὶ

239 4318 386 4391 ὑπὲρ
411 4318 582 4374 αἰῶνα
602 4361 616 4383 ,
654 4322 730 4386 ώς
758 4323 969 4377 αἰώνων
1004 4327 1235 4397 ποιητής
1255 4343 1267 4356 ’
1304 4325 1493 4398 ὡσπερ
1522 4328 1727 4392 τέλειος
1772 4331 1830 4382 ἐν

237 4415 360 4476 τοῖς
389 4412 622 4479 ἀτελέσι,
655 4417 750 4468 καὶ
775 4417 830 4468 ἐν
856 4419 970 4480 τοῖς
997 4417 1225 4482 τελείοις
1253 4418 1470 4490 ἀτελὴς,
1497 4420 1572 4484 ὡς
1600 4421 1832 4493 ὑπερτέ-

239 4504 386 4569 λειος
411 4523 423 4535 ο
447 4506 591 4560 οὕτω
624 4507 837 4579 πλήρης
869 4511 925 4562 ἐν
961 4512 1073 4574 τοῖς
1099 4511 1320 4573 ἐνδεέσι,
1352 4513 1446 4565 καὶ
1475 4513 1830 4587 ύπερπλήρης

239 4599 304 4650 ἐν
329 4600 443 4661 τοῖς
471 4599 575 4670 πλή
587 4617 729 4670 ρεσν
773 4601 866 4655 καὶ
892 4601 1060 4656 τᾶλλα
1089 4604 1228 4674 ὑπὲρ
1252 4603 1446 4668 ταῦτα,
1475 4605 1561 4658 ἵνα
1601 4608 1675 4678 μὴ
1707 4607 1829 4661 καθ’

239 4688 475 4743 ἕκαστον
501 4691 770 4762 λέγωμεν.
802 4692 965 4747 Ὅθεν
1009 4695 1104 4748 καὶ
1133 4696 1255 4748 ἐπεὶ
1289 4697 1418 4766 ἡμῖν
1461 4696 1828 4769 κεκοινώνηκε

243 4781 448 4850 σαρκὸς
485 4783 580 4835 καὶ
618 4784 870 4854 αἵματος,
911 4783 1005 4836 καὶ
1038 4783 1254 4855 ἀληθῶς
1293 4784 1551 4856 ούσιώθη,
1602 4788 1696 4840 καὶ
1733 4790 1829 4843 ἄν-

240 4874 464 4947 θρωπος
490 4877 851 4948 ἐχρημάτισε,
893 4875 1078 4940 πάλιν,
1105 4878 1206 4930 κάν
1232 4877 1440 4942 τούτοις
1486 4879 1597 4949 ἔχει
1637 4880 1830 4950 τά-τῆς

241 4969 500 5040 θεότητος
523 4969 818 5040 αὐχήματα
846 4969 1048 5034 τέλεια,
1065 4971 1123 5022 οὐ
1156 4971 1312 5041 μόνον
1339 4971 1462 5024 καθ’
1487 4972 1515 5024 ὃ
1540 4972 1832 5026 ἀναλλοιιτλα

239 5078 354 5124 τως
376 5060 762 5132 κεκοινώνηκε,
795 5061 961 5132 μηδὲν
986 5061 1272 5125 πεπονθὼς
1299 5061 1449 5134 παρά
1469 5062 1569 5132 τῆς
1593 5065 1834 5136 χείρονος

239 5153 662 5227 ἁνθρωπὸτητος
702 5156 782 5218 εἰς
807 5155 906 5226 τὴν
933 5153 1098 5209 αὑτοῦ
1127 5153 1378 5225 θεότητα,
1423 5155 1540 5208 ἀλλ’
1567 5157 1594 5208 ὅ
1631 5173 1704 5220 τι,
1736 5158 1830 5209 καὶ

238 5245 312 5297 τὸ
343 5245 560 5298 πάντων
594 5245 930 5306 καινότατον,
960 5246 1017 5298 ὲν
1043 5249 1156 5309 τοῖς
1198 5249 1445 5316 φυσικοῖς
1473 5247 1630 5317 ἡμῶν
1661 5247 1830 5312 ὑπερ-

240 5338 386 5408 φυὴς
417 5333 506 5408 ἦν,
555 5337 820 5403 πεζεύων,
863 5337 978 5391 ἀλλ’
1025 5339 1210 5391 ἐπάνω
1253 5339 1564 5391 εὐδιαλύτου
1605 5339 1826 5401 ὓδατοςο

240 5433 462 5496 ἐσθίων,
505 5433 642 5486 ἀλλά
681 5434 846 5497 τόσας
890 5433 1135 5505 χιλιάδας
1181 5433 1492 5504 χορτάζων·
1539 5434 1714 5487 πάντα
1762 5433 1831 5486 τὰ

240 5524 404 5595 ἡμῶν
433 5524 495 5588 ἐξ
521 5525 676 5596 ἡμῶν
711 5527 872 5598 ἔχων,
902 5527 996 5580 καὶ
1025 5527 1170 5598 ὑμᾶς
1195 5525 1502 5596 ὑπερέχων.

1933 3223 2101 3267 totum
2134 3227 2237 3279 est,
2273 3227 2327 3269 ct
2367 3233 2512 3284 pars,
2555 3229 2811 3288 tauquam
2851 3222 3139 3276 continens
3172 3224 3524 3287 universam!

1930 3309 2261 3375 suprahahet
2304 3319 2519 3375 natura,
2552 3321 2606 3365 et
2654 3312 2951 3366 antehabet
2979 3324 3035 3367 ut
3070 3330 3267 3379 causa;
3305 3326 3358 3369 et
3395 3333 3523 3385 per-

1931 3397 2106 3451 fectus
2137 3409 2219 3453 est
2253 3400 2304 3452 in
2342 3400 2676 3469 imperfectis
2725 3403 2882 3456 nobis
2908 3445 2922 3468 ,
2961 3414 3016 3458 et
3051 3406 3409 3474 imperfectus
3455 3410 3510 3461 in

1933 3489 2186 3558 perfectis
2211 3492 2436 3560 angelis,
2476 3501 2733 3563 tanquam
2764 3512 3094 3565 supraquam
3129 3501 3429 3568 perfectus,
3466 3511 3522 3555 et

1932 3583 2130 3636 nullam
2155 3583 2363 3639 habens
2387 3589 2855 3654 comparationem
2889 3591 3244 3658 perfectionis
3267 3602 3333 3646 ad
3363 3596 3516 3657 IHOS;

1930 3687 1984 3730 et
2037 3676 2212 3730 forma
2261 3694 2443 3732 rerum
2490 3680 2829 3744 inf'ormium,
2881 3693 3139 3752 tauquam
3183 3685 3413 3738 (Ireator
3463 3698 3521 3741 et

1930 3766 2255 3836 principium
2303 3771 2484 3822 omnis
2514 3770 2728 3834 formze,
2777 3783 2832 3825 et
2864 3774 2984 3827 sine
3038 3775 3209 3826 forma
3261 3787 3519 3844 respectu

1935 3873 2114 3911 rerum
2149 3859 2594 3925 inf'ormalarum,
2641 3873 2827 3933 utpote
2861 3881 3026 3933 supra
3075 3865 3331 3921 formam.
3379 3867 3522 3922 Sub-

1932 3953 2134 4009 stantia
2183 3963 2413 4008 cunctas
2460 3954 2801 4009 substantias
2852 3957 3156 4025 pervadens
3195 3973 3290 4011 sua
3340 3961 3522 4026 provi-

1933 4043 2138 4108 dentia,
2178 4055 2233 4096 et
2287 4053 2482 4097 natura
2518 4059 2613 4098 sua
2666 4059 2858 4098 rursus
2912 4045 2982 4099 ab
3023 4047 3172 4100 omni
3216 4048 3520 4102 substantia

1932 4144 2180 4200 exempta
2208 4147 2222 4197 ;
2256 4140 2450 4186 cuneta
2483 4133 2750 4202 principia
2779 4136 3112 4206 ordinesque
3141 4136 3437 4201 deﬁniens,
3466 4147 3522 4191 et

1934 4237 2099 4294 supra
2127 4240 2292 4280 omne
2347 4226 2678 4294 principium
2711 4227 3071 4296 ordinemque
3100 4228 3420 4283 collocatus.
3458 4229 3523 4282 Et

1935 4332 2117 4370 rerqu
2148 4327 2232 4372 est
2263 4334 2542 4382 mensura,
2579 4321 2839 4388 quoniam
2876 4321 2929 4374 in
2966 4321 3082 4389 ipso
3122 4321 3376 4376 universa
3411 4331 3524 4376 ler-

1935 4409 2252 4475 miuantur;
2285 4423 2340 4468 et
2370 4411 2631 4464 saaculum
2659 4421 2713 4466 et
2744 4427 2908 4481 supra
2935 4414 3220 4478 smeulum,
3252 4420 3522 4481 tanquam

1935 4509 2128 4554 auctor
2155 4503 2521 4569 szeeulorum;
2566 4504 2722 4572 quasi
2770 4503 3044 4571 perfectus
3077 4504 3128 4557 in
3159 4505 3518 4574 imperfectis,

1937 4602 1993 4646 et
2025 4593 2078 4646 in
2107 4595 2372 4662 perfectis
2401 4595 2782 4665 imperfectus,
2809 4597 3006 4665 quippe
3035 4611 3365 4667 supraquam
3393 4615 3519 4668 per-

1937 4685 2154 4753 fectus;
2183 4695 2441 4756 tanquam
2484 4689 2678 4758 plenus
2717 4689 2770 4741 in
2801 4687 3197 4758 indigentibus,
3237 4699 3293 4744 et
3326 4707 3521 4762 supra-

1937 4792 2100 4845 quam
2138 4777 2332 4847 plenus
2387 4780 2440 4833 in
2481 4781 2678 4849 plenis,
2722 4790 2774 4834 et
2822 4796 3159 4851 qtnecunque
3210 4799 3374 4853 supra
3409 4786 3524 4842 hate

1939 4879 2086 4934 sunt,
2116 4857 2430 4942 ne'singula
2457 4887 2868 4928 recenseamus.
2903 4873 3043 4929 Hinc
3070 4875 3330 4945 quoniam
3355 4877 3524 4932 etiam

1941 4965 2224 5019 nobiseum
2269 4967 2322 5021 in
2369 4981 2538 5022 carne
2578 4977 2634 5021 et
2679 4967 2947 5038 sanguine
2978 4970 3434 5038 communicavit,
3471 4982 3525 5026 et

1942 5076 2072 5116 vere
2129 5061 2494 5117 substantiam
2551 5073 2798 5116 nosuam
2859 5064 3196 5133 assumpsit,
3253 5074 3308 5120 et
3361 5067 3530 5120 homo

1943 5155 2121 5210 dictus
2149 5164 2254 5218 est,
2292 5171 2487 5210 rursus
2517 5156 2680 5210 etiam
2719 5157 2772 5209 in
2807 5156 2874 5211 iis
2905 5156 3071 5210 habet
3097 5155 3343 5226 perfecta
3375 5174 3524 5228 qum-

1937 5247 2062 5300 dam
2094 5247 2322 5316 vestigia
2352 5245 2685 5314 divinitatis;
2716 5263 2822 5300 non
2870 5248 3046 5302 solum
3091 5249 3236 5318 quod
3263 5249 3523 5308 divinitas

1939 5341 2056 5393 sine
2103 5338 2209 5392 nl!a
2264 5339 2642 5394 immutatione
2681 5339 2848 5410 339
2883 5339 3169 5394 nobiscum
3197 5343 3525 5408 ‘communi-

1939 5434 2103 5498 carit,
2138 5431 2386 5501 nihilque
2430 5448 2460 5485 a
2494 5432 2675 5486 viliori
2711 5435 3055 5486 humanitate
3084 5449 3244 5502 passa
3279 5434 3391 5499 sit;
3428 5450 3524 5490 ve-

1940 5540 2062 5579 rum
2109 5525 2300 5592 etiam,
2344 5526 2491 5594 quod
2535 5527 2691 5580 novis
2737 5526 2996 5580 omnibus
3042 5526 3281 5580 maxime
3321 5542 3523 5581 novum

237 5627 349 5682 est,
381 5617 434 5671 in
466 5619 810 5674 naturalibus
841 5620 1043 5674 nostris
1069 5619 1508 5689 supernaturalis
1531 5617 1832 5686 exstiterit,
1872 5617 2184 5682 ambulans,
2212 5617 2308 5672 sed
2339 5633 2504 5686 supra
2561 5633 2760 5687 aquam
2792 5617 3028 5681 ﬂuxam;
3061 5621 3370 5681 comedens,
3429 5621 3523 5672 sed

243 5722 330 5766 tot
361 5713 531 5767 millia
565 5714 797 5781 satians,
830 5715 1018 5769 omnia
1053 5723 1237 5769 nostra
1271 5729 1337 5767 ex
1376 5713 1535 5766 nobis
1562 5724 1618 5767 et
1656 5729 1818 5782 supra
1861 5729 1958 5769 nos
1989 5713 2324 5768 excellenter
2357 5711 2586 5765 habens.

314 5804 457 5875 §Xl'.
489 5805 707 5862 Τούτων
750 5806 848 5877 μὲν
874 5806 990 5870 ἆλις
1013 5823 1024 5838 ο
1057 5807 1147 5860 ἐπὶ
1174 5807 1243 5878 ,δὲ
1281 5807 1370 5862 τὸν
1409 5807 1502 5860 τοῦ
1531 5806 1688 5874 λόγου
1725 5823 1846 5859 σκο-

2029 5805 2055 5877 §
2102 5805 2192 5862 ΧΙ.
2237 5805 2343 5864 Sed
2387 5806 2455 5863 de
2488 5807 2574 5864 his
2619 5809 2778 5874 satis;
2835 5806 2994 5862 modo
3043 5802 3312 5861 sermonis
3349 5805 3520 5862 nostri
