3876 6226
348 299 456 357 επις

1529 288 1584 344 S.
1626 284 1927 343 DIONYSll
1961 284 2426 341 AREOPAGITJE

3518 281 3631 359 676

351 430 576 486 scopum
623 427 1048 484 prosequamur,
1100 411 1413 466 communia
1449 419 1504 463 et
1541 408 1694 461 unita
1727 415 1928 461 sancta:

2035 405 2136 457 πον
2164 406 2464 475 προΐωμεν,
2495 403 2862 467 ἁνελίττοντες
2909 401 2979 456 τὰ
3017 400 3175 457 κοινὰ
3212 401 3305 456 xui
3341 402 3629 473 ἡνωμένα,

349 506 635 561 Trinitatis
680 506 923 570 nomina,
956 519 1078 572 qua:
1122 504 1319 556 divina:
1362 510 1491 557 sunt
1526 497 1931 559 distinctionis,

348 610 538 669 utpote
571 600 839 653 donorum
873 598 1184 651 divinorum
1217 610 1338 663 qua:
1367 610 1397 647 a
1446 593 1556 646 Deo
1589 592 1937 658 distinguun-

350 704 461 758 tur,
496 699 859 760 exponentes.
891 688 956 741 Et
985 696 1044 740 ut
1073 688 1220 740 clare
1247 685 1595 746 deﬁniamns,
1621 682 1932 737 distinctio-

350 800 474 837 nem
533 782 775 835 divinam
825 795 947 833 esse
992 780 1252 842 dicimus,
1310 776 1481 829 Deum
1527 776 1807 837 decentes,
1854 772 1933 826 uti

348 878 557 931 dictum
595 884 699 939 est,
728 873 1094 934 donationes;
1131 871 1258 923 dum
1292 869 1439 922 enim
1483 867 1646 921 rebus
1678 866 1935 920 omnibus

347 972 616 1025 bonorum
636 968 910 1022 consortia
934 965 1195 1033 impertit,
1221 973 1332 1016 tum
1351 962 1501 1015 unite
1518 960 1760 1028 quidem,
1783 959 1934 1013 idest

346 1080 414 1118 ex
438 1064 601 1117 unius
634 1070 848 1114 natura:
879 1056 1221 1127 proprietate
1255 1056 1307 1108 in
1347 1069 1443 1107 sua
1475 1066 1702 1106 munera
1734 1049 1931 1106 distin-

347 1157 553 1224 guitur,
587 1153 943 1219 multiplicata
981 1163 1112 1203 vero
1158 1149 1210 1201 in
1258 1145 1520 1201 beneficia
1553 1142 1927 1213 particularia,

347 1263 563 1300 rursum
596 1248 827 1311 unitur;
881 1244 1143 1313 quoniam
1177 1258 1244 1296 ex
1291 1257 1398 1293 unt;
1432 1240 1542 1293 Deo
1586 1239 1766 1291 omnia
1802 1246 1931 1290 sunt

343 1339 630 1393 beneﬁcia.
667 1338 732 1391 Et
764 1337 906 1391 dona
945 1334 1165 1404 quidem
1201 1332 1253 1385 in
1284 1330 1518 1400 singulis
1549 1326 1929 1396 multiplican-

346 1444 455 1499 tur,
502 1441 723 1487 manent
755 1438 938 1483 autem
984 1430 1036 1483 in
1072 1443 1180 1481 uno
1217 1427 1335 1481 sine
1382 1423 1722 1493 egressione,
1774 1434 1837 1473 ac
1882 1420 1927 1473 si

343 1530 399 1583 in
434 1542 545 1581 uno
578 1526 671 1595 qui
706 1534 791 1579 est
824 1524 913 1577 illa
941 1524 1069 1590 quis
1104 1520 1324 1585 videat;
1360 1515 1620 1587 quoniam
1669 1514 1813 1567 Deus
1846 1521 1930 1566 est

345 1623 390 1676 is
420 1621 649 1690 quiest,
698 1618 793 1673 sed
836 1614 1420 1686 superesscntialiter:
1466 1620 1521 1665 et
1563 1608 1816 1677 producit
1862 1620 1925 1659 ea

343 1728 466 1782 qua:
492 1721 620 1765 sunt
645 1726 661 1775 ;
694 1710 934 1777 dumque
966 1707 1036 1761 iis
1064 1705 1258 1759 tribuit
1282 1719 1426 1769 esse,
1455 1700 1853 1770 multiplicatur
1883 1698 1929 1751 is

343 1805 488 1873 quod
518 1816 686 1855 unum
716 1810 803 1855 est
831 1802 884 1854 in
917 1800 983 1853 iis
1012 1814 1134 1868 qua:
1159 1794 1328 1849 multa
1366 1802 1529 1857 sunt;
1572 1791 1928 1845 nihilominus

344 1906 524 1949 tamen
577 1894 631 1947 in
676 1892 987 1948 istiusmodi
1040 1886 1497 1957 multiplicatione
1536 1892 1720 1938 manet
1766 1882 1819 1935 in
1867 1895 1926 1934 se

340 1988 472 2057 quid
498 2000 690 2048 unum,
727 1993 781 2038 et
818 1984 873 2037 in
907 1983 1248 2053 singulorum
1290 1976 1648 2033 distinctione
1679 1974 1923 2042 plenum,

341 2083 599 2152 quoniam
622 2088 708 2135 est
729 2080 797 2133 ab
822 2079 1081 2131 omnibus
1114 2076 1277 2129 rebus
1306 2080 1643 2141 exemptum,
1672 2077 1781 2121 tam
1807 2067 1927 2120 sin-

341 2174 515 2241 gulari
548 2172 905 2243 productione
936 2169 1177 2223 omnimn
1210 2166 1450 2234 (scilicet
1483 2162 1645 2218 simul
1672 2160 1925 2224 volendo,

338 2275 394 2319 et
434 2282 541 2319 non
575 2263 841 2334 paulatim
870 2278 934 2315 ac
980 2276 1077 2329 per
1106 2268 1292 2329 partes
1320 2266 1377 2312 et
1409 2257 1620 2310 minuta
1654 2252 1926 2319 I'usione;)

340 2360 467 2428 quia
496 2359 661 2423 Deus,
691 2356 816 2410 dum
845 2370 932 2408 res
963 2363 1133 2417 creat,
1168 2352 1303 2405 nihil
1335 2349 1609 2404 imminuit
1640 2347 1779 2401 bona
1804 2362 1923 2409 sua,

338 2450 436 2503 sed
461 2448 590 2518 quid
618 2463 785 2500 unum
817 2446 1032 2508 existit,
1079 2460 1144 2498 ac
1176 2444 1435 2496 virtutem
1477 2440 1689 2494 unitam
1739 2439 1927 2492 distri-

340 2542 459 2599 buit
487 2539 715 2594 cuilibet
744 2537 889 2608 parti
922 2537 1038 2591 sive
1079 2534 1293 2597 rutundi,
1322 2533 1439 2586 sive
1479 2530 1754 2585 animalis.
1789 2519 1958 2581 Nam'

340 2632 763 2702 pars.qu:r.libet
786 2630 919 2699 quid
946 2644 1112 2683 unum
1134 2636 1217 2681 est
1239 2627 1405 2681 etiam
1442 2624 1540 2681 toti
1572 2622 1723 2693 (quia
1754 2630 1923 2674 totum

337 2736 427 2782 est
461 2725 590 2795 quid
626 2721 817 2791 unum)
862 2722 1027 2776 etiam
1076 2720 1166 2779 uni
1220 2728 1425 2785 atomo,
1474 2730 1538 2770 ac
1586 2710 1923 2767 multitudini

339 2820 458 2873 sive
514 2816 725 2881 multis,
774 2830 896 2884 quas
949 2818 1077 2867 sunt
1120 2810 1250 2879 quid
1299 2823 1466 2864 unum
1521 2806 1729 2876 specie,
1786 2804 1927 2858 sicut

339 2910 498 2964 multi
524 2908 780 2967 homines
812 2915 938 2964 sunt
964 2904 1096 2973 quid
1124 2917 1293 2956 unum
1320 2910 1545 2967 natura.
1570 2898 1705 2952 Cum
1742 2897 1926 2963 itaque

340 3003 425 3059 his
449 3001 706 3056 erunibus
753 2997 1031 3068 impertiat
1067 2995 1363 3055 unitatem,
1412 2993 1545 3045 dum
1580 3004 1643 3044 ea
1677 3004 1742 3046 ex
1775 2988 1926 3056 prin-

339 3093 610 3165 cipalibus
638 3088 947 3151 elementis,
976 3101 1099 3156 quae
1129 3085 1361 3154 ipsemet
1391 3081 1665 3142 condidit,
1701 3092 1927 3146 compo-

341 3182 445 3245 nit,
494 3189 551 3235 et
595 3178 809 3248 singula
868 3192 934 3231 ex
987 3175 1297 3244 composito
1346 3171 1477 3241 quid
1535 3185 1703 3227 unum
1754 3169 1923 3234 facit;

340 3272 594 3326 similiter
622 3272 821 3325 iterum
867 3267 997 3337 quid
1024 3282 1191 3319 unum
1238 3272 1344 3327 est,
1389 3277 1739 3332 nequaquam
1770 3274 1927 3317 crea-

340 3365 583 3421 tiouibus
630 3364 683 3418 in
727 3360 1140 3417 multitudinem
1190 3356 1421 3419 divisus,
1463 3352 1924 3423 quemadmodum

342 3475 447 3513 una
482 3458 788 3525 eademque
816 3472 907 3510 ars
941 3457 1201 3527 alicujus,
1236 3472 1358 3526 qua;
1389 3452 1593 3508 virtute
1621 3452 1787 3507 multa
1810 3460 1927 3503 arte

341 3550 486 3603 facta
508 3563 863 3618 componens,
887 3557 943 3601 et
969 3549 1133 3603 rebus
1158 3546 1621 3602 immaterialibus
1646 3543 1924 3613 praefecta,

345 3656 558 3695 rursum
591 3642 645 3696 in
690 3642 988 3710 semetipsa
1023 3657 1129 3695 una
1162 3640 1507 3710 simplexque
1548 3648 1760 3701 manet,
1802 3652 1924 3690 cum

342 3746 517 3800 neque
544 3747 675 3803 pars
700 3732 772 3785 sit
800 3740 920 3786 arte
950 3729 1254 3796 factorum,
1284 3746 1461 3799 neque
1489 3731 1620 3800 quid
1656 3739 1828 3782 totum
1860 3744 1927 3782 et

344 3826 409 3879 iis
446 3826 757 3887 conﬂatum.
803 3824 1087 3895 Quomodo
1118 3824 1267 3878 enim
1308 3839 1399 3879 ars
1432 3839 1563 3891 pars
1593 3838 1720 3876 esse
1754 3822 1929 3891 possit

342 3932 533 3971 eorum
559 3931 680 3986 quae
707 3926 831 3970 arte
858 3918 1195 3981 consistunt,
1226 3932 1349 3970 cum
1380 3917 1498 3985 ipsa
1524 3914 1757 3985 singulis
1791 3929 1930 3982 pra:-

341 4007 557 4060 sideat?
585 4009 864 4076 quomodo
897 4016 1081 4060 autem
1133 4005 1300 4077 35.0
1333 4016 1506 4059 totum
1535 4021 1600 4059 ex
1635 4006 1719 4059 his
1749 4003 1839 4061 sit.
1874 4012 1929 4057 et

341 4114 464 4167 qua:
491 4100 647 4168 prior
678 4108 762 4152 est
789 4112 857 4151 ex
891 4096 1312 4167 posterioribus,
1345 4106 1399 4150 et
1429 4110 1595 4149 causa
1626 4108 1694 4148 ex
1719 4092 1930 4149 eﬂ‘ectis

342 4190 580 4246 existat?
612 4188 767 4245 Unde
817 4190 987 4243 etiam
1020 4186 1395 4250 concluditur,
1441 4184 1610 4241 Deum
1662 4200 1768 4239 non
1800 4200 1929 4240 esse

344 4282 654 4339 istiusmodi
684 4298 851 4337 unum
884 4283 1038 4353 quid,
1063 4280 1224 4351 quale
1254 4280 1308 4344 iu
1349 4280 1505 4333 nobis
1535 4289 1655 4334 est:
1685 4279 1737 4332 in
1771 4279 1930 4334 nobis

340 4376 484 4430 enim
519 4376 572 4431 id
621 4374 765 4445 quod
812 4390 979 4429 unum
1017 4385 1124 4439 est,
1177 4373 1261 4427 vel
1312 4382 1488 4428 totum
1525 4371 1608 4427 vel
1644 4386 1772 4441 pars
1810 4380 1925 4438 est;

2035 498 2135 567 τῆς
2161 498 2318 564 ἁγίας
2359 496 2559 567 δηλαδὴ
2588 496 2817 567 Τριάδος
2843 496 3085 566 ὀνόματα
3110 496 3211 564 τῆς
3238 494 3387 558 Θείας
3407 496 3629 566 διακρί-

2038 607 2196 652 σεως,
2229 590 2392 642 οἱονεὶ
2418 588 2527 641 τῶν
2555 588 2716 640 θείων
2744 587 2982 658 δωρεῶν,
3016 589 3071 640 αἳ
3095 587 3157 658 δὴ
3202 587 3307 640 ἀπὸ
3332 586 3471 639 Θεοῦ
3513 587 3637 640 δια-

2036 684 2331 755 κρίνονται.
2364 682 2472 734 Kui
2498 683 2584 734 ἵνα
2618 681 2802 750 σαφῶς
2830 679 3322 751 προδιορισὼμεθα,
3351 680 3622 752 διάκρισιι

2036 778 2185 830 Θείαν
2214 776 2394 847 φαμὲν
2420 774 2521 839 τὰς
2548 775 2975 845 ἀγαθοπρεπεῖς,
3006 775 3083 837 ὡς
3118 773 3352 844 εἴρηται,
3382 774 3596 844 δωρεάς

2033 869 2350 940 δωρουμένη
2396 866 2505 939 γὰρ
2535 869 2668 920 πᾶσι
2699 869 2812 930 τοῖς
2850 862 2970 919 οὖσι
2996 865 3096 929 τὰς
3122 865 3230 918 τῶν
3277 864 3499 932 ἀγαθῶν
3529 881 3627 933 με-

2032 964 2272 1026 τουσίας,
2315 962 2612 1033 ήνωμένως
2641 960 2759 1030 μὲν,
2788 961 2955 1029 ἦγουν
2996 961 3060 1011 ἐκ
3099 959 3200 1029 τῆς
3240 958 3501 1038 ἰδιότητος
3524 958 3631 1028 τῆς

2036 1060 2165 1129 μιᾶς
2190 1059 2423 1127 φύσεως,
2440 1056 2777 1127 διακρίνεται
2799 1056 2878 1118 είς
2902 1053 3001 1116 τὰς
3023 1052 3249 1125 δωρεάς·
3274 1051 3628 1123 πληθυομένη

2030 1152 2087 1206 δὲ
2117 1154 2196 1215 είς
2222 1154 2321 1214 τὰς
2353 1149 2585 1221 μερικὰς
2610 1148 2949 1219 εὐεργεσίας,
2982 1147 3143 1201 πάλιν
3176 1146 3423 1200 ἑνοῦται·
3455 1146 3537 1199 ὅτι
3566 1145 3632 1209 ἐξ

2032 1246 2149 1309 ἑνὸς
2174 1243 2309 1296 Θεοῦ
2337 1246 2391 1296 ui
2433 1241 2762 1313 εὐεργεσίαι.
2794 1241 2905 1293 Καὶ
2932 1237 3495 1301 πολλαπλασιάζονται
3522 1238 3631 1308 μὲν

2031 1340 2087 1391 ui
2120 1338 2321 1409 δωρεαὶ
2350 1340 2441 1392 ἐπὶ
2466 1343 2579 1404 τοῖς
2607 1340 2730 1392 καθ’
2761 1342 3010 1405 ἕκαστον,
3042 1341 3263 1411 μένουσι
3290 1339 3343 1392 δὲ
3371 1340 3631 1406 ἀνεκφοι-

2030 1433 2209 1501 τήτως
2249 1435 2328 1495 εἰς
2365 1434 2426 1486 τὸ
2463 1433 2543 1495 ἓν,
2593 1428 2702 1487 οἷον
2756 1436 2849 1488 ἐπὶ
2888 1434 3007 1498 ἑνὸς
3056 1432 3150 1486 τοῦ
3191 1434 3342 1496 ὄντος
3391 1432 3488 1484 ἴδοι
3516 1449 3628 1493 τις,

2031 1522 2217 1593 ἐπειδὴ
2242 1523 2315 1575 ῶν
2350 1525 2496 1578 ἑστιν
2521 1528 2549 1579 ὁ
2595 1527 2748 1591 Θεὸς,
2789 1525 2903 1579 ἀλλ’
2951 1526 3312 1597 ὐπερουσίως·
3361 1524 3456 1577 xui
3480 1542 3633 1594 παρ-

2031 1616 2153 1682 άγει
2180 1616 2248 1667 τὰ
2273 1616 2399 1669 ὄντα
2425 1658 2438 1681 ,
2468 1619 2528 1672 τὸ
2566 1615 2705 1672 εἶναι
2747 1618 2957 1683 τούτοις
3002 1618 3374 1689 δωρούμενος·
3419 1616 3630 1669 πολλα-

2034 1705 2389 1770 πλασιάζεται
2414 1708 2573 1761 τοῦτο
2596 1709 2656 1762 τὸ
2683 1709 2739 1762 ἓν
2765 1709 2824 1763 ὃν
2853 1712 2933 1773 εἰς
2974 1708 3147 1762 πολλὰ
3173 1708 3301 1761 ὄντα
3322 1725 3336 1736 ·
3371 1708 3520 1778 μένει
3567 1707 3631 1759 δὲ

1962 1774 2004 1831 Β
2032 1796 2183 1849 οὐδὲν
2227 1792 2387 1868 ἦττον
2433 1797 2489 1855 ἓν
2535 1799 2815 1870 ἡνωμένον
2842 1801 2898 1851 ὲν
2936 1798 3015 1870 τῷ
3042 1798 3268 1869 τοιούτῳ
3295 1774 3629 1869 πληθυσμῷ,

2030 1889 2125 1940 xui
2159 1888 2367 1960 πλῆρες
2414 1891 2471 1943 ἑν
2512 1890 2589 1961 τῷ
2634 1891 3004 1963 διακρίνεσθαι
3037 1894 3152 1955 τοῖς
3202 1890 3323 1944 καθ’
3364 1892 3629 1947 ἕκαστον.

2028 1978 2159 2031 διότι
2205 1982 2325 2034 ἐστὶ
2375 1983 2592 2036 πάντων
2642 1983 2751 2036 τῶν
2804 1983 2972 2037 ὄντων
3026 1984 3363 2055 ἐξῃρημένον
3411 1983 3510 2036 xui
3554 1985 3628 2052 τῇ

2030 2071 2207 2142 ἑνιαία
2234 2079 2562 2146 παραγωγῇ,
2596 2076 2783 2148 (ἤγουν
2809 2080 2876 2148 τῇ
2912 2077 3029 2148 ἅμα
3072 2076 3149 2147 τῷ
3191 2075 3501 2146 βούλεσθαι,
3530 2074 3633 2127 xui.

2029 2162 2089 2213 οὐ
2122 2163 2263 2216 κατὰ
2294 2166 2488 2237 μικρόν
2516 2184 2575 2219 τε
2603 2168 2695 2220 xui
2727 2167 2991 2239 μερικῶς,
3033 2168 3128 2219 xui
3153 2169 3219 2237 τῇ
3267 2165 3632 2234 ἀνελαττώτῳ

2030 2255 2182 2325 χύσει
2207 2258 2244 2327 ·)
2278 2258 2358 2310 ὅτι
2383 2256 2583 2321 κτίζων
2603 2258 2673 2311 τὰ
2698 2258 2827 2311 ὄντα
2851 2262 2878 2313 ὁ
2905 2260 3059 2324 Θεὸς,
3093 2258 3246 2311 οὐδὲν
3268 2257 3378 2311 τῶν
3405 2258 3630 2310 οἰκείων

2032 2353 2176 2419 μειοῖ
2214 2350 2456 2418 ἀγαθῶν,
2504 2350 2640 2404 ἀλλὰ
2670 2353 2764 2404 καὶ
2808 2351 2865 2403 ἓν
2894 2351 2990 2413 ὢν,
3024 2353 3117 2404 xui
3165 2350 3486 2421 μεταδιδοὺς
3524 2351 3630 2420 τῆς

2028 2443 2239 2503 ἑνιαίας
2268 2443 2551 2513 δυνάμεως
2581 2444 2676 2497 xui
2703 2443 2858 2515 μέρει
2891 2444 3104 2514 ἑκάστῳ
3134 2442 3245 2496 εἴτε
3272 2442 3366 2496 τοῦ
3393 2443 3628 2513 κόσμου,
3664 2486 3673 2495 .

2028 2534 2140 2587 εἴτε
2168 2534 2263 2587 τοῦ
2293 2533 2431 2598 (tum
2451 2553 2463 2565 ’
2496 2537 2604 2588 πᾶν
2630 2535 2739 2607 γὰρ
2771 2536 2936 2608 μέρος
2964 2535 3162 2589 ἑνιαῖόν
3188 2553 3261 2599 τι,
3292 2537 3385 2588 καὶ
3411 2534 3518 2605 ὅλῳ
3544 2534 3631 2606 (τὸ

2028 2626 2136 2698 γὰρ
2174 2626 2293 2692 ὅλον
2320 2627 2378 2679 ἓν
2426 2626 2499 2698 τι)
2531 2627 2625 2679 xui
2670 2627 2751 2679 ἑνὶ
2791 2627 3016 2697 ἀτόμῳ,
3069 2627 3162 2678 xui
3208 2625 3407 2697 πλήθει
3454 2627 3630 2696 ἤγουν

2029 2720 2265 2782 πολλοῖς,
2292 2718 2327 2772 ἃ
2358 2718 2436 2788 τῷ
2462 2718 2590 2771 εῖδει
2618 2719 2676 2771 ἑν
2718 2720 2876 2783 εἰσιν,
2907 2718 3096 2790 ὥσπερ
3121 2719 3172 2772 οἱ
3204 2719 3389 2772 πολλοὶ
3415 2718 3634 2789 ἄνθρω-

2029 2828 2118 2864 ποι
2147 2809 2227 2874 εἷς
2261 2814 2326 2882 τῇ
2358 2812 2516 2880 φύσει
2542 2811 2677 2865 ὲστί.
2708 2811 2931 2875 Τούτοις
2958 2806 3050 2865 οὖν
3075 2813 3190 2875 τοῖς
3219 2812 3353 2863 πᾶσι
3380 2809 3477 2862 τοῦ
3505 2810 3629 2873 ἑνὸς

2031 2906 2364 2975 μεταδιδοὺς,
2386 2904 2596 2968 συνθεὶς
2618 2904 2758 2958 αὐτὰ
2780 2907 2844 2958 ἑκ
2872 2905 2982 2958 τῶν
3010 2906 3251 2976 ἀρχικῶν
3270 2904 3570 2975 στοιχείων,
3590 2904 3628 2957 ἃ

2026 3000 2120 3053 xui
2133 2998 2272 3052 αὐτὰ
2288 2998 2680 3069 ὐπέστησε,κα“ι
2696 2999 2752 3051 ἒν
2771 3002 3002 3070 ποιήσας
3018 3000 3243 3052 ἕκαστον
3259 3003 3325 3070 τῇ
3346 3000 3624 3061 συστάσει,

2030 3090 2191 3146 πάλιν
2217 3092 2275 3145 ἓν
2300 3093 2447 3145 ἑστιν
2470 3091 2753 3157 ὡσαύτως,
2777 3094 2837 3145 οὐ
2869 3092 3145 3164 μερισθεὶς
3172 3095 3284 3156 τοῖς
3312 3095 3392 3155 εἰς
3419 3092 3629 3162 πλῆθος

2028 3184 2530 3255 δημιουργήμασιν,
2562 3183 2808 3256 ῶσπερὴ
2836 3184 2973 3256 αὐτὴ
3004 3185 3099 3238 xui
3130 3185 3227 3255 μία
3256 3184 3453 3254 τέχνης
3480 3185 3629 3246 τινος

2028 3272 2277 3345 δύναμις,
2328 3273 2499 3326 πολλὰ
2547 3274 3006 3328 κατασκευάσασα
3054 3273 3312 3345 τεχνητὰ,
3363 3275 3464 3326 καὶ
3512 3276 3627 3337 τοῖς

2031 3366 2214 3430 ἀΰλοις
2237 3366 2675 3437 ἑπιστατήσασα,
2703 3366 2865 3419 πάλιν
2900 3368 2957 3419 ἑν
3005 3367 3171 3436 ἑαυτῇ
3213 3365 3311 3435 μία
3358 3366 3453 3417 καὶ
3479 3364 3627 3434 ἁπλῆ

2034 3459 2205 3529 μένει,
2231 3458 2354 3511 οὐτε
2388 3459 2553 3529 μέρος
2580 3454 2715 3512 οὖσα
2738 3457 2846 3511 τῶν
2871 3457 3169 3529 τεχνητῶν,
3194 3456 3317 3510 οὐτε
3342 3475 3397 3510 τι
3418 3457 3539 3509 ὅλον
3567 3458 3629 3532 ἐξ

2030 3551 2252 3605 ἐκείνων
2294 3551 2668 3621 συγκείμενον.
2700 3549 2827 3613 Πῶς
2854 3549 2963 3621 γὰρ
3007 3551 3171 3621 μέρος
3206 3549 3317 3602 τῶν
3357 3549 3500 3602 κατὰ
3526 3550 3629 3620 τὴν

2030 3644 2227 3716 τέχνην
2255 3645 2565 3697 συστάντων
2590 3646 2622 3714 ἡ
2646 3643 2830 3715 τέχνη,
2850 3644 2988 3714 αὐτὴ
3013 3642 3273 3706 ὀλοτελῶς
3295 3644 3381 3711 ἐφ’
3408 3642 3629 3711 ἑκάστῳ

2032 3738 2477 3807 ἑπιστατήσασα;
2524 3735 2641 3799 πῶς
2667 3735 2722 3788 δὲ
2763 3735 2882 3787 ὅλον
2909 3735 2973 3787 ὲκ
3010 3733 3235 3797 τούτων,
3278 3735 3310 3800 ἡ
3339 3731 3536 3802 πρώτη
3564 3732 3633 3791 ἐκ

2030 3829 2138 3885 τῶν
2166 3830 2433 3901 ὑστέρων,
2464 3829 2558 3882 xui
2594 3831 2627 3899 ἡ
2661 3828 2807 3881 αἰτία
2842 3828 2906 3893 ἑκ
2930 3826 3039 3891 τῶν
3070 3826 3364 3890 αἱτιατῶνς
3401 3827 3515 3883 Καὶ
3540 3826 3633 3879 διὰ

2030 3923 2189 3975 τοῦτο
2221 3924 2535 3992 συνάγεται,
2576 3923 2657 3975 ὅτι
2686 3920 2810 3975 οὐτε
2844 3922 2902 3974 ἑν
2942 3923 3058 3973 ἑστι
3083 3920 3145 3973 τὸ
3170 3920 3323 3972 Θεῖον
3361 3920 3631 3985 τοιοῦτον,

2031 4012 2139 4070 οἷόν
2164 4016 2313 4069 ἑστιν
2342 4016 2399 4069 ἑν
2427 4017 2558 4086 ἡμῖν
2578 4033 2590 4045 ·
2619 4016 2677 4069 ἐν
2708 4017 2839 4086 ἡμῖν
2867 4014 2974 4086 γὰρ
3000 4014 3063 4067 τὸ
3100 4014 3156 4069 ἓν
3183 4012 3215 4083 ἢ
3247 4012 3367 4066 ὅλον
3393 4014 3426 4082 ἦ
3460 4014 3631 4085 μέρος

2032 4108 2169 4175 ἐστὶ,
2194 4108 2255 4160 τὸ
2278 4107 2332 4160 δὲ
2363 4107 2517 4161 Θεῖον
2554 4107 2699 4179 ὑπὲρ
2721 4105 2916 4171 ταῦτα,
2945 4104 3067 4158 οὐτε
3096 4106 3311 4176 μετέχει
3351 4102 3449 4157 τοῦ
3477 4104 3629 4168 ἑνός’

2032 4196 2151 4263 πῶς
2177 4198 2320 4269 γάρς
2348 4196 2564 4269 πρῶτον
2592 4197 2702 4267 γὰρ
2732 4195 2885 4249 ἔσται
2914 4195 3074 4257 πάλιν
3116 4196 3301 4267 ἕτερον
3346 4194 3426 4256 ἓν,
3456 4190 3633 4264 οὗπερ

2036 4289 2250 4360 μεθέξει
2274 4289 2334 4342 τὸ
2356 4289 2539 4351 Θεῖον
2571 4288 2635 4341 τὸ
2673 4286 2781 4359 γὰρ
2813 4286 3179 4358 μετεχὸμενον
3214 4284 3323 4338 τῶν
3370 4286 3633 4356 μετεχόν-

2031 4396 2140 4443 των
2165 4379 2381 4451 πρῶτόν
2415 4381 2585 4431 ἑστιν.
2633 4378 2771 4431 υῦτε
2797 4379 2859 4431 τὸ
2886 4378 2944 4431 ἓν
2974 4378 3111 4449 ἔχει,
3137 4378 3212 4442 ῶς
3238 4396 3290 4431 τι
3316 4377 3632 4449 ἑπισύμϐα-

345 4468 492 4523 Deus
537 4476 720 4522 autem
771 4476 858 4522 est
911 4480 1078 4537 supra
1120 4465 1259 4531 ista;
1300 4479 1478 4533 neque
1523 4464 1820 4534 participat
1860 4463 1928 4517 de

2037 4488 2133 4541 μα,
2162 4472 2195 4542 ἢ
2222 4472 2316 4524 xui
2337 4470 2593 4541 οὐσιῶδες
2616 4471 2829 4542 γίδίωμα
2852 4488 2865 4500 ο
2896 4472 3075 4523 ἐκεῖνο
3099 4470 3209 4541 γὰρ
3245 4469 3358 4540 ἔχει
3386 4470 3449 4522 τὸ
3491 4470 3572 4532 ἓν,
3599 4470 3631 4523 ὅ

346 4574 494 4625 uno;
529 4559 806 4628 quomodo
847 4558 1037 4612 enim?
1066 4573 1194 4611 nam
1227 4557 1307 4618 sic
1356 4556 1553 4617 iterum
1589 4555 1731 4608 aliud
1764 4553 1927 4623 quid-

345 4652 469 4706 dam
505 4668 673 4705 unum
715 4652 866 4722 prius
904 4651 1036 4716 erit,
1079 4650 1237 4720 cujus
1284 4650 1563 4719 particeps
1601 4648 1708 4703 erit
1742 4649 1883 4701 Deus
1915 4658 1931 4700 :

350 4743 611 4811 quoniam
655 4744 709 4796 id
760 4743 906 4812 quod
945 4742 1336 4812 participatur,
1382 4741 1536 4812 prius
1586 4750 1671 4794 est
1702 4739 1768 4797 iis
1813 4754 1935 4808 qua:

346 4836 699 4907 participant.
748 4833 939 4903 Neque
972 4835 1141 4888 etiam
1191 4834 1324 4904 quid
1356 4848 1524 4886 unum
1556 4842 1641 4887 est
1670 4835 1933 4901 tanquam

347 4943 444 4998 per
469 4926 750 4991 accidens,
797 4926 883 4980 vel
916 4928 1084 4980 etiam
1136 4935 1195 4980 ut
1237 4926 1550 4996 proprietas
1581 4924 1930 4991 essentialis;

346 5016 461 5069 bmc
490 5014 633 5068 enim
682 5013 814 5067 illud
854 5030 1021 5068 unum
1057 5014 1227 5068 habet
1258 5016 1407 5084 quod
1440 5016 1685 5070 essentia
1717 5026 1771 5070 et
1797 5033 1929 5082 ens;

350 5108 491 5162 Deus
524 5116 709 5162 autem
736 5121 900 5177 supra
932 5109 1235 5162 essentiam
1269 5118 1355 5164 est
1392 5118 1449 5164 et
1481 5125 1647 5179 supra
1676 5124 1798 5164 ens.
1833 5108 1931 5164 llis

345 5198 606 5253 onmibus
654 5199 841 5267 itaque
878 5198 1039 5252 modo
1084 5199 1246 5268 longe
1276 5200 1582 5255 sublimiori
1622 5203 1761 5256 Deus
1805 5203 1933 5271 quid

349 5306 515 5344 unum
556 5300 665 5357 est,
718 5306 884 5360 supra
933 5307 1102 5345 uuutn
1153 5293 1300 5361 quod
1333 5296 1507 5347 estin
1562 5295 1763 5359 rebus;
1799 5296 1931 5364 quin

348 5379 516 5433 etiam
555 5381 851 5436 multitudo
883 5391 990 5447 est,
1030 5398 1158 5437 cum
1190 5385 1245 5438 in
1276 5387 1485 5455 optima
1532 5403 1761 5459 quaeque
1810 5405 1930 5443 mu-

356 5490 487 5531 nera
513 5476 1002 5545 providenti-asque
1026 5478 1434 5546 multiplicetur,
1460 5484 1681 5536 minime
1704 5483 1931 5549 divisus,

349 5567 444 5621 sed
470 5583 537 5622 ex
568 5570 778 5641 integro
821 5572 1049 5642 singulis
1081 5574 1347 5642 obtingat,
1375 5576 1598 5628 tametsi
1635 5592 1730 5643 pro
1761 5576 1933 5631 facul-

355 5672 464 5715 tate
503 5678 730 5731 qua:que
773 5680 867 5720 sua
915 5667 1090 5736 ipsum
1139 5666 1483 5736 participem.
1530 5668 1797 5732 Quocirca
1848 5681 1933 5725 cst

363 5753 739 5823 inexhaustus,
785 5766 839 5813 et
872 5757 1258 5829 superplenus;
1308 5757 1353 5814 si
1389 5758 1532 5813 enim
1564 5758 1929 5831 divideretur,

2034 4565 2183 4617 ἐστιν
2205 4564 2363 4617 οὐσία
2393 4565 2488 4618 xui
2527 4565 2606 4629 ὃν,
2632 4565 2693 4617 τὸ
2715 4563 2770 4616 δὲ
2794 4564 2949 4617 Θεῖον
2984 4564 3125 4635 ὑπὲρ
3152 4563 3248 4634 τὴν
3288 4564 3480 4617 οὐσίαν
3527 4564 3631 4617 xui.

2036 4657 2177 4728 ὑπὲρ
2209 4656 2270 4709 τὸ
2294 4657 2372 4710 ὄν.
2400 4658 2595 4729 Πόρρω
2626 4656 2755 4725 γοῦν
2778 4657 2982 4710 τούτων
3009 4657 3265 4710 ἁπάντων
3295 4657 3356 4709 τὸ
3385 4657 3546 4711 Θεῖον
3570 4657 3633 4719 ἓν

2035 4747 2175 4820 ὑπὲρ
2206 4748 2267 4801 τὸ
2289 4750 2347 4802 ἐν
2371 4751 2485 4811 τοῖς
2514 4744 2665 4801 οὖσιν
2690 4749 2748 4801 έν
2773 4766 2785 4777 °
2826 4747 2964 4801 ἀλλὰ
2989 4744 3095 4801 καῖ’
3118 4746 3341 4818 πλῆθος,
3376 4750 3506 4801 ἐπεὶ
3548 4751 3633 4812 εἰς

2033 4835 2133 4899 τὰς
2157 4836 2567 4908 ἀγαθοπρεπεῖς
2589 4837 2797 4907 δωρεὰς
2835 4838 2928 4889 xui
2951 4836 3207 4907 προνοίας
3249 4837 3633 4913 πεπλήθυνται

2039 4931 2112 5001 μὴ
2153 4929 2529 5002 μεριζόμενον,
2562 4930 2674 4982 ἀλλ’
2703 4930 3013 5001 ὁλοκλήρως
3052 4930 3303 4994 ἑκάστοις
3347 4931 3633 5001 προσϐάλ-

2035 5022 2144 5086 λον,
2170 5024 2217 5074 εί
2242 5022 2335 5074 xui.
2359 5021 2427 5074 τὰ
2454 5022 2749 5092 μετέχοντα
2774 5023 2913 5076 κατὰ
2942 5022 3039 5094 τὴν
3072 5024 3282 5076 οἰκείαν
3339 5026 3630 5096 μετέχουσι

2034 5112 2285 5184 δύναμιν.
2313 5113 2412 5166 Διὰ
2434 5114 2594 5166 τοῦτο
2626 5115 2968 5187 ἁπλήρωτον,
3014 5114 3371 5187 ὑπερπλῆρες
3392 5133 3404 5146 ·
3439 5120 3490 5170 εἰ
3522 5117 3631 5187 γὰρ

2036 5204 2340 5277 ἐμερίζετο,
2370 5205 2694 5276 ἐπληροῦτο,
2724 5207 2833 5261 πᾶν
2858 5207 2952 5258 xui
2977 5207 3039 5259 τὸ
3064 5206 3151 5259 ἑν·
3186 5206 3280 5259 xui
3308 5206 3369 5259 τὸ
3402 5207 3629 5279 πλῆθος,

2036 5298 2304 5368 παράγον,
2337 5297 2579 5351 τελειοῦν
2626 5301 2721 5353 xui.
2767 5301 3010 5370 συνέχον,
3045 5300 3256 5353 πολλῶν
3299 5300 3441 5369 θεῶν
3489 5320 3621 5371 γινο

2039 5389 2236 5458 μένων,
2285 5392 2379 5443 xui
2403 5391 2510 5445 τῶν
2547 5392 2817 5460 ἀγγέλων,
2861 5393 2956 5447 xui
2986 5391 3097 5445 τῶν
3133 5391 3443 5465 ἀνθρώπων
3472 5397 3541 5465 τῇ
3574 5395 3632 5461 ἑξ

2036 5482 2200 5535 αὐτοῦ
2233 5482 2425 5536 θεώσει
2458 5486 2516 5537 ἑν
2546 5484 2623 5555 τῷ
2658 5484 2802 5538 κατὰ
2837 5486 3069 5558 δύναμιν
3101 5486 3335 5539 ἑκάστου
3381 5486 3631 5553 θεοεςιδεί,

2035 5575 2064 5627 ὃ
2089 5576 2195 5628 ἀπὸ
2234 5576 2368 5629 Θεοῦ
2397 5577 2753 5647 λαμϐάνουσι.
2784 5580 2941 5632 Δοκεῖ
2981 5579 3080 5651 μὲν
3108 5575 3200 5633 οὖν
3229 5579 3506 5645 ἐντεῦθεν,
3550 5581 3634 5633 ὅτι

2035 5671 2094 5722 τὸ
2135 5670 2287 5722 Θεῖον
2331 5670 2669 5741 διακρίνεται
2706 5673 2799 5725 xui
2842 5671 3197 5743 πληθύνεται,
3245 5677 3303 5726 ὲν
3342 5674 3423 5744 τῷ
3470 5674 3632 5727 θεοῦν

2035 5764 2282 5817 ἕκαστον·
2318 5763 2431 5819 ἀλλ’
2461 5764 2611 5820 οὐδὲν
2638 5760 2797 5837 ἧττον
2826 5769 2854 5820 ὁ
2882 5766 3160 5838 Ἀρχίθεος
3185 5763 3265 5835 εἷς
3293 5768 3447 5833 Θεὸς,
3486 5769 3627 5841 ἀμέ-
