3876 6226
181 303 290 359 677

754 300 844 355 DE
876 291 1133 355 DIVINIS
1165 295 1564 363 NOMINIBUS,
1614 296 1768 353 CAP.
1805 296 1868 351 11.
1904 329 1970 340 -
2004 296 2351 352 PARAPHR.
2387 296 2862 354 PACHYMERIE.

3345 302 3453 359 6'18

171 435 370 493 ριστος
434 419 494 471 ἐν
545 418 657 481 τοῖς
708 418 1021 488 μεριστοῖς,
1076 417 1353 486 ἡνωμένος
1398 415 1574 486 ἑαυτῷ
1633 415 1773 485 ὑπὲρ

1884 414 2221 484 impleretur,
2266 431 2389 469 cum
2416 431 2579 471 omne
2610 426 2718 471 tam
2746 432 2913 471 unum
2954 431 3117 487 quam
3149 418 3457 475 multitudio

180 515 405 567 ἃπασαν
427 509 622 562 ἕνωσιν
647 526 661 538 ·
696 510 789 561 καὶ
829 507 1034 577 ἀμιγὴς
1061 508 1236 578 μένων
1266 510 1377 571 τοῖς
1423 507 1638 570 πολλοῖς
1678 509 1772 560 καὶ

182 604 546 675 ἀπλήθυντος,
579 600 653 665 ὡς
682 600 742 653 τὸ
772 599 888 669 φῶς
918 597 1012 652 τοῦ
1046 599 1221 669 ἡλίου,
1256 598 1485 662 πολλοὺς
1516 596 1768 667 φωτίζον,

185 699 341 769 μένει
376 696 447 763 ἒνι
470 695 564 748 καὶ
604 692 963 763 ἀπλήθυντον.
996 692 1107 744 Καὶ
1144 690 1302 743 τοῦτο
1345 690 1644 761 ὑπερφυῶς
1685 693 1772 745 ὲν-

182 792 387 860 νοήσας
417 791 446 841 ὁ
487 785 663 849 κοινὸς
710 784 865 855 ἡμῶν
905 782 1227 847 διδάσκαλος
1266 784 1402 853 ἐμοῦ
1445 801 1503 836 τε
1548 784 1642 837 καὶ
1676 781 1770 837 τοῦ

181 880 460 951 ἡμετέρου
506 876 881 947 καθηγεμόνος
932 873 1028 927 τοῦ
1071 874 1306 945 μεγάλου
1372 873 1661 945 Ἱεροθέου,
1711 874 1773 926 τὸ

182 972 305 1041 φῶς
335 970 428 1024 τοῦ
450 970 678 1041 κόσμου,
710 970 785 1032 ὡς
807 968 1125 1031 διδάσκαλος
1154 967 1248 1020 τοῦ
1278 967 1505 1038 κόσμου,
1537 967 1631 1019 καὶ
1666 984 1771 1036 μα·-

182 1059 477 1132 θητὴς,τοῦ
507 1060 710 1131 κυρίως
733 1057 827 1111 τοῦ
851 1058 1055 1129 κόσμου
1083 1058 1280 1126 φωτὸς,
1309 1059 1336 1109 ὁ
1362 1057 1535 1128 μέγας
1560 1056 1773 1119 Παῦλός

180 1172 353 1225 φημι,
397 1152 523 1210 τάδε
568 1153 733 1220 φησὶν
777 1149 1009 1212 ὲνθέως·
1058 1149 1187 1204 Κᾶν
1236 1151 1357 1203 θεοί
1402 1150 1619 1203 πολλοὶ
1672 1148 1771 1201 καὶ

182 1248 381 1313 κύριοι
432 1244 543 1298 ὦσι
600 1243 752 1297 κατὰ
793 1241 989 1311 χάριν,
1038 1243 1089 1296 οί
1143 1241 1275 1295 θεῖοι
1312 1241 1532 1311 ἄγγελοι
1589 1243 1684 1295 καὶ
1725 1243 1773 1294 οί

185 1341 327 1416 ἱεροὶ
353 1338 543 1409 ἄνδρες
564 1354 577 1367 ι
621 1337 759 1390 ἀλλ’
784 1335 928 1404 ἡμῖν
963 1335 1050 1400 εἷς
1076 1335 1219 1400 Θεὸς
1246 1334 1459 1405 ἀληθῶς
1488 1338 1519 1387 ό
1545 1334 1770 1402 Πατὴρ,

184 1437 213 1486 ό
240 1433 395 1495 Υἱὸς,
419 1429 585 1484 καὶτὸ
609 1430 760 1497 ἆγιον
780 1428 1026 1500 Πνεῦμα,
1045 1429 1119 1491 ὡς
1138 1427 1279 1481 κατὰ
1313 1428 1594 1499 μετάδοσιν
1636 1428 1773 1497 ἀμέ-

188 1541 377 1596 ριστον
415 1523 507 1576 καὶ
555 1522 886 1575 ἀσκὲδαστον
930 1522 1028 1592 τῆς
1055 1520 1372 1590 ἐπωνυμίας
1419 1521 1517 1590 τῆς
1568 1520 1774 1583 οἰκείας

186 1614 444 1685 θεότητος
493 1614 588 1666 καὶ
634 1612 952 1683 κυριότητος
979 1614 1092 1674 τοῖς
1142 1610 1356 1674 πολλοῖς
1400 1610 1771 1682 μεταδίδωσιν,

187 1707 250 1759 οὑ
295 1703 911 1776 κατακερματιζομένης
936 1703 1034 1774 τῆς
1066 1702 1317 1773 θεότητος
1352 1705 1432 1766 εἰς
1480 1702 1618 1775 μέρη
1651 1703 1771 1756 θεο-

186 1801 390 1869 τήτων,
437 1798 513 1861 ὡς
538 1798 736 1870 χρυσὸς
776 1800 856 1861 είς
888 1796 1198 1868 νομίσματα
1223 1814 1235 1825 ·
1272 1794 1396 1849 οὔτε
1427 1796 1536 1849 τῶν
1566 1796 1776 1854 πολλῶν

188 1890 331 1942 θεῶν
364 1887 830 1960 συμπληρούντων
859 1886 956 1958 τὴν
989 1888 1159 1958 αὐτὴν
1185 1886 1435 1958 θεότητα,
1475 1888 1533 1942 ὃν
1576 1889 1775 1961 τρόπον

186 1983 258 2035 τὰ
287 1982 459 2037 πολλὰ
492 1982 605 2052 εἴδη
632 1982 726 2036 τὸν
752 1982 847 2036 ἕνα
895 1982 1119 2053 κόσμον·
1155 1980 1289 2034 ἀλλὰ
1321 1981 1655 2054 πληθύεσθαι
1685 1983 1775 2036 λέ-

189 2093 347 2149 γεται
377 2076 408 2127 ὁ
450 2074 585 2138 Θεὸς
619 2074 698 2144 τῷ
742 2074 862 2127 καθ’
907 2076 1137 2129 ἕκαστον
1183 2077 1263 2137 εἰς
1308 2076 1642 2146 παραγωγὴν
1670 2076 1777 2128 τῶν

189 2168 359 2220 ὄντων
407 2166 707 2238 βουλήματι
754 2170 1137 2238 προνοητικαῖς
1179 2166 1427 2237 προόδοις
1473 2166 1779 2219 πολλαπλα-

193 2258 534 2329 σιαζόμενος,
563 2260 712 2329 μένει
743 2259 800 2312 δὲ
843 2258 1153 2330 ἀμερίστως
1180 2256 1339 2311 πάλιν
1369 2257 1447 2310 ἕν.
1491 2257 1589 2310 Διὰ
1622 2258 1780 2311 τοῦτο

191 2352 288 2403 καὶ
332 2351 428 2402 ἐπὶ
465 2350 575 2403 τῶν
621 2350 800 2415 θείων,
851 2349 1243 2422 ἐπικρατοῦσιν
1298 2351 1354 2402 αἱ
1404 2349 1628 2413 ἐνώσεις
1670 2350 1777 2403 τῶν

191 2444 543 2515 διακρίσεων,
569 2443 636 2496 τὰ
662 2444 877 2506 ἑνιαίως
900 2442 1141 2514 δηλονότι
1165 2444 1259 2496 καὶ
1299 2443 1601 2514 μοναδικῶς
1642 2442 1778 2495 θεω-

196 2536 438 2606 ρούμενα
463 2552 475 2564 ·
514 2536 575 2588 οὐ
619 2535 729 2607 γὰρ
765 2537 830 2588 ὲκ
876 2536 1087 2589 πολλῶν
1122 2534 1361 2607 συνήχθη
1395 2534 1463 2587 τὰ
1500 2535 1598 2604 τῆς
1651 2534 1781 2605 μιᾶς

196 2625 453 2698 θεότητος
484 2628 577 2680 καὶ
618 2628 957 2699 κυριότητος,
992 2626 1107 2681 ἀλλ’
1139 2629 1204 2681 ἐκ
1241 2627 1335 2681 τοῦ
1375 2627 1581 2698 ταύτης
1617 2644 1783 2697 μονα-

195 2720 386 2785 δικοῦ,
434 2723 462 2774 ὁ
513 2723 571 2774 ὲν
608 2722 836 2785 ἐκείνοις
883 2721 1200 2793 πληθυσμὸς
1248 2720 1554 2793 θεωρεῖται.
1623 2717 1783 2771 Ἀλλὰ

195 2814 357 2871 τοῦτο
384 2814 481 2884 μὲν
511 2814 605 2867 ἐπὶ
635 2812 744 2865 τῶν
789 2811 950 2865 θείων
970 2829 981 2841 ·
1022 2812 1117 2865 ἐπὶ
1148 2811 1205 2864 δὲ
1233 2812 1342 2865 τῶν
1383 2810 1506 2864 καθ’
1544 2813 1690 2883 ἡμᾶς
1722 2812 1783 2869 τὸ

198 2906 443 2964 ἐναντίον
465 2906 703 2973 γίνεται·
730 2905 882 2957 οὐδὲν
904 2904 1013 2977 γὰρ
1040 2904 1219 2959 αὐτῶν
1240 2906 1386 2957 ἐστιν
1408 2904 1534 2967 ὲνὰς
1556 2904 1780 2975 κυρίως,

197 2996 314 3059 ἀλλ’
357 2999 413 3050 αἱ
450 2998 748 3068 διακρίσεις
783 2997 892 3049 τῶν
929 2997 1206 3069 στοιχείων
1249 2996 1612 3067 προῦποῦσαι,
1661 2997 1786 3050 σύν-

198 3091 391 3161 δρομοι
416 3091 698 3161 γινόμεναι
728 3092 821 3144 καὶ
852 3088 1135 3162 ὲνούμεναι
1166 3089 1425 3161 δευτέρας
1464 3088 1565 3152 τὰς
1596 3091 1662 3142 ὲκ
1683 3089 1785 3159 τῆς

1876 523 1999 561 nem
2042 509 2327 576 producat,
2368 509 2637 576 perﬁciat,
2680 518 2735 563 et
2774 509 3081 574 contineat,
3115 511 3298 567 multis
3343 523 3456 568 tam

1877 598 2086 667 angelis
2119 615 2283 668 quam
2320 600 2631 656 hominibus
2661 617 2726 657 ex
2776 602 2945 673 ipsius
2970 604 3315 661 deiﬁcatione
3350 608 3456 663 diis

1874 686 2053 752 factis,
2078 688 2231 758 juxta
2264 689 2527 758 cujusque
2564 692 2889 747 deil'ormem
2937 694 3253 749 facultatem
3288 712 3453 765 quam

1875 795 1904 832 a
1933 780 2043 836 Deo
2080 782 2377 852 accipiunt.
2408 782 2543 837 Hinc
2587 785 2792 855 itaque,
2823 786 2950 839 dum
2972 788 3273 855 quemlibet
3298 789 3456 844 deili-

1875 881 1985 939 cat,
2014 873 2228 927 videtur
2259 874 2662 942 quodammodo
2695 875 2956 945 distingui
3004 884 3059 931 et
3100 877 3457 947 multiplicari

1877 966 2051 1029 Deus;
2088 964 2446 1021 nihilominus
2491 968 2796 1022 Archideus
2829 984 2969 1023 unus
2997 978 3082 1024 est
3112 969 3275 1035 Deus,
3318 970 3460 1026 indi-

1875 1058 2070 1112 viduus
2110 1058 2161 1111 in
2202 1058 2472 1124 dividuis,
2509 1061 2695 1113 unitus
2726 1060 2779 1113 in
2812 1062 3110 1129 semetipso
3147 1076 3311 1130 supra
3342 1078 3461 1117 om-

1878 1166 2000 1205 nem
2028 1150 2284 1203 unionem
2312 1165 2327 1214 ;
2359 1162 2413 1204 et
2442 1152 2815 1219 impermistus
2839 1162 3021 1213 manet
3048 1152 3252 1218 multis,
3283 1169 3462 1224 neque

1878 1242 2299 1311 multiplicatur,
2330 1242 2473 1296 sicut
2504 1241 2685 1296 lumen
2710 1243 2846 1297 solis
2871 1246 2997 1297 dum
3030 1243 3231 1300 multos
3258 1245 3461 1299 illumi-

1877 1344 1995 1397 nat,
2038 1341 2221 1388 manet
2257 1346 2446 1401 unum,
2474 1344 2529 1389 et
2558 1349 2662 1388 non
2692 1334 3109 1406 multiplicatur.
3142 1335 3297 1403 Quod
3331 1353 3457 1391 cum

1876 1428 2095 1498 egregie
2131 1438 2318 1483 nosset
2358 1428 2665 1483 communis
2695 1438 2902 1491 noster,
2953 1443 3107 1483 meus
3150 1429 3372 1498 inquam
3401 1440 3459 1483 et

1877 1520 2230 1587 prmceptoris
2278 1520 2381 1573 mei
2431 1519 2612 1587 magni
2664 1518 2942 1573 Hierotbei
2986 1530 3316 1588 prmeeptor,
3363 1521 3460 1589 qui

1878 1611 2018 1665 sicut
2049 1621 2132 1666 est
2161 1612 2355 1666 doctor
2386 1611 2611 1675 mundi,
2640 1612 2721 1666 sic
2750 1620 2808 1666 et
2837 1611 2927 1667 lux
2961 1613 3172 1678 mundi,
3208 1622 3264 1667 et
3294 1613 3462 1669 disci-

1878 1702 2037 1770 pulus
2059 1702 2176 1771 ejus
2202 1704 2291 1773 qui
2317 1719 2445 1759 vere
2475 1704 2562 1758 lux
2586 1714 2670 1759 est
2696 1706 2902 1769 mundi,
2929 1721 3185 1774 magnus,
3212 1707 3462 1776 inquam,

1809 1781 1852 1839 Β
1883 1794 2102 1863 Paulus,
2151 1797 2414 1851 divinitus
2446 1797 2563 1850 haec
2604 1798 2725 1851 ait:
2777 1796 2895 1851 Ειεε
2937 1798 3048 1852 sint
3086 1798 3163 1851 dii
3192 1797 3367 1865 multi,
3403 1809 3454 1851 ει

1881 1889 2081 1941 domini
2114 1888 2269 1942 multi
2316 1890 2613 1944 secundum
2668 1890 2930 1961 gratiam,
2962 1900 3021 1945 ut
3050 1890 3229 1961 angeli
3262 1892 3459 1958 divini,

1881 1982 2096 2046 virique
2138 1982 2350 2049 sancti;
2406 1983 2554 2036 nobis
2598 1992 2773 2036 tamen
2820 1996 2949 2037 vere
2994 2000 3135 2037 unus
3183 1992 3268 2040 est
3315 1983 3459 2044 Deus

1884 2071 2046 2125 Pater
2074 2070 2131 2138 ιι,
2174 2083 2228 2127 et
2264 2074 2453 2141 Filius,
2494 2081 2547 2129 et
2577 2074 2817 2143 Spiritus
2864 2084 3110 2139 sanctus,
3143 2075 3237 2144 qui
3268 2091 3463 2131 Secun-

1882 2170 2008 2221 dum
2054 2168 2346 2223 indivisam
2378 2179 2435 2227 et
2478 2167 2851 2222 iudistinctam
2902 2167 3460 2223 communicationem

1883 2261 2121 2316 nominis
2153 2261 2390 2332 propriae
2418 2260 2748 2326 divinitatis,
2796 2269 2851 2312 et
2882 2258 3294 2324 dominationis,
3329 2260 3468 2313 mul-

1887 2354 1955 2407 tis
1984 2367 2043 2407 se
2080 2353 2472 2416 communicat,
2503 2350 2729 2405 minime
2759 2360 2941 2405 tamen
2975 2352 3029 2405 in
3064 2362 3248 2420 partes
3288 2351 3467 2406 deita—

1888 2453 2001 2499 tum
2048 2443 2259 2503 Deitatc
2325 2443 2593 2510 discissa,
2641 2443 2781 2497 sicut
2825 2458 3018 2497 aurum
3070 2442 3125 2497 in
3175 2458 3464 2519 nummos;

1887 2552 2062 2605 neque
2107 2535 2292 2590 multis
2339 2535 2443 2590 diis
2479 2535 2599 2603 ejus
2646 2534 2995 2589 divinitatem
3042 2534 3466 2605 complentibus,

1886 2625 2342 2695 quemadmodum
2381 2625 2563 2679 multa:
2591 2625 2805 2693 species
2832 2641 2997 2679 unum
3026 2626 3285 2679 mundum
3309 2641 3326 2691 ;
3375 2626 3473 2679 sed

1888 2716 2239 2785 multiplicari
2282 2717 2488 2771 dicitur
2522 2716 2666 2770 Deus
2693 2716 2996 2772 secundum
3042 2717 3346 2787 quamlibet
3380 2731 3470 2783 res

1888 2810 2225 2881 producendi
2256 2810 2614 2875 voluntatem,
2647 2810 2891 2879 providis
2923 2808 3082 2883 341
3121 2810 3470 2879 processibus

1889 2902 2297 2972 multiplicatus,
2332 2913 2517 2957 manet
2543 2912 2723 2956 tamen
2770 2902 2824 2955 in
2871 2916 2930 2955 se
2971 2902 3103 2970 quid
3132 2916 3299 2954 unum
3337 2902 3469 2957 abs-

1886 3009 1993 3064 que
2041 2995 2335 3059 divisione.
2391 2993 2604 3050 Idcirco
2655 2993 2821 3049 etiam
2870 2994 2925 3047 in
2988 2992 3190 3048 divinis
3240 2995 3471 3049 uniones

1890 3092 2154 3155 superant
2182 3084 2585 3148 distinctiones,
2618 3099 2739 3161 qua!
2769 3082 2982 3137 scilicet
3012 3083 3175 3138 unice
3197 3092 3252 3138 ct
3276 3085 3470 3140 solita.-

202 3155 507 3245 συνθέσεως
528 3155 748 3246 ἐνώσεις
775 3155 1117 3253 ἐργάζονται.
1146 3180 1272 3232 Ἐπὶ
1293 3155 1349 3231 δὲ
1372 3178 1478 3232 τῶν
1508 3179 1668 3232 θείων
1690 3155 1778 3232 καὶ

1889 3179 1969 3232 rie
1996 3186 2351 3247 spectantur;
2384 3193 2492 3241 non
2516 3155 2660 3231 enim
2698 3192 2805 3231 una
2841 3177 3027 3231 Deitas
3054 3186 3111 3233 et
3137 3186 3377 3247 potestas
3399 3192 3468 3242 ex

198 3273 262 3327 τὺ
295 3272 354 3326 ἓν
384 3272 630 3344 πρόεστι,
664 3276 759 3326 καὶ
788 3274 924 3345 μετὰ
949 3274 1047 3345 τὴν
1076 3275 1156 3337 είς
1191 3272 1308 3335 τὰς’
1329 3271 1645 3342 εὐεργεσίας
1670 3271 1786 3325 διά-

201 3384 406 3439 κρισιν,
436 3365 597 3420 πάλιν
634 3365 691 3419 ἒν
728 3368 823 3419 καὶ
862 3366 1002 3438 ὑπὲρ
1027 3366 1089 3418 τὸ
1125 3364 1183 3418 ἓν
1231 3364 1402 3435 μένει.
1440 3366 1654 3426 Ταύτας
1692 3363 1787 3416 καὶ

201 3458 365 3527 ἡμεῖς
404 3455 505 3519 τὰς
538 3456 723 3519 κοινὰς
761 3455 860 3527 τῆς
889 3456 1017 3527 ὅλης
1064 3454 1317 3526 θεότητος
1358 3455 1453 3507 καὶ
1500 3453 1786 3525 ήνωμένας

199 3548 505 3619 διακρίσεις
544 3549 639 3600 καὶ
676 3548 995 3618 εὐεργεσίας
1043 3546 1392 3618 πειραθῶμεν
1437 3547 1676 3617 ὑμνῆσαι
1722 3547 1787 3598 ὲκ

200 3638 313 3692 τῶν
336 3643 394 3691 ὲν
416 3642 527 3701 τοῖς
543 3639 759 3707 Λογίοις
785 3638 1118 3709 θεωνυμιῶν,
1136 3639 1326 3692 τούτου
1354 3639 1791 3710 προδιεγνωσμὲ-

202 3745 318 3795 νου,
351 3731 428 3794 ὡς
456 3730 510 3783 εἴ
543 3748 595 3783 τι
630 3730 695 3783 ἂν
723 3730 915 3801 κέηται
952 3731 1145 3803 ὄνομα,
1176 3733 1271 3785 καὶ
1313 3732 1409 3803 μία
1439 3732 1641 3804 ἑκάστη
1680 3734 1789 3788 τῶν

212 3825 621 3887 ⁶Υποστάσεων,
646 3823 773 3877 ἄνευ
801 3824 999 3896 δηλαδὴ
1015 3818 1089 3877 ὧν
1112 3823 1571 3896 προῦπεστείλατο
1600 3824 1793 3897 ίδιοτή-

201 3927 333 3972 των,
398 3912 755 3983 πατρότητος,
802 3912 1071 3984 υίότητος,
1102 3912 1502 3985 ὲκπορεύσεως,
1549 3914 1642 3966 ἐπὶ
1691 3914 1791 3984 τῆς

202 4003 333 4072 ὅλης
360 4002 609 4074 θεότητος
637 4004 1057 4075 ὲκληφθήσεται.

1890 3268 2079 3323 multis
2099 3268 2333 3323 conﬂata
2369 3277 2477 3333 est,
2504 3269 2600 3323 sed
2629 3284 2694 3322 ex
2723 3268 2885 3338 hujus
2912 3268 3321 3337 singularitate,
3348 3286 3471 3338 qua:

1892 3362 1945 3416 in
1979 3362 2088 3416 illis
2117 3371 2223 3427 est,
2267 3362 2555 3417 multitudo
2578 3363 2987 3424 consideratur.
3015 3360 3081 3415 Et
3105 3362 3219 3416 hinc
3249 3362 3469 3431 quidem

1891 3455 2072 3524 quoad
2104 3455 2315 3519 divina;
2362 3455 2414 3508 in
2449 3455 2649 3509 nostris
2686 3464 2869 3510 autem
2922 3456 3086 3511 rebus
3122 3455 3469 3510 contrarium

1896 3548 2131 3610 accidit;
2168 3546 2310 3600 nulla
2339 3549 2481 3602 enim
2516 3548 2567 3601 in
2596 3548 2727 3615 ipsis
2754 3548 2971 3618 proprie
2994 3556 3078 3602 est
3114 3548 3338 3613 unitas;
3372 3546 3471 3601 sed

1892 3640 2305 3708 przeexistenles
2329 3638 2723 3699 elementorum
2755 3638 3309 3703 distinctiones,dum
3337 3652 3476 3697 con-

1894 3740 2127 3784 currunt
2154 3738 2209 3784 et
2237 3730 2524 3797 uniuutur,
2556 3730 2695 3784 alias
2716 3746 2783 3786 ex
2817 3731 3213 3800 compositione
3244 3728 3474 3788 uniones

1892 3819 2155 3875 efﬁciunt.
2200 3818 2257 3873 lu
2309 3819 2509 3873 divinis
2550 3834 2682 3873 vero
2720 3826 2775 3874 et
2824 3835 2992 3874 unutn
3042 3816 3371 3889 pratexistit,
3418 3824 3474 3867 et

1894 3919 2015 3978 post
2042 3910 2189 3963 illaut
2215 3910 2268 3963 in
2291 3910 2561 3965 beneﬁcia
2588 3910 3025 3975 distinctionem,
3044 3894 3260 3962 iterum
3286 3916 3473 3960 manet

1897 4019 2063 4058 unum
2089 4012 2149 4057 et
2172 4018 2507 4074 supraquam
2542 4018 2727 4057 unum.
2756 4002 2867 4057 Has
2894 4003 3059 4057 etiam
3099 4015 3199 4063 nos
3221 4014 3472 4053 commu-

206 4108 311 4147 nes
344 4093 510 4146 totius
545 4091 795 4161 Deitatis,
846 4103 902 4148 et
938 4096 1123 4150 unitas
1176 4096 1555 4151 distinctiones
1616 4110 1678 4151 ac
1716 4095 2128 4155 benelicientias
2158 4111 2191 4151 e
2240 4097 2443 4152 divinis
2480 4097 2794 4158 nominibus
2826 4095 2981 4169 juxta
3018 4094 3331 4165 Scripturas
3358 4093 3475 4147 lau-

204 4183 341 4236 dare
367 4183 713 4249 conabimur,
744 4184 909 4240 modo
940 4186 990 4240 id
1033 4195 1159 4241 ante
1200 4188 1479 4258 cognitum
1506 4188 1602 4251 sit,
1651 4187 1795 4257 quod
1831 4187 1877 4241 si
1946 4188 2090 4263 quod
2131 4203 2329 4245 nomen
2361 4196 2598 4261 ponatur
2638 4188 2806 4247 etiam
2869 4186 3158 4256 cujuslibet
3193 4186 3449 4242 Persona)

204 4276 329 4329 sine
367 4276 820 4345 proprietatibus,
854 4294 909 4333 γ.
952 4293 1007 4349 g.
1071 4280 1443 4348 paternitatis,
1492 4279 1793 4351 liliationis,
1860 4280 2255 4354 processionis,
2292 4281 2494 4352 quibus
2538 4282 2606 4343 ad
2645 4289 2856 4340 certam
2901 4279 3142 4352 aliquam
3184 4278 3466 4334 contraius

207 4379 322 4434 tur,
352 4367 407 4423 in
440 4378 553 4425 tota
590 4372 704 4440 ipsa
737 4370 1032 4430 divinitate
1059 4366 1437 4445 accipiendum
1474 4388 1620 4433 esse.

286 4544 320 4588 ι
341 4545 361 4601 l
384 4547 511 4604 Cor.
545 4562 661 4616 vni,
690 4547 746 4615 5,
769 4546 825 4603 6.
