3876 6226
421 270 533 329 679

912 571 1295 664 CAPUT
1365 571 1535 657 Ill.

420 717 550 781 Qutt'
589 716 654 767 sit
689 716 758 768 vis
794 713 1075 770 orationis.
1103 722 1148 764 et
1179 711 1242 763 de
1284 707 1759 781 beatollierotlieo
1819 709 1881 760 de
1919 724 2005 760 re-

701 788 896 855 ligione
925 795 970 838 et
1004 781 1388 848 conscriptione
1417 779 1731 848 theologica.

1609 267 1666 322 S.
1705 266 2008 324 DIONYSII
2060 263 2526 323 AREOPAGITA‘J

3601 262 3719 315 68η

2040 508 2124 611 ιη’
2508 554 3156 643 ΚΕΦΑΛΑΙΟΝ
3194 548 3305 637 Γ.

2120 701 2212 766 Τίς
2243 702 2280 767 ἡ
2310 699 2421 765 τῆς
2452 696 2642 765 εὐχῆς
2678 695 2948 767 δύναμις,
2981 692 3075 745 καὶ
3101 693 3241 767 *περὶ
3275 692 3378 767 τοῦ
3401 692 3715 767 μακαρίᾳ]

2197 759 2504 837 Ἵεξρούέου,
2527 759 2648 820 "aedi
2691 759 2841 832 περϊ
2867 759 3195 828 εὐλαϐείας⁷
3214 763 3309 816 καὶ
3345 759 3706 831 (firmasti);

2178 839 2546 909 θεολογικῆς.

1769 1000 2118 1054 SYNOPSIS
2151 997 2448 1054 CAPITIS.

416 1153 454 1206 I.
503 1154 657 1208 Docet
686 1197 698 1217 ,
748 1154 817 1206 ad
872 1153 1033 1207 Deum
1081 1157 1436 1210 accedendum
1490 1173 1599 1209 esse
1639 1173 1730 1223 per
1775 1167 2103 1220 orationem;
2135 1172 2237 1207 non
2275 1155 2398 1224 quia
2432 1151 2573 1205 Deus
2599 1169 2628 1206 a
2661 1149 3004 1224 nobisgbest,
3033 1148 3122 1224 sed
3154 1156 3211 1224 ut
3245 1162 3339 1199 nos
3378 1141 3710 1223 Deo_mente

482 1235 531 1279 et
570 1215 760 1293 spiritu
792 1237 1075 1284 prementes
1102 1228 1291 1279 simus.
1321 1225 1385 1280 In
1419 1215 1660 1279 oratione
1687 1228 1825 1279 enim
1852 1243 1954 1279 non
1986 1215 2095 1278 tant
2121 1225 2261 1278 Deus
2287 1215 2462 1283 'nobis,
2494 1239 2653 1290 quam
2687 1238 2780 1274 nos
2812 1220 2921 1293 Deo
2954 1219 3273 1293 cogitatione
3295 1215 3702 1293 appropinqua-I

484 1282 619 1350 mus.
648 1296 710 1350 ll.
762 1282 948 1348 Reddit
992 1297 1272 1359 rationem,
1307 1314 1399 1350 cur
1428 1309 1541 1364 post
1578 1309 1818 1350 sanctum
1850 1295 2196 1349 "ierat/reum
2241 1296 2396 1348 hosce
2427 1282 2586 1345 libros
2613 1292 2932 1358 theologica:
2963 1282 3394 1364 _c_onscri_pserit,
3441 1293 3512 1364 et.
3535 1282 3708 1363 simul

483 1368 727 1438 describit
760 1368 944 1438 laudes
983 1355 1282 1438 "ierat/rei,
1311 1379 1356 1419 et
1383 1355 1647 1438 quomodo
1678 1385 1786 1419 una
1819 1385 1939 1438 cum
1981 1365 2142 1438 Retro
2190 1377 2235 1418 et
2285 1364 2485 1418 Iacobo
2536 1355 2896 1438 interfuerint_
2921 1355 3707 1438 obdormitioui.sanctissimis-

493 1436 727 1503 Virginis
784 1437 1016 1501 Mai-ite,
1070 1424 1300 1506 quidque
1349 1424 1540 1491 ibidem
1585 1439 1801 1507 egerint.
1857 1435 1942 1490 ιιι.
1996 1435 2286 1500 Declarat,
2337 1451 2493 1504 quam
2545 1424 2800 1486 submisse
2863 1431 2928 1487 de
2987 1431 3156 1499 seipse
3218 1428 3531 1497 scriptisque
3588 1424 3706 1478 sui:

483 1510 691 1561 sentiat.

1992 1665 2101 1740 ξι.

479 1812 555 1864 Ac
612 1809 886 1878 primum,
932 1810 977 1863 si
1035 1811 1278 1875 videtur,
1343 1812 1686 1880 perlectum,
1747 1822 1803 1867 et
1851 1812 1985 1882 quod

2172 1815 2280 1866 Ka‘t
2314 1812 2557 1884 πρώτην,
2591 1814 2638 1864 εἰ
2675 1813 2840 1874 δοκεῖ,
2870 1812 2968 1882 τὴν
2999 1808 3256 1877 παντελῆ,
3293 1808 3385 1860 καὶ
3413 1806 3523 1858 τῶν
3555 1803 3702 1856 ὅλων

406 1917 594 1956 manes
645 1903 738 1955 Dei
789 1904 1167 1956 emanaliones
1211 1905 1562 1969 manifestat,
1611 1905 1736 1958 boni
1793 1921 1988 1959 nomen

403 2000 799 2064 expendamus,
851 1995 1102 2048 invocata
1137 1995 1429 2056 Triuitatc.
1460 2011 1580 2064 qua:
1618 1995 1745 2048 boni
1793 1995 1992 2063 princi-

405 2091 548 2158 pium
581 2101 684 2152 cst,
718 2098 770 2143 et
803 2090 1003 2142 bonum
1056 2096 1312 2157 superat,
1361 2100 1414 2142 et
1459 2089 1696 2157 optimas
1747 2103 1991 2156 quasque

402 2197 527 2234 suas
559 2181 934 2251 providentias
973 2181 1250 2249 explanat.
1283 2177 1513 2250 Oportet
1559 2180 1702 2234 enim
1742 2194 1839 2234 nos
1880 2181 1990 2250 pri-

403 2291 548 2328 nmm
581 2275 920 2328 orationibus
946 2277 1012 2327 ad
1050 2275 1246 2342 ipsam,
1278 2284 1337 2326 ut
1365 2274 1431 2326 ad
1463 2273 1589 2326 boni
1636 2271 1987 2340 principium,

401 2366 627 2426 adduci,
673 2381 735 2418 ac
767 2365 967 2419 deinde
1015 2365 1187 2433 magis
1232 2364 1334 2432 ipsi
1375 2363 1824 2432 propinquantes.
1857 2361 1987 2415 edo-

401 2459 513 2513 ceri
549 2458 752 2526 optima
788 2472 1017 2526 quaeque
1051 2472 1278 2510 munera
1311 2471 1430 2523 qua:
1462 2470 1632 2524 penes
1664 2456 1835 2523 ipsam
1865 2461 1990 2506 sum

401 2550 702 2613 collocata;
738 2565 862 2602 nam
898 2555 1013 2618 ipsa
1057 2549 1276 2614 quidem
1332 2561 1574 2616 presens
1612 2548 1767 2600 adest
1810 2546 1989 2598 omni-

403 2645 524 2708 has,
576 2658 680 2695 non
728 2652 908 2694 autem
944 2640 1018 2693 illi
1055 2641 1251 2693 adsunt
1297 2639 1502 2694 omnia.
1556 2637 1661 2691 Sed
1708 2653 1832 2690 cum
1869 2653 1987 2691 eam

399 2734 608 2788 sanctis
654 2733 1085 2803 precationibus,
1130 2731 1292 2803 342
1328 2742 1382 2785 et
1429 2741 1609 2784 mente
1653 2729 1986 2797 tram'piilla,

397 2835 449 2878 et
500 2826 566 2878 ad
599 2825 839 2878 divinam
872 2825 1128 2877 unionem
1161 2824 1573 2877 accommodata
1608 2822 1988 2891 deprecamur,

400 2928 511 2970 tum
547 2920 760 2973 demum
807 2934 907 2971 nos
950 2917 1118 2970 etiam
1156 2916 1203 2972 ei
1255 2925 1557 2984 prmsentes
1603 2930 1813 2970 smnus.
1869 2913 1986 2980 Ipsa

395 3011 541 3065 enim
588 3026 688 3064 nec
727 3011 778 3063 ia
831 3009 950 3062 loco
983 3010 1054 3062 ita
1087 3018 1193 3071 est,
1239 3017 1296 3060 ut
1335 3024 1568 3076 usquam
1610 3007 1776 3069 absit,
1804 3005 1884 3058 vel
1920 3020 1986 3058 ex

397 3101 517 3154 aliis
566 3101 630 3153 ad
677 3100 780 3152 alia
835 3100 1052 3169 migret.
1099 3098 1356 3164 Quinimo
1404 3098 1587 3151 dicere
1649 3097 1701 3150 in
1740 3097 1989 3150 omnibus

397 3195 559 3247 rebus
602 3193 776 3261 ipsam
811 3206 952 3256 esse,
999 3190 1128 3259 quid
1171 3189 1351 3241 minus
1405 3199 1488 3242 est
1539 3188 1656 3257 ejus
1694 3188 1981 3255 inlinitate,

396 3303 515 3350 ιιιιιη
561 3297 615 3339 et
666 3283 885 3338 excedit
930 3290 985 3335 et
1043 3282 1289 3335 continet
1334 3281 1614 3332 universa.
1673 3277 1783 3333 Nos
1839 3277 1985 3347 ipsos

398 3385 580 3450 itaque
629 3379 974 3434 orationibus
1006 3379 1074 3430 ad
1109 3375 1484 3430 sublimiorem
1532 3374 1838 3427 divinormn
1887 3373 1983 3425 be—

397 3476 797 3544 nignorumque
846 3470 1126 3523 radiorum
1178 3467 1487 3520 eontuitum
1564 3477 1981 3532 comparemus;

395 3564 853 3636 quemadmodmn
892 3563 938 3615 si
970 3559 1362 3615 lucidissimam
1409 3567 1655 3611 catenam
1699 3570 1729 3609 c
1771 3568 1986 3608 summo

395 3659 536 3713 casio
580 3673 921 3726 suspensam,
957 3664 1011 3709 et
1043 3655 1326 3721 hucusque
1363 3651 1678 3717 demissam,
1732 3650 1986 3702 manibus

394 3754 621 3808 alternis
655 3753 708 3805 iu
743 3750 1020 3804 anteriora
1054 3748 1330 3818 protensis
1375 3744 1725 3799 continenter
1768 3743 1983 3809 arripe-

397 3863 600 3913 remus,
646 3845 924 3898 attrahere
957 3843 1171 3911 quidem
1206 3840 1380 3909 ipsam
1419 3836 1756 3899 videremur,
1801 3851 1858 3888 re
1889 3849 1988 3887 au-

398 3955 504 3998 tem
539 3958 693 4006 vera,
726 3955 836 3994 non
868 3939 1016 3992 illam
1063 3936 1166 4006 ipsi
1199 3936 1615 3996 deduceremus,
1648 3940 1708 3984 ut
1743 3945 1861 3998 quae
1890 3944 1983 3983 su-

395 4052 566 4108 perne
609 4034 913 4109 et‘inferne
945 4044 1186 4100 praesens
1219 4037 1384 4092 esset,
1431 4025 1525 4079 sed
1559 4023 1778 4092 ipsimet
1813 4022 1985 4092 magis

395 4131 462 4184 ad
493 4127 840 4182 sublimiores
868 4124 1144 4177 radiorum
1186 4118 1478 4173 illustriora
1517 4115 1758 4186 fulgores
1787 4115 1986 4169 evehe-

396 4237 600 4277 remur.
652 4217 762 4272 Aut
796 4218 936 4271 sicut
978 4214 1021 4268 si
1077 4212 1255 4267 navim
1299 4210 1560 4280 ingressi,
1611 4209 1868 4261 rudentes
1916 4220 1982 4259 ex

395 4325 549 4381 petra
581 4312 822 4382 quadam
853 4309 920 4361 ad
955 4321 1053 4360 nos
1086 4317 1257 4372 usque
1287 4311 1569 4370 porrectos
1601 4301 1791 4354 auxilii
1819 4314 1984 4352 causa

398 4421 730 4473 teneremus,
782 4420 889 4459 non
925 4404 991 4456 ad
1026 4414 1125 4456 nos
1157 4409 1392 4470 petram,
1438 4398 1532 4451 sed
1576 4412 1676 4449 nos
1719 4395 1865 4464 ipsos
1900 4408 1985 4446 re-

396 4515 522 4555 vera
555 4501 846 4568 navimque
881 4495 948 4550 ad
981 4507 1190 4566 petram
1224 4493 1659 4546 traduceremus.
1709 4486 1982 4553 Quemad-

2094 1903 2188 1956 τοῦ
2217 1904 2352 1956 θεοῦ
2385 1905 2626 1976 προόδων
2645 1904 2688 1934 δ’
2717 1902 3110 1972 ἐκφαντορικὴν
3141 1898 3528 1969 ἀγαθωνυμίαν
3576 1899 3700 1948 ἐπι-

2101 1995 2451 2066 σκεψώμεθα,
2485 1997 2582 2067 τὴν
2624 1994 2998 2066 ὰγαθαρχικὴν
3053 1993 3144 2046 καὶ
3186 1990 3534 2062 ὑπεράγαθον
3575 1992 3700 2042 ἐπι-

2096 2089 2458 2157 καλεσάμενοι
2487 2088 2712 2158 Τριάδα,
2745 2087 2842 2158 τὴν
2886 2087 3286 2158 ἐκφαντορικὴν
3309 2085 3376 2116 δ’·
3411 2085 3522 2136 τῶν
3555 2085 3698 2136 ὅλων

2095 2179 2290 2248 ἑαυτῆς
2340 2179 2704 2246 ἀγαθωτάτων
2730 2163 3038 2249 ’”προνοιῶν.
3073 2178 3193 2249 Χρὴ
3241 2176 3349 2248 γὰρ
3389 2179 3535 2247 ἡμᾶς
3571 2180 3696 2237 ταῖς

2093 2275 2280 2344 εὐχαῖς
2314 2274 2528 2344 πρῶτον
2559 2272 2645 2325 ἐπ’
2677 2273 2867 2344 αὐτὴν,
2900 2273 2976 2336 ὡς
3016 2272 3381 2342 ἀγαθαρχίαν,
3411 2272 3695 2341 προσανά-

2094 2367 2306 2435 γεσθαι,
2350 2367 2441 2419 καὶ
2481 2365 2681 2436 μᾶλλον
2706 2366 2749 2397 ³³
2783 2366 2919 2435 αὐτῇ
2961 2363 3376 2436 πλησιάζοντας,
3419 2365 3479 2416 ἐν
3514 2364 3693 2434 τούτῳ

2097 2459 2350 2529 μυεῖσθαι
2381 2459 2449 2512 τά
2484 2459 2774 2528 πανάγαθα
2821 2460 2970 2531 δῶρα
3021 2459 3090 2511 τά
3135 2459 3262 2529 περὶ
3309 2457 3481 2528 αὐτὴν
3538 2458 3693 2528 ἱδρυ-

2097 2551 2260 2621 μένα·
2300 2554 2391 2605 καὶ
2425 2551 2534 2623 γὰρ
2566 2551 2704 2623 αὓτη
2741 2551 2841 2621 μὲν
2873 2551 3044 2604 ἀπασι
3087 2551 3372 2619 πάρεστιν,
3405 2549 3467 2600 οὑ
3510 2549 3694 2601 πάντα

2092 2643 2151 2695 δέ
2179 2644 2313 2713 αὑτῇ
2349 2643 2596 2714 πάρεστι.
2633 2643 2765 2694 Τότε
2802 2642 2882 2705 δὲ,
2912 2643 3040 2695 ὅταν
3070 2642 3238 2711 αὐτὴν
3265 2638 3691 2709 ἐπικαλώμεθα,

2094 2736 2389 2802 πανάγνοις
2427 2736 2524 2805 μὲν
2561 2734 2770 2804 εὐχαῖς,
2800 2733 3180 2804 ἀνεπιθολώτῳ
3224 2733 3280 2786 δέ
3331 2733 3425 2804 νῷ,
3475 2733 3571 2785 καὶ
3625 2736 3692 2801 τῇ

2094 2826 2230 2896 πρὸς
2259 2825 2408 2879 θείαν
2431 2827 2623 2880 ἕνωσιν
2651 2826 3069 2897 ἐπιτηδειότητι,
3094 2825 3214 2877 τότε
3241 2826 3334 2878 καὶ
3362 2826 3523 2894 ἡμεῖς
3548 2825 3692 2891 αὐτῇ

2096 2918 2406 2987 πάρεσμεν·
2448 2919 2584 2990 αὐτὴ
2635 2919 2744 2989 γὰρ
2786 2917 2909 2971 οὔτε
2954 2920 3011 2971 ἐν
3054 2917 3204 2988 τόπῳ
3251 2918 3416 2979 ἐστὶν,
3455 2916 3544 2969 ἵνα
3599 2917 3695 2967 καὶ

2095 3012 2206 3082 ἀπῇ
2238 3029 2402 3075 τινος,
2433 3013 2466 3082 ἢ
2499 3012 2555 3078 ἐξ
2589 3012 2791 3083 ἐτέρων
2821 3013 2902 3076 είς
2930 3011 3092 3083 ἕτερα
3125 3009 3353 3082 μεταϐῇ.
3400 3009 3565 3062 Ἀλλὰ
3598 3011 3694 3063 καὶ

2093 3102 2154 3155 τὸ
2191 3105 2247 3155 ἐν
2285 3105 2417 3156 πᾶσι
2446 3107 2555 3166 τοῖς
2591 3099 2741 3156 οὖσιν
2771 3104 2940 3173 αὐτὴν
2968 3099 3104 3155 εἷναι
3130 3103 3308 3170 λέγειν
3331 3101 3693 3155 ἀπολείπεται

2086 3196 2188 3265 τῆς
2219 3195 2360 3266 ὑπὲρ
2386 3197 2563 3249 πάντα
2595 3197 2690 3249 καὶ
2716 3198 2934 3250 πάντων
2964 3195 3369 3267 περιληπτικῆς
3404 3195 3689 3266 ἀπειρίας.

2103 3290 2279 3359 Ἦμᾶς
2325 3285 2417 3342 οὖν
2467 3289 2664 3353 αὐτοὺς
2714 3292 2835 3352 ταῖς
2882 3291 3069 3359 εὐχαῖς
3119 3289 3493 3359 ἀνατείνωμεν
3519 3289 3565 3319 ⁸⁵³⁵
3599 3289 3692 3341 ἐπὶ

2090 3379 2186 3449 τὴν
2215 3378 2323 3431 τῶν
2354 3379 2513 3431 θείων
2542 3379 2634 3431 καὶ
2661 3379 2879 3446 ἀγαθῶν
2912 3379 3145 3432 ἀκτίνων
3177 3377 3519 3449 ὑψηλοτέραν
3554 3378 3690 3430 ἀνά-

2089 3489 2290 3536 νευσιν,
2325 3471 2514 3544 ὥσπερ
2543 3473 2591 3524 εἰ
2626 3471 2945 3541 πολυφὼτου
2981 3474 3168 3541 σειρᾶς
3199 3475 3264 3525 ἐκ
3294 3471 3393 3542 τῆς
3428 3472 3689 3543 οὐρανίας

2089 3563 2391 3635 ἀκρότητος
2428 3563 2767 3634 ἡρτημένης,
2794 3565 2873 3627 είς
2909 3563 3070 3634 δεῦρο
3099 3564 3153 3616 δέ
3185 3562 3556 3634 καθηκούσης,
3597 3564 3689 3615 καὶ

2089 3655 2175 3707 ἀεὶ
2204 3654 2375 3725 αὐτῆς
2415 3657 2507 3708 ἐπί
2543 3656 2605 3707 τὸ
2647 3656 2834 3727 πρόσω
2875 3658 3063 3727 χερσὶν
3104 3655 3419 3724 ἀμοιϐαίαις
3459 3656 3689 3726 δραττὸ-

2093 3763 2264 3814 μενοι,
2299 3746 2584 3798 καθέλκειν
2638 3747 2738 3815 μέν
2785 3747 2958 3817 αὐτὴν
3007 3745 3319 3816 ἐδοκοῦμεν,
3350 3745 3426 3815 τῷ
3469 3746 3590 3799 ὅντε
3631 3747 3686 3800 δὲ

2088 3839 2148 3891 οὐ
2189 3840 2500 3909 κατήγομεν
2551 3839 2795 3909 ἐκείνην,
2844 3838 2957 3892 ἄνω
2995 3857 3053 3892 τε
3108 3841 3202 3894 καὶ
3265 3840 3414 3892 κάτω
3469 3839 3686 3910 παροῦ-

2091 3948 2208 3997 σαν,
2252 3931 2365 3984 ἀλλ’
2399 3932 2552 3984 αὐτοὶ
2597 3933 2758 4002 ἡμεῖς
2805 3930 3120 4002 ἀνηγόμεθα
3172 3930 3308 4002 πρὸς
3350 3930 3450 3994 τὰς
3485 3931 3691 4003 ὑψηλο-

2087 4024 2251 4095 τέρας
2302 4026 2411 4076 τῶν
2483 4022 2817 4092 πολυφώτων
2875 4024 3111 4077 ἀκτίνων
3179 4025 3571 4095 μαρμαρυγὰς.
3616 4029 3688 4078 ’Ἠ

2088 4111 2276 4180 ὥσπερ
2310 4113 2390 4176 είς
2443 4111 2572 4165 ναῦν
2611 4112 3003 4183 ἐμϐεϐηκότες,
3048 4114 3143 4166 καὶ
3187 4115 3538 4183 ἀντεχόμενοι
3575 4115 3686 4168 τῶν

2088 4203 2150 4258 ἐκ
2182 4222 2325 4268 τινος
2364 4205 2571 4276 πέτρας
2615 4206 2694 4268 εἰς
2734 4205 2881 4275 ἡμᾶς
2915 4207 3305 4277 ἐκτεινομένων
3338 4206 3684 4276 πεισμάτων,

2089 4298 2184 4349 καὶ
2223 4291 2334 4350 οἷον
2365 4299 2494 4368 ἡμῖν
2530 4299 2608 4361 είς
2647 4297 2932 4366 ἀντίληψιν
2961 4297 3316 4368 ἐκδιδομένων
3346 4297 3412 4360 ⁸⁸,
3443 4299 3550 4350 οὐκ
3597 4299 3683 4368 ἐφ’

2089 4392 2235 4462 ἡμᾶς
2271 4391 2368 4462 τὴν
2399 4392 2625 4460 πέτραν,
2675 4389 2786 4443 ἀλλ’
2815 4391 2963 4460 ἡμᾶς
3008 4391 3204 4454 αὐτοὺς
3351 4389 3547 4461 ἀληθεῖ
3591 4394 3685 4444 καὶ

2089 4483 2185 4554 τὴν
2221 4482 2353 4536 ναῦν
2403 4483 2495 4534 ἐπὶ
2540 4481 2638 4552 τὴν
2680 4481 2886 4552 πέτραν
2925 4481 3298 4552 προσήγομεν.
3331 4482 3552 4554 Ὥσπερ
3589 4485 3682 4538 καὶ

396 4595 612 4649 modum
646 4593 809 4647 etiam
842 4605 1054 4650 rursus.
1085 4589 1129 4642 si
1159 4586 1282 4655 quis
1313 4595 1470 4638 stans
1503 4582 1554 4634 in
1608 4579 1729 4633 navi
1775 4578 1985 4632 mariti-

2095 4578 2148 4630 τὸ
2181 4576 2438 4646 ἔμπαλιν,
2468 4577 2518 4628 εἴ
2552 4592 2636 4639 τις
2662 4573 2761 4646 τὴν
2801 4573 3070 4645 παραλίαν
3112 4572 3318 4644 πέτραν
3369 4572 3551 4639 ἑστὼς
3587 4577 3680 4628 ἐπὶ

398 4699 544 4736 unum
601 4698 792 4737 saxum
847 4680 1132 4748 impellat,
1179 4677 1545 4744 nequidquam
1607 4686 1796 4726 saxum
1854 4668 1982 4722 illud

400 4776 564 4828 tixum
601 4783 654 4829 ct
685 4773 961 4827 immobile
997 4770 1272 4831 movebit,
1299 4768 1394 4822 sed
1430 4781 1487 4820 se
1527 4765 1640 4834 ipse
1676 4765 1743 4817 ab
1784 4761 1872 4816 illo
1901 4775 1984 4814 re—

399 4863 588 4933 pellet;
607 4871 917 4932 quantoque
943 4861 1322 4915 vehementius
1358 4855 1488 4910 illud
1509 4853 1805 4922 impulerit,
1831 4861 1982 4904 tanto

401 4955 614 5027 longius
644 4955 711 5009 ab
742 4970 806 5008 eo
837 4953 1224 5008 removebitur.
1249 4950 1594 5018 Quapropter
1625 4957 1750 4999 ante
1773 4945 1980 5007 omnia,

401 5049 639 5102 maxime
671 5045 724 5098 in
758 5045 1047 5113 theologia,
1076 5043 1142 5095 ab
1170 5042 1421 5094 oratione
1450 5036 1841 5106 auspicandum
1874 5042 1978 5095 est,

401 5155 508 5193 non
558 5149 618 5192 ut
667 5138 867 5207 ubique
911 5147 967 5192 ct
1017 5150 1283 5204 nusquam
1341 5139 1666 5202 priesentem
1722 5128 1978 5181 virtutem

401 5235 775 5298 attrahamus,
830 5231 928 5286 sed
995 5242 1054 5285 ut
1103 5230 1303 5285 divinis
1367 5223 1980 5282 commemorationibus

402 5326 954 5395 invocationibusquc
1014 5337 1114 5379 nos
1166 5323 1314 5392 ipsos
1368 5321 1444 5374 illi
1501 5320 1763 5374 dedamus
1813 5326 1979 5385 atque

401 5430 670 5473 ornamus.

2090 4671 2190 4740 τῆς
2221 4670 2347 4741 νηὸς
2388 4669 2686 4728 ἀπώσεται,
2727 4667 2911 4739 δράσει
2947 4669 3047 4738 μέν
3078 4667 3230 4720 οὐδὲν
3270 4669 3348 4732 εἰς
3387 4667 3487 4738 τὴν
3520 4670 3684 4723 ἑστῶ-

2094 4781 2189 4816 σαν
2217 4765 2311 4816 και
2342 4763 2594 4832 ἀκίνητον
2627 4763 2854 4831 πέτραν,
2890 4760 3081 4813 ἐαυτὸν
3118 4759 3175 4812 δὲ
3202 4760 3420 4830 ἐκείνης
3461 4761 3682 4831 ἀποχω-

2094 4857 2252 4927 ρίσει,
2284 4857 2378 4908 καὶ
2421 4855 2531 4924 ὅσῳ
2565 4854 2760 4924 μᾶλλον
2792 4853 2962 4923 αὐτὴν
2996 4850 3299 4914 ἀπώσεται,
3341 4851 3548 4920 μᾶλλον
3593 4854 3680 4905 αὖ·

2088 4949 2186 5019 τῆς
2215 4945 2680 5016 ἀκοντισθήσεται.
2722 4945 2811 4997 Διὸ
2839 4946 2931 4997 καὶ
2959 4945 3066 5014 πρὸ
3094 4944 3315 5008 παντὸς,
3351 4947 3445 4996 καὶ
3478 4946 3676 5015 μᾶλλον

2090 5039 2364 5107 θεολογίας
2386 5039 2448 5101 ³⁵,
2481 5038 2644 5107 εὐχῆς
2670 5035 3012 5106 ἀπάρχεσθαι
3041 5035 3237 5107 χρεὼν,
3271 5037 3368 5106 οὐχ
3407 5037 3486 5100 ὡς
3523 5038 3676 5106 ἐφελ-

2088 5132 2352 5202 κομένους
2400 5130 2498 5202 τὴν
2530 5131 2814 5201 ἀπανταχῆ
2840 5130 2881 5160 ⁸⁷
2932 5129 3212 5200 παροῦσαν
3254 5132 3346 5182 καὶ
3393 5130 3605 5201 οὐδαμῆ
3634 5130 3674 5159 ⁸³

2086 5223 2333 5293 δύναμιν,
2373 5222 2484 5276 ἀλλ’
2515 5223 2591 5286 ὡς
2627 5224 2746 5285 ταῖς
2784 5221 2956 5285 θείαις
2989 5222 3199 5292 μνείαις
3222 5223 3267 5253 ⁸³
3319 5225 3415 5275 καὶ
3448 5223 3675 5293 ἐπικλιθγ

2088 5333 2235 5368 σεσιν
2282 5317 2428 5387 ἡμᾶς
2471 5315 2667 5378 αὐτοὺς
2717 5313 3120 5384 ἐγχειρίζοντας
3167 5315 3299 5385 αὐτῇ
3354 5316 3450 5368 καὶ
3492 5313 3675 5368 ἑνοῦν-

2083 5427 2201 5472 τας.

1711 5546 1948 5602 VARI/13
1989 5544 2396 5601 LECTIONES.

477 5698 519 5726 "
541 5697 822 5766 προνοιῶν.
901 5697 964 5728 ⁸²⁶
987 5692 1337 5766 ἐκφαντικήν,
1359 5693 1424 5746 M.
1470 5692 1514 5722 ⁸⁸
1535 5688 1925 5759 προσάγεσθαι.
1955 5687 2012 5740 S.
2038 5686 2094 5738 P.

1864 5761 1902 5789 ³⁷
1937 5760 2199 5829 πανταχῆ.

476 5761 855 5835 ἐκδεδομένων,
886 5769 940 5821 S.
967 5769 1019 5821 ιι,
1068 5761 1078 5766 ⁷
1103 5770 1145 5797 ""'
1176 5770 1236 5818 ἐκ
1265 5761 1558 5831 θεολογίας,
1605 5761 1669 5812 Μ.
1695 5762 1783 5812 Sc.

2835 5684 2878 5714 ⁸⁵
2908 5685 3281 5755 ἀνατείνομεν,
3312 5682 3380 5736 Μ.
3415 5684 3471 5738 S.
3500 5683 3563 5738 Ρ.
3582 5681 3671 5741 Sc.

2175 5689 2268 5742 καὶ
2295 5688 2412 5739 τότε
2446 5686 2663 5756 μᾶλλον,
2697 5685 2754 5738 Ρ.

2799 5756 2841 5787 ⁸9
2874 5760 3131 5826 μνήμαις,
3165 5759 3221 5809 5.
3264 5756 3321 5809 Ρ.
3360 5757 3420 5808 υ.

2283 5760 2324 5789 ³³
2352 5756 2585 5827 οὐδαμοῦ
2613 5798 2626 5821 ,
