3876 6226
166 315 267 375 681

1172 306 1257 361 DE
1298 305 1551 361 DlVlNlS
1596 302 1995 366 NOMINIBUS,
2032 300 2187 359 CAP.
2240 300 2330 356 Ill.

3328 306 3437 363 682

1733 423 1873 495 ςιι.

236 571 351 625 Καὶ
384 568 544 624 τοῦτο
571 570 629 623 δὲ
658 568 789 633 ἴσως
817 567 1114 638 ἀπολογίας
1147 567 1319 635 ἄξιον,
1362 568 1444 621 ὅτι
1484 567 1582 621 τοῦ
1615 566 1756 620 κλει-

1932 562 2107 631 Atque
2148 562 2237 615 hic
2265 558 2499 615 fortasse
2527 557 2682 613 nobis
2720 572 2827 614 non
2858 559 3134 615 immerito
3161 562 3438 616 reddenda

164 663 262 717 νοῦ
311 662 687 735 καθηγεμόνος
747 660 906 733 ἡμῶν
965 659 1228 733 Ἱεροθέου
1283 661 1383 725 τὰς
1443 660 1760 730 θεολογικὰς

168 753 538 825 στοιχειώσεις
569 753 864 826 ὑπερφυῶς
902 752 1318 822 συναγαγόντος,
1357 755 1518 824 ἡμεῖς
1551 754 1627 817 ὡς
1661 754 1760 823 οὑχ

168 848 376 903 ἱκανῶν
409 847 655 912 ἐκείνων,
683 846 849 911 ἀλλας
885 862 946 899 τε
992 845 1085 899 καὶ
1119 846 1218 917 τὴν
1263 845 1544 918 παροῦσαν
1583 844 1760 898 θεολο-

166 944 296 1012 γίαν
342 939 825 1013 συνεγραψάμεθα.
863 940 1057 994 Καίτοι
1104 956 1190 1009 γε,
1235 940 1285 992 εί
1330 940 1428 1010 μὲν
1482 940 1689 1002 ἐκεῖνος
1714 940 1759 971 ⁵⁰

165 1035 301 1106 ἑξῆς
361 1030 983 1105 διαπραγματεύσασθαι
1049 1032 1230 1095 πάσας
1288 1030 1387 1094 τὰς
1441 1029 1758 1100 θεολογικάς

163 1130 555 1201 πραγματείας
584 1127 806 1199 ἠξίωσε,
834 1127 927 1180 καὶ
969 1129 1219 1198 μερικαῖς
1245 1124 1512 1192 ἀνελίξεσι
1546 1124 1758 1195 διῆλθεν

162 1223 387 1294 ἀπάσης
427 1221 705 1290 θεολογίας
734 1220 1050 1290 κεφάλαιον,
1075 1220 1175 1273 οὐκ
1220 1219 1285 1273 ἂν
1315 1221 1473 1290 ἡμεῖς
1515 1219 1607 1271 ἐπὶ
1634 1235 1757 1271 τοσ-

162 1313 323 1367 Οὖτον
359 1312 393 1384 ἢ
438 1312 634 1384 μανίας
656 1313 700 1343 σι
740 1311 774 1381 ἦ
818 1309 1137 1381 σκαιότητος
1179 1306 1534 1379 ὲληλύθειμιεν
1572 1308 1640 1370 ⁸⁵²,
1683 1305 1758 1368 ὡς

160 1409 197 1479 ἡ
242 1405 613 1477 ὀπτικώτερον
654 1404 863 1459 ἐκείνου
907 1406 1002 1458 καὶ
1048 1404 1316 1475 θειότερον
1343 1402 1593 1473 οἰηθῆναι
1638 1404 1758 1465 ταῖς

161 1499 466 1569 θεολογίαις
499 1498 777 1553 ἐπιϐαλεῖν
798 1515 811 1528 ·
837 1499 870 1568 ἢ
896 1498 978 1562 δἰς
1001 1496 1071 1551 τὰ
1106 1497 1245 1550 αὐτὰ
1274 1496 1542 1568 περιττῶς
1575 1496 1759 1564 λέγον-

159 1611 287 1658 τας,
310 1591 739 1662 εἰκαιολογῆσαι,
762 1590 989 1661 προσέτι
1011 1590 1103 1644 καὶ
1126 1589 1378 1661 ἀδικῆσαι
1402 1590 1495 1642 καὶ
1514 1588 1761 1642 διδάσκα-

160 1688 255 1739 λον
282 1687 377 1740 καὶ
402 1684 555 1756 φίλον
579 1685 737 1747 ὅντα,
778 1685 872 1737 καὶ
906 1684 1054 1756 ἡμᾶς
1080 1683 1209 1747 τοὺς
1255 1682 1392 1753 μετά
1427 1681 1640 1736 Παῦλον
1667 1681 1757 1735 τὸν

160 1777 308 1830 θεῖον
346 1778 412 1829 ἐκ
449 1774 560 1828 τῶν
599 1774 809 1828 ἐκείνου
856 1773 1030 1842 λόγων
1050 1773 1097 1805 ⁸³
1139 1773 1611 1843 στοιχειωθέντας,
1659 1772 1758 1843 τὴν

161 1866 514 1936 κλεινοτάτην
540 1863 705 1917 αὑτοῦ
742 1865 837 1917 καῖ⁴
876 1862 1108 1936 θεωρίαν
1137 1864 1232 1917 καὶ
1261 1863 1519 1933 ἐκφανσιν
1548 1864 1758 1926 ἑαυτοῖς

1865 654 2005 707 ratio
2035 653 2127 715 sit,
2156 667 2255 707 cur
2286 666 2409 706 cum
2443 649 2675 705 eximius
2705 659 3005 720 prmceptor
3037 662 3223 707 noster
3251 651 3441 707 “ieru-

1864 746 2019 799 theus
2057 743 2357 813 theologica
2392 742 2656 811 principia
2687 752 2950 797 accurate
2982 744 3289 815 collegerit,
3320 760 3441 808 nos,

1861 840 2013 906 quasi
2048 837 2134 890 illa
2166 852 2271 891 nou
2308 835 2641 901 subicerent,
2669 844 2723 889 et
2756 835 2912 900 alios,
2942 848 2998 891 et
3031 837 3177 892 hunc
3206 852 3442 908 prazsen-

1863 937 1971 983 tem
2011 936 2309 983 tractatum
2348 928 2711 999 theologicam
2757 930 3267 999 conscripserimus.
3308 928 3447 985 Pru-

1863 1020 2004 1075 fecto
2034 1022 2080 1075 si
2128 1029 2529 1089 consequenter
2563 1018 2655 1074 ille
2684 1034 2873 1075 omnes
2920 1028 3189 1075 tractatus
3235 1022 3444 1076 theolo-

1863 1116 2013 1185 gicos
2040 1115 2232 1171 ordine
2275 1115 2519 1185 digestos
2548 1113 2712 1169 edere
2752 1114 3033 1179 voluisset,
3080 1126 3135 1171 et
3183 1117 3266 1170 vel
3312 1118 3439 1169 bre—

1861 1208 2100 1263 vissimis
2144 1206 2580 1278 expositionibus
2626 1208 2796 1263 totius
2840 1208 3126 1279 theologia:
3172 1223 3442 1263 summam

1861 1301 2232 1372 explanasset,
2281 1316 2560 1372 nunquam
2606 1315 2669 1356 ea
2701 1316 2800 1357 nos
2838 1302 3053 1356 insania
3104 1301 3444 1358 stoliditasve

1861 1396 2116 1466 cepisset,
2147 1404 2205 1450 ut
2232 1395 2325 1451 illo
2352 1395 2440 1450 vel
2471 1395 2735 1465 liquidius
2777 1394 2863 1449 vel
2900 1395 3137 1450 divinius
3180 1411 3266 1451 res
3310 1398 3443 1451 istas

1862 1487 2196 1558 theologicas
2242 1502 2343 1543 nos
2388 1496 2682 1557 penetrare
2730 1502 2892 1557 posse
2938 1496 3295 1558 putaremus;
3351 1499 3445 1543 aut

1860 1581 2048 1635 eadem
2077 1579 2161 1635 bis
2188 1580 2507 1649 repetendo,
2532 1577 2805 1649 superfluo
2828 1595 3095 1651 cassoque
3120 1580 3311 1636 labore
3340 1595 3441 1636 nos

1860 1671 2123 1727 vellemus
2153 1671 2407 1741 fatigare,
2450 1681 2769 1742 tantamque
2813 1672 2991 1727 amico
3019 1681 3073 1727 et
3120 1674 3441 1744 praeceptori

1861 1774 2050 1819 nostro
2077 1762 2331 1834 injuriam
2361 1764 2629 1836 irrogare,
2659 1774 2720 1817 ut
2748 1763 3266 1834 praestantissimum
3295 1764 3436 1833 ejus,

1861 1870 1891 1908 a
1926 1869 2032 1924 quo
2063 1862 2185 1925 post
2215 1854 2459 1908 divinum
2501 1852 2727 1907 Paulum
2771 1854 2963 1909 imbuti
3003 1869 3211 1919 sumus,
3253 1859 3437 1911 scien-

160 1924 609 2032 ὑφαρπάζοντας.
652 1957 791 2011 Ἀλλ’
822 1924 1010 2028 ἐπειδὴ
1036 1956 1114 2027 τῷ
1136 1955 1251 2011 ὅντι
1278 1924 1351 2011 τά
1375 1957 1492 2010 θεῖα
1520 1924 1756 2026 πρεσϐυξ-

1863 1949 1993 2003 tiam
2018 1958 2074 2003 et
2113 1947 2516 2019 expositionem
2546 1947 2704 2003 nobis
2736 1961 2834 2017 per
2872 1948 3110 2019 plagium
3144 1965 3443 2019 usurpare-

158 2052 331 2117 τικῶς
356 2050 734 2123 ὑφηγούμενος
774 2050 1001 2112 ἐκεῖνος,
1045 2047 1398 2111 συνοπτικοὺς
1437 2048 1569 2119 ἡμῖν
1598 2047 1757 2118 ὅρους

160 2146 400 2212 ἐξέθετο,
427 2146 525 2198 καὶ
563 2145 621 2197 ἐν
660 2143 741 2197 ἐν).
780 2141 952 2195 πολλά
996 2140 1434 2219 περιειληφότας,
1465 2139 1540 2203 ὡς
1578 2134 1689 2193 οἷον
1710 2138 1757 2169 ⁸³

159 2243 319 2313 ἡμῖν,
347 2241 444 2293 καὶ
467 2239 585 2292 ὅσοι
619 2236 742 2291 καθ’
770 2238 919 2308 ἡμᾶς
951 2233 1259 2289 διδάσκαλοι
1291 2235 1337 2265 ⁵⁵
1365 2232 1473 2286 τῶν
1496 2230 1757 2285 νεοτελῶν

157 2332 374 2403 ψυχῶν,
421 2330 838 2401 ἐγκελευόμενος
878 2326 1182 2394 ἀναπτύξαι
1227 2327 1323 2380 καὶ
1364 2326 1636 2394 διακρῖναι
1678 2323 1756 2394 τῷ

159 2427 298 2496 ἡμῖν
324 2425 625 2495 συμμέτρῳ
657 2423 805 2493 λόγῳ
830 2421 928 2486 τὰς
953 2420 1280 2485 συνοπτικάς
1306 2421 1401 2473 καὶ
1429 2418 1633 2482 ἐνιαίας
1658 2419 1756 2489 τῆς

159 2516 505 2586 νοερωτάτης
551 2514 780 2586 τάνδρὸς
830 2513 1040 2567 ἐκείνου
1088 2512 1373 2582 δυνάμεως
1422 2508 1751 2576 συνελίξεις·

161 2604 261 2657 καὶ
288 2603 548 2666 πολλάκις
575 2603 721 2674 ἡμᾶς
745 2603 840 2656 καὶ
881 2602 1044 2665 αὑτὸς
1082 2603 1162 2665 είς
1186 2600 1346 2654 τοῦτο
1388 2599 1753 2671 προέτρεψας,

160 2697 257 2750 καὶ
294 2697 393 2767 τήν
419 2712 484 2765 γε
530 2694 709 2765 βίϐλον
747 2694 936 2767 αὐτὴν,
978 2694 1053 2758 ὡς
1088 2692 1492 2765 ὑπεραίρουσαν
1523 2692 1758 2747 ἀνταπέ-

160 2786 400 2851 σταλκας
418 2788 485 2839 ⁵⁸.
513 2786 700 2859 Ταύτῃ
724 2805 805 2839 τοι
850 2786 946 2840 καὶ
971 2787 1130 2857 ἡμεῖς
1152 2785 1243 2839 τὸν
1272 2785 1392 2856 μὲν,
1418 2783 1495 2848 ὡς
1535 2783 1757 2837 τελείων

160 2876 258 2928 7ιαῖ⁵
287 2874 667 2947 πρεσϐυτικῶν
688 2875 934 2930 διανοιῶν
959 2874 1297 2940 διδάσκαλον,
1325 2877 1439 2939 τοῖς
1463 2876 1602 2946 ὑπὲρ
1629 2875 1754 2940 τοὺς

160 2966 395 3031 πολλοὺς
421 2967 466 2998 ⁸⁷
491 2965 847 3039 ἀφορίζομεν,
876 2966 1067 3038 ὥσπερ
1090 2967 1213 3021 τινὰ
1237 2967 1466 3040 δεύτερα
1503 2966 1661 3037 λόγια
1683 2969 1750 3031 ⁸³,

162 3059 259 3110 καὶ
295 3056 406 3110 τῶν
446 3058 774 3131 θεοχρίστων
796 3059 842 3091 ⁵⁸
868 3058 1137 3113 ἀκόλουθα
1156 3077 1169 3091 ·
1198 3062 1310 3123 τοῖς
1354 3060 1477 3113 καθ’
1506 3061 1656 3131 ἡμᾶς
1696 3060 1755 3115 δὲ

160 3153 327 3222 ἡμεῖς
353 3151 631 3221 ἀναλόγως
665 3154 797 3224 ἡμῖν
834 3151 905 3206 τὰ
931 3153 1050 3207 θεῖα
1094 3152 1508 3225 παραδώσομεν.
1540 3155 1603 3207 Εἰ
1645 3154 1754 3226 γὰρ

1860 2060 2000 2101 mus.
2028 2043 2191 2115 343
2222 2042 2329 2098 Sed
2356 2045 2612 2112 quoniam
2652 2040 2742 2097 ille
2774 2055 2861 2097 res
2888 2042 3104 2097 divinas
3134 2059 3263 2098 vere
3307 2062 3437 2116 gra-

1860 2144 1998 2197 viter
2043 2140 2344 2211 explicans,
2390 2140 2713 2210 compendio
2762 2137 2921 2194 nobis
2967 2137 3194 2193 subtiles
3234 2139 3444 2210 aliquot
3536 2130 3539 2133 ’

1858 2234 2205 2291 definitiones
2249 2232 2501 2296 tradidit,
2549 2248 2670 2302 qua:
2701 2233 2755 2287 in
2788 2246 2959 2286 unum
3006 2232 3174 2286 multa
3207 2234 3438 2303 conglo-

1860 2337 2093 2393 merant,
2135 2325 2321 2395 jussus
2356 2340 2498 2390 sum,
2553 2340 2659 2380 una
2706 2340 2829 2380 cum
2880 2324 3101 2395 collegis
3150 2326 3309 2391 meis,
3345 2326 3439 2397 qui

1858 2417 2146 2472 animabus
2171 2418 2351 2472 adhuc
2377 2416 2692 2471 rudioribus
2719 2415 3030 2471 imbuendis
3055 2425 3276 2483 vacant,
3308 2419 3440 2472 sub-

1859 2511 1983 2567 tiles
2029 2512 2162 2567 istas
2212 2525 2277 2565 ac
2320 2510 2629 2582 singulares
2680 2509 3096 2575 conclusiones,
3141 2510 3196 2564 in
3240 2510 3441 2580 quibus

1857 2605 2093 2660 maxime
2123 2603 2384 2674 spiritalis
2418 2602 2550 2657 tanti
2582 2602 2685 2656 viri
2715 2602 2893 2657 virtus
2927 2602 3149 2668 enituit,
3177 2617 3431 2657 sermone

1856 2696 2029 2767 magis
2049 2694 2119 2750 ad
2148 2703 2364 2764 captum
2402 2702 2648 2748 nostrum
2683 2691 3096 2747 accommodato
3132 2692 3428 2761 explanare

1856 2802 2021 2859 atque
2067 2788 2365 2858 digerere;
2412 2785 2541 2855 quin
2589 2794 2646 2840 et
2678 2785 2793 2856 ipse
2840 2793 2896 2838 tu
2927 2798 3144 2853 quoque
3192 2800 3291 2839 nos
3322 2786 3435 2840 fre—

1856 2892 2084 2953 quenter
2126 2882 2192 2937 ad
2234 2882 2337 2935 hoc
2383 2880 2637 2934 hortatus
2670 2894 2751 2943 es,
2802 2878 3093 2948 ipsumque
3140 2878 3342 2934 librum
3377 2890 3437 2935 ut

1858 2989 2116 3047 perquam
2139 2973 2426 3030 sublimem
2455 2972 2616 3028 nobis
2647 2972 2931 3028 remisisti.
2963 2971 3315 3043 Quapmpter
3336 2988 3440 3029 nos

1856 3082 2092 3140 quoque,
2119 3081 2218 3122 ceu
2247 3063 2615 3134 perfectorum
2642 3064 3009 3134 seniliumque
3035 3080 3291 3121 sensuum
3322 3082 3439 3120 ma-

1856 3162 2105 3232 gistrum,
2146 3161 2455 3227 alterasque
2505 3156 2840 3227 Scripturas,
2874 3170 2997 3225 quae
3045 3155 3307 3211 divinitus
3352 3157 3435 3210 af—

159 3245 387 3299 τελείων
428 3246 579 3301 ἐστὶν
614 3248 649 3317 ἡ
693 3244 892 3316 στερεὰ
931 3245 1126 3318 τροφὴ,
1164 3246 1228 3299 τὸ
1268 3245 1470 3318 ταύτην
1494 3247 1539 3279 ⁸ο
1567 3248 1752 3318 ἐστιᾷν

1859 3253 2106 3308 natorum
2132 3251 2332 3320 scripta
2356 3249 2605 3320 proxime
2634 3258 3023 3318 assequantur,
3052 3248 3120 3303 iis
3144 3249 3235 3319 qui
3266 3248 3441 3305 subli-

160 3340 405 3411 ἐτέρους,
434 3340 640 3412 ὁπόσης
663 3339 732 3393 ἂν
756 3339 840 3411 είη
868 3339 1235 3412 τελειότητος;
1270 3340 1476 3412 Ὀρθῶς
1500 3335 1593 3394 οὖν
1619 3341 1748 3412 ἡμῖν

1859 3347 2027 3402 miora
2072 3346 2295 3415 capiunt
2325 3343 2477 3398 illum
2527 3343 2905 3413 assignamus;
2948 3356 3050 3397 nos
3078 3356 3211 3396 vero
3262 3341 3436 3396 nostri

159 3430 260 3484 καὶ
298 3430 456 3484 τοῦτο
482 3430 717 3502 εἴρηται,
742 3429 825 3493 τὸ,
852 3430 951 3502 τὴν
979 3431 1076 3502 μὲν
1117 3430 1452 3502 αὐτοπτικὴν
1487 3432 1597 3485 τῶν
1623 3449 1750 3503 νοη-

1859 3437 2119 3494 similibus
2150 3436 2218 3491 ad
2242 3445 2457 3505 captum
2486 3443 2731 3489 nostrum
2761 3448 2852 3489 res
2873 3433 3090 3488 divinas
3120 3432 3436 3503 explanabi-

158 3521 275 3577 τῶν
312 3522 511 3591 λογίων
551 3522 698 3587 θέαν,
741 3522 837 3575 καὶ
875 3522 975 3593 τὴν
1023 3520 1349 3594 συνοπτικὴν
1387 3522 1569 3576 αὑτῶν
1605 3522 1750 3576 διδα-

1859 3541 1994 3582 mus.
2019 3526 2077 3582 Si
2098 3528 2240 3583 enim
2265 3526 2472 3582 solidus
2491 3525 2645 3581 cibus
2666 3524 3028 3595 perfectorum
3052 3532 3154 3588 est,
3176 3540 3241 3579 eo
3262 3525 3431 3580 etiam

162 3618 416 3681 σκαλίαν,
456 3616 828 3689 πρεσϐυτικῆς
860 3613 1065 3669 δεῖσθαι
1095 3616 1405 3688 δυνάμεως·
1433 3616 1534 3687 τὴν
1559 3616 1617 3670 δὲ
1641 3616 1751 3670 τῶν

1859 3619 1989 3673 alios
2019 3630 2244 3687 pascere
2272 3625 2487 3686 quantae
2519 3616 2590 3670 sit
2619 3613 3004 3684 perfectionis?
3031 3612 3222 3670 Merito
3250 3615 3434 3686 itaque

160 3713 244 3774 είς
267 3709 426 3763 τοῦτο
447 3710 719 3781 φερόντων
745 3708 919 3776 λόγων
959 3708 1270 3780 ἐπιστήμην
1312 3710 1408 3763 καὶ
1446 3709 1751 3781 ἐκμάθησιν

1859 3710 2107 3775 dicimus,
2136 3708 2204 3763 ad
2234 3708 2559 3777 spiritalium
2589 3709 2926 3778 eloquiorum
2967 3708 3313 3764 iutuitionem
3334 3752 3349 3777 ,
3380 3720 3439 3765 et

158 3802 279 3865 τοῖς
302 3798 611 3870 ὑφειμένοις
636 3797 995 3869 καθιερωταῖς
1013 3796 1106 3849 καὶ
1133 3797 1449 3868 ίερωμένοις
1469 3796 1748 3868 ἁρμόζειν.

160 3892 358 3947 Καίτοι
398 3891 494 3944 καὶ
531 3890 689 3945 τοῦτο
715 3892 847 3963 ἡμῖν
873 3891 1259 3963 ἐπιτετὴρηται
1296 3889 1418 3943 λίαν
1461 3887 1749 3960 ἐμμελῶςσ

161 3982 308 4037 ὥστε
345 3986 459 4048 τοῖς
485 3982 634 4055 αὐτῷ
656 3983 740 4054 τῷ
781 3983 916 4053 θείῳ
944 3976 1281 4054 καθηγεμόνι
1307 3980 1452 4036 κατά
1493 3980 1753 4050 ἐκφανσιν

164 4074 317 4146 σαφῆ
367 4075 879 4147 διηυκρινημένοις,
932 4074 1054 4145 μηδ’
1103 4073 1240 4138 ὅλως
1303 4072 1754 4145 ἐγκεχειρηκέναι

161 4169 302 4222 ποτὲ
330 4168 466 4240 πρὸς
502 4168 876 4237 ταύτολογίαν,
904 4171 983 4233 είς
1006 4168 1107 4241 τὴν
1132 4166 1299 4239 αὐτὴν
1329 4166 1424 4221 τοῦ
1469 4165 1757 4238 προτεθέν-

161 4277 258 4324 τος
303 4259 454 4330 αὐτῷ
494 4259 675 4328 λογίου
717 4259 1082 4331 διασάφησιν·
1125 4259 1246 4311 ἐπεὶ
1285 4258 1379 4311 καὶ
1417 4259 1549 4327 παρ’
1573 4257 1756 4321 αὐτοῖς

161 4354 279 4415 τοῖς
324 4351 641 4425 θεολὴπτοις
678 4351 838 4424 ἡμῶν
880 4352 1182 4423 ίεράρχαις,
1212 4351 1396 4422 (ἡνίκα
1434 4352 1530 4404 καὶ
1573 4353 1756 4422 ἡμεῖς,

160 4446 242 4510 ὡς
282 4438 460 4511 οἶσθα,
501 4448 595 4500 καὶ
629 4447 813 4511 αὐτὸς,
860 4446 955 4501 καὶ
998 4445 1184 4499 πολλοὶ
1228 4445 1339 4500 τῶν
1391 4446 1553 4517 ιερῶν
1600 4445 1757 4518 ἡμῶν

161 4537 434 4607 ἀδελφῶν,
462 4539 555 4591 ἐπὶ
579 4537 676 4609 τὴν
714 4537 844 4591 θέαν
866 4535 961 4591 τοῦ
990 4535 1295 4609 ςωαρχικοῦ
1321 4538 1415 4591 καὶ
1442 4537 1689 4608 θεοδόχου
1712 4538 1754 4569 ⁶¹

1856 3802 2109 3859 subtilem
2136 3802 2447 3858 eorumdem
2474 3801 2861 3867 eruditionem,
2884 3801 3086 3859 virtute
3113 3801 3270 3858 senili
3297 3816 3436 3872 opus

1855 3911 2004 3961 esse;
2030 3909 2340 3951 sermonum
2355 3910 2480 3951 vero
2495 3894 3031 3964 introductoriorum,
3046 3910 3145 3950 ceu
3162 3893 3439 3951 inferioris

1860 3998 2025 4055 noue,
2070 3988 2353 4043 scientiam
2398 4002 2464 4042 ac
2501 3987 2841 4057 disciplinam
2886 3988 3231 4044 initiantibus
3271 3996 3436 4056 atque

1859 4081 2090 4137 initiatis
2141 4081 2451 4137 convenire.
2480 4080 2649 4151 Atqui
2691 4090 2747 4136 et
2788 4081 2893 4139 hoc
2921 4097 2953 4137 a
2982 4082 3139 4137 nobis
3171 4095 3435 4151 perquam

1860 4175 2103 4231 studiose
2131 4175 2482 4231 observatum
2510 4185 2615 4240 est,
2646 4190 2713 4230 ne
2744 4175 3040 4246 quidquam
3072 4190 3287 4246 eorum,
3312 4190 3435 4244 quae

1862 4267 2079 4323 divinus
2105 4266 2195 4323 ille
2243 4276 2550 4337 praceptor
2596 4266 2757 4337 plane
2790 4268 2947 4324 nobis
2989 4269 3280 4339 expressit,
3327 4268 3439 4322 ullo

1861 4362 2020 4416 modo
2050 4360 2475 4432 attingeremus;
2520 4375 2590 4416 ne
2635 4360 2879 4416 secundo
2916 4360 3108 4416 eadem
3156 4370 3438 4430 repetere—

1862 4470 1983 4509 mus
2014 4469 2137 4523 qua:
2164 4454 2232 4508 ad
2264 4453 2608 4524 Scripturam
2642 4454 2879 4524 aliquam
2908 4452 3289 4508 elucidandam
3320 4454 3437 4524 ipse

1863 4544 2193 4613 tradiderat;
2241 4561 2367 4599 nam
2405 4545 2569 4600 etiam
2611 4545 2753 4614 apud
2798 4544 2945 4615 ipsos
2993 4542 3176 4599 divino
3227 4542 3439 4613 Spiritu

166 4633 423 4703 σώματος
466 4632 904 4704 συνεληλύθαμεν
930 4673 946 4699 ,
992 4633 1177 4705 παρῆν
1235 4631 1294 4687 δὲ
1335 4632 1429 4685 καὶ
1464 4632 1494 4684 ὁ
1529 4630 1756 4700 ἀδελφό-

1863 4637 2054 4710 plenos
2078 4638 2352 4696 antistites
2397 4647 2615 4693 nostros
2642 4639 2792 4709 (cum
2819 4645 2875 4692 et
2921 4651 3043 4705 nos,
3084 4648 3145 4692 ut
3172 4638 3343 4703 nosti,
3382 4648 3439 4694 el

164 4722 293 4785 θεος
330 4722 603 4787 Ἰάκωϐος,
644 4724 738 4776 καὶ
783 4723 1010 4795 Πέτρος,
1037 4726 1072 4795 ἡ
1106 4721 1378 4794 κορυφαία
1402 4723 1496 4776 καὶ
1528 4722 1762 4793 πρεσϐυ-

162 4814 306 4884 τάτη
347 4814 457 4869 τῶν
498 4814 763 4883 θεολόγων
800 4816 1061 4888 ἀκρότης,
1105 4811 1224 4869 εἶτα
1266 4815 1440 4869 ἐδόκει
1484 4814 1624 4886 μετά
1661 4814 1760 4887 τὴν

165 4905 301 4958 θέαν
328 4905 568 4977 ὑμνῆσαι
596 4909 723 4973 τοὺς
749 4910 1008 4981 ίεράρχας
1036 4908 1301 4973 ἅπαντας,
1327 4907 1403 4972 ὡς
1436 4907 1667 4972 ἕκαστος
1690 4903 1761 4979 ἦν

166 5000 376 5065 ἱκανὸς,
406 5001 504 5073 τὴν
529 5003 964 5075 ἀπειροδύναμον
998 5002 1310 5074 ἀγαθότητα
1336 5003 1436 5074 τῆς
1464 5003 1759 5076 θεαρχικῆς

162 5092 515 5163 ἀσθενείαςο)
557 5095 773 5149 πάντων
825 5094 1047 5166 ἐκράτει
1090 5092 1229 5165 μετὰ
1282 5096 1409 5159 τοὺς
1451 5094 1755 5162 θεολόγους,

163 5186 243 5252 ὡς
291 5182 484 5251 οἶσθα,
521 5188 631 5241 τῶν
680 5187 857 5243 ἄλλων
899 5186 1269 5260 ίερομυστῶν,
1311 5188 1431 5252 ὅλος
1482 5186 1758 5259 ἐκδημῶν,

164 5278 291 5343 ὅλος
318 5278 667 5351 ἐξιστάμενος
692 5283 905 5350 ἑαυτοῦ,
932 5285 1027 5338 καὶ
1051 5284 1149 5356 τὴν
1176 5283 1312 5353 πρὸς
1336 5282 1408 5337 τὰ
1445 5282 1761 5355 ὑμνούμενα

1863 4732 1977 4801 ipse
2009 4732 2337 4803 plurimique
2365 4739 2679 4786 Sanctorum
2732 4730 2963 4786 fratrum
3003 4740 3337 4795 nostrorum,
3364 4733 3433 4785 ad

1863 4837 2062 4892 corpus
2090 4823 2243 4890 illud,
2272 4824 2420 4894 quod
2447 4824 2599 4879 dedit
2620 4824 2950 4895 principium
2977 4824 3122 4888 vitae,
3158 4825 3435 4893 Deumque
3534 4886 3535 4889 η

1862 4926 2199 4984 susceperat,
2230 4918 2601 4971 contuendum
2630 4917 2994 4983 venissemus;
3027 4918 3219 4972 aderat
3249 4927 3433 4974 autem

1863 5019 1922 5062 et
1951 5006 2123 5063 frater
2160 5008 2372 5063 Domini
2403 5008 2659 5074 Jacobus,
2700 5016 2754 5063 et
2784 5008 3000 5076 Petrus,
3030 5025 3281 5081 suprema
3328 5014 3432 5067 ista

1863 5108 2026 5169 atque
2051 5099 2432 5169 antiquissima
2460 5099 2746 5154 summitas
2775 5098 3175 5169 theologorum,
3206 5098 3439 5167 placuis-

1866 5199 2055 5259 setque
2079 5198 2203 5259 post
2234 5189 2534 5245 contuitum
2559 5190 2897 5246 antistitibus
2921 5188 3196 5256 omnibus,
3230 5206 3328 5259 pro
3358 5191 3440 5243 vi-

1846 5281 1956 5345 ,rili
1980 5282 2175 5351 cuique
2219 5296 2338 5352 sua,
2382 5280 2595 5337 infinita
2643 5282 2882 5352 potentia
2928 5282 3210 5352 praeditam
3240 5281 3437 5337 divinae

1479 5435 1716 5493 VARUE
1752 5434 2164 5493 LECTIONES.

244 5573 295 5605 ”
321 5575 415 5627 καὶ
442 5572 571 5645 γάρ,
607 5573 678 5628 Μ.
711 5574 770 5632 S.
800 5578 894 5631 καὶ
916 5576 989 5648 γά
1047 5575 1208 5649 εἴπερ
1229 5577 1313 5631 ἐκ.
1344 5574 1406 5629 D.
1434 5576 1525 5631 Sc.
1565 5574 1691 5631 Sar.
1769 5576 1813 5606 ⁸¹
1843 5575 1877 5646 ἡ

244 5643 440 5681 ὶηνίω..
490 5646 527 5681 ς
578 5647 617 5681 rs
664 5646 733 5681 αι.
787 5650 892 5681 su...
989 5594 1036 5681 (ﬁ
1062 5643 1233 5681 ,ἔκηε-ρ
1330 5648 1377 5678 att
1402 5648 1547 5681 χρη...
1576 5646 1698 5681 νηιν
1727 5646 1875 5681 4...:-

1014 5652 1036 5680 δ
1062 5643 1256 5702 οἷόντε.
1330 5648 1377 5678 ³⁸
1402 5648 1547 5711 ὅσοις
1576 5646 1698 5700 καθ’
1727 5648 1807 5718 ἡμ

165 5643 214 5675 ⁸³
241 5643 461 5712 λογίων,
490 5643 549 5699 S.
578 5647 636 5699 [ι.
664 5646 753 5701 Sc.
787 5650 913 5704 δίη-ι

1920 5591 2022 5647 non
2053 5585 2136 5629 est
2162 5576 2213 5630 in
2240 5576 2299 5629 D.
2336 5574 2415 5647 Ρ.
2468 5580 2515 5610 ⁶¹
2545 5574 2909 5647 ἐληλύθαμεν,
2930 5573 2988 5631 S.
3184 5571 3340 5647 1160;,

1811 5642 1876 5708 ᾶέ
1900 5645 2260 5709 διδασκάλοις.
2326 5647 2373 5678 ⁵⁸
2396 5642 2844 5710 ἀνταποστεξλας,
2873 5646 2937 5699 Μ.
2998 5646 3041 5676 ⁸⁷
3068 5644 3166 5714 τῆς
3193 5642 3260 5695 Μ.
3288 5644 3343 5694 ὃ.
3374 5642 3435 5693 ι».

164 5718 440 5791 praeponit
471 5717 529 5770 ι).
563 5716 747 5771 καὶτὰ
768 5720 953 5773 αὑτοῦ.
1034 5719 1079 5752 ⁸⁸
1103 5718 1498 5791 δευτερολόγια,
1529 5721 1588 5774 υ.
1668 5718 1712 5751 ⁶⁹
1740 5714 2099 5787 Οεοχρὴστων,
2133 5719 2188 5773 S.
2220 5720 2279 5775 Ρ.
2301 5718 2399 5773 Cb.
2480 5719 2523 5750 ⁶⁰
2550 5717 2721 5789 ταύτῃ
2770 5718 2830 5772 D.
2868 5716 2957 5772 Sc.
2986 5714 3109 5770 Sar.
3188 5715 3229 5745 σι
3261 5728 3436 5781 φωτο-

164 5785 347 5857 δόχου,
383 5786 440 5840 D.

459 5884 732 5948 Parnm.
772 5885 886 5948 Gn.
925 5882 1036 5949 lli.

3040 5878 3118 5938 22
