3876 6226
207 248 319 303 685
921 248 1011 302 DE
1034 248 1288 305 DIVINIS
1318 249 1716 315 NOMINIBUS,
1754 249 1905 305 CAP.
1941 250 2029 307 Ill.
2065 284 2133 292 —
2164 252 2491 307 CORDERII
2524 254 2750 311 NOT/E.
3342 265 3446 322 686

205 384 331 424 ens.
366 365 607 446 Resolvit
638 375 840 446 tamen,
872 381 1145 446 ens,_cum
1182 366 1335 446 prius
1360 368 1619 446 radatjn
1652 368 2064 446 conceptionem
2108 368 2435 430 intellectus,
2480 386 2641 446 quam
2676 372 2897 446 bonum,
2938 372 3054 442 ipso
3095 377 3258 430 etiam
3296 382 3446 446 prius

203 456 331 493 esse
362 438 657 513 secundum
686 438 973 491 rationem.
997 438 1259 513 Estenitn
1290 439 1522 513 primum
1550 438 1909 506 intelligibile.
1939 441 2087 513 sicut
2107 454 2275 513 sonus
2302 450 2387 493 est
2422 442 2653 513 primum
2682 442 2921 495 audihile
2941 438 2969 501 ς’
2989 446 3117 513 quia
3150 438 3445 506 secundum

208 512 317 565 hoc
343 508 766 579 unumquodque
798 506 1161 575 cognosribile
1193 518 1296 570 est,
1326 509 1376 561 in
1404 519 1665 577 quantum
1694 518 1775 561 est
1804 518 1948 570 artu,
1984 510 2124 561 unde
2157 510 2318 562 etiam
2349 512 2499 579 prius
2522 523 2605 565 est
2633 513 2925 565 secundum
2960 506 3247 571 rationem.

282 581 365 654 Ad
405 578 787 654 auctoritatem
817 586 997 654 autem
1030 579 1297 654 Dionysii,
1327 590 1379 633 et
1410 580 1951 654 argumenttun_imle
1979 588 2275 654 sumptum.
2303 578 2608 645 respondet,
2638 592 2888 637 sanctum
2918 584 3232 654 Dionysium
3263 590 3443 644 divina

206 650 430 705 nomina
462 647 745 715 assignare
772 650 1067 700 secundum
1105 649 1250 714 quod
1284 648 1579 715 important
1607 650 1751 703 circa
1788 649 1953 701 Deum
1983 650 2357 703 habitudinem
2388 667 2585 706 causte.
2622 655 2828 707 Bonum
2862 647 3074 716 autem,
3094 672 3214 709 cum
3249 660 3447 714 habeat

205 721 485 773 rationem
514 717 840 801 appetiliilis,
872 718 1128 801 importat
1158 718 1529 800 habitudinem
1563 735 1742 773 causa:
1770 719 1966 801 ﬁnalis,
1996 718 2150 783 cujus
2174 721 2467 801 cattsalitas
2496 723 2664 801 prima
2694 733 2773 778 est
2797 764 2810 782 ,
2843 725 2965 789 quia
3000 741 3164 792 agens
3194 744 3303 801 non
3334 731 3446 801 agit

206 792 317 844 nisi
352 798 576 858 propter
606 787 789 849 ﬁnem,
824 796 876 840 et
907 789 973 840 ab
1002 796 1193 855 agente
1224 790 1452 843 materia
1491 800 1740 842 movetur
1776 791 1840 842 ad
1880 789 2134 848 formam,
2163 790 2305 844 unde
2344 792 2464 845 ﬁnis
2498 787 2700 847 dicitur
2730 787 2892 847 causa
2928 787 3236 849 causarum.
3272 800 3337 854 Et
3368 787 3447 855 sic

206 861 266 914 in
302 860 579 914 causando
605 859 803 911 bonum
834 867 917 911 est
944 858 1095 925 prius
1120 873 1279 914 uuam
1311 874 1428 921 ens,
1465 860 1610 913 sicut
1646 860 1767 912 ﬁnis
1793 876 1954 928 quam
1990 861 2160 914 forma
2207 878 2220 912 :
2264 869 2317 914 et
2350 861 2451 914 hac
2493 863 2723 928 ratione,
2758 864 2900 916 inter
2944 867 3164 919 nomina
3200 868 3442 923 divinam

205 930 587 1001 causalitatem
633 928 1021 1001 signiﬁcantia,
1059 928 1210 1001 prius
1247 931 1471 1001 ponitur
1512 930 1708 983 bonum
1744 946 1911 1001 quam
1946 946 2081 993 ens;
2127 931 2246 984 vide
2287 947 2503 1001 quoque
2538 945 2730 1001 qumst.
2767 936 2855 993 13,
2901 936 3061 987 artic.
3106 938 3194 990 H.
3241 940 3442 994 Verum

206 1000 429 1053 ῑςιρῑιίυε
455 997 876 1077 mens_Dio_nys_ii
918 999 1004 1077 sic
1028 996 1291 1064 explicari
1328 1010 1527 1077 potest,
1560 1002 1702 1077 quod
1734 1015 1854 1053 cum
1900 1000 1986 1053 Dei
2033 1000 2250 1077 nomiua
2296 996 2593 1056 secundum
2628 1004 3002 1077 emanationes
3037 1007 3280 1076 assignat
3319 1026 3447 1077 qua!

208 1070 326 1124 Deo
364 1069 575 1123 ratione
620 1067 879 1144 bonitatis
917 1069 1256 1144 tribuuntur,
1299 1067 1453 1137 cujus
1502 1067 1750 1144 proprius
1792 1079 1944 1123 actus
1981 1083 2100 1144 est,
2137 1070 2258 1144 aliis
2304 1086 2363 1125 se
2406 1074 2837 1134 communicare,
2866 1074 3070 1129 idcirco
3107 1067 3283 1144 primo
3324 1067 3445 1134 loco

205 1140 337 1194 boni
386 1154 580 1193 nomen
621 1138 1021 1206 interpretetur.
1069 1137 1222 1193 Unde
1268 1155 1372 1194 non
1416 1137 1698 1211 sequitur,
1744 1155 1938 1193 nomen
1980 1142 2101 1195 boni
2146 1141 2376 1208 primum
2425 1145 2666 1197 omnium
2714 1145 2977 1198 rationem
3028 1147 3080 1199 in
3109 1137 3233 1201 'Deo
3272 1150 3443 1220 signi—

208 1212 396 1264 ﬁcare.

284 1281 488 1334 Ibidem
518 1277 782 1352 :onrtet
809 1278 947 1352 enim
980 1296 1071 1334 nos
1102 1282 1326 1349 primum
1357 1280 1713 1342 orationibus,
1739 1289 1844 1335 etc.
1890 1281 1987 1352 Ubi
2030 1289 2154 1333 nota
2181 1282 2387 1348 primo,
2418 1299 2513 1352 per
2542 1284 2843 1337 orationem
2877 1301 2904 1337 a
2942 1286 3052 1339 Deo
3085 1302 3266 1342 rerum
3304 1291 3446 1345 divi-

208 1366 410 1422 narum
439 1349 696 1422 notitiam
726 1364 849 1402 esse
882 1350 1310 1422 impetrandam;
1344 1353 1600 1422 quoniam
1634 1362 1717 1405 est
1757 1351 2008 1420 generale
2040 1352 2274 1422 medium
2315 1353 2380 1405 ad
2418 1349 2602 1406 omnia
2632 1355 2769 1407 dona
2813 1357 3076 1422 spiritalia
3122 1360 3443 1415 obtinenda.

208 1417 313 1472 tst
361 1420 512 1499 enim
532 1462 546 1483 ,
581 1429 637 1471 ut
660 1417 1567 1499 sanctusChrysostomnsaittL’ii),
1592 1417 1952 1499 instar'clavis
1976 1421 2277 1499 cujusdam,
2307 1437 2404 1499 per
2430 1440 2591 1492 quam
2613 1439 2801 1499 omnes
2830 1417 2917 1479 Dei
2943 1428 3226 1483 thesauros
3252 1446 3446 1499 possu-

205 1505 332 1566 mus
356 1491 685 1566 aperiretet
720 1505 784 1543 ex
817 1490 924 1566 illis
955 1493 1198 1566 accipere
1216 1492 1483 1566 quidquid
1520 1490 1685 1566 nam.
1703 1492 2048 1545 commodum
2079 1492 2290 1566 videtur
2321 1495 2386 1546 ad
2418 1490 2678 1566 teternam
2711 1495 2940 1549 salutem
2979 1490 3443 1566 consequendam.

205 1559 580 1635 Omnia‘enim
615 1560 989 1635 ista_oratioue
1017 1559 1335 1635 certissime
1353 1577 1642 1635 possumus
1675 1564 2077 1635 impct_rare,__ut
2108 1563 2246 1615 idem
2280 1574 2501 1618 sanctus
2527 1564 2950 1633 Chrysostomus
2984 1567 3098 1620 fuse
3126 1559 3189 1621 ac
3222 1571 3446 1635 pulchre

205 1647 273 1683 cx
306 1630 601 1698 Scripturis
625 1631 815 1698 probat
850 1631 906 1683 in
938 1633 1118 1685 aureis
1145 1633 1251 1686 illis
1286 1631 1437 1685 libris
1472 1631 1545 1684 De
1587 1630 1786 1685 orando
1818 1632 1945 1685 Deo.
1975 1631 2074 1685 Hic
2106 1641 2313 1685 tantum
2347 1635 2576 1688 observa
2613 1630 2715 1687 tria
2751 1636 2815 1687 ad
2845 1638 3114 1690 orationis
3147 1630 3444 1694 elﬁcaciam

207 1715 573 1777 summopere
592 1700 919 1777 necessaria.
949 1701 1187 1777 P_rimum
1214 1703 1455 1777 quidem,
1489 1702 1925 1777 perturbationes
1952 1716 2209 1777 sensuum
2236 1703 2519 1777 cohibere,
2552 1720 2672 1771 qua
2696 1707 2762 1757 ad
2784 1721 3046 1777 corporea
3075 1706 3388 1777 longissime
3414 1726 3444 1765 a

204 1771 497 1824 divinitate
523 1771 799 1842 distantia,
831 1786 932 1842 nos
961 1771 1307 1842 detorquent.
1339 1773 1671 1837 Secundum,
1703 1780 1960 1840 tanquam
1994 1771 2217 1827 uelmlas
2248 1773 2315 1827 ab
2345 1774 2624 1829 intellectu
2657 1771 2927 1842 expellere
2961 1771 3205 1833 l'allacia's
3239 1789 3295 1835 et
3330 1798 3447 1834 ma-

206 1842 560 1912 chinamenta
604 1841 1026 1908 imaginationis.
1056 1841 1325 1905 Tertium,
1359 1843 1668 1896 universum
1700 1843 1996 1895 voluntatis
2027 1842 2305 1908 allectum,
2338 1844 2389 1897 in
2424 1847 2637 1901 diversa
2669 1841 2813 1899 nunc
2842 1845 2979 1900 bona
3008 1849 3357 1912 distractum,
3392 1856 3443 1905 in

205 1911 443 1987 primum
478 1912 676 1987 bonum
701 1919 817 1987 tota
852 1926 1074 1987 prorsus
1100 1914 1309 1987 amoris
1339 1912 1647 1987 intentione
1672 1923 1994 1987 convertere
2025 1930 2038 1966 :
2077 1913 2325 1987 itahen_im
2358 1914 2539 1987 fervor
2559 1917 2902 1971 obsecrantis
2939 1919 3177 1971 animum
3218 1911 3447 1987 conjun-

205 1980 286 2060 git
313 1977 442 2047 Deo,
469 1982 609 2060 sicut
632 1977 1129 2060 sulphureuscalor
1149 1984 1370 2060 copulat
1395 1982 1595 2051 lignum
1621 1982 1868 2060 "ammte.
1900 1983 2013 2060 liuc
2036 1984 2209 2060 tendit
2230 1983 2604 2040 Zoroasticum
2631 1987 2760 2041 illud
2788 2003 2801 2039 :
2836 2003 2855 2036 ι
2883 1987 2939 2041 Si
2972 1998 3205 2042 mentem
3232 1977 3444 2060 igneam

204 2051 439 2121 adiopus
467 2052 682 2118 pietatis
712 2051 1033 2116 intenderis,
1064 2053 1324 2107 caducum
1353 2067 1568 2121 quoque
1597 2067 1796 2121 corpus
1824 2053 1947 2106 inde
1976 2056 2239 2109 servabis.
2276 2074 2295 2106 ι

279 2119 417 2174 Nota
449 2122 711 2182 secundo,
744 2122 884 2189 quod
926 2121 1068 2176 Deus
1089 2124 1300 2192 quidem
1331 2119 1559 2191 prasens
1596 2119 1744 2176 adest
1782 2125 2046 2187 omnibus,
2086 2142 2189 2178 nou
2230 2135 2404 2178 autem
2445 2126 2522 2179 illi
2558 2126 2750 2182 adsunt
2796 2130 2996 2182 omnia.
3033 2128 3261 2184 Etiamsi
3300 2135 3442 2187 enim

204 2191 353 2245 Deus
380 2192 636 2246 omnibus
665 2192 829 2245 rebus
851 2192 928 2262 _sit
957 2191 1146 2247 intime
1174 2207 1434 2261 praesens,
1465 2207 1665 2262 easque
1693 2208 1791 2247 suo
1828 2195 2206 2248 substantitico
2239 2195 2442 2250 iuﬁuxu
2478 2207 2670 2261 tangat
2699 2208 2753 2251 et
2784 2208 3091 2261 conservet,
3127 2200 3194 2252 ab
3223 2201 3329 2256 illis
3364 2216 3440 2257 ta-

204 2277 334 2315 men
368 2277 475 2336 non
505 2262 808 2336 attingitur.
850 2259 984 2316 Nam
1011 2265 1091 2329 (ut
1124 2259 1259 2317 bene
1294 2272 1445 2317 notat
1479 2259 1698 2336 bes—sius
1723 2262 1870 2336 [55])
1892 2264 1967 2316 ita
1998 2279 2238 2332 praesens
2265 2276 2346 2319 est
2385 2267 2525 2331 loco,
2568 2259 2660 2321 seu
2698 2268 2858 2321 locali
2900 2259 3185 2335 prmsentia
3219 2282 3273 2325 et
3304 2273 3446 2326 indi-

204 2332 414 2406 stantia
448 2332 809 2406 cuilibet_rei,
839 2342 898 2384 ut
920 2343 1109 2406 tamen
1143 2343 1352 2406 naturae
1385 2334 1555 2406 gradu
1588 2343 1644 2387 et
1673 2332 2010 2406 celsitudine
2032 2336 2241 2388 inlinite
2267 2337 2450 2399 distet,
2491 2338 2547 2406 in
2584 2339 2823 2406 seipsum
2859 2332 3139 2403 collectus,
3167 2352 3221 2395 et
3249 2342 3446 2397 ﬁrmis-

202 2403 345 2455 sime
370 2402 424 2456 in
451 2417 547 2457 sua
580 2402 817 2470 puritate
852 2403 1188 2466 subsistens,
1218 2403 1287 2457 ab
1321 2402 1575 2473 omnibus
1606 2414 1938 2473 segregatus.
1973 2403 2122 2459 Unde
2155 2406 2316 2458 simul
2346 2416 2400 2460 et
2430 2402 2916 2471 coniunctissimus
2948 2417 3032 2462 est
3060 2402 3445 2467 etremotissi-

207 2487 357 2547 mus,
384 2473 846 2547 praesentissimus
873 2481 928 2527 et
956 2474 1381 2547 secretissimus,
1407 2472 1747 2547 uuilissitn’us
1771 2472 1865 2528 acu
1892 2475 2329 2540 collectissintus,
2356 2486 2409 2529 et
2438 2475 2837 2531 diﬁ‘usissinms.
2856 2478 2921 2531 Et
2947 2482 3193 2547 quamvis
3219 2481 3446 2538 inﬁnitis

206 2543 390 2595 modis
414 2558 510 2610 per
540 2558 671 2597 suos
713 2540 950 2598 inﬁuxus
980 2543 1045 2596 ad
1081 2553 1361 2598 creaturas
1391 2543 1705 2607 descendat,
1744 2553 1927 2597 manet
1959 2555 2139 2597 tamen
2186 2548 2236 2598 in
2280 2563 2374 2599 sua
2403 2547 2728 2601 celsitudine
2757 2558 2811 2601 et
2852 2540 3117 2602 immobili
3162 2553 3445 2608 identitate

207 2612 481 2688 stabiliter
506 2613 666 2688 ﬁxus.
694 2613 769 2665 Illi
798 2622 978 2667 autem
1007 2630 1103 2688 per
1126 2615 1428 2669 orationem
1464 2614 1866 2683 conjungimur,
1895 2614 2021 2667 dum
2054 2631 2176 2669 eum
2207 2616 2259 2668 in
2293 2619 2456 2671 rebus
2485 2618 2739 2674 omnibus
2773 2629 3094 2687 praesentem
3127 2622 3442 2688 adoramus,

206 2692 265 2737 et
294 2684 353 2754 in
396 2683 505 2737 Deo
529 2684 780 2754 universa
813 2685 1269 2754 contemplemur.

276 2753 486 2826 Quaerit
509 2763 695 2826 autem
725 2753 881 2808 divus
915 2752 1151 2826 Thomas
1184 2755 1259 2826 in
1281 2754 1459 2820 primo
1552 2755 1967 2820 Sententiarum,
1990 2756 2229 2813 distinct.
2257 2758 2349 2823 37,
2374 2772 2429 2825 q.
2462 2758 2514 2817 1,
2539 2760 2695 2816 artic.
2728 2760 2783 2826 ἓ,
2816 2758 2908 2813 ubi
2949 2760 3090 2815 hunc
3118 2761 3293 2817 sancti
3322 2763 3443 2819 Dio-

202 2825 348 2904 nysii
380 2823 746 2904 locumcitat,
777 2833 959 2877 utrum
992 2825 1133 2879 Deus
1157 2826 1229 2879 sit
1251 2825 1302 2878 in
1330 2826 1588 2904 omnibus
1614 2840 1707 2904 per
1734 2838 2049 2904 potentiam,
2082 2823 2422 2904 praesentiam
2450 2838 2503 2882 et
2530 2823 2846 2904 essentiam,
2878 2830 2929 2883 in
2960 2835 3167 2885 sanctis
3195 2846 3297 2900 per
3319 2850 3445 2904 gra-

204 2896 368 2969 tiam,
422 2894 475 2947 in
517 2893 737 2969 Christo
761 2909 859 2969 per
875 2907 1025 2969 esse;
1050 2903 1106 2948 et
1137 2897 1429 2964 respondet
1464 2893 2117 2969 distinctionemistorum
2150 2899 2433 2952 modorum
2472 2902 2669 2965 partim
2702 2901 2842 2954 sumi
2870 2915 2937 2954 ex
2968 2911 3123 2969 parte
3153 2893 3444 2969 creattirae,

202 2966 409 3041 partim
436 2979 501 3018 ex
535 2975 688 3041 parte
722 2964 837 3041 Dei.
875 2965 951 3041 Es
987 2977 1140 3033 parte
1164 2979 1449 3041 creaturae,
1467 2965 1529 3041 _in
1554 2977 1816 3041 quantum
1847 2968 2060 3041 diverso
2090 2964 2560 3041 m_0do_ordin‘atur
2594 2971 2645 3022 iu
2678 2972 2868 3032 Deum,
2906 2964 3342 3041 et'conjungitur
3367 2964 3443 3041 ei,

200 3050 315 3088 non
356 3034 677 3089 diversitate
719 3036 955 3089 rationis
999 3045 1237 3101 tantum,
1279 3036 1371 3089 sed
1408 3038 1572 3090 etiam
1616 3037 1854 3091 realiter.
1887 3038 2021 3092 Cum
2067 3039 2211 3093 enim
2254 3039 2396 3093 Deus
2430 3038 2483 3091 in
2521 3041 2680 3095 rebus
2707 3055 2826 3095 esse
2864 3034 3113 3104 dicatur;
3141 3034 3438 3098 secundum

202 3106 366 3179 quod
384 3104 465 3158 eis
490 3105 673 3169 aliquo
702 3105 862 3179 modo
886 3106 1218 3179 applicatur,
1250 3114 1486 3179 oportet,
1518 3115 1579 3158 ut
1608 3107 1696 3157 ubi
1729 3117 1814 3160 est
1852 3109 2099 3161 diversus
2139 3108 2539 3179 conjunctiouis
2569 3110 2652 3162 vel
2692 3110 3075 3179 applicationis
3116 3113 3330 3179 modus,
3368 3115 3440 3169 ibi

199 3174 276 3227 sit
316 3175 566 3248 diversus
602 3176 793 3229 modus
818 3178 1054 3248 ess‘endi.
1090 3175 1457 3247 Conjungitur
1487 3184 1667 3230 autem
1698 3188 1947 3231 creatura
1975 3179 2083 3232 Deo
2124 3180 2432 3247 tripliciter.
2466 3178 2668 3248 Primo,
2697 3174 2995 3235 secundum
3032 3174 3441 3237 similitudinem

204 3253 447 3322 tantum,
482 3246 535 3322 in
574 3257 838 3322 quan_tuut
871 3246 1123 3322 videlicet
1158 3248 1433 3322 invenitur
1469 3247 1521 3322 iu
1562 3258 1809 3322 creatura
1839 3248 2017 3322 aliqua
2046 3246 2349 3322 similitudo
2384 3250 2583 3322 divinae
2620 3246 2902 3322 bonitatis,
2942 3267 3046 3305 non
3086 3264 3270 3306 autem
3296 3259 3441 3322 quod

199 3317 441 3387 attingat
486 3318 661 3387 ipsum
702 3317 871 3372 Deum
907 3319 1204 3371 secundum
1246 3316 1627 3370 substantiam.
1668 3318 1734 3371 Et
1768 3317 1866 3370 ista
1900 3318 2210 3387 conjunctio
2240 3320 2510 3375 invenitur
2539 3320 2590 3373 in
2618 3321 2870 3375 omnibus
2897 3322 3163 3375 creaturis
3199 3316 3439 3378 diviiiam

198 3384 525 3458 bonitatem;
544 3386 979 3441 assimilantibus
1011 3404 1024 3439 :
1060 3398 1225 3458 atque
1258 3388 1329 3458 ita
1360 3387 1615 3458 Deuscst
1645 3389 1696 3441 in
1727 3389 1980 3442 omnibus
2002 3384 2102 3457 per
2129 3392 2447 3455 essentiam,
2478 3392 2823 3457 praesentiant
2874 3399 2929 3445 et
2958 3392 3277 3458 potentiam.

270 3454 439 3526 346
495 3455 763 3522 Secundo,
817 3466 1065 3510 creatura
1108 3454 1327 3527 attingit
1379 3458 1444 3509 ad
1519 3456 1691 3523 ipsum
1752 3458 1920 3511 Deum
1964 3454 2127 3511 etiam
2178 3454 2492 3514 secundum
2522 3463 2880 3515 substantiam
2931 3454 3083 3515 suam
3124 3464 3439 3518 considera-

198 3533 343 3600 ttuu,
376 3537 431 3600 et
460 3542 568 3581 non
598 3536 807 3600 tantum
839 3531 1135 3600 secundum
1163 3527 1615 3600 siuulitudinem:
1646 3538 1701 3600 et
1730 3529 1831 3581 hoc
1860 3538 1945 3600 est
1974 3545 2067 3597 per
2094 3532 2486 3598 Operationem,
2510 3540 2569 3583 ut
2596 3534 2812 3600 quando
2838 3531 3035 3598 aliquis
3068 3531 3171 3585 ﬁde
3200 3534 3442 3590 adhaeret

197 3596 305 3663 ipsi
337 3595 526 3670 primae
555 3597 791 3670 veritati,
817 3608 872 3649 et
894 3598 1159 3652 cbaritate
1187 3598 1289 3667 ipsi
1322 3612 1545 3651 summa:
1576 3599 1823 3652 bonitati.
1858 3598 1924 3651 Et
1956 3595 2032 3652 ita
2058 3595 2146 3654 est
2170 3601 2311 3655 alius
2338 3603 2549 3665 modus,
2583 3595 2690 3670 q'uo
2720 3604 2863 3657 Deus
2889 3595 3246 3670 spiritualiter
3272 3615 3357 3660 est
3385 3608 3439 3660 in

195 3668 406 3720 sanctis
436 3680 531 3732 per
558 3668 808 3730 gratiam.

272 3737 481 3810 Tertio,
509 3750 758 3793 creatura
788 3738 1006 3809 attingit
1034 3737 1101 3791 ad
1131 3737 1304 3808 ipsum
1332 3737 1501 3791 Deum
1534 3753 1639 3792 non
1674 3738 1846 3793 solum
1880 3740 2177 3795 secundum
2211 3740 2602 3809 operationem,
2635 3743 2729 3797 sed
2759 3744 2920 3797 etiam
2955 3744 3252 3797 secundum
3282 3758 3438 3810 esse;

195 3821 308 3881 non
343 3808 559 3881 quidem
592 3819 753 3877 prout
781 3824 906 3881 esse
934 3808 1016 3863 est
1044 3818 1196 3881 actus
1225 3810 1472 3881 essentite
1502 3810 1697 3862 divina:
1730 3811 1877 3878 (quia
1909 3821 2157 3865 creatura
2192 3808 2296 3863 non
2330 3820 2502 3879 potest
2535 3814 2769 3867 transire
2800 3815 2852 3867 in
2876 3821 3122 3867 uaturatn
3149 3808 3439 3881 divinam),

194 3878 295 3931 sed
314 3879 621 3954 secundum
650 3880 792 3947 quod
822 3890 904 3954 est
936 3890 1088 3954 actus
1117 3879 1424 3954 hypostasis
1451 3893 1544 3933 seu
1576 3895 1840 3954 personae,
1874 3883 1926 3935 in
1957 3885 2111 3949 cujus
2138 3878 2387 3935 unionem
2418 3893 2668 3937 creatura
2698 3894 2969 3954 assumpta
3003 3897 3106 3938 est.
3140 3883 3209 3939 Et
3244 3885 3333 3941 hic
3360 3878 3444 3941 est

194 3949 397 4020 modus
428 3962 533 4015 quo
566 3949 707 4020 Deus
733 3960 821 4002 est
848 3952 902 4004 iu
930 3949 1147 4006 Christo
1175 3966 1272 4018 per
1298 3949 1550 4002 unionem
1585 3952 2001 4020 bypostaticam.

269 4016 349 4094 Ei:
379 4027 533 4094 parte
566 4018 743 4073 tamen
774 4020 868 4073 Dei
903 4035 1006 4094 non
1029 4016 1312 4094 invenitur
1338 4016 1635 4094 diversitas
1657 4016 1755 4084 rei,
1790 4023 1885 4075 sed
1914 4022 2144 4094 rationis
2175 4032 2410 4087 tantum,
2443 4035 2710 4094 quatenus
2744 4024 2796 4077 in
2816 4024 2934 4093 ipso
2965 4024 3316 4094 distinguitur
3346 4042 3440 4081 es-

196 4088 400 4161 sentia,
433 4088 605 4143 virtus
644 4097 697 4144 et
724 4092 988 4158 operatio.
1029 4090 1272 4144 Esseutia
1315 4098 1495 4143 autem
1537 4089 1653 4157 ejus
1683 4106 1803 4145 cum
1836 4094 1906 4146 sit
1936 4092 2178 4147 absoluta
2218 4098 2285 4147 ab
2315 4088 2473 4148 omni
2494 4106 2770 4158 creatura,
2802 4088 2909 4148 non
2942 4105 3027 4149 est
3073 4088 3440 4161 in'creatura,

194 4156 305 4212 nisi
340 4160 393 4210 in
420 4169 682 4234 quantum
712 4156 1015 4234 applicatur
1044 4162 1119 4213 tlli
1160 4174 1256 4234 per
1284 4162 1677 4229 operationem,
1712 4170 1772 4234 et
1795 4163 2089 4216 secundum
2122 4166 2223 4218 hoc
2253 4164 2395 4231 quod
2428 4175 2689 4234 operatur
2719 4156 2770 4216 in
2814 4179 2892 4229 re,
2924 4167 3121 4219 dicitur
3150 4182 3270 4220 esse
3299 4168 3351 4220 iu
3384 4156 3442 4221 re

195 4242 299 4304 per
327 4230 691 4304 praesentiam,
726 4232 1022 4304 secundum
1056 4231 1198 4298 quod
1234 4245 1465 4304 operans
1493 4242 1716 4304 operato
1746 4233 1907 4286 debet
1931 4247 2052 4287 esse
2089 4230 2747 4304 aliquomodo'praasens.
2784 4234 2848 4287 Et
2873 4237 2999 4303 quia
3044 4237 3289 4303 operatio
3329 4253 3437 4290 non

198 4299 408 4376 deserit
438 4300 694 4353 virtutem
726 4301 962 4376 divinam
998 4304 1326 4376 a_qua_exit,
1358 4302 1479 4376 ideo
1516 4301 1712 4353 dicitur
1736 4317 1854 4376 esse
1884 4304 1935 4356 in
1967 4319 2027 4356 re
2054 4318 2149 4372 per
2177 4299 2502 4375 potentiam:
2534 4306 2600 4359 Et
2628 4306 2755 4373 quia
2789 4299 2960 4359 virtus
2989 4299 3215 4376 est-ipsa
3246 4321 3439 4361 essen-

196 4368 300 4434 tia,
330 4370 453 4422 ideo
484 4371 861 4438 consequitur,
892 4380 949 4423 ut
978 4368 1141 4424 etiam
1175 4372 1229 4423 iu
1264 4386 1322 4424 re
1353 4372 1426 4424 sit
1449 4384 1545 4437 per
1573 4373 1888 4428 essentiam.

270 4438 408 4516 {Vota
440 4442 633 4507 tertio,
662 4456 729 4495 ex
755 4457 821 4516 eo
852 4442 995 4508 quod
1026 4440 1316 4516 subjungat
1344 4457 1359 4495 :
1397 4440 1853 4516 Quinimo‘dicere
1894 4444 1951 4516 iu
1991 4444 2233 4499 omnibus
2278 4446 2433 4500 rebus
2461 4447 2636 4516 ipsum
2674 4460 2816 4509 esse,
2844 4447 2971 4515 quid
3009 4446 3184 4499 minus
3214 4455 3289 4499 est
3321 4446 3440 4516 ejus

192 4508 483 4582 inﬁnitate,
522 4521 569 4563 et
606 4512 808 4565 excedit
842 4520 891 4563 et
936 4511 1163 4563 continet
1211 4508 1480 4576 universa,
1511 4510 1798 4582 manifeste
1829 4515 2032 4582 colligi,
2069 4517 2235 4570 Deum
2288 4534 2392 4570 non
2442 4508 2618 4571 solum
2668 4508 2893 4571 essein
2948 4520 3049 4571 hoc
3088 4516 3309 4581 mundo,
3341 4508 3440 4570 sed

196 4581 368 4656 etiam
388 4590 540 4656 extra
568 4582 826 4635 mundum
848 4595 944 4656 per
965 4582 1225 4634 immensa
1254 4584 1425 4650 spatia
1448 4580 1729 4656 ditius-nm;
1768 4583 1909 4637 sicut
1938 4580 2113 4638 lumen
2145 4587 2415 4655 quoddam
2450 4602 2553 4640 non
2582 4587 2752 4640 solum
2775 4595 2946 4641 totum
2977 4600 3250 4656 occupans
3278 4604 3438 4640 mun-

194 4651 359 4726 dum,
393 4651 486 4726 sed
511 4661 821 4726 extrorsum
852 4654 1149 4726 inomnem
1184 4663 1395 4726 partem
1428 4666 1486 4705 se
1525 4652 1995 4726 absqueAtermiuo
2023 4651 2322 4711 extendens
2353 4676 2366 4710 :
2398 4658 2541 4726 quod
2576 4660 2713 4710 bene
2754 4661 2949 4723 probat
2984 4651 3205 4709 Lcssius
3236 4657 3333 4712 lib.
3365 4673 3438 4721 ll,

192 4720 276 4794 De
314 4721 1145 4794 perfectionibusdivinis,_cap.
1179 4725 1235 4776 2.
1283 4741 1302 4773 ‹
1342 4723 1495 4775 Sicut
1525 4722 1704 4787 enim,
1740 4723 1951 4792 inquit,
1980 4728 2265 4781 coexsistit
2295 4720 2605 4781 non-solum
2650 4720 2923 4782 durationi
2958 4726 3301 4794 hujusmodi,
3344 4720 3441 4782 sed

194 4792 383 4866 etiam
412 4794 694 4866 inmensis
734 4791 1036 4845 intervallis
1066 4807 1190 4866 quae
1226 4802 1355 4845 sunt
1381 4801 1533 4866 extra
1564 4791 1842 4866 mundum,
1875 4797 2133 4849 nimirqu
2173 4797 2333 4850 simul
2361 4807 2415 4852 et
2456 4797 2622 4851 semel
2657 4800 2835 4851 omnia
2868 4791 3107 4852 locorum
3141 4807 3197 4850 et
3229 4791 3439 4866 tempo-

192 4876 318 4913 rum
372 4861 659 4937 intervalla
704 4876 979 4937 occupans
1027 4863 1439 4937 et__adaaquatts.
1488 4861 1642 4917 Unde
1692 4864 1834 4937 sicut
1872 4875 2003 4937 ante
2044 4868 2326 4929 mundum,
2372 4869 2578 4922 nullum
2612 4877 2787 4935 potest
2820 4869 3027 4937 signari
3062 4861 3435 4932 momentum,

192 4934 549 4999 quantumvis
576 4946 605 4985 a
640 4932 909 5006 principio
937 4932 1121 5006 mundi
1152 4934 1384 4997 distans,
1414 4935 1464 4985 in
1492 4948 1732 5006 quonon
1762 4935 1832 4988 sit
1862 4936 2032 5001 Deus;
2067 4937 2142 4990 ita
2174 4946 2329 4990 extra
2363 4932 2625 4992 mundum
2650 4938 2851 4989 nullum
2874 4932 3061 5005 potest
3092 4937 3222 5006 ﬁngi
3257 4941 3441 4992 animo

188 5011 455 5077 punctum
486 5005 839 5077 quantumvis
862 5004 1123 5077 a_n_tundo
1154 5015 1505 5077 remotum_et
1527 5004 1877 5077 disjunctum,
1912 5008 1998 5059 ubi
2027 5007 2337 5076 plenissime
2360 5024 2483 5062 cum
2515 5018 2625 5062 tota
2644 5022 2739 5060 sua
2772 5004 3080 5077 majestate,
3113 5004 3353 5076 potentia
3385 5018 3442 5064 et

188 5071 377 5143 gloria
402 5071 511 5143 non
543 5075 615 5127 sit
644 5072 804 5129 Deus.
845 5091 864 5123 ι
905 5072 1039 5128 Vide
1064 5073 1219 5141 plura
1249 5076 1386 5143 apud
1423 5074 1667 5129 Lessiutu
1697 5076 1814 5129 loco
1845 5071 2034 5131 citato.

270 5140 300 5211 ᾗ
338 5141 657 5218 ILHPetrus,
679 5159 924 5218 suprema
972 5140 1075 5195 ista
1120 5140 1679 5213 atque'antiquissima
1711 5148 1993 5218 gummitas
2038 5148 2421 5218 theologorum.
2454 5146 2589 5203 Nota
2629 5147 2754 5203 hinc
2786 5149 3160 5204 ﬁrmissimum
3195 5168 3223 5203 a
3257 5154 3436 5202 sancti

186 5213 440 5282 Dionysii
486 5215 1238 5288 auctoritateargumentum
1280 5230 1378 5283 pro
1423 5218 1662 5283 primatu
1711 5214 1878 5288 Petri,
1912 5228 1966 5271 et
1994 5213 2389 5288 consequenter
2426 5218 2750 5274 Pontiﬁcum
2788 5221 3153 5275 Romanorum
3194 5219 3437 5287 ejusdem

186 5294 611 5359 soccessoruut.
634 5284 898 5359 Describit
927 5295 1106 5359 autem
1131 5286 1253 5359 hic,
1282 5288 1552 5352 quomodo
1573 5287 1810 5359 apostoli
1842 5303 1965 5341 cum
1998 5288 2119 5343 aliis
2156 5284 2458 5359 discipulis,
2493 5292 2633 5344 inter
2663 5304 2800 5358 quos
2842 5294 2953 5358 ipse
2984 5301 3105 5346 erat
3146 5284 3270 5345 cuin
3310 5290 3437 5341 ilic-

187 5365 413 5429 rotueo,
446 5354 1299 5429 interfuerintessequiisbeata:
1320 5359 1542 5426 virginis
1572 5357 1771 5421 Mariae,
1805 5373 2033 5429 eamque
2060 5361 2256 5417 divinis
2287 5354 2535 5416 laudibus
2563 5354 2890 5417 celebrarunt
2918 5377 2932 5415 :
2971 5363 3092 5418 vide
3120 5362 3435 5422 Barouium,

188 5438 327 5482 tom.
354 5426 397 5491 Ι,
429 5428 495 5481 ad
524 5442 726 5481 auuum
755 5424 956 5479 Christi
984 5424 1458 5496 quadragesimum
1500 5441 1769 5483 octavum.

261 5627 379 5697 (54)
421 5629 540 5684 Lib.
576 5639 591 5677 1
629 5629 699 5686 De
732 5632 930 5686 orando
969 5632 1092 5687 Deo.

261 5702 375 5771 (55)
407 5700 522 5757 Lib.
557 5711 591 5750 It
616 5703 690 5758 De
736 5703 1143 5774 perfectionibus
1177 5706 1394 5774 divinis,
1430 5721 1482 5760 c.
1509 5704 1559 5758 5.
