3876 6226
1622 298 1676 351 S.
1727 294 2028 350 DIONYSII
2062 292 2531 349 AREOPAGITAZ

1536 428 2023 485 PARAPIIRASIS
2082 427 2535 483 PACllYMER/E
2576 430 2707 493 ('56).

442 302 543 357 687
1622 298 1676 351 S.
1727 296 2028 350 DIONYSII
2062 296 2531 349 AREOPAGITAZ
3603 296 3708 351 688

513 580 541 651 ς
583 579 618 630 Ι.
661 577 899 632 Primum
920 614 935 641 ,
968 574 1011 629 si
1038 573 1234 643 placet,
1261 572 1312 626 id
1336 573 1480 642 quod
1507 576 1761 626 universa
1789 571 1879 625 Dei
1914 571 1999 624 be-

2188 565 2216 636 §
2254 567 2293 618 1.
2340 567 2583 637 Πρῶτον,
2618 568 2667 620 εἰ
2693 567 2857 631 δοκεῖ,
2882 567 2981 639 τὴν
3009 568 3402 639 ὲκφαντορικὴν
3428 567 3539 620 τῶν
3571 566 3711 620 ὅλων

440 674 631 727 nclicia
681 667 1013 733 manifestat,
1061 666 1271 722 scilicet
1309 664 1439 720 boni
1481 678 1704 728 nomen,
1736 664 1999 733 expendat

2116 659 2211 713 τοῦ
2243 659 2379 713 Θεοῦ
2412 659 2767 730 εὐεργεσιῶν,
2810 661 3051 733 δηλονότι
3082 664 3180 733 τὴν
3211 662 3304 715 τοῦ
3345 660 3554 729 ἀγαθοῦ
3588 663 3709 715 ὀνο-

439 778 585 829 mus,
636 762 885 817 invocata
931 768 1119 815 sancta
1167 757 1453 822 Trinitate,
1496 772 1616 827 quae
1660 755 1839 811 omnis
1885 757 1999 811 bon

2120 752 2319 822 μασίαν
2339 791 2354 816 ,
2389 749 2837 822 ἐπισκεψώμεθα,
2870 752 2969 824 τὴν
3002 753 3237 824 ἀρχικὴν
3280 753 3461 823 πάσης
3510 753 3700 820 ἀγαθὰ

435 857 761 927 principium
789 862 895 921 est,
924 862 980 908 ct
1004 868 1191 909 omnes
1218 866 1345 905 suas
1372 850 1741 920 providentias
1778 850 1999 919 benigm

2114 858 2277 912 τητος
2302 841 2464 910 ἁγίαν
2490 841 2718 912 Τριάδα,
2752 842 2854 914 τὴν
2879 842 3059 908 πάσας
3090 842 3189 906 τὰς
3220 844 3473 915 προνοίας
3506 841 3711 911 ἑαυτῆς

431 950 718 1022 explanat.
756 948 985 1019 Oportet
1008 948 1189 1018 itaque
1217 961 1317 1002 nos
1346 944 1687 1002 orationibus
1723 942 1999 997 adductos.

2116 933 2334 1001 ἁγαθῶς
2394 932 2759 1001 ἐκφαίνουσαν
2813 934 3285 1004 ἐπικαλεσάμενοι.
3339 934 3460 1005 Χρὴ
3528 935 3712 987 τοίνυν

431 1042 517 1097 vel
548 1041 729 1113 potius
753 1037 1271 1109 appropinquantes,
1318 1036 1471 1105 juxta
1523 1033 1651 1089 illud
1707 1052 1718 1087 :
1767 1032 1999 1085 Accedift

2116 1022 2286 1092 ἡμᾶς,
2321 1022 2441 1085 ταῖς
2477 1022 2663 1091 εὐχαῖς
2705 1026 3140 1094 προαγομένους,
3180 1024 3275 1077 καὶ
3320 1024 3524 1094 μᾶλλον
3573 1024 3711 1092 πλη-

430 1136 500 1187 ad
558 1150 660 1199 me,
705 1142 753 1187 et
804 1146 897 1200 ego
942 1128 1190 1183 accedam
1237 1128 1305 1180 ad
1357 1144 1469 1191 vos,
1530 1130 1664 1182 dicit
1718 1125 1999 1185 Dominus.

2117 1114 2420 1179 σιάζοντας,
2454 1114 2595 1167 κατὰ
2626 1115 2713 1167 τό·
2758 1115 3065 1185 Ἐτ-γίσατε
3096 1115 3246 1183 πρὸς
3275 1115 3376 1185 μὲ,
3410 1115 3507 1169 καὶ
3535 1113 3712 1183 ἐγ·γαῦ

429 1224 643 1279 edoceri
677 1223 794 1293 ejus
829 1235 1079 1284 munera,
1120 1219 1205 1274 vel
1228 1220 1403 1289 potius
1438 1218 1551 1287 pati
1590 1215 1763 1286 magis
1800 1229 1863 1268 ea
1884 1216 1999 1269 dun:

2114 1206 2264 1275 πρὸς
2294 1206 2474 1276 ἡμᾶς,
2495 1206 2661 1276 Λέγει
2677 1210 2921 1278 Κύριος,
2959 1207 3210 1277 μυεῖσθαι
3241 1207 3342 1271 τὰς
3376 1208 3505 1278 περὶ
3538 1207 3712 1277 αὐτὴν

428 1316 715 1380 discimus;
740 1314 945 1370 etenim
972 1312 1089 1381 ipsa
1131 1311 1347 1380 quidem
1379 1311 1536 1365 adest
1568 1309 1823 1365 omnibus
1844 1349 1860 1374 ,
1904 1322 1999 1363 non

2112 1299 2340 1371 δωρεὰς,
2368 1300 2424 1351 ὲν
2456 1298 2536 1369 τῷ
2580 1298 2811 1369 πάσχειν
2845 1299 3044 1370 μᾶλλον
3072 1300 3260 1365 αὐτὰς,
3361 1302 3421 1353 ὲν
3450 1300 3532 1370 τῷ
3572 1318 3711 1371 μαν-

428 1418 607 1464 autem
633 1408 734 1479 ipsi
753 1407 951 1461 adsunt
965 1404 1169 1467 omnia,
1190 1416 1527 1473 quacunque
1557 1400 1811 1456 videlicet
1831 1415 1999 1455 rerum

2115 1390 2293 1444 θάνειν
2318 1408 2330 1420 ·
2374 1390 2469 1443 καὶ
2505 1390 2613 1463 γάρ
2644 1391 2781 1461 αὐτὴ
2812 1391 2910 1461 μὲν
2949 1393 3085 1446 πᾶσι
3122 1391 3403 1465 πάρεστιν,
3440 1394 3499 1446 οὐ
3528 1393 3714 1446 πάντα

428 1512 770 1555 terrenarum
798 1497 1085 1553 affectione
1109 1505 1163 1552 et
1186 1495 1573 1565 cogitationum
1600 1492 1999 1561 perturbatione

2112 1484 2168 1537 δὲ
2217 1483 2391 1559 ταύτῃ
2427 1486 2712 1554 πάρεστιν,
2761 1485 2861 1538 ὅσα
2900 1484 3100 1557 δηλαδὴ
3140 1487 3197 1539 ὲν
3241 1489 3309 1557 τῇ
3346 1486 3455 1539 τῶν
3498 1489 3711 1557 γηΐνων

427 1592 613 1661 procul
658 1591 948 1656 recedunt;
983 1589 1200 1659 quando
1236 1603 1365 1644 vero
1409 1587 1725 1657 precatione
1756 1592 1811 1639 et
1860 1593 1999 1637 tran-

2112 1574 2223 1641 ἔξει
2253 1577 2347 1629 καὶ
2378 1578 2445 1647 τῇ
2478 1576 2586 1629 τῶν
2618 1575 2893 1647 λογισμῶν
2927 1577 3250 1631 ἐπιθολώσει
3286 1580 3712 1650 άπομακρύνον-

424 1682 591 1752 quilla
623 1692 804 1738 mente
836 1682 1014 1737 idonei
1045 1681 1330 1737 evadimus
1360 1680 1426 1734 ad
1456 1679 1697 1733 divinam
1728 1677 1999 1736 unionem.

2110 1687 2200 1725 ται
2225 1689 2235 1701 ·
2272 1672 2361 1725 ὅτε
2388 1672 2446 1725 δὲ
2474 1672 2542 1725 δι’
2564 1673 2733 1744 εὐχῆς
2759 1674 2854 1726 καὶ
2885 1674 2962 1745 νῷ
2993 1674 3370 1746 άνεπιθολώτῳ
3407 1676 3709 1746 ἐπιτήδειοι

427 1787 557 1831 tunc
606 1775 769 1829 etiam
823 1788 922 1830 nos
971 1774 1073 1844 ipsi
1118 1772 1398 1828 adsumus.
1437 1770 1782 1827 Confirmans
1829 1776 1999 1823 autem

2112 1765 2371 1837 γινόμεθα
2403 1766 2538 1837 πρὸς
2570 1767 2669 1838 τὴν
2700 1767 2848 1821 θείαν
2880 1768 3095 1832 ἕνωσιν,
3129 1768 3252 1822 τότε
3286 1770 3581 1840 πάρεσμεν
3614 1771 3711 1822 καὶ

426 1869 597 1938 ipsam
622 1866 875 1923 omnibus
895 1866 1107 1932 adesse,
1127 1867 1241 1919 ait:
1266 1864 1383 1935 ipsa
1408 1864 1551 1917 enim
1576 1876 1675 1916 nec
1703 1861 1757 1915 in
1793 1860 1913 1914 loco
1935 1859 1999 1913 ita

2111 1860 2273 1928 ἡμεῖς
2296 1860 2453 1930 αὐτῇ.
2488 1858 2928 1925 Κατασκευάξων
2959 1862 3015 1915 δὲ
3042 1862 3122 1926 τὸ,
3158 1862 3239 1915 ὅτι
3274 1864 3405 1916 πᾶσι
3445 1863 3709 1934 πάρεστι,

423 1921 528 2025 est,
559 1971 619 2015 ut
659 1974 886 2031 usquam
921 1959 1089 2022 absit,
1117 1959 1203 2013 vel
1243 1921 1311 2011 es
1356 1957 1483 2011 aliis
1526 1955 1590 2009 ad
1635 1954 1742 2009 alia
1789 1953 1999 2021 migret.

2112 1921 2308 2023 (pqciw
2480 1954 2581 2007 οὐκ
2614 1954 2672 2008 ὲν
2715 1921 2864 2026 τόπερ
2896 1955 3064 2019 ἐστὶν,
3101 1921 3185 2008 ῖνα
3232 1956 3328 2007 καὶ¹
3373 1957 3488 2028 ἀπῇ

422 2053 554 2119 Quae
576 2051 721 2107 enim
746 2052 799 2105 in
826 2050 942 2105 loco
961 2048 1123 2121 347
1138 2058 1283 2115 sunt,
1302 2046 1675 2110 continentur;
1691 2044 1845 2097 locus
1864 2040 1999 2095 enim

2110 2042 2247 2111 ἢείς
2279 2042 2441 2114 ἔτερα
2471 2042 2532 2107 ὲξ
2562 2044 2735 2097 ἄλλων
2771 2048 3035 2116 μεταστῇ.
3062 2045 3144 2099 Τὰ
3169 2047 3279 2119 γὰρ
3310 2048 3368 2101 ὲν
3399 2047 3578 2118 τόπῳ,
3607 2066 3709 2101 πε-

425 2142 689 2197 terminus
724 2150 807 2197 est
851 2139 969 2210 ejus
1002 2140 1145 2209 quod
1192 2138 1435 2194 continuet
1474 2144 1803 2191 contentum.
1840 2134 1999 2201 Quin-

2112 2134 2378 2206 ριέχονται
2402 2153 2414 2165 ·
2454 2137 2550 2190 καὶ
2581 2136 2747 2200 τόπος
2779 2138 2896 2190 ἐστὶ
2930 2139 3103 2209 πέρας
3134 2140 3228 2192 τοῦ
3257 2140 3614 2210 περιέχοντος
3647 2141 3709 2193 τὸ

422 2234 536 2290 imo
581 2234 766 2289 dicere
815 2232 871 2287 in
898 2232 1152 2287 omnibus
1185 2232 1349 2287 rebus
1386 2230 1562 2300 ipsam
1607 2242 1750 2291 esse,
1781 2226 1999 2281 multum

2110 2229 2517 2301 περιεχόμενον.
2567 2230 2725 2285 Ἀλλὰ
2773 2232 2868 2285 καὶ
2912 2232 3070 2286 τοῦτο
3117 2234 3177 2287 τὸ
3226 2233 3404 2302 λέγειν
3446 2235 3503 2286 ἐν
3538 2237 3708 2287 πᾶσιν

422 2324 606 2379 deficit
654 2324 722 2378 ab
754 2323 874 2393 ejus
911 2322 1185 2377 infinitate
1210 2336 1318 2392 qua
1353 2330 1552 2376 cuncta
1594 2318 2002 2390 complectitur;

422 2432 528 2471 non
559 2416 703 2469 enim
737 2425 946 2470 tantum
978 2424 1059 2469 est
1091 2414 1143 2468 in
1167 2413 1443 2478 omnibus,
1466 2428 1654 2467 verum
1683 2413 1847 2468 etiam
1874 2426 2005 2466 con-

422 2510 560 2563 tinet
580 2507 873 2574 universa;
904 2520 1078 2575 neque
1108 2514 1317 2560 tantum
1340 2505 1599 2571 continet,
1624 2518 1813 2558 verum
1840 2503 2004 2557 etiam

2108 2317 2246 2375 εἷναι
2297 2324 2500 2396 αὐτὴν,
2552 2324 2687 2395 πρὸς
2740 2324 2802 2377 τὸ
2854 2325 3246 2397 περιληπτικδν
3297 2326 3400 2396 τῆς
3445 2326 3709 2397 ἀπειρίας

2109 2417 2323 2489 ἐκείνης
2374 2418 2509 2471 πολύ
2559 2418 2934 2473 ἀπολείπεται.
2984 2420 3118 2474 Οὐδὲ
3164 2418 3273 2491 γὰρ
3308 2419 3468 2490 μόνον
3500 2420 3566 2470 ὲν
3601 2420 3710 2472 πᾶ-

2109 2508 2193 2561 σίν
2226 2510 2393 2574 ἐστιν,
2429 2509 2566 2563 ἀλλὰ
2597 2512 2691 2564 καὶ
2725 2512 2903 2566 πάντα
2921 2511 3312 2584 περιλαμϐάνει
3332 2551 3345 2563 .
3381 2512 3491 2563 Καὶ
3515 2512 3581 2563 οὐ
3614 2512 3712 2581 μό-

420 2602 759 2673 complexum
794 2616 1012 2656 omnem
1050 2598 1325 2655 infinitum
1357 2601 1591 2655 excedit.
1625 2598 1999 2655 lncumbamus

2105 2618 2195 2654 νον
2228 2600 2649 2673 περιλαμϐάνει,
2685 2603 2820 2658 ἀλλὰ
2852 2605 2948 2657 καὶ
2978 2605 3039 2657 τὸ
3071 2606 3171 2675 τῆς
3200 2604 3549 2675 περιλήψεως
3580 2605 3709 2657 ἐπέ-

422 2698 609 2767 itaquc
657 2696 1018 2757 orationibus.
1060 2708 1166 2749 non
1212 2702 1274 2749 ut
1317 2694 1486 2749 Deum
1527 2693 1880 2758 deducamus,
1910 2693 2003 2747 sed

420 2800 481 2845 ut
511 2790 614 2861 ipsi
644 2790 824 2860 potius
855 2788 921 2843 ad
956 2789 1125 2843 Deum
1159 2788 1510 2843 adducantur.
1544 2786 1609 2840 Et
1645 2785 1863 2841 adducit
1890 2784 2002 2853 pri-

2109 2710 2261 2747 κεινα
2304 2693 2530 2767 ἄπειρόν
2576 2698 2712 2751 ἐστι.
2762 2697 2954 2749 Τοίνυν
3004 2696 3098 2749 καὶ
3149 2696 3534 2767 άνανεύσωμεν
3585 2699 3711 2759 ταῖς

2105 2784 2311 2855 εὐχαῖς,
2344 2786 2443 2856 οὐχ
2474 2787 2562 2839 ἵνα
2587 2788 2646 2840 τὸ
2680 2788 2835 2841 Θεῖον
2862 2789 3205 2860 κατάξωμεν,
3232 2788 3344 2841 ἀλλ’
3378 2789 3467 2844 ἴνα
3498 2790 3711 2859 μᾶλλον

420 2898 569 2940 mum
616 2882 924 2952 exemplum
973 2881 1175 2953 gentile
1226 2894 1295 2934 ex
1330 2881 1599 2945 Homero;
1633 2878 1999 2949 pulcherrime

2105 2877 2241 2947 πρὸς
2274 2878 2407 2930 αὐτὸ
2438 2878 2780 2949 ἀναχθῶμεν.
2817 2882 2928 2933 Καὶ
2971 2880 3238 2951 λαμϐάνει
3263 2881 3480 2952 πρῶτον
3514 2882 3708 2953 παρά-

424 2985 605 3032 autem
652 2975 706 3030 id
758 2976 920 3029 rebus
967 2972 1167 3029 divinis
1196 2972 1604 3029 accommodat:
1659 2970 1827 3025 tradit
1856 2970 1999 3023 enim

2105 2969 2301 3039 δειγμα
2345 2970 2652 3034 Ἑλληνικὸν
2688 2973 2752 3025 ὲκ
2786 2971 2882 3025 τοῦ
2933 2974 3194 3046 Ὀμήρου,
3228 2972 3612 3045 προσαρμόζει
3653 2975 3713 3027 δὲ

422 3070 557 3139 ipse,
607 3078 857 3123 catenam
902 3080 1124 3120 auream
1173 3079 1203 3119 e
1256 3064 1398 3119 ctelo
1446 3063 1791 3134 dependisse.
1846 3061 1999 3115 Sicut

2105 3059 2262 3114 τοῦτο
2284 3064 2395 3124 τοῖς
2412 3062 2574 3126 θείοις
2600 3063 2978 3133 παγκάλλιστα
3001 3082 3014 3095 ·
3039 3065 3183 3133 λέγει
3200 3066 3309 3136 γάρ
3332 3068 3563 3129 ἐκεῖνος,
3587 3083 3711 3119 σει-

420 3175 552 3230 ergo
582 3168 773 3215 catena
802 3157 882 3212 sic
914 3155 1236 3219 constituta,
1266 3153 1361 3223 qui
1410 3154 1611 3208 sensim
1650 3152 1999 3222 semetipsum

2105 3154 2217 3222 ρὰν
2240 3155 2513 3223 χρυσέην
2534 3158 2861 3223 οὐρανόθεν
2898 3158 3326 3227 κρεμάσαντες.
3354 3160 3527 3212 Ὦσπε
3537 3179 3572 3232 ρ
3597 3161 3713 3231 γὰρ

421 3270 452 3306 a
490 3263 636 3307 terra
671 3250 917 3314 elevans,
962 3248 1189 3303 alternis
1222 3247 1439 3317 quidem
1481 3246 1999 3318 apprehensionibus

2105 3248 2204 3318 τῆς
2240 3249 2428 3320 σειρᾶς
2460 3248 2602 3302 οὕτω
2634 3249 3007 3322 διακειμένης,
3042 3253 3071 3303 ὁ
3103 3251 3244 3304 κατὰ
3279 3253 3474 3324 μικρὸν
3500 3255 3709 3307 ἑαυτὸν

419 3345 635 3399 videtur
662 3341 807 3397 illam
854 3347 1105 3395 catenam
1139 3339 1204 3392 ad
1243 3351 1303 3392 se
1335 3337 1577 3404 trahere,
1606 3336 1721 3406 ipse
1752 3351 1882 3393 vero
1906 3352 2004 3407 po-

421 3434 529 3490 tius
572 3432 626 3488 in
681 3430 850 3486 altum
900 3426 1110 3485 tollitur
1140 3427 1345 3481 sensim
1375 3426 1769 3483 ascendendo:
1801 3426 1883 3481 sic
1908 3426 2001 3495 qui

421 3528 635 3582 intonse
684 3533 829 3591 orat,
871 3538 969 3593 per
996 3537 1181 3593 opera,
1214 3537 1335 3591 qua:
1364 3536 1557 3575 manus
1586 3530 1766 3583 vocat,
1800 3520 2001 3574 sensim

420 3630 477 3674 et
520 3618 799 3690 operando
826 3626 881 3671 et
921 3615 1194 3685 precando
1219 3625 1453 3669 mentem
1487 3627 1639 3668 suam
1672 3612 1907 3681 applicat
1935 3612 2002 3666 ad

422 3710 613 3767 Deum.
666 3709 763 3764 Sin
808 3722 940 3765 vero
971 3721 1186 3771 manus,
1215 3705 1325 3776 jam
1377 3706 1429 3758 in
1481 3705 1649 3759 altum
1700 3703 1941 3766 adducti,
1971 3718 1999 3755 a

420 3812 613 3859 catena
648 3802 933 3863 solvimus.
968 3815 1036 3856 ex
1067 3798 1178 3855 alto
1208 3799 1541 3864 decidimus;
1576 3811 1699 3851 nam
1746 3798 1873 3849 dum
1903 3794 2002 3848 ad-

423 3897 694 3956 ducimur,
726 3894 893 3949 etiam
926 3893 1039 3948 Deo
1066 3892 1345 3947 adhmrere
1386 3889 1668 3946 debemus.
1704 3887 1893 3944 Simile
1919 3894 2003 3941 est

423 3987 478 4042 in
508 3985 655 4052 navi,
688 3993 748 4038 ut
796 3997 1195 4054 cognoscamus
1245 3989 1483 4036 mentem
1526 3989 1769 4035 nostram
1806 3992 1998 4033 navem

422 4091 564 4146 esse,
616 4091 738 4147 qua:
777 4076 902 4129 vilar
949 4072 1109 4144 hujus
1153 4073 1332 4128 ventis
1383 4072 1652 4143 agitatur;
1686 4086 1837 4126 mare
1866 4084 2000 4125 vero

423 4170 567 4225 hanc
604 4167 772 4221 vitam
803 4166 987 4220 multis
1017 4165 1432 4233 tempestatibus
1479 4162 1759 4229 refertam,
1789 4176 1997 4230 petram

421 4276 552 4318 vero
590 4259 892 4328 Christum,
939 4273 1101 4328 quem
1132 4257 1259 4313 dum
1290 4257 1774 4328 apprehendimus,
1809 4260 2001 4312 incon-

421 4356 565 4409 cussi
611 4365 1019 4425 permanemus,
1050 4349 1118 4405 ad
1163 4349 1338 4419 ipsum
1383 4358 1494 4403 tam
1530 4350 1696 4405 vitam
1728 4364 1888 4419 quam
1918 4350 1999 4403 vi-

421 4445 582 4501 vendi
628 4445 893 4500 rationem
934 4442 1255 4513 dirigentes.
1288 4440 1633 4511 Quapropter
1669 4451 1795 4497 ante
1836 4457 1999 4497 omne

421 4550 578 4605 opus,
608 4535 908 4606 praesertim
941 4542 1070 4588 ante
1099 4545 1313 4587 omnem
1344 4531 1410 4587 de
1437 4531 1547 4586 Deo
1575 4546 1903 4599 sermonem,
1931 4534 1998 4589 ab

2102 3341 2201 3404 τῆς
2231 3340 2334 3412 γῆς
2364 3342 2657 3411 κουφίζων,
2692 3343 2803 3397 εἴτε
2844 3346 2966 3408 ταῖς
3007 3345 3321 3415 ἀμοιϐαίαις
3357 3346 3707 3416 ὲπιδράξεσι,

2103 3430 2254 3485 δοκεῖ
2280 3432 2380 3502 μὲν
2404 3432 2687 3488 καθέλκειν
2716 3435 2814 3505 τὴν
2840 3438 3046 3506 σειρὰν,
3072 3437 3234 3500 αὐτὸς
3255 3436 3311 3489 δὲ
3338 3437 3538 3507 μᾶλλον
3564 3442 3709 3511 πρὸς

2104 3524 2236 3595 ὕψος
2269 3525 2481 3594 αἴρεται
2516 3528 2583 3597 τῇ
2616 3526 2757 3580 κατὰ
2806 3528 2999 3599 μικρὸν
3037 3529 3296 3582 ἀναϐάσει
3320 3547 3333 3559 ⁸
3362 3530 3504 3583 οὕτω
3549 3533 3651 3585 καὶ
3682 3536 3711 3587 ὁ

2104 3617 2336 3682 ἐκτενῶς
2375 3619 2811 3690 προσευχόμενος
2845 3620 2932 3674 διὰ
2963 3621 3072 3674 τῶν
3099 3621 3368 3694 πράξεων,
3404 3622 3469 3688 ἃς
3503 3630 3711 3699 χεῖρας

2104 3709 2277 3773 καλεῖ,
2304 3713 2369 3782 τῇ
2396 3711 2535 3765 κατὰ
2564 3714 2758 3784 μικρὸν
2781 3716 3011 3787 ἐργασίᾳ
3036 3717 3130 3769 καὶ
3154 3723 3428 3790 προσευχῇ
3454 3720 3551 3773 τὸν
3577 3723 3709 3775 νοῦν

2103 3800 2270 3855 αὐτοῦ
2296 3801 2619 3871 άναλέγεται
2652 3804 2789 3876 πρὸς
2816 3805 2968 3861 Θεόν.
3011 3806 3138 3859 Ἐάν
3168 3807 3225 3860 δὲ
3249 3806 3349 3871 τὰς
3375 3810 3572 3880 χεῖρας
3606 3811 3708 3882 τῆς

2104 3893 2290 3963 σειρᾶς
2314 3892 2675 3965 άπολύσωμεν
2703 3895 3049 3967 ἀναγόμενοι,
3082 3898 3355 3969 πίπτομεν
3390 3900 3449 3966 ἐξ
3486 3900 3669 3971 ὕψους
3690 3921 3705 3932 ·

2102 3985 2157 4035 ὲν
2182 3983 2290 4056 γάρ
2310 3983 2387 4055 τῷ
2408 3986 2704 4055 ἀνάγεσθαι
2734 3988 2943 4042 καὶτοῦ
2972 3990 3109 4044 Θεοῦ
3132 3990 3418 4062 ὀφείλομεν
3450 3992 3703 4062 ἔχεσθαι.

2102 4078 2175 4131 Τὸ
2208 4078 2340 4131 αὐτὸ
2367 4079 2460 4132 καὶ
2492 4081 2620 4150 περὶ
2657 4081 2755 4152 τῆς
2790 4081 2939 4152 νηὸς,
2972 4082 3060 4137 ἵνα
3090 4086 3370 4154 νοήσωμεν
3415 4084 3555 4138 ναῦν
3601 4089 3705 4158 τὴν

2101 4171 2257 4242 ἡμῶν
2295 4172 2549 4235 διάνοιαν,
2599 4174 2953 4245 ριπιζομένην
2992 4177 3104 4240 τοῖς
3141 4176 3236 4230 τοῦ
3278 4178 3394 4248 βίου
3425 4178 3663 4249 ἀνέμοις
3689 4199 3705 4211 δ

2101 4262 2373 4319 θάλασσαν
2418 4264 2476 4318 δὲ
2510 4265 2607 4319 τδν
2646 4265 2761 4337 βίον
2798 4267 2960 4321 αὐτὸν
2990 4268 3229 4340 γέμοντα
3257 4270 3468 4324 πολλῶν
3490 4272 3707 4343 χειμώ-

2100 4374 2205 4410 νων
2227 4374 2241 4388 ·
2269 4358 2474 4429 πέτραν
2494 4358 2550 4412 δὲ
2578 4358 2669 4412 τὸν
2696 4359 2949 4430 Χριστὸν,
2973 4361 3032 4415 ὃν
3054 4362 3378 4433 κρατοῦντες
3400 4364 3703 4419 άσάλευτοι

2098 4447 2423 4518 διαμένομεν
2441 4489 2455 4512 ,
2499 4448 2635 4519 πρὸς
2664 4450 2825 4502 αὐτὸν
2858 4449 2949 4503 τὸν
2977 4451 3089 4521 βίον
3112 4454 3270 4524 ήμῶν
3295 4454 3438 4507 κατὰ
3463 4455 3569 4527 τὴν
3599 4474 3701 4509 πο-

2099 4536 2301 4588 λιτείαν
2348 4534 2617 4599 ἕλκοντες.
2662 4536 2752 4589 Διὸ
2799 4539 2893 4591 καὶ
2946 4540 3052 4611 πρὸ
3097 4542 3294 4606 παντὸς
3340 4545 3698 4616 πράγματος,

421 4628 672 4683 oratione
699 4624 1066 4682 inchoandum
1093 4632 1196 4689 est,
1229 4637 1336 4678 non
1363 4630 1419 4677 ut
1450 4621 1517 4676 ad
1542 4635 1639 4677 nos
1663 4622 1999 4678 attrahamus

2108 4626 2305 4697 μᾶλλον
2346 4626 2403 4681 δὲ
2443 4626 2543 4698 τῆς
2568 4627 2863 4698 θεολογίας,
2892 4629 2972 4684 δεῖ
3009 4632 3350 4705 ἀπάρχεσθαι
3369 4635 3470 4707 τῆς
3500 4637 3696 4708 εὐχῆς,

421 4720 683 4775 virtutem
732 4718 909 4783 illam,
939 4732 1063 4787 qua;
1094 4716 1297 4786 ubique
1342 4724 1400 4770 et
1446 4730 1715 4786 nusquam
1755 4730 2000 4786 praesens

423 4822 509 4867 cst
566 4811 741 4881 (adest
779 4810 925 4865 enim
974 4807 1193 4877 ubique_
1245 4807 1371 4879 quia
1414 4816 1669 4876 penetrat
1719 4808 1995 4874 universa,

424 4912 691 4968 nusquam
736 4912 864 4954 vero
907 4896 1080 4964 adest,
1112 4896 1369 4966 quoniam
1414 4896 1595 4952 nnilus
1625 4897 1773 4953 locus
1802 4898 1998 4969 dignus

424 4999 510 5045 est
542 4989 664 5060 ejus
700 4989 987 5059 requiete),
1020 4988 1112 5044 sed
1148 4998 1210 5043 nt
1237 5004 1336 5045 nos
1372 4988 1474 5058 ipsi
1502 4990 1825 5055 excitemus,
1858 4991 1998 5046 Deo-

425 5097 532 5153 que
588 5079 980 5152 conjungamus
1035 5082 1236 5139 divinis
1287 5082 1897 5140 commemorationibus
1941 5096 1997 5140 et

425 5173 883 5231 invocationibus.

496 5265 525 5337 ς
570 5263 637 5319 ll.
689 5264 867 5335 Atque
911 5265 1002 5320 hic
1052 5265 1287 5321 fortasse
1329 5265 1489 5321 nobis
1534 5266 1807 5323 reddenda
1858 5269 1997 5324 ratio

425 5359 516 5420 sit.
544 5373 663 5422 cur,
692 5372 816 5413 cum
845 5356 1080 5429 inclytus
1111 5356 1439 5414 Hierotheus
1471 5360 1767 5429 theologica
1797 5360 1998 5431 princi-

426 5452 513 5520 pia
557 5450 858 5521 collegerit,
904 5467 1024 5518 nos,
1072 5452 1229 5522 quasi
1282 5451 1369 5505 illa
1424 5468 1529 5508 non
1563 5453 1891 5521 sufﬁcerent,
1919 5456 1995 5511 uti

425 5545 529 5599 alia
579 5545 873 5614 opuscula,
919 5546 1000 5600 sic
1044 5555 1100 5600 et
1145 5555 1465 5616 praesentem
1511 5548 1655 5603 hunc
1705 5557 1991 5603 tractatum

2101 4719 2199 4789 οὐχ
2244 4720 2333 4773 ἵνα
2372 4718 2725 4790 ὲφελξώμεθα
2762 4723 2861 4794 τὴν
2901 4723 3216 4797 ἁπανταχοῦ
3268 4727 3557 4799 παροῦσαν
3602 4733 3699 4785 καὶ

2100 4808 2339 4881 οὐδαμοῦ
2377 4810 2623 4883 δύναμιν,
2658 4812 2912 4886 (πάρεστι
2946 4816 3054 4889 γὰρ
3092 4818 3388 4891 πανταχοῦ,
3430 4822 3515 4874 ὅτι
3557 4825 3698 4877 πᾶσι

2099 4900 2293 4972 διήκει,
2325 4902 2559 4974 οὐδαμοῦ
2588 4904 2666 4969 δὲ,
2697 4906 2783 4959 ὅτι
2809 4908 2983 4973 οὐδεὶς
3010 4910 3161 4977 ἄξιος
3197 4913 3361 4977 τόπος
3389 4914 3493 4985 τῆς
3518 4934 3694 4970 κατα-

2103 4994 2354 5060 παύσεως
2384 4996 2548 5051 αὐτοῦ
2574 4998 2611 5069 ·)
2638 4998 2754 5052 ἀλλ’
2790 5001 2877 5053 ἵνα
2916 5003 3312 5077 ἐγχειρίσωμεν
3340 5007 3571 5074 ἑαυτοὺς
3599 5014 3696 5064 καὶ

2100 5087 2178 5159 τῷ
2217 5088 2356 5160 Θείῳ
2392 5089 2681 5164 ὲνὼσωμεν
2714 5095 2833 5158 ταῖς
2862 5094 3034 5161 θείαις
3063 5100 3302 5171 μνήμαις
3332 5101 3427 5155 καὶ
3458 5102 3693 5177 ἐπικλή-

2103 5199 2240 5235 σεσι.

2171 5276 2282 5347 ςιι.
2304 5278 2412 5331 Καὶ
2430 5278 2588 5332 τοῦτο
2602 5280 2647 5334 δ’
2670 5280 2799 5346 ἴσως
2819 5282 3216 5354 άπολογοῦμεν,
3244 5286 3326 5339 ὅτι
3352 5286 3449 5341 τοῦ
3474 5289 3689 5345 κλεινοῦ

2113 5370 2373 5441 Ἱεροθέου
2389 5371 2487 5436 τὰς
2508 5371 2826 5442 θεολογικάς
2869 5376 3234 5446 στοιχειώσεις
3260 5382 3685 5450 συναγαγόντος,

2098 5461 2261 5531 ἡμεῖς
2293 5461 2351 5514 δὲ
2380 5463 2841 5534 συνεγραψάμεθα
2869 5464 3036 5530 ἄλλας
3061 5483 3121 5519 τε
3148 5472 3557 5540 πραγματείας,
3592 5472 3690 5524 καὶ

2098 5552 2302 5623 ταύτην
2339 5551 2439 5625 τὴν
2466 5552 2764 5622 θεολογίαν,
2789 5555 2864 5619 ὡς
2888 5555 2985 5627 οὐχ
3015 5554 3214 5610 ἱκανῶν
3243 5558 3473 5616 ἐκείνων
3489 5560 3683 5615 δντων.

500 5723 611 5793 (56)
648 5724 781 5779 Vide
821 5725 1042 5782 Scholia
1074 5726 1131 5785 S.
1168 5727 1412 5796 Maximi,
1448 5735 1580 5784 tom.
1614 5725 1678 5796 ll,
1706 5743 1828 5800 cap.
1864 5728 1896 5784 5
1933 5728 2009 5787 De
2047 5725 2246 5789 divinis
2289 5734 2605 5790 nominibus.
