3876 6226
194 343 305 401 689

800 343 889 398 DE
915 343 1169 400 DlVlNlS
1207 340 1609 406 NOMINIBUS,
1646 341 1799 399 CAP.
1828 342 1912 397 Ill.
1949 373 2016 384 —-
2052 341 2404 398 PARAPIIR.
2441 342 2911 399 PACHYMERJE.

3351 327 3457 386 690

193 455 307 507 Kal.
332 454 443 526 γάρ
468 454 629 527 εἴπερ
657 454 864 520 ἐκεῖνος
888 457 1016 529 περὶ
1041 455 1244 515 τούτων
1266 456 1763 530 λεπτομερεστέρως

1885 457 2244 528 theologicam
2274 459 2787 530 conscripserimus.
2821 458 3036 516 Etenim
3077 460 3122 514 si
3159 460 3249 517 ille
3277 461 3346 517 de
3380 455 3466 514 his

175 543 398 614 ἠξίωσε
422 548 669 613 διελθεῖν,
698 548 799 602 οὐκ
834 549 900 603 ἂν
940 552 1100 623 ἡμεῖς
1134 552 1214 615 εἰς
1241 550 1495 605 τοσοῦτον
1524 550 1558 621 ἢ
1589 549 1785 622 μανίας

177 630 213 702 ἢ
244 628 568 712 σκαιότητος
594 640 950 713 ἐληλύθαμεν,
979 644 1055 707 ὡς
1081 643 1330 715 οἰηθῆναι
1356 628 1633 697 ἐπιϐαλεῖν
1671 643 1784 707 τοῖς

186 730 359 795 θείοις
393 732 982 806 ἐπιστημονικώτερον,
1009 734 1150 789 ὥστε
1181 735 1263 799 δὶς
1298 735 1369 789 τὰ
1410 735 1551 789 αὑτά
1583 734 1781 803 λέγειν,

188 825 287 879 καὶ
335 827 541 881 ἀδικεῖν
585 828 737 897 φίλον
780 828 895 900 ἅμα
944 829 1039 882 καὶ
1084 828 1401 883 διδάσκαλον
1426 846 1439 859 ·
1493 829 1589 883 καὶ
1635 829 1782 899 ἡμᾶς

183 916 347 984 τέως,
373 922 499 984 τοὺς
520 921 659 992 μετά
683 921 776 975 τὸν
813 922 1078 993 μακάριον
1102 921 1313 976 Παῦλον
1346 921 1781 994 μαθητευθέντας

183 1012 359 1083 αὑτῷ,
399 1012 744 1085 ὑφαρπάζειν
774 1014 844 1068 τά
880 1015 1089 1069 ἐκείνου
1130 1015 1224 1069 καὶ
1257 1015 1333 1079 ὼς
1376 1015 1482 1069 ἴδια
1523 1016 1775 1087 γράφειν.

195 1104 342 1159 Ἀλλ’
371 1106 559 1177 ἐπειδὴ
593 1106 974 1178 πρεσϐυτικῶς
1014 1107 1108 1160 καὶ
1151 1107 1587 1178 ἐπιστημονικῶς
1627 1102 1780 1160 εἶπεν

181 1199 417 1263 ἐκεῖνος,
460 1199 555 1251 καὶ
596 1199 898 1270 συντόμους
934 1200 1028 1253 καὶ
1064 1199 1455 1270 κεφαλαιώδεις
1493 1200 1593 1263 τὰς
1637 1199 1779 1253 διδα-

185 1289 415 1353 σκαλίας
457 1290 777 1362 πεποίηκεν,
806 1291 1223 1363 ἐγκελευόμενος
1266 1293 1387 1347 καθ’
1417 1293 1647 1346 ἕκαστον
1686 1292 1778 1345 καὶ

179 1383 339 1453 ἡμῖν,
380 1383 474 1436 καὶ
509 1384 622 1447 τοῖς
662 1383 870 1456 ἑτέροις
898 1385 1007 1439 τῶν
1029 1386 1287 1441 νεοτελῶν
1312 1385 1497 1457 ψυχῶν
1519 1385 1775 1439 διδασκά-

180 1473 316 1538 λοις,
350 1475 472 1529 καθ’
495 1476 617 1530 ὅσον
655 1476 734 1530 ἔνι
773 1478 1077 1545 ἀναπτύξαι
1101 1479 1195 1532 καὶ
1228 1479 1500 1551 διακρῖναι
1526 1478 1625 1542 τὰς
1654 1495 1775 1531 συν-

175 1567 415 1632 οπτικάς
453 1568 548 1622 καὶ
595 1569 663 1622 δι’
689 1569 867 1639 όλίγον
892 1571 1189 1643 ἐκφράσεις
1211 1571 1311 1642 τῆς
1335 1571 1537 1635 ἑνιαίας
1566 1569 1774 1623 ἐκείνου

177 1660 278 1714 καὶ
317 1663 661 1734 νοερωτάτης
702 1662 987 1735 δυνάμεως
1011 1681 1024 1693 ·
1068 1664 1164 1718 καὶ¹
1210 1665 1467 1728 πολλάκις
1507 1665 1652 1735 ἡμᾶς
1692 1663 1773 1727 εἰς

173 1752 314 1805 αὐτὸ
338 1753 497 1807 τοῦτο
522 1755 617 1808 καὶ
644 1755 709 1808 σὺ
735 1756 1096 1828 προέτρεψας,
1116 1757 1536 1820 ἀνταποστείλας
1561 1756 1655 1809 καὶ
1672 1756 1772 1826 τὴν

178 1841 366 1910 βίϐλον
387 1842 573 1897 αὑτοῦ.
603 1844 790 1919 Ταύτῃ
814 1864 894 1899 τοι
924 1847 1018 1900 καὶ
1048 1847 1208 1918 ἡμεῖς
1237 1848 1327 1902 τὸν
1359 1848 1458 1919 μὲν
1488 1848 1641 1917 ἆγιον
1682 1848 1768 1900 ἰε.
1800 1828 1843 1888 Β

180 1934 387 2004 ρόθεον,
412 1934 489 1999 ὡς
511 1935 734 1990 τελείων
763 1937 1013 1993 διανοιῶν
1042 1938 1378 2005 διδάσκαλον,
1408 1942 1520 2004 τοῖς
1545 1940 1769 2004 τελείοις

174 2026 535 2099 ἀφορίζομεν,
566 2030 659 2083 καὶ
692 2030 762 2084 τὰ
791 2032 1001 2086 ἐκείνου
1030 2032 1208 2102 λόγια,
1233 2033 1308 2096 ὡς
1337 2032 1565 2104 δεύτερα
1592 2033 1767 2101 λόγια,

176 2117 315 2188 πρὸς
337 2118 407 2171 τὰ
426 2118 545 2173 θεῖα
567 2122 661 2174 καὶ
692 2122 813 2194 ἱερά
834 2123 943 2177 τῶν
968 2124 1283 2179 ἀποστόλων
1312 2124 1768 2197 παραγγέλματα,

172 2208 375 2280 ἔχομεν
398 2228 413 2241 ο
444 2213 562 2276 τοῖς
587 2213 646 2267 δὲ
677 2215 797 2267 καθ’
826 2217 976 2286 ἡμᾶς
1009 2217 1223 2271 ἀτελέσι
1259 2217 1329 2272 τὰ
1367 2219 1483 2272 θεῖα
1523 2218 1772 2290 παραδώ-

174 2318 364 2372 σομεν,
391 2302 685 2373 ἀναλόγους
707 2310 822 2371 τοῖς
841 2308 1179 2374 διδασκάλοις
1209 2312 1343 2382 ἡμῖν
1370 2312 1498 2374 τοὺς
1526 2310 1770 2383 μαθητάς

170 2389 411 2461 ἔχοντες.
471 2394 697 2449 Ὀπόσον
736 2397 793 2450 δὲ
834 2397 948 2469 ἔχει
986 2399 1193 2463 ἐκεῖνος
1229 2400 1290 2454 τὸ
1331 2401 1569 2464 τέλειον,
1617 2404 1675 2455 ἐν
1726 2394 1770 2469 ᾧ

168 2480 360 2553 ἐστιᾷν
380 2483 600 2556 ἐτέρους
621 2487 720 2559 τὴν
741 2488 967 2561 στερεὰν
991 2490 1217 2563 τροφὴν,
1237 2492 1372 2545 ὅπου
1405 2510 1466 2562 γε
1490 2494 1585 2547 καὶ
1610 2494 1769 2565 ἡμεῖς

168 2574 445 2645 λεγόμεθα
468 2577 682 2645 τέλειοι,
700 2580 775 2645 ὡς
799 2582 899 2652 τῆς
928 2582 1181 2655 τοιαύτης
1206 2586 1431 2657 στερεᾶς
1451 2586 1657 2657 τροφῆς
1683 2604 1772 2657 με·

164 2668 546 2739 ταλαμϐάνειν
580 2671 912 2746 ἠξιωμένοις
960 2675 1167 2747 Ὀρθῶς
1194 2672 1286 2731 οὖν
1318 2678 1544 2750 εἴπομεν
1573 2680 1769 2752 τὺ,τὴν

169 2761 272 2829 μὲν
312 2761 648 2837 αὑτοπτικὴν
690 2768 784 2820 καὶ
823 2768 1278 2835 ἀνεπικάλυπτον,
1305 2772 1397 2824 καὶ
1418 2772 1766 2843 ἐμφανεστέ-

165 2869 273 2923 ραν
316 2854 679 2927 κατανόησιν,
719 2859 813 2912 καὶ
852 2859 950 2932 τὴν
993 2861 1339 2934 κεφαλαιώδη
1384 2862 1765 2929 διδασκαλίαν,

162 2942 546 3015 πρεσϐυτικῆς
587 2946 795 3001 δεῖσθαι
834 2948 1118 3021 δυνάμεως
1142 2967 1154 2981 ο
1199 2951 1313 3022 τὴν,
1337 2951 1395 3005 δὲ
1441 2952 1768 3025 διασάφησιν

158 3035 263 3088 καὶ
296 3036 897 3112 ὲκμάθησινῖάρμόξειν
921 3043 1035 3106 τοῖς
1067 3043 1385 3113 ὑφειμένοις
1420 3046 1570 3116 ἡμῖν.
1617 3046 1767 3100 Ἐπι-

157 3130 466 3201 τετὴρηται
505 3130 635 3199 γοῦν
663 3133 816 3203 ἡμῖν,
851 3133 993 3187 ὥστε
1020 3134 1121 3186 ὅσα
1149 3133 1212 3205 δὴ
1252 3136 1441 3207 σαφῶς
1478 3139 1630 3211 παρὰ
1670 3140 1762 3194 τοῦ

157 3221 313 3275 θείου
370 3222 630 3295 Ἱεροθέου
664 3224 1063 3297 διηυκρίνηται,
1095 3228 1336 3299 μηδόλως
1372 3230 1759 3304 ἐγκεχειρηκέ-

158 3334 253 3368 ναι
279 3316 378 3371 καὶ
396 3304 507 3371 οἷον
532 3318 815 3387 φαίνεσθαι
839 3320 1182 3389 ταύτολογεῖν
1202 3339 1215 3352 ⁸
1244 3322 1312 3376 τὰ
1340 3323 1397 3376 δὲ
1424 3326 1759 3389 συνοπτικῶς

156 3408 435 3479 εἰρημένα
475 3409 669 3480 ἐκείνῳ
724 3410 916 3482 (τοῦτο
956 3411 1065 3485 γὰρ
1112 3411 1313 3480 ἔξωθεν
1351 3414 1757 3489 προσληπτέον)

156 3497 519 3571 λεπτοτέραις
568 3502 798 3567 ἐννοίαις
841 3504 1119 3574 ἐκφαίνειν
1146 3522 1160 3536 ο
1203 3505 1362 3559 τοῦτο
1399 3508 1506 3581 γάρ
1550 3509 1665 3562 ἐστι
1698 3509 1761 3563 τὸ

155 3592 522 3663 ζητούμενον,
565 3595 595 3648 ὃ
641 3597 698 3648 ἐν
734 3595 811 3667 τῷ
835 3596 979 3650 τέλει
1026 3596 1119 3651 τοῦ
1146 3598 1307 3668 λόγου
1338 3601 1607 3670 ἐπήγαγε.
1642 3601 1759 3656 Νῦν

156 3687 217 3738 δὲ
249 3689 332 3752 είς
357 3689 486 3753 τοὺς
520 3689 776 3756 ἐπαίνους
813 3690 909 3744 τοῦ
940 3692 1131 3761 ἀνδρὸς
1163 3694 1440 3761 εἰσελθὼν,
1474 3698 1624 3761 ὅπως
1665 3702 1760 3754 καὶ

157 3781 324 3833 ὁποία
360 3776 501 3852 ἦσαν
533 3782 599 3837 τά
632 3786 759 3856 παρ’
796 3783 959 3839 αὑτοῦ
1008 3788 1321 3861 ὑμνούμενα
1369 3780 1425 3845 ἐν
1467 3793 1547 3864 τῷ
1584 3794 1760 3866 καιρῷ

157 3874 263 3943 τῆς
294 3875 457 3942 ἁγίας
481 3875 742 3931 Θεοτόκου
775 3882 1104 3951 κοιμήσεως,
1138 3883 1280 3935 κατὰ
1307 3885 1608 3941 ἐνδιάθετον
1630 3890 1760 3959 σχῆ-

162 3982 261 4034 μα,
287 3966 557 4036 τεχνικῶς
589 3961 699 4021 οἷον
728 3969 1022 4025 ἐπελάθετο
1055 3972 1157 4042 τῆς
1194 3973 1289 4027 τοῦ
1318 3975 1478 4045 λόγου
1509 3980 1759 4050 συμφρά-

160 4075 324 4121 σεως,
360 4059 452 4112 καί
479 4077 644 4130 φησιν
668 4078 679 4091 ·
725 4063 877 4117 Ἐπεὶ
908 4065 1002 4118 καὶ
1042 4066 1173 4138 παρ’
1199 4068 1383 4133 αὐτοῖς
1423 4072 1535 4134 τοῖς
1569 4070 1757 4144 θεολή-

159 4166 319 4213 πτοις
344 4154 618 4222 πατράσιν
641 4153 749 4224 (ὅτε
782 4158 1153 4231 ωμπαρῆμεν
1181 4159 1408 4226 ἐκείνοις
1436 4164 1528 4216 καὶ
1554 4165 1757 4235 ἡμεῖς

160 4243 221 4293 ἐν
253 4241 335 4311 τῷ
366 4243 542 4314 καιρῷ
570 4246 669 4315 τῆς
696 4250 1008 4320 κοιμήσεως
1032 4251 1130 4323 τῆς
1158 4255 1430 4323 παναγίας
1461 4258 1757 4329 Δεσποίνης

161 4334 321 4403 ἡμῶν
366 4334 637 4403 θεοτόκου,
681 4339 856 4393 ἐδόκει
903 4342 960 4395 δὲ
1003 4343 1144 4397 κατά
1182 4345 1281 4415 τὴν
1323 4345 1472 4399 θείαν
1517 4348 1755 4419 ὑμνῆσαι

167 4427 289 4490 τοὺς
325 4428 587 4500 ἱεράρχας
616 4431 692 4495 ὡς
727 4431 958 4499 ἕκαστος
987 4436 1101 4507 εἶχε
1130 4438 1415 4508 δυνάμεως
1453 4441 1553 4512 τὴν
1591 4442 1752 4495 ἀπει-

1887 550 2224 606 enucleatius
2268 552 2540 607 disserere
2596 551 2877 619 voluisset,
2930 568 3208 623 nunquam
3254 568 3320 609 ea
3366 568 3468 606 nos

1883 642 2097 697 insania
2141 641 2481 698 stoiiditasve
2508 643 2781 713 cepisset,
2814 654 2873 699 ut
2900 644 2990 700 illo
3019 645 3239 701 doctius
3270 660 3370 700 nos
3400 644 3468 698 de

1884 733 2086 789 divinis
2127 734 2271 803 loqui
2320 750 2477 805 posse
2513 745 2853 805 putaremus,
2892 745 3054 807 atque
3084 738 3223 793 adeo
3256 737 3342 793 bis
3367 752 3461 792 ea-

1883 828 2005 884 dem
2041 831 2353 900 repetendo,
2379 838 2433 885 et
2463 832 2641 886 amico
2670 829 2831 885 simul
2868 839 2923 885 et
2961 829 3283 901 praeceptori
3321 828 3465 885 hanc

1884 920 2135 990 injuriam
2182 923 2513 987 faceremus,
2565 932 2643 988 ιιι,
2675 940 2795 979 cum
2830 923 2947 994 ejus
2985 935 3106 995 post
3142 925 3200 981 Β.
3236 924 3462 980 Paulum

1882 1013 2131 1083 discipuli
2195 1014 2484 1080 fuerimus,
2541 1017 2657 1085 ejus
2720 1017 2926 1086 scripta
2978 1017 3135 1073 nobis
3187 1032 3285 1088 per
3342 1016 3469 1088 pla--

1880 1105 2025 1176 gium
2068 1106 2236 1178 348
2260 1123 2687 1179 usurparemns;
2728 1111 2822 1167 sed
2849 1110 3111 1180 quoniam
3154 1109 3243 1165 ille
3279 1109 3461 1180 gravi-

1881 1204 1965 1253 ter
1988 1208 2043 1253 et
2064 1200 2202 1255 scite
2233 1198 2302 1255 de
2347 1200 2433 1255 bis
2475 1202 2725 1270 loquens,
2754 1201 3079 1271 compendio
3114 1211 3170 1256 et
3216 1216 3459 1256 summa-

1880 1292 1979 1346 tim
2013 1291 2300 1347 doctrinas
2342 1307 2470 1346 suas
2516 1293 2762 1361 tradidit,
2794 1292 2993 1361 jnbens
3044 1307 3163 1358 nos,
3215 1291 3461 1361 aliosque

1878 1380 2157 1436 rudiorum
2190 1381 2367 1435 adhuc
2395 1382 2703 1435 animorum
2735 1388 3122 1450 praeceptores,
3154 1378 3457 1449 sigillatim,

1825 1460 1833 1469 ’
1876 1471 2054 1540 quoad
2088 1470 2203 1525 ﬁeri
2241 1480 2442 1541 potest,
2484 1470 2780 1542 explanare
2823 1484 2889 1525 ac
2931 1469 3265 1538 distinguere
3303 1484 3454 1525 com-

1874 1566 2167 1635 pendiosas
2214 1564 2336 1619 illas
2373 1565 2682 1634 brevesque
2710 1565 3090 1620 enarrationes
3121 1564 3287 1618 unitae
3315 1562 3459 1619 illius

1874 1670 1940 1711 ac
1978 1657 2431 1727 spiritualissimat
2464 1657 2716 1724 virtutis;
2744 1656 2873 1726 quin
2906 1665 2959 1711 et
2998 1658 3113 1726 ipse
3151 1666 3204 1710 tn
3240 1670 3457 1725 quoque

1874 1748 2189 1821 frequenter
2241 1767 2344 1808 nos
2392 1754 2460 1805 ad
2510 1752 2613 1806 hoc
2658 1752 2984 1807 adhortatus
3028 1766 3109 1815 es,
3159 1758 3216 1806 et
3255 1750 3453 1804 librum

1868 1843 1985 1914 ejus
2035 1842 2194 1899 nobis
2239 1844 2524 1899 remisisti.
2548 1843 2891 1914 Quapropter
2929 1858 3029 1899 nos
3069 1856 3287 1913 quoque
3328 1857 3456 1897 san-

1870 1944 2015 1991 ctum
2061 1936 2439 2003 ilierotheum,
2474 1945 2730 2007 tanquam
2768 1935 3138 2007 perfectarum
3188 1934 3453 1988 mentium

1869 2036 2281 2097 prazceptorem,
2305 2027 2568 2096 perfectis
2607 2030 2975 2097 assignamus,
3008 2038 3065 2081 et
3094 2027 3268 2097 ipsius
3307 2027 3455 2081 dicta

1873 2130 2133 2189 tanquam
2184 2118 2355 2174 altera
2404 2119 2628 2174 oracula
2654 2159 2670 2186 ,
2702 2119 2996 2174 secundum
3037 2121 3220 2175 divina
3266 2134 3453 2175 sacra-

1871 2228 1980 2282 que
2004 2212 2378 2280 apostolorum
2404 2213 2631 2281 scripta,
2666 2212 3037 2276 :estimamus;
3068 2228 3167 2269 nos
3194 2228 3324 2268 vero
3356 2229 3456 2269 uo-

1870 2305 1968 2359 stri
2000 2305 2268 2361 similibus
2301 2304 2640 2375 imperfectis
2666 2321 2754 2361 res
2777 2307 2992 2363 divinas
3014 2308 3451 2376 explicabimus;

1869 2398 2029 2454 nobis
2070 2399 2500 2469 praeceptoribus
2550 2412 2657 2452 non
2703 2399 2984 2454 absimiles
3030 2399 3323 2469 discipulos
3360 2400 3457 2455 ba-

1868 2492 2079 2549 bentes.
2131 2492 2358 2559 Quanta
2403 2508 2534 2547 vero
2592 2493 2707 2564 ipse
2751 2502 2836 2549 est
2886 2493 3277 2563 perfectionis,
3329 2510 3454 2550 cum

1870 2588 2034 2643 etiam
2060 2587 2197 2643 alios
2225 2585 2402 2641 solido
2433 2586 2559 2642 cibo
2586 2589 2818 2656 nutriat,
2845 2603 2970 2644 cum
3004 2604 3106 2643 nos
3137 2590 3300 2644 etiam
3334 2604 3457 2660 per-

1871 2679 1995 2733 fecti
2018 2678 2372 2749 appellemur,
2398 2678 2443 2733 si
2475 2678 2782 2733 istiusmodi
2814 2679 2991 2733 solido
3018 2677 3143 2733 cibo
3171 2679 3317 2735 vesci
3358 2696 3457 2735 no-

1871 2772 1956 2827 bis
1977 2771 2225 2827 licuerit?
2250 2771 2444 2827 Merito
2474 2772 2659 2841 itaque
2688 2773 2944 2838 dicimus,
2978 2773 3043 2826 ad
3073 2772 3243 2844 ipsam
3275 2788 3370 2842 per
3396 2788 3457 2828 se

1872 2862 2255 2927 intuitionem,
2299 2869 2355 2917 et
2401 2876 2506 2915 non
2560 2860 2857 2915 revelatam
2912 2858 3456 2930 manifestiorcmque

1872 2953 2308 3023 intelligentiam,
2341 2960 2397 3004 et
2442 2950 2797 3006 summariam
2843 2948 3150 3004 doctrinam
3180 2950 3334 3004 senili
3368 2950 3452 3004 fa-

1868 3046 2073 3102 cultate
2099 3060 2237 3115 opus
2263 3059 2407 3109 esse,
2438 3044 2882 3113 explanationem
2920 3052 3099 3096 autem
3132 3051 3187 3097 et
3216 3042 3454 3112 explica-

1870 3138 2068 3191 tionem
2101 3138 2256 3192 nobis
2287 3144 2344 3189 nt
2366 3135 2718 3190 inferioribus
2741 3134 3058 3188 convenire.
3090 3134 3452 3188 Observatum

1867 3229 2049 3298 itaque
2091 3246 2121 3281 a
2179 3229 2334 3283 nobis
2356 3265 2373 3292 ,
2415 3236 2472 3279 ut
2494 3240 2833 3295 quacunque
2862 3224 3010 3279 clare
3043 3239 3072 3277 a
3104 3223 3229 3278 divo
3263 3223 3453 3277 llieroo

1864 3324 1987 3377 tlteo
2031 3322 2289 3376 distincta
2342 3330 2471 3375 sunt
2516 3335 2583 3375 ne
2626 3318 2845 3389 quidem
2893 3316 3117 3372 omnino
3152 3318 3448 3388 attingere-

1862 3430 2003 3478 rnus,
2047 3429 2115 3467 ne
2141 3413 2545 3483 quodammodo
2577 3413 2720 3469 idem
2763 3412 2958 3466 iterato
3003 3410 3187 3465 dicere
3230 3410 3451 3465 videre-

1861 3525 2012 3575 mur;
2046 3488 2166 3579 quze
2188 3522 2318 3563 vero
2349 3508 2462 3578 ipse
2490 3507 2874 3577 compendiose
2901 3505 3126 3561 tradidit
3150 3506 3276 3576 (hoc
3304 3506 3449 3561 enim

1859 3597 2242 3666 excipiendum
2271 3598 2377 3667 eat)
2406 3597 2799 3652 minutioribus
2840 3595 3219 3665 intelligentiis
3260 3595 3453 3667 expla-

1861 3702 2149 3755 naremus;
2201 3702 2325 3742 nam
2376 3690 2480 3743 hoc
2520 3699 2604 3743 cst
2650 3691 2793 3760 quod
2825 3691 3109 3758 quieritur,
3153 3698 3210 3742 ut
3246 3689 3298 3742 in
3344 3690 3451 3743 ﬁne

1857 3782 2122 3838 orationis
2143 3782 2373 3837 addidit.
2400 3782 2554 3837 Nunc
2588 3798 2716 3838 vero
2747 3783 2847 3837 viri
2880 3784 3072 3837 laudes
3101 3782 3447 3854 aggrediens,

1857 3890 2095 3945 quanam
2126 3875 2364 3940 ratione,
2393 3886 2449 3929 et
2480 3876 2663 3944 qualia
2711 3876 2780 3930 ab
2821 3875 2940 3945 ipso
2969 3887 3178 3930 sancta:
3206 3875 3450 3944 Deiparze

1857 3969 2276 4025 obdormitionis
2305 3978 2551 4038 tempore
2580 3968 2797 4023 laudata
2828 3970 2963 4035 sint,
2988 3970 3229 4025 ostendit
3269 3970 3449 4023 artili-

1857 4059 2003 4113 ciose
2033 4059 2147 4127 ipsa
2181 4057 2434 4128 loquendi
2468 4056 2726 4125 formula,
2764 4059 3034 4116 orationis
3070 4074 3135 4115 ea
3178 4061 3449 4128 composi-

1859 4154 2058 4207 tionem
2087 4150 2350 4220 eﬂ‘ugere,
2381 4161 2434 4207 et
2477 4152 2555 4206 ait
2584 4169 2598 4205 :
2629 4152 2764 4207 Cum
2814 4152 3072 4208 Patribus
3120 4154 3230 4207 illis
3261 4153 3448 4207 divino

1856 4246 2067 4316 Spiritu
2091 4245 2286 4301 amatis
2317 4247 2395 4317 (et
2424 4261 2525 4301 nos
2555 4246 2687 4315 ipsis
2715 4246 3056 4317 adessemus)
3083 4256 3325 4317 tempore
3351 4247 3446 4301 ob-

1855 4340 2204 4395 dormitionis
2243 4340 2611 4395 sanctissima:
2662 4341 2895 4397 dominae
2935 4350 3138 4397 nostra:
3176 4343 3443 4409 Deiparar,

1854 4431 2261 4502 placuissetque
2316 4442 2441 4503 post
2491 4432 2795 4487 contuitum
2848 4436 3058 4490 sanctis
3110 4436 3445 4492 antistitibus

163 4517 466 4588 ροδύναμον
492 4520 805 4594 ἁγαθότητα
831 4525 933 4595 τῆς
980 4525 1279 4599 θεαρχικῆς
1317 4528 1617 4595 ἀσθενείας,
1653 4533 1751 4603 τῆς

1866 4540 1954 4595 pro
1984 4524 2130 4581 virili
2156 4525 2352 4596 cuique
2377 4541 2498 4592 suo,
2524 4526 2732 4582 infinita
2759 4528 3002 4598 potentia
3030 4529 3315 4599 praeditam
3349 4529 3435 4585 di-

161 4611 413 4663 ἐκουσίου
448 4611 691 4684 δηλονότι
715 4615 810 4668 τοῦ
841 4616 976 4670 Θεοῦ
1004 4618 1132 4691 ἄχρι
1157 4620 1359 4692 σαρκὸς
1384 4622 1551 4693 χωρὶς
1572 4624 1753 4694 ἀμαρ-

160 4701 284 4765 τίας
327 4705 805 4772 συγκαταϐάσεως,
853 4708 1071 4764 πάντων
1116 4712 1336 4783 ἐκράτει
1381 4712 1492 4767 τῶν
1536 4716 1755 4785 ίερομυ-

162 4791 305 4845 στῶν
343 4795 373 4846 ό
413 4794 586 4866 μέγας
623 4797 899 4869 Ἱερόθεος,
924 4800 1044 4865 ὅλος
1077 4801 1154 4855 ὢν
1193 4801 1383 4875 ὥσπερ
1423 4804 1654 4876 ἔκδημος
1692 4807 1756 4860 ἐκ

159 4883 258 4936 τοῦ
287 4886 562 4957 σώματος,
585 4888 705 4953 ὅλος
731 4890 1083 4963 ἐξιστάμενος
1110 4894 1301 4947 ἐαυτοῦ
1326 4896 1382 4949 ἐν
1404 4899 1516 4961 τοῖς
1544 4896 1750 4968 ὕμνοις,

162 4978 258 5031 καὶ
280 4978 509 5049 πάσχων
530 4980 630 5051 τὴν
663 4982 798 5053 πρὸς
824 4983 891 5037 τὰ
929 4986 1242 5057 ὑμνούμενα
1270 4990 1572 5054 κοινωνίαν,
1604 4992 1754 5063 παρά

162 5070 382 5123 πάντων
419 5071 511 5124 καὶ
555 5072 664 5125 τῶν
709 5075 1003 5145 γνωρίμων
1053 5078 1148 5130 καὶ
1187 5078 1296 5131 τῶν
1339 5080 1413 5151 μὴ
1459 5082 1751 5153 γνωρίμων

160 5162 459 5233 θεόληπτος
488 5164 750 5235 ἐκρίνετο.
790 5167 860 5219 Ἢ
882 5166 1011 5235 γοῦν
1040 5168 1199 5223 τοῦτο
1236 5170 1405 5241 λέγει,
1444 5172 1594 5245 παρά
1620 5174 1753 5228 πάν-

159 5272 271 5307 των
315 5256 409 5308 καὶ
455 5256 563 5309 τῶν
589 5259 968 5326 γινωσκόντων
1006 5263 1099 5316 καὶ
1127 5263 1236 5317 τῶν
1275 5264 1348 5336 μὴ
1376 5267 1753 5334 γινωσκόντων

161 5348 329 5401 αὐτόν
356 5365 369 5378 ·
402 5346 459 5419 ἢ,
492 5349 631 5421 ὅπερ
657 5351 753 5405 καὶ
786 5354 1052 5423 κρεῖττον,
1084 5354 1144 5407 ού
1184 5355 1292 5427 γὰρ
1327 5351 1468 5421 εἷπε,
1500 5356 1600 5411 ούκ
1636 5359 1751 5427 ἐγι-

161 5441 439 5505 νώσκετο,
484 5440 598 5495 ἀλλ’
646 5442 748 5495 οὐκ
795 5443 1196 5512 ἐπεγινώσκετο
1221 5463 1233 5476 ·
1282 5446 1609 5515 ἐγινώσκετο
1653 5452 1751 5522 μὲν

159 5532 312 5601 λέγει
364 5534 494 5605 παρ’
539 5533 783 5601 ἐκείνων,
825 5535 1063 5607 δηλονότι
1096 5539 1289 5602 οἵτινες
1319 5540 1616 5608 ἐγίνωσκον
1653 5544 1753 5613 τὴν

157 5624 270 5677 τῶν
300 5624 609 5696 λεγομένων
639 5626 897 5699 δύναμιν·
932 5630 1032 5683 οὑκ
1074 5632 1509 5701 ἐπεγιγνώσκετο
1537 5635 1596 5688 δὲ
1623 5639 1753 5709 παρ’

158 5716 422 5780 ἐκείνων,
451 5717 647 5782 οἵτινες
678 5720 777 5790 οὑχ
805 5714 905 5774 οἷοί
934 5740 995 5775 τε
1021 5716 1162 5794 ἦσαν
1194 5725 1471 5779 ἐπιϐαλεῖν
1508 5725 1586 5797 τῷ
1630 5727 1751 5797 ὕψει

159 5807 270 5864 τῶν
310 5808 515 5879 ὓμνων.
569 5812 845 5886 Ἐφαίνετο
874 5814 1002 5886 γοῦν
1034 5816 1325 5890 θεόληπτος
1360 5819 1627 5885 κάκείνοις
1660 5821 1750 5878 καὶ

1856 4619 1996 4674 vina:
2025 4620 2416 4676 imbecillitatis
2445 4622 2747 4677 bonitatem
2786 4623 3118 4688 collaudare,
3154 4626 3207 4680 id
3230 4632 3315 4680 est
3345 4641 3441 4681 vo-

1857 4712 2153 4769 luntariam
2206 4715 2728 4771 condescensionem
2782 4714 2876 4770 Dei
2923 4730 3096 4786 usque
3140 4721 3209 4771 ad
3240 4732 3442 4787 corpus

1856 4805 2060 4875 absque
2100 4818 2348 4876 peccato,
2378 4818 2606 4863 caeteros
2630 4808 2947 4863 sacerdotes
2974 4810 3274 4878 superabat
3321 4826 3442 4864 ma-

1855 4912 1994 4966 gnus
2024 4897 2370 4965 Hierotheus,
2401 4909 2547 4954 totus
2579 4900 2984 4969 quodaminodo
3022 4916 3051 4954 ιι
3088 4915 3318 4968 corpore
3348 4903 3440 4957 ab.

1856 4990 2074 5053 ductus,
2112 5000 2260 5044 totus
2287 5003 2445 5046 extra
2481 5008 2540 5046 se
2573 4993 2787 5062 positus
2818 4995 2872 5048 in
2916 4993 3136 5064 hymnis
3166 5009 3232 5049 ac
3265 4994 3442 5049 laudi-

1857 5080 1977 5147 bus,
2011 5096 2304 5151 rerumqne
2342 5098 2483 5152 quas
2525 5084 2783 5139 laudabat
2829 5085 3166 5140 consortium
3202 5086 3438 5155 patiens,

1857 5175 1927 5229 ab
1953 5175 2211 5231 omnibus
2246 5184 2356 5230 tam
2396 5177 2543 5231 notis
2573 5193 2735 5245 quam
2771 5178 2969 5247 ignotis
2996 5178 3180 5235 divino
3209 5177 3442 5233 Numine

1858 5267 2069 5323 alllatus
2093 5269 2546 5324 censebatur.Vel
2579 5270 2760 5339 itaque
2786 5272 2887 5325 hoc
2911 5270 3063 5335 dicit,
3088 5272 3155 5323 ab
3181 5271 3435 5326 omnibus

1858 5369 1965 5414 tam
2001 5360 2066 5415 iis
2088 5361 2179 5430 qui
2212 5363 2384 5431 ipsum
2407 5360 2573 5433 349
2595 5371 2877 5426 noverant,
2902 5376 3065 5429 quam
3093 5360 3184 5430 qui
3209 5375 3316 5415 non
3340 5376 3435 5413 no-

1856 5461 2084 5519 verant;
2115 5453 2202 5508 vel
2240 5455 2439 5522 potius,
2471 5467 2577 5506 non
2610 5454 2745 5508 dixit
2776 5457 2919 5524 quod
2952 5456 3303 5520 noscebatur,
3338 5454 3432 5509 scd

1856 5561 1962 5599 non
2010 5547 2482 5614 cognoscebantur;
2523 5548 2793 5618 siquidem
2837 5547 2907 5601 ab
2947 5547 3072 5613 illis,
3103 5544 3302 5615 inquit,
3333 5561 3433 5599 no-

1857 5641 2129 5703 scebatur,
2159 5640 2250 5708 qui
2283 5640 2535 5694 videlicet
2579 5650 2845 5695 noverant
2886 5654 3074 5694 eorum
3114 5653 3234 5704 qua:
3279 5638 3431 5691 dice-

1856 5728 2056 5784 bantur
2086 5730 2357 5796 valorem;
2387 5746 2491 5786 non
2518 5732 2948 5801 cognoscebatur
2975 5740 3157 5785 autem
3194 5730 3263 5785 ab
3298 5728 3428 5791 illis,

1857 5824 1951 5893 qui
1980 5823 2209 5879 istarum
2246 5822 2463 5878 laudum
2494 5821 2868 5879 celsitudinem
2902 5824 3169 5894 attingere
3198 5837 3307 5878 non
3338 5835 3432 5875 va-
