3866 6234
428 379 523 436 691

1599 384 1655 441 8.
1694 385 1994 442 DIONYSII
2025 389 2488 449 AREOPAGlT/E

3583 404 3691 463 692

425 496 636 551 labant.
662 495 962 551 Videbatur
1004 495 1182 567 itaque
1219 499 1402 553 divino
1440 498 1669 554 Numine
1701 502 1915 557 aﬂlatus
1947 514 2001 556 et

2121 507 2333 572 τούτοις.
2381 510 2638 575 Ἐκεῖ-νοις
2680 514 2806 581 μὲν,
2859 516 2934 578 ὡς
2966 517 3203 570 συνιοῦσι
3240 519 3332 572 καὶ
3372 522 3691 593 ἐπιστήμην

428 590 534 644 illis
562 597 616 643 et
640 589 744 646 his.
772 587 881 644 Illis
907 589 1148 658 quidem.
1180 600 1439 658 tanquam
1466 593 1701 648 consciis
1728 609 1791 648 ac
1819 594 2000 648 scien-

432 679 574 733 tibus
603 679 780 748 ipsum
807 694 928 734 esse
960 680 1145 744 talem;
1179 681 1262 734 his
1291 696 1442 744 vero.
1475 691 1732 752 tauquam
1773 699 1877 738 non
1912 684 1997 738 in-

433 769 790 840 telligentibus
825 787 943 840 qua:
981 774 1321 838 dicebantur,
1349 783 1515 844 atque
1553 775 1674 829 ideo
1716 777 1999 831 existima-

428 859 580 927 bant,
631 861 720 916 illa
765 863 945 917 divina
989 865 1234 933 quaedam
1283 881 1405 921 esse
1435 882 1557 936 qua:
1592 867 1738 939 vulgi
1779 877 1997 938 captum

427 966 763 1023 superarent,
797 966 852 1012 et
883 959 1082 1012 divinis
1134 968 1344 1014 tantum
1383 975 1686 1030 eorumque
1730 963 1999 1018 similibus

427 1048 563 1103 viris
600 1049 762 1119 digna
804 1049 1004 1104 forent.
1036 1049 1354 1104 Divinarum
1390 1067 1556 1122 porro
1601 1053 1820 1108 laudum
1861 1055 1994 1110 ista~

427 1156 548 1195 rum
580 1152 792 1211 partem
829 1143 1070 1212 aliquam
1098 1159 1184 1199 me
1211 1146 1311 1200 abs
1342 1154 1397 1200 te
1433 1147 1706 1202 audivisse
1735 1149 1993 1203 memini:

429 1241 636 1286 tantam
679 1234 989 1289 divinorum
1031 1251 1220 1290 curam
1282 1237 1466 1307 geris,
1495 1247 1554 1292 ut
1603 1254 1881 1310 nunquam
1907 1238 1995 1294 illa

427 1325 799 1395 perfunctorie
837 1343 1147 1397 percurras.

501 1417 529 1489 ᾗ
567 1417 654 1473 Ill.
699 1419 877 1490 Atque
907 1431 964 1476 ut
995 1422 1160 1476 multa
1193 1423 1511 1479 omittamus
1540 1439 1661 1494 qua:
1681 1425 1843 1496 vulgo
1872 1435 2000 1481 sunt

2106 599 2344 669 σχοῦσιν,
2366 602 2445 653 ὅτι
2475 603 2713 666 τοιοῦτός
2734 606 2867 657 ἐστι·
2893 607 3100 672 τούτοις
3119 609 3193 672 δὲ,
3237 611 3310 674 ὼς
3340 613 3415 683 μὴ
3449 615 3694 670 συνιοῦσι

2105 690 2175 742 τά
2202 690 2487 762 λεγόμενα,
2522 695 2813 749 κάντεῦθεν
2845 697 2963 750 θεῖά
2991 717 3113 753 τινα
3135 703 3377 772 κρίνουσι
3399 705 3576 757 ταῦτα
3600 709 3694 758 καί

2106 783 2246 854 ὑπὲρ
2286 784 2411 848 τοὺς
2450 784 2704 850 πολλοὺς,
2748 789 2840 842 καὶ
2888 790 3068 860 μόνοις
3107 792 3230 856 ἄξια
3256 797 3368 857 τοῖς
3401 794 3571 858 θείοις
3600 797 3695 849 καὶ

2107 876 2227 927 κατ’
2263 877 2466 932 ἐκεῖνον
2504 880 2778 952 ἀνδράσιν.
2823 883 2914 936 Ἐκ
2947 883 3054 936 τῶν
3089 884 3270 955 ῦμνων
3302 887 3434 955 γοῦν
3467 889 3694 941 ἐκείνων

2106 963 2221 1021 οἶδα
2259 969 2566 1037 ἐπακούσας
2612 975 2869 1040 πολλάκις
2911 978 3003 1029 καὶ
3044 979 3194 1049 παρὰ
3224 979 3316 1032 σοῦ
3349 980 3492 1052 μέρη
3525 982 3652 1034 τινα
3677 998 3691 1010 ⁸

2106 1059 2277 1123 οὕτως
2331 1063 2473 1132 ἔχεις
2533 1065 2768 1137 σπουδὴν
2811 1068 2892 1130 είς
2947 1065 3018 1120 τά
3079 1067 3229 1134 θεῖα,
3287 1069 3430 1122 ὥστε
3494 1071 3572 1142 μὴ
3630 1073 3695 1122 ἐκ

2105 1153 2382 1223 παρέργου
2415 1155 2724 1225 λογίζεσθαι
2753 1158 2944 1212 ταῦτα.

2177 1421 2204 1494 §
2231 1424 2320 1476 ΠΙ.
2353 1427 2459 1480 Καὶ
2485 1428 2570 1480 ἵνα
2599 1444 2678 1482 σοι
2720 1431 3140 1505 παραλείψωμεν
3179 1435 3247 1488 τὰ
3291 1435 3462 1490 πολλὰ
3490 1439 3572 1502 ὡς
3600 1440 3697 1511 ἄῤ-

427 1525 670 1577 arcana,
717 1512 925 1582 tibique
976 1523 1138 1581 nota,
1184 1516 1269 1571 vel
1325 1518 1446 1572 ideo
1477 1528 1604 1572 uOIa
1637 1519 1763 1590 quia
1797 1534 1999 1574 arcana

2121 1517 2246 1586 Βητα
2271 1520 2384 1581 τοῖς
2421 1519 2652 1584 πολλοῖς,
2678 1521 2769 1575 καί
2791 1540 2870 1575 σοι
2897 1527 3210 1596 ἐγνωσμένα
3230 1569 3244 1591 ,
3291 1528 3324 1599 ἢ
3365 1530 3499 1597 γοῦν
3528 1533 3697 1598 ἐγνω-

429 1604 806 1674 mysticaque,
846 1606 932 1661 vel
975 1606 1072 1662 tibi
1124 1618 1250 1662 nota
1303 1618 1562 1679 tanquam
1612 1626 1774 1680 supra
1811 1612 2002 1682 vulgus

427 1696 736 1763 exsistenti,
769 1713 833 1753 ac
859 1699 1071 1762 divino,
1099 1699 1198 1754 hoc
1218 1701 1706 1771 impra-sentiarum
1725 1703 1956 1758 dicimus
1985 1721 1999 1758 :

427 1790 722 1859 quomodo,
754 1806 878 1845 cum
923 1794 1124 1847 multos
1152 1793 1311 1848 vellet
1345 1794 1635 1859 instruere,
1663 1805 1717 1849 et
1741 1806 2008 1866 quotquot

429 1890 641 1951 poterat
681 1883 749 1936 ad
791 1882 883 1937 Dei
935 1884 1138 1940 cultum
1182 1889 1503 1951 traducere,
1555 1887 1804 1957 plurimis
1835 1888 2008 1942 modis

429 1989 718 2044 superasse
766 1977 1028 2044 plurimos
1063 1987 1422 2048 praeceptores
1463 1994 1649 2034 sacros
1677 2019 1693 2046 ,
1741 1996 1768 2034 a
1812 1981 2008 2050 quibus

430 2077 489 2120 nt
520 2067 736 2122 divinus
765 2066 1024 2137 Magister
1049 2069 1448 2134 celebrabatur,
1481 2073 1619 2124 adeo
1645 2079 1702 2124 ut
1730 2086 2006 2140 nunquam

431 2167 584 2214 tanto
611 2160 711 2214 soli
745 2161 928 2214 conati
957 2161 1126 2216 simus
1154 2162 1388 2217 obtueri.
1424 2163 1548 2232 Agit
1575 2164 1640 2218 de
1670 2163 1814 2219 illius
1855 2179 2006 2219 com-

429 2256 796 2324 positionibus
850 2271 914 2310 ac
971 2256 1234 2326 scriptis,
1293 2257 1437 2311 unde
1488 2258 1658 2322 dicit,
1717 2259 1795 2312 ita
1855 2260 2011 2314 nohis

432 2347 636 2401 conscii
677 2362 895 2416 sumus,
935 2349 1190 2417 quoniam
1226 2349 1378 2416 juxta
1412 2351 1596 2405 tritum
1635 2352 1802 2407 illud:
1837 2350 2011 2406 Nosce

431 2449 482 2493 te
511 2440 720 2508 ipsum,
767 2440 838 2494 ita
882 2441 948 2494 de
992 2441 1150 2495 nobis
1189 2443 1455 2499 sentimus
1480 2482 1494 2504 .
1537 2458 1601 2498 ac
1640 2445 1684 2498 si
1717 2459 1782 2499 ne
1809 2445 2011 2500 divinis

430 2533 652 2603 quidem
707 2534 1071 2603 intelligendis
1097 2575 1112 2601 ,
1147 2549 1213 2589 ne
1243 2537 1416 2590 dicam
1463 2537 1780 2607 eloquendis
1802 2579 1819 2607 ,
1865 2539 2014 2594 5υηί-

433 2638 560 2678 cere
591 2638 901 2693 possumus.
935 2626 1158 2680 Multum
1190 2643 1319 2682 vero
1348 2643 1378 2681 a
1409 2640 1725 2684 sanctorum
1767 2633 2010 2686 virorum

434 2716 624 2770 habitu
656 2724 818 2786 atque
849 2719 1077 2773 scientia
1113 2720 1413 2790 distamus;
1447 2724 1574 2791 quin
1605 2739 1671 2778 eo
1700 2739 1811 2793 prae
1847 2725 2010 2779 nimia

434 2807 698 2877 religione
723 2811 941 2866 adducti
975 2827 1182 2878 sumus,
1215 2825 1272 2868 ut
1299 2816 1365 2869 de
1396 2815 1596 2870 divinis
1627 2817 1760 2872 nihil
1789 2820 2012 2873 omnino

436 2902 626 2956 audire
655 2903 742 2956 vel
767 2903 916 2974 loqui
948 2899 1298 2972 auderemus,
1331 2923 1437 2962 non
1473 2917 1683 2964 tantum
1711 2911 1775 2965 de
1801 2911 1865 2966 iis
1892 2927 2012 2980 quae

2113 1607 2325 1676 σμένα,
2365 1610 2446 1662 ὅτι
2475 1613 2612 1664 είσὶν
2665 1612 2877 1684 ἄρρητα
2925 1616 3018 1669 καὶ
3073 1619 3348 1686 μυστικά·
3388 1621 3422 1692 ἢ
3473 1623 3562 1675 ὅτι
3615 1623 3697 1674 σοὶ

2107 1698 2443 1770 ἐγνωσμένα,
2481 1702 2557 1766 ὡς
2597 1703 2710 1757 ὄντι
2739 1705 2878 1777 ὑπὲρ
2921 1707 3049 1770 τοὺς
3088 1708 3312 1774 πολλοὺς
3335 1752 3348 1776 ,
3395 1713 3488 1764 καὶ
3527 1712 3658 1782 θείῳ
3681 1730 3695 1742 ο

2106 1791 2264 1844 τοῦτο
2294 1793 2428 1863 πρὸς
2453 1794 2512 1846 τὸ
2539 1795 2709 1866 παρὸν
2735 1797 2996 1868 λέγομεν·
3031 1800 3168 1865 πῶς,
3197 1803 3286 1855 ὅτε
3325 1806 3438 1867 τοῖς
3477 1805 3696 1867 πολλοῖς

2109 1883 2296 1952 ἢθελεν
2335 1887 2624 1957 ὁμιλῆσαι,
2669 1891 2764 1942 καὶ
2807 1892 2963 1955 ὅσους
2995 1887 3062 1964 ἦν
3092 1893 3316 1948 δυνατὸν
3347 1895 3582 1966 μετάξαι
3620 1901 3697 1958 εἰς

2109 1977 2436 2043 θεοσέϐειαν,
2471 1981 2727 2052 ὑπερεῖχε
2757 1983 2881 2045 τοὺς
2931 1985 3157 2049 πολλοὺς
3204 1987 3310 2041 τῶν
3346 1989 3509 2058 ἱερῶν
3549 1990 3697 2042 διδα-

2113 2067 2325 2120 σκάλων
2356 2071 2493 2123 κατά
2533 2071 2760 2136 πολλοὺς
2803 2075 3058 2146 τρόπους,
3101 2072 3183 2141 οἷς
3230 2078 3296 2131 ἂν
3326 2080 3646 2150 σεμνύνοιτο
3673 2083 3701 2134 ὁ

2111 2159 2252 2224 θεῖος
2280 2161 2636 2229 διδάσκαλος,
2683 2165 2822 2220 ὥστε
2863 2169 2962 2222 οὐκ
3007 2171 3069 2224 ἄν
3112 2188 3241 2225 ποτε
3281 2173 3420 2245 πρὸς
3457 2161 3701 2228 τοιοῦτον

2109 2252 2260 2322 ἥλιον
2301 2254 2569 2308 ἀντωπεῖν
2615 2259 3069 2332 ἐνεχειρήσαμεν·
3114 2263 3352 2334 δηλονότι
3395 2266 3463 2318 τὰ
3506 2269 3701 2339 ἐκείνῳ

2114 2343 2496 2415 συντεθειμένα
2522 2347 2700 2415 λέγει,
2741 2349 2922 2414 καθὼς
2959 2353 3164 2416 ἐκεῖνος
3201 2349 3320 2407 εἷπε

2117 2452 2266 2506 μενοι
2305 2454 2318 2466 ο

3342 2396 3354 2417 ,
3407 2359 3700 2427 προστιθέ-

2348 2437 2540 2509 Ἢμεῖς
2585 2439 2693 2510 γάρ
2717 2442 2855 2494 κατὰ
2878 2443 2937 2495 τό
2957 2460 2969 2472 ·
2999 2442 3188 2497 Γνῶθι
3211 2447 3461 2511 σαυτόν,
3489 2449 3702 2501 ἑαυτῶν

2113 2529 2500 2602 αἰσθανόμεθα,
2531 2533 2605 2598 ὡς
2632 2533 2754 2587 οὗτε
2784 2534 2972 2607 νοῆσαι
2998 2537 3196 2600 ἱκανῶς
3240 2538 3306 2591 τὰ
3350 2539 3469 2592 θεῖα
3492 2543 3706 2612 χωροῦ-

2117 2640 2236 2693 μεν,
2265 2622 2387 2676 οὔτε
2422 2627 2612 2679 εἰπεῖν.
2643 2628 2836 2699 Πόρρω
2861 2628 2918 2681 δέ
2944 2632 3110 2699 ἐσμεν
3135 2631 3236 2702 τῆς
3263 2631 3430 2697 ἕξεως
3459 2635 3558 2687 καὶ⁵
3586 2637 3706 2688 ἐπι-

2115 2718 2328 2788 στήμης
2358 2718 2466 2772 τῶν
2497 2719 2656 2791 ἱερῶν
2681 2721 2890 2792 ἀνδρῶν
2914 2739 2924 2749 ⁸
2958 2722 3156 2794 πολλὴν
3183 2725 3290 2796 γὰρ
3319 2725 3384 2778 ἂν
3411 2727 3705 2780 εὐλάϐειαν

2114 2809 2334 2881 εἴχομεν
2373 2813 2466 2865 καὶ
2508 2815 2588 2876 είς
2626 2813 2688 2866 τὸ
2729 2813 2972 2886 μηδὸλως
3010 2813 3228 2868 ἀκούειν
3272 2815 3304 2886 ἢ
3350 2816 3534 2885 λέγειν
3577 2821 3705 2889 περὶ

2113 2901 2221 2954 τῶν
2265 2901 2420 2955 θείων
2445 2943 2459 2967 ,
2499 2903 2571 2975 μὴ
2597 2904 2678 2956 ὅτι
2716 2921 2780 2973 γε
2819 2905 2913 2958 ἐπὶ
2950 2909 3062 2970 τοῖς
3100 2907 3518 2977 ἀγνοουμένοις,
3569 2908 3706 2962 ἀλλὰ

435 2993 749 3062 ignoramus
772 3036 788 3063 ,
839 3013 1028 3052 verum
1059 2999 1222 3054 etiam
1261 3002 1328 3055 de
1364 3002 1430 3056 iis
1458 3018 1578 3065 quae
1607 3014 1799 3058 exacte
1833 3005 2012 3060 nosci-

2121 2993 2211 3047 καὶ
2237 2993 2330 3047 ἐπὶ
2357 2998 2467 3059 τοῖς
2490 2995 2732 3066 ἀκριϐῶς
2759 2999 3181 3069 γινωσκομένοις
3208 3001 3358 3071 ἡμῖν,
3385 3003 3434 3053 εἰ
3463 2999 3541 3070 μὴ
3568 3001 3706 3053 κατὰ

439 3100 582 3152 mus,
608 3087 711 3141 nisi
745 3088 901 3144 nobis
929 3104 1250 3156 persuasum
1273 3102 1440 3160 esset,
1471 3095 1614 3148 haud
1637 3110 1849 3164 aequum
1869 3110 2009 3161 esse,

437 3191 623 3231 rerum
655 3179 961 3234 divinarum
993 3197 1156 3250 quam
1188 3184 1412 3253 quilibet
1455 3201 1579 3239 cum
1615 3187 1795 3241 divina
1837 3190 2012 3257 gratia

437 3271 652 3338 assequi
680 3280 875 3340 potest,
910 3275 1192 3328 scientiam
1223 3278 1498 3348 negligere
1523 3296 1538 3346 ;
1568 3281 1642 3332 uti
1666 3279 2012 3348 manifestum

439 3362 499 3416 ﬁt
527 3376 592 3416 ex
631 3378 698 3417 eo
745 3365 839 3433 qui
877 3366 1140 3422 talentum
1193 3383 1298 3423 non
1356 3371 1707 3438 expenderat.
1758 3370 1899 3438 Quin
1958 3373 2012 3426 id

440 3454 618 3521 ipsum
649 3455 805 3510 nobis
842 3471 1058 3526 quoque
1097 3461 1450 3524 persuadent,
1487 3461 1777 3529 pulchrum
1821 3477 2015 3532 nempe

439 3561 563 3600 esse
592 3562 714 3601 cum
747 3547 868 3604 aliis
895 3551 1181 3604 scientiam
1228 3568 1379 3607 suam
1431 3556 1835 3609 communicare
1858 3595 1873 3620 ,
1914 3572 2015 3610 na-

441 3644 637 3700 turalia
669 3646 977 3701 divinorum
1011 3648 1328 3717 angelorum
1360 3649 1631 3704 desideria
1662 3691 1678 3715 ,
1727 3653 1853 3706 dum
1887 3667 2017 3706 con-

445 3738 750 3792 venientem
779 3754 1005 3808 semper
1034 3743 1270 3795 divinam
1315 3742 1832 3812 contemplationem
1877 3745 2018 3799 desi-

442 3831 667 3894 derant;
721 3845 822 3884 nec
873 3845 979 3884 non
1029 3833 1195 3885 etiam
1247 3832 1553 3886 divinarum
1613 3831 2014 3903 Scripturarum

443 3922 717 3975 ordinatio
740 3962 755 3986 ,
788 3922 914 3975 dum
948 3924 1200 3990 prohibet
1227 3925 1444 3993 quidem
1478 3940 1540 3978 ea
1572 3941 1690 3994 quae
1721 3942 1882 3995 supra
1919 3943 2018 3983 nos

444 4022 573 4066 sunt
602 4013 876 4068 curiosius
925 4015 1226 4084 inquirere,
1282 4018 1439 4071 sicuti
1490 4018 1768 4088 Sapientia
1824 4020 2018 4075 Sirach

445 4105 674 4159 suadet:
713 4104 918 4157 Altiora
945 4116 994 4159 te
1023 4122 1086 4159 ne
1115 4107 1404 4176 quwrieris,
1433 4118 1481 4160 el
1503 4109 1852 4178 profundiora
1883 4119 1930 4163 te
1957 4127 2020 4164 ne

444 4199 693 4254 scruteris
736 4197 771 4252 ¹.
831 4197 993 4269 350
1053 4200 1307 4270 Praecipit
1368 4218 1497 4256 vero
1536 4241 1553 4267 ,
1624 4212 1682 4255 ut
1747 4203 2020 4257 discamus

445 4308 506 4346 ea
543 4305 664 4360 qua:
689 4305 974 4358 possumus
997 4331 1012 4354 ,
1059 4298 1117 4344 ut
1161 4290 1376 4346 divinus
1420 4291 1573 4361 jubet
1599 4293 1909 4361 Apostolus,
1943 4294 2022 4346 dio

447 4398 614 4438 cens:
650 4379 717 4434 Et
745 4398 861 4450 qua:
888 4382 1086 4434 audisti
1113 4398 1145 4435 a
1174 4397 1274 4448 nte,
1305 4383 1415 4435 lucc
1447 4385 1750 4437 commenda
1777 4383 2020 4451 ﬁdelibus

448 4475 742 4528 hominibus
774 4485 835 4527 πι.
905 4473 1212 4528 Istiusmodi
1276 4475 1496 4529 monitis
1553 4490 1756 4529 morem
1826 4491 2020 4544 geren-

451 4577 529 4619 tes
564 4607 580 4630 ,
659 4568 837 4635 quoad
893 4566 1214 4635 possibilem
1271 4565 1579 4621 divinorum
1642 4568 2016 4622 inventionem

449 4659 691 4712 animum
740 4673 845 4712 non
873 4660 1271 4728 despondentes
1297 4698 1312 4722 ,
1351 4660 1444 4713 sed
1473 4670 1528 4713 et
1558 4660 1678 4714 illos
1703 4661 1794 4730 qui
1828 4670 2014 4714 nostro

449 4750 672 4804 modulo
727 4764 791 4803 ac
837 4749 1095 4803 facultate
1143 4750 1458 4804 sublimiora
1510 4765 1707 4818 capere
1756 4758 2020 4818 possunt,

451 4844 655 4898 auxilio
676 4845 890 4898 destitui
920 4859 1021 4897 non
1049 4843 1305 4910 ferentes,
1330 4859 1449 4897 cum
1475 4844 1640 4912 aliqui
1663 4858 1728 4898 ex
1753 4845 1853 4898 hac
1875 4841 2026 4896 humi

453 4942 702 5005 reptante
728 4933 973 4988 doctrina
1008 4944 1216 4998 nostra,
1243 4935 1423 4989 studio
1443 4950 1506 4989 ac
1530 4935 1878 4989 meditatione
1906 4949 2025 4997 sua,

452 5036 674 5098 possent
699 5027 764 5080 ad
788 5026 1157 5080 sublimiorem
1182 5027 1418 5095 aliquam
1441 5027 1684 5080 notitiam
1709 5027 2028 5091 ascendere,

453 5135 552 5174 nos
572 5119 718 5186 ipsos
739 5133 840 5186 ope
861 5119 1039 5171 divina
1061 5118 1436 5183 excitavimus,
1459 5128 1512 5173 et
1538 5120 1779 5173 animum
1804 5121 1869 5172 ad
1897 5120 2033 5174 scri-

455 5212 690 5267 bendum
718 5210 1024 5278 appulimus
1045 5250 1060 5274 ,
1086 5209 1220 5262 nihil
1246 5210 1464 5279 quidem
1503 5212 1625 5264 novi
1658 5227 1722 5266 ac
1755 5212 2030 5281 peregrini

456 5305 654 5359 aﬂ‘erre
683 5312 737 5357 et
762 5301 1037 5370 explicare
1067 5310 1477 5370 praesumentes,
1514 5303 1608 5357 sed
1648 5301 2032 5357 minutioribus

455 5397 722 5450 duntaxat
763 5394 1154 5463 quaestionibus
1185 5409 1268 5458 ea,
1299 5410 1417 5464 qua:
1447 5395 1751 5448 summatim
1780 5410 1810 5448 a
1841 5405 2033 5450 sancto

455 5487 753 5556 divinoque
786 5487 901 5541 viro
928 5487 1004 5560 (id
1036 5498 1117 5542 est
1142 5488 1309 5551 enim,
1341 5504 1371 5540 a
1396 5503 1510 5540 vere
1545 5481 1856 5556 ilierotheo)
1888 5489 2030 5543 dicta

456 5591 585 5635 sunt
620 5590 952 5651 exponentes
980 5621 994 5646 ,
1040 5590 1092 5634 et
1125 5579 1369 5650 pluribus
1396 5579 1555 5648 plana
1584 5579 1867 5638 facientes.

539 5734 557 5775 ι
588 5735 756 5792 Eccli.
791 5751 871 5803 Ill,
901 5736 990 5791 2‘2.
1069 5749 1106 5776 ω
1131 5735 1170 5790 ll
1197 5736 1334 5791 Tim.
1375 5752 1434 5801 II,
1465 5737 1518 5791 Ξ.

2119 3085 2242 3138 νοῦν
2270 3085 2487 3156 εἴχομεν
2510 3127 2523 3150 ,
2551 3088 2632 3140 ὅτι
2658 3088 2718 3140 οὐ
2745 3088 2950 3142 δίκαιόν
2989 3091 3135 3142 ἐστιν
3177 3089 3398 3161 ἀμελεῖν
3431 3090 3534 3159 τῆς
3564 3091 3709 3143 ἐνδε-

2117 3177 2354 3249 χομένης
2370 3178 2478 3231 τῶν
2505 3178 2663 3232 θείων
2693 3178 2966 3247 γνώσεως,
2995 3175 3061 3250 ἧς
3092 3180 3320 3243 ἕκαστος
3351 3182 3621 3250 μετέσχεν
3648 3183 3710 3232 ἐκ

2115 3267 2216 3338 τῆς
2242 3266 2389 3330 θείας
2417 3269 2633 3340 χάριτος
2653 3287 2666 3299 ·
2693 3269 2786 3322 καὶ
2808 3269 2964 3340 δῆλον
2989 3272 3052 3323 ὲκ
3077 3270 3170 3324 τοῦ
3215 3271 3287 3343 μὴ
3329 3269 3486 3335 ὲπεξε
3497 3288 3709 3342 ργασα-

2060 3433 2068 3438 _
2122 3361 2284 3432 μένου
2309 3362 2369 3414 τὸ
2390 3363 2666 3417 τάλαντον.
2696 3366 2806 3418 Καὶ⁸
2831 3367 2908 3429 είς
2951 3365 3108 3418 τοῦτο
3145 3368 3291 3437 ἡμᾶς
3333 3367 3562 3419 ἔπεισαν
3583 3407 3599 3430 ,
3630 3370 3710 3420 ὅτι

2119 3453 2282 3507 καλόν
2309 3455 2426 3506 ἐστι
2451 3453 2649 3526 δηλαδὴ
2674 3455 2735 3508 τὸ
2763 3456 3096 3527 μεταδιδόναι
3125 3459 3218 3509 καὶ
3245 3457 3457 3525 ἑτέροις
3487 3459 3595 3529 τῆς
3622 3463 3706 3512 ὲν-

2117 3543 2411 3616 δεχομένης
2452 3543 2705 3612 γνώσεως
2730 3587 2743 3610 ,
2786 3549 2840 3600 αἱ
2879 3548 3103 3616 φυσικαὶ
3141 3548 3356 3616 ἐφέσεις
3394 3549 3502 3600 τῶν
3549 3549 3711 3602 θείων

2121 3639 2366 3707 ἀγγέλων
2395 3639 2661 3708 ἐφετικῶς
2705 3640 2791 3692 ἀεὶ
2829 3640 3141 3711 γλιχόμεναι
3181 3640 3279 3710 τῆς
3317 3641 3711 3712 προσηκούσης

2121 3736 2273 3800 θείας
2307 3736 2576 3808 θεωρίαςο
2622 3738 2715 3790 καὶ
2761 3737 2896 3808 αύτὴ
2937 3737 2999 3808 δὴ
3041 3739 3073 3810 ἡ
3116 3735 3224 3790 τῶν
3270 3736 3430 3790 θείων
3471 3738 3711 3808 Γραφῶν

2119 3826 2378 3892 διάταξις,
2413 3828 2793 3899 ἀποτρέπουσα
2822 3828 2917 3899 μὲν
2944 3828 3415 3900 πολυπραγμονεῖν
3457 3830 3527 3882 τὰ
3570 3831 3711 3901 ὑπὲρ

2121 3919 2287 3987 ἡμᾶς,
2315 3917 2390 3980 ὡς
2424 3918 2456 3986 ἡ
2479 3914 2649 3985 Σοφία
2676 3916 2768 3970 τοῦ
2800 3917 3000 3988 Σειρὰχ
3028 3917 3365 3987 παραινοῦσα
3388 3935 3400 3946 ·
3446 3918 3712 3987 ’Υψηλό-

2120 4007 2258 4075 τερά
2273 4023 2387 4062 σου
2410 4007 2496 4077 μὴ
2531 4007 2702 4074 ζήτει,
2735 4010 2829 4062 καὶ
2858 4008 3161 4077 ,ϐαθύτερά
3190 4026 3305 4062 σου
3328 4009 3414 4078 μὴ
3445 4011 3670 4078 ἐρεύνα
3693 4028 3704 4042 ·

2121 4099 2500 4170 προτρέπουσα
2543 4099 2600 4152 δὲ
2645 4101 2724 4162 είς
2781 4099 2848 4152 τὰ
2891 4100 3030 4152 κατὰ
3071 4098 3331 4170 δύναμιν,
3375 4101 3452 4164 ὡς
3496 4105 3524 4154 ὁ
3573 4101 3714 4165 θεῖος

2135 4191 2455 4256 ’Λπόστολος
2500 4191 2940 4262 διακελευόμενος
2963 4209 2976 4221 ·
3030 4192 3140 4246 Καὶ
3183 4191 3220 4244 d
3261 4191 3535 4260 ἤκουσας
3577 4197 3712 4260 παρ’

2124 4285 2304 4353 ἐμοῦ,
2353 4285 2537 4338 ταῦτα
2577 4285 2845 4352 παράθου
2891 4285 3126 4350 πιστοῖς
3174 4285 3523 4354 ἀνθρώποις.
3583 4289 3715 4351 Ταῖς

2126 4377 2401 4440 τοιαύταις
2429 4377 2736 4446 πειθόμενοι
2765 4377 3130 4448 παραινέσεσι,
3177 4378 3310 4448 πρὸς
3340 4377 3439 4448 τὴν
3485 4380 3711 4450 ἐφικτὴν

2129 4469 2238 4522 τῶν
2281 4468 2439 4522 θείων
2481 4467 2696 4538 εὕρεσιν
2747 4467 2818 4538 ui]
2875 4467 3384 4532 ἀποδειλιάσαντες,
3437 4468 3577 4522 ἀλλὰ
3622 4472 3712 4523 καὶ

2129 4559 2255 4623 τοὺς
2286 4558 2365 4611 ἔτι
2399 4558 2725 4628 δυναμένους
2755 4561 2833 4621 είς
2863 4559 2930 4610 τά
2961 4559 3244 4629 κρείττονα
3277 4559 3371 4610 καὶ
3403 4559 3711 4631 ὑψηλότερα

2131 4655 2229 4724 τῆς
2258 4653 2528 4724 ἡμετέρας
2552 4651 2715 4716 ἕξεως
2741 4652 2834 4704 καὶ
2859 4651 3138 4722 δυνάμεως
3167 4651 3519 4723 ἀναδραμεῖν,
3552 4653 3712 4722 ἀϐοη-

2133 4745 2328 4819 θήτους
2355 4745 2414 4798 οὐ
2445 4744 2700 4816 φέροντες
2742 4742 3056 4795 καταλιπεῖν
3085 4742 3160 4805 ὠς
3188 4742 3348 4812 τυχὸν
3367 4781 3380 4804 ,
3413 4743 3482 4795 ὲκ
3507 4743 3707 4813 ταύτης

2134 4842 2197 4914 δὴ
2242 4841 2342 4911 τῆς
2368 4839 2640 4910 ἡμετέρας
2669 4837 2983 4910 χαμερποῦς
3025 4837 3367 4900 διδασκαλίας
3410 4836 3710 4907 ἀναχθήσε-

2137 4935 2260 4988 σθαι
2292 4932 2587 5004 μελλόντων
2618 4930 2777 4983 τινῶν
2802 4933 2880 4993 είς
2905 4928 3241 4999 ὑψηλοτέραν
3268 4927 3494 4996 γνῶσιν,
3517 4928 3708 4999 μελέτῃ

2135 5045 2194 5080 τε
2224 5028 2316 5081 καὶ
2346 5025 2568 5095 σπουδῇ,
2598 5026 2692 5076 καὶ
2718 5027 2783 5095 τῇ
2812 5022 2931 5095 θεία
2955 5023 3227 5092 συνάρσει,
3261 5020 3586 5092 καθήκαμεν
3619 5022 3709 5072 καὶ

2137 5119 2460 5188 ὲνεϐάλομεν
2487 5117 2708 5181 ἑαυτοὺς
2736 5119 2814 5178 εἰς
2846 5115 2942 5186 τὴν
2989 5115 3272 5187 ἐγγραφὴν
3297 5155 3310 5178 ,
3351 5113 3473 5166 νέον
3513 5115 3607 5184 μέν
3632 5130 3708 5165 τοι

2139 5212 2230 5264 καὶ
2277 5209 2424 5274 ξένον
2465 5210 2524 5261 οὐ
2565 5208 2868 5279 τολμῶντες
2908 5207 3244 5278 εἰσηγεῖσθαι
3289 5207 3384 5259 καὶ
3404 5206 3704 5264 διδάσκειν,

2134 5302 2484 5375 λεπτοτέραις
2525 5302 2581 5354 δὲ
2630 5301 2904 5365 ἐξετάσεσι
2947 5299 3014 5352 τὰ
3061 5298 3396 5362 συνοπτικῶς
3451 5296 3706 5369 εἰρημένα

2134 5395 2211 5466 τῷ
2237 5396 2364 5468 ἱερῷ
2387 5397 2480 5449 καὶ
2511 5396 2638 5465 θείῳ
2660 5394 2812 5464 ἀνδρὶ
2834 5393 3011 5465 (τοῦτο
3034 5395 3142 5464 γάρ
3168 5396 3282 5445 ἐστι
3309 5394 3392 5454 τὸ,
3419 5392 3504 5457 τῷ
3532 5392 3707 5453 ὅντως

2149 5488 2442 5562 Ἰεροθέῳ)
2488 5487 2940 5552 ἀναπτύσσοντες,
2981 5487 3076 5539 καὶ
3107 5485 3240 5557 δῆλα
3288 5484 3570 5548 ποιοῦντες
3603 5481 3704 5542 τοῖς

2139 5582 2399 5636 πλείοσιν.
