3866 6234
148 386 260 445 895

170 534 3017 561 NW

534 684 1183 780 ΚΕΦΑΛΑΙΟΝ
1240 685 1345 777 Δ’.

138 835 297 966 Π
336 835 579 905 ἀγαθοῦ,
610 834 834 921 ἔρωτός,
867 833 1078 898 καλοῦ,
1110 833 1343 902 ἔρωτος,
1374 830 1735 896 ἐκστάσεως,

256 909 412 966 ἠλου
432 924 444 937 ο
474 906 571 961 καὶ
600 922 685 959 οτι
712 904 777 958 τὸ
799 904 987 960 κακόν
1008 904 1146 959 οὔτε
1172 904 1262 966 ὃν,
1294 903 1431 957 οὔτε
1454 902 1523 966 ἐξ
1547 903 1735 966 ὄντος,

256 902 412 971 ἧλοι)
432 924 444 937 ο
474 906 571 961 καὶ
600 902 685 959 ὅτι
712 904 777 958 τὸ
799 904 987 960 κακόν
1008 904 1146 959 οὔτε
1172 904 1262 970 ὃν,
1294 903 1431 957 οὔτε
1454 902 1523 966 ἐξ
1547 903 1737 966 ὄντος,

230 978 373 1032 οὔτε
404 977 474 1031 ἐν
507 976 632 1043 τοῖς
668 976 828 1031 οὖσι.

1222 382 1307 434 DE
1362 376 1615 436 DIVINIS
1654 380 2048 440 NOMINIBUS,
2089 376 2239 432 CAP.
2274 376 2355 431 IV.

1772 686 1818 746 Δ

3315 369 3417 426 694

2311 694 2697 782 CAPUT
2786 694 2952 785 IV.

1848 835 1924 890 De
1951 837 2081 889 bono
2102 876 2117 898 ,
2150 835 2296 899 luce,
2347 832 2567 903 pulchro
2589 875 2603 899 ,
2653 850 2832 887 amore
2855 873 2869 897 ,
2913 833 3111 887 exstasi
3136 872 3154 896 ,
3196 830 3352 895 zelo;
3383 841 3428 884 et

1921 908 2061 988 quod
2088 907 2285 1029 nzalum
2313 921 2475 975 neque
2499 921 2589 959 ens
2616 905 2706 967 sit,
2736 920 2897 973 neque
2926 920 2990 958 ea:
3006 903 3235 966 entibus,
3262 918 3429 973 neque

1921 994 1977 1029 in
2007 987 2111 1029 ent:
2154 993 2231 1029 us.

1921 987 1977 1030 in
2007 987 2231 1031 enttbus.

1458 1133 1793 1191 SYNOPSIS
1825 1134 2116 1192 CAPITIS.

155 1269 199 1323 Ι.
234 1269 422 1333 Docet,
452 1271 736 1324 bonitatem
758 1287 870 1325 csse
901 1288 1129 1339 primum
1159 1271 1253 1328 Dei
1296 1274 1631 1340 attributum,
1678 1285 1727 1328 et
1769 1274 1948 1329 divina
1989 1276 2218 1329 bonitate
2271 1287 2460 1329 cuncta
2503 1276 2806 1329 consistere.
2857 1273 2916 1330 II.
2954 1274 2997 1327 A
3042 1274 3274 1329 bonitate
3319 1292 3434 1329 esse

236 1340 548 1415 angelorum
578 1343 792 1415 ordines
820 1360 881 1395 ac
914 1344 1248 1411 functiones;
1286 1344 1410 1398 item
1443 1348 1649 1398 animas
1678 1362 1963 1415 earumque
2001 1346 2322 1414 facultates;
2368 1347 2613 1399 similiter
2646 1364 2728 1400 res
2771 1346 3034 1415 animatas
3076 1356 3123 1397 et
3167 1346 3436 1415 inanima-

238 1420 345 1464 tas.
378 1411 466 1464 Ill.
500 1410 802 1485 Bonitatem
828 1410 939 1485 esse
968 1430 1124 1479 super
1146 1416 1346 1480 omnia,
1386 1426 1540 1483 atque
1566 1415 1661 1467 illa
1688 1416 1801 1485 ipsa
1827 1410 1946 1485 quae
1969 1410 2072 1470 non
2099 1428 2220 1470 sunt
2246 1410 2430 1470 vocare
2454 1426 2511 1470 ut
2546 1418 2676 1472 sint.
2705 1416 2792 1471 IV.
2824 1414 3124 1468 Bonitatem
3159 1414 3294 1467 hanc
3318 1433 3433 1469 esse

240 1498 460 1535 causam
487 1483 758 1555 quodAsint
783 1483 921 1549 cteli,
946 1495 1100 1555 atque
1126 1485 1340 1537 illorum
1371 1496 1580 1543 motus:
1606 1484 1785 1539 Solem
1814 1483 1986 1539 autem
2013 1503 2123 1540 esse
2166 1489 2447 1555 imaginem
2473 1490 2667 1540 divino’
2693 1487 2964 1548 bonitatis,
2995 1496 3042 1538 et
3067 1488 3136 1537 ad
3162 1502 3216 1538 se
3244 1500 3435 1539 cuncta

237 1562 567 1632 convertere.
708 1552 1187 1632 [iocetlcunbeus
1219 1555 1397 1632 lumen
1418 1556 1737 1632 appelletur.
1766 1556 1853 1613 Vl.
1890 1556 2059 1632 Peum
2086 1573 2195 1611 esse
2224 1552 2399 1632 lumen
2435 1556 2758 1632 intellectile,
2785 1566 2831 1609 et
2858 1564 3057 1625 quanta
3095 1556 3158 1632 sit
3191 1555 3305 1632 ejus
3343 1574 3438 1611 ea:-

242 1622 491 1695 cellentia
522 1631 570 1675 et
598 1624 698 1676 vis.
730 1622 839 1695 VII.
875 1623 1087 1689 Tradit,
1118 1626 1379 1694 quomodo
1410 1626 1549 1679 Deus
1581 1626 1799 1678 dicatur
1820 1626 2037 1694 pulcher
2070 1638 2116 1680 et
2148 1625 2505 1692 pulchritudo,
2537 1635 2583 1679 et
2608 1628 2747 1679 unde
2780 1643 2839 1679 ac
2863 1622 2966 1695 qua
3003 1622 3309 1678 rationesic
3341 1644 3437 1693 ap—

240 1693 504 1761 pelletur;
533 1702 583 1745 et
611 1693 875 1765 quomodo
904 1694 1155 1765 anticipet
1186 1710 1360 1748 rerum
1388 1696 1624 1749 omnium
1651 1696 2101 1762 pulchritudinem
2132 1708 2187 1749 ut
2213 1713 2396 1757 causa,
2419 1708 2467 1751 et
2490 1713 2553 1750 ea:
2574 1698 2673 1751 hac
2698 1699 2815 1765 ejus
2838 1693 3232 1764 pulchritudine
3260 1713 3438 1749 omnes

239 1764 499 1817 exsistant
518 1764 1033 1835 congruentice.VIII.
1057 1764 1288 1832 Spiritus
1307 1766 1531 1819 caelestes
1548 1766 1745 1833 triplici
1766 1777 1908 1819 motu
1927 1768 2074 1821 cieri.
2093 1766 2184 1820 IX.
2205 1766 2231 1821 1
2241 1768 2403 1821 isdem
2424 1768 2651 1821 motibus
2669 1783 2763 1831 pro
2788 1778 2944 1835 captu
2960 1783 3056 1819 suo
3076 1776 3283 1818 nostros
3309 1768 3433 1835 ani-

241 1850 358 1887 mos
385 1835 600 1887 moveri.
621 1831 698 1888 7X.
730 1831 1043 1907 Omnia__per
1063 1831 1343 1903 pulchrum
1374 1844 1421 1889 et
1454 1831 1641 1889 bonum
1663 1838 1981 1903 conservari,
2007 1838 2286 1907 omniaque
2309 1838 2585 1903 pulchrum
2615 1848 2661 1890 et
2692 1831 2885 1890 bonum
2911 1843 3174 1903 appetere.
3326 1834 3439 1888 No-

246 1920 367 1957 men
400 1907 599 1977 amoris
632 1906 788 1958 etiam
829 1906 887 1956 in
918 1904 1208 1977 Seripturis
1239 1908 1509 1972 usurpari,
1539 1916 1588 1959 et
1619 1921 1721 1958 non
1742 1917 1849 1958 tam
1883 1909 2157 1961 verborum
2189 1904 2346 1977 quam
2375 1908 2820 1977 significationum
2853 1908 3119 1959 rationem
3142 1906 3440 1958 habendam

243 1992 381 2047 esse.
409 1973 523 2027 XII.
560 1975 866 2047 Scripturas
880 1973 1184 2047 aliquando
1218 1992 1407 2029 nomen
1440 1979 1636 2030 amoris
1668 1978 1868 2029 nomini
1895 1973 2580 2047 dilectionis-antefer're,ret
2608 1977 2791 2045 vulgus
2830 1992 3019 2031 nomen
3052 1976 3250 2047 amoris
3285 1977 3442 2043 spiri-

248 2046 375 2099 talis
404 2061 509 2098 non
536 2062 742 2112 capere.
775 2043 917 2099 XIII.

999 2062 1196 2099 morem
1230 2051 1542 2100 exstaticum
1576 2062 1686 2100 esse
1717 2057 1765 2099 et
1804 2048 2041 2101 zelotem.
2084 2047 2222 2103 XIV.
2257 2045 2532 2112 Quomodo
2570 2048 2707 2100 Deus
2747 2048 2815 2100 sit
2849 2063 3001 2099 amor
3034 2055 3081 2099 et
3116 2045 3355 2109 dilectio,
3389 2053 3441 2098 et

247 2116 499 2169 amabilis
532 2126 580 2168 et
620 2116 841 2186 dilectus
874 2129 893 2166 .°
924 2126 971 2169 et
1000 2116 1176 2185 qualis
1209 2118 1276 2170 sit
1303 2117 1466 2171 divini
1502 2117 1993 2186 amorisicirculus.
2018 2117 2135 2172 XV.
2168 2118 2252 2171 Ea:
2283 2116 2572 2172 llierotlu’o
2605 2119 2775 2182 docet,
2806 2117 3066 2186 quomodo
3098 2116 3267 2169 omnis
3293 2133 3444 2170 amor

247 2188 317 2259 sit
350 2187 604 2259 unitirus.
634 2184 772 2259 XVI.
810 2184 1340 2259 Distribuit_ordines
1380 2189 1601 2240 amoris.
1636 2185 1795 2241 XVII.
1840 2186 2105 2256 Ostendit,
2141 2191 2402 2259 quomodo
2435 2189 2645 2259 divinus
2677 2184 2829 2239 amor
2854 2202 2921 2259 ea;
2958 2186 3095 2259 Deo,
3128 2201 3217 2259 per
3251 2186 3441 2259 Deum,

248 2258 309 2310 in
338 2256 838 2329 Deum_ret~olvjtur.
862 2254 1047 2329 XVIII.
1084 2255 1303 2329 objicit,
1332 2273 1427 2310 cur
1447 2259 1709 2329 dwmones
1736 2274 1840 2312 non
1864 2254 2106 2327 expetant
2132 2254 2410 2329 pulchrum
2434 2269 2481 2311 et
2507 2258 2720 2320 bonum,
2746 2267 2793 2310 et
2819 2258 2945 2326 petit
2969 2256 3195 2329 quidsit
3222 2255 3442 2320 malum,

247 2339 296 2380 et
329 2335 487 2381 unde.
517 2325 657 2380 XIX.
680 2326 1003 2395 Respondet,
1029 2326 1225 2380 malum
1250 2344 1354 2380 non
1379 2344 1488 2381 esse
1510 2344 1576 2381 ea:
1602 2327 1756 2391 bono,
1788 2340 1834 2382 et
1852 2325 2107 2397 quidquid
2132 2325 2207 2383 est
2241 2330 2430 2381 bonunt
2458 2345 2586 2389 esse,
2606 2325 2850 2381 virtutem
2881 2325 3052 2379 autem
3078 2327 3205 2380 vitio
3229 2336 3444 2379 contra—

250 2401 412 2451 riari.
450 2396 567 2452 XX.
601 2397 808 2450 Malum
849 2414 953 2465 qua
980 2398 1182 2451 malum
1213 2399 1282 2449 ad
1313 2398 1445 2450 nihil
1469 2397 1595 2451 utile
1622 2414 1731 2451 esse
1761 2409 1836 2457 ;et
1868 2396 2122 2468 quidquid
2153 2400 2327 2453 existit
2357 2403 2641 2452 secundum
2668 2398 2792 2450 boni
2815 2397 3301 2467 participationem,
3335 2412 3447 2449 esse

249 2470 306 2521 id
336 2470 478 2539 quod
506 2470 751 2533 exsistit;
778 2476 825 2521 et
853 2469 978 2523 vitia
1002 2484 1112 2538 pra:
1138 2486 1193 2523 se
1219 2468 1357 2540 f_e_r_tje
1376 2470 1663 2540 quamdam
1696 2468 1815 2521 boni
1837 2472 2057 2536 speciem
2083 2470 2243 2540 351
2291 2471 2384 2521 sub
2421 2486 2527 2538 qua
2556 2477 2990 2540 appetuntur;_et_
3026 2468 3223 2519 malum
3258 2483 3450 2540 purum

252 2537 364 2593 non
389 2542 660 2604 exsistere,
688 2539 779 2592 sed
806 2540 938 2593 bono
969 2537 1208 2594 mistum.
1240 2537 1383 2591 XXI.
1419 2537 1623 2591 Malum
1653 2554 1756 2591 non
1785 2555 1896 2592 esse
1920 2540 1974 2592 in
2005 2537 2179 2603 rebus,
2204 2537 2256 2594 ἷι
2292 2540 2605 2591 dualitatem
2632 2554 2734 2591 non
2762 2538 3087 2607 principiare
3108 2577 3121 2600 ,
3153 2540 3238 2588 sed
3266 2537 3448 2588 unitu-

252 2621 360 2661 tem
387 2622 433 2662 et
467 2612 657 2678 bonum
690 2625 801 2663 esse
823 2610 1143 2678 paciﬁcum;
1173 2610 1371 2663 malum
1393 2618 1569 2661 autem
1598 2625 1690 2662 nec
1719 2625 1783 2661 ea:
1811 2609 1919 2663 Deo
1955 2626 2045 2664 nec
2070 2612 2123 2663 in
2152 2612 2259 2665 Deo
2283 2626 2415 2663 esse.
2450 2608 2613 2664 XXII.
2645 2609 2712 2661 In
2741 2609 2941 2677 angelis
2964 2622 3171 2676 quoque
3209 2623 3310 2659 non
3340 2622 3451 2659 esse

252 2680 480 2733 malum.
518 2676 706 2735 XXIII.
746 2679 887 2745 Quin
926 2676 1018 2733 nec
1054 2681 1315 2734 daemones
1352 2690 1677 2749 natur-asina
1706 2680 1873 2733 malos
1898 2696 2027 2745 esse,
2058 2683 2148 2734 sed
2186 2698 2275 2749 per
2299 2681 2560 2748 defectum
2591 2676 2948 2748 angelicorum
2998 2679 3296 2749 bauer-unt;
3329 2677 3450 2749 illos

256 2762 437 2802 autent
480 2767 584 2803 non

628 2752 931 2821 perdidisse,
957 2752 1089 2804 vires
1132 2749 1425 2821 naturales.
1460 2747 1662 2821 XXIV.
1700 2750 1803 2813 An,
1831 2760 1878 2804 et
1924 2752 2051 2821 quid
2078 2752 2132 2805 in
2175 2746 2372 2821 animis
2403 2752 2600 2821 malum
2644 2746 2732 2815 sit,
2768 2746 3204 2821 disseritLXXV:
3236 2746 3346 2821 Nec
3396 2747 3451 2821 in

259 2822 433 2873 brutis
465 2824 544 2874 ait
574 2816 786 2889 quidem
823 2820 1024 2873 malum
1062 2838 1191 2875 esse.
1219 2819 1407 2875 XXVI.
1446 2820 1559 2873 Nec
1587 2821 1643 2873 in
1678 2836 1855 2874 rerum
1886 2816 2101 2878 natura.
2134 2820 2349 2875 XXVII.
2396 2820 2509 2873 Nec
2538 2822 2591 2872 in
2623 2820 2954 2887 corporibus.
2986 2816 3224 2870 XXVIII.
3259 2816 3370 2889 Nec
3402 2818 3456 2868 in

258 2895 489 2945 materia
518 2886 717 2959 prima.
749 2889 944 2944 XXIX.
974 2891 1080 2945 Sed
1121 2907 1212 2944 nec
1236 2892 1587 2959 privationem
1614 2906 1707 2958 per
1733 2908 1788 2945 se
1810 2908 1921 2946 esse
1948 2892 2167 2946 malam.
2197 2890 2366 2945 XXX.
2402 2890 2657 2957 Exponit,
2685 2886 2811 2959 quid
2844 2889 2914 2942 sit
2939 2889 3129 2941 bonum
3155 2899 3201 2941 et
3230 2886 3458 2944 malum,

258 2973 308 3014 et
344 2968 502 3015 unde.
542 2960 735 3015 XXXI.
770 2962 1042 3014 Bonorum
1071 2978 1289 3015 causam
1328 2962 1403 3014 ait
1440 2978 1550 3016 esse
1573 2978 1755 3028 unam,
1781 2963 2039 3017 malorum
2064 2980 2183 3016 vero
2207 2963 2441 3026 multas;
2481 2972 2529 3012 et
2562 2977 2626 3013 ea:
2649 2964 2781 3013 bono
2811 2971 2857 3011 et
2888 2968 3101 3027 propter
3133 2960 3459 3028 hortantes“

261 3034 468 3085 omnia.
495 3032 713 3087 XXXII.
758 3031 964 3084 Malum
995 3043 1201 3085 tantum
1225 3048 1338 3085 esse
1358 3048 1452 3100 per
1480 3026 1764 3099 accidens;
1788 3043 1833 3086 et
1862 3032 2021 3086 simul
2045 3034 2228 3099 tradit,
2253 3032 2379 3101 quid
2403 3034 2470 3084 sit
2508 3036 2729 3093 malum,
2760 3041 2805 3082 ct
2837 3026 2965 3099 quid
2997 3028 3181 3095 possit.
3210 3026 3457 3080 XXXIII.

260 3103 518 3169 Discutit,
543 3104 823 3174 quonion
844 3111 1082 3156 exstante
1103 3103 1435 3172 providentia
1470 3113 1593 3157 sunt
1627 3102 1808 3173 aliqua
1838 3104 2004 3167 mala,
2038 3113 2085 3157 et
2119 3101 2749 3174 ostenditprovidentiam
2786 3109 3459 3174 rerunt__n_t_itu_rasservare

261 3166 577 3228 inviolatos.
604 3171 850 3227 XXXIV.
878 3174 966 3226 Ait
999 3166 1201 3226 malum
1232 3190 1337 3226 non
1366 3188 1477 3228 esse
1520 3190 1629 3227 rem
1665 3166 1922 3243 aliquam,
1962 3166 2127 3243 neque
2157 3166 2466 3243 potentiam,
2502 3173 2593 3225 sed
2634 3171 2917 3239 defectum.
2962 3166 3185 3222 XXXV.
3225 3168 3461 3222 Inscitua

260 3255 543 3313 peccatum
564 3247 721 3314 quale
750 3245 843 3311 sit,
866 3254 915 3298 et
945 3245 1072 3314 quia
1099 3246 1152 3297 in
1173 3253 1391 3313 peccato
1418 3260 1571 3314 poena
1593 3245 1832 3314 dignum.

1781 3384 1897 3459 §I.

266 3532 396 3590 Εἶεν
419 3536 483 3607 δὴ
504 3530 617 3600 οὖν,
656 3533 741 3587 ἐπ’
782 3533 951 3605 αὐτὴν
995 3531 1097 3604 ήδη
1133 3530 1211 3601 τῷ
1250 3530 1393 3601 λόγῳ
1420 3530 1518 3602 τὴν
1563 3531 1785 3600 ἀγαθω-

1958 3533 2074 3600 Age
2103 3544 2254 3599 ergo,
2280 3527 2397 3599 jam
2431 3527 2499 3583 ad
2531 3528 2705 3598 ipsum
2740 3539 2938 3581 nomen
2978 3521 3105 3577 boni
3151 3517 3463 3590 progredia-

193 3630 399 3703 νυμίαν
448 3629 713 3700 χωρῶμεν
733 3628 880 3699 ϐε’,ἢν
932 3624 1283 3699 ὲξῃρημὲνως
1325 3626 1372 3677 οἱ
1430 3621 1671 3691 Θεολόγοι
1717 3624 1784 3693 τῇ

195 3722 454 3794 ὑπερθέῳ
492 3721 738 3793 οεότητι,
783 3720 877 3773 καὶ
913 3719 1020 3772 ἀπὸ
1063 3717 1280 3771 πάντων
1311 3714 1661 3788 ἀφορίζουσιν
1692 3715 1789 3767 αὑ-

194 3817 335 3888 τὴν,
361 3816 438 3880 ὡς
476 3811 658 3887 οἶμαι,
706 3816 805 3886 τὴν
842 3812 1136 3884 θεαρχικὴν
1175 3809 1407 3881 ὓπαρξιν
1431 3851 1445 3875 ,
1478 3808 1789 3880 ἀγαοότητα

196 3910 454 3979 λέγοντες
473 3925 486 3938 ’
528 3910 620 3961 καί
640 3909 721 3961 ὅτι
747 3906 825 3977 τῷ
851 3902 988 3959 εἶναι
1010 3906 1052 3937 ⁶⁹
1084 3903 1145 3956 τὸ
1168 3902 1371 3971 ἀγαθὸν
1394 3941 1409 3967 ,
1433 3902 1509 3965 ὡς
1534 3899 1788 3964 οὐσιῶδες

199 4010 432 4079 ἀγαθὸν,
459 4011 537 4071 εἰς
561 4009 739 4062 πάντα
763 4006 833 4060 τὰ
854 4006 982 4059 ὄντα
1025 4003 1278 4057 διατείνει
1317 4002 1416 4073 τὴν
1455 3999 1787 4070 ἀγαθότητα.

198 4104 317 4157 Καὶ
338 4102 451 4174 γὰρ
473 4101 660 4172 ὥσπερ
696 4102 725 4153 ό
754 4098 874 4153 καθ’
908 4099 1052 4169 ἡμᾶς
1082 4095 1253 4167 ἥλιος,
1284 4095 1344 4147 οὐ
1380 4092 1727 4163 λογιζόμενος
1757 4091 1791 4161 ἢ

201 4203 676 4272 προαιρούμενος,
720 4194 835 4248 ἀλλ’
882 4191 1030 4262 αὐτῴ
1063 4189 1139 4261 τῷ
1170 4186 1310 4243 εἶναι
1350 4187 1574 4259 φωτίζει
1614 4186 1795 4240 πάντα

199 4294 277 4347 τὰ
303 4292 551 4364 μετέχειν
576 4288 671 4342 τοῦ
696 4288 872 4358 φωτὸς
899 4284 1063 4339 αὐτοῦ
1094 4281 1235 4338 κατὰ
1273 4282 1365 4335 τὸν
1402 4282 1601 4335 οἰκεῖον
1637 4280 1793 4333 δυνά-

206 4405 353 4461 μενα
399 4386 555 4455 λόγον
584 4402 597 4413 ·
656 4383 804 4435 οὕτω
842 4380 908 4450 δὴ
958 4379 1053 4432 καὶ
1094 4375 1334 4446 τάγαθὸν
1387 4374 1549 4446 (ὑπὲρ
1604 4372 1755 4443 ἥλιον
1779 4412 1794 4436 ,

200 4484 287 4546 ὡς
310 4482 453 4550 ὑπὲρ
492 4476 739 4550 ἀμυδρὰν
782 4474 965 4528 εἰκόνα
1004 4472 1065 4525 τὸ
1112 4468 1531 4541 ἐξῃρημένωςτο
1565 4466 1797 4539 ἀρχέτυ-

205 4593 315 4629 πον
359 4573 497 4643 αὐτῇ
542 4573 609 4642 τῇ
666 4566 932 4639 ὑπάρξει)
980 4566 1115 4619 πᾶσι
1161 4565 1276 4626 τοῖς
1322 4557 1472 4615 οὖσιν
1523 4559 1800 4627 ἀναλόγως

205 4666 402 4737 ἐφίησι
424 4664 524 4728 τὰς
558 4663 658 4732 τῆς
695 4661 823 4732 ὅλης
869 4656 1205 4728 ἁγαθότητος
1243 4657 1487 4716 ἀκτῖνας.
1528 4652 1627 4704 Διὰ
1664 4649 1799 4703 ταύ-

204 4777 310 4824 τας
332 4758 643 4827 ὑπέστησαν
665 4755 719 4808 αἱ
747 4753 935 4823 νοηταὶ
956 4752 1049 4804 καὶ
1073 4767 1158 4804 νοε
1168 4748 1255 4820 ραὶ
1280 4749 1450 4801 πᾶσαι
1478 4747 1573 4799 καὶ
1599 4744 1798 4808 οὐσίαι,

205 4854 312 4907 καὶ
355 4850 615 4920 δυνάμεις
662 4849 757 4902 καὶ
797 4845 1069 4918 ἐνέργειαι
1095 4882 1110 4906 ,
1158 4841 1246 4895 διὰ
1292 4840 1495 4904 ταύτας
1546 4839 1654 4892 εἰσὶ
1707 4838 1803 4890 καὶ

1892 3645 2034 3695 mur,
2082 3630 2225 3699 quod
2267 3634 2519 3695 exempte
2564 3624 2632 3679 ab
2682 3622 2937 3679 omnibus
2982 3615 3251 3674 divinitati
3300 3626 3464 3680 supra

1891 3722 2233 3780 divinitatem
2264 3721 2570 3775 attribuunt
2600 3716 2858 3785 theologi,
2891 3723 3181 3775 vocantes,
3220 3717 3279 3762 ut
3320 3707 3468 3759 arbi—

1891 3823 2028 3880 tror,
2059 3814 2357 3876 bonitatem
2390 3813 2561 3882 ipsam
2596 3808 2896 3865 essentiam
2944 3804 3218 3864 divinam,
3269 3796 3469 3854 divini,-

1892 3908 2103 3963 tatis‘”
2133 3906 2437 3977 originem;
2469 3914 2525 3959 et
2554 3903 2682 3972 quia
2730 3900 2811 3955 sic
2858 3895 3101 3954 essentia
3150 3906 3246 3947 sua
3299 3890 3472 3949 bonus

1893 4008 1980 4055 est
2003 3999 2166 4063 Deus,
2196 4006 2257 4051 ut
2284 4006 2545 4064 tanquam
2575 3989 2937 4048 substantiale
2976 3989 3177 4041 bonum
3201 4021 3215 4045 ,
3262 3978 3475 4039 bonita-

1895 4099 2003 4144 tem
2036 4089 2092 4143 in
2126 4087 2309 4143 omnia
2359 4086 2626 4157 porrigat.
2674 4080 3144 4150 Quemadmodum
3193 4072 3351 4131 enim.
3396 4067 3479 4128 sol

1897 4184 1987 4239 ille
2018 4190 2205 4237 noster
2236 4195 2343 4235 non
2385 4180 2720 4249 cogitatione
2768 4184 2860 4229 aut
2912 4172 3190 4227 voluntate
3216 4206 3232 4232 ,
3280 4162 3375 4223 sed
3411 4176 3476 4215 eo

1897 4276 2017 4347 ipso
2048 4275 2191 4346 quod
2223 4285 2328 4339 est,
2360 4271 2635 4327 illuminat
2662 4269 2915 4323 universa
2947 4278 3069 4332 qua:
3103 4270 3327 4329 quoquo.
3362 4267 3478 4306 m0-

1897 4372 1968 4427 do
1992 4370 2130 4425 lucis
2158 4367 2274 4437 ejus
2300 4377 2429 4423 sunt
2457 4363 2681 4433 capacia
2705 4382 2717 4417 :
2755 4360 2836 4415 sic
2864 4357 3030 4414 etiam
3061 4354 3238 4421 ipsum
3270 4350 3476 4401 bonum

1900 4463 2069 4536 (quod
2096 4477 2204 4516 non
2230 4474 2392 4514 secus
2418 4464 2639 4527 praestat
2683 4452 2785 4508 soli
2830 4464 2994 4519 quam
3044 4444 3307 4511 primam
3355 4451 3482 4507 spe-

1900 4558 2015 4613 cies
2047 4553 2270 4623 imagini
2299 4548 2567 4617 obseuraz)
2603 4546 2840 4614 ipsamet
2873 4536 3181 4597 substantia
3213 4545 3314 4587 sua
3343 4570 3356 4594 ,
3397 4543 3484 4623 re—

1901 4650 2004 4705 bus
2037 4620 2291 4703 omnibus
2316 4684 2331 4708 ,
2367 4658 2465 4714 pro
2493 4640 2761 4710 cujusque
2794 4645 2955 4703 eaptu
2983 4673 2997 4697 ,
3034 4629 3201 4685 totius
3226 4620 3489 4714 bonitatis

1904 4756 2018 4796 suae
2048 4739 2233 4794 radios
2264 4710 2510 4790 all‘undit.
2555 4732 2649 4787 llis
2685 4728 3050 4785 constiterunt
3090 4732 3282 4774 omnes
3328 4710 3489 4767 intel-

1904 4834 2113 4889 lectiles
2137 4849 2201 4887 ac
2230 4832 2600 4899 intelligentes
2644 4822 2999 4881 substantiae,
3035 4824 3093 4870 et
3120 4813 3392 4872 virtutes,
3437 4813 3493 4858 et

208 4901 578 5015 extim
596 4901 641 4973 λ
670 4940 771 5012 τὴν
796 4901 1146 4993 ἁνέδιλειπτον
1184 4934 1279 4987 καὶ
1322 4901 1593 5004 ἀμείωτον
1613 4970 1628 4995 ,
1658 4930 1793 4983 ἁπά-

1908 4929 2293 5001 operationes;
2331 4928 2522 4979 horum
2558 4920 2763 4973 virtute
2789 4922 2938 4978 sunt,
2983 4910 3259 4975 vitamque
3291 4901 3493 4956 habent

209 5057 323 5111 σης
367 5038 594 5110 φθορᾶς,
636 5036 730 5089 καὶ
773 5034 1002 5089 θανάτου
1030 5074 1044 5098 ,
1088 5032 1181 5085 καὶ
1223 5030 1355 5101 ὕλης
1401 5028 1497 5081 καὶ
1535 5024 1803 5093 γενέσεως

212 5132 660 5204 καθαρεύουσαι,
704 5126 801 5182 καὶ
839 5126 941 5195 τῆς
987 5124 1217 5178 ἀστάτου
1262 5122 1358 5175 καὶ
1401 5118 1668 5191 ῥευστῆς,
1714 5117 1808 5170 καὶ

210 5226 415 5283 ἄλλοτε
462 5222 636 5286 ἄλλως
675 5218 983 5291 φερομένης
1024 5214 1358 5276 ἀλλοιώσεως
1402 5208 1769 5281 ἀνῳκισμὲναι
1792 5225 1804 5237 ·

213 5318 321 5371 καὶ
367 5315 445 5378 ὡς
490 5311 771 5385 ἀσώματοι
812 5312 905 5363 καὶ
943 5306 1095 5363 eam
1139 5304 1401 5368 νοοῦνται,
1448 5302 1542 5355 καὶ
1578 5301 1655 5363 ὡς
1693 5299 1811 5363 νόες

216 5407 617 5479 ὑπερκοσμίως
660 5405 878 5469 νοοῦσι,
932 5404 1027 5455 καὶ
1064 5401 1189 5464 τοὺς
1230 5399 1340 5452 τῶν
1381 5396 1549 5451 ὄντων
1594 5393 1811 5455 οἰκείως

217 5500 597 5572 ὲλλάμπονται
624 5499 837 5567 λόγους,
879 5496 972 5550 καί
1008 5490 1161 5557 αὖθις
1202 5494 1281 5555 είς
1318 5490 1387 5543 τὰ
1437 5488 1706 5558 συγγενῆ,
1746 5485 1813 5538 τὰ

1911 4996 2301 5092 sempiternam
2334 5028 2389 5071 et
2417 5012 2844 5075 indelicientent,
2868 5006 2938 5060 ab
2968 5002 3115 5058 omni
3140 4996 3494 5064 corruptione

1916 5130 1982 5169 ac
2010 5123 2209 5179 morte,
2242 5119 2297 5166 et
2328 5109 2560 5164 materia
2609 5103 3074 5176 generatioueque
3118 5093 3304 5147 libera:
3328 5128 3345 5153 ,
3397 5101 3498 5179 nec

1918 5222 2024 5262 non
2048 5207 2116 5259 ab
2144 5203 2386 5259 instabili
2419 5200 2675 5269 ﬂuxaque
2700 5237 2716 5263 ,
2769 5208 2891 5263 qua:
2919 5192 2973 5245 in
3009 5188 3227 5241 diversa
3263 5176 3500 5235 diversi-

1920 5299 2078 5354 mode
2126 5298 2300 5351 fertur
2352 5289 2758 5363 permutatione
2807 5289 3031 5339 semota:
3060 5320 3076 5345 ,
3127 5283 3181 5330 et
3238 5280 3499 5363 tanquam

1918 5393 2260 5462 incorporea:
2313 5400 2369 5444 et
2418 5383 2812 5441 iuunateriales
2865 5376 3281 5445 intelliguntur,
3335 5370 3390 5417 et
3442 5364 3495 5411 ul

1921 5492 2133 5539 utentes
2184 5478 2703 5552 supermuudialiter
2750 5472 3103 5541 inleUigunt,
3152 5472 3317 5531 atque
3363 5466 3499 5524 Pm‘

1538 5623 1771 5680 VARh‘E
1809 5620 2211 5679 LECTIONES.

225 5758 280 5793 ⁸⁸
316 5759 372 5811 in
403 5756 460 5811 S.
489 5764 797 5824 correctum
834 5764 969 5817 erat,
1003 5752 1309 5824 χωροῦμεν.
1390 5747 1699 5824 ⁵⁸Ἀεοιῑὶροι
1744 5758 1929 5804 creatw
1961 5759 2053 5800 seu
2089 5740 2449 5813 pm'ticipatw.
2532 5741 2575 5772 5°
2610 5739 2698 5792 καὶ
2727 5736 2823 5803 ἔτι,
2853 5732 2907 5789 S.
2939 5731 2998 5785 τὸ
3020 5725 3179 5790 εἶναι,
3205 5721 3265 5776 Ρ.
3309 5718 3354 5750 ⁷⁰
3377 5711 3504 5786 ἐξῇ·

234 5829 497 5901 ρημένον,
532 5829 591 5884 D.
670 5821 885 5904 “.Ctlia'.
916 5820 1410 5895 καῖ’ζωὴνὲχουσι,
1453 5820 1511 5875 D.
1545 5822 1666 5878 bar.
