3866 6234
411 343 513 400 695

1582 353 1640 407 S.
1684 352 1985 410 DIONYSII
2023 354 2485 415 ΑΒΕΟΡΑΟΙΤᾹΞ

3564 361 3683 422 693

412 467 549 536 priis
577 479 761 520 rerum
798 468 1104 527 rationibus
1137 458 1515 539 illustrantur;
1556 486 1885 542 rursumque
1930 473 1975 527 in

2090 478 2263 530 οἰκεῖα
2304 476 2779 549 διατεορθμεύουσι.
2808 480 2918 534 Καὶ
2956 479 3055 553 τὴν
3099 480 3263 553 μονὴν
3294 481 3361 536 ὲκ
3390 480 3492 553 τῆς
3535 482 3684 551 ἀγα-

410 571 474 610 ra
502 572 623 627 qua:
668 558 775 613 illis
818 571 1048 630 cognata
1100 572 1231 617 sunt
1280 579 1376 619 sua
1427 580 1655 619 munera
1709 565 1979 621 derivant.

411 647 747 705 Mansionem
800 666 1017 722 quoque
1069 669 1099 708 a
1147 656 1392 711 bonitate
1451 656 1689 722 habent;
1739 658 1870 727 quin
1926 667 1984 711 et

409 756 601 796 earum
632 741 861 799 llrmitas
885 745 1013 801 hinc
1032 786 1048 811 ,
1081 757 1135 803 et
1166 748 1441 804 stabilitas
1462 788 1477 814 ,
1506 760 1562 804 et
1588 749 1938 805 conservatio
1966 789 1981 813 ,
2023 814 2034 825 ο

412 833 785 905 bonorumque
814 837 1074 907 pabulum
1104 841 1336 909 pendet;
1378 850 1434 897 et
1477 843 1606 896 dum
1639 841 1785 896 illam
1817 855 1983 910 appe-

410 933 549 993 tunt,
583 934 689 980 tam
714 936 772 980 ut
797 929 924 991 sint,
961 944 1122 998 quam
1152 941 1209 985 ut
1240 933 1378 987 bene
1411 933 1544 998 sint,
1580 932 1850 997 obtinent,
1881 949 1981 989 nec

407 1029 516 1069 non
546 1016 645 1084 illi,
678 1027 943 1087 quantum
992 1021 1079 1077 ias
1133 1033 1257 1089 est,
1308 1025 1761 1091 conformantur,
1818 1036 1985 1095 atque

407 1107 535 1161 boni
572 1109 811 1177 speciem
853 1126 965 1180 pra:
993 1128 1051 1169 se
1082 1113 1286 1182 ferunt,
1314 1126 1393 1182 et,
1436 1116 1592 1184 juxta
1638 1118 1771 1188 legis
1813 1118 1987 1172 dicta-

406 1212 552 1264 men,
582 1198 873 1257 inferiores
902 1218 1033 1258 suos
1064 1206 1330 1259 donorum
1363 1221 1430 1261 ex
1453 1222 1665 1264 summo
1692 1208 1835 1264 bono
1858 1222 1987 1278 pro.

406 1293 743 1348 manantium
781 1296 1074 1367 participes
1106 1298 1358 1353 reddunt.

2091 564 2315 635 θότητος
2338 565 2551 637 ἔχουσι’
2584 568 2677 620 καὶ
2701 568 2907 640 ἵδρυσις
2932 570 3123 634 αὑταῖς
3150 570 3357 625 ἐκεῖθέν
3394 572 3537 633 ἐστι,
3580 574 3683 625 καὶ

2094 660 2307 730 συνοχὴ,
2336 660 2431 714 καὶ
2472 660 2703 733 φρουρὰ,
2751 660 2845 715 ml
2885 662 3103 716 ἑστίαη
3144 664 3255 718 τῶν
3287 662 3546 732 ἀγαθῶν,
3581 666 3683 718 καὶ

2091 752 2260 821 αὐτῆς
2288 752 2591 824 ὲφιέμεναι,
2620 757 2714 808 καὶ
2736 756 2796 809 τὸ
2822 752 2958 809 εἶναι
2990 756 3084 810 καὶ
3103 754 3166 809 τὸ
3194 750 3254 809 εῦ
3286 752 3429 809 εἶναι
3461 756 3679 827 ἔχουσι,

2092 844 2347 917 καὶπρὸς
2368 847 2537 920 αὐτὴν
2554 847 2629 913 ὡς
2662 849 2882 918 ἐφικτὸν
2922 848 3363 921 ἀποτυπούμεναι
3404 851 3498 903 καὶ
3535 851 3684 919 ἀγα-

2092 939 2316 1005 θοειδεῖς
2360 943 2464 994 εισι
2503 943 2595 995 ml
2632 944 2753 1007 ταῖς
2787 942 2902 1014 μετ’
2947 941 3117 1006 αὑτὰς
3159 942 3504 996 κοινωνοῦσιν
3534 943 3620 1008 ὡς
3654 946 3685 997 ὁ

2090 1032 2233 1097 θεῖος
2256 1033 2453 1104 θεσμὸς
2487 1035 2809 1106 ὑφηγεῖται,
2850 1034 2958 1088 τῶν
3002 1035 3082 1098 είς
3124 1032 3292 1097 αὐτὰς
3326 1035 3392 1087 ἐκ
3427 1033 3685 1103 τάγαθοῦ

2087 1126 2552 1198 διαφοιτησάντων
2577 1127 2783 1200 δώρων.

1950 1441 1977 1513 §
2012 1436 2085 1498 ιι.

460 1573 588 1631 Inde
607 1574 709 1631 illis
728 1578 947 1635 ordines
962 1585 1445 1650 supermundiales.
1460 1586 1622 1659 352
1636 1602 1823 1643 earum
1844 1588 1986 1642 inter

403 1681 462 1723 se
500 1668 939 1739 coniunctiones,
976 1682 1179 1730 mutua:
1220 1679 1635 1747 susceptiones,
1688 1678 1985 1733 inconfusa:

2174 1581 2411 1636 Ἐκεῖθεν
2451 1581 2641 1645 αὑταῖς
2681 1582 2737 1634 αἱ
2781 1580 3138 1653 ὑπερκόσμιοι
3174 1578 3389 1645 τάξεις,
3434 1577 3491 1631 αἱ
3540 1575 3685 1645 πρὸς

2091 1675 2290 1741 ἑαυτὰς
2321 1675 2562 1740 ἑνώσεις,
2592 1676 2647 1728 αἱ
2676 1675 2735 1728 ὲν
2758 1673 3013 1745 ἀλλήλαις
3054 1673 3327 1745 χωρήσεις
3349 1712 3365 1736 ,
3401 1672 3460 1723 αἱ
3497 1669 3681 1737 ἀσύγ-

403 1762 805 1831 distinctiones,
834 1764 1063 1822 virtutes
1092 1769 1207 1824 ista:
1234 1771 1435 1840 quibus
1479 1769 1767 1827 inferiores
1809 1772 1975 1827 addu-

2089 1785 2238 1839 χυτοι
2267 1766 2586 1837 διακρίσεις,
2612 1768 2669 1820 αι
2694 1766 2831 1838 πρὸς
2852 1764 2953 1829 τὰς
2974 1766 3253 1835 κρείττους
3274 1762 3621 1830 ἀναγωγικαὶ
3634 1759 3684 1789 ⁷³

404 1866 602 1911 cuntur
626 1858 697 1913 ad
725 1858 1057 1929 superiores,
1090 1864 1443 1932 providentiae
1480 1870 1826 1937 superiorum
1875 1870 1983 1926 cir-

403 1964 471 2005 ca
507 1950 821 2019 inferiores,
852 1953 1147 2023 cujuslibet
1178 1958 1437 2013 virtutum
1485 1976 1708 2016 suarum
1755 1978 1981 2017 conser-

404 2042 675 2110 vationes,
706 2054 763 2099 et
786 2046 1155 2105 immutabiles
1177 2050 1228 2103 in
1254 2051 1575 2120 semetipsas
1596 2053 1979 2116 revelationes,

402 2142 595 2196 eadem
649 2151 814 2213 atque
864 2158 1075 2199 summa
1125 2146 1323 2201 summi
1382 2146 1507 2201 boni
1575 2148 1883 2213 desideria,
1928 2159 1985 2205 et

400 2249 742 2305 quaecunque
773 2235 879 2289 alia
905 2236 959 2291 in
993 2245 1228 2292 tractatu
1264 2237 1339 2293 De
1370 2241 1781 2308 proprietatibus
1829 2252 1983 2310 atque

401 2327 673 2381 ordinibus
714 2327 1020 2396 angelorum
1065 2344 1095 2383 a
1137 2330 1297 2385 nobis
1345 2342 1473 2386 sunt
1520 2343 1979 2401 commemorata;

400 2420 647 2490 qninimo
674 2422 837 2476 etiam
866 2436 986 2492 qua:
1013 2422 1080 2475 ad
1113 2422 1393 2477 caelestem
1426 2424 1791 2481 hierarcliiam
1851 2438 1982 2492 spe-

404 2514 927 2583 ctant,utangelica3
951 2514 1333 2582 lustrationes,
1366 2518 1824 2586 supermundante
1862 2516 1983 2571 illu-

401 2604 733 2660 minationes
785 2606 1062 2676 totiusque
1111 2608 1373 2679 angelicae
1428 2608 1783 2679 perfectionis
1842 2625 1980 2666 con-

400 2695 714 2761 summatio,
743 2712 812 2752 ex
843 2699 1135 2754 universali
1166 2714 1330 2755 causa
1382 2698 1683 2772 fontalique
1735 2700 1981 2756 bonitate

401 2789 843 2859 proﬁciscuntur,
878 2804 945 2846 ex
976 2805 1079 2861 qna
1109 2792 1275 2847 etiam
1327 2793 1560 2863 ipsamet
1608 2793 1780 2847 forma
1825 2792 1979 2848 boni-

398 2881 528 2935 tatis
561 2881 694 2951 ipsis
723 2882 849 2937 data
878 2890 985 2947 est,
1012 2896 1443 2952 concessumque
1470 2924 1484 2949 ,
1518 2894 1578 2938 ut
1616 2883 1876 2939 latentem
1922 2884 1977 2938 in

398 2984 460 3026 se
509 2970 810 3025 bonitatem
865 2970 1079 3025 valeant
1128 2973 1461 3040 enuntiare,
1527 2974 1749 3045 sintque
1798 2973 1977 3045 angeli

398 3064 545 3120 velut
574 3066 901 3133 interpretes
926 3064 1091 3119 divini
1126 3065 1369 3130 silentii,
1415 3076 1470 3121 et
1524 3074 1784 3137 tanquam
1826 3069 1977 3125 clara

2084 1861 2193 1915 τῶν
2236 1860 2546 1931 ὑφειμένων
2590 1859 2869 1929 δυνάμεις,
2903 1860 2959 1912 αἱ
3004 1858 3130 1929 περὶ
3162 1856 3230 1909 τά
3269 1854 3497 1925 δεύτερα
3542 1853 3683 1923 πρό-

2084 1971 2222 2008 νοιαι
2266 1952 2377 2006 τῶν
2425 1951 2846 2024 πρεσϐυτέρων,
2899 1952 2955 2004 αἱ
3007 1948 3118 2002 τῶν
3165 1948 3381 2003 οἰκείων
3432 1945 3681 2014 ἑκάστης

2082 2046 2364 2117 δυνάμεως
2386 2044 2653 2116 φρουραὶ,
2691 2042 2937 2113 καὶπερὶ
2975 2040 3175 2105 ἑαυτὰς
3194 2041 3241 2072 ’⁸
3284 2039 3681 2110 ἀμετάπτωτοι

2086 2137 2398 2205 συνελίξεις,
2425 2136 2633 2208 αἱπερὶ
2674 2136 2774 2205 τὴν
2812 2133 2999 2205 ἔφεσιν
3033 2132 3270 2202 τάγαθοῦ
3305 2131 3679 2199 ταῦτότητες,

2084 2233 2176 2285 ml
2223 2231 2563 2303 ἀκρότητες,
2602 2229 2698 2283 καὶ
2739 2229 2840 2282 ὅσα
2889 2226 3025 2281 ἀλλα
3071 2226 3284 2297 εἴρηται
3330 2224 3468 2295 πρὸς
3514 2224 3682 2293 ἡμῶν

2084 2327 2141 2377 ὲν
2164 2323 2243 2394 τῷ
2265 2322 2405 2391 Περὶ
2433 2321 2553 2375 τῶν
2578 2320 2914 2391 ἀττελικῶν
2940 2317 3247 2384 ὶδιοτήτων
3280 2316 3377 2369 καὶ
3404 2313 3636 2378 τάξεων
3658 2332 3676 2344 -

2082 2418 2219 2472 ἀλλά
2245 2418 2340 2472 καὶ
2362 2418 2463 2471 ὅσα
2484 2416 2585 2487 τῆς
2608 2414 2864 2487 οὐρανίας
2888 2412 3171 2485 ἱεραρχίας
3210 2410 3361 2464 ἐστὶν
3383 2450 3398 2473 ,
3424 2410 3480 2461 αἱ
3505 2409 3681 2476 ἀγγε-

2083 2510 2377 2582 λοπρεπεῖς
2419 2509 2731 2580 καθάρσεις,
2777 2508 2833 2561 αί
2877 2504 3233 2576 ὑπερκόσμιοι
3275 2500 3679 2571 φωταγωγίαι,

2084 2606 2178 2657 καὶ
2203 2604 2273 2658 τὰ
2292 2600 2646 2674 τελεσιουργά
2666 2602 2711 2632 ⁷⁸
2750 2600 2851 2671 τῆς
2888 2595 3024 2670 ὅλης
3065 2594 3362 2666 ἀγγελικῆς
3401 2592 3679 2662 τελειότη-

2081 2718 2193 2764 τος,
2218 2701 2282 2753 ὲκ
2305 2700 2405 2771 τῆς
2430 2698 2710 2752 παναιτίου
2734 2697 2827 2750 ml
2866 2693 3107 2767 πηγαίας
3144 2692 3290 2745 ἐστὶν
3312 2686 3676 2758 ἀγαθότητος.

2083 2792 2143 2859 ὲξ
2166 2787 2234 2866 ἦς
2260 2792 2355 2846 καὶ¹
2386 2792 2448 2845 τὸ
2486 2790 2797 2860 ἀγαθοειδὲς
2835 2788 3025 2850 αὐταῖς
3062 2782 3309 2855 ἐδωρήθη
3334 2822 3349 2847 ,
3374 2780 3471 2835 καὶ
3496 2778 3561 2831 τὸ
3585 2780 3680 2830 ὲκ-

2082 2887 2297 2955 φαίνειν
2323 2887 2381 2939 ὲν
2407 2885 2628 2947 ἑαυταῖς
2656 2882 2753 2951 τὴν
2777 2880 3016 2953 κρυφίαν
3038 2877 3371 2947 ἀγαθὸτητα,
3399 2874 3493 2926 ml
3529 2867 3675 2925 εἶναι

2080 2978 2342 3048 ἀγγέλους
2366 2977 2516 3031 ὦσπε
2525 2994 2554 3048 ρ
2568 2971 2957 3044 ὲξαγγελτικάς
2981 2976 2996 2991 ⁶
3024 2971 3121 3041 τῆς
3137 2969 3287 3033 θείας
3304 2967 3463 3037 σιγῆς
3481 2966 3552 3028 ⁷⁸,
3579 2963 3679 3017 καὶ

2079 3068 2190 3126 οἷον
2229 3070 2383 3141 φῶτα
2428 3068 2575 3141 φανὰ
2610 3067 2703 3123 τοῦ
2750 3069 2810 3121 ὲν
2850 3066 3062 3129 ἀδύτοις
3102 3063 3253 3127 ὄντος
3296 3060 3681 3133 ἑρμηνευτικὰ

398 3154 627 3220 lumina,
658 3171 779 3227 quae
811 3158 863 3211 in
895 3156 1071 3226 adytis
1103 3156 1362 3212 latentem
1402 3158 1662 3214 indicant.
1702 3158 1975 3216 Praaterea

2083 3164 2527 3238 προϐεϐλημέναις
2544 3169 2581 3216 ⁸.
2627 3160 2788 3215 Ἀλλά
2812 3162 2907 3214 καὶ
2934 3160 3049 3231 μετ’
3072 3159 3313 3220 ἐκείνους
3332 3155 3460 3219 τοὺς
3487 3154 3678 3225 ἱεροὺς

397 3266 520 3326 post
547 3272 733 3312 sacras
762 3257 892 3313 istas
922 3265 1249 3325 sanctasque
1280 3264 1515 3323 mentes,
1542 3257 1737 3312 anima:
1761 3274 1979 3329 quoque

399 3364 463 3404 ae
513 3348 769 3418 quzelibet
812 3347 1117 3402 animarum
1171 3347 1309 3401 bona
1359 3359 1486 3404 sunt
1528 3363 1627 3417 per
1676 3349 1975 3405 bonitatem

397 3439 568 3505 illam,
600 3454 722 3508 quae
750 3454 911 3495 omne
961 3440 1163 3493 bonum
1215 3450 1466 3509 superat;
1521 3440 1644 3494 inde
1690 3442 1973 3510 prevenit,

396 3530 518 3585 illas
549 3529 823 3586 intellectu
855 3531 1108 3600 praeditas
1128 3544 1270 3598 esse,
1292 3531 1459 3585 vitam
1489 3530 1697 3587 habere
1721 3533 1975 3587 substan-

396 3622 624 3687 tialem,
668 3623 1036 3692 corruptionis
1090 3634 1368 3693 expertem
1396 3663 1410 3689 ,
1459 3632 1518 3678 ut
1566 3639 1687 3680 esse
1737 3627 1974 3682 habeant

394 3730 520 3771 cum
549 3714 758 3786 angelis
786 3730 1094 3783 commune,
1123 3717 1440 3787 possintque
1474 3717 1541 3772 ad
1566 3732 1755 3773 eorum
1784 3720 1972 3775 viven-

396 3807 451 3861 di
498 3807 766 3863 rationem
814 3808 1103 3878 aspirare,
1153 3823 1384 3877 quorum
1431 3810 1599 3866 ductu
1646 3812 1855 3880 optimo
1904 3813 1972 3867 ad

394 3900 662 3953 bonorum
690 3899 933 3955 omnium
961 3915 1233 3956 summum
1264 3904 1465 3959 bonum
1518 3914 1969 3974 promoveantur,

395 4002 559 4061 atque
592 4006 661 4047 ex
687 3992 877 4047 eodem
907 3996 1345 4063 promanantium
1376 3996 1838 4052 illuminationum
1871 4013 1971 4067 pro

392 4098 553 4160 captu
596 4104 698 4145 suo
726 4089 1024 4160 participes
1058 4090 1310 4156 evadant,
1351 4092 1587 4162 donique
1623 4093 1970 4155 boniiormis.

391 4190 648 4253 quantam
683 4191 929 4254 possunt,
963 4191 1167 4238 sortem
1207 4184 1482 4252 accipiant
1503 4225 1519 4251 ,
1549 4194 1603 4239 et
1631 4199 1969 4255 quaacunque

390 4262 494 4330 alia
526 4275 579 4331 in
615 4284 850 4331 tractatu
881 4275 958 4329 De
990 4276 1171 4330 anima
1204 4285 1331 4330 sunt
1363 4291 1393 4329 a
1431 4276 1591 4331 nobis
1622 4286 1965 4331 enumerata.

388 4369 579 4437 l’orro,
610 4370 652 4424 si
685 4372 751 4426 de
792 4370 1078 4426 animabus
1126 4385 1345 4441 quoque
1392 4370 1606 4425 ratione
1652 4371 1967 4425 carentibus

388 4462 788 4517 animalibusve
818 4462 1170 4533 loquendum,
1220 4479 1339 4534 quze
1367 4465 1450 4519 vel
1495 4477 1679 4517 aerem
1727 4470 1966 4527 tranant,

389 4563 663 4609 terramve
689 4562 1000 4625 permeant,
1029 4562 1124 4609 aut
1151 4553 1303 4607 humi
1334 4563 1569 4625 reptant,
1600 4554 1684 4609 vel
1717 4556 1769 4609 in
1808 4558 1967 4624 aquis
2000 4544 2045 4599 Ῑ)

387 4646 551 4699 vitam
604 4653 790 4716 agunt,
839 4655 936 4700 aut
978 4645 1254 4714 amphibia
1306 4656 1474 4711 sunt,
1526 4646 1611 4699 vel
1660 4646 1761 4700 sub
1819 4656 1965 4699 terra

388 4736 693 4801 recondita,
726 4748 888 4805 atque
918 4736 973 4791 in
1003 4752 1233 4792 caverna
1268 4738 1478 4807 vivunt,
1511 4736 1594 4792 vel
1626 4751 1965 4807 quaecunque

386 4825 710 4894 simpliciter
760 4829 941 4882 anima
991 4828 1178 4884 sensili
1228 4806 1444 4900 vitaque
1493 4806 1795 4897 praestant,
1849 4806 1964 4884 hinc

386 4919 577 4990 utique
605 4919 787 4973 omnia
818 4921 983 4975 etiam
1011 4937 1109 4991 per
1136 4923 1383 4978 eamdem
1419 4924 1715 4979 bonitatem
1755 4932 1811 4979 et
1841 4923 1961 4977 ani-

387 5020 629 5075 mantur,
660 5019 714 5065 et
747 5013 1115 5067 viviﬁcantur.
1166 5014 1371 5070 Planta:
1398 5016 1649 5072 similiter
1674 5031 1865 5072 omnes
1894 5031 1962 5070 ex

383 5104 576 5159 eodem
622 5103 764 5157 bono
801 5105 1117 5158 nutritivam
1172 5107 1593 5177 motabilemque
1642 5107 1811 5161 vitam
1865 5108 1962 5161 ba-

2082 3259 2177 3313 καὶ
2213 3259 2398 3327 ἁγίους
2420 3257 2567 3321 νόας,
2610 3258 2665 3309 αἱ
2696 3254 2865 3325 ψυχαὶ
2906 3254 3001 3306 xal
3039 3254 3139 3305 ὅσα
3173 3250 3365 3321 ψυχῶν
3389 3248 3436 3280 ⁷⁷
3459 3250 3673 3319 ἀγαθὰ,

2078 3353 2169 3408 διὰ
2214 3354 2313 3426 τὴν
2356 3351 2699 3422 ὑπεράγαθόν
2740 3353 2889 3403 ἐστιν
2947 3347 3288 3417 ἀγαθότητα·
3353 3345 3416 3397 τὸ
3474 3345 3677 3417 ωεράς

2080 3447 2249 3511 αὐτὰς
2289 3443 2449 3509 εἶναι,
2494 3446 2553 3498 τὸ
2592 3444 2737 3515 ἔχειν
2770 3443 2867 3514 τὴν
2906 3440 3139 3511 οῦσιώδη
3178 3438 3322 3509 ζωὴν
3362 3436 3677 3509 ἀνώλεθρον

2080 3539 2211 3591 αὐτὸ
2234 3538 2295 3591 τὸ
2321 3533 2479 3597 εἶναι,
2508 3535 2600 3588 ml
2622 3532 2883 3587 δύνασθαι
2917 3532 3053 3603 πρὸς
3076 3529 3172 3593 τὰς
3202 3526 3497 3597 ἀγγελικάς
3538 3527 3677 3579 ἁψα-

2078 3630 2391 3701 τεινομένας
2418 3628 2582 3693 ζωὰς,
2608 3627 2675 3681 δι’
2699 3625 2879 3680 αὐτῶν
2902 3625 2979 3688 ὼς
3000 3623 3220 3692 ἀγαθῶν
3246 3619 3671 3692 καθηγεμόνων,

2080 3723 2174 3777 ἐπὶ
2212 3721 2309 3793 τὴν
2356 3722 2575 3776 πάντων
2594 3721 2639 3751 ⁷⁸
2682 3718 2902 3788 ἀγαθῶν
2947 3715 3289 3787 άγαθαρχίαν
3330 3711 3670 3780 ἀνάγεσθαι,

2077 3814 2171 3867 καὶ
2205 3812 2313 3865 τῶν
2336 3812 2548 3865 ἐκεῖθεν
2584 3810 2993 3881 ὲκϐλυζομένων
3027 3805 3343 3877 ὲλλάμψεων
3381 3806 3426 3836 79
3452 3806 3508 3857 ὲν
3543 3824 3673 3877 μετ-

2074 3906 2233 3976 ουσίᾳ
2273 3904 2518 3973 γίνεσθαι
2564 3902 2705 3956 κατά
2732 3902 2829 3974 τὴν
2876 3901 3026 3970 σφῶν
3066 3897 3393 3967 ἀναλογίαν,
3428 3898 3524 3950 ml
3571 3900 3674 3968 τῆς

2074 3998 2167 4051 τοῦ
2229 3996 2639 4066 ἁγαθοειδοῦςθο
2687 3996 2895 4066 δωρεάς
2942 3994 3043 4064 ὅση
3094 3992 3324 4062 δύναμις
3376 3990 3670 4062 μετέχειν,

2075 4093 2169 4145 ml
2199 4094 2301 4145 ὃσα
2338 4090 2473 4145 ἀλλα
2513 4091 2649 4162 πρὸς
2676 4090 2831 4160 ἡμῶν
2868 4090 2926 4141 ὲν
2956 4089 3071 4149 τοῖς
3107 4086 3249 4153 Περὶ
3283 4082 3492 4153 ψυχῆς
3522 4084 3671 4152 ἀπη-

2078 4184 2356 4256 ρίθμηται.
2403 4182 2565 4235 Ἀλλά
2594 4183 2689 4235 καὶ
2720 4183 2847 4252 περὶ
2873 4180 3071 4244 αὐτῶν,
3107 4181 3154 4231 εί
3185 4178 3287 4250 χρὴ
3321 4178 3525 4247 φάναι,
3555 4175 3669 4227 τῶν

2073 4278 2283 4346 ἀλόγων
2310 4276 2520 4347 ψυχῶν,
2559 4274 2775 4346 ἢζώων
2798 4314 2812 4336 ,
2854 4276 2955 4327 ὅσα
2995 4273 3087 4325 τὸν
3128 4272 3267 4342 ἀέρα
3302 4270 3525 4340 τέμνει,
3570 4270 3668 4321 καὶ

2071 4371 2171 4424 ὅσα
2193 4371 2285 4423 ἐπὶ
2309 4370 2412 4440 γῆς
2439 4368 2632 4438 βαίνει,
2666 4368 2758 4419 καὶ
2779 4368 2880 4419 ὅσα
2905 4367 2984 4429 εἰς
3012 4364 3117 4434 γῆν
3147 4362 3453 4424 ἐκτέταται,
3480 4361 3578 4412 ml
3597 4360 3667 4412 τὰ

2073 4466 2133 4515 ἐν
2167 4462 2324 4515 ὕδασι
2369 4461 2469 4531 τὴν
2519 4456 2693 4529 ζωὴν,
2737 4457 2769 4527 ἢ
2813 4456 3089 4528 ἀμφιϐίως
3133 4454 3383 4525 λαχόντα,
3423 4453 3516 4505 ml
3566 4453 3665 4505 ὅσα

2076 4557 2181 4610 ὑπὸ
2220 4556 2323 4625 γῆν
2364 4552 2822 4624 ὲγκεκαλυμμένα
2862 4550 2929 4622 ζῇ
2975 4550 3070 4603 καὶ
3106 4546 3532 4619 ἐγκεχωσμένα,
3572 4546 3666 4599 καὶ

2076 4647 2263 4710 ἁπλῶς
2284 4648 2385 4699 ὃσα
2408 4645 2505 4715 τὴν
2540 4644 2860 4716 αἰσθητικὴν
2898 4643 3010 4714 ἔχει
3048 4640 3224 4711 ψυχὴν
3245 4681 3259 4701 ,
3300 4639 3334 4709 ἢ
3364 4638 3543 4709 ζωὴν,
3573 4640 3664 4692 καὶ

2077 4737 2249 4791 ταῦτα
2289 4737 2463 4790 πάντα
2499 4733 2588 4787 διὰ
2627 4733 2863 4803 τάγαθὸν
2880 4734 2921 4763 ⁸¹
2957 4730 3233 4801 ὲψιὲχωται
3269 4730 3363 4782 καὶ
3396 4725 3659 4792 ὲζὼωται.

2077 4830 2183 4882 Καὶ
2208 4827 2347 4897 φυτά
2370 4828 2426 4881 δὲ
2450 4827 2628 4880 πάντα
2653 4826 2750 4896 τὴν
2772 4825 3071 4897 θρεπτικὴν
3094 4825 3190 4877 καὶ
3230 4820 3519 4893 κινητικὴν
3553 4820 3663 4890 ἔχει

2077 4922 2221 4992 ζωὴν
2239 4960 2253 4983 ,
2279 4923 2344 4973 ὲκ
2366 4918 2607 4988 τάγαθοῦ
2627 4936 2638 4947 -
2674 4919 2768 4971 καὶ
2792 4918 2890 4987 ὅση
2913 4918 2956 4946 ⁸²
2987 4916 3194 4985 ἄψυχος
3234 4916 3327 4967 καὶ
3367 4913 3545 4978 άξωος
3574 4914 3662 4965 οὐ·

2075 5016 2182 5075 σία,
2224 5014 2312 5067 διὰ
2350 5012 2587 5082 τάγαθόν
2619 5013 2735 5064 ἐστι
2761 5051 2774 5073 ,
2819 5011 2913 5063 καὶ
2950 5010 3016 5062 δι’
3055 5008 3185 5061 αὐτὸ
3226 5006 3328 5077 τῆς
3367 5006 3660 5068 ιὺσιώδους

2070 5107 2234 5172 ἕξεως
2270 5108 2479 5179 ἔλαχεν.

386 5200 557 5264 bent;
613 5196 851 5267 denique
905 5200 1211 5253 substantia
1257 5215 1595 5269 qumcunque
1642 5202 1820 5255 anima
1868 5202 2087 5271 vitaque
2115 5215 2301 5267 caret,
2342 5217 2438 5271 per
2492 5200 2623 5254 illud
2679 5198 2862 5268 ipsum
2913 5198 3111 5251 bonum
3163 5193 3419 5256 exsistit,
3473 5206 3504 5244 a
3550 5206 3657 5260 quo

382 5300 440 5344 et
470 5299 675 5347 statum
707 5307 864 5347 suum
896 5292 1310 5347 substantialem
1344 5295 1599 5354 obtinuit.

1678 5472 1914 5527 VARle
1952 5472 2366 5529 LECTIONES.

467 5654 510 5684 ⁷²
539 5654 633 5707 ml
660 5655 935 5719 ἑστίασις,
974 5654 1041 5707 Μ.
1073 5654 1160 5710 Sc.
1202 5667 1251 5707 ct
1302 5654 1512 5723 refectio
1553 5659 1821 5712 bonorum.
1853 5660 1996 5713 Sar.:
2056 5664 2102 5707 CI
2174 5654 2319 5707 cibus
2370 5657 2641 5722 bonorum.

1545 5731 1588 5759 7“
1616 5730 1816 5801 πηγῆς,
1849 5730 1911 5783 Μ.
1960 5732 2013 5782 S.
2058 5734 2163 5785 l’."
2192 5732 2379 5801 ψυχῶν
2403 5736 2570 5800 ἐστιν,
2614 5736 2672 5787 ι).
2712 5732 2800 5788 SC.
2838 5734 2959 5788 Sar.

2028 5804 2069 5833 ηε
2111 5804 2209 5856 ὅσα
2244 5805 2297 5873 ἡ,
2331 5803 2395 5857 Μ.
2429 5806 2487 5858 s.

382 5724 584 5803 eam,
608 5726 665 5803 5ἶ
704 5726 759 5778 Ρ.
796 5726 884 5803 Sch.
964 5726 1461 5803 “nfelactoupytm,

386 5793 433 5825 τ’
460 5793 804 5864 ἐκλάμψεων,
849 5794 903 5847 Ρ.
1008 5797 1051 5826 ³ο
1094 5793 1334 5863 ἀγαθοῦ,
1416 5802 1455 5829 ⁸⁸
1501 5797 1559 5849 τὸ
1603 5793 1823 5864 ἁγαθόν,
1875 5801 1930 5854 Ρ.

2724 5661 2769 5691 ⁷³
2796 5661 3087 5729 ἀναγωγὰς
3147 5658 3261 5720 καί,
3311 5655 3370 5709 S.
3436 5656 3501 5729 _7"
3526 5654 3650 5729 περὶ

3055 5734 3097 5760 ⁷³
3138 5730 3352 5782 πάντων
3392 5726 3522 5791 τῶν,
3586 5726 3644 5779 υ.
