3866 6234
234 335 349 393 697

1316 331 1405 386 DE
1439 330 1696 387 DIVINIS
1739 329 2139 399 NOMINIBUS,
2175 331 2328 389 CAP.
2366 331 2433 385 Ν

3411 333 3518 393 698

1767 469 1795 542 ς
1832 468 1945 527 ιιι.

313 620 380 673 Ei
420 618 480 673 δὲ
510 619 605 673 καὶ
640 616 782 690 ὑπὲρ
816 617 994 672 πάντα
1034 617 1105 670 τά
1136 615 1267 672 ὄντα
1303 617 1454 671 ἐστὶν
1497 616 1707 688 (ὥσπερ
1743 609 1813 668 οὗ·

2011 611 2165 679 Quod
2192 612 2238 667 si
2262 621 2441 666 autem
2473 627 2635 682 supra
2671 627 2757 668 res
2784 628 2976 670 omnes
3019 613 3091 669 sit
3121 613 3222 685 (uti
3253 629 3382 671 vere
3411 620 3520 681 est)

233 709 384 781 ἐστι)
434 707 693 778 τάγαθὸν,
739 705 832 761 καὶ
866 708 929 762 τὸ
960 709 1196 763 ἀνείδεον
1230 709 1515 763 είδοποιεί·
1541 708 1635 762 καὶ
1655 710 1714 760 ὲν
1735 705 1834 760 αὑ-

233 801 319 873 τῷ
342 801 492 873 μόνῳ
520 800 615 855 καὶ
645 799 709 854 τὸ
744 800 994 855 ἀνούσιον
1014 818 1029 831 ·
1065 800 1253 865 οὐσίας
1289 799 1594 871 ὑπερϐολή·
1638 798 1731 852 καὶ
1765 795 1832 850 τὸ

233 894 420 959 ἄζωον
443 892 788 965 ὑπερέχουσα
826 891 941 964 ζωή
966 908 981 922 ·
1019 892 1113 945 καὶ
1145 890 1207 944 τὸ
1227 891 1389 945 άνουν
1424 889 1765 960 ὑπερέχουσα
1782 887 1831 919 ⁸³

234 985 427 1055 σοφία,
456 986 552 1039 καὶ
591 986 692 1039 ὅσα
728 986 789 1039 ὲν
830 983 1054 1056 τάγαθῷ
1098 984 1198 1056 τῆς
1236 983 1347 1037 τῶν
1384 980 1639 1036 ἁνειδέων
1682 979 1831 1034 ἐστὶν

233 1077 582 1150 ὑπεροχικῆς
603 1076 897 1141 είδοποιίας
916 1094 930 1108 ·
959 1078 1054 1131 καὶ
1089 1078 1139 1130 εί
1176 1075 1397 1147 θεμιτὸν
1438 1074 1635 1144 φάναι,
1660 1073 1832 1141 τάγα-

236 1167 335 1221 θοῦ
375 1169 472 1222 τοῦ
516 1170 659 1241 ὑπὲρ
698 1169 875 1223 πάντα
908 1168 981 1223 τά
1019 1169 1180 1234 ὄντα,
1220 1168 1314 1222 καὶ
1364 1166 1498 1221 αὑτὸ
1538 1166 1600 1220 τὸ
1651 1165 1725 1238 μὴ
1767 1164 1828 1218 ὃν

232 1260 491 1329 ἐφίεται,
538 1262 634 1316 καὶ
684 1262 982 1332 φιλονεικεί
1024 1280 1140 1326 πως
1182 1264 1242 1316 ὲν
1280 1258 1503 1330 τάγαθῷ
1554 1259 1650 1314 καὶ
1697 1258 1828 1312 αὐτὸ

234 1346 378 1405 εἶναι
411 1392 426 1417 ,
485 1352 565 1425 τῷ
626 1352 796 1419 ὅντως
858 1353 1166 1426 ὑπερουσίῳ
1195 1394 1212 1420 ,
1269 1351 1411 1407 κατά
1457 1350 1558 1424 τὴν
1608 1351 1826 1405 πάντων

232 1441 548 1514 ἀφαίρεσιν.

1937 704 2138 759 bonum
2167 705 2368 772 ipsum,
2398 714 2454 760 et
2476 706 2620 774 quod
2654 705 2888 761 informe
2935 714 3044 771 est,
3096 706 3332 774 format;
3374 718 3433 763 et
3462 707 3517 762 in

1939 797 2057 867 ipso
2085 796 2201 853 εοΙο
2224 797 2279 852 id
2302 797 2447 868 quod
2492 798 2795 852 substantia
2846 807 3020 865 caret,
3071 800 3388 855 substantia:
3433 808 3519 857 est

1937 887 2295 955 excellentia;
2323 888 2470 960 quod
2516 887 2756 946 inanime
2783 899 2889 956 est,
2916 890 3025 944 vita
3055 899 3140 945 est
3172 890 3515 959 praestantis-

1935 982 2111 1047 sima;
2141 991 2195 1036 et
2217 982 2362 1052 quod
2385 982 2585 1038 mentis
2605 997 2803 1051 expers
2823 992 2908 1038 est
2931 1022 2946 1047 ,
2970 982 3132 1053 353
3155 998 3409 1052 suprema
3432 994 3519 1040 est

1935 1071 2231 1140 sapientia,
2269 1080 2324 1127 et
2350 1086 2690 1143 quaecunque
2724 1073 2779 1127 in
2822 1075 2964 1128 bono
2993 1082 3144 1133 sunt.
3177 1088 3357 1128 rerum
3388 1082 3516 1128 sunt

1933 1161 2248 1218 iut‘ormium
2316 1165 2780 1232 supereminentis
2851 1164 3283 1233 ell‘ormationis;
3331 1176 3427 1232 ει,
3467 1171 3513 1223 si

1929 1255 2074 1310 dictu
2106 1254 2188 1311 fas
2217 1257 2308 1320 sit,
2342 1255 2475 1311 illud
2503 1256 2681 1327 ipsum
2727 1259 2873 1329 quod
2911 1273 3017 1315 non
3055 1267 3160 1322 est,
3196 1259 3341 1314 illius
3365 1261 3513 1330 quod

1930 1365 2092 1419 supra
2127 1364 2215 1404 res
2244 1365 2441 1406 omnes
2467 1362 2552 1407 est
2577 1392 2592 1418 ,
2624 1352 2749 1407 boni
2782 1353 3055 1408 desiderio
3095 1362 3309 1409 tenetur
3333 1394 3349 1419 ,
3379 1353 3511 1423 quin

1927 1443 2093 1498 etiam
2123 1442 2175 1497 in
2205 1442 2352 1497 bono
2392 1457 2522 1498 vere
2564 1444 3077 1513 supersubstautiali
3127 1460 3226 1515 per
3266 1445 3510 1501 oumimn

1928 1534 2260 1590 ablutionem
2290 1549 2412 1591 esse
2435 1536 2732 1592 contendit.

1793 1704 1819 1775 §
1856 1700 1968 1762 IV.

320 1843 464 1897 Ἀλλ’
504 1844 641 1914 ὅπερ
690 1842 838 1913 ἡμᾶς
908 1841 967 1896 ὲν
1016 1841 1167 1913 μέσῳ
1222 1839 1581 1913 παραδραμὸν
1626 1840 1813 1894 διαπέ-

1994 1846 2135 1911 Sed,
2194 1841 2339 1912 quod
2401 1840 2453 1894 in
2506 1838 2688 1895 medio
2756 1840 3159 1910 przeterlapsum
3222 1862 3322 1905 nos
3360 1853 3508 1909 el'l’u-

231 1952 435 2006 φευγε,
497 1934 591 1987 καὶ
628 1931 737 1986 τῶν
783 1931 1051 2004 οὐρανίων
1086 1931 1271 2005 ἀρχῶν
1313 1933 1405 1986 καὶ
1459 1931 1820 2004 ἀποπερατώ-

232 2047 373 2083 σεων
396 2028 441 2059 ⁸⁵
471 2025 620 2079 αίτία
662 2023 919 2094 τάγαθὸν,
945 2024 1045 2095 τῆς
1072 2022 1336 2087 ἀναυξοὺς
1365 2022 1457 2076 καὶ
1490 2022 1628 2086 ὅλως
1666 2021 1820 2074 ἀναλ-

228 2118 456 2173 λοιώτου
493 2117 699 2188 ταύτης
736 2114 923 2178 οὐσίας
950 2114 1018 2181 ⁸⁵,
1048 2116 1142 2169 καὶ
1175 2115 1283 2169 τῶν
1321 2114 1565 2184 ἀψόφων,
1592 2113 1643 2167 εί
1676 2111 1818 2167 οὑτω

228 2214 336 2285 χρὴ
365 2214 548 2283 φάναι,
575 2212 675 2284 τῆς
696 2211 1085 2284 παμμεγέθους
1116 2211 1508 2283 οὐρανοπορίας
1530 2209 1813 2281 κινήσεων,

228 2307 325 2360 καὶ
345 2306 454 2360 τῶν
480 2307 741 2378 ἀπρῴων
754 2307 984 2374 τάξεων,
1006 2306 1099 2360 καὶ
1112 2306 1476 2379 εὐπρεπειῶν,
1494 2306 1588 2359 καὶ
1600 2305 1812 2375 φώτων,

224 2399 324 2472 καὶ
357 2399 638 2470 ἱδρύσεων,
672 2398 887 2471 καὶτῆς
914 2397 1072 2452 ἐνίων
1099 2398 1343 2470 ἀστέρων
1366 2398 1412 2429 ⁸⁸
1448 2397 1815 2469 μεταϐατικῆς

225 2490 635 2562 πολυκινησίας,
660 2490 755 2544 καὶ
782 2490 885 2561 τῆς
912 2490 1021 2544 τῶν
1050 2491 1143 2544 δύο
1165 2491 1350 2561 φωστή
1362 2507 1490 2561 ρων,
1524 2488 1616 2553 οὓς
1637 2488 1707 2541 τὰ
1729 2487 1815 2541 λό-

221 2598 321 2650 για
361 2581 519 2634 καλεί
556 2582 847 2652 μεγάλους,
875 2581 985 2635 ἀπὸ
1012 2580 1122 2635 τῶν
1152 2580 1332 2634 αὐτῶν
1362 2582 1441 2645 είς
1462 2579 1531 2633 τὰ
1557 2578 1696 2633 αὐτὰ
1718 2597 1816 2632 πε-

227 2673 475 2744 ριώικῆς
514 2674 1055 2742 ἀποκαταστάσεως,
1108 2673 1231 2729 καθ’
1278 2674 1345 2739 ἃς
1398 2675 1453 2728 αί
1497 2675 1627 2744 παρ’
1683 2675 1814 2745 ἡμῖν

224 2768 430 2841 ἡμέραι
454 2770 548 2822 καὶ
578 2769 772 2834 νύκτες
810 2769 1145 2843 ὁριζόμεναι,
1182 2770 1276 2825 καὶ
1303 2770 1493 2842 μῆνες,
1518 2771 1613 2823 καὶ
1636 2770 1814 2823 ἐνιαυο

221 2862 309 2915 τοὶ
356 2861 734 2934 μετρούμενοι,
777 2863 876 2928 τὰς
911 2863 1007 2917 τοῦ
1054 2864 1248 2936 χρόνου
1292 2865 1386 2918 καὶ
1414 2862 1520 2917 τῶν
1550 2864 1609 2917 ὲν
1636 2864 1814 2935 χρόνῳ

222 2948 490 3013 κυκλικὰς
532 2952 774 3024 κινήσεις
805 2951 1145 3024 ἀφορίζουσι,
1179 2952 1276 3007 καὶ
1297 2953 1340 2985 ⁸⁷
1369 2951 1684 3024 ἀριθμοῦσι,
1720 2954 1814 3006 καὶ

220 3040 477 3093 τάττουσι
523 3042 617 3095 καὶ
663 3043 965 3113 συνέχουσι.
999 3043 1065 3097 Τί
1106 3044 1152 3097 δ’
1192 3044 1237 3076 ⁸⁸
1277 3043 1343 3099 ἄν
1378 3062 1463 3109 τις
1508 3045 1640 3117 φαίη
1684 3045 1813 3117 περὶ

219 3138 392 3208 αὐτῆς
439 3137 561 3191 καθ’
600 3138 771 3211 αὑτὴν
798 3140 897 3211 τῆς
938 3138 1167 3213 ἡλιακῆς
1192 3141 1443 3208 ἀκτῖνος;
1478 3143 1542 3195 ὲκ
1570 3140 1810 3209 τάγαθοῦ

220 3232 331 3302 γὰρ
363 3231 425 3284 τὸ
455 3231 591 3301 φῶς,
629 3234 723 3286 καὶ
744 3231 910 3287 είκὼν
940 3233 1043 3305 τῆς
1070 3234 1408 3309 ἀγαθὸτητος
1428 3253 1441 3266 ο
1473 3236 1554 3290 διὸ
1576 3239 1671 3291 καὶ
1703 3256 1815 3309 φω-

219 3338 363 3373 τωνυ
371 3321 545 3392 μικῶς
561 3323 590 3374 ὑ
599 3326 813 3393 μνεῖται
824 3324 1080 3395 τάγαθὸν,
1093 3326 1169 3391 ὡς
1186 3327 1244 3380 ἐν
1258 3344 1283 3379 ε
1292 3327 1426 3381 ίκόνι
1442 3327 1502 3380 τὸ
1512 3329 1815 3399 ἀρχέτυπον

217 3415 636 3486 ἐκφαινόμενον.
683 3416 770 3481 Ὦς
814 3417 923 3490 γὰρ
961 3420 995 3491 ὴ
1035 3418 1137 3489 τῆς
1168 3419 1383 3474 πάντων
1412 3419 1666 3475 ἐπέκεινα
1694 3421 1813 3476 θεό-

218 3523 385 3576 τητος
425 3505 700 3578 ἀγαθὸτης
723 3508 831 3562 ἀπὸ
862 3509 971 3562 τῶν
993 3510 1284 3564 ἀνωτάτων
1312 3511 1357 3545 ⁸³
1386 3512 1483 3565 καὶ⁹
1504 3514 1812 3585 πρεσϐυτά-

218 3616 328 3651 των
357 3598 574 3664 οὐσιῶν,
619 3599 747 3673 ἄχρι
776 3600 886 3655 τῶν
907 3602 1152 3673 ἐσχάτων
1192 3603 1388 3675 διήκει,
1425 3607 1519 3659 καὶ
1549 3605 1629 3660 ἔτι
1672 3607 1813 3678 ὑπὲρ

220 3690 403 3754 πάσας
440 3691 578 3757 ἐστὶ,
635 3694 772 3764 μήτε
814 3693 923 3747 τῶν
965 3693 1079 3747 ἀνω
1124 3693 1442 3763 φθανουσῶν
1488 3696 1660 3768 αὐτῆς
1710 3699 1811 3771 τὴν

219 3782 519 3855 ὑπεροχὴν,
563 3785 701 3855 μήτε
748 3784 857 3838 τῶν
900 3784 1051 3838 κάτω
1087 3785 1185 3857 τὴν
1222 3788 1484 3860 περιοχὴν
1511 3788 1814 3845 διαϐαινου-

220 3873 353 3937 σῶν,
403 3874 539 3928 ἀλλὰ
583 3876 677 3929 καὶ
712 3874 937 3947 φωτίζει
963 3877 1033 3930 τὰ
1060 3878 1332 3950 δυνάμενα
1368 3881 1565 3945 πάντα,
1599 3884 1692 3937 καὶ
1719 3884 1814 3956 δη-

221 3970 493 4037 μιουργεῖ,
514 3969 607 4021 καὶ
636 3967 781 4033 ζωοῖ,
803 3970 897 4023 καὶ
922 3970 1154 4041 συνέχει,
1192 3973 1285 4025 καὶ
1305 3972 1694 4046 τελεσιουργεῖ,
1720 3977 1813 4030 καὶ

220 4059 421 4131 μέτρον
465 4061 583 4114 ἐστὶ
606 4061 713 4115 τῶν
743 4062 934 4128 ὄντων,
983 4064 1077 4117 καὶ
1105 4064 1261 4129 αἰὼν,
1295 4065 1390 4119 καὶ
1421 4067 1676 4139 ἀριθμὸς,
1718 4070 1811 4122 καὶ

215 4152 391 4216 τάξις,
431 4156 524 4208 καὶ
560 4156 825 4227 περιοχὴ,
870 4157 965 4210 καὶ
1005 4158 1177 4223 αἰτία,
1225 4160 1321 4213 καὶ
1348 4160 1533 4225 τέλοςο
1576 4162 1719 4216 οὑτω
1747 4163 1811 4235 δὴ

216 4247 315 4298 καὶ
342 4247 375 4316 ὴ
405 4245 505 4317 τῆς
538 4245 689 4311 θείας
720 4248 1057 4321 ἀγαθότητος
1084 4251 1333 4324 ἐμφανὴς
1359 4251 1545 4317 εἰκὼν,
1572 4255 1602 4307 ὁ
1639 4255 1811 4325 μέγας

213 4329 397 4397 οὗτος,
446 4336 540 4389 καὶ
585 4337 919 4410 ὁλολαμπὴς,
980 4341 1075 4393 καὶ
1127 4342 1395 4412 ἀείφωτος
1446 4343 1617 4415 ἥλιος,
1668 4345 1810 4399 κατὰ

214 4426 511 4480 πολλοστὸν
550 4429 823 4502 ἀπήχημα
863 4431 1126 4501 τάγαθοῦ,
1171 4436 1264 4489 καὶ
1306 4435 1484 4490 πάντα
1519 4438 1619 4490 ὅσα
1653 4439 1809 4508 μετέ-

213 4537 335 4591 χειν
391 4521 551 4575 αὑτοῦ
608 4521 853 4588 δύναται,
907 4524 1152 4592 φωτίζει,
1200 4529 1295 4580 καὶ
1342 4527 1807 4599 ὑπερηπλωμένον

210 4615 329 4685 ἔχει
364 4615 425 4667 τὸ
454 4616 591 4685 φῶς,
630 4618 713 4682 είς
742 4618 919 4671 πάντα
955 4618 1203 4685 ὲξαπλῶν
1233 4620 1326 4673 τὸν
1353 4621 1549 4691 ὁρατὸν
1576 4621 1797 4692 κόσμον,

205 4709 328 4764 ἄνω
355 4724 415 4759 τε
457 4711 549 4761 καὶ
590 4709 761 4773 κάτω,
792 4710 892 4775 τάς
920 4710 1030 4764 τῶν
1058 4712 1273 4765 οἰκείων
1315 4712 1550 4766 ἀκτίνων
1588 4715 1763 4783 αὐγάς
1782 4733 1795 4747 ’

206 4799 310 4852 καὶ
340 4798 395 4851 εί
422 4817 475 4852 τι
514 4800 693 4853 αὐτῶν
713 4802 774 4854 οὑ
815 4803 1067 4874 μετέχει,
1096 4803 1255 4856 τοῦτο
1283 4805 1343 4857 οὑ
1376 4805 1477 4875 τῆς
1514 4805 1800 4878 ἀδρανείας

204 4891 247 4963 ἣ
275 4892 375 4963 τῆς
411 4892 751 4966 βραχύτητός
778 4898 895 4950 ἐστι
926 4898 1027 4969 τῆς
1063 4900 1398 4971 φωτιστικῆς
1428 4899 1598 4953 αὑτοῦ
1628 4900 1800 4955 διαδό-

204 5001 372 5048 σεως,
410 4985 546 5038 ἀλλὰ
574 4980 682 5041 τῶν
705 4987 795 5042 διὰ
823 4990 1170 5063 φωτοληψίας
1206 4992 1688 5064 ἀνεπιτηδειότητα
1725 4996 1799 5065 μὴ

201 5076 634 5149 ἀναπλουμένων
674 5080 720 5113 ⁹⁰
770 5083 852 5147 εἰς
890 5082 989 5153 τὴν
1017 5084 1195 5153 φωτὸς
1233 5086 1544 5155 μετουσίαν.
1583 5085 1799 5156 Ἀμέλει

202 5167 383 5221 πολλά
428 5170 538 5225 τῶν
584 5171 758 5237 οὑτως
787 5174 1022 5244 ἐχόντων
1054 5178 1087 5247 ἡ
1131 5177 1287 5242 ἀκτὶς
1316 5179 1690 5243 διαϐαίνουσα,
1729 5180 1798 5233 τὰ

205 5262 330 5330 μετ’
364 5263 549 5317 ἐκεῖνα
577 5265 822 5334 φωτίζει,
864 5268 959 5321 καὶ
1000 5270 1161 5324 οὐδέν
1200 5272 1317 5325 ἐστι
1360 5272 1469 5326 τῶν
1498 5272 1711 5344 ὁρατῶν
1736 5268 1797 5327 οῦ

283 5408 313 5438 υ
334 5398 475 5454 Gen.
518 5417 557 5465 ι,
596 5402 680 5457 16.

1922 1945 2100 2007 gerat,
2150 1933 2457 1991 caelestium
2512 1932 2676 1987 etiam
2718 1932 3108 2002 principiorum
3138 1946 3192 1991 ct
3219 1943 3513 2001 subtermi-

1922 2029 2202 2085 nationum
2224 2042 2391 2083 causa
2420 2035 2504 2080 est
2546 2024 2770 2090 bonum,
2814 2025 2942 2080 item
2993 2029 3315 2087 substantia:
3350 2036 3511 2105 bujus

1921 2120 2170 2176 caelestis
2202 2133 2322 2189 qua:
2352 2132 2459 2171 non
2488 2125 2719 2186 augetur
2746 2132 2921 2185 neque
2951 2118 3211 2175 minuitur
3230 2163 3246 2186 ,
3274 2134 3329 2179 et
3354 2124 3512 2195 peni-

1923 2221 2009 2268 tus
2064 2228 2171 2268 non
2229 2214 2507 2278 variatur,
2548 2220 2605 2266 et
2653 2220 2893 2266 motuum
2957 2214 3195 2271 ctelestis
3253 2220 3510 2277 curriculi

1918 2306 2235 2373 vastissimi,
2282 2321 2389 2360 non
2419 2305 2756 2367 sonantium,
2800 2305 2845 2360 si
2890 2306 2963 2359 ita
3003 2306 3147 2377 loqui
3190 2319 3423 2378 oportet,
3455 2322 3512 2367 et

1915 2398 2170 2453 ordinum
2198 2396 2502 2461 stellarum,
2535 2404 2590 2450 et
2619 2395 3107 2466 pulcltritudinum,
3137 2409 3193 2455 et
3218 2401 3510 2470 lumimnn,

1916 2501 1971 2545 et
2002 2491 2319 2545 inﬁxionum
2369 2505 2580 2555 earum,
2636 2499 2693 2544 et
2728 2490 3046 2560 multiplicis
3080 2508 3271 2549 cursus
3299 2512 3507 2567 vagan-

1916 2584 1988 2639 tis
2045 2584 2408 2653 quorumdam
2446 2582 2685 2637 siderum
2716 2622 2731 2645 ,
2780 2591 2837 2638 et
2865 2584 3097 2640 duorum
3133 2586 3505 2657 luminarium,

1916 2692 2035 2745 qua:
2096 2676 2381 2745 Scriptura
2460 2683 2619 2730 vocat
2690 2687 3005 2747 magna“,
3076 2679 3385 2749 circuitus,
3452 2694 3509 2737 ct

1914 2771 2130 2836 eodem,
2181 2771 2325 2824 unde
2373 2766 2621 2839 profecta
2670 2777 2838 2833 sunt,
2904 2771 3254 2837 reversionis,
3307 2774 3509 2843 quibus

1919 2862 2063 2931 apud
2111 2876 2212 2916 nos
2241 2860 2357 2916 dies
2382 2870 2438 2916 et
2475 2871 2667 2915 noctes
2708 2860 3158 2930 distinguuntur;
3195 2872 3251 2917 et
3293 2880 3509 2922 menses

1917 2960 2079 3021 atque
2103 2951 2230 3006 anni
2261 2951 2467 3006 deiiuiti
2502 2952 2647 3020 ipsos
2690 2961 2871 3007 motus
2902 2954 3187 3023 temporis,
3225 2965 3278 3011 et
3318 2974 3505 3012 eorum

1916 3058 2036 3113 quae
2058 3044 2110 3097 in
2154 3052 2400 3114 tempore
2424 3052 2576 3109 sunt,
2600 3044 2806 3100 circulo
2835 3046 3113 3103 confectos
3146 3049 3505 3121 distinguunt,

1918 3147 2230 3199 numerant,
2257 3137 2517 3191 ordinant
2553 3145 2606 3192 et
2637 3139 2940 3193 continent.
2972 3138 3114 3205 Quid
3138 3151 3319 3196 autem
3352 3146 3507 3199 dica-

1919 3238 2005 3283 tur
2034 3229 2100 3282 de
2124 3229 2356 3297 ipsomet
2383 3228 2538 3283 radio
2569 3229 2739 3283 solis?
2765 3244 2795 3283 a
2836 3246 3050 3286 summo
3079 3233 3223 3288 enim
3255 3236 3396 3289 bono
3426 3237 3507 3289 lu-

1918 3336 2040 3376 tuen
2087 3320 2469 3391 proﬁciscitur,
2512 3330 2567 3376 et
2610 3324 2789 3392 imago
2836 3323 3098 3378 bonitatis
3133 3333 3265 3387 est;
3315 3339 3507 3396 quam-

1917 3418 2107 3471 obrem
2166 3416 2389 3470 nomine
2431 3415 2651 3469 luminis
2691 3415 2892 3470 bonum
2928 3418 3201 3483 laudatur,
3247 3427 3501 3489 tanquam

1916 3516 2173 3580 appareat
2201 3510 2437 3579 primum
2468 3507 2750 3575 etemplar
2786 3508 2838 3562 in
2870 3509 3127 3578 imagine.
3165 3509 3319 3565 Sicut
3357 3513 3502 3566 enim

1916 3604 2135 3659 bonitas
2163 3602 2468 3659 divinitatis
2490 3617 2612 3671 quae
2640 3617 2805 3671 supra
2829 3605 3010 3657 omnia
3038 3614 3142 3669 eat,
3174 3620 3203 3658 a
3230 3607 3503 3674 supremis

1914 3706 1968 3750 et
1994 3695 2423 3767 provectissimis
2451 3693 2768 3749 substantiis
2794 3711 2966 3764 usque
2990 3696 3057 3750 ad
3078 3705 3354 3751 extremas
3377 3712 3503 3764 per-

1915 3789 2082 3850 vadit,
2116 3797 2172 3843 et
2202 3789 2378 3844 adhuc
2408 3801 2571 3855 supra
2600 3801 2791 3844 omnes
2823 3797 2927 3854 est,
2958 3789 3031 3843 ita
3055 3797 3112 3843 ut
3137 3803 3313 3858 neque
3336 3804 3499 3856 supc-

1915 3884 2088 3936 riores
2145 3896 2318 3951 uSque
2371 3884 2439 3937 ad
2502 3883 2648 3938 illius
2712 3881 3093 3937 excellentiam
3155 3883 3499 3951 pertingant;

1915 3989 2014 4029 nec
2059 3973 2348 4030 inferiores
2397 3974 2515 4043 ejus
2574 3974 2838 4029 ambitum
2890 3980 3304 4043 pertranseant;
3368 3973 3497 4042 quin

1914 4066 2093 4137 potius
2121 4067 2304 4120 omnia
2344 4080 2466 4135 qua:
2511 4064 2806 4120 illuminari
2848 4073 3079 4135 possunt
3110 4064 3400 4128 illuminat,
3445 4073 3501 4117 et

1912 4169 2091 4225 creat,
2121 4169 2176 4213 et
2204 4159 2376 4212 vitam
2410 4158 2523 4225 dat,
2552 4166 2607 4212 et
2632 4157 2894 4222 continet,
2921 4167 2975 4212 et
2998 4157 3234 4226 perlicit,
3267 4164 3324 4210 et
3349 4169 3499 4208 men-

1912 4268 2038 4309 sura
2070 4262 2359 4307 esteorum
2393 4266 2512 4321 qua:
2536 4258 2685 4315 sunt,
2728 4260 2781 4306 et
2808 4265 3004 4317 arvum,
3047 4258 3103 4304 et
3133 4246 3413 4312 numerus:
3443 4258 3500 4302 ct

1911 4345 2067 4410 ordo,
2109 4353 2163 4397 et
2192 4341 2532 4413 complexus,
2558 4350 2612 4397 et
2638 4356 2826 4406 causa,
2853 4350 3018 4410 atque
3046 4341 3200 4405 linis;
3226 4338 3305 4394 sic
3330 4337 3494 4392 etiam

1913 4440 2103 4505 ingens
2139 4437 2270 4500 iste,
2324 4445 2382 4490 et
2423 4443 2570 4490 totus
2614 4432 2928 4504 splendidus
2965 4447 3026 4488 ac
3062 4446 3281 4501 semper
3311 4431 3497 4485 lucens

1911 4532 1991 4587 sol
2039 4532 2218 4601 imago
2262 4541 2517 4598 expressa
2549 4536 2634 4583 est
2667 4526 2864 4581 divina).
2894 4525 3177 4591 bonitatis,
3222 4532 3498 4595 quatenus

1912 4625 2295 4682 tenuissimum
2326 4621 2457 4691 quid
2501 4619 2648 4675 illius
2691 4618 2815 4673 boni
2856 4618 2910 4672 in
2949 4632 3016 4673 eo
3038 4615 3227 4687 procul
3254 4624 3494 4687 resonat,

1912 4728 1968 4774 et
2003 4716 2183 4771 omnia
2212 4730 2332 4784 quae
2354 4728 2479 4768 eum
2516 4713 2843 4784 participare
2868 4700 3098 4780 possunt
3138 4707 3401 4774 illustrat,
3438 4718 3495 4761 et

1911 4810 2089 4863 lumen
2134 4806 2298 4861 habet
2343 4818 2505 4873 supra
2542 4811 2851 4864 extensum,
2903 4800 3045 4869 quod
3092 4801 3143 4853 in
3180 4800 3493 4853 universum

1910 4899 2169 4953 mundum
2204 4896 2298 4966 qui
2332 4895 2602 4958 cernitur,
2652 4904 2762 4947 tum
2804 4890 3166 4962 superiorem,
3214 4900 3325 4944 tum
3358 4890 3493 4944 infe-

1905 4994 2128 5056 riorem,
2179 4990 2469 5060 splendore
2521 4985 2799 5040 radiorum
2848 4998 3074 5039 suorum
3121 4982 3490 5052 multiplicat;

1902 5095 1957 5143 et
1983 5086 2029 5140 si
2055 5084 2186 5154 quid
2213 5098 2337 5138 eum
2377 5094 2482 5135 non
2513 5079 2826 5149 participat,
2859 5092 2965 5132 non
2991 5086 3075 5132 est
3099 5077 3154 5131 in
3192 5092 3355 5131 causa
3388 5077 3493 5130 im-

1901 5178 2169 5235 becillitas
2216 5186 2309 5230 aut
2355 5173 2594 5230 tenuitas
2642 5169 2921 5226 facultatis
2974 5168 3334 5233 illuminandi,
3391 5168 3490 5223 scd

1901 5276 2078 5342 potius
2108 5285 2222 5325 rem
2255 5269 2423 5340 ipsam
2453 5282 2558 5322 non
2602 5279 2722 5322 esse
2746 5261 3061 5333 expeditam
3092 5261 3157 5314 ad
3191 5259 3485 5330 participa-

1510 5546 1745 5602 VARL‘E
1782 5546 2188 5604 LECTIONES.

302 5684 350 5717 ⁸³
378 5683 773 5756 ὑπαιρηχοῦσα.

202 5756 246 5784 ⁸³
278 5756 517 5819 ἑνιαίων,
577 5757 633 5808 l’.
665 5756 752 5809 Sc.
832 5758 874 5784 “7

204 5827 372 5890 τάτω,
404 5826 463 5880 1).
492 5827 549 5881 l’.
629 5828 673 5859 9°
704 5828 1158 5899 ἀναπαυομένων,
1188 5829 1243 5882 S.

878 5686 921 5716 ⁸³
950 5687 1418 5756 ὑποπερατώσεων
1466 5690 1593 5753 legit
1624 5689 1892 5746 Maximus
1931 5689 2286 5748 Scholiastes.

914 5754 1231 5836 ἀφ’ἶρίξτίυῖι
1258 5758 1313 5812 δὲ
1358 5760 1469 5824 καί,
1501 5760 1601 5826 λΙ-;
1643 5761 1782 5818 [ω’ιο
1814 5780 1871 5816 τε
1897 5763 2206 5835 legendum.
2286 5762 2330 5795 ⁸⁸
2358 5760 2413 5815 δέ
2442 5754 2654 5818 nonest
2677 5763 2730 5819 iu
2766 5760 2821 5814 S.
2862 5754 3044 5815 P.'Sc.
3076 5757 3173 5812 Sat
3261 5755 3302 5786 ’θ
3337 5754 3475 5807 ἀνω-

2385 5692 2428 5763 ⁸ν⁵
2454 5692 2671 5763 εὐρείας
2731 5689 2812 5763 vel
2862 5688 3107 5763 εὐροίας,ἱ
3135 5686 3175 5738 D
3242 5682 3308 5763 Rhl“.
3349 5681 3474 5763 .Sc.
