3866 6234
198 445 297 499 701

1271 432 1358 486 DE
1395 422 1648 483 DlVlNIS
1678 410 2076 476 NOMINIBUS,
2111 405 2265 465 CAP.
2304 403 2388 460 IV.

3351 381 3458 436 70‘).

194 561 424 615 ἐκείνων
469 558 656 629 ὥσπερ
692 553 1110 626 ἁπογευομένων
1137 553 1181 585 9⁸
1216 550 1411 620 φωτὸς,
1454 546 1550 598 καὶ
1582 541 1778 614 μᾶλλον
1810 576 1819 601 λ

1926 534 2211 589 ιεόίοοτειη
2247 522 2626 596 splendorem;
2653 515 2868 579 deinde,
2901 521 3158 579 tanquam
3180 509 3462 572 degustato

2004 626 2013 629 ”
2209 628 2214 629 ⁷
2375 614 2430 629 ’⁸⁷
2483 610 2587 629 "--
2647 607 2818 629 -Α--ει
2867 611 2984 629 una--
3032 594 3460 629 Ann-.atntinlwm

194 594 424 615 εκςινων
469 594 656 629 ωυιυῡιι
692 594 1106 626 υιιιιυιυυυιυ--γνιν
1218 594 1411 620 γνωσν,
1457 594 1548 598 --νη
1582 594 1600 614 ,ν
1810 594 1819 601 ,

194 647 526 717 ἐφιεμένων,
582 645 782 716 μᾶλλον
821 643 1018 715 ἑαυτὴν
1058 641 1337 704 ἐνδιδόναι,
1381 637 1475 690 καὶ
1514 630 1790 706 περισσῶς

1926 626 2113 688 nmine,
2169 628 2224 674 et
2265 614 2443 672 oculis
2480 610 2592 680 jam
2647 607 2822 676 magis
2867 611 2989 672 post
3031 594 3462 669 degustationem

2373 707 2407 717 "
2666 701 2701 717 ’κ
2735 713 2779 717 η
2818 692 3055 717 εη-ρ-ιει
3117 698 3163 717 ..ι
3193 683 3462 717 “gmina

194 739 555 809 ὲπιλάμπειν,
589 738 671 789 ὅτι
700 735 996 806 ἠγάπησαν
1032 732 1164 786 πολύ
1189 750 1202 762 ⁸
1250 732 1344 784 καὶ
1372 728 1459 781 ἀεὶ
1488 723 1788 779 άνατείνειν

196 829 374 893 αὑτὰς
391 832 436 861 ³³
466 831 560 882 ἐπὶ
586 828 653 881 τὰ
681 827 900 898 πρόσω,
931 824 1072 878 κατὰ
1095 824 1192 894 τὴν
1223 822 1372 892 σφῶν
1397 819 1477 882 εἰς
1505 816 1788 870 ἀνάνευσιν

195 923 514 991 ἀναλογίαν.

1891 721 2073 774 lumen
2107 707 2517 782 appetentibus,
2538 701 2712 769 magis
2729 713 2786 753 se
2818 692 3090 764 impertit,
3115 698 3169 744 et
3192 683 3467 754 copiosius

1889 808 2102 878 fulget;
2138 803 2264 873 quia
2299 800 2604 854 dilexerunt
2635 792 2862 846 multum
2901 799 2965 846 P;
3015 799 3080 838 ac
3123 793 3339 847 semper
3377 788 3470 828 eas

1891 865 2119 957 ulterius
2141 892 2394 966 provehit
2431 885 2783 959 proportione
2816 879 2984 936 studii
3018 889 3206 932 earum
3240 870 3308 925 ad
3333 865 3474 935 aspi-

1892 992 2144 1050 ciendum
2184 1000 2422 1042 sursum.

1753 1141 1781 1214 ς
1812 1135 1920 1196 v1.

277 1299 399 1364 Φῶς
422 1294 514 1354 οῦν
559 1301 746 1372 νοητὸν
771 1299 985 1369 λέγεται
1013 1299 1074 1352 τὸ
1101 1297 1240 1368 ὑπὲρ
1272 1296 1379 1349 πᾶν
1416 1292 1532 1364 φῶς
1564 1288 1788 1360 ἀγαθὸν,

202 1395 284 1460 ὡς
336 1398 494 1460 ἀκτὶς
546 1397 757 1468 πηγαία
822 1396 916 1449 καὶ
978 1391 1391 1465 ὑπερϐλύζουσα
1442 1384 1790 1456 φωτοχυσία,

207 1491 390 1543 πάντα
417 1487 506 1542 τὸν
545 1487 911 1559 ὑπερκόσμιον
946 1487 1041 1540 καὶ
1070 1484 1428 1555 περικόσμιον
1479 1479 1568 1543 ⁸⁸⁵⁸³,
1586 1476 1678 1530 καὶ
1706 1476 1798 1542 ὲγ-

209 1579 439 1650 κόσμιον
475 1579 619 1644 νοῦν,
655 1581 720 1632 ὲκ
765 1577 859 1632 τοῦ
906 1576 1268 1649 πληρώματος
1317 1572 1483 1642 αὐτῆς
1527 1565 1801 1636 καταλάμ-

212 1688 414 1734 πουσα,
458 1671 673 1734 καὶτὰς
695 1669 888 1741 νοερὰς
935 1667 1113 1722 αὐτῶν
1150 1665 1275 1730 ὅλας
1305 1659 1670 1724 ἀνανεάζουσα
1709 1655 1798 1710 δυ-

210 1762 428 1832 νάμεις,
471 1763 564 1815 καὶ
597 1762 805 1825 πάντας
848 1760 1178 1832 περιέχουσα
1210 1759 1226 1789 ¹
1268 1756 1346 1827 τῷ
1376 1749 1796 1826 ὑπερτετάσθαι,

212 1855 310 1907 καὶ
337 1854 554 1907 πάντων
587 1853 930 1926 ὑπερέχουσα
955 1851 1032 1922 τῷ
1071 1849 1445 1922 ὑπερκεῖσθαι’
1471 1847 1566 1902 καὶ
1593 1843 1801 1908 ἁπλῶς,

213 1947 396 1998 πᾶσαν
436 1945 538 2014 τῆς
587 1925 921 2014 φωτιστικῆς
965 1943 1245 2012 δυνάμεως
1285 1939 1385 2010 τὴν
1433 1934 1691 2008 κυρείαν,
1733 1935 1809 1995 ὡς
1841 1925 1882 1979 Β

212 2037 525 2108 ἀρχίφωτος
544 2039 638 2090 καὶ
665 2036 1008 2108 ὑπέρφωτος,
1042 2036 1100 2087 ἐν
1128 2034 1293 2103 ἑαυτῇ
1325 2024 1682 2090 συλλαϐοῦσα,
1713 2025 1807 2078 καὶ

213 2129 578 2200 ὑπερέχουσα,
626 2128 720 2182 καὶ
752 2129 1075 2199 προέχουσα,
1119 2125 1214 2178 καὶ
1249 2123 1318 2177 τὰ
1369 2121 1531 2193 νοερὰ
1572 2121 1667 2173 καὶ
1699 2117 1806 2171 τά²

211 2221 410 2290 λογικά
454 2223 630 2275 πάντα
669 2222 996 2291 συνάγουσα,
1051 2220 1145 2272 καὶ
1197 2216 1358 2288 ἀολλῆ
1398 2212 1647 2268 ποιοῦσα.
1697 2214 1810 2265 Καὶ

214 2316 328 2386 γὰρ
357 2315 549 2386 ὥσπερ
587 2317 620 2386 ἡ
652 2317 842 2384 ἄγνοια
872 2313 1177 2385 διαιρετικὴ
1223 2312 1332 2364 τῶν
1375 2307 1809 2380 πεπλανημένων

215 2407 391 2468 ἐστὶν,
425 2406 598 2470 οὕτως
624 2408 656 2478 ἡ
693 2405 786 2459 τοῦ
813 2405 1003 2477 νοητοῦ
1034 2404 1211 2475 φωτὸς
1242 2401 1535 2475 παρουσία,
1569 2416 1812 2476 συναγω-

217 2498 315 2565 γὸς
340 2499 434 2550 καὶ
475 2498 704 2569 ἑνωτικὴ
729 2496 836 2550 τῶν
873 2493 1254 2567 φωτιζομένων
1287 2493 1436 2558 ἐστὶ,
1484 2488 1579 2545 καὶ
1605 2489 1814 2542 τελειω-

215 2591 371 2660 τικὴ,
407 2590 501 2644 καὶ
549 2589 630 2642 ἔτι
684 2589 705 2621 ³
767 2587 1160 2659 ὲπιστρεπτικὴ
1220 2583 1355 2654 πρὸς
1400 2583 1461 2636 τὸ
1512 2582 1681 2646 ὅντως
1731 2579 1811 2646 ὃν,

218 2684 330 2736 ἀπὸ
354 2683 462 2735 τῶν
498 2681 707 2735 πολλῶν
741 2682 1094 2752 δοξασμάτων
1121 2675 1545 2750 ἐπιστρέφουσα,
1597 2675 1692 2728 καὶ
1719 2672 1820 2737 τὰς

222 2773 475 2837 ποικίλας
513 2772 684 2842 ὄψεις,
728 2772 760 2843 ἢ
802 2771 1136 2843 κυριώτερον
1164 2767 1360 2831 εἰπεῖν,
1389 2763 1707 2834 φαντασίας,
1735 2763 1816 2825 εἰς

228 2866 361 2937 μίαν
411 2860 584 2936 ἀληθῆ
631 2862 724 2915 καὶ
770 2860 1040 2931 καθαρὰν,
1093 2859 1186 2911 καὶ
1229 2852 1475 2927 μονοειδῆ
1513 2848 1817 2919 συνάγουσα

225 2957 448 3026 γνῶσιν,
477 2956 572 3009 xa‘t
603 2955 720 3018 ἐνὸς
746 2955 840 3008 καὶ
877 2949 1137 3006 ἐνωτικοῦ
1165 2948 1340 3019 φωτὸς
1365 2941 1717 3016 ὲμπιπλῶσα.

1965 1281 2172 1338 Lumen
2251 1273 2417 1344 igitur
2507 1263 2822 1322 intellectile
2889 1255 3091 1310 dicitur
3160 1247 3294 1304 illud
3379 1243 3479 1297 bo-

1899 1389 2026 1431 num
2074 1369 2218 1440 quod
2273 1374 2360 1421 est
2399 1375 2561 1430 supra
2606 1370 2768 1412 omne
2812 1351 3016 1411 lumen,
3071 1352 3327 1410 tanquam
3360 1335 3480 1390 fons

1899 1438 2181 1520 radiorum
2251 1464 2308 1511 et
2368 1451 2562 1508 eﬂusio
2633 1445 2857 1501 luminis
2920 1438 3194 1495 inundans
3262 1444 3478 1486 omnem

1901 1561 2134 1610 mentem
2197 1540 2729 1616 supramundanam,
2807 1541 2864 1590 et
2913 1524 3479 1586 circummundanam,

1903 1654 1957 1702 et
1995 1643 2324 1700 mundanam
2353 1652 2420 1692 ex
2449 1630 2787 1703 plenitudine
2826 1639 2922 1680 sua
2955 1619 3287 1681 illuminans,
3316 1623 3373 1670 et
3401 1623 3482 1667 to-

1906 1749 1992 1793 tas
2030 1748 2219 1790 earum
2260 1729 2554 1784 facultates
2586 1717 2928 1790 intelligendi
2973 1725 3263 1772 renovans,
3293 1715 3348 1762 et
3369 1719 3490 1760 om-

1909 1846 2007 1886 nes
2037 1827 2324 1882 continens
2346 1864 2361 1888 ,
2393 1829 2664 1891 quatenus
2694 1827 2858 1882 supra
2889 1822 3080 1865 omnes
3115 1804 3393 1865 tenditur;
3433 1807 3491 1852 et

1911 1919 2170 1978 omnibus
2216 1912 2575 1975 antecellens,
2623 1915 2898 1976 quatenus
2942 1912 3108 1968 supra
3141 1905 3332 1950 omnes
3361 1897 3489 1954 stat,

1910 2024 2076 2084 atque
2104 2007 2433 2079 simpliciter
2462 2014 2684 2058 omnem
2716 1993 3083 2067 principatum
3126 1977 3491 2042 illuminandi,

1912 2115 2170 2175 tanquam
2209 2100 2469 2171 princeps
2495 2090 2739 2153 luminis,
2771 2096 2825 2142 et
2860 2093 3189 2154 supraquam
3219 2075 3401 2129 lumen
3436 2070 3490 2124 in

1912 2213 1973 2253 se
2020 2166 2474 2264 comprehensum
2515 2183 2704 2248 habet,
2748 2189 2804 2234 et
2851 2187 3181 2245 supraquam
3223 2166 3407 2228 habet,
3441 2171 3498 2214 et

1911 2253 2220 2357 prmhabet,
2267 2290 2434 2350 atque
2473 2274 2659 2331 omnia
2710 2269 2926 2325 ratione
2964 2274 3021 2320 et
3064 2269 3249 2317 mente
3289 2253 3497 2311 utentia

1915 2385 2238 2448 congregat,
2268 2384 2324 2428 et
2354 2374 2406 2427 in
2440 2384 2611 2424 unum
2640 2363 2884 2433 copulat.
2912 2357 3129 2414 Etenim
3171 2353 3314 2409 sicut
3344 2351 3499 2420 igno—

1921 2471 2098 2524 rantia
2135 2473 2394 2522 errantes
2428 2460 2665 2522 dirimit;
2702 2455 2783 2510 sic
2813 2453 3080 2507 adventus
3106 2444 3332 2501 luminis
3363 2455 3499 2496 con-

1921 2569 2109 2630 gregat
2148 2565 2203 2612 et
2240 2553 2465 2624 cepulat
2505 2547 2860 2628 illuminatus,
2909 2539 3233 2610 perficitque
3275 2548 3392 2599 eos,
3443 2541 3501 2585 et

1922 2654 1990 2707 ad
2023 2652 2075 2705 id
2106 2650 2250 2720 quod
2279 2623 2409 2701 vere
2450 2653 2534 2698 est
2562 2625 2858 2700 convertit,
2881 2649 2911 2688 a
2941 2631 3131 2688 multis
3165 2623 3502 2696 opinationi-

1921 2745 2023 2798 bus
2048 2757 2144 2796 eos
2172 2751 2442 2794 revocans
2464 2776 2477 2799 ,
2516 2749 2581 2788 ac
2617 2731 2806 2785 varios
2848 2735 3124 2796 aspectus,
3159 2718 3264 2784 vel,
3306 2727 3364 2771 ut
3387 2729 3504 2770 ma-

1919 2839 2000 2910 gis
2031 2834 2252 2908 proprie
2280 2833 2461 2887 dicam
2490 2873 2504 2897 ,
2544 2827 2696 2881 varia
2727 2824 2778 2878 in
2807 2834 2973 2875 unam
3020 2829 3204 2870 veram
3235 2823 3289 2868 et
3313 2824 3503 2881 puram

1919 2945 1985 2984 ac
2021 2926 2323 2997 simplicem
2352 2921 2723 2992 cognitionem
2749 2911 3055 2974 contrahit,
3080 2917 3136 2964 et
3167 2920 3275 2961 uno
3302 2902 3507 2958 lumine

1918 3023 2118 3080 uniﬁco
2144 3019 2358 3092 implet.

1741 3181 1770 3255 ς
1821 3175 1967 3237 vn.

303 3368 473 3423 Τοῦτο
513 3362 746 3432 τάγαθὸν
774 3360 1022 3432 ὑμνεῖται
1064 3353 1199 3427 πρὸς
1223 3351 1332 3406 τῶν
1363 3348 1525 3422 ἱερῶν
1553 3345 1817 3415 θεολόγων
1845 3353 1889 3410 c

232 3461 331 3513 καί
372 3457 447 3520 ὡς
486 3453 671 3516 καλὸν,
701 3453 796 3504 καὶ
820 3451 895 3514 ὡς
933 3446 1148 3510 κάλλος,
1177 3444 1272 3498 καὶ
1297 3443 1372 3506 ὡς
1399 3441 1587 3511 ἀγάπη
1615 3439 1710 3492 καὶ
1749 3436 1824 3500 ὡς

234 3549 544 3621 ἀγαπητὸν,
587 3547 682 3600 καὶ
704 3547 826 3599 ὅσαι
853 3543 1010 3599 ἄλλαι
1055 3540 1349 3610 εὐπρεπεῖς
1373 3539 1478 3590 εἰσι
1502 3534 1600 3604 τῆς
1638 3530 1829 3585 καλλο-

234 3644 395 3698 ποιοῦ
444 3642 539 3696 καὶ
578 3637 1022 3710 κεχαριτωμένης
1068 3635 1090 3666 ⁸
1138 3632 1470 3704 ὼραιότητος
1513 3626 1825 3696 θεωνυμίαι.

236 3740 314 3792 Τὸ
347 3738 403 3791 δὲ
442 3735 604 3789 καλὸν
646 3733 740 3786 καὶ
765 3729 958 3792 κάλλος
997 3725 1292 3798 διαιρετέον
1334 3723 1428 3775 ἐπὶ
1451 3721 1549 3792 τῆς
1571 3721 1626 3772 ὲν
1654 3718 1734 3772 ένὶ
1760 3716 1829 3770 τὰ

233 3834 338 3888 ὅλα
363 3827 742 3900 συνειληφυίας
768 3824 946 3886 αἰτίας
967 3838 980 3851 °
1028 3819 1202 3873 ταῦτα
1227 3817 1336 3888 γὰρ
1363 3816 1454 3868 ἐπὶ
1487 3814 1584 3885 μὲν
1611 3810 1717 3864 τῶν
1744 3809 1831 3864 ὅν·-

231 3941 356 3977 των
395 3921 652 3975 ἁπάντων
681 3919 701 3949 ⁵
739 3917 819 3978 εἰς
858 3911 1090 3985 μετοχὰς
1114 3909 1209 3963 καὶ
1240 3906 1535 3980 μετέχοντα
1559 3900 1830 3983 διαιροῦν-

235 4034 358 4079 τες,
403 4012 564 4068 καλὸν
611 4011 708 4082 μὲν
751 3977 890 4060 εἶναι
935 3977 1164 4074 λέγομεν
1205 3977 1266 4054 τδ
1307 3977 1532 4060 κάλλους
1574 3977 1831 4067 μετέχον,

239 4108 444 4169 κάλλος
484 4104 541 4157 δὲ
565 4103 664 4173 τὴν
705 4098 936 4172 μετοχὴν
962 4096 1061 4167 τῆς
1085 4090 1406 4147 καλλοποιοῦ
1437 4088 1545 4142 τῶν
1570 4087 1704 4141 ὅλων
1732 4103 1833 4138 κα-

238 4200 356 4254 λῶν
380 4198 576 4259 αἰτίας.
618 4194 690 4246 Τὸ
716 4193 776 4244 δὲ
801 4188 1121 4260 ὑπεροὺσιον
1147 4185 1310 4239 καλὸν
1338 4181 1532 4245 κάλλος
1561 4180 1658 4251 μὲν
1681 4179 1836 4246 λέγε-

240 4312 363 4356 ται,
392 4291 479 4344 διὰ
518 4290 617 4360 τὴν
643 4287 736 4340 ἀπ’
765 4282 929 4338 αὑτοῦ
961 4283 1094 4336 πᾶσι
1132 4282 1246 4342 τοῖς
1270 4273 1388 4330 οὖσι
1417 4271 1836 4347 μεταδιδομένην

241 4384 467 4447 οἰκείως
512 4382 727 4450 ἑκάστῳ
750 4376 1014 4447 καλλονὴν
1034 4413 1048 4436 ,
1087 4372 1180 4426 καὶ
1206 4371 1280 4434 ὡς
1303 4369 1400 4439 τῆς
1428 4369 1644 4421 πάντων
1671 4364 1837 4434 εὐαρ-

245 4476 482 4551 μοστιας
517 4474 615 4526 καὶ
659 4469 887 4538 ἀγλαΐας
925 4466 1116 4527 αἴτιον,
1158 4463 1313 4532 δίκην
1354 4459 1529 4529 φωτὸς
1580 4453 1841 4525 ὲναστρά-

245 4550 389 4623 πτον
418 4569 438 4599 ⁶
466 4567 638 4621 ἅπασι
684 4562 784 4625 τὰς
830 4557 1182 4619 καλλοποιοὺς
1212 4554 1313 4624 τῆς
1355 4551 1598 4622 πηγαίας
1627 4550 1840 4609 ἀκτῖνος

244 4659 420 4718 αὑτοῦ
464 4656 796 4730 μεταδόσεις,
835 4653 929 4707 καὶ
953 4651 1028 4715 ὡς
1075 4648 1251 4702 πάντα
1285 4644 1420 4717 πρὸς
1460 4640 1620 4695 ἑαυτὸ
1646 4637 1841 4694 καλοῦν

247 4754 401 4828 (ὅθεν
445 4729 539 4805 καὶ
562 4746 792 4816 κάλλος
817 4741 1068 4813 λέγεται)
1112 4739 1207 4792 καὶ
1242 4737 1317 4800 ὡς
1369 4734 1465 4788 ὅλα
1502 4735 1559 4787 ὲν
1597 4730 1738 4793 ὅλοις
1765 4729 1844 4791 εἰς

248 4938 446 5001 κάλον,
493 4935 586 4988 κα¹ι
608 4932 695 4986 ἀεὶ
719 4929 800 4995 ὃν,
827 4926 966 4982 κατὰ
991 4926 1059 4978 τὰ
1085 4922 1223 4977 αὐτὰ
1249 4922 1343 4973 καὶ
1369 4916 1629 4978 ὡσαύτως
1653 4914 1837 4977 καλὸν,

250 5031 357 5086 καὶ
378 5027 500 5081 οὔτε
526 5024 869 5095 γιγνόμενον,
912 5017 1035 5071 οὔτε
1059 5012 1258 5070 άπολλύ
1269 5027 1446 5082 μενον,
1475 5006 1596 5061 οὔτε
1622 5003 1845 5070 αὐξανό-

253 5138 425 5196 μενον
448 5122 490 5185 ⁷,
530 5117 654 5170 οῦτε
695 5114 900 5183 φθίνον,
931 5109 1050 5162 οὐδὲ
1088 5109 1153 5177 τῇ
1200 5105 1292 5176 μὲν
1327 5101 1527 5164 καλὸν,
1567 5099 1632 5168 τῇ
1671 5095 1729 5148 δὲ
1769 5095 1848 5146 αἰ-

474 5160 490 5185 ἳ

253 5214 452 5286 σχρὺν,
492 5209 612 5263 οὐδὲ
653 5207 775 5260 τοτὲ
820 5205 938 5276 μὲν,
964 5200 1085 5254 τοτὲ
1105 5199 1160 5251 δὲ
1186 5195 1268 5261 οὒ,
1299 5194 1418 5248 οὐδὲ
1465 5192 1602 5261 πρὸς
1639 5190 1734 5260 μὲν
1760 5188 1842 5251 τὸ,

253 5305 460 5366 καλὸν,
487 5301 622 5372 πρὸς
644 5297 798 5362 δὲτὸ,
829 5293 1051 5366 αἰσχρόν
1076 5309 1089 5321 ο
1110 5289 1231 5344 οὒτε
1249 5287 1378 5341 ἔνθα
1401 5285 1519 5356 μὲν,
1548 5282 1673 5336 ἔνθα
1688 5281 1743 5334 δὲ
1759 5279 1841 5346 οῦ,

345 5479 372 5518 P
405 5464 539 5518 Luc.
566 5473 663 5523 vn,
695 5458 786 5513 47.

1993 3337 2108 3393 lloc
2149 3335 2282 3392 item
2331 3333 2534 3388 bonum
2580 3326 2840 3384 laudatur
2878 3336 2908 3375 a
2940 3318 3116 3375 sacris
3154 3317 3419 3386 theologis
3449 3324 3509 3370 ut

1928 3429 2217 3501 pulchrum
2246 3435 2303 3482 et
2331 3434 2391 3479 ut
2419 3418 2789 3494 pulchritudo,
2819 3423 2875 3470 et
2912 3422 2970 3468 ut
3001 3410 3222 3467 dilectio
3251 3421 3307 3464 et
3334 3418 3395 3462 ut
3423 3408 3509 3463 di-

1929 3523 2154 3585 lectum,
2200 3526 2256 3574 et
2303 3527 2642 3587 quaecunque
2691 3511 2797 3564 alia
2845 3514 2974 3562 sunt
3027 3504 3208 3558 divina
3265 3501 3507 3566 nomina,

1930 3612 2128 3681 quibus
2178 3611 2295 3680 ipse
2339 3606 2624 3678 Speciosus
2667 3603 2832 3656 decor
2866 3609 2920 3654 et
2949 3597 3175 3653 effector
3202 3590 3511 3663 pulchritu-

1931 3705 2077 3760 dinis
2123 3703 2385 3758 decenter
2455 3698 2794 3754 nominatur.
2861 3690 3160 3747 Pulchrum
3218 3695 3399 3741 autem
3457 3695 3511 3738 et

1933 3794 2276 3868 pulchritudo
2324 3801 2453 3849 sunt
2502 3786 2884 3858 distinguenda
2927 3785 2982 3838 in
3015 3795 3179 3838 causa
3208 3792 3330 3848 qua:
3386 3777 3511 3830 uni-

1932 3902 2091 3943 versa
2131 3886 2187 3940 in
2229 3901 2336 3941 uno
2392 3881 2671 3951 complexa
2739 3888 2858 3946 est;
2900 3875 3016 3930 haec
3056 3872 3210 3929 enim
3252 3871 3304 3925 in
3335 3867 3517 3923 omni-

1934 3979 2038 4033 bus
2085 3978 2276 4042 rebus,
2331 3975 2387 4030 in
2427 3971 2878 4044 participationes
2930 3977 2987 4022 et
3034 3967 3088 4020 in
3133 3960 3516 4035 participantia

1936 4070 2270 4138 dividentes,
2327 4068 2615 4139 pulchrum
2648 4062 2866 4133 quidem
2899 4059 3152 4121 dicimus,
3203 4055 3346 4124 quod
3395 4051 3516 4122 pul-

1936 4163 2262 4220 chritudinis
2317 4161 2592 4231 particeps
2647 4162 2772 4220 est;
2843 4146 3306 4222 pulchritudinem
3364 4157 3516 4205 vero,

1939 4256 2415 4330 participationem
2462 4265 2644 4306 causa:
2694 4247 2878 4303 omnia
2927 4241 3156 4313 pulchra
3199 4236 3516 4294 efﬁcientis.

1939 4329 2119 4424 ipsum
2150 4357 2328 4402 autem
2355 4344 2641 4414 pulchrum
2679 4356 2738 4395 su
2749 4333 3148 4410 peressentiale
3175 4329 3522 4402 pulchritudo

1941 4421 2161 4517 quidem
2205 4437 2533 4510 appellatur,
2588 4441 2814 4502 pr0pter
2861 4428 3007 4484 illam
3060 4421 3521 4494 pulchritudinem

1943 4553 2106 4608 quam
2156 4533 2318 4588 rebus
2365 4527 2625 4583 omnibus
2674 4538 2772 4593 pro
2809 4520 3075 4590 cujusque
3117 4512 3334 4569 modulo
3373 4525 3525 4566 com-

1947 4629 2213 4694 municat,
2251 4625 2306 4679 in
2351 4628 2612 4692 quantum
2657 4624 2741 4670 est
2781 4626 2950 4668 causa
2990 4609 3169 4664 omnis
3215 4603 3522 4675 pulchritu-

1876 4699 1920 4752 ι)
1951 4719 2093 4775 dinis
2123 4733 2188 4771 ac
2215 4713 2544 4778 venustatis,
2574 4711 2700 4765 dum
2740 4704 2905 4776 356
2933 4703 3095 4758 rebus
3127 4698 3378 4755 omnibus
3409 4695 3524 4765 pul-

1948 4813 2201 4869 chrilicas
2248 4806 2466 4863 fontalis
2509 4803 2594 4858 sui
2638 4800 2774 4855 radii
2817 4792 3240 4851 distributiones
3288 4788 3425 4842 lucis
3470 4788 3523 4840 in

1948 4921 2156 4964 morem
2199 4901 2368 4966 afflat,
2401 4898 2692 4966 omniaque
2738 4892 2805 4946 ad
2849 4904 2907 4944 se
2959 4885 3136 4949 καλεῖ,
3173 4883 3226 4938 id
3272 4891 3355 4936 est
3379 4888 3524 4934 vocat

1951 5001 2122 5070 (unde
2151 5006 2207 5052 et
2228 4994 2446 5058 κάλλος,
2487 4993 2540 5046 id
2558 4999 2640 5045 est
2668 4985 3040 5053 pulchritudo,
3079 4973 3300 5042 dicitur)
3331 4982 3385 5028 et
3411 4979 3540 5055 tota.

1950 5094 2004 5148 in
2039 5091 2167 5147 totis
2213 5089 2373 5159 quasi
2406 5089 2459 5140 in
2505 5099 2564 5139 se
2609 5079 2836 5148 colligit.
2879 5075 3175 5130 Pulchrum
3207 5083 3336 5123 vero
3365 5079 3529 5118 voca-

1953 5196 2062 5250 tur,
2096 5183 2243 5253 quod
2275 5196 2342 5234 ex
2371 5177 2516 5232 omni
2546 5182 2702 5246 parte
2738 5170 3023 5240 pulchrum
3048 5165 3121 5220 sit
3140 5171 3194 5218 et
3217 5161 3337 5230 plus
3363 5170 3524 5221 quam

1952 5279 2258 5350 pulchrum,
2289 5282 2344 5329 et
2369 5282 2626 5340 tanquam
2653 5279 2869 5335 semper
2890 5260 3192 5322 cxsistens,
3224 5250 3525 5310 secundum

1551 5606 1787 5664 Vitlile
1846 5597 2253 5662 LECTIONES.

337 5791 383 5822 "
423 5785 906 5857 ἁπογευσαμένων,
937 5781 1006 5835 Μ.
1084 5781 1128 5813 ³³
1162 5777 1378 5840 ἑαυτάς,
1409 5775 1468 5827 Ι).

264 5863 324 5917 in
358 5864 419 5914 1).
457 5861 514 5912 l’.
545 5851 555 5857 ⁷
624 5859 644 5888 ³
673 5851 750 5910 ἔτι
778 5875 880 5912 non
921 5857 1079 5909 habet
1113 5853 1170 5906 S.
1200 5851 1257 5904 Ρ.

268 5933 523 6004 ξόμενον,
567 5928 628 5984 D.

1552 5773 1620 5804 ¹⁰⁰
1649 5769 1988 5840 ἐπικόσμιον,
2017 5765 2074 5820 D.
2103 5763 2166 5816 P-

1361 5854 1380 5880 ³
1409 5839 1859 5916 κεχαρισμένης,
1906 5839 1970 5892 Μ.

2245 5762 2258 5791 ⁸
2288 5755 2660 5816 διαϐαίνουσα,
2690 5751 2748 5807 S.
2768 5751 2828 5806 P.
2873 5750 2892 5780 ’
2919 5739 3190 5816 posterius
3211 5734 3280 5789 τὰ
3292 5749 3412 5816 ρος
3447 5741 3524 5816 ast

2070 5837 2091 5867 ⁸
2119 5834 2226 5887 τῶν
2269 5829 2491 5900 νοητῶν,
2541 5827 2604 5880 Μ,
2797 5823 2818 5853 ⁸
2845 5803 3258 5884 ἀπαστράπτον,
3291 5808 3353 5861 D.
3387 5808 3403 5836 ⁷
3426 5803 3523 5858 αὐ·
