3866 6234
373 334 479 391 705

1550 328 1606 378 S.
1650 325 1946 382 DIONYSII
1984 324 2446 384 AliEOPAGITzE

3545 319 3640 373 70$

367 452 559 508 eadem
594 457 648 505 et
690 447 883 505 eodem
929 447 1091 503 modo
1133 446 1455 517 pulchrum,
1503 460 1680 516 neque
1716 447 1944 508 factum,

2054 444 2125 508 ὦς
2148 462 2257 496 τισι
2286 444 2384 513 μὲν
2408 444 2429 473 ³
2450 440 2509 494 ὃν
2536 440 2719 503 καλὸν,
2741 440 2851 493 τισὶ
2873 439 2930 493 δὲ
2953 439 3014 492 οὐ
3040 438 3203 492 καλόν
3225 454 3239 468 ·
3269 435 3482 501 ἀλλ’ὡς
3514 438 3645 490 αὐτὸ

370 558 545 613 neque
588 543 952 606 destructum,
1011 554 1190 611 neque
1234 554 1557 607 augescens,
1623 555 1799 609 neque
1858 540 1951 595 de—

365 648 641 697 crescens.
695 648 798 687 nec
842 648 906 687 ex
946 643 1103 702 parte
1136 648 1248 687 una
1291 631 1604 701 pulchrum,
1647 640 1703 687 et
1740 648 1806 689 ex
1842 632 1949 686 alia

370 738 568 795 turpe,
617 740 792 795 neque
848 725 986 779 alias
1026 723 1246 793 quidem
1285 723 1573 794 pulchrum
1636 723 1773 778 alias
1823 739 1951 780 vero

341 837 476 874 .non
502 839 517 887 ;
547 834 729 891 neque
755 818 824 874 ad
856 819 961 873 hoc
993 816 1308 890 pulchrum,
1328 828 1384 874 et
1421 818 1489 872 ad
1520 817 1650 872 illud
1680 818 1955 874 inconcin-

368 930 535 978 nnm;
597 927 774 982 neque
843 912 931 966 hic
986 911 1201 980 quidem
1244 912 1339 975 ita,
1397 910 1525 975 alibi
1587 926 1716 967 vero
1772 912 1951 977 aliter,

368 1019 466 1058 nec
498 1012 556 1057 ut
589 1004 714 1058 aliis
760 1002 1079 1067 formosum,
1116 1000 1240 1057 aliis
1278 1017 1408 1057 vero
1447 1002 1731 1068 deforme;
1774 1002 1867 1057 sed
1897 1011 1955 1055 ut

370 1094 544 1161 ipsum
577 1091 879 1148 secundum
901 1108 983 1157 se,
1013 1102 1176 1161 alque
1204 1105 1390 1146 88(‘UIII
1423 1090 1713 1156 uniforme,
1740 1106 1956 1161 semper

366 1186 635 1240 exs’stcns
654 1183 962 1252 pulchrum,
986 1194 1149 1253 atque
1166 1184 1447 1239 t‘ontanam
1476 1183 1716 1237 universi
1741 1182 1951 1253 pulchri

368 1276 830 1345 pulchritudinem
854 1276 907 1328 in
929 1275 1107 1344 seipso
1140 1275 1445 1330 eminenter
1467 1273 1792 1343 anticipans,
1818 1289 1956 1343 pra:-

369 1368 711 1435 habcnsque.
760 1366 814 1421 In
851 1367 965 1435 ipsa
994 1366 1142 1421 enim
1182 1376 1379 1420 natura
1410 1364 1644 1430 simplici
1666 1381 1731 1421 ac
1759 1381 1952 1436 super-

368 1457 603 1511 naturali
650 1456 1001 1526 pulchrorum
1051 1456 1432 1511 universorum
1487 1458 1665 1512 omnis
1717 1458 1955 1529 pulchri-

370 1553 518 1616 tudo,
576 1561 632 1606 et
690 1567 851 1607 omne
897 1551 1183 1621 pulchrum
1248 1551 1601 1605 unil‘ormiter
1654 1552 1953 1606 secundum

367 1662 591 1701 causam
620 1646 970 1716 prmexsistit.
1002 1646 1076 1699 Ex
1112 1645 1216 1701 hoc
1247 1645 1368 1713 ipso
1396 1646 1624 1716 pulchro
1655 1646 1815 1700 rebus
1838 1660 1956 1701 οιηο

371 1740 531 1795 nibus
572 1741 835 1810 obtingit,
870 1750 927 1795 ut
954 1740 1067 1793 sint.
1099 1738 1314 1810 singula
1349 1741 1648 1794 secundum
1679 1739 1954 1809 propriam

2050 539 2173 593 καθ’
2203 537 2364 591 ἑαυτὸ
2391 535 2507 607 μεθ’
2546 532 2740 588 ἑαυτοῦ
2773 534 2794 565 ⁸
2830 532 3098 604 μονοειδὲς
3122 532 3209 585 ἀεὶ¹
3237 531 3298 585 ὃν
3332 531 3527 595 καλὸν,
3559 531 3647 582 καὶ

2049 634 2125 698 ὡς
2151 634 2352 697 παντὸς
2391 632 2555 686 καλοῦ
2587 630 2687 702 τὴν
2713 629 2954 703 πηγαίαν
2990 626 3252 699 καλλονὴν
3292 625 3647 699 ὑπεροχικῶς

2053 729 2112 780 ὲν
2153 725 2331 796 ἑαυτῷ
2369 723 2622 797 προέχον.
2652 723 2732 794 Τῇ
2776 721 2886 794 γὰρ
2931 721 3075 791 ἁπλῇ
3118 721 3211 773 καὶ
3236 720 3516 791 ὑπερφυεῖ
3540 719 3671 795 si»;

2052 817 2189 873 ὅλων
2230 815 2409 871 καλῶν
2448 816 2607 886 φύσει
2649 816 2799 867 πᾶσα
2841 812 3071 883 καλλονὴ
3110 812 3207 865 καὶ
3236 812 3343 864 πᾶν
3371 811 3545 864 καλὸν
3581 814 3642 877 η,

2052 910 2299 974 ἑνοειδῶς
2339 911 2462 963 κατ’
2509 909 2689 964 αίτίαν
2737 905 3172 979 προῦφέστηκεν.
3233 905 3329 957 Ἐκ
3350 904 3448 956 τοῦ
3477 902 3648 957 καλοῦ

2052 1006 2242 1060 τούτου
2286 1006 2420 1059 πᾶσι
2458 1005 2571 1067 τοῖς
2614 998 2733 1056 οὖσι
2757 1001 2819 1055 τὸ
2844 997 2982 1055 εἶναι
3002 1041 3017 1064 ,
3047 1000 3186 1054 κατά
3211 1000 3300 1054 τὸν
3332 1001 3540 1054 οἰκεῖον
3563 1000 3646 1054 λό-

2053 1115 2150 1168 γον
2166 1098 2372 1151 ἓκαστα
2414 1094 2576 1158 καλά,
2604 1094 2700 1148 καὶ
2735 1092 2824 1147 διά
2850 1092 2911 1145 τὸ
2948 1090 3112 1145 καλὸν
3148 1090 3205 1143 αἱ
3232 1089 3447 1143 πάντων
3480 1090 3649 1158 ὲφαρ·

2058 1191 2242 1265 μογαὶ,
2292 1191 2388 1244 καὶ
2434 1188 2626 1259 φιλίαι,
2675 1188 2770 1241 καὶ
2808 1184 3113 1239 κοινωνίαι·
3156 1182 3252 1235 καὶ
3284 1180 3362 1252 τῷ
3399 1180 3556 1251 καλῷ
3578 1180 3651 1233 τὰ

2055 1288 2233 1341 πάντα
2263 1286 2468 1357 ἥνωται
2486 1302 2499 1315 ·
2542 1284 2635 1336 καὶ
2659 1280 2801 1352 ἀρχὴ
2840 1279 3055 1333 πάντων
3093 1276 3154 1330 τὸ
3179 1275 3360 1339 καλὸν,
3389 1274 3465 1338 ὡς
3490 1292 3653 1344 ποιη-

2053 1378 2205 1432 τικὸν
2232 1377 2424 1441 αἴτιον,
2467 1376 2560 1430 καὶ
2587 1373 2770 1428 κινοῦν
2801 1372 2871 1427 τά
2897 1372 2993 1425 ὅλα
3018 1412 3032 1437 ,
3062 1369 3158 1425 καὶ
3192 1368 3414 1437 συνέχον
3439 1366 3525 1437 τῷ
3548 1367 3649 1437 τῆς

2054 1471 2261 1535 οἰκείας
2285 1468 2546 1538 καλλονῆς
2568 1466 2730 1539 ἔρωτι
2754 1483 2767 1495 ·
2799 1463 2893 1517 καὶ
2920 1463 3094 1534 πέρας
3120 1460 3358 1524 πάντων,
3384 1458 3481 1512 καὶ
3509 1458 3651 1526 ἀγα-

2058 1562 2250 1632 πητὸν,
2278 1562 2353 1627 ὡς
2378 1560 2591 1614 τελικὸν
2618 1558 2791 1612 αἴτιον
2816 1555 2930 1627 (τοῦ
2956 1552 3121 1609 καλοῦ
3147 1552 3258 1624 γὰρ
3277 1553 3440 1605 ἕνεκα
3467 1551 3653 1604 mina.

2055 1653 2325 1726 γίγνεται)
2342 1671 2354 1683 ·
2387 1654 2481 1706 καὶ
2506 1648 3029 1723 παραδειγματικὸν,
3056 1647 3137 1699 ὅτι
3163 1646 3282 1699 κατ’
3308 1645 3441 1697 αὐτὸ
3468 1646 3652 1699 πάντα

2057 1746 2375 1821 ἀφορίζεται
2397 1764 2411 1777 ’
2450 1744 2530 1799 διὸ
2555 1746 2649 1798 καὶ¹
2687 1742 2883 1797 ταύτόν
2908 1744 3023 1795 ἐστι
3044 1737 3265 1809 τάγαθῷ
3292 1737 3329 1768 ¹¹
3353 1735 3415 1788 τὸ
3443 1735 3655 1798 καὶδν,

372 1833 637 1888 rationem
660 1833 920 1904 pulchra;
953 1842 1009 1887 et
1041 1845 1267 1903 propter
1297 1832 1587 1901 pulchrum
1612 1841 1736 1885 sunt
1766 1846 1951 1887 omnes

2059 1840 2143 1893 ὅτι
2190 1838 2285 1892 τοῦ
2339 1836 2508 1891 καλοῦ
2560 1837 2654 1891 καὶ
2702 1830 2909 1903 ἀγαθοῦ
2960 1832 3002 1862 ¹²
3062 1828 3203 1882 κατά
3254 1829 3432 1881 πᾶσαν
3465 1826 3655 1879 αἰτίαν

366 1926 745 1995 congruentia:
778 1965 794 1991 ,
847 1934 904 1981 et.
955 1925 1232 1989 amicitia),
1283 1934 1340 1979 et
1384 1923 1949 1990 communicationes;

366 2029 421 2072 et
458 2032 555 2085 per
604 2016 892 2086 pulchrum
934 2024 1128 2070 cuneta
1158 2014 1600 2085 conjungnntur;
1643 2021 1805 2083 atque
1834 2012 1953 2083 pul-

366 2111 558 2162 chrum
602 2117 690 2162 est
730 2110 973 2163 omnium
1008 2107 1356 2177 principium,
1395 2116 1453 2160 ut
1493 2122 1658 2160 causa
1692 2104 1950 2170 eiiciens,

364 2207 423 2252 et
472 2214 736 2261 movens,
796 2209 849 2252 et
926 2198 1181 2252 universa
1245 2199 1477 2268 proiiria:
1537 2196 1953 2268 pulchritudinis

367 2305 555 2344 amore
577 2293 898 2356 continens;
932 2300 986 2344 et
1007 2301 1063 2343 ut
1093 2289 1217 2344 ﬁnis
1244 2291 1511 2355 omnium,
1537 2301 1701 2359 atque
1731 2290 1781 2345 id
1810 2289 1951 2359 quod

369 2382 655 2452 appetitur
685 2392 947 2451 tanquam
985 2397 1153 2436 causa
1189 2383 1367 2437 linalis
1397 2385 1545 2456 (nam
1586 2382 1800 2453 pulchri
1825 2396 1951 2450 gra-

370 2476 441 2528 tia
485 2484 684 2529 cuneta
717 2475 877 2543 liunt)
906 2485 961 2529 et
988 2474 1343 2543 exemplaris,
1389 2475 1518 2545 quia
1551 2475 1850 2529 secundum
1887 2474 1951 2527 il-

369 2565 459 2619 lud
496 2566 681 2619 omnia
729 2564 1088 2621 definiuntur.
1142 2567 1513 2632 Quamobrem
1542 2567 1683 2621 idem
1714 2576 1799 2619 est
1828 2566 1951 2634 pul-

368 2660 559 2713 chrum
607 2669 771 2727 atque
828 2659 1054 2724 bonum,
1108 2659 1367 2728 quoniam
1422 2659 1605 2715 omnia
1648 2660 1948 2714 secundum

366 2770 583 2808 onmem
637 2768 861 2807 causam
896 2753 1188 2823 pulchrum
1220 2760 1278 2807 et.
1324 2753 1523 2807 bonum
1567 2762 1865 2825 appetunt;
1896 2764 1951 2808 et

368 2846 502 2900 nihil
525 2855 609 2901 est
637 2846 692 2900 in
726 2861 905 2900 rerum
938 2855 1155 2908 natura,
1191 2846 1320 2914 quin
1353 2845 1637 2916 pulchrum
1668 2854 1722 2900 et.
1745 2845 1945 2901 bonum

370 2937 680 3007 participet.
726 2936 953 2991 Audcbo
979 2937 1141 2992 etiam
1192 2937 1295 2991 hoc
1335 2938 1536 3001 dicere,
1559 2937 1611 2992 id
1651 2938 1797 3007 quod
1841 2953 1948 2992 non

365 3040 469 3097 est,
510 3030 797 3099 pulchrum
826 3038 882 3084 et
912 3030 1114 3085 bonum
1143 3030 1497 3099 participare;
1532 3040 1659 3085 tunc
1690 3031 1835 3086 enim
1864 3039 1950 3086 est

372 3125 549 3194 ipsum
580 3123 871 3195 pulchrum
902 3136 956 3180 et
984 3127 1206 3190 bonum,
1238 3125 1459 3194 quando
1484 3124 1536 3177 in
1560 3123 1668 3179 Deo
1698 3125 1951 3180 laudatur

2056 1932 2234 1986 πάντα
2258 1932 2468 2001 ἐφίεται
2486 1946 2499 1959 ”
2530 1929 2625 1983 καὶ
2651 1928 2752 1980 οὐκ
2778 1924 2893 1977 ἐστι
2916 1941 2967 1975 τι
2997 1921 3105 1975 τῶν
3127 1921 3315 1985 ὄντων,
3348 1919 3378 1973 ὃ
3410 1920 3486 1991 μὴ
3515 1936 3650 1987 μετ-

2056 2025 2169 2096 έχει
2206 2023 2302 2077 τοῦ
2344 2021 2511 2077 καλοῦ
2540 2021 2635 2073 καὶ
2675 2016 2901 2088 ἀγαθοῦ.
2932 2014 3206 2087 Τολμήσει
3246 2014 3305 2068 δὲ
3353 2013 3449 2067 καὶ
3489 2010 3656 2063 τοῦτο

2054 2118 2229 2170 εἰπεῖν
2278 2116 2306 2168 ὁ
2352 2115 2530 2184 λόγος,
2576 2113 2657 2166 ὅτι
2701 2113 2794 2165 καὶ¹
2822 2110 2883 2163 τὸ
2911 2110 2984 2182 μὴ
3020 2108 3078 2161 ὃν
3110 2106 3330 2179 μετέχει
3355 2105 3449 2157 τοῦ
3478 2103 3653 2157 καλοῦ

2055 2209 2150 2262 xai.
2194 2207 2398 2276 ἀγαοοῦ
2428 2247 2443 2271 ,
2487 2206 2610 2258 τότε
2650 2203 2760 2276 γὰρ
2803 2204 2896 2256 καὶ
2922 2201 3051 2255 αὐτὸ
3079 2198 3241 2253 καλὸν
3290 2197 3387 2251 καὶ
3424 2194 3654 2263 ἀγαθὸν,

2052 2298 2180 2350 ὅταν
2206 2299 2262 2349 ὲν
2287 2295 2409 2367 Θεῷ
2438 2294 2581 2349 κατά
2605 2293 2706 2365 τὴν
2748 2293 2966 2347 πάντων
2995 2290 3282 2360 ἀφαίρεσιν
3308 2285 3655 2357 ὑπερουσίως

2054 2385 2289 2461 ὕμνηται
2339 2390 2402 2441 ¹³.
2452 2388 2622 2442 Τοῦτο
2664 2386 2727 2440 τὸ
2748 2386 2806 2439 ἓν
2845 2386 2889 2417 ⁸⁸
2913 2385 3114 2455 ἀγαθὸν
3138 2382 3232 2437 καὶ
3257 2382 3420 2434 καλὸν
3452 2378 3655 2441 ἑνικιῖξ

2053 2482 2168 2535 ἐστι
2213 2481 2431 2535 πάντων
2468 2480 2578 2533 τῶν
2619 2479 2829 2533 πολλῶν
2868 2479 3048 2533 καλῶν
3074 2477 3166 2531 καὶ
3202 2473 3423 2543 ἀγαθῶν
3450 2473 3653 2525 αἴτιον.

2065 2575 2161 2629 Ἐκ
2181 2576 2371 2630 τούτου
2400 2576 2443 2607 ¹¹⁵
2468 2575 2637 2629 πᾶσαι
2660 2575 2768 2628 τῶν
2791 2574 2962 2626 όντων
2979 2572 3033 2624 αἱ
3058 2568 3337 2631 οὑσιώδεις
3357 2566 3659 2641 ὑπάρξεις,

2051 2673 2105 2725 αἱ
2131 2669 2373 2733 ὲνὼσεις,
2414 2670 2470 2722 αἱ
2504 2668 2824 2740 διακρίσεις,
2853 2667 2907 2718 αἱ
2935 2663 3281 2734 ταύτότητες,
3312 2661 3365 2714 αἱ
3391 2658 3659 2729 ἑτερότη-

2050 2779 2160 2826 τες,
2188 2764 2242 2816 αί
2267 2762 2602 2833 ὁμοιότητες,
2629 2761 2683 2813 αί
2708 2758 3111 2829 ἀνομοιότητες,
3150 2755 3206 2807 αἱ
3236 2750 3515 2806 κοινωνίαι
3538 2748 3659 2802 τῶν

2051 2855 2309 2909 ἐναντίων
2353 2856 2418 2917 ¹⁶,
2466 2855 2520 2907 αἱ
2563 2849 2890 2923 ἀσυμμιξίαι
2930 2848 3040 2901 τῶν
3067 2845 3383 2918 ὴνωμένων,
3418 2845 3472 2896 αί
3521 2842 3662 2911 πρό-

2050 2966 2191 3003 νοιαι
2218 2948 2325 3001 τῶν
2349 2947 2687 3019 ὑπερτέρων,
2712 2946 2766 2999 αἱ
2795 2942 3142 3013 ἀλληλουχίαι
3164 2939 3272 2993 τῶν
3287 2937 3657 3009 ὁμοστοίχων,

2052 3042 2107 3094 αἱ
2136 3040 2463 3111 ἐπιστροφαὶ
2482 3037 2591 3090 τῶν
2619 3033 3080 3105 καταδεεστέρων,
3105 3034 3159 3085 αἱ
3187 3031 3400 3084 πάντων
3437 3027 3659 3080 ἑαυτῶν

2051 3130 2418 3204 φρουρητικαὶ
2465 3130 2559 3183 καὶ
2604 3126 2995 3200 ἀμετακίνητοι
3046 3124 3203 3197 μοναὶ
3249 3122 3342 3175 καὶ
3384 3117 3657 3191 ἱδρύσεις.

368 3230 533 3283 supra
580 3215 966 3283 substantiam,
1017 3216 1314 3272 auferendo
1365 3216 1639 3271 universa.
1705 3216 1949 3286 Denique

2054 3224 2165 3277 Καὶ
2190 3218 2347 3286 αὖθις
2385 3224 2441 3275 αἱ
2487 3222 2707 3276 πάντων
2750 3222 2805 3273 ὲν
2835 3220 3001 3271 πᾶσιν
3045 3216 3260 3277 οἰκείως
3302 3212 3518 3281 ἑκάστῳ
3548 3229 3661 3264 κοι-

370 3309 471 3362 hoc
507 3324 671 3361 unum
713 3308 917 3363 bonum
945 3318 999 3363 et
1024 3308 1309 3378 pulchrum
1348 3308 1695 3378 singulariter
1717 3318 1800 3364 est
1828 3325 1947 3364 om-

372 3400 520 3454 nium
555 3400 850 3455 multorum
884 3402 1234 3470 pulchrorum
1256 3410 1311 3457 et
1347 3400 1612 3455 bonorum
1655 3418 1843 3457 causa.
1872 3405 1948 3459 Ex

370 3494 473 3547 hoc
496 3508 676 3549 rerum
708 3493 953 3548 omnium
978 3492 1367 3548 substantiales
1395 3496 1754 3557 exsistentiae,
1787 3496 1947 3553 unio-

374 3598 490 3651 nes,
519 3585 927 3652 distinctiones,
962 3586 1304 3652 identitates,
1342 3586 1703 3651 diversitates,
1740 3587 1948 3643 hedera

372 3679 824 3745 contrariorum,
894 3694 1080 3734 rerum
1131 3679 1404 3733 unitarum
1473 3680 1947 3748 impermistioncs,

374 3770 728 3838 providentia:
770 3774 1141 3839 superiorum,
1196 3781 1383 3826 mutua
1441 3774 1713 3826 consortia
1767 3788 1949 3827 rerum

371 3882 496 3936 qua:
521 3874 647 3919 sunt
676 3863 919 3933 ejusdem
944 3866 1178 3929 ordinis,
1216 3865 1603 3919 conversiones
1635 3866 1949 3920 inferiorum

370 3959 728 4029 omniumque
785 3958 1233 4026 suimctipsorum
1302 3962 1738 4013 conservatrices
1789 3958 1951 4030 357

2051 3317 2260 3382 νωνίαι,
2289 3315 2382 3369 καὶ
2406 3314 2740 3387 ὲφαρμογαὶ,
2765 3312 2859 3365 καὶ
2888 3309 3182 3381 ἀσύγχυτοι
3218 3304 3409 3375 φιλίαι,
3435 3302 3535 3356 καὶ
3564 3304 3662 3374 ἁρ-

2056 3409 2233 3480 μονίαι
2261 3407 2356 3461 τοῦ
2398 3406 2620 3470 παντὸς,
2648 3407 2701 3458 αἱ
2728 3406 2786 3457 ὲν
2808 3403 2886 3474 τῷ
2912 3402 3075 3457 παντὶ
3104 3399 3452 3470 συγκράσεις,
3477 3396 3585 3448 καὶ
3616 3398 3661 3426 ¹⁷

2055 3502 2112 3554 αί
2181 3500 2453 3554 ἀδιάλυτοι
2500 3498 2720 3569 συνοχαὶ
2780 3496 2890 3550 τῶν
2959 3494 3149 3559 όντων,
3197 3494 3254 3546 ai
3302 3487 3663 3544 ἀνέκλειπτοι

2054 3592 2296 3663 διαδοχαὶ
2318 3592 2427 3645 τῶν
2454 3590 2755 3662 γινομένων
2775 3629 2789 3653 ,
2820 3590 2875 3642 αἱ
2904 3587 3123 3650 στάσεις
3152 3586 3344 3648 πᾶσαι,
3369 3582 3461 3635 καὶ
3484 3581 3547 3631 αἱ
3581 3597 3668 3632 κι-

2053 3684 2239 3755 νήσεις
2265 3684 2319 3736 αἱ
2345 3682 2453 3736 τῶν
2483 3681 2642 3745 νοῶν,
2670 3683 2725 3735 αἱ
2749 3680 2857 3734 τῶν
2879 3676 3087 3749 ψυχῶν,
3116 3679 3171 3730 αἱ
3196 3674 3307 3729 τῶν
3335 3674 3617 3743 σωμάτων
3641 3689 3655 3700 ·

2057 3779 2247 3841 στάσις
2297 3779 2407 3850 γάρ
2453 3779 2570 3830 ἐστι
2616 3778 2752 3830 πᾶσι
2801 3777 2893 3829 καὶ
2931 3774 3167 3843 κίνησις,
3208 3771 3270 3824 τὸ
3296 3769 3437 3839 ὑπὲρ
3463 3768 3663 3820 πᾶσαν

2057 3870 2247 3923 στάσιν
2299 3872 2393 3924 καὶ
2438 3871 2622 3923 πᾶσαν
2673 3870 2888 3938 κίνησιν
2938 3864 3181 3935 ὲνιδρύον
3219 3863 3448 3916 ἕκαστον
3483 3861 3547 3913 ἐν
3577 3858 3663 3929 τῷ

2056 3961 2248 4014 ἑαυτοῦ
2275 3962 2436 4032 λόγῳ,
2483 3960 2576 4014 καὶ
2598 3958 2778 4013 κινοῦν
2804 3956 2897 4009 ἐπὶ
2915 3957 3015 4026 τὴν
3041 3954 3246 4008 οἰκείαν
3274 3952 3505 4022 κίνησιν.

373 4055 852 4125 innnutabilesque
887 4055 1197 4110 mansiones
1225 4070 1289 4109 ac
1318 4054 1629 4110 lirmitates.
1666 4056 1732 4110 Et
1768 4073 1957 4111 rursus
1991 4059 2238 4113 onmium
2269 4058 2321 4112 in
2352 4058 2608 4114 omnibus
2646 4072 2746 4125 pro
2800 4053 3069 4123 cujusque
3125 4049 3455 4120 preprietate
3480 4058 3655 4099 com-

374 4148 681 4216 inuniones,
720 4158 775 4203 et
802 4148 1197 4216 congruentim,
1237 4146 1647 4217 ineonlnsmqne
1672 4149 1951 4216 amicitiai,
1982 4161 2038 4204 et
2064 4151 2451 4207 consensiones
2475 4151 2734 4213 universi,
2763 4164 2863 4205 nec
2888 4164 2997 4205 non
3026 4162 3206 4202 rerum
3266 4144 3318 4197 in
3358 4142 3462 4196 hoc
3511 4140 3657 4193 uni-

372 4258 533 4297 verso
595 4239 1173 4311 contemperationes,
1214 4239 1733 4311 indissolubilesque
1799 4243 2135 4312 complexus,
2189 4254 2244 4299 et
2294 4259 2482 4299 eorum
2532 4260 2653 4313 qua:
2714 4243 2854 4298 ﬁunt
2908 4249 3182 4314 perpetuas
3230 4234 3657 4297 successiones,

372 4345 553 4389 status
596 4349 811 4396 omnes,
856 4344 1152 4402 motusque
1210 4334 1501 4396 mentium,
1565 4335 1894 4398 animorum,
1958 4351 2293 4409 corporum;
2352 4346 2526 4393 status
2593 4337 2739 4391 enim
2792 4345 2877 4391 est
2926 4333 3187 4389 omnibus
3238 4341 3402 4398 atque
3453 4337 3653 4381 motus

373 4428 517 4499 quod
559 4430 705 4483 omni
758 4439 905 4483 statu
944 4438 1203 4495 motuque
1235 4427 1488 4496 superius
1523 4434 1747 4482 exstans
1780 4468 1794 4495 ,
1847 4442 1958 4482 rem
1996 4428 2299 4498 quamlibet
2326 4429 2379 4483 in
2410 4429 2629 4499 pmpria
2662 4428 2871 4483 ratione
2898 4427 3100 4493 tirmat,
3131 4432 3188 4477 ut
3237 4420 3303 4475 ad
3364 4417 3654 4489 propriam

373 4524 560 4593 dirigit
588 4523 900 4578 motionem.

1888 4679 2111 4753 §Vlll.

450 4854 693 4924 Denique
717 4854 912 4909 divina:
934 4861 1144 4909 mentes
1176 4853 1429 4908 dicuntur
1463 4846 1667 4902 moveri
1713 4845 1948 4901 circula-

2128 4845 2237 4898 Καὶ
2266 4842 2528 4898 κινεῖσθαι
2560 4843 2659 4913 μὲν
2686 4844 2734 4895 οἱ
2757 4842 2888 4896 Θείοι
2909 4843 3153 4911 λέγονται
3189 4841 3328 4905 νόες,
3366 4840 3647 4906 κυκλικῶς

337 4954 511 5023 ,τίιοτ
569 4949 812 5017 quidem,
857 4949 982 5002 dum
1036 4947 1307 5017 principio
1366 4946 1583 5014 tineque
1639 4940 1954 4997 carentibus

375 5043 590 5117 pulchri
621 5041 859 5111 bonique
883 5040 1263 5110 splendoribus
1288 5039 1587 5101 uniuntur;
1616 5035 1827 5089 directe
1857 5048 1954 5086 au-

379 5149 510 5203 tem,
558 5134 778 5206 quando
824 5136 891 5186 ad
942 5132 1261 5186 inferiorum
1313 5128 1709 5201 providentiam
1766 5140 1957 5196 proce-

376 5224 536 5287 dunt,
588 5232 735 5277 recte
781 5221 965 5276 omnia
1017 5219 1336 5289 dirigenda;
1367 5218 1586 5286 oblique
1637 5232 1787 5281 vero,
1825 5217 1953 5270 dum

380 5317 737 5373 inferioribus
782 5312 1126 5370 consulentes
1168 5313 1222 5367 in
1254 5311 1447 5367 eodem
1490 5322 1636 5366 statu
1693 5317 1956 5380 perpetuo

2058 4940 2159 5010 μὲν
2186 4939 2306 4992 ὲνού
2316 4956 2465 5011 μενοι
2487 4941 2608 5001 ταῖς
2634 4937 2891 5009 ἀνάρχοις
2919 4937 3012 4989 κα)⁵
3043 4934 3421 5006 ἀτελευτήτοις
3452 4935 3651 5005 ὲλλάμ-

2054 5030 2180 5100 ψεσι
2208 5031 2301 5083 τοῦ
2342 5029 2507 5083 καλοῦ
2542 5031 2638 5083 καὶ
2666 5027 2872 5096 ἀγαθοῦ
2900 5045 2912 5057 ·
2944 5030 3066 5081 κατ’
3089 5026 3305 5080 εὐθεῖαν
3332 5027 3410 5089 δὲ,
3440 5027 3647 5080 ὁπόταν

2057 5124 2319 5195 προΐωσιν
2342 5124 2384 5154 ¹⁸
2414 5123 2492 5186 είς
2536 5122 2635 5193 τὴν
2679 5121 2787 5174 τῶν
2818 5120 3123 5191 ὑφειμένων
3154 5119 3431 5191 πρόνοιαν,
3459 5119 3649 5190 εὐθείᾳ

2057 5216 2126 5269 τὰ
2154 5216 2331 5270 πάντα
2372 5214 2747 5286 περαίνοντες·
2796 5212 3103 5276 ἐλικοειδῶς
3153 5212 3230 5275 δὲ,
3270 5213 3351 5266 ὅτι
3381 5215 3477 5266 καὶ
3507 5231 3645 5281 ’προ⁵

2057 5307 2303 5372 νοοῦντες
2324 5306 2433 5361 τῶν
2459 5305 2918 5378 καταδεεστέρων,
2948 5304 3352 5375 ἀνεκφοιτήτως
3388 5305 3643 5375 μένουσιν

1684 5474 1916 5529 VARle
1951 5472 2358 5529 LECTIONES.

444 5634 465 5661 “
492 5632 526 5702 ἢ
549 5634 661 5686 τισὶ
706 5632 826 5703 μέν,
864 5633 923 5686 Ι).

383 5701 445 5755 D.
485 5701 613 5756 Item
643 5701 789 5757 mox.

384 5790 507 5824 νων.

1029 5637 1049 5667 9
1086 5635 1208 5689 καθ“
1234 5634 1363 5688 αὐτὸ
1408 5636 1522 5705 μεθ’
1555 5637 1739 5697 αὑτοῦ,
1771 5637 1829 5689 D.
1862 5636 1916 5690 S.

224 6102 449 6191 ιχ

1998 5638 2039 5667 ¹⁰
2071 5637 2368 5705 πάγκαλον,
2398 5635 2453 5688 S.

896 5705 936 5735 ⁸³
960 5706 1204 5775 ὑμνεῖται
1230 5747 1241 5767 ,
1274 5706 1331 5761 S.
1376 5706 1438 5758 P.
1484 5708 1543 5761 Ι).
1582 5709 1623 5738 ¹³
1654 5707 1810 5759 τοῦτο
1836 5708 1891 5760 δὲ
1926 5707 1986 5759 τὸ
2017 5709 2094 5767 ἓν,
2160 5709 2217 5763 ιι.

593 5773 630 5802 ¹⁷
662 5773 753 5827 καί
780 5789 885 5830 non
912 5773 1077 5833 estin
1118 5778 1177 5833 D.
1207 5777 1261 5834 S.
1304 5776 1361 5831 Ρ.
1401 5778 1488 5831 Se.
1535 5779 1657 5833 Sat.
1696 5781 1734 5810 Η
1766 5780 2038 5848 προῖόωσι,
2073 5779 2131 5833 D.

2534 5635 2571 5664 “
2602 5634 2677 5704 τῷ
2704 5634 2891 5705 ἀγαΟῷ
2912 5677 2923 5694 ,
2952 5634 3007 5689 S.
3092 5637 3133 5667 ¹²
3160 5633 3253 5705 καὶ
3278 5633 3371 5705 τοῦ
3398 5632 3601 5701 ἀγαοοῐ
3626 5675 3638 5697 ,

2296 5708 2336 5741 ¹⁶
2375 5709 2437 5760 ἐκ
2474 5703 2693 5773 ταὺτοῦ,
2746 5703 2805 5759 Ρ.
2866 5703 2873 5705 ”
2909 5707 2951 5737 ¹¹⁵
2978 5706 3158 5764 subdit
3189 5703 3245 5760 S.
3289 5703 3638 5776 διακεκριμέ-
