3866 6234
158 289 270 345 705

1248 280 1336 334 DE
1371 276 1624 334 DIVINIS
1655 274 2056 339 NOMINIBUS,
2092 271 2246 329 CAP.
2284 271 2375 328 IV.
3346 272 3437 326 ποι»

157 405 219 457 ἐν
262 403 557 474 ταύτότητι
603 403 732 473 περὶ
774 401 835 454 τὸ
862 400 963 471 τῆς
1012 399 1342 470 ταύτότητος
1388 397 1562 450 αἴτιον
1592 396 1756 449 καλὸν

1873 403 2110 455 manent,
2144 392 2353 445 circum
2386 390 2585 444 bunum
2618 400 2671 445 et
2707 389 3016 461 pulchrum,
3046 388 3290 457 ejusdem
3323 401 3441 441 Sta-

157 496 257 549 καὶ
283 494 511 564 ἀγαθὸν,
546 493 939 568 ἀκαταλήκτως
964 492 1006 523 ¹⁹
1036 488 1500 562 περιχορεύοντες.

1866 496 1952 541 lllS
1975 497 2227 544 causam.
2266 497 2488 551 semper
2516 498 2575 539 se
2600 492 2908 540 versantes.

1707 647 1735 720 §
1774 646 1887 706 IX.

227 803 427 873 Ψυχῆς
452 802 509 855 δὲ
540 800 753 872 κίνησίς
782 799 919 862 ἐστι,
952 797 1185 868 κυκλικὴ
1220 797 1316 869 μὲν
1350 797 1385 867 ἡ
1423 797 1503 860 είς
1551 795 1750 867 ἑαυτὴν

154 898 370 959 εἴσοδος
395 895 504 949 ἀπὸ
524 892 633 947 τῶν
662 893 787 960 ἔξω,
815 892 1032 947 καὶτῶν
1054 910 1139 946 vos
1149 892 1256 965 ρῶν
1281 892 1451 963 αὐτῆς
1471 890 1753 961 δυνάμεων

154 992 193 1062 ἠ
224 988 467 1059 ὲνοειδὴς
500 985 788 1052 συνέλιξις,
821 985 1011 1057 ὥσπερ
1041 984 1097 1039 ἓν
1122 1002 1229 1039 τινι
1259 984 1444 1056 κύκλῳ
1471 984 1534 1037 τὸ
1571 982 1754 1036 ἀπλα-

159 1081 259 1145 νὲς
274 1081 413 1151 αὐτῇ
443 1078 784 1151 δωρουμένη,
805 1079 900 1131 καὶ
923 1076 1031 1131 ἀπὸ
1048 1077 1157 1131 τῶν
1186 1076 1395 1131 πολλῶν
1414 1075 1526 1128 τῶν
1554 1073 1754 1142 ἔξωθεν

160 1174 341 1243 αὐτὴν
402 1171 809 1243 ἐπιστρέφουσα
860 1171 957 1224 καὶ
1015 1169 1341 1237 συνάγουσα,
1393 1167 1610 1240 πρῶτον
1674 1168 1754 1231 είς

162 1267 391 1339 ἑαυτὴν,
454 1262 571 1320 εἶτα
620 1266 697 1330 ὡς
742 1265 945 1337 ἐνοειδῆ
1001 1263 1323 1335 γενομένην,
1383 1260 1579 1316 ἐνοῦσα
1633 1262 1755 1324 ταῖς

162 1358 389 1422 ὲνιαίως
412 1357 721 1429 ὴνωμέναις
748 1355 1031 1427 δυνάμεσι,
1060 1356 1157 1409 καὶ
1185 1355 1357 1419 οὕτως
1382 1355 1475 1408 ἐπὶ
1505 1355 1566 1408 τὸ
1594 1353 1755 1407 καλὸν

160 1453 265 1506 καὶ
310 1449 514 1521 ἀγαθὸν
547 1448 981 1521 χειραγωγοῦσα,
1020 1447 1082 1501 τὸ
1117 1448 1256 1520 ὑπὲρ
1302 1448 1481 1502 πάντα
1507 1445 1576 1500 τὰ
1606 1446 1754 1510 ὄντα,

160 1544 263 1598 καὶ
298 1543 359 1598 ἓν
407 1543 503 1597 καὶ
545 1542 763 1606 ταύτὸν,
816 1541 911 1595 καὶ
950 1539 1188 1610 ἄναρχον
1230 1539 1327 1592 καὶ
1375 1537 1752 1609 ἀτελεύτητον.

170 1636 518 1701 Ἑλικοειδῶς
558 1637 617 1690 δὲ
664 1638 699 1707 ἡ
747 1634 895 1706 ψυχὴ
942 1634 1172 1686 κινεῖται
1218 1633 1339 1687 καθ’
1367 1634 1492 1688 ὅσον
1539 1632 1757 1695 οἰκείως

1924 795 2106 849 Animi
2140 805 2320 850 autem
2368 804 2548 850 motus
2593 792 2921 849 orbicularis
2970 801 3056 847 est
3101 791 3218 861 ejus
3250 792 3317 846 ab
3352 807 3447 847 cx-

1859 889 2067 944 traneis
2128 890 2180 944 in
2246 889 2605 959 semetipsum
2658 886 2941 951 introitus,
2992 886 3443 956 spiritaliumque

1858 980 2026 1049 ipsius
2066 980 2387 1036 facultatum
2439 979 2697 1034 unimoda
2733 977 2979 1045 inflexio,
3022 992 3142 1046 qua:
3193 980 3349 1047 quasi
3386 979 3439 1033 in

1859 1074 2066 1130 circulo
2100 1075 2268 1129 fixum
2294 1082 2348 1129 et
2371 1073 2440 1129 ab
2470 1072 2616 1128 omni
2649 1086 2842 1128 errore
2885 1074 3111 1129 liberum
3154 1080 3357 1127 motum
3391 1074 3438 1127 ei

1861 1168 2076 1233 tribuit,
2108 1176 2163 1223 ct
2187 1183 2215 1222 a
2245 1166 2430 1221 multis
2455 1164 2621 1221 rebus
2647 1165 2928 1221 extraneis
2965 1164 3142 1235 ipsum
3173 1167 3448 1221 convertit

1862 1279 1927 1318 ac
1966 1261 2170 1332 colligit
2200 1261 2436 1331 primum
2465 1258 2532 1313 ad
2564 1273 2640 1317 se.
2677 1258 2897 1324 deinde,
2938 1259 3094 1328 quasi
3131 1257 3246 1327 jam
3281 1260 3448 1312 unius

1864 1357 2006 1412 modi
2039 1355 2312 1419 elIectum,
2354 1351 2664 1421 conjunctis
2710 1366 2819 1406 uno
2868 1353 3031 1409 modo
3087 1350 3446 1408 facultatibus

1864 1449 2165 1519 conjungit,
2198 1454 2364 1516 atque
2392 1445 2467 1498 ita
2498 1445 2717 1500 demum
2743 1444 2811 1498 ad
2839 1442 3127 1513 pulchrum
3152 1459 3215 1499 ac
3238 1446 3441 1500 bonum

1864 1541 2206 1607 manuducit,
2249 1538 2395 1609 quod
2434 1553 2598 1608 supra
2639 1537 2821 1593 omnia
2854 1552 2977 1606 quae
3017 1546 3146 1592 sunt
3179 1545 3238 1592 et
3277 1554 3445 1592 unum

1865 1643 1920 1689 et
1946 1634 2109 1699 idem,
2151 1641 2206 1685 et
2236 1632 2355 1686 sine
2384 1630 2657 1702 principio
2698 1639 2752 1686 et
2775 1631 2896 1685 sine
2928 1631 3035 1686 line
3074 1638 3179 1685 est.
3212 1628 3447 1699 Oblique

159 1733 337 1803 ἑαυτῇ
360 1730 459 1794 τάς
492 1729 643 1793 θείας
684 1728 1020 1800 ἐλλάμπεται
1066 1725 1317 1797 γνώσεις,
1344 1725 1406 1778 οὐ
1436 1724 1639 1797 νοερῶς
1666 1725 1762 1778 καὶ

1873 1741 1996 1780 vero
2023 1724 2197 1779 cietur
2226 1724 2463 1789 animus,
2491 1723 2710 1791 quando
2735 1738 2835 1791 pro
2865 1731 3027 1791 captu
3060 1737 3162 1778 suo
3209 1720 3450 1775 notioni-

159 1824 388 1887 ὲνιαίως
419 1824 486 1889 ³ο,
527 1820 666 1876 ἀλλὰ
716 1820 948 1889 λογικῶς
982 1819 1076 1872 καὶ
1128 1817 1458 1883 διεξοδικῶς,
1504 1817 1600 1870 καὶ
1650 1811 1759 1869 οἷον

163 1918 503 1990 συμμίκτοις
531 1916 627 1971 καὶ
658 1915 1048 1988 μεταϐατικαῖς
1069 1916 1110 1946 ²¹
1139 1913 1460 1985 ἐνεργείαις.
1500 1910 1610 1982 Τὴν
1635 1910 1758 1963 κατ’

161 2014 386 2066 εὐθεῖαν
423 2011 500 2076 δὲ,
533 2011 663 2064 ὅταν
688 2010 789 2063 οὐκ
822 2010 904 2074 είς
949 2008 1147 2080 ἑαυτὴν
1190 2004 1436 2061 εἰσιοῦσα
1464 2004 1559 2058 καὶ
1603 2005 1757 2075 ἑνικῇ

160 2104 450 2175 νοερότητι
478 2105 523 2135 ¹²
550 2100 865 2172 κινουμένη,
896 2099 1075 2171 (τοῦτο
1098 2098 1228 2167 γὰρ,
1259 2097 1334 2161 ὡς
1366 2096 1525 2166 ἔφην,
1553 2094 1672 2147 ἐστὶ
1698 2094 1759 2148 τὸ

132 2212 135 2215 ‘
160 2195 314 2251 κατά
338 2194 541 2249 κύκλον
559 2192 598 2264 ·)
616 2192 752 2246 ἀλλά
777 2191 916 2264 πρὸς
940 2190 1011 2244 τά
1039 2192 1168 2263 περὶ
1185 2189 1384 2261 ἑαυτὴν
1409 2189 1453 2220 ³³
1471 2186 1756 2259 προϊοῦσα,

160 2291 263 2344 καὶ
286 2288 397 2342 ἀπὸ
417 2287 526 2341 τῶν
558 2286 778 2352 ἔξωθεν,
815 2284 1007 2357 ὥσπερ
1031 2284 1139 2338 ἀπό
1165 2300 1327 2336 τινων
1354 2280 1636 2353 συμϐόλων
1658 2296 1758 2332 πε-

161 2382 538 2454 ποικιλμένων
561 2381 657 2434 καὶ
684 2376 1176 2450 πεπληθυσμένων,
1212 2376 1306 2430 ἐπὶ
1329 2374 1427 2439 τὰς
1460 2374 1637 2438 ἁπλᾶς
1664 2373 1759 2427 καὶ

162 2475 457 2547 ήνωμένας
485 2475 747 2542 ἀνάγεται
773 2473 1026 2546 θεωρίας.

1862 1816 1964 1871 bus
2011 1814 2214 1869 divinis
2246 1813 2576 1881 illustratur,
2606 1829 2715 1869 non
2746 1814 2979 1883 spiritali
3023 1815 3244 1885 quidem
3289 1813 3450 1867 unito

1866 1906 2043 1968 modo,
2088 1906 2183 1961 sed
2217 1906 2511 1976 cogitando
2555 1914 2613 1960 et
2665 1906 3027 1961 discurrendo
3054 1907 3210 1975 quasi
3244 1908 3449 1976 permi-

1864 2000 1965 2056 stis
2007 1997 2278 2067 lluxisque
2327 1998 2658 2052 actionibus.
2709 1996 2926 2053 Directe
2976 2014 3108 2054 vero
3170 2010 3447 2063 movetur,

1863 2092 2086 2161 quando
2112 2106 2218 2145 non
2244 2091 2311 2145 ad
2344 2090 2584 2162 seipsum
2611 2089 2936 2161 ingreditur,
2975 2105 3154 2162 neque
3180 2091 3448 2161 singulari

1864 2193 2017 2239 motu
2057 2182 2285 2254 spiritali
2312 2180 2486 2237 fertur
2518 2180 2665 2253 (nam
2691 2182 2782 2237 hic
2816 2192 2997 2238 motus
3030 2182 3319 2239 circularis
3340 2194 3449 2249 est,

1864 2284 1923 2329 ut
1950 2274 2108 2344 dixi),
2147 2274 2243 2329 sed
2274 2274 2342 2329 ad
2369 2288 2431 2329 ea
2456 2288 2575 2342 qua:
2598 2273 2699 2343 ipsi
2732 2273 2910 2327 vicina
2934 2282 3059 2329 sunt
3080 2275 3449 2344 progreditur,

1864 2376 1920 2423 et
1952 2382 1983 2422 a
2013 2366 2179 2422 rebus
2208 2366 2471 2433 externis,
2506 2382 2613 2421 non
2642 2382 2800 2423 secus
2834 2381 2899 2422 ac
2924 2368 3094 2438 signis
3122 2368 3451 2437 quibusdam

1868 2459 2039 2515 variis
2063 2475 2128 2515 ac
2168 2459 2581 2530 multiplicibus,
2615 2461 2681 2515 ad
2704 2460 2980 2530 simplices
3009 2469 3065 2515 et
3107 2462 3289 2517 unitas
3318 2476 3451 2517 cou-

1866 2552 2249 2623 templationcs
2277 2562 2590 2607 revocatur.

1735 2694 1882 2767 §X.

242 2845 465 2900 Τούτων
504 2840 620 2909 οῦν,
649 2845 743 2898 καὶ
770 2843 880 2897 τῶν
910 2842 1185 2914 αἰσθητῶν
1230 2844 1291 2897 ἐν
1314 2841 1452 2913 τῷδε
1478 2840 1557 2912 τῷ
1600 2840 1762 2894 παντὶ

165 2938 344 3012 τριῶν
394 2940 687 3010 κινήσεων,
719 2938 814 2993 καὶ
849 2937 1029 3008 πολλῷ
1082 2936 1348 3009 πρότερον
1380 2934 1490 2989 τῶν
1528 2935 1762 2989 ἑκάστου

1943 2839 2144 2894 llarum
2176 2839 2340 2910 igitur
2378 2838 2561 2903 trium,
2585 2838 2665 2894 uti
2701 2848 2757 2895 et
2801 2839 3107 2908 sensilium,
3140 2841 3194 2896 in
3236 2842 3339 2898 hac
3365 2859 3455 2898 reo

1872 2950 1991 2990 rum
2017 2934 2376 2989 universitate
2407 2932 2729 3000 motionum,
2780 2942 3134 3004 slatuumque
3180 2950 3243 2991 ac
3276 2937 3448 2992 ﬁrmi-

171 3031 360 3104 μονῶν
408 3033 503 3085 καὶ
550 3031 811 3095 στάσεων,
845 3031 940 3084 καὶ
984 3029 1246 3103 ἱδρύσεων
1282 3029 1453 3083 αίτιόν
1489 3029 1628 3094 ἐστι,
1670 3029 1764 3082 καί

1873 3039 2041 3085 latum
2082 3042 2271 3090 causa,
2311 3034 2367 3081 et
2415 3025 2762 3081 conservatio
2816 3035 2871 3081 et
2922 3028 3065 3093 finis,
3112 3038 3197 3082 est
3246 3028 3453 3085 bonum

170 3124 481 3193 συνοχικὸν,
512 3125 606 3177 καὶ
636 3123 810 3193 πέρας
829 3122 891 3176 τὸ
934 3121 1099 3176 καλὸν
1145 3122 1241 3175 καὶ
1264 3121 1489 3189 ἀγαθὸν,
1533 3120 1595 3174 τὺ
1622 3120 1765 3192 ὑπὲρ

170 3217 363 3270 πᾶσαν
393 3215 439 3248 ³⁵
466 3215 655 3269 στάσιν
682 3216 777 3268 καὶ
820 3214 1063 3286 κίνησιν*
1094 3213 1233 3267 διὺ²⁵
1269 3213 1421 3265 πᾶσα
1457 3211 1643 3274 στάσις
1672 3211 1767 3264 καὶ

170 3308 414 3380 κίνησις,
464 3308 562 3363 καὶ
602 3308 661 3375 ἐξ
683 3301 767 3372 οὗ,
814 3308 909 3360 καὶ
955 3308 1014 3360 ὲν
1057 3300 1102 3375 ᾧ
1132 3308 1199 3370 ’⁸,
1232 3306 1325 3359 καὶ
1370 3306 1450 3368 είς
1479 3303 1527 3369 ὃ,
1563 3304 1658 3357 καὶ
1706 3298 1766 3358 οῦ

169 3402 364 3455 ἓνεκα.
391 3402 500 3455 Καὶ
530 3401 641 3473 γὰρ
683 3401 742 3468 ἐξ
769 3399 956 3464 αὐτοῦ,
988 3401 1082 3455 καὶ
1109 3401 1177 3454 δι’
1216 3400 1402 3465 αὐτοῦ,
1449 3400 1544 3453 καὶ
1586 3399 1765 3463 οὐσία,

171 3492 273 3545 καὶ
297 3490 412 3563 ζωὴ
443 3493 614 3554 πᾶσα,
641 3492 735 3545 καὶ
757 3490 850 3544 νοῦ
878 3492 973 3544 καὶ
997 3490 1196 3562 ψυχῆς,
1226 3491 1320 3544 καὶ
1341 3490 1520 3561 πάσης
1553 3489 1767 3560 φύσεως

172 3584 236 3635 αἱ
275 3581 661 3652 σμικρότητες,
713 3581 771 3635 αἱ
822 3582 1087 3653 ίσότητες,
1126 3582 1182 3634 αἱ
1219 3579 1653 3653 μεγαλειότητες,
1698 3579 1770 3635 τὰ

175 3672 362 3744 μέτρα
382 3674 580 3736 πάντα,
615 3673 710 3727 καὶ
732 3673 787 3726 αί
810 3672 918 3727 τῶν
945 3673 1114 3727 ὄντων
1144 3671 1448 3740 ἀναλογίαι,
1470 3672 1768 3742 καὶ“ἀρμο-

174 3766 313 3830 νίαι,
346 3766 442 3819 καὶ
474 3767 723 3837 κράσεις,
757 3767 815 3819 αἱ
847 3766 1121 3837 ὁλότητες,
1161 3764 1231 3819 τὰ
1280 3765 1441 3837 μέρη,
1478 3766 1587 3819 πᾶν
1617 3765 1676 3818 ἓν
1700 3766 1767 3829 ³⁷,

174 3860 277 3913 καὶ
325 3857 549 3930 πλῆθος,
587 3860 645 3912 αἱ
701 3858 975 3923 συνδέσεις
1021 3858 1130 3913 τῶν
1189 3857 1392 3930 μερῶν,
1451 3859 1509 3912 αί
1571 3858 1771 3922 παντὸς

173 3952 422 4024 πλήθους
458 3952 701 4019 ἐνὼσεις,
736 3955 791 4007 αἱ
845 3953 1181 4025 τελειότητες
1232 3954 1343 4007 τῶν
1383 3953 1671 4026 ὁλοτήτων,
1709 3954 1771 4008 τὸ

174 4046 360 4109 ποιὸν,
391 4044 454 4097 τὸ
489 4046 673 4110 ποσὸν,
704 4046 765 4099 τὸ
796 4045 1043 4117 πηλίκον,
1073 4047 1134 4100 τὸ
1169 4046 1416 4118 ἄπειρον,
1456 4047 1512 4100 αἱ
1550 4046 1773 4118 συγκρί-

178 4152 323 4201 σεις,
365 4136 419 4189 αἱ
449 4136 774 4208 διακρίσεις,
822 4137 972 4190 πᾶσα
1013 4136 1260 4208 ἀπειρία,
1310 4138 1419 4191 πᾶν
1476 4139 1671 4211 πέρας,
1720 4139 1770 4192 οἱ

174 4230 301 4299 ὅροι
339 4227 560 4293 πάντες,
593 4230 650 4282 αἱ
680 4229 885 4296 τάξεις,
914 4230 971 4283 αἱ
991 4231 1278 4302 ὑπεροχαὶ,
1310 4229 1381 4283 τὰ
1410 4233 1667 4301 στοιχεῖα,
1704 4230 1772 4284 τὰ

174 4321 326 4393 εἴδη,
376 4322 525 4376 πᾶσα
572 4321 749 4387 οὐσία,
795 4324 944 4376 πᾶσα
992 4322 1243 4394 δύναμις,
1294 4325 1444 4376 πᾶσα
1496 4324 1768 4395 ἐνέργεια,

1872 3123 2003 3177 illud
2043 3120 2358 3190 pulchrum,
2390 3119 2535 3189 quod
2576 3125 2659 3174 est
2686 3132 2851 3188 supra
2900 3128 3107 3174 statum
3139 3136 3356 3177 omnem
3390 3138 3455 3175 ac

1872 3227 2101 3282 motum,
2134 3228 2230 3285 per
2258 3213 2425 3283 quod,
2456 3224 2512 3268 ct
2540 3228 2608 3268 ex
2639 3227 2767 3282 quo,
2799 3222 2856 3268 et
2884 3214 2953 3267 ad
2991 3227 3150 3283 quem
3197 3222 3253 3268 et
3297 3215 3456 3284 cujus

1870 3310 2068 3379 gratia,
2102 3316 2275 3365 status
2303 3305 2484 3362 omnis
2528 3320 2593 3361 ac
2643 3315 2823 3361 motus
2852 3306 3088 3362 exsistit.
3118 3306 3333 3362 Etenim
3386 3323 3452 3362 ex

1872 3403 2023 3473 ipso;
2052 3410 2107 3456 et
2130 3414 2227 3470 per
2250 3398 2450 3469 ipsum,
2484 3405 2540 3452 et
2568 3397 2901 3464 substantia,
2935 3397 3102 3468 358
3122 3407 3177 3453 et
3203 3399 3314 3453 vita
3338 3413 3459 3454 om-

1870 3495 1961 3551 nis
2005 3505 2061 3551 et
2113 3493 2314 3549 mentis
2351 3500 2406 3547 ει
2433 3492 2651 3557 animae,
2702 3498 2865 3561 atque
2919 3494 3186 3547 imiversa:
3242 3502 3459 3548 naturae

1870 3591 2190 3661 parvitates,
2256 3584 2639 3657 mqualitates;
2695 3585 3123 3655 magnitudines,
3184 3601 3459 3642 mensura?

1871 3679 2138 3742 omnium,
2171 3685 2226 3733 et
2266 3692 2449 3733 rerum
2493 3678 2898 3747 proportiones,
2947 3684 3002 3731 et
3052 3686 3379 3743 concentus,
3401 3687 3458 3731 et

1872 3772 2275 3837 concretiones,
2326 3777 2462 3835 tota,
2490 3777 2698 3837 partes,
2751 3782 2914 3823 omne
2954 3783 3120 3822 unum
3161 3776 3218 3823 et
3264 3768 3455 3823 multi.-

1878 3861 2034 3928 tudo,
2091 3860 2503 3931 conjunctiones
2547 3862 2807 3931 partium,
2855 3861 3035 3915 omnis
3091 3859 3460 3915 multitudinis

1872 3952 2274 4025 capulationes,
2310 3950 2679 4023 perfectiones
2723 3961 2983 4017 talorum,
3047 3952 3227 4021 quale,
3288 3967 3459 4023 quau-

1874 4056 2010 4114 tum,
2051 4062 2215 4117 quam
2257 4062 2517 4118 magnum
2550 4056 2647 4100 aut
2675 4060 2928 4115 parvum,
2973 4044 3271 4112 infinitum,
3310 4062 3459 4100 com-

1872 4140 2212 4210 parationes,
2226 4140 2625 4210 separationes,
2640 4140 2819 4195 omnis
2842 4139 3100 4205 infinitas,
3117 4140 3294 4194 omnis
3310 4140 3456 4204 linis,

1875 4233 2225 4290 definitiones
2256 4249 2483 4302 omnes,
2510 4236 2751 4300 ordines,
2780 4234 3138 4301 excellentim,
3164 4235 3455 4301 elementa,

1878 4329 2090 4393 formae,
2135 4327 2317 4383 omnis
2364 4327 2692 4393 substantia,
2722 4327 2903 4383 omnis
2955 4326 3187 4382 facultas
3212 4330 3328 4383 sive
3360 4344 3458 4398 po-

172 4415 338 4468 πᾶσα
373 4414 504 4481 ἕξις,
541 4416 691 4468 πᾶσα
720 4413 992 4486 αἴσθησις,
1044 4417 1152 4478 πᾶς
1182 4414 1359 4483 λόγος,
1392 4416 1541 4470 πᾶσα
1568 4416 1764 4486 νόησις,

1880 4428 2069 4485 testas,
2100 4419 2280 4474 omnis
2331 4418 2497 4485 actio,
2524 4420 2702 4473 omnis
2747 4416 2988 4485 habitus,
3017 4420 3205 4491 omnis
3239 4433 3454 4485 sensus,

176 4511 340 4563 πᾶσα
384 4508 589 4579 ἐπαφὴ,
649 4508 798 4560 πᾶσα
850 4508 1150 4580 ἐπιστήμη,
1212 4510 1362 4561 πᾶσα
1408 4508 1632 4572 ἐνωσις·
1678 4510 1771 4563 καὶ

174 4594 397 4660 ἁπλῶς,
428 4596 535 4648 πᾶν
562 4591 624 4649 ὃν
664 4595 730 4648 ἐκ
759 4594 852 4648 τοῦ
888 4595 1053 4649 καλοῦ
1092 4597 1187 4649 καὶ
1212 4596 1437 4665 ἀγαθοῦ,
1470 4597 1566 4651 καὶ
1593 4599 1651 4651 ἐν
1693 4597 1772 4669 τῷ

176 4684 341 4756 καλῷ
369 4686 460 4738 καὶ
480 4685 673 4756 ἀγαθῷ
701 4686 841 4751 ἐστι,
882 4687 979 4740 καὶ
1018 4687 1098 4751 είς
1125 4686 1186 4740 τὸ
1237 4687 1403 4742 καλὸν
1438 4687 1533 4741 καὶ
1569 4687 1773 4756 ἀγαθὸν

176 4780 575 4851 ἐπιστρέφεται
600 4798 614 4811 ·
668 4782 761 4835 καὶ
788 4782 968 4837 πάντα
998 4781 1097 4834 ὅσα
1144 4781 1260 4834 ἐστὶ
1319 4782 1414 4835 καὶ
1459 4778 1504 4810 ³⁸
1534 4778 1770 4848 γίνεται,

173 4872 277 4927 διὰ
312 4872 376 4926 τὸ
397 4873 561 4929 καλὸν
586 4874 682 4928 καὶ
715 4873 920 4943 ἀγαθόν
950 4875 1069 4927 ἐστι
1100 4874 1194 4927 καὶ
1233 4873 1461 4943 γίνεται,
1510 4874 1605 4927 καὶ
1638 4874 1774 4944 πρὸς

176 4964 324 5019 αὐτὸ
353 4963 531 5018 πάντα
575 4966 699 5037 ὁρᾷ,
735 4965 829 5018 καὶ
856 4966 949 5018 ὑπ’
979 4963 1144 5018 αὑτοῦ
1173 4966 1403 5018 κινεῖται
1426 4964 1521 5018 καὶ
1554 4964 1774 5034 συνέχε-

177 5076 303 5123 ται,
343 5059 437 5112 xui.
483 5057 648 5112 αὐτοῦ
704 5059 887 5123 ἕνεκα,
936 5059 1031 5112 καὶ
1076 5059 1144 5113 δι’
1176 5059 1329 5123 αὐτὸ,
1380 5059 1475 5112 καί
1523 5060 1581 5111 ἐν
1624 5056 1774 5128 αὐτῷ

179 5153 345 5207 πᾶσα
391 5151 537 5223 ἀρχὴ
592 5150 1088 5223 παραδειγματικὴ,
1134 5151 1322 5223 τελικὴ
1371 5154 1438 5217 ³³,
1490 5151 1771 5223 ποιητικὴ,

179 5242 388 5313 εἰδικὴ,
439 5242 802 5314 στοιχειὼδης,
858 5243 954 5296 καὶ
1012 5242 1198 5306 ἁπλῶς
1245 5244 1396 5296 πᾶσα
1434 5242 1598 5315 ἀρχὴ,
1624 5244 1772 5296 πᾶσα

182 5334 414 5407 συνοχὴ,
442 5335 548 5389 πᾶν
581 5335 754 5407 πέρας
774 5352 789 5366 ·
832 5334 877 5367 ³⁰
907 5334 940 5405 ἢ
976 5335 1062 5390 ἵνα
1092 5334 1368 5390 συλλαϐὼν
1397 5334 1555 5401 εἴπω,
1595 5334 1775 5389 πάντα

1879 4514 2059 4569 omnis
2115 4514 2280 4579 ratio,
2328 4513 2507 4569 omnis
2567 4512 2965 4582 intelligentia,
3018 4512 3199 4568 omnis
3254 4521 3457 4577 tactus,

1877 4605 2057 4661 omnis
2115 4605 2363 4671 scientia,
2411 4606 2591 4661 omnis
2639 4605 2949 4677 copulatio;
3003 4614 3058 4660 et
3112 4604 3457 4675 simpliciter,

1848 4706 1851 4708 ’
1879 4712 2041 4753 omne
2070 4698 2214 4768 quod
2246 4713 2314 4753 ex
2354 4699 2586 4770 pulchro
2609 4708 2663 4754 et
2710 4701 2852 4754 bono
2897 4697 3138 4766 exsistit,
3177 4707 3233 4753 et
3260 4698 3313 4752 in
3342 4697 3461 4768 pul-

1881 4791 2017 4846 chro
2042 4800 2097 4846 et
2122 4794 2264 4846 bono
2294 4802 2397 4860 est,
2424 4801 2480 4846 et
2510 4792 2577 4846 ad
2604 4790 2887 4862 pulchrum
2916 4801 2970 4847 et
2997 4792 3199 4847 bonum
3227 4807 3458 4849 convcr-

1882 4877 2047 4943 titur;
2087 4886 2145 4933 et
2187 4894 2526 4950 qurecunque
2572 4890 2700 4935 sunt
2749 4890 2804 4935 et
2860 4881 3017 4948 fiunt,
3065 4893 3289 4952 propter
3337 4883 3458 4953 pul-

1881 4968 2076 5023 chrum
2109 4977 2166 5025 et
2186 4969 2387 5025 bonum
2436 4980 2565 5027 sunt
2593 4981 2649 5027 et
2675 4972 2834 5038 nunt,
2869 4983 2927 5028 et
2966 4984 3164 5029 cuncta
3198 4976 3251 5028 in
3281 4976 3459 5045 ipsum

1883 5059 2181 5125 intuentur,
2243 5072 2301 5117 et
2356 5062 2426 5118 ab
2485 5063 2605 5132 ipso
2670 5072 2959 5118 moventur
3011 5074 3066 5119 et
3121 5080 3459 5120 conservau-

1888 5162 2000 5219 tur,
2031 5162 2088 5209 et
2125 5154 2295 5224 ipsius
2323 5154 2501 5226 gratia
2531 5165 2588 5213 et
2626 5167 2854 5227 propter
2884 5156 3060 5227 ipsum
3116 5163 3173 5210 et
3221 5160 3277 5213 in
3339 5157 3464 5226 ipso

1882 5260 2047 5302 omne
2085 5248 2411 5321 principium
2441 5251 2775 5319 exemplare,
2822 5250 3003 5315 finale,
3051 5251 3315 5317 elliciens,
3348 5251 3460 5303 for-

1882 5337 2046 5405 male,
2072 5341 2377 5407 materiale,
2399 5353 2455 5397 et
2480 5341 2714 5413 denique
2730 5358 2891 5399 omne
2906 5344 3259 5414 principium,
3276 5342 3457 5399 omnis

1494 5489 1729 5546 VARUE
1765 5490 2173 5551 LECTIONES.

266 5636 312 5666 "
339 5633 757 5715 ᾁκριτριλήπεωςν
784 5633 865 5715 ι);.
925 5633 1379 5715 “sessorium,
1402 5632 1477 5715 Β·
1626 5634 2151 5715 συμμετρεδετυεριῖς,
2175 5636 2245 5715 β;
2275 5710 2287 5715 ,
2315 5640 2367 5715 '1
2384 5638 2681 5713 ἑτερότητις
2709 5642 2771 5696 D-
2788 5712 2813 5715 _
2839 5642 2885 5675 ³³
2912 5643 3038 5715 περὶ
3064 5641 3253 5713 αὐτήν,
3287 5638 3341 5693 υ-
3378 5639 3449 5715 Μο

186 5705 240 5739 ²¹⁸
265 5706 366 5783 καὶ
406 5700 889 5783 ύπέρᾼξπῇσανηΜ.
968 5705 1013 5783 ﬁ“
1038 5700 1323 5783 6t’;ob,'l:.
1342 5776 1362 5783 _
1401 5705 1447 5736 ²⁶
1471 5700 1808 5783 subiungunt
1830 5704 1897 5783 hi.
1926 5706 2079 5783 P._D.
2107 5710 2197 5760 καὶ
2220 5700 2566 5783 δι’-οῦζίιύοιὶ
2594 5700 2757 5767 habet
2782 5712 2897 5780 Sc.,
2938 5700 3031 5770 sc'd
3063 5700 3453 5783 ιητιείςὲηηιιὶι,

185 5777 289 5832 καὶ
318 5778 377 5830 ἐν
398 5769 461 5846 ᾧ.

545 5776 587 5807 ²⁷
616 5774 685 5830 Μ.
740 5774 881 5848 μέρη
910 5777 1085 5829 πάντα
1113 5777 1190 5829 ἓν.
1272 5778 1315 5808 ’⁸
1340 5776 1451 5829 ἔστι
1480 5793 1537 5828 τε
1568 5776 1679 5840 καί,
1710 5775 1770 5829 D.
1853 5778 1896 5807 ὐ
1928 5776 2266 5846 τελειωτική,
2297 5781 2351 5833 S.
2383 5774 2473 5838 se.
2554 5783 2595 5813 ³⁰
2630 5783 2743 5836 καί.
