3866 6234
467 246 572 300 707

1603 246 1664 303 S.
1708 245 2007 302 DIONYSII
2042 240 2508 299 AREOPAGITAS
3603 252 3692 309 708

467 361 832 427 conservatio,
861 363 1041 419 omnis
1077 363 1232 426 fluis;
1267 372 1345 427 et,
1378 372 1436 417 ut
1468 362 1780 417 summatim
1839 362 2041 424 dicam,

2153 360 2215 413 τὰ
2247 364 2375 416 ὅντα
2401 362 2465 414 ἐκ
2495 357 2591 412 τοῦ
2623 357 2788 412 καλοῦ
2818 357 2911 413 καὶ
2932 360 3135 428 ἀγαθοῦ
3155 377 3169 391 ·
3198 362 3291 416 καὶ
3322 363 3491 417 πάντα
3529 365 3588 417 τὰ
3610 368 3692 419 οὐκ

465 455 647 509 omnia
696 469 816 525 quae
844 462 994 515 sunt,
1017 469 1083 508 ex
1113 454 1338 524 pulchro
1368 463 1424 508 et
1463 455 1605 507 bono
1651 453 1950 516 exsistunt,
1988 460 2043 505 et

467 547 648 601 omnia
679 562 799 616 quae
828 561 935 600 non
968 558 1114 610 sunt,
1153 548 1208 600 in
1242 546 1471 614 pulchro
1509 554 1564 598 et
1607 544 1750 598 bono
1779 552 1908 595 sunt
1956 557 2048 595 su-

471 638 1044 708 prasubstantialiter;
1081 647 1135 692 et
1176 649 1257 692 est
1302 639 1544 692 omnium
1594 635 1918 706 principium
1952 650 2048 689 su-

471 745 732 800 proquam
775 729 1102 802 principiale
1131 739 1188 785 et
1229 730 1352 786 finis
1379 744 1710 799 supraquam
1737 727 2044 798 perfectus;

473 818 739 882 Quoniam
763 833 826 870 ea:
852 819 984 886 ipso,
1008 829 1054 870 et
1079 833 1168 881 per
1193 819 1383 885 ipsum,
1407 828 1453 869 et
1481 819 1533 870 iu
1559 820 1692 885 ipso,
1715 826 1763 868 et
1785 815 1854 867 ad
1879 816 2051 884 ipsum

470 911 672 974 omnia,
714 910 858 963 sicut
899 909 980 963 ait
1010 909 1291 979 Scriptura
1327 919 1376 964 «ι.
1408 907 1688 964 Universis
1725 909 1892 980 igitur
1928 906 2052 977 pul-

467 1002 662 1056 chrum
708 1011 764 1055 et
802 1001 1006 1056 bonum
1049 1002 1410 1057 desiderabile
1440 1011 1492 1057 et
1526 1001 1758 1056 amabile
1789 1009 1873 1056 est
1895 1007 1949 1054 et
1980 999 2050 1053 ab

467 1096 740 1152 universis
762 1095 1040 1166 diligitur;
1065 1105 1120 1151 et
1145 1106 1366 1166 propter
1387 1095 1586 1166 ipsum,
1605 1103 1658 1149 et
1683 1095 1856 1165 ipsius
1879 1108 2042 1149 causa

461 1197 517 1242 et
545 1187 804 1244 inferiora
833 1199 1020 1244 amant
1048 1189 1353 1260 superiora,
1379 1190 1743 1243 convertendo
1773 1204 1833 1244 se
1855 1187 1921 1242 ad
1943 1202 2040 1252 ea;

458 1290 516 1337 et
541 1297 663 1352 quae
687 1291 816 1338 sunt
839 1282 1080 1352 ejusdem
1109 1280 1320 1336 ordinis
1347 1291 1532 1336 amant
1557 1281 1776 1348 similia,
1802 1296 2043 1337 commu-

475 1367 740 1434 tticattdo;
777 1376 832 1422 et
890 1367 1098 1437 majora
1152 1369 1388 1432 minora,
1441 1369 1774 1439 providendo
1827 1372 1943 1434 eis;
1996 1379 2051 1424 et

471 1455 682 1524 singula
729 1456 932 1526 seipsa,
989 1459 1368 1511 conservando
1419 1473 1515 1520 se;
1561 1468 1616 1512 et
1664 1460 1871 1522 omnia.
1934 1461 2051 1530 pul-

471 1549 665 1602 cltrum
719 1558 776 1604 et
837 1551 1038 1603 bonum
1093 1551 1418 1620 expetendo,
1477 1551 1686 1606 faciunt
1731 1563 1786 1607 et
1834 1555 2047 1618 volunt,

471 1654 807 1710 qtttecunque
849 1641 1059 1694 faciunt
1084 1651 1139 1695 et
1165 1642 1372 1696 volunt.
1405 1642 1544 1708 Quin
1577 1653 1631 1698 et
1666 1645 1767 1699 boc
1799 1661 1926 1700 vere
1954 1663 2048 1699 au-

471 1733 663 1788 demus
717 1733 918 1796 dicere,
972 1735 1115 1802 quod
1169 1736 1284 1804 ipse
1314 1737 1403 1804 qui
1451 1747 1533 1789 est
1563 1737 1806 1790 omnium
1852 1753 2043 1802 causa,

471 1832 692 1893 propter
715 1825 1095 1878 excellentiam
1135 1825 1397 1880 bonitatis
1429 1827 1609 1880 omnia
1660 1838 1827 1891 amat,
1863 1829 2044 1883 omnia

472 1912 625 1977 facit,
659 1915 841 1968 omnia
877 1915 1112 1984 perlicit,
1145 1917 1328 1971 omnia
1371 1917 1635 1980 continet,
1683 1919 1864 1972 omnia
1909 1935 2045 1973 con-

472 2007 635 2059 vertit
664 2007 729 2059 ad
760 2022 854 2070 se;
887 2016 944 2060 et
967 2019 1050 2060 est
1082 2008 1294 2062 divinus
1343 2024 1498 2063 amor
1548 2010 1722 2062 bonus
1775 2011 1898 2064 boni
1931 2028 2050 2080 pro-

472 2105 590 2164 pter
617 2094 833 2149 bonum.
863 2095 977 2164 Ipse
1005 2097 1149 2150 enim
1178 2112 1333 2150 amor
1361 2099 1600 2163 divinus,
1627 2099 1716 2168 qui
1748 2101 2044 2155 bonitatem

475 2187 527 2240 in
580 2187 648 2242 iis
695 2203 814 2258 qute
866 2199 992 2242 sunt
1046 2199 1323 2258 aperatur,
1364 2192 1490 2259 quia
1527 2191 1680 2260 prius
1733 2193 1946 2247 exstitit
1993 2195 2045 2247 in

474 2277 615 2332 bono
638 2278 929 2347 superlate,
961 2296 1065 2334 non
1096 2280 1224 2334 sivit
1246 2282 1420 2349 ipsum
1454 2283 1504 2335 iu
1531 2297 1591 2336 se
1623 2283 1740 2337 sine
1773 2283 1904 2340 fietu
1934 2301 2051 2339 ma-

2150 455 2298 517 ὄντα,
2339 452 2676 523 ὑπερουσξως
2705 453 2762 503 ἐν
2787 452 2864 522 τῷ
2897 451 3048 521 καλῷ
3089 454 3183 505 καὶ
3211 453 3424 524 ἀγαθῷ·
3474 457 3561 509 καὶ
3599 456 3692 509 ἐστι

2151 547 2370 601 πάντων
2397 545 2559 616 ἀρχὴ,
2593 545 2687 597 καὶ
2715 544 2885 616 πέρας
2902 545 3254 615 ὑπεράρχιον,
3280 547 3370 598 καὶ
3395 547 3683 618 ὑπερτελέςί

2154 641 2282 691 Ὅτι
2323 638 2392 702 ἐξ
2441 638 2648 698 αὐτοῦ,
2684 637 2780 689 καὶ
2815 636 2889 688 δι’
2926 638 3136 699 αὐτοῦ,
3185 636 3366 691 καὶέν
3401 642 3571 707 αὐτῷ,
3615 645 3692 694 καὶ

2148 730 2235 790 εἰς
2278 728 2426 783 αὐτὸ
2458 728 2499 758 ³¹
2553 729 2624 780 τὰ
2675 727 2890 788 πάντα,
2939 725 3017 790 ὥς
3063 745 3224 799 φησιν
3269 731 3297 782 ὁ
3347 730 3487 800 ἱερὸς
3533 731 3694 799 λόγος·

2150 821 2324 874 Πᾶσιν
2381 813 2473 871 οῦν
2540 819 2656 870 ἐστι
2709 818 2769 870 τὸ
2818 816 2978 870 καλὸν
3015 817 3108 870 καὶ
3147 817 3367 885 ἀγαθὸν,
3401 820 3596 888 ἐφετὸν,
3620 821 3697 872 καὶ

2153 911 2404 983 ἐραστδν,
2448 910 2543 963 καὶ
2595 911 2906 981 ἀγαπητόνο
2952 911 3048 963 καὶ
3091 911 3159 964 δι’
3211 911 3361 973 αὐτὸ,
3415 914 3505 965 καὶ
3557 913 3694 966 αὐτοῦ

2151 1005 2336 1066 ἕνεκα,
2369 1003 2462 1055 καὶ
2489 1002 2559 1054 τά
2588 1002 2736 1071 ἥττω
2783 1001 2889 1054 τῶν
2941 1003 3262 1074 κρειττόνων
3302 1005 3695 1075 ἐπιστρεπτικὼς

2152 1097 2340 1168 ἐρῶσι,
2368 1097 2462 1150 καὶ
2484 1096 2815 1159 κοινωνικῶς
2831 1095 2901 1148 τά
2917 1097 3212 1166 ὁμόστοιχα
3234 1097 3341 1149 τῶν
3364 1098 3628 1167 ὁμοταγῶν
3643 1100 3692 1158 ³¹,

2152 1193 2246 1244 καὶ
2290 1189 2360 1242 τά
2408 1191 2641 1260 κρείττω
2672 1189 2717 1221 ³³
2759 1188 2866 1241 τῶν
2913 1190 3150 1260 ἡττόνων
3215 1190 3594 1261 προνοητικῶς,
3623 1193 3695 1243 καὶ

2151 1280 2288 1333 αὐτὰ
2320 1281 2530 1333 ἑαυτῶν
2553 1281 2757 1333 ἕκαστα
2805 1280 3156 1343 συνεκτικῶς,
3188 1282 3281 1333 καὶ
3313 1282 3487 1334 πάντα
3511 1281 3594 1333 τοῦ
3619 1300 3696 1334 κα-

2151 1373 2244 1428 λοῦ
2271 1375 2364 1428 καὶ
2393 1372 2600 1441 ἀγαθοῦ
2635 1373 2918 1442 ἐφιέμενα,
2955 1375 3097 1425 ποιεῖ
3122 1374 3216 1425 καὶ
3265 1373 3508 1442 βούλεται
3554 1375 3695 1426 πάντα

2151 1468 2251 1520 ὅσα
2288 1469 2436 1520 ποιεῖ
2464 1467 2557 1518 καὶ
2597 1465 2866 1536 βούλεται.
2898 1465 3343 1536 Παρῤησιάσεται
3373 1466 3429 1518 δὲ
3460 1467 3545 1519 καὶ
3571 1465 3696 1518 τοῦτο

2152 1561 2325 1612 εἰπεῖν
2351 1560 2379 1610 ὁ
2407 1557 2612 1628 (licet;
2637 1557 2813 1626 λόγος,
2845 1558 2925 1610 ὅτι
2954 1558 3046 1608 καὶ
3083 1557 3242 1619 αὐτὸς
3264 1558 3292 1609 ὁ
3319 1558 3530 1611 πάντων
3562 1557 3695 1619 αἴτιος

2151 1651 2217 1703 δι’
2250 1651 2584 1720 ἀγαθότητος
2612 1649 2916 1722 ὑπερϐολὴν
2957 1649 3175 1702 πάντων
3201 1651 3320 1721 ἐρᾷ,
3362 1651 3534 1703 πάντα
3563 1653 3692 1710 ποιεῖ,

2149 1745 2325 1797 πάντα
2345 1743 2560 1805 τελειοί,
2595 1742 2770 1794 πάντα
2806 1743 3038 1813 συνέχει,
3072 1741 3246 1794 πάντα
3275 1743 3604 1812 ἐπιστρέφει,
3625 1743 3694 1793 καὶ

2148 1834 2266 1886 ἔστι
2299 1834 2392 1886 καὶ
2417 1835 2445 1886 ὁ
2473 1833 2616 1896 θεῖος
2649 1833 2693 1864 ³⁸
2720 1833 2860 1904 ἔρως
2901 1833 3104 1901 ἀγαθὸς
3137 1831 3344 1898 ἀγαθοῦ
3391 1832 3479 1885 διά
3516 1832 3570 1884 τὸ
3591 1833 3694 1898 ἀγα-

2149 1926 2258 1980 θόν.
2297 1926 2467 1988 Αὐτὸς
2512 1924 2622 1997 γὰρ
2661 1927 2690 1977 ὁ
2731 1925 3063 1996 ἀγαθοεργος
3100 1925 3209 1978 τῶν
3261 1925 3431 1978 ὄντων
3477 1924 3617 1994 ἔρως,
3653 1925 3695 1973 ὲν

2148 2014 2372 2085 τάγαθῷ
2429 2014 2550 2068 καθ’
2603 2015 2910 2086 ὑπερϐολὴν
2960 2016 3351 2086 προῦπάρχων,
3404 2015 3501 2066 οῦκ
3555 2012 3696 2064 εἴασεν

2149 2107 2309 2159 αὑτὸν
2342 2107 2533 2174 ἄγονον
2566 2107 2624 2159 ἐν
2670 2105 2848 2176 ἐαυτῷ
2879 2105 3080 2176 μένειν,
3121 2106 3341 2176 ἐκίνησε
3374 2105 3431 2157 δέ
3473 2104 3614 2157 αὑτὸν
3638 2105 3696 2163 εἰς

2155 2198 2217 2250 τὸ
2251 2197 2714 2266 πρακτικεύεσθαι
2753 2196 2894 2251 κατά
2941 2197 3040 2267 τὴν
3070 2197 3323 2250 ἀπάντων
3372 2194 3637 2267 γενητικὴν
3664 2194 3695 2222 ³⁵

2161 2290 2263 2342 ὑπε
2273 2289 2487 2361 ρὸολήν.

473 2383 628 2436 nere,
652 2370 746 2425 sed
785 2371 962 2441 potius
1007 2373 1176 2426 movit
1235 2386 1358 2425 eum
1409 2372 1476 2427 ad
1537 2377 1872 2441 operandum
1911 2377 2211 2435 secundum
2264 2381 2642 2437 excellentiam
2680 2381 2898 2436 virtutis
2955 2395 3064 2435 sua:
3105 2382 3347 2436 omnium
3393 2395 3564 2435 rerum
3599 2375 3697 2432 είΐιι-

471 2465 678 2519 ctricis.

1998 2614 2026 2688 ς
2059 2611 2174 2673 xr.

542 2752 706 2824 359
756 2751 942 2822 Neque
970 2768 1101 2810 vero
1163 2771 1263 2812 nos
1311 2759 1600 2830 quisquam
1647 2770 1802 2830 putet
1851 2771 2046 2817 contra

475 2845 767 2916 Scriptura:
817 2849 1198 2903 auctoritatem
1254 2853 1456 2907 amoris
1495 2869 1688 2908 nomen
1742 2854 2044 2909 celebrare.

2227 2759 2336 2813 Kal.
2380 2759 2452 2832 μή
2482 2777 2565 2824 τις
2597 2761 2744 2832 ἡμᾶς
2774 2760 2970 2814 οἰέσθω
3008 2757 3159 2830 παρά
3207 2757 3276 2812 τά
3323 2759 3479 2827 λόγια
3517 2757 3602 2827 τὴν
3626 2754 3697 2807 τοῦ

2153 2849 2354 2922 ἔρωτος
2393 2851 2706 2922 ἐπωνυμίαν
2743 2851 3085 2922 πρεσϐεύειν.
3133 2852 3287 2904 Ἔστι
3329 2851 3430 2920 μὲν
3460 2849 3560 2917 γὰρ
3600 2847 3675 2901 ἄλο

474 2939 569 2994 Est
587 2941 734 2995 enim
753 2941 1006 2996 aratione
1036 2941 1293 3007 alienum,
1321 2954 1379 2998 ut
1406 2947 1621 3015 Opinor,
1647 2956 1702 3001 et
1727 2947 2044 3013 absurdum,

2154 2959 2269 3011 γον,
2295 2943 2371 3006 ώς
2399 2938 2573 3013 οἶμαι,
2625 2943 2719 2996 καὶ
2763 2942 2948 2996 σκαιὸν
2986 2943 3050 3006 ³⁸,
3086 2942 3146 2994 τὸ
3178 2943 3251 3012 μὴ
3280 2944 3348 3012 τῇ
3387 2941 3598 3010 δυνάμει
3625 2935 3696 3031 τοῦ

475 3048 580 3086 non
607 3033 712 3087 vim
745 3033 916 3100 ipsam
961 3034 1194 3089 instituti
1246 3039 1555 3101 attendere,
1587 3040 1681 3093 sed
1717 3040 1914 3106 verba;
1950 3055 2050 3093 ne—

471 3138 578 3192 que
603 3124 706 3178 hoc
737 3125 1014 3194 proprium
1043 3136 1339 3182 esteorum
1373 3129 1462 3197 qui
1508 3145 1594 3185 res
1637 3130 1853 3185 divinas
1889 3131 2048 3186 intel-

473 3212 638 3283 ligere
666 3216 912 3284 cupiunt,
956 3216 1050 3272 sed
1080 3233 1245 3274 sonos
1283 3220 1452 3276 exiles
1505 3231 1873 3290 aucupantur,
1920 3237 2050 3278 eos-

473 3305 704 3374 demque
747 3308 1089 3364 extrinsecus
1138 3323 1270 3364 aure
1314 3321 1470 3366 tenus
1512 3312 1842 3376 admittunt.
1873 3330 2052 3384 neque

473 3397 616 3452 scire
640 3398 847 3462 volunt,
889 3400 1018 3470 quid
1050 3400 1420 3468 hujuscemodi
1452 3404 1623 3459 dictio
1653 3406 1948 3475 significet,
1997 3418 2054 3463 et

472 3503 711 3558 quonam
739 3489 898 3545 modo
927 3491 1048 3545 aliis
1077 3495 1245 3547 etiam
1282 3495 1463 3550 verbis
1488 3497 1967 3566 aequipollentibus
1995 3512 2052 3555 et

472 3582 860 3651 explanatoriis
900 3585 973 3638 sit
1018 3587 1360 3657 exponenda,
1403 3589 1498 3643 sed
1531 3590 1731 3645 addicti
1766 3601 1894 3646 sunt
1939 3591 2049 3646 ele-

473 3675 672 3729 mentis
721 3689 786 3730 ae
832 3675 990 3730 lineis
1029 3692 1150 3746 qua:
1199 3679 1426 3749 intelligi
1466 3695 1571 3762 non
1603 3689 1851 3749 possunt,
1885 3682 2050 3753 sylla’

471 3765 666 3833 bisque
683 3774 738 3821 et
761 3767 945 3822 verbis
972 3767 1285 3840 incognitis,
1311 3786 1429 3840 qua:
1460 3772 1675 3828 illorum
1709 3773 2048 3830 intellectum

473 3856 695 3911 minime
752 3858 978 3923 feriunt,
1024 3863 1120 3915 sed
1167 3873 1328 3917 extra
1360 3865 1568 3919 circum
1608 3865 1758 3921 labra
1793 3876 1847 3924 et
1891 3884 2050 3924 aures

473 3960 661 4001 eorum
702 3957 1073 4018 perstrepunt,
1105 3952 1261 4019 quasi
1304 3969 1409 4008 non
1464 3955 1626 4010 liceat
1669 3964 1907 4026 quatuor
1954 3973 2051 4027 per

473 4037 560 4093 bis
581 4039 687 4094 duo
713 4041 1052 4111 significare,
1090 4054 1183 4098 aut
1220 4045 1498 4114 simplices
1545 4047 1716 4104 lineas
1749 4065 1847 4119 per
1879 4051 2048 4106 lineas

474 4141 676 4194 rectas,
702 4142 798 4186 aut
824 4144 1136 4189 maternum
1169 4137 1343 4190 solum
1371 4153 1469 4207 per
1493 4141 1756 4210 patrium,
1787 4151 1881 4197 aut
1903 4144 2047 4198 aliud

473 4221 753 4289 quodlibet
778 4237 874 4293 per
899 4225 951 4278 id
975 4228 1118 4293 quod
1151 4227 1202 4280 in
1227 4227 1481 4296 plurimis
1503 4233 1772 4288 orationis
1799 4237 2047 4303 partibus

2157 3033 2360 3088 σκοποῦ
2408 3035 2715 3105 προσέχειν,
2750 3033 2884 3086 ἀλλά
2927 3035 3046 3097 ταῖς
3073 3032 3284 3099 λέξεσι·
3319 3033 3416 3084 καὶ
3444 3031 3588 3083 τοῦτο
3623 3027 3698 3079 οὐκ

2155 3124 2271 3178 ἐστι
2322 3123 2431 3178 τῶν
2462 3124 2532 3177 τὰ
2579 3124 2696 3176 θεῖα
2728 3127 2870 3176 νοεῖν
2912 3123 3204 3176 ἐθελόντων
3247 3122 3399 3186 ἴδιον,
3448 3120 3574 3174 ἀλλά
3614 3116 3697 3170 τῶν

2153 3218 2318 3288 ἠχους
2365 3216 2557 3286 ψιλοὺς
2606 3216 3018 3286 εἰσδεχομένων,
3072 3217 3167 3269 καὶ
3212 3214 3436 3278 τούτους
3473 3215 3588 3283 ἄχρι
3613 3212 3697 3263 τῶν

2154 3307 2308 3361 ὤτων
2336 3307 2676 3370 ἀδιαόἀτους,
2707 3306 2906 3374 ἔξωθεν
2935 3305 3288 3376 συνεχόντων,
3322 3306 3420 3358 καὶ
3471 3305 3563 3357 οὐκ
3601 3300 3696 3353 ἐθε-

2153 3398 2352 3452 λόντων
2380 3399 2423 3430 ³⁷
2453 3399 2671 3462 εἰδέναι,
2711 3398 2764 3452 τί
2811 3399 2909 3468 μὲν
2959 3401 2992 3470 ἡ
3044 3399 3222 3452 τοιάδε
3275 3398 3424 3465 λέξις
3462 3394 3695 3468 σημαίνει.

2153 3491 2272 3556 πῶς
2305 3492 2362 3545 δέ
2413 3493 2582 3564 αὐτὴν
2618 3492 2724 3564 χρὴ
2777 3493 2870 3545 καὶ
2901 3492 2968 3544 δι’
3009 3493 3209 3562 ἐτέρων
3255 3490 3598 3561 ὁμοδυνάμων
3628 3483 3697 3537 καὶ

2153 3585 2641 3656 ἐκφαντικωτέρων
2671 3584 2715 3615 ³⁸
2746 3583 2942 3650 λέξεων
2965 3583 3318 3654 διασαφῆσαι,
3361 3576 3696 3653 προσπασχόν-

2151 3692 2261 3728 των
2307 3673 2364 3726 δέ
2420 3673 2724 3743 στοιχείοις,
2762 3675 2857 3726 καὶ
2909 3675 3196 3743 γραμμαῖς
3251 3672 3497 3742 ἀνοήτοις
3528 3667 3586 3726 ³⁹,
3627 3661 3698 3714 καὶ

2155 3765 2463 3828 συλλαϐαῖς,
2494 3767 2587 3819 καὶ
2617 3764 2827 3831 λέξεσιν
2865 3761 3183 3831 ἀγνώστοις,
3221 3761 3296 3832 μὴ
3339 3755 3697 3813 διαϐαινοὺσαις

2155 3859 2237 3923 εἰς
2263 3859 2326 3912 τὸ
2344 3858 2443 3929 τῆς
2461 3857 2641 3928 ψυχῆς
2661 3855 2838 3910 αὐτῶν
2858 3856 3063 3928 νοερὸν,
3087 3855 3201 3907 ἀλλ’
3225 3853 3328 3917 ἔξω
3350 3870 3418 3905 πε
3427 3852 3479 3924 pl.
3496 3849 3559 3902 τὰ
3575 3846 3696 3918 χείλη

2155 3949 2248 4001 καὶ
2280 3947 2381 4010 τὰς
2424 3946 2595 4010 ἀκοὰς
2645 3946 2824 3999 αὐτῶν
2865 3943 3378 4015 ὅιαόομϐουμέναις,
3414 3941 3588 4008 ὥσπερ
3619 3936 3696 3990 οὐκ

2154 4040 2274 4106 ἐξὸν
2299 4041 2388 4093 τὸν
2415 4040 2656 4110 τέσσαρα
2703 4039 2932 4112 ἀριθμὸν
2961 4038 3051 4091 διά
3079 4037 3172 4090 τοῦ
3203 4037 3284 4099 δὶς
3314 4034 3409 4088 δύο
3435 4029 3692 4102 σημαίνειν.

2153 4132 2188 4204 ἢ
2227 4132 2296 4185 τὰ
2327 4131 2694 4204 εὐθύγραμμα
2720 4131 2809 4184 διά
2856 4130 2964 4182 τῶν
2989 4129 3151 4201 ὀρθογ
3164 4127 3416 4199 ράμμων,
3451 4127 3482 4195 ἠ
3505 4125 3592 4194 τὴν
3615 4134 3696 4190 μη-

2153 4223 2309 4294 τρίδα
2357 4223 2446 4275 διὰ
2477 4223 2576 4292 τῆς
2606 4219 2936 4292 πατρίδος,ἢ
2967 4219 3155 4290 ἕτερόν
3204 4235 3257 4270 τι
3294 4217 3338 4248 ⁸⁸
3372 4215 3476 4269 τῶν
3521 4208 3696 4266 πολλοῖς

471 4315 764 4383 tequivalet
795 4335 810 4372 :
845 4333 966 4371 cum
1002 4330 1148 4374 recta
1179 4322 1318 4375 ratio
1351 4323 1563 4390 doceat,
1597 4302 1896 4396 elementis,
1941 4332 2047 4402 syl-

2155 4316 2248 4369 τοῦ
2294 4315 2448 4384 λόγου
2506 4316 2695 4386 μέρεσι
2744 4312 2908 4365 ταὺτὸ
2942 4310 3346 4384 σημαινόντωνο
3381 4309 3495 4362 δέον
3535 4302 3696 4357 εἰδέναι

472 4403 627 4470 labis,
661 4407 1010 4484 dictionibus,
1043 4411 1292 4482 scriptis,
1321 4415 1617 4484 verbisque
1662 4431 1762 4472 nos
1797 4419 1874 4474 uti
1922 4436 2052 4490 pro-

471 4506 590 4566 pter
614 4515 828 4565 scnsus,
853 4503 991 4556 adeo
1022 4512 1082 4558 ut
1109 4521 1230 4558 cum
1263 4506 1444 4559 anima
1488 4516 1675 4562 nostra
1711 4509 2048 4580 intelligendi

473 4585 824 4644 facultatibus
849 4590 1028 4646 fertur
1064 4593 1118 4646 in
1157 4609 1221 4648 ea
1251 4610 1372 4664 quae
1408 4596 1682 4652 intellectu
1735 4602 2048 4671 percipiun-

474 4683 582 4738 tur,
617 4685 727 4731 tum
777 4677 981 4735 frustra
1013 4698 1208 4738 sensus
1243 4700 1349 4739 una
1384 4701 1510 4741 eum
1551 4688 1847 4745 sensilibus
1889 4693 2047 4746 adhi-

471 4766 736 4835 beautur;
786 4772 928 4828 sicut
978 4776 1143 4829 etiam
1206 4777 1351 4832 vires
1410 4779 1766 4851 intelligendi.
1827 4786 2044 4854 quando

473 4858 654 4912 anima
678 4859 788 4927 jam
819 4863 1104 4919 deiformis
1134 4867 1324 4922 ell'ecta
1355 4884 1449 4939 per
1480 4870 1715 4942 ignotam
1755 4875 2035 4942 unionem,

473 4947 614 5003 lueis
642 4950 930 5010 inaccessae
973 4957 1139 5012 radiis
1165 4961 1472 5016 exoculatis
1517 4964 1676 5032 quasi
1721 4963 1960 5032 jactibus
1989 4982 2048 5020 se

474 5037 689 5108 ingerit.
719 5041 950 5107 Quando
977 5057 1161 5101 autem
1193 5065 1347 5106 mens
1375 5067 1474 5121 per
1498 5054 1716 5110 sensilia
1751 5058 1934 5113 studet
1981 5060 2046 5112 ad

473 5133 948 5204 contemplatrices
999 5137 1122 5193 illas
1172 5141 1564 5214 intelligentias
1607 5148 1868 5216 excitari,
1909 5167 2049 5220 prte-

541 5273 572 5314 ς
601 5263 755 5321 Rom.
785 5282 860 5332 XI,
885 5267 975 5323 56.

2153 4413 2294 4468 κατὰ
2317 4414 2408 4467 τὸν
2452 4413 2610 4484 ὀρθὸν
2639 4412 2814 4480 λόγον,
2846 4412 2925 4464 ὅτι
2962 4409 3245 4480 στοιχείοις
3283 4408 3378 4461 καὶ
3426 4402 3689 4461 συλλαϐαῖς,

2151 4509 2246 4560 καί¹
2271 4507 2469 4573 λέξεσι,
2507 4506 2600 4558 καὶ
2624 4507 2880 4576 γραφαῖς,
2913 4504 3008 4556 καὶ
3036 4501 3214 4569 λόγοις
3245 4499 3501 4572 χρώμεθα
3522 4495 3599 4549 διά
3616 4490 3690 4550 τὰς

2150 4600 2448 4672 αἰσθήσεις,
2475 4600 2549 4662 ὡς
2575 4601 2704 4653 ὅταν
2735 4598 2889 4669 ἡμῶν
2919 4600 2952 4668 ἡ
3000 4594 3148 4667 ψυχὴ
3176 4599 3296 4658 ταῖς
3333 4596 3536 4665 νοεραῖς
3569 4591 3689 4655 ἐνερ-

2147 4695 2322 4763 γείαις
2346 4693 2438 4745 ἐπὶ
2456 4692 2525 4744 τά
2561 4692 2726 4761 νοητά
2757 4693 3010 4752 κινεῖται,
3044 4687 3296 4758 περιτταὶ
3344 4685 3480 4758 μετά
3520 4681 3612 4735 τῶν
3634 4677 3690 4730 αξ-

2151 4784 2362 4856 σθητῶν
2393 4785 2448 4838 αἰ
2478 4781 2756 4854 αἰσθήσεις
2775 4798 2787 4810 ·
2815 4779 3005 4852 ὥσπερ
3029 4781 3122 4832 καὶ
3145 4781 3200 4832 αἰ
3249 4779 3432 4850 νοερα“ι
3456 4773 3684 4842 δυνάμεις.

2151 4878 2278 4932 ὅταν
2342 4879 2375 4949 ἡ
2423 4876 2568 4947 ψυχὴ
2619 4874 2859 4946 θεοειδὴς
2917 4874 3180 4944 γινομένη
3239 4872 3305 4936 δί,
3361 4872 3428 4924 δι’
3487 4866 3685 4921 ὲνώσεως

2149 4969 2428 5038 ἀγνώστου
2470 4972 2590 5032 ταῖς
2639 4967 2733 5021 τοῦ
2779 4966 3071 5038 ἀπροσίτου
3120 4965 3298 5035 φωτὸς
3358 4965 3555 5017 ἀκτῖσιν
3595 4959 3684 5008 ἐπε-

2151 5061 2343 5133 σάλλῃ,
2370 5064 2490 5125 ταῖς
2521 5058 2855 5131 ἀνομμάτοις
2901 5056 3198 5119 ἐπιϐολαῖς.
3251 5057 3418 5108 Ὅταν
3449 5055 3508 5121 δὴ
3540 5053 3682 5103 ὁνους

2151 5153 2240 5206 διὰ
2264 5153 2371 5207 τῶν
2405 5153 2681 5222 αἰσθητῶν
2709 5149 3080 5205 ἀντικινεῖσθαι
3105 5148 3310 5220 σπεύδῃ
3340 5148 3472 5218 πρὸς
3512 5145 3679 5210 θεωρηο

1772 5389 1862 5446 VA
1874 5391 2010 5448 [lle
2047 5393 2457 5453 LECTIONES.

546 5525 588 5548 ⁶¹
618 5521 707 5604 εἰς
745 5521 926 5604 αὐτόν,
985 5522 1044 5578 Ρ.
1227 5526 1270 5559 ³¹
1299 5529 1594 5604 ὁμοτίμων,
1647 5529 1717 5604 Μ.
1943 5533 1988 5563 ³³
2010 5536 2311 5604 κρείττονα,
2348 5535 2408 5592 D.
2487 5536 2531 5568 “
2581 5539 2676 5591 καὶ
2715 5536 2860 5590 ἔστιν
2892 5539 2920 5591 ὁ
2952 5537 3114 5603 θεῖος,
3168 5539 3232 5597 Ρ.

1439 5596 1456 5618 τ

479 5586 536 5637 Ι).
617 5591 662 5665 1':
685 5590 804 5665 ἔστι
825 5595 921 5662 μὲν
950 5595 1278 5665 παράλογον,
1313 5586 1386 5662 ώς
1411 5617 1437 5652 ο

475 5671 601 5718 τως,
632 5657 690 5710 Ι).
767 5657 1044 5736 “ire.pr
1077 5683 1149 5731 τι,
1175 5657 1380 5723 ’Μζὸοξ
1450 5657 1490 5700 δ’
1528 5657 1816 5742 γενομένη,
1842 5671 1896 5725 Ρ.

3314 5539 3356 5571 ³⁸
3383 5530 3675 5607 γεννητική).

1446 5602 1584 5682 ipsa,
1619 5602 1961 5682 κα“ι¹εἰκαῖον,
1997 5602 2060 5659 εξ
2135 5608 2176 5638 ³⁷
2212 5609 2271 5659 οὐ
2307 5608 2588 5674 θελόντων,
2627 5610 2682 5662 S.
2763 5611 2806 5640 ³⁸
2857 5602 3426 5682 ἐκφαντορικωτέρων.
3497 5602 3674 5669 ³θεῑινθή·
