3866 6234
154 264 269 323 709

1220 251 1306 305 DE
1342 247 1595 305 DlVlNlS
1627 241 2027 307 NOMINIBUS,
2064 241 2220 298 CAP.
2260 238 2349 296 IV.

3319 238 3425 296 710

151 378 319 443 τικάς
348 378 581 449 νοήσεις,
618 371 939 445 τιμιώτεραι
984 368 1201 431 πάντως
1231 367 1369 420 εἰσὶν
1396 366 1440 397 δ’
1463 364 1520 417 αἱ
1554 361 1743 433 ἐπιδη-

1863 356 2203 414 ;tantissim:e
2230 354 2474 411 omnium
2498 362 2625 409 sunt
2647 352 3138 424 perspicacissimze
3160 370 3420 412 sensuum

152 473 376 541 λότεραι
398 468 508 522 τῶν
542 465 845 536 αἰσθήσεων
872 459 1348 532 διαπορθμεύσεις,
1394 459 1443 511 οἱ
1484 456 1747 526 σαφέστε-

156 557 244 637 ρὸι
272 561 521 631 λόγοι,τά
550 558 887 630 τρανέστερα
908 555 1019 609 τῶν
1039 552 1274 625 ὁρατῶν,
1310 552 1387 615 ὡς
1425 551 1551 604 ὅταν
1575 548 1746 620 ἀτρά-

153 673 301 709 νωτα
385 652 456 706 τὰ
488 650 873 723 παρακείμενα
901 650 1023 711 ταῖς
1054 645 1392 715 αἰσθήσεσιν,
1422 642 1544 696 οὐδὲ
1586 639 1748 696 αὐταὶ

152 748 234 819 τῷ
281 746 362 818 νῷ
402 743 752 817 παραστῆσαι
796 740 866 794 τά
906 736 1141 810 αἰσθητά
1182 736 1362 800 καλῶς
1405 734 1746 806 δυνήσονται.

155 840 309 910 Πλὴν
340 838 429 891 ἵνα
448 836 522 907 μὴ
555 833 728 888 ταῦτα
750 834 923 886 εἰπεῖν
946 829 1214 900 δοκῶμεν,
1250 828 1326 891 ὡς
1353 826 1423 880 τὰ
1451 826 1571 879 θεῖα
1592 825 1747 894 λόγια

156 928 612 1001 παρακινοῦντες,
645 925 994 979 ἀκουέτωσαν
1027 920 1205 975 αὐτῶν
1241 920 1288 952 ⁸³
1320 921 1370 972 οἱ
1410 918 1511 990 τὴν
1548 916 1751 988 ἔρωτος

155 1024 343 1075 ὲπωνυ
350 1019 479 1091 μίαν
502 1016 896 1078 διαϐάλλοντες.
924 1014 1241 1082 Ἐράσθητι
1256 1009 1465 1079 αὐτῆς,
1483 1010 1635 1080 φησὶ,
1653 1008 1753 1062 καὶ

155 1111 413 1179 τηρήσει
458 1124 561 1163 σε·
607 1104 1101 1175 περιχαράκωσον
1133 1099 1350 1168 αὐτὴν,
1383 1100 1483 1156 καὶ
1517 1098 1753 1167 ὑψώσει

156 1220 232 1257 σε
247 1221 259 1233 ·
291 1203 552 1271 τίμησον
576 1199 790 1269 αὐτὴν,
804 1199 905 1251 ἵνα
929 1211 1003 1251 σε
1023 1194 1311 1264 περιλάϐῃ
1330 1210 1343 1223 ·
1379 1192 1473 1246 καὶ
1494 1192 1593 1246 ὃσα
1616 1191 1751 1246 ἄλλα

154 1294 302 1348 κατά
327 1293 429 1358 τὰς
466 1290 756 1364 ἱερωτικάς
779 1287 1057 1355 θεολογίας
1081 1286 1124 1318 ⁵³
1154 1286 1424 1356 ὑμνεῖται.

1846 453 2223 523 trajectiones,
2246 459 2307 505 ut
2333 447 2662 519 apertissimi
2693 462 2974 503 sermones
3008 464 3073 503 ac
3103 448 3424 509 clarissimae

1844 545 2113 609 visiones;
2147 542 2369 613 quippe,
2414 540 2631 611 quando
2663 540 2754 595 illa
2779 556 2888 611 qua
2923 541 3176 597 sensibus
3210 540 3423 610 objecta

1846 645 1977 693 sunt
1998 635 2224 691 minime
2243 634 2479 704 liquent,
2504 641 2617 688 tum
2644 632 2832 701 utique
2861 647 3056 688 sensus
3087 647 3178 688 res
3199 632 3429 689 sensiles

1847 728 2019 785 menti
2066 727 2351 798 porrigere
2383 725 2608 781 minime
2652 734 2901 794 possunt.
2956 724 3066 780 Sed
3111 740 3181 780 ne
3209 725 3326 780 haec
3353 724 3430 780 di-

1848 834 1975 876 cere
2004 819 2314 883 videamur,
2362 826 2420 871 ut
2448 816 2634 871 divina
2674 816 2880 887 scripta
2927 816 3302 879 immutemus,
3330 830 3429 869 au-

1848 914 2000 968 diant
2025 912 2114 967 illa
2146 912 2238 981 qui
2270 926 2469 966 nomen
2502 912 2708 967 amoris
2746 911 3109 966 criminantur
3141 929 3155 964 :
3185 912 3321 965 Ama
3355 909 3428 963 il-

1848 1003 1981 1070 lam,
2030 1003 2230 1074 inquit,
2257 1014 2305 1057 et
2336 1002 2595 1056 custodiet
2628 1012 2676 1057 te
2707 1014 2726 1053 :
2762 1018 2884 1070 sepe
2911 1001 3065 1056 illam
3115 1011 3162 1055 et
3214 1001 3427 1055 extollet

1850 1104 1900 1150 te
1930 1109 1948 1147 :
1985 1095 2190 1149 honora
2220 1111 2357 1159 eam,
2403 1104 2459 1148 ut
2498 1093 2873 1163 complectatur
2906 1105 2955 1148 te
2989 1104 3011 1131 τ
3049 1115 3061 1150 :
3091 1103 3146 1148 et
3169 1109 3432 1163 quacun-

1850 1201 1955 1257 que
1985 1186 2088 1241 alia
2121 1187 2177 1242 in
2218 1185 2497 1242 amatoriis
2527 1188 2592 1242 de
2625 1186 2736 1241 Deo
2764 1186 3112 1241 sermonibus
3143 1186 3430 1241 celebran-

1850 1291 1963 1339 tur.

1718 1396 1745 1469 §
1776 1393 1921 1455 xu.

229 1553 427 1609 Καίτοι
455 1552 601 1620 ἔδοξέ
635 1568 746 1605 τισι
774 1550 885 1604 τῶν
932 1548 1053 1603 καθ’
1080 1548 1227 1619 ἡμᾶς
1260 1544 1548 1617 ἱερολόγων
1576 1541 1671 1595 καὶ
1698 1540 1744 1572 ⁸⁸

1922 1540 2088 1612 Atqui
2136 1542 2308 1600 visum
2360 1553 2446 1600 est
2501 1545 2828 1615 quibusdam
2896 1546 3100 1601 nostris
3153 1560 3431 1601 sacrarum

154 1648 436 1719 θειότερον
466 1643 604 1699 εἶναι
633 1645 693 1698 τὸ
714 1643 808 1697 τοῦ
839 1643 1041 1715 ἔρωτος
1064 1641 1233 1711 ὄνομα
1260 1637 1353 1691 τοῦ
1378 1638 1481 1707 τῆς
1504 1635 1745 1706 ἀγάπης.

1863 1629 2262 1701 Scripturarum
2292 1636 2705 1701 tractatoribus,
2741 1650 2937 1691 nomen
2969 1636 3177 1691 amoris
3197 1637 3435 1693 divinius

154 1742 370 1814 Γράφει
397 1741 455 1794 δὲ
484 1740 578 1793 καὶ
596 1740 625 1792 ό
652 1738 794 1802 θεῖος
826 1736 1115 1805 Ἰγνάτιος
1144 1733 1205 1786 Ὀ
1227 1727 1752 1801 ὲμόςὲρωςέσταύ-

146 1852 360 1905 putat.
390 1832 501 1886 Καὶ
531 1832 588 1884 ἐν
608 1833 727 1894 ταῖς
759 1827 1199 1902 προεισαγωγαῖς
1226 1822 1335 1877 τῶν
1370 1819 1565 1889 λογίων
1586 1818 1751 1889 εὑρή-

156 1946 275 1992 σεις
323 1925 449 1980 τινὰ
474 1925 701 1994 λέγοντα
735 1922 864 1995 περὶ
894 1922 993 1989 τῆς
1028 1919 1178 1982 θείας
1203 1916 1431 1985 Σοφίας·
1458 1908 1753 1993 Ἐραστὴς

151 2023 459 2092 ἐγενόμην
486 2020 592 2075 τοῦ
633 2017 901 2082 κάλλους
951 2014 1163 2081 αὐτῆς.
1193 2013 1356 2065 Ὥστε
1386 2008 1545 2063 τοῦτο
1585 2007 1649 2079 δὴ
1692 2005 1754 2059 τὸ

151 2113 255 2169 τοῦ
294 2114 498 2185 ἔρωτος
529 2114 699 2185 δνομα
739 2111 813 2183 μὴ
867 2107 1191 2180 φοϐηθῶμεν
1224 2104 1291 2171 ⁸⁸,
1327 2103 1461 2176 μηδέ
1494 2120 1577 2166 τις
1606 2101 1755 2172 ἡμᾶς

154 2208 467 2281 θορυὸείτω
517 2205 676 2274 λόγος
722 2204 851 2274 περὶ
911 2201 1103 2255 τούτου
1154 2199 1539 2269 δεδιττόμενος.
1601 2196 1756 2267 Ἐμοὶ

154 2305 272 2375 γάρ
296 2300 548 2355 δοκοῦσιν
571 2300 620 2352 οἱ
666 2296 907 2366 θεολόγοι
934 2294 1114 2349 κοινὸν
1154 2294 1251 2365 μὲν
1276 2289 1526 2363 ἡγεῖσθαι
1552 2289 1615 2342 τὸ
1654 2288 1755 2359 τῆς

156 2399 407 2467 ἀγάπης,
438 2395 532 2448 καὶ
557 2393 618 2447 τὸ
654 2391 749 2446 τοῦ
796 2390 996 2462 ἔρωτος
1021 2388 1210 2459 ὄνομα,
1238 2384 1327 2439 διὰ
1368 2383 1528 2437 τοῦτο
1551 2382 1609 2436 δὲ
1644 2383 1756 2446 τοῖς

156 2487 330 2550 θείοις
353 2484 549 2556 μᾶλλον
571 2480 847 2535 ἀναθεῖναι
870 2478 960 2531 τὸν
981 2477 1149 2540 ὅντως
1185 2475 1384 2546 ἔρωτα,
1401 2472 1491 2527 διὰ
1506 2471 1605 2543 τὴν
1632 2470 1757 2524 ἄτο-

157 2599 268 2638 πον
304 2579 415 2633 τῶν
436 2575 692 2631 τοιούτων
725 2572 934 2643 ἀνδρῶν
970 2569 1260 2642 πρόληψιν.
1292 2564 1623 2638 Θεοπρεπῶς
1647 2563 1755 2635 γὰρ

164 2672 261 2728 τοῦ
275 2670 446 2733 ὅντως
467 2669 687 2739 ἔρωτος,
705 2665 805 2735 οὐχ
828 2662 918 2731 ὑφ’
951 2662 1109 2733 ἡμῶν
1138 2658 1319 2731 μόνον,
1346 2655 1483 2710 ἀλλὰ
1505 2655 1601 2708 καὶ
1621 2653 1756 2725 πρὸς

159 2766 277 2819 τῶν
303 2762 500 2831 λογίων
542 2757 721 2813 αὐτῶν
752 2754 1115 2829 ὑμνουμένου,
1141 2752 1212 2805 τά
1254 2749 1433 2821 πλήθη
1478 2746 1551 2819 μὴ
1578 2745 1759 2817 χωρή-

162 2873 344 2910 σαντα
369 2854 431 2907 τὸ
473 2851 702 2914 ἐνοειδὲς
741 2848 843 2919 τῆς
869 2845 1138 2918 ἐρωτικῆς
1181 2840 1507 2912 θεωνυμίας,
1542 2836 1757 2899 οἰκείως

162 2950 385 3011 ἑαυτοῖς
410 2946 503 2998 ἐπὶ
525 2944 616 2997 τὸν
644 2939 898 3014 μεριστὸν
915 2938 1007 2992 καὶ
1033 2932 1439 3007 σωματοπρεπῆ
1459 2931 1551 2984 καὶ
1576 2930 1758 3001 διῃρη-

166 3042 336 3114 μένον
384 3036 785 3107 ὲξωλίσθησαν,
815 3035 893 3096 ὡς
936 3030 979 3062 ⁸⁵⁷
1023 3028 1123 3082 οὐκ
1164 3025 1309 3078 ἔστιν
1352 3020 1556 3114 ἀληθὴς
1595 3021 1755 3092 ἔρως,

163 3111 287 3183 ἀλλ’
319 3124 557 3189 εἴδωλον,
584 3123 617 3195 ἢ
650 3122 849 3194 μᾶλλον
877 3120 1152 3181 ἔκπτωσις
1176 3115 1269 3169 τοῦ
1314 3114 1481 3176 ὅντως
1523 3111 1722 3182 ἔρωτος
1741 3125 1755 3139 ·

156 3218 458 3291 ἀχώρητον
488 3217 532 3249 ⁸⁸
558 3216 666 3289 γάρ
689 3216 807 3267 ὲστι
852 3211 930 3283 τῷ
958 3210 1150 3283 πλήθει
1175 3209 1237 3262 τὸ
1262 3209 1461 3261 ἐνιαῖον
1490 3203 1583 3258 τοῦ
1614 3201 1758 3256 θείου

160 3312 269 3364 καὶ
295 3309 413 3372 ὲνδς
443 3308 645 3379 ἔρωτος
663 3324 676 3337 ο
691 3305 772 3359 διὸ
800 3305 895 3359 καὶ
918 3303 993 3367 ὡς
1017 3301 1437 3373 δυσχερέστερον
1454 3298 1623 3369 ὄνομα
1647 3296 1761 3359 τοῖς

164 3401 392 3464 πολλοῖς
434 3397 650 3461 δοκοῦν,
694 3397 788 3449 ἐπὶ
834 3396 933 3467 τῆς
981 3390 1133 3456 θείας
1183 3390 1373 3459 σοφίας
1416 3390 1668 3465 τάττεται
1693 3386 1760 3449 ⁸9,

164 3494 311 3563 ⁸πρὸς
338 3489 626 3561 ἀναγωγὴν
651 3486 833 3541 αὐτῶν
861 3487 955 3539 καὶ
982 3484 1276 3538 ἀνάστασιν
1302 3483 1383 3544 εἰς
1425 3479 1523 3550 τὴν
1549 3476 1644 3532 τοῦ
1670 3475 1761 3530 δν-

159 3602 282 3647 τως
335 3582 533 3654 ἔρωτος
559 3579 782 3649 γνῶσιν,
832 3578 925 3631 καὶ
974 3576 1116 3630 ὥστε
1163 3572 1494 3644 ἀπολυθῆναι
1532 3571 1632 3641 τῆς
1675 3567 1761 3622 ἐπ’

165 3674 326 3746 αὐτῷ
346 3672 663 3745 δυσχερείας
684 3688 697 3701 '
724 3671 809 3740 ἐφ’
835 3668 992 3741 ἡμῶν
1015 3668 1072 3721 δὲ
1096 3662 1271 3729 αὖθις,
1300 3663 1429 3718 ἔνθα
1450 3664 1543 3717 καὶ
1565 3661 1763 3718 ἄτοπόν

162 3786 229 3821 τι
274 3764 531 3827 πολλάκις
555 3758 625 3835 ἦν
649 3762 899 3833 οἰηθῆναι
942 3760 1069 3823 τοὺς
1095 3755 1467 3829 χαμαιζήλους
1515 3752 1657 3808 κατὰ
1703 3753 1765 3805 τὸ

165 3857 368 3913 δοκοῦν
392 3857 529 3926 εὔφη
540 3855 785 3926 μότερον.
823 3851 1129 3915 Ἑπέπεσε,
1152 3849 1235 3913 τίς
1266 3864 1449 3920 φησιν,
1474 3846 1513 3914 ἡ
1538 3844 1767 3915 ἀγάπη-

165 3948 280 4013 σίς
300 3960 419 4000 σου
446 3945 538 3998 ἐπ’
553 3944 661 4013 ἐμὲ
688 3945 767 4009 ὡς
790 3943 828 4011 ἡ
847 3941 1151 4013 ἀγάπησις
1172 3939 1281 3992 τῶν
1305 3936 1623 4007 γυναικῶν.
1645 3935 1767 3988 Ἐπὶ

166 4041 290 4101 τοῖς
333 4036 509 4108 ὀρθῶς
554 4035 665 4088 τῶν
710 4034 870 4088 θείων
914 4031 1285 4103 ἀκροωμένοις
1328 4030 1423 4083 ἐπὶ
1470 4028 1568 4099 τῆς
1594 4025 1766 4095 αὐτῆς

164 4128 463 4199 δυνάμεως
485 4130 737 4182 τάττεται
766 4126 903 4198 πρὸς
934 4125 1043 4178 τῶν
1065 4122 1225 4194 ἱερῶν
1252 4122 1518 4191 θεολόγων
1565 4122 1626 4174 τὸ
1666 4119 1766 4190 τῆς

168 4222 405 4291 ἀγάπης
431 4220 526 4273 καὶ
550 4220 612 4273 τὸ
636 4221 681 4252 ⁵⁰
709 4220 804 4272 τοῦ
836 4218 1035 4291 ἔρωτος
1083 4216 1256 4287 ὄνομα
1282 4215 1423 4269 κατά
1472 4214 1571 4278 τὰς
1615 4212 1767 4276 θείας

1856 1738 1981 1779 esse
2007 1740 2171 1794 quam
2204 1741 2405 1782 nomen
2438 1727 2772 1783 dilectionis.
2803 1728 3009 1783 Scribit
3037 1730 3181 1784 enim
3217 1730 3436 1785 divinus

1854 1814 2096 1887 lgnatius
2129 1834 2145 1872 :
2199 1837 2217 1870 ι
2252 1816 2403 1875 Meus
2430 1835 2588 1876 amor
2618 1821 2921 1876 cruciﬁxus
2954 1831 3060 1876 est.
3097 1840 3115 1873 ι
3144 1820 3211 1875 Ει
3258 1821 3315 1876 in
3368 1822 3438 1877 iis

1856 1924 1979 1979 quae
2025 1911 2232 1966 aditum
2286 1913 2355 1967 ad
2398 1912 2741 1983 Seripturam
2774 1922 3102 1981 praeparant,
3145 1913 3436 1983 quemdam

1857 2002 2106 2059 invenies
2121 2004 2187 2059 de
2210 2004 2392 2059 divina
2421 2004 2699 2075 Sapientia
2732 2005 2988 2070 aientem,
3015 2007 3239 2058 Amator
3262 2005 3438 2074 factus

1855 2112 1974 2149 sum
2013 2098 2203 2165 forma:
2251 2097 2396 2150 illius
2427 2110 2472 2151 ει.
2509 2098 2692 2163 Quare
2719 2112 2786 2152 ne
2817 2108 3040 2166 propter
3084 2099 3188 2152 hoc
3238 2112 3437 2151 nomen

1860 2188 2067 2242 amoris
2101 2197 2449 2254 metuamus;
2480 2204 2582 2244 nec
2615 2188 2758 2243 ullus
2786 2189 2853 2243 de
2879 2189 2982 2242 hoc
3020 2188 3243 2242 nomine
3274 2187 3442 2258 360

1857 2293 2040 2334 sermo
2079 2294 2180 2334 nos
2208 2291 2445 2343 moveat,
2475 2287 2568 2334 aut
2597 2289 2824 2337 terreat.
2851 2278 2983 2333 Mihi
3011 2278 3157 2333 enim
3181 2279 3440 2333 videntur

1862 2370 2101 2441 theologi
2142 2371 2502 2427 existimasse
2528 2372 2747 2442 quidem
2776 2387 3067 2426 commune
3094 2386 3291 2426 nomen
3322 2384 3442 2424 esse

1860 2464 2065 2518 amoris
2115 2472 2171 2519 et
2219 2463 2549 2529 dilectionis,
2579 2464 2673 2519 sed
2710 2462 3031 2519 attribuisse
3060 2463 3259 2517 divinis
3292 2460 3443 2516 Scri-

1861 2556 2041 2626 pturis
2064 2570 2254 2610 verum
2292 2570 2534 2610 amorem
2568 2564 2790 2626 propter
2818 2554 3129 2623 huiusmodi
3158 2554 3440 2609 hominum

1863 2656 2077 2718 turpem
2126 2647 2329 2701 mentis
2374 2646 2841 2716 anticipationem.
2906 2646 3041 2702 Cum
3089 2647 3235 2699 enim
3280 2659 3443 2698 verus

1862 2755 2020 2794 amor
2045 2754 2152 2794 non
2195 2754 2227 2793 a
2273 2740 2431 2795 nobis
2454 2739 2654 2806 solum,
2680 2740 2773 2795 sed
2799 2739 2867 2793 ab
2901 2740 3035 2809 ipsis
3063 2739 3271 2793 sanctis
3294 2736 3446 2791 Scri-

1862 2834 2061 2905 pturis,
2093 2842 2151 2889 ut
2182 2834 2350 2889 Deum
2385 2835 2564 2899 decet,
2595 2835 2867 2899 laudetur,
2912 2834 3106 2904 vulgus
3138 2833 3443 2899 hominum,

1863 2943 1983 2982 cum
2015 2943 2122 2982 non
2147 2928 2484 2999 percepisset
2526 2927 2672 2981 illam
2705 2927 3137 2982 uniformitatem
3168 2941 3331 2994 quam
3361 2927 3445 2978 tli-
3536 2994 3543 2999 1

1864 3018 2049 3072 viuum
2084 3033 2283 3073 nomen
2334 3020 2538 3073 amoris
2567 3018 2865 3088 signiﬁcat,
2910 3019 3300 3072 convenienter
3340 3018 3441 3071 sibi

1863 3115 1930 3169 ad
1965 3127 2209 3167 amorem
2263 3112 2545 3183 patibilem
2591 3122 2647 3166 et
2677 3125 3001 3181 corporeum
3048 3121 3213 3180 atque
3243 3113 3444 3168 distra-

1862 3216 2009 3260 ctum
2041 3204 2322 3274 delapsum
2353 3213 2459 3271 est,
2504 3205 2596 3275 qui
2645 3222 2753 3261 non
2785 3213 2870 3260 est
2901 3220 3062 3260 verus
3115 3219 3291 3271 amor,
3347 3211 3447 3261 sed

1865 3296 2067 3364 imago,
2096 3296 2181 3352 vel
2234 3297 2414 3368 potius
2448 3296 2634 3368 lapsus
2660 3312 2690 3352 a
2720 3312 2850 3353 vero
2880 3314 3103 3365 amore;
3153 3295 3447 3353 multitudo

1866 3386 2010 3442 enim
2044 3403 2148 3441 non
2200 3396 2380 3457 potest
2406 3389 2739 3458 cogitatione
2762 3403 2959 3459 capere
2991 3388 3120 3443 illud
3165 3388 3447 3458 singulare

1866 3479 2036 3537 divini
2068 3490 2124 3536 et
2156 3480 2318 3535 unius
2369 3481 2608 3548 amoris;
2656 3481 3013 3550 quamobrem
3048 3490 3310 3550 tanquam
3344 3495 3445 3532 no-

1865 3588 2011 3637 men,
2043 3574 2187 3643 quod
2211 3574 2374 3643 vulgo
2407 3573 2622 3629 videtur
2665 3574 2877 3641 durius,
2914 3573 3136 3642 ponitur
3163 3574 3215 3627 in
3266 3572 3447 3629 divina

1867 3666 2174 3735 Sapientia,
2205 3676 2265 3719 ut
2293 3665 2484 3734 vulgus
2538 3666 2605 3719 ad
2664 3666 3026 3737 cognitionem
3078 3666 3192 3720 veri
3242 3666 3449 3719 amoris

1866 3760 2110 3816 elevetur
2138 3768 2196 3814 et
2234 3759 2480 3828 erigatur
2511 3760 2659 3815 etab
2685 3774 2774 3823 ea,
2806 3773 2970 3828 quam
3004 3758 3079 3813 ilii
3114 3758 3297 3814 inesse
3317 3772 3451 3813 cou-

1866 3853 2018 3922 cipit,
2044 3851 2352 3908 indecentia
2384 3851 2651 3906 liberetur
2680 3868 2694 3905 :
2720 3859 2775 3906 et
2820 3851 2876 3905 in
2912 3852 3070 3906 nobis
3105 3866 3319 3917 rursus,
3355 3851 3445 3905 uhi

1866 3960 2246 4017 saepenumero
2278 3944 2484 4015 aliquid
2514 3942 2812 3998 absurdum
2838 3945 3092 4000 homines
3111 3954 3273 3999 terra:
3303 3943 3450 3999 affixi

1867 4042 2113 4109 cogitare
2141 4049 2391 4109 possent,
2441 4038 2667 4110 ponitur
2715 4051 2914 4091 nomen
2970 4040 3114 4107 quod
3164 4038 3453 4094 honestius

1867 4130 2103 4184 videtur.
2144 4128 2369 4194 Cecidit,
2408 4129 2488 4183 ait
2530 4128 2779 4198 quidam,
2819 4127 3033 4181 dilectio
3092 4140 3184 4183 tua
3236 4130 3295 4183 in
3348 4147 3452 4190 me,

1867 4223 2005 4276 sicut
2052 4220 2266 4275 dilectio
2308 4220 2591 4274 mulierum
2624 4221 2682 4279 ιι
2715 4220 2974 4288 quoniam
3022 4220 3162 4274 sacri
3216 4220 3451 4288 theologi

168 4312 560 4382 ὲκφαντορίας.
592 4311 703 4364 Καὶ
730 4310 843 4364 ἐστι
872 4310 1028 4363 τοῦτο
1070 4309 1354 4379 δυνάμεως
1380 4304 1627 4360 ἑνοποιοῦ
1674 4304 1759 4357 καὶ

1873 4328 2070 4369 nomen
2126 4311 2434 4367 dilectionis
2482 4320 2539 4366 et
2589 4312 2794 4366 amoris
2839 4310 3103 4365 adhibent
3152 4300 3452 4365 secundum

171 4405 522 4476 συνδετικῆς,
588 4405 682 4459 καὶ
732 4404 1103 4476 διαφερόντως
1157 4401 1526 4473 συγκρατικῆς
1587 4401 1645 4452 ὲν
1691 4397 1769 4469 τῷ

167 4496 338 4567 καλῷ
362 4498 454 4550 καὶ
480 4496 689 4566 ἀγαθῷ,
716 4495 805 4549 διὰ
853 4496 914 4548 τὸ
954 4495 1117 4548 καλὸν
1163 4495 1257 4548 καὶ
1295 4492 1496 4562 ἀγαθὸν
1536 4494 1773 4561 προϋφε-

173 4590 422 4661 στὼσης,
447 4591 541 4643 καὶ
559 4592 624 4643 ἐκ
642 4589 738 4642 τοῦ
760 4587 927 4642 καλοῦ
949 4589 1043 4642 καὶ
1064 4586 1271 4656 ἀγαθοῦ
1294 4585 1382 4639 διὰ
1406 4585 1467 4639 τὸ
1493 4584 1657 4638 καλὸν
1678 4583 1774 4637 καὶ

173 4680 391 4748 ἀγαθὸν
433 4678 805 4749 ὲκδιδομένης,
846 4679 940 4731 καὶ
961 4677 1289 4748 συνεχούσης
1313 4676 1409 4747 μὲν
1434 4674 1502 4729 τὰ
1527 4675 1770 4746 ὁμοταγῆ

172 4770 331 4824 κατά
357 4768 455 4840 τὴν
480 4769 806 4838 κοινωνικὴν
830 4770 875 4800 δί
905 4766 1286 4839 ἀλληλουχίαν,
1317 4766 1573 4838 κινούσης
1599 4766 1657 4818 δὲ
1703 4764 1773 4818 τὰ

175 4862 383 4934 πρῶτα
398 4861 534 4932 πρὸς
545 4859 644 4930 τὴν
659 4860 769 4913 τῶν
786 4859 1091 4931 ύφειμένων
1107 4859 1382 4930 πρόνοιαν,
1399 4859 1492 4911 καὶ
1504 4856 1775 4928 ὲνιδρυούκ

179 4973 291 5026 σης
336 4953 405 5007 τὰ
452 4953 854 5024 καταδεέστερα
902 4955 969 5023 τῇ
1021 4953 1324 5021 ἐπιστροφῇ
1366 4953 1480 5014 τοῖς
1545 4948 1776 5021 ὑπερτέ-

180 5062 326 5117 ροις.

280 5346 307 5376 ι’
347 5337 503 5393 Prov.
532 5352 606 5401 tv,
644 5334 697 5399 6,
734 5334 789 5392 8.
869 5345 891 5372 ε
929 5333 1055 5408 Sap.
1082 5348 1201 5400 vm,
1233 5333 1288 5388 2.
1371 5334 1390 5370 ί
1414 5330 1455 5387 ll
1490 5331 1622 5404 Reg.
1653 5348 1698 5397 ι,
1722 5330 1811 5385 26.

1876 4407 2091 4462 divinas
2118 4405 2477 4469 elocutiones,
2509 4413 2568 4457 ut
2604 4405 2850 4459 eamdem
2880 4404 2989 4457 vim
3043 4402 3282 4457 habeant
3311 4403 3451 4471 apud

1876 4512 1973 4553 eos
2003 4498 2096 4567 qui
2147 4498 2330 4552 divina
2364 4504 2515 4551 recte
2552 4495 2801 4551 audiunt.
2850 4496 3056 4564 Estque
3104 4495 3205 4550 hoc
3232 4495 3456 4549 virtutis

1880 4590 2164 4661 cujusdam
2191 4589 2406 4645 unilicaa
2429 4604 2493 4644 ac
2530 4587 2832 4643 collectivae
2864 4588 3303 4656 excellenterque
3325 4604 3457 4643 con-

1882 4683 2262 4752 temperantis,
2291 4696 2414 4751 quae
2442 4682 2497 4735 in
2524 4680 2755 4752 pulchro
2781 4688 2837 4736 et
2871 4680 3013 4736 bono
3043 4695 3140 4749 per
3166 4679 3453 4751 pulchrqu

1879 4784 1935 4828 et
1965 4775 2163 4829 bonum
2188 4772 2543 4842 prazexsistit,
2570 4780 2623 4827 et
2645 4786 2710 4826 ex
2741 4772 2969 4841 pulchro
2994 4781 3047 4827 et
3070 4772 3215 4826 bono
3240 4783 3459 4841 propter

1878 4868 2168 4937 pulchrum
2216 4876 2273 4923 et
2316 4867 2516 4922 bonum
2566 4877 2807 4932 emanat,
2839 4867 3193 4936 continetque
3235 4866 3457 4935 quidem

1876 4959 2104 5028 aequalia
2138 4973 2235 5029 per
2262 4967 2505 5013 mutuam
2552 4959 2972 5025 connexionem,
3012 4958 3294 5028 superiora
3329 4972 3460 5011 vero

1878 5052 1948 5107 ad
1977 5052 2301 5107 inferiorum
2332 5059 2517 5107 movet
2558 5051 2976 5121 providentiam,
3009 5050 3269 5105 interiora
3294 5065 3460 5120 porro

1879 5160 1977 5215 per
2034 5145 2451 5202 conversionem
2514 5144 2813 5216 quamdam
2867 5143 3245 5215 superioribus
3311 5143 3460 5196 iuse-

1882 5236 1973 5293 rit.

1503 5449 1735 5505 VARUE
1768 5446 2171 5506 LECTIONES.

267 5572 315 5605 δ’
348 5573 583 5637 πάντως,
616 5571 677 5625 Ρ.
705 5570 795 5626 Sc.
873 5572 920 5603 ’⁵³
948 5571 1118 5641 αὐτήν
1139 5612 1153 5635 ,
1186 5570 1251 5625 Μ.
1295 5570 1385 5624 Sc.
1463 5568 1508 5598 “
1529 5565 1863 5641 bsoloytudtg
1901 5567 2234 5641 ἐρωτήσεις,

241 5646 362 5709 εθα,
393 5644 449 5697 S.
492 5644 549 5696 ll.
649 5644 693 5674 ’⁸⁷
722 5642 797 5706 ὃς,
830 5641 887 5696 S.
928 5642 987 5695 [³.
1014 5642 1075 5696 D.
1106 5644 1196 5699 Sc.

220 5718 259 5771 ς.
286 5715 349 5771 Ρ.
384 5716 445 5771 υ.
524 5714 567 5745 ιι
596 5719 800 5784 κοινήν,
825 5712 879 5767 s.
916 5712 967 5766 P.

2399 5564 2445 5597 ⁸³
2473 5564 2567 5618 καί
2601 5577 2705 5616 non
2743 5572 2825 5616 cst
2873 5562 2924 5615 in
2959 5560 3015 5614 S.
3094 5558 3139 5590 ⁸⁸
3166 5556 3240 5628 μὴ
3286 5553 3465 5625 9066».-

1294 5642 1338 5673 ⁸⁸
1368 5629 1738 5710 ἀναχώρητωί,
1772 5629 1850 5692 Μαί
1918 5629 1963 5669 ⁸⁵
1990 5629 2233 5702 τέταται,
2267 5639 2350 5703 D.,
2383 5635 2523 5691 forte
2544 5676 2557 5691 .
2598 5635 2876 5688 τέτακται.
2956 5632 3001 5663 ⁵ο
3032 5629 3092 5682 τό
3139 5644 3244 5682 nou
3277 5636 3362 5681 est.
3410 5642 3464 5680 m
