3866 6234
399 236 495 291 7H

1579 228 1634 284 S.
1673 228 1978 285 lilONYSll
2017 227 2482 287 AREOPAGITE

3591 232 3704 289 712

1903 376 1930 447 ι
1966 373 2142 434 xm.
2230 356 2242 371 '

470 520 568 576 Est
609 526 879 591 praeterea
930 520 1151 576 divinus
1198 532 1354 575 amor
1374 518 1702 585 cxstaticus,
1734 521 1827 589 qui
1878 534 1987 574 non
2019 536 2064 590 Α

401 615 533 671 sinit
562 629 687 671 esse
720 630 851 671 suos
885 629 982 671 eos
1009 616 1101 686 qui
1149 622 1277 670 sunt
1323 624 1623 679 amatores,
1654 614 1748 669 sed
1794 628 1985 669 eorum

402 724 542 781 quos
563 718 773 764 amant.
798 709 977 779 Atque
1003 709 1106 763 hoc
1133 707 1417 763 declarant
1440 706 1660 777 quidem
1680 707 1986 778 superiora,

402 820 525 874 qua:
550 802 878 857 inferiorum
906 802 1065 867 ﬁunt,
1087 816 1185 871 per
1208 802 1525 858 eorumdem
1552 800 1988 871 providentiam;

402 902 457 948 et
487 907 613 964 qua
659 891 902 961 eiusdem
937 895 1159 965 generis
1190 904 1340 960 sunt,
1388 909 1488 964 per
1530 902 1776 948 mutuam
1809 892 1992 947 cohae-

405 984 675 1049 rentiam;
711 994 767 1039 et
798 985 1084 1051 inferiora,
1124 999 1225 1052 per
1249 983 1575 1039 diviniorem
1602 983 1670 1037 ad
1700 981 1988 1052 superiora

357 1064 839 1131 conversionem.
893 1073 1050 1130 Unde
1101 1074 1322 1130 divinus
1376 1074 1577 1131 Paulus
1639 1075 1827 1130 divino
1882 1075 1990 1128 isro

403 1182 591 1222 amore
612 1176 830 1237 captus,
848 1177 905 1223 et
925 1167 1148 1222 virtutis
1179 1168 1463 1223 exstaticaa
1486 1168 1765 1239 particeps
1789 1169 1989 1234 factus,

402 1260 589 1314 divino
619 1275 717 1313 ore
740 1259 818 1313 ait
852 1278 868 1314 :
910 1258 1040 1313 Vivo
1065 1276 1180 1330 ego,
1200 1259 1319 1329 jam
1352 1277 1455 1314 non
1480 1277 1596 1331 ego,
1627 1262 1751 1317 vivit
1783 1278 1905 1316 vero
1935 1261 1991 1315 in

402 1370 483 1407 me
518 1352 765 1407 Christus
803 1364 831 1391 ιι
856 1369 872 1416 ;
902 1362 1162 1423 tanquam
1198 1368 1359 1410 verus
1393 1364 1629 1419 amator,
1660 1362 1716 1410 et
1754 1356 1847 1425 qui
1898 1370 1991 1411 ex-

403 1446 592 1511 cessit,
643 1456 703 1501 ut
752 1444 869 1515 ipse
898 1445 997 1510 ait,
1036 1446 1171 1510 Deo,
1205 1455 1264 1500 et
1298 1462 1407 1502 non
1455 1446 1569 1517 jam
1598 1448 1765 1501 vitam
1813 1461 1992 1511 suam,

403 1537 498 1589 sed
532 1534 701 1590 amati
759 1546 1019 1603 tanquam
1078 1537 1433 1591 vehementer
1469 1537 1733 1591 dilectam
1778 1538 1989 1592 vivens.

404 1627 729 1682 Audendum
759 1638 845 1683 est
868 1629 975 1682 hoc
1007 1628 1179 1682 etiam
1215 1644 1314 1699 pro
1342 1628 1600 1695 veritate,
1637 1629 1820 1685 dicere
1846 1630 1992 1700 quod

412 1724 646 1791 ipsemet
696 1723 943 1777 omnium
993 1731 1204 1787 auctor,
1257 1723 1488 1793 pulchro
1530 1722 1689 1793 361
1749 1732 1806 1778 et
1847 1723 1993 1777 bono

402 1813 644 1867 omnium
701 1826 908 1878 amore,
980 1822 1208 1882 propter
1272 1815 1659 1869 excellentiam
1720 1828 1992 1869 summam

2168 520 2325 573 Ἔστι
2346 520 2403 574 δὲ
2429 522 2523 574 καὶ
2548 520 2868 584 ἐκστατικὸς
2890 522 2919 574 ὁ
2944 520 3085 583 θεῖος
3110 520 3270 591 ἔρως,
3295 520 3397 572 οὐκ
3424 517 3533 572 ἐῶν
3562 520 3701 572 ἐαυ-

2094 614 2204 668 τῶν
2256 610 2397 669 εἶναι
2419 615 2547 678 τοὺς
2584 612 2840 681 ἐραστὰς,
2878 611 3013 667 ἀλλὰ
3048 611 3154 665 τῶν
3213 612 3527 683 ἐρωμένων.
3588 614 3705 665 Καὶ

2093 706 2335 777 δηλοῦσι,
2371 705 2438 760 τὰ
2487 706 2587 777 μὲν
2633 706 2909 779 ὑπέρτερα
2944 705 3047 775 τῆς
3094 704 3352 774 προνοίας
3386 705 3703 774 γιγνόμενα

2092 801 2202 854 τῶν
2230 800 2669 871 καταδεεστέρων
2692 817 2705 830 ·
2736 801 2829 854 καὶ
2875 799 2943 853 τὰ
2982 800 3274 870 ὁμόστοιχα
3296 798 3397 869 τῆς
3442 797 3703 868 ἀλλήλων

2096 892 2329 963 συνοχῆς
2348 908 2362 921 ο
2388 893 2482 944 καὶ⁸
2506 891 2575 944 τὰ
2601 890 2868 962 ὑφειμένα
2892 890 2993 959 τῆς
3020 888 3157 960 πρὸς
3179 889 3249 941 τά
3275 886 3471 959 πρῶτα
3498 885 3705 939 θειοτέ-

2098 1000 2198 1054 ρας
2227 984 2587 1054 ἐπιστροφῆς.
2617 983 2708 1036 Διὸ
2733 983 2825 1036 καὶ
2857 980 3068 1044 Παῦλος
3111 981 3140 1032 ὁ
3171 980 3365 1051 μέγας,
3393 980 3458 1031 ἐν
3483 978 3697 1047 κατοῇ

2092 1078 2188 1131 τοῦ
2213 1077 2359 1131 θείου
2388 1076 2628 1147 γεγονὼς
2655 1076 2876 1148 ἔρωτος,
2906 1077 3000 1129 καὶ
3036 1075 3137 1145 τῆς
3163 1073 3500 1143 ἐκπατικῆς
3526 1072 3703 1125 αὐτοῦ

2092 1170 2375 1238 δυνάμεως
2403 1166 2766 1239 μετειληφὼς,
2793 1166 2962 1237 ἐνθέῳ
2992 1166 3241 1237 στόματιο
3269 1165 3363 1218 Ζῶ
3392 1163 3538 1233 ἐγὼ,
3595 1181 3702 1234 φη-

2106 1266 2191 1319 σὶν
2218 1307 2231 1329 ,
2257 1265 2368 1316 οὐκ
2393 1265 2502 1324 ἐτι,
2539 1260 2606 1329 ζῇ
2629 1260 2698 1313 δὲ
2727 1262 2796 1314 ὲν
2820 1261 2949 1330 ἐμοὶ
2994 1260 3278 1327 Χριστός·
3307 1257 3384 1321 ὡς
3413 1257 3634 1328 ἀληθὴς
3658 1258 3702 1287 εξ

2093 1356 2329 1431 ἐραστὴς
2356 1358 2451 1409 καὶ
2474 1353 2802 1424 ἐξεστηκὼς,
2831 1354 2907 1417 ὼς
2934 1352 3098 1416 αὐτός
3142 1369 3296 1423 φησι,
3323 1350 3403 1421 τῷ
3432 1350 3582 1421 Θεῷ,
3612 1352 3703 1403 καὶ

2093 1452 2155 1503 οὺ
2195 1450 2294 1522 τὴν
2321 1448 2513 1503 ἑαυτοῦ
2560 1447 2689 1511 ζῶν,
2722 1446 2857 1500 ἀλλὰ
2882 1445 2983 1518 τὴν
3026 1444 3120 1497 τοῦ
3165 1443 3399 1514 ἐραστοῦ
3449 1444 3606 1514 ζωὴν
3632 1443 3698 1506 ⁸³,

2094 1540 2170 1604 ὠς
2196 1540 2407 1611 σφόδρα
2454 1538 2764 1609 ἀγαπητήν.
2802 1534 3110 1606 Τολμητέον
3136 1534 3193 1588 δὲ
3222 1535 3316 1587 καὶ
3362 1533 3529 1587 τοῦτο
3558 1535 3702 1604 ὑπὲρ

2095 1631 2357 1702 ἀληθείας
2402 1632 2598 1694 εἰπεῖν,
2648 1631 2731 1683 ὃτι
2759 1630 2853 1681 καὶ
2879 1628 3041 1691 αὐτὸς
3070 1630 3098 1680 ὁ
3126 1628 3343 1680 πάντων
3370 1626 3574 1689 αἴτιος,
3626 1626 3704 1695 τῷ

2097 1723 2247 1795 καλῷ
2273 1725 2368 1777 καὶ
2401 1722 2591 1792 ἀγαθῷ
2615 1721 2725 1774 τῶν
2754 1720 2972 1774 πάντων
3012 1723 3058 1754 ⁵⁸
3086 1721 3249 1794 ἔρωτι
3280 1718 3351 1770 δι’
3379 1718 3701 1789 ὑπερϐολὴν

2093 1816 2198 1885 τῆς
2243 1814 2513 1886 ἐρωτικῆς
2540 1812 2895 1883 ἀγαθότητος,
2926 1809 3032 1875 ἔξω
3073 1809 3265 1862 ἑαυτοῦ
3289 1811 3526 1879 γίνεται,
3576 1813 3703 1875 ταῖς

404 1906 688 1960 amatoriae
702 1904 963 1959 bonitatis
986 1915 1141 1958 estra
1160 1922 1220 1961 se
1241 1921 1336 1976 per
1358 1905 1732 1977 providentias
1747 1907 1991 1961 omnium

2101 1912 2177 1973 εἰς
2201 1908 2270 1962 τὰ
2298 1908 2426 1961 ὄντα
2454 1908 2632 1960 πάντα
2659 1906 2957 1977 προνοίαις,
2984 1905 3078 1957 καὶ
3117 1898 3228 1956 οἷον
3264 1904 3573 1973 ἀγαθότητι
3607 1905 3704 1956 καὶ

406 2011 591 2051 rerum
619 1995 839 2051 exsistit
859 2005 913 2050 et
934 1997 1183 2052 bonitate
1212 2008 1379 2068 atque
1406 1996 1700 2052 dilectione
1729 2006 1784 2051 et
1807 2012 1995 2052 amore

404 2089 572 2144 veluti
621 2088 885 2144 delinitur
939 2101 994 2145 et
1038 2092 1391 2147 oblectatur:
1421 2100 1476 2145 et
1506 2106 1633 2146 cum
1688 2091 1763 2146 sit
1824 2106 1993 2161 supra

403 2181 586 2236 omnia
620 2193 674 2236 et
703 2197 769 2235 ex
796 2182 1052 2237 omnibus
1102 2191 1408 2251 exetnptus,
1433 2180 1501 2235 ad
1537 2181 1723 2235 omnia
1752 2181 1997 2235 demitti-

407 2286 496 2326 tur
525 2276 823 2329 secundum
860 2282 1189 2345 potestatem
1243 2271 1858 2344 suprasubstantialem,
1886 2288 1993 2343 qua

406 2376 559 2421 extra
590 2380 649 2421 se
681 2382 788 2421 non
826 2367 1163 2437 cgrediendo
1186 2366 1318 2419 exit.
1351 2364 1501 2421 Hanc
1524 2366 1593 2420 ob
1644 2381 1867 2421 causam
1898 2379 1994 2436 pe-

410 2459 497 2513 riti
553 2474 739 2513 rerum
798 2460 1110 2515 divinarum
1158 2460 1390 2515 zelotem
1440 2459 1592 2515 illum
1652 2466 1993 2528 nuncuyant,

406 2553 551 2622 quod
592 2567 792 2622 magno
824 2562 880 2608 et
932 2553 1173 2624 benigno
1236 2569 1420 2609 rerum
1468 2566 1659 2608 amore
1721 2562 1991 2617 teneatur,

406 2662 613 2716 easque
637 2648 705 2701 ad
736 2646 909 2717 ipsius
941 2647 1197 2703 amatorii
1227 2647 1486 2701 desiderii
1506 2648 1679 2701 zelum
1702 2656 1993 2717 provocet,

408 2750 577 2810 atque
614 2741 752 2795 adeo
789 2742 1082 2811 semetipse
1133 2741 1536 2811 quodammodo
1567 2740 1803 2796 zelotem
1856 2756 1996 2811 prae-

410 2846 540 2903 stet,
577 2844 638 2891 ut
669 2837 756 2892 cui
782 2850 872 2891 res
901 2836 1295 2893 desiderabiles
1327 2836 1437 2891 sint
1465 2835 1582 2890 zelo
1621 2836 1821 2906 dignae,
1852 2843 1909 2891 et
1937 2847 1995 2889 ut

409 2932 505 2998 qui
541 2946 746 2996 rerum,
804 2932 1006 3002 quibus
1028 2931 1301 3001 providet,
1349 2929 1469 2985 zelo
1500 2929 1793 2985 afﬁciatur.
1826 2928 1994 2983 Deni-

408 3039 515 3093 que
541 3026 763 3085 omnino
792 3026 1083 3097 pulchrum
1111 3035 1195 3080 est
1218 3035 1272 3079 et
1297 3025 1523 3090 bonum,
1552 3025 1815 3095 quidquid
1844 3039 1996 3079 ama-

411 3118 517 3174 bile
547 3130 631 3174 cst
669 3128 727 3173 et
750 3135 928 3186 amor,
972 3128 1028 3172 et
1078 3118 1131 3173 in
1165 3118 1396 3189 pulchro
1424 3119 1681 3189 bonoque
1714 3119 1993 3190 prmcollo-

409 3221 590 3281 catur,
623 3220 678 3268 et
701 3222 928 3283 pr0pter
949 3210 1241 3282 pulchrum
1273 3219 1329 3267 et
1358 3211 1563 3267 bonum
1587 3222 1692 3277 est,
1721 3224 1775 3268 et
1800 3212 1878 3268 lit.

2097 2001 2373 2072 ἀγαπήσει
2401 2001 2498 2053 καὶ
2524 1998 2690 2070 ἔρωτι
2719 1998 2967 2066 θέλγεται
2989 2014 3005 2025 ·
3033 1995 3208 2048 καὶέκ
3228 1995 3325 2047 τοῦ
3344 1994 3491 2064 ὑπὲρ
3518 1996 3703 2047 πάντα

2096 2095 2189 2148 καὶ
2220 2094 2437 2147 πάντων
2485 2090 2822 2165 ἐξῃρημένου
2851 2089 2990 2159 πρὸς
3014 2089 3076 2142 τὸ
3118 2090 3179 2141 ἐν
3223 2090 3359 2141 πᾶσι
3388 2087 3700 2155 κατάγεται

2096 2187 2218 2240 κατ’
2267 2184 2596 2255 ἐκστατικὴν
2649 2181 2973 2252 ὑπερούσιον
3021 2180 3251 2251 δύναμιν
3296 2180 3701 2249 ἀνεκφοίτητον

2097 2277 2313 2331 ἑαυτοῦ.
2346 2276 2437 2329 Διὸ
2459 2277 2553 2330 καὶ
2578 2274 2824 2347 ζηλωτὴν
2852 2275 3013 2328 αὐτὸν
3036 2276 3085 2327 οἱ
3107 2273 3175 2326 τὰ
3194 2273 3314 2326 θεῖα
3333 2272 3501 2325 δεινοὶ
3522 2289 3695 2342 προσ-

2096 2368 2469 2439 αγορεύουσιν,
2494 2368 2570 2431 ὼς
2604 2367 2771 2421 πολὺν
2801 2367 2893 2419 τὸν
2918 2368 2997 2430 εἰς
3021 2366 3089 2418 τά
3114 2366 3243 2418 ὄντα
3258 2365 3463 2434 ἀγαθὸν
3491 2365 3695 2435 ἔρωτα,

2096 2462 2191 2514 καὶ
2215 2461 2291 2524 ὼς
2328 2461 2463 2529 πρὸς
2492 2459 2651 2531 ζῆλον
2690 2458 2971 2529 ἐγερτικὸν
3009 2458 3108 2529 τῆς
3134 2457 3375 2526 ἐφέσεως
3400 2456 3573 2510 αὐτοῦ
3598 2457 3695 2524 τῆς

2096 2552 2390 2624 ἐρωτικῆς,
2443 2554 2537 2605 καὶ
2586 2552 2660 2616 ὡς
2702 2550 2948 2621 ζηλωτὴν
2997 2550 3159 2603 αὑτὸν
3196 2552 3241 2581 ⁵⁸
3270 2549 3693 2613 ἀποδεικνύντα,

2096 2638 2141 2714 ᾧ
2158 2646 2203 2677 ⁵⁸
2228 2646 2321 2699 καὶ
2336 2645 2403 2699 τὰ
2427 2634 2710 2716 ἐφιέμενα,
2742 2644 2979 2716 ζηλωτὰ,
3005 2644 3097 2697 καὶ
3123 2644 3198 2707 ὼς
3225 2644 3339 2696 τῶν
3362 2643 3697 2714 προνοουμέ-

2096 2755 2202 2791 νων
2231 2736 2401 2791 ὄντων
2419 2776 2434 2800 ,
2467 2736 2615 2807 αὑτῷ
2656 2735 2933 2807 ζηλωτῶν.
2965 2738 3073 2790 Καὶ
3098 2736 3234 2799 ὅλως
3275 2733 3372 2787 τοῦ
3401 2734 3573 2787 καλοῦ
3601 2737 3695 2788 καὶ

2098 2829 2307 2900 ἀγαθοῦ
2325 2833 2450 2883 ἐστι
2476 2830 2537 2883 τὸ
2569 2830 2821 2901 ἐραστὸν,
2845 2831 2937 2883 καὶ
2962 2833 2991 2884 ὁ
3017 2828 3176 2899 ἔρως,
3208 2829 3301 2882 καὶ
3326 2830 3385 2881 ἐν
3419 2828 3509 2896 τῷ
3534 2827 3687 2897 καλῷ

2096 2926 2191 2979 καὶ
2218 2923 2407 2994 ἀγαθῷ
2432 2923 2751 2996 προῖδρυται
2776 2964 2790 2990 ,
2840 2925 2935 2978 καὶ
2960 2923 3046 2977 διὰ
3072 2923 3133 2976 τὸ
3173 2923 3337 2976 καλὸν
3364 2922 3461 2976 καὶ
3487 2921 3694 2989 ἀγαθόν

2096 3016 2211 3068 ἐστι
2250 3017 2344 3069 καὶ
2370 3016 2600 3085 γίνεται.

1905 3374 1932 3447 §
1968 3373 2141 3435 XIV.

484 3516 624 3583 Quid
652 3531 815 3587 porro
860 3516 1079 3571 tandem
1132 3516 1445 3588 signiﬁcare
1492 3515 1681 3572 volunt
1727 3515 1988 3587 theologi,

2164 3519 2229 3572 Τί
2254 3519 2313 3573 δὲ
2339 3519 2476 3584 ὅλως
2498 3521 2545 3572 οἱ
2569 3519 2806 3589 θεολόγοι
2857 3520 3193 3591 βουλόμενοι,
3226 3519 3354 3572 ποτὲ
3393 3519 3695 3591 μὲνέρωτα

412 3625 538 3665 eum
565 3610 857 3679 aliquando
884 3610 1104 3680 quidem
1148 3610 1315 3665 Deum
1340 3619 1538 3666 vocant
1566 3625 1809 3668 amorem
1831 3622 1886 3667 et
1909 3613 1996 3667 di-

414 3702 726 3768 lectionem,
757 3703 1090 3773 quandoque
1134 3718 1266 3758 vero
1293 3703 1582 3759 amabilem
1610 3713 1666 3758 et
1691 3704 1951 3760 dilectum
1976 3706 2000 3759 ?

412 3793 561 3849 lllius
582 3794 803 3862 quidem
846 3795 1085 3865 (scilicet
1123 3796 1331 3850 amoris
1354 3805 1409 3851 et
1432 3796 1761 3869 dilectionis)
1784 3808 1996 3865 auctor,

412 3900 467 3945 et
496 3900 755 3961 tanquam
783 3891 1085 3961 productor
1110 3907 1175 3947 ac
1218 3902 1511 3963 generator
1533 3904 1618 3949 est
1644 3911 1660 3961 ;
1690 3894 1793 3949 hoc
1814 3902 1995 3949 autem

416 3983 492 4054 (id
517 3992 601 4039 est
623 3984 875 4039 amabilis
901 3994 959 4039 et
983 3984 1237 4056 dilectus)
1286 3986 1404 4056 ipse
1429 3994 1531 4041 est.
1558 3986 1652 4043 illo
1677 3986 1896 4056 quidem
1921 3986 1996 4058 (id

413 4087 497 4131 est
520 4090 710 4132 amore
735 4085 793 4131 et
815 4076 1128 4147 dilectione)
1159 4084 1429 4144 movetur,
1462 4078 1565 4133 hoc
1590 4088 1773 4133 autem
1808 4079 1885 4151 (id
1913 4089 1997 4135 est

414 4177 477 4222 ut
500 4167 756 4223 amabilis
778 4178 834 4223 et
881 4167 1132 4240 dilectus)
1181 4177 1365 4225 movet
1392 4185 1408 4234 ;
1435 4168 1563 4239 quia
1590 4184 1652 4226 se
1678 4170 1796 4240 ipse
1823 4171 1995 4225 addu—

420 4260 524 4325 cit,
567 4269 624 4316 et
669 4260 773 4315 sibi
821 4259 1065 4326 adducit,
1091 4270 1147 4317 et
1176 4258 1379 4317 movet'.
1409 4259 1524 4316 Hac
1572 4276 1754 4317 autem
1781 4262 1997 4318 ratione

413 4350 674 4407 dilectum
700 4360 757 4406 et
782 4352 1074 4407 amabilem
1121 4368 1247 4408 eum
1293 4364 1512 4421 vocant,
1563 4365 1825 4425 tanquam
1873 4357 1996 4425 pul-

414 4444 606 4499 chrum
636 4454 691 4499 et
715 4445 920 4500 bonum
949 4461 964 4505 ;
993 4459 1237 4502 amorem
1271 4460 1404 4501 vero
1452 4460 1644 4501 rursus
1667 4454 1722 4502 et
1748 4445 1996 4502 dilectio-

415 4549 562 4600 nem,
602 4544 859 4604 tanqnam
886 4534 993 4589 vim
1045 4536 1362 4602 motricem,
1414 4545 1469 4592 et
1510 4550 1727 4592 sursum
1771 4537 1995 4595 trahen-

420 4635 525 4679 tem
554 4626 621 4680 ad
646 4641 728 4691 se,
756 4628 850 4696 qui
896 4627 1047 4683 solus
1089 4637 1177 4683 est
1219 4628 1396 4699 ipsum
1424 4642 1523 4699 per
1549 4643 1609 4684 se
1631 4628 1915 4698 pulchrum
1942 4638 1998 4682 et

416 4720 642 4784 bonum,
668 4729 728 4773 et
757 4730 1018 4788 tanquam
1067 4720 1570 4778 manifestationem
1597 4722 1680 4777 sui
1706 4723 1876 4792 ipsius
1899 4736 1996 4790 per

2103 3608 2196 3663 καὶ
2226 3610 2448 3683 ἀγάπην
2491 3611 2652 3666 αὐτόν
2677 3628 2829 3681 φασι,
2860 3612 2989 3664 ποτὲ
3008 3612 3066 3665 δὲ
3097 3610 3324 3683 ὲραστὺν
3349 3612 3444 3662 καὶ
3473 3610 3694 3679 ἀγαπη-

2100 3702 2194 3756 τόν
2231 3719 2245 3767 ;
2279 3702 2385 3755 Τοῦ
2421 3704 2518 3773 μὲν
2546 3705 2655 3776 γὰρ
2680 3704 2871 3769 αἴτιος,
2919 3705 3014 3759 καὶ
3044 3702 3231 3774 ὥσπερ
3256 3703 3579 3773 προϐολεὺς,
3607 3705 3697 3755 καί

2100 3796 2489 3869 ἀπογεννήτωρ
2512 3816 2524 3828 ’
2553 3800 2614 3852 τὸ
2645 3800 2701 3853 δὲ
2729 3800 2890 3864 αὐτὸς
2940 3802 3075 3853 ἐστι,
3126 3800 3233 3851 Καὶ
3283 3797 3362 3866 τῷ
3400 3797 3501 3866 μὲν
3531 3800 3698 3867 κινεῖ-

2100 3904 2213 3951 ται,
2240 3888 2318 3959 τῷ
2347 3888 2405 3941 δὲ
2428 3892 2569 3943 κινεῖ
2588 3907 2601 3920 ·
2631 3890 2664 3961 ἢ
2693 3891 2773 3943 ὄτι
2816 3890 2979 3955 αὐτὸς
3019 3888 3213 3943 ἑαυτοῦ
3236 3890 3329 3942 καὶ
3360 3887 3544 3958 ἐαυτῷ
3580 3890 3697 3940 ἐστι

2099 3984 2481 4052 προαγωγικὸς
2516 3985 2612 4038 καὶ
2638 3984 2934 4056 κινητικός.
2971 3983 3157 4054 Ταύτῃ
3190 3982 3250 4036 δὲ
3277 3983 3566 4053 ἀγαπητὸν
3600 3983 3695 4053 μὲν

2100 4071 2193 4124 καὶ
2220 4073 2450 4142 ὲραστὸν
2471 4073 2604 4128 αὐτὸ
2622 4075 2666 4106 ⁵⁷
2693 4074 2972 4138 καλοῦσιν,
3016 4074 3093 4137 ὡς
3124 4072 3290 4126 καλὸν
3318 4074 3413 4126 καὶ
3448 4072 3661 4141 ἀγαθόν
3679 4090 3691 4101 ·

2098 4161 2279 4235 ἔρωτα
2301 4166 2360 4221 δὲ
2382 4162 2540 4231 αὖθις
2594 4168 2690 4222 καὶ
2732 4168 2975 4239 ἀγάπην,
3019 4167 3095 4231 ὡς
3123 4166 3410 4237 κινητικὴν
3434 4166 3559 4237 ἅμα
3604 4164 3695 4217 καὶ

2099 4259 2176 4323 ὡς
2199 4260 2484 4328 ἀναγωγὸν
2513 4259 2742 4331 δύναμιν
2781 4260 2912 4313 ὄντα
2946 4260 3033 4328 ἐφ’
3063 4259 3277 4319 ἑαυτὸν,
3301 4258 3363 4310 τὸ
3399 4258 3564 4328 μόνον
3595 4260 3691 4310 αὺ-

2097 4355 2159 4408 τὸ
2186 4355 2253 4407 δι’
2282 4353 2444 4407 ἑαυτὸ
2490 4352 2654 4406 καλὸν
2704 4352 2800 4406 xai.
2846 4351 3072 4420 ἀγαθὸν,
3099 4351 3194 4404 καὶ
3215 4350 3406 4421 ὥσπερ
3431 4350 3695 4419 ἕκφανσιν

2098 4445 2228 4499 ὄντα
2255 4444 2447 4499 ἐαυτοῦ
2471 4444 2538 4498 δι’
2562 4442 2778 4507 ἐαυτοῦ,
2824 4444 2918 4496 καὶ
2942 4443 3041 4515 τῆς
3073 4442 3419 4514 ἐξῃρημένης
3445 4441 3695 4505 ὲνώσεως

2099 4537 2308 4609 ἀγαθὴν
2353 4534 2600 4607 πρόοδον,
2629 4536 2723 4588 καὶ
2747 4534 3014 4607 ἐρωτικὴν
3053 4535 3288 4606 κίνησιν,
3312 4534 3517 4605 ἁπλῆν,
3548 4536 3695 4587 αὐτο

2100 4633 2343 4702 κίνητον,
2393 4630 2811 4701 αὐτενὲργητον,
2854 4627 3130 4700 προοῦσαν
3154 4630 3212 4681 ὲν
3238 4627 3489 4698 τάγαθῷ,
3514 4629 3613 4682 καὶ
3635 4632 3694 4681 ὲκ

2097 4723 2337 4793 τάγαθοῦ
2359 4726 2468 4787 τοῖς
2489 4718 2642 4777 οὖσιν
2663 4722 3089 4794 ἐκϐλυζομένην,
3114 4723 3209 4775 καὶ
3233 4716 3391 4784 αὖθις
3421 4723 3507 4785 εἰς
3538 4722 3692 4789 τάγα-

416 4809 677 4877 seipsum,
702 4820 758 4865 et
785 4821 841 4865 ut
868 4812 1162 4884 benignum
1210 4831 1532 4887 processum
1582 4813 1798 4870 eximite
1848 4814 1992 4869 illius

2102 4816 2192 4870 θὸν
2216 4814 2716 4887 ἐπιστρεφομένην.
2770 4814 2857 4868 Ἐν
2878 4806 2923 4882 ᾧ
2945 4814 3038 4866 καὶ
3082 4812 3143 4866 τὸ
3180 4812 3543 4884 ἀτελεύτητον
3575 4814 3694 4866 ἑαυ-

418 4900 656 4964 unionis,
681 4910 735 4954 et
762 4904 1087 4958 amatorium
1141 4884 1467 4973 motionem,
1524 4905 1851 4974 simplicem,
1900 4919 1992 4975 per

2101 4905 2195 4959 τοῦ
2221 4905 2314 4959 καὶ¹
2339 4884 2572 4975 ἄναρχον
2598 4905 2627 4957 ὁ
2650 4884 2793 4967 θεῖος
2836 4902 2976 4974 ἔρως
3019 4901 3361 4955 ἐνδείκνυται
3407 4903 3692 4974 διαφερόν-

420 5006 481 5046 se
524 4991 801 5057 mobilem,
831 5008 929 5062 per
956 5009 1017 5049 se
1038 5009 1357 5066 operantem
1381 5040 1398 5066 ,
1444 4998 1913 5069 praaexsistentem
1939 4997 1993 5050 in

419 5086 582 5151 bono,
609 5093 662 5139 et
688 5100 754 5137 ex
781 5084 925 5141 bono
954 5088 1005 5141 in
1035 5103 1098 5143 ea
1144 5105 1266 5160 qua:
1312 5102 1442 5147 sunt
1490 5091 1906 5153 redundantem,
1932 5104 1999 5144 ac

423 5191 610 5231 rursus
637 5178 703 5232 ad
728 5178 932 5232 bonum
981 5191 1365 5240 revertentem.
1417 5183 1533 5251 Qua
1566 5183 1617 5238 in
1647 5197 1704 5239 re
1731 5192 1786 5238 et
1811 5182 1917 5237 line
1942 5190 1999 5237 et

492 5323 521 5351 ιι
545 5311 723 5368 Gaiat.
754 5328 817 5378 ιι,
856 5309 950 5367 20.

2101 5013 2230 5060 τως,
2256 4994 2445 5065 ὥσπερ
2469 5010 2553 5057 τις
2583 4992 2751 5055 ἀΐδιος
2785 4991 3004 5054 κύκλος,
3026 4989 3114 5042 διὰ
3159 4988 3415 5058 τάγαθὸν,
3443 4992 3515 5043 ἐκ
3537 4992 3695 5058 τάγα-

2105 5090 2220 5153 θοῦ,
2253 5089 2346 5142 καὶ
2370 5090 2426 5142 ἐν
2448 5085 2691 5157 τάγαθῷ,
2715 5087 2809 5139 καὶ
2834 5088 2914 5149 εἰς
2948 5083 3204 5152 τάγαθὸν,
3229 5086 3288 5138 ὲν
3313 5084 3552 5137 ἀπλανεῖ
3574 5101 3692 5136 συν-

2104 5184 2268 5250 ελίξει
2318 5181 2839 5253 περιπορευόμενος,
2885 5179 2979 5233 καὶ
3004 5181 3062 5232 ἐν
3093 5177 3297 5250 ταύτῷ,
3348 5179 3443 5231 καὶ
3476 5177 3691 5233 κατὰτὸ

1696 5425 1935 5483 νΑιιιιλΕ
2003 5426 2410 5487 LECTIONES.

489 5596 537 5670 ’ξ
558 5594 792 5670 ἀληθῶς,
819 5592 1047 5670 MRScL
1105 5592 1151 5670 “_’
1175 5587 1769 5670 Qwhv_,_d}_l$“thvntg§
1792 5590 2163 5670 epaoroﬁ‘Cﬁv
2184 5592 2309 5670 _,_P..
2371 5592 2417 5670 f“
2443 5591 2553 5670 τῷν
2588 5592 2771 5649 καλῶν
2809 5595 2903 5648 καὶ
2934 5589 3157 5663 ἀγαθῶν
3180 5630 3194 5656 ,
3226 5588 3305 5661 τῷ
3338 5589 3586 5657 πάντων,
3615 5585 3681 5648 Μ.

433 5662 500 5734 τῷ
527 5660 657 5718 item
685 5668 841 5719 habet
878 5666 934 5720 S.
1004 5666 1048 5696 δ’
1079 5660 1286 5734 αὐτὴν,
1310 5664 1375 5716 Μ.
1398 5661 1455 5714 Ρ.
1497 5660 1586 5715 Sc.
1624 5660 1669 5692 ⁸⁸
1694 5661 1758 5715 δι’
1789 5660 1921 5732 ὅίὸ.
1955 5667 2001 5733 ὅ,
2033 5660 2129 5720 Ρ.”
2182 5666 2223 5696 ⁵⁷
2255 5664 2440 5731 αὐτόν,
2475 5664 2536 5718 D.
