3866 6234
177 402 285 459 115
1296 400 1386 456 DE
1416 398 1670 457 DWINIS
1700 400 2096 471 NOMINIBUS,
2129 404 2285 463 CAP.
2321 406 2410 464 IV.
3330 414 3440 469 7η

157 519 306 572 αὐτὸ
334 518 405 582 ⁸⁸,
432 520 526 572 καὶ
570 518 776 592 προῖὼν
796 519 901 585 ἀεὶ,
927 521 1024 575 καὶ
1051 519 1247 592 μένων,
1280 522 1373 575 καὶ
1396 522 1731 578 ἀποκαθιστό

1868 524 2140 595 principio
2165 541 2225 581 se
2252 541 2442 581 carere
2464 526 2681 583 divinus
2713 542 2870 584 amor
2899 528 3230 586 excellenter
3252 543 3444 588 osten-

161 625 355 680 μενος.
382 608 566 663 Ταῦτα
591 612 685 664 καὶ
705 613 734 665 ό
749 610 956 675 κλεινὸς
979 613 1011 683 ἡ
1020 610 1136 682 μῶν
1162 610 1532 684 ίεροτελεστὴς
1555 612 1731 666 ἐνοέωι

1863 610 1962 675 dit,
1992 620 2249 683 tanquam
2276 614 2640 684 sempiternus
2679 616 2941 685 circulus,
2970 629 3192 690 propter
3215 618 3442 688 bonum,

122 699 491 771 ςῦφηγήσατο
527 701 665 755 κατὰ
713 703 841 766 τοὺς
892 702 1189 773 ἐρωτικοὺς
1241 700 1475 773 ὕμνους
1529 695 1604 756 ὧν
1654 702 1731 756 οὐκ

1860 716 1928 757 ex
1955 703 2120 770 bono,
2166 704 2220 759 in
2266 704 2432 772 bono,
2457 715 2512 761 et
2556 708 2623 763 ad
2652 708 2853 764 bonum
2901 711 3277 769 indeclinabili
3300 730 3441 769 con-

154 792 370 847 ἄτοπον
415 794 842 867 ἐπιμνησθῆναι,
877 795 971 849 καὶ
1013 792 1123 849 οἷον
1168 795 1324 868 ἱεράν
1352 813 1474 850 τινα
1513 796 1731 870 κεφαλὴ·

1857 796 2111 851 versione
2153 797 2501 865 circumiens,
2531 798 2585 855 in
2612 801 2822 864 eodem,
2869 812 2926 858 et
2951 805 3248 860 secundum
3274 804 3442 871 idem,

80 894 93 899 “
152 885 431 939 ὲπθεωαι
459 885 537 957 τῷ
568 888 695 960 περὶ
718 888 921 960 ἔρωτος
945 888 1105 962 ἡμῶν
1129 887 1292 960 λόγῳ.

1857 899 1914 943 et
1938 890 2241 959 procedens
2290 905 2532 963 semper,
2558 901 2613 947 et
2645 910 2893 963 manens,
2924 907 2980 951 et
3012 912 3287 953 remeans.
3318 897 3445 952 Haec

151 979 332 1035 etiam
358 978 589 1050 inclytus
617 990 803 1035 noster
830 981 883 1034 in
911 980 1085 1035 sacris
1126 979 1374 1035 initiator
1399 978 1587 1034 divino
1611 978 1820 1049 Spiritu
1847 977 2062 1035 amatus
2090 980 2144 1033 in
2199 982 2484 1037 amatoriis
2539 983 2655 1038 suis
2712 984 2932 1055 hymnis
2986 986 3259 1056 exposuit,
3298 1001 3437 1057 quos

155 1088 275 1128 non
305 1071 403 1127 abs
426 1086 485 1127 re
512 1071 675 1127 fuerit
726 1086 1181 1138 commemorare,
1226 1080 1287 1128 et
1326 1072 1486 1144 quasi
1534 1086 1752 1128 sacrum
1788 1073 2063 1142 quoddam
2091 1081 2258 1143 caput
2302 1073 2433 1130 huic
2477 1085 2667 1132 nostro
2716 1078 2957 1134 Sermoni
2999 1079 3068 1134 de
3123 1093 3314 1135 amore
3352 1088 3438 1133 at-

154 1174 380 1221 texere.

1715 1269 1742 1342 ς
1779 1269 1897 1327 xv.

1856 1387 2022 1461 332
2077 1385 2349 1442 Hierothei
2398 1385 2744 1467 sanctissimi
2771 1389 2872 1445 viri
2918 1390 3073 1447 verba
3120 1410 3188 1449 es:
3231 1396 3439 1467 hymnis

250 1376 533 1449 ’ἱεροθέου
577 1378 686 1435 τοῦ
731 1379 1060 1468 ἁγιωτάτου
1107 1383 1178 1439 ἐκ
1224 1400 1345 1440 των
1385 1354 1679 1457 ἐρωτικῶν
1856 1387 2022 1461 362
2077 1385 2349 1442 Hierothei
2398 1385 2744 1471 sanctissimi.

846 1469 1070 1507 υιινων.
2491 1467 2744 1507 amatam

2491 1473 2789 1516 amatoria.

846 1469 1070 1523 ῑψνων.

1904 1595 2188 1664 Amorem,
2220 1597 2333 1652 sive
2361 1594 2631 1663 divinum,
2660 1599 2777 1652 sive
2812 1599 3139 1670 angelicum,
3166 1602 3281 1659 sive
3305 1604 3417 1672 spi-

1847 1685 2078 1752 ritalem,
2108 1689 2223 1743 sive
2246 1686 2560 1752 animalem,
2602 1688 2719 1743 sive
2759 1690 3062 1746 naturalem
3089 1693 3413 1764 dixerimus,

206 1602 319 1655 Τδν
347 1600 547 1673 ἔρωτα,
570 1600 682 1655 εἴτε
708 1602 872 1667 θεῖον,
898 1600 1009 1654 εἴτε
1039 1598 1350 1669 ἀγγελικδν,
1382 1597 1493 1651 εἴτε
1516 1596 1723 1670 νοερὸν,

121 1697 251 1751 εἴτε
283 1696 538 1767 ψυχικὸν,
583 1695 696 1750 εἴτε
726 1693 954 1765 φυσικὸν
1003 1691 1273 1764 εἴποιμεν,
1314 1692 1581 1762 ἑνωτικήν
1602 1707 1725 1743 τινα

122 1789 232 1842 καὶ
259 1786 632 1860 συγκρατικὴν
670 1786 1016 1858 ἐννοήσωμεν
1056 1784 1306 1855 δύναμιν,
1332 1782 1402 1836 τὰ
1426 1782 1526 1854 μὲν
1551 1781 1724 1853 ὺπέρ-

1844 1777 1942 1830 vim
1966 1780 2262 1848 quamdam
2285 1779 2401 1834 sive
2428 1786 2751 1849 potestatem
2797 1782 3144 1851 copulantem
3182 1793 3239 1839 et
3260 1800 3405 1840 com-

119 1898 271 1951 τερα
297 1881 555 1933 κινοῦσαν
582 1879 678 1933 ἐπὶ
702 1879 959 1951 πρόνοιαν
1004 1876 1115 1931 τῶν
1167 1875 1630 1947 καταδεεστέρων,
1656 1873 1725 1927 τὰ

1844 1869 2155 1926 miscentem
2200 1871 2587 1941 intelligamus,
2630 1872 2914 1941 superiora
2941 1875 3158 1944 quidem
3186 1891 3414 1933 moven-

119 1975 187 2027 δὲ
213 1973 517 2044 όμὸστοιχα
540 1972 705 2027 πάλιν
728 1974 809 2036 είς
855 1968 1178 2041 κοινωνικὴν
1220 1968 1598 2041 ἀλληλουχίαν,
1630 1968 1725 2022 καὶ

1844 1972 1941 2016 Lem
1968 1962 2034 2017 ad
2060 1963 2456 2033 providentiam
2485 1965 2808 2021 inferiorum
2838 1982 2852 2032 ;
2887 1981 2953 2021 ea
2985 1983 3113 2023 vero
3138 1983 3259 2038 qua
3282 1980 3410 2026 sunt

122 2067 222 2119 ἐπ’
243 2068 493 2136 ἐσχάτων
540 2064 609 2118 τὰ
654 2064 924 2135 ὑφειμένα
967 2064 1105 2135 πρὸς
1148 2061 1247 2135 τὴν
1268 2060 1378 2117 τῶν
1401 2061 1724 2133 κρειττόνων

1844 2050 2071 2122 :jusdem
2104 2054 2339 2119 ordinis,
2365 2056 2432 2110 ad
2460 2065 2705 2112 mutuam
2748 2058 3327 2126 communicationem,
3356 2070 3414 2117 et

121 2157 229 2211 καὶ
256 2156 675 2229 ὑπερκειμένων
696 2155 1055 2226 ἐπιστροφήν.

1844 2147 2126 2203 novissime
2150 2162 2215 2204 ea
2238 2163 2358 2218 quae
2386 2157 2515 2204 sunt
2554 2147 2813 2203 inferiora
2839 2190 2856 2217 ,
2884 2151 2954 2205 ad
2983 2153 3413 2208 convertendum

1830 2258 1892 2298 se
1918 2241 1987 2297 ad
2013 2240 2396 2311 praestantiora
2421 2247 2475 2295 et
2497 2241 2809 2308 praaposita.

1667 2341 1697 2414 ς
1734 2338 1879 2395 1m.

202 2462 319 2521 Τοῦ
355 2461 544 2518 αὑτοῦ
588 2461 663 2516 ἐκ
700 2459 819 2517 τῶν
849 2458 1054 2516 αὐτῶν
1088 2459 1384 2531 ἐρωτικῶν
1420 2459 1644 2532 ὕμνων.

1936 2457 2192 2531 Ejusdem
2229 2462 2386 2519 verba
2421 2478 2488 2519 es
2520 2465 2709 2523 iisdem
2745 2467 2954 2541 hymnis
2988 2472 3291 2529 amatoriis.

213 2611 437 2682 Ἐπειδὴ
464 2612 592 2675 τοὺς
617 2613 683 2664 ἐκ
727 2608 823 2663 τοῦ
858 2609 977 2673 ἐνὸς
1026 2608 1252 2672 πολλοὺς
1297 2607 1507 2680 ἔρωτας
1547 2608 1727 2662 διετά-

1902 2604 2169 2672 Qnoniam
2196 2618 2263 2660 ex
2288 2620 2395 2659 uno
2418 2619 2637 2660 amores
2679 2607 2877 2662 multos
2902 2609 3295 2679 ordinavimns,
3325 2626 3415 2667 or-

119 2706 327 2778 ξαμεν,
376 2704 506 2777 ἐξῆς
552 2704 861 2776 εἰρηκότες,
909 2697 1023 2756 οἷαι
1058 2703 1106 2735 ⁸⁸
1158 2701 1257 2773 μὲν
1299 2703 1353 2754 at
1403 2700 1513 2753 τῶν
1563 2703 1726 2769 ἐγκο-

1844 2701 1957 2755 line
1984 2699 2317 2755 recensendo
2362 2699 2550 2768 quales
2598 2699 2961 2756 mundialium
2992 2711 3049 2758 et
3075 2718 3408 2773 supermun-

122 2802 313 2871 σμίων
346 2816 408 2853 τε
437 2798 533 2852 καὶ
574 2796 964 2868 ὕπερκοσμίων
1012 2794 1230 2868 ἐρώτων
1273 2793 1502 2863 γνώσεις
1525 2810 1584 2847 τε
1630 2792 1727 2846 καὶ

1844 2791 2051 2845 :lialium
2110 2804 2361 2847 amorum
2417 2792 2667 2848 notiones
2695 2806 2761 2847 ac
2788 2791 3025 2849 virtutes
3054 2796 3409 2864 exsisterent,

118 2892 414 2963 δυνάμεις,
447 2883 492 2960 ᾧ
518 2889 845 2961 ὑπερέχουσι
868 2887 1010 2941 κατὰ
1053 2888 1144 2941 τὸν
1174 2887 1503 2941 ἀποδοθέντα
1528 2886 1623 2940 τοῦ
1647 2886 1729 2939 λό-

1844 2885 2051 2953 ιιιὶὺυε,
2079 2883 2235 2954 juxta
2281 2885 2549 2938 rationem
2597 2883 2955 2955 assignatam,
3002 2886 3328 2957 spiritalium
3356 2898 3415 2945 et

119 3003 227 3054 γου
254 2984 481 3047 σκοπὸν,
511 2983 567 3035 al
594 2982 704 3035 τῶν
751 2981 955 3053 νοερῶν
998 2998 1057 3034 τε
1099 2982 1194 3035 καὶ
1241 2980 1449 3049 νοητῶν
1504 2979 1724 3051 ἐρώτων

1844 2976 2109 3032 intellectu
2163 2976 2516 3047 praatlitorum
2564 2991 2810 3033 amorum
2844 2979 3067 3034 ordines
3090 2979 3411 3038 distinctio-

118 3077 317 3143 τάξεις
338 3094 395 3129 τε
428 3076 521 3129 καὶ
543 3075 950 3145 διακοσμήσας,
995 3073 1114 3145 μεθ’
1138 3074 1234 3139 οὓς
1259 3075 1304 3106 ⁸⁸
1329 3074 1377 3127 οἶ
1413 3072 1723 3145 αὐτονόητοι

1844 3084 2035 3139 tesque
2078 3068 2413 3139 praecellunt,
2458 3070 2604 3124 inter
2641 3084 2779 3140 quos
2804 3069 2879 3124 illi
2905 3072 2996 3141 qui
3028 3073 3223 3143 seipsis
3248 3074 3409 3129 intel-

116 3169 224 3220 καὶ
248 3167 385 3219 Θεῖοι
410 3166 519 3218 τῶν
539 3164 709 3229 ὅντως
734 3166 853 3218 ἐκεῖ
877 3163 1055 3218 καλῶν
1102 3164 1322 3237 ἐρώτων
1369 3165 1722 3237 ὑπερεστᾶσι,

1844 3163 2041 3219 ectiles
2064 3178 2128 3218 ac
2151 3164 2343 3230 divini,
2372 3164 2531 3220 bonis
2565 3165 2658 3235 qui
2690 3165 2805 3221 illic
2832 3180 2960 3221 vere
2981 3175 3110 3221 sunt
3131 3169 3412 3225 amoribus

115 3262 222 3314 καὶ
252 3261 389 3331 ἡμῖν
426 3258 646 3322 οἰκείως
680 3256 969 3329 ὖμνηνται.
1028 3256 1144 3311 Νῦν
1188 3253 1343 3321 αὖθις
1370 3258 1411 3289 ⁶¹
1438 3256 1728 3311 ἀναλαϐόν-

1844 3254 2094 3323 ιτκΐοοιί,
2117 3264 2173 3311 et
2195 3270 2223 3309 a
2255 3256 2412 3312 nobis
2438 3258 2655 3327 proprie
2679 3256 2884 3313 laudati
2919 3267 3067 3314 sunt.
3116 3258 3274 3315 Modo
3307 3262 3409 3318 ite-

113 3370 219 3416 τες
247 3352 496 3415 ἅπαντας
519 3352 599 3415 είς
628 3351 721 3403 τὸν
758 3350 857 3403 Eva
902 3350 995 3403 καί¹
1044 3350 1483 3421 συνεπτυγμένον
1523 3350 1721 3421 ἔρωτα,

114 3444 222 3497 καὶ
264 3442 488 3495 πάντων
519 3441 699 3495 αὐτῶν
741 3440 955 3512 πατέρα
995 3441 1358 3513 συνελίξωμεν
1382 3443 1427 3473 ⁵⁸
1475 3441 1591 3512 ἅμα
1628 3440 1725 3495 καὶ

116 3536 530 3605 συναγάγωμεν
559 3526 670 3588 ἀπὸ
707 3534 818 3588 τῶν
848 3533 1080 3599 πολλῶν,
1130 3534 1349 3607 πρῶτον
1373 3534 1454 3599 είς
1477 3533 1570 3588 δύο
1598 3551 1724 3588 συν-

114 3629 415 3700 αιροῦντες
468 3627 648 3681 αὐτῶν
692 3626 792 3690 τὰς
835 3625 1104 3697 ἐρωτικὰς
1158 3626 1388 3679 καθόλου
1440 3626 1722 3696 δυνάμεις,

114 3710 201 3770 ὧν
230 3718 544 3786 ἐπικρατεῖ,
575 3716 670 3767 καὶ
711 3715 1087 3787 προκατάρχει
1130 3715 1352 3778 πάντως
1386 3714 1433 3746 ⁸³
1467 3716 1501 3786 ἡ
1537 3716 1602 3768 ἐκ
1626 3711 1723 3768 τοῦ

116 3808 351 3863 πάντων
380 3807 637 3860 ἐπέκεινα
688 3807 892 3870 παντὸς
929 3806 1131 3878 ἔρωτος
1177 3806 1404 3877 ἄσχετος
1432 3807 1601 3871 αἰτία,
1631 3808 1725 3862 καὶ

114 3900 265 3973 πρὸς
302 3901 370 3971 ῆν
400 3900 738 3953 ἀνατείνεται
787 3899 1049 3970 ωμφυῶς
1094 3898 1313 3972 ἑκάστῳ
1354 3899 1465 3954 τῶν
1504 3899 1723 3954 ὅντωνό

113 3996 189 4047 ἐκ
208 3992 323 4047 τῶν
348 3993 517 4047 ὄντων
538 3992 794 4048 ἁπάντων
826 3991 1005 4053 ὁλικὸς
1028 3991 1189 4055 ἔρως.

1829 3362 1948 3401 rum
1986 3347 2156 3403 altius
2216 3358 2555 3419 repetentes,
2613 3366 2805 3407 omnes
2850 3350 2903 3405 in
2964 3368 3133 3408 unum
3184 3354 3413 3425 conjun-

1826 3446 2087 3509 ctumque
2114 3455 2383 3506 amorem,
2414 3450 2472 3495 et
2492 3456 2682 3496 eorum
2712 3442 2955 3498 omnium
2986 3453 3267 3513 parentem
3287 3445 3403 3501 col-

1829 3530 2060 3602 ligamus
2097 3533 2284 3599 simul,
2334 3543 2391 3589 et
2416 3533 2769 3590 conferamus
2793 3550 2863 3589 ex
2911 3536 3096 3592 multis
3124 3553 3142 3605 ;
3172 3538 3410 3608 primum

1829 3622 1883 3676 in
1929 3623 2065 3679 duas
2102 3637 2292 3679 eorum
2348 3626 2647 3682 amatorias
2695 3626 2922 3683 omnino
2967 3629 3117 3683 vires
3182 3639 3409 3684 contra-

1828 3717 2044 3783 hentes,
2102 3719 2304 3789 quibus
2349 3721 2606 3777 omnibus
2661 3729 2885 3791 prtestat
2929 3731 2984 3778 et
3012 3722 3294 3779 antecellit
3319 3724 3407 3779 in—

1827 3810 2223 3883 comprehensa
2268 3811 2362 3868 illa
2412 3814 2595 3869 omnis
2644 3814 2851 3871 amoris
2884 3830 3076 3884 causa,
3134 3817 3281 3888 quod
3331 3815 3406 3871 sit

1824 3901 2079 3958 omnibus
2139 3903 2409 3974 superior,
2442 3913 2495 3959 et
2520 3905 2588 3961 ad
2611 3919 2732 3961 eam
2781 3921 2881 3976 pro
2932 3906 3198 3979 cujusque
3240 3917 3408 3979 captu

1829 4010 2010 4049 rerum
2041 3996 2288 4050 omnium
2317 3996 2502 4054 totalis
2533 4012 2692 4053 amor
2731 4000 2941 4056 tendat.

1652 4098 1683 4173 ε
1719 4105 1883 4163 XVII.

211 4240 330 4298 Τοῦ
361 4237 549 4294 αὐτοῦ
582 4237 654 4291 ἐκ
690 4234 811 4290 τῶν
842 4232 1043 4289 αὐτῶν
1076 4229 1371 4302 ἐρωτικῶν
1406 4228 1629 4301 ὕμνων.

2032 4217 2285 4290 Ejusdem
2318 4234 2386 4275 es:
2420 4220 2609 4275 iisdem
2646 4218 2853 4290 hymnis
2891 4219 3194 4275 amatoriis.

217 4358 358 4425 ¹Ἀγε
387 4355 452 4426 δὴ
481 4357 574 4409 καὶ
611 4355 815 4419 ταύτας
839 4353 999 4409 πάλιν
1024 4354 1104 4417 είς
1134 4352 1193 4406 ἐν
1225 4354 1643 4423 συναγαγόντες,
1665 4354 1731 4408 ει

1910 4357 2025 4429 Age
2056 4373 2207 4423 vero,
2238 4358 2326 4414 his
2359 4359 2555 4414 iterum
2583 4360 2636 4413 in
2665 4374 2831 4414 unum
2858 4359 3125 4425 collectis,
3150 4358 3416 4426 dicamus,

129 4465 343 4520 πωμεν
373 4448 440 4512 ⁸⁸,
472 4448 554 4501 ὅτι
582 4449 684 4519 μία
714 4448 797 4511 τίς
825 4449 975 4501 ἐστιν
1021 4445 1165 4518 ἁπλῆ
1211 4445 1496 4518 δύναμιςή
1527 4449 1737 4502 αὐτοκι-

130 4540 345 4613 νητικὴ
368 4541 503 4612 πρὸς
528 4542 793 4613 ἑνωτικήν
821 4558 942 4594 τινα
969 4542 1165 4612 κρᾶσιν
1192 4541 1258 4592 ἐκ
1303 4539 1541 4608 τάγαθοῦ
1570 4541 1734 4613 μέχρι

129 4631 240 4687 τοῦ
284 4631 398 4684 τῶν
426 4632 596 4686 όντων
643 4634 895 4704 ἐσχάτου,
921 4633 1017 4686 καὶ
1044 4632 1140 4685 ἀπ’
1168 4631 1376 4685 ἐκείνου
1420 4632 1582 4686 πάλιν
1610 4632 1737 4707 ἐξῆς

127 4722 233 4777 διὰ
280 4724 499 4776 πάντων
549 4726 630 4787 εἰς
670 4723 908 4793 τάγαθὸν
948 4723 1007 4791 ἐξ
1035 4724 1257 4795 ἑαυτῆς,
1290 4725 1384 4778 καὶ
1411 4724 1480 4778 δι’
1516 4726 1735 4797 ἑαυτῆς,

130 4815 240 4869 καὶ
267 4817 355 4884 ἐφ’
372 4816 573 4887 ἑαυτῆς
598 4816 796 4889 ἑαυτὴν
828 4816 1232 4883 ἀνακαλοῦσα,
1268 4818 1363 4872 καὶ
1412 4819 1492 4883 είς
1537 4819 1736 4889 ἑαυτὴν

129 4907 234 4963 ἀεὶ
260 4909 475 4973 ταὺτῶς
507 4910 915 4983 ἀνελιττομένη.

1842 4467 2005 4507 unam
2041 4467 2167 4509 esse
2216 4452 2515 4523 simplicem
2567 4453 2851 4519 virtutem,
2891 4467 2989 4524 per
3015 4466 3076 4509 se
3106 4462 3417 4508 moventem

1842 4543 2109 4597 unitivam
2158 4544 2444 4614 quamdam
2504 4545 2816 4601 mistionem
2844 4560 2912 4599 ex
2943 4544 3085 4601 bono
3135 4558 3307 4613 usque
3335 4542 3405 4596 ad

1843 4645 2149 4689 extremum
2202 4650 2395 4691 eorum
2449 4652 2570 4707 qua:
2596 4639 2901 4703 exsistunt,
2932 4643 2988 4692 et
3016 4637 3084 4691 ab
3112 4634 3202 4691 illo
3228 4649 3419 4690 rursus

1844 4736 2244 4796 consequenter
2274 4743 2372 4798 per
2418 4729 2598 4783 omnia
2638 4732 2704 4785 ad
2738 4730 2963 4795 bonum,
2992 4743 3060 4783 ex
3089 4727 3289 4797 seipsa,
3321 4740 3417 4795 per

1843 4819 2115 4885 seipsam,
2148 4827 2205 4873 et
2234 4819 2287 4872 in
2315 4819 2497 4889 seipsa
2542 4821 2777 4891 seipsam
2834 4821 3228 4886 revolventem,
3272 4833 3329 4874 et
3349 4818 3418 4874 ad

1842 4910 2076 4981 seipsam
2099 4925 2316 4981 semper
2340 4910 2530 4967 eodem
2554 4912 2714 4968 modo
2742 4920 3133 4967 revertentem.

1592 5072 1622 5144 ι
1668 5067 1902 5132 xvm.

220 5210 418 5265 Καίτοι
450 5212 583 5284 φαίη
614 5230 699 5276 τις
719 5229 735 5243 ·
795 5214 858 5267 Et
890 5214 1053 5267 πᾶσιν
1077 5213 1196 5266 ἐστὶ
1216 5214 1278 5267 τὸ
1297 5213 1458 5269 καλὸν
1482 5214 1577 5267 καὶ
1596 5214 1737 5282 ἀγα-

135 5304 242 5358 Θὸν
269 5304 504 5375 ἐραστον
529 5306 622 5357 καὶ
647 5306 840 5374 ἐφετὸν
880 5307 974 5359 καὶ
1015 5306 1299 5376 ἀγαπητὸν
1350 5306 1581 5378 (ἐφίεται
1626 5306 1736 5379 γὰρ

1910 5217 2079 5287 Atqui
2126 5216 2323 5286 aliquis
2371 5214 2640 5284 objiciat:
2683 5213 2739 5269 Si
2772 5212 3058 5283 pulchrum
3107 5220 3164 5266 et
3212 5211 3413 5264 bonum

1841 5304 2096 5361 omnibus
2126 5305 2361 5361 amabile
2387 5313 2443 5361 et
2476 5304 2833 5360 desiderabile
2873 5313 3036 5373 atque
3058 5302 3313 5356 dilectum
3343 5297 3413 5352 sit

1434 5459 1671 5516 νΑιιιΑῑ
1705 5459 2109 5517 LECTIONES.

218 5597 269 5628 ⁸³
288 5612 410 5665 quae
446 5596 513 5651 ab
548 5596 651 5652 hoc
674 5595 794 5651 loco
822 5599 891 5651 ad
921 5596 1055 5652 duas
1091 5597 1319 5668 paginas
1358 5606 1416 5651 et
1475 5597 1814 5651 dimidiatam
1879 5603 2005 5650 ante
2086 5596 2199 5668 haec
2251 5593 2413 5668 verba
2442 5633 2458 5659 ,
2514 5594 2628 5668 stat
2659 5591 2792 5645 αὐτό
2846 5593 2963 5644 ἐστι
3013 5587 3075 5641 τδ
3124 5586 3408 5652 είδοποιόν,

138 5664 528 5729 continentur,
559 5669 614 5722 in
666 5667 949 5735 impressis
988 5664 1271 5724 codicibus
1313 5668 1585 5730 deerant,
1648 5668 1850 5722 habent
1917 5666 2191 5721 ntanuscri
2237 5664 2313 5726 ti,
2359 5673 2573 5719 veteres
2618 5665 2755 5719 inter
2800 5673 2945 5716 retes
3004 5669 3408 5728 expresserunt.

138 5738 194 5770 "
222 5739 366 5787 ὅσοι.
421 5736 482 5787 Ρ.
580 5738 625 5769 ⁶⁶
649 5736 773 5787 καθ’
801 5736 920 5787 οὓς.
961 5738 1019 5787 Ρ-
1118 5738 1278 5787 “sui.
1329 5738 1423 5787 νῦν
1485 5733 1662 5787 αὖθις.
1711 5736 1771 5787 Ρ.
1826 5736 1918 5787 Sc.
2028 5736 2072 5769 ⁸³
2103 5680 2466 5787 ωλὲἐξωιιεν.
2502 5731 2558 5787 S.
2638 5734 2684 5766 ⁸³
2708 5678 2947 5787 πξντων.
2991 5728 3048 5782 S.
3091 5727 3136 5759 “
3160 5727 3386 5787 εἴπομεν

138 5738 194 5770 ⁸⁸
222 5739 366 5802 ὅσοι,
421 5736 482 5790 Ρ.
580 5738 625 5769 ⁶⁶
649 5736 773 5792 καθ’
801 5736 920 5805 οὓς,
960 5738 1019 5793 Ρ.

139 5807 210 5864 Ρ.
237 5819 297 5863 et
333 5808 484 5861 Vicn.

364 5902 635 5964 PATROL.
676 5904 792 5965 Gn.
836 5902 941 5965 Ill.

1118 5738 1278 5793 “atat
1329 5738 1423 5795 νῦν
1485 5733 1662 5803 αὖθις,
1710 5736 1771 5794 Ρ.
1826 5736 1918 5795 Sc.

2028 5736 2072 5769 “
2103 5727 2466 5807 συλλέξωμεν,
2502 5731 2558 5788 S.
2638 5734 2684 5766 ⁸³
2708 5727 2947 5795 πάντων,
2991 5728 3048 5782 S.
3080 5727 3136 5759 7“
3160 5727 3386 5799 είπομιν

3093 5891 3171 5950 23
