  <div class='ocr_page' id='page_1' title='image "/cluster/home/n/w/nwhite01/storage/ocr_20150623/3/nnc1.0046978666/401.png"; bbox 0 0 3866 6234; ppageno 0'>
   <div class='ocr_carea' id='block_1_1' title="bbox 457 366 560 422">
    <p class='ocr_par' dir='ltr' id='par_1_1' title="bbox 457 366 560 422">
     <span class='ocr_line' id='line_1_1' title="bbox 457 366 560 422; baseline 0.01 -1"><span class='ocrx_word' id='word_1_1' title='bbox 457 366 560 422; x_wconf 75' lang='grc'><strong>715</strong></span> 
     </span>
    </p>
   </div>
   <div class='ocr_carea' id='block_1_2' title="bbox 1612 362 2503 423">
    <p class='ocr_par' dir='ltr' id='par_1_2' title="bbox 1612 362 2503 423">
     <span class='ocr_line' id='line_1_2' title="bbox 1612 362 2503 423; baseline 0.004 -6"><span class='ocrx_word' id='word_1_2' title='bbox 1612 364 1667 418; x_wconf 83' lang='lat' dir='ltr'><strong>S.</strong></span> <span class='ocrx_word' id='word_1_3' title='bbox 1709 364 1913 418; x_wconf 73' lang='lat' dir='ltr'><strong>DlllNY</strong></span> <span class='ocrx_word' id='word_1_4' title='bbox 1923 362 2004 417; x_wconf 84' lang='lat' dir='ltr'><strong>Sll</strong></span> <span class='ocrx_word' id='word_1_5' title='bbox 2041 364 2503 423; x_wconf 66' lang='lat' dir='ltr'><strong>AREOPAGITAE</strong></span> 
     </span>
    </p>
   </div>
   <div class='ocr_carea' id='block_1_3' title="bbox 3582 358 3686 409">
    <p class='ocr_par' dir='ltr' id='par_1_3' title="bbox 3582 358 3686 409">
     <span class='ocr_line' id='line_1_3' title="bbox 3582 358 3686 409; baseline 0 -1"><span class='ocrx_word' id='word_1_6' title='bbox 3582 358 3686 409; x_wconf 41' lang='grc' dir='ltr'>τις</span> 
     </span>
    </p>
   </div>
   <div class='ocr_carea' id='block_1_4' title="bbox 456 473 2021 550">
    <p class='ocr_par' dir='ltr' id='par_1_4' title="bbox 456 476 2009 549">
     <span class='ocr_line' id='line_1_4' title="bbox 456 476 2009 549; baseline -0.001 -17"><span class='ocrx_word' id='word_1_7' title='bbox 456 479 749 549; x_wconf 77' lang='lat' dir='ltr'><strong>(desiderat</strong></span> <span class='ocrx_word' id='word_1_8' title='bbox 776 478 919 546; x_wconf 77' lang='lat' dir='ltr'><strong>enim</strong></span> <span class='ocrx_word' id='word_1_9' title='bbox 951 478 1079 533; x_wconf 85' lang='lat' dir='ltr'><strong>illud</strong></span> <span class='ocrx_word' id='word_1_10' title='bbox 1098 479 1270 532; x_wconf 89' lang='lat' dir='ltr'><strong>etiam</strong></span> <span class='ocrx_word' id='word_1_11' title='bbox 1299 478 1350 529; x_wconf 77' lang='lat' dir='ltr'><strong>id</strong></span> <span class='ocrx_word' id='word_1_12' title='bbox 1376 476 1519 543; x_wconf 84' lang='lat' dir='ltr'><strong>quod</strong></span> <span class='ocrx_word' id='word_1_13' title='bbox 1548 491 1651 529; x_wconf 88' lang='lat' dir='ltr'><strong>non</strong></span> <span class='ocrx_word' id='word_1_14' title='bbox 1685 478 1924 540; x_wconf 80' lang='lat' dir='ltr'><strong>exsistit,</strong></span> <span class='ocrx_word' id='word_1_15' title='bbox 1952 487 2009 530; x_wconf 79' lang='grc' dir='ltr'><strong>ιιι</strong></span> 
     </span>
    </p>
   </div>
   <div class='ocr_carea' id='block_1_5' title="bbox 2124 473 3688 550">
    <p class='ocr_par' dir='ltr' id='par_1_5' title="bbox 2124 473 3688 550">
     <span class='ocr_line' id='line_1_5' title="bbox 2124 473 3688 550; baseline -0.006 -20"><span class='ocrx_word' id='word_1_16' title='bbox 2124 479 2271 532; x_wconf 76' lang='grc' dir='ltr'>ιύτοῦ</span> <span class='ocrx_word' id='word_1_17' title='bbox 2301 480 2475 533; x_wconf 80' lang='grc' dir='ltr'>καὶτὸ</span> <span class='ocrx_word' id='word_1_18' title='bbox 2508 479 2582 550; x_wconf 77' lang='grc' dir='ltr'><strong>μὴ</strong></span> <span class='ocrx_word' id='word_1_19' title='bbox 2613 477 2691 541; x_wconf 75' lang='grc' dir='ltr'>ὃν,</span> <span class='ocrx_word' id='word_1_20' title='bbox 2743 478 2817 541; x_wconf 82' lang='grc' dir='ltr'>ὡς</span> <span class='ocrx_word' id='word_1_21' title='bbox 2866 476 3099 548; x_wconf 60' lang='grc' dir='ltr'>εἴρηται,</span> <span class='ocrx_word' id='word_1_22' title='bbox 3130 474 3222 526; x_wconf 81' lang='grc' dir='ltr'>καὶ</span> <span class='ocrx_word' id='word_1_23' title='bbox 3251 473 3544 542; x_wconf 76' lang='grc' dir='ltr'>φιλονεικεῖ</span> <span class='ocrx_word' id='word_1_24' title='bbox 3573 489 3688 533; x_wconf 78' lang='grc' dir='ltr'><strong>πως</strong></span> 
     </span>
    </p>
   </div>
   <div class='ocr_carea' id='block_1_6' title="bbox 455 569 2008 638">
    <p class='ocr_par' dir='ltr' id='par_1_6' title="bbox 455 569 2008 638">
     <span class='ocr_line' id='line_1_6' title="bbox 455 569 2008 638; baseline -0.001 -14"><span class='ocrx_word' id='word_1_25' title='bbox 455 572 657 631; x_wconf 87' lang='lat' dir='ltr'><strong>dictum</strong></span> <span class='ocrx_word' id='word_1_26' title='bbox 683 578 788 633; x_wconf 88' lang='lat' dir='ltr'><strong>est,</strong></span> <span class='ocrx_word' id='word_1_27' title='bbox 811 578 865 623; x_wconf 89' lang='lat' dir='ltr'><strong>et</strong></span> <span class='ocrx_word' id='word_1_28' title='bbox 890 570 1073 638; x_wconf 87' lang='lat' dir='ltr'><strong>aliquo</strong></span> <span class='ocrx_word' id='word_1_29' title='bbox 1104 569 1262 623; x_wconf 85' lang='lat' dir='ltr'><strong>modo</strong></span> <span class='ocrx_word' id='word_1_30' title='bbox 1288 570 1341 620; x_wconf 94' lang='lat' dir='ltr'><strong>in</strong></span> <span class='ocrx_word' id='word_1_31' title='bbox 1383 569 1499 636; x_wconf 84' lang='lat' dir='ltr'><strong>ipso</strong></span> <span class='ocrx_word' id='word_1_32' title='bbox 1544 582 1664 623; x_wconf 86' lang='lat' dir='ltr'><strong>esse</strong></span> <span class='ocrx_word' id='word_1_33' title='bbox 1694 570 2008 633; x_wconf 71' lang='lat' dir='ltr'><strong>contendit;</strong></span> 
     </span>
    </p>
   </div>
   <div class='ocr_carea' id='block_1_7' title="bbox 453 657 2013 730">
    <p class='ocr_par' dir='ltr' id='par_1_7' title="bbox 453 657 2013 730">
     <span class='ocr_line' id='line_1_7' title="bbox 453 657 2013 730; baseline 0 -19"><span class='ocrx_word' id='word_1_34' title='bbox 453 660 705 727; x_wconf 87' lang='lat' dir='ltr'><strong>quoniam</strong></span> <span class='ocrx_word' id='word_1_35' title='bbox 735 659 894 730; x_wconf 71' lang='lat'><strong>363</strong></span> <span class='ocrx_word' id='word_1_36' title='bbox 946 660 1117 727; x_wconf 87' lang='lat' dir='ltr'><strong>ipsum</strong></span> <span class='ocrx_word' id='word_1_37' title='bbox 1163 668 1247 713; x_wconf 90' lang='lat' dir='ltr'><strong>est</strong></span> <span class='ocrx_word' id='word_1_38' title='bbox 1275 660 1417 727; x_wconf 90' lang='lat' dir='ltr'><strong>quod</strong></span> <span class='ocrx_word' id='word_1_39' title='bbox 1452 657 1678 712; x_wconf 77' lang='lat' dir='ltr'><strong>formam</strong></span> <span class='ocrx_word' id='word_1_40' title='bbox 1713 658 1871 712; x_wconf 82' lang='lat' dir='ltr'><strong>rebus</strong></span> <span class='ocrx_word' id='word_1_41' title='bbox 1902 659 2013 711; x_wconf 80' lang='lat' dir='ltr'><strong>for-</strong></span> 
     </span>
    </p>
   </div>
   <div class='ocr_carea' id='block_1_8' title="bbox 455 748 2012 818">
    <p class='ocr_par' dir='ltr' id='par_1_8' title="bbox 455 748 2012 818">
     <span class='ocr_line' id='line_1_8' title="bbox 455 748 2012 818; baseline -0.001 -14"><span class='ocrx_word' id='word_1_42' title='bbox 455 765 541 804; x_wconf 90' lang='lat' dir='ltr'><strong>ma</strong></span> <span class='ocrx_word' id='word_1_43' title='bbox 591 751 908 804; x_wconf 74' lang='lat' dir='ltr'><strong>carentibus</strong></span> <span class='ocrx_word' id='word_1_44' title='bbox 965 750 1177 813; x_wconf 82' lang='lat' dir='ltr'><strong>tribuit,</strong></span> <span class='ocrx_word' id='word_1_45' title='bbox 1229 760 1287 804; x_wconf 91' lang='lat' dir='ltr'><strong>et</strong></span> <span class='ocrx_word' id='word_1_46' title='bbox 1321 750 1373 803; x_wconf 91' lang='lat' dir='ltr'><strong>in</strong></span> <span class='ocrx_word' id='word_1_47' title='bbox 1433 749 1551 818; x_wconf 90' lang='lat' dir='ltr'><strong>ipso</strong></span> <span class='ocrx_word' id='word_1_48' title='bbox 1585 750 1750 803; x_wconf 86' lang='lat' dir='ltr'><strong>etiam</strong></span> <span class='ocrx_word' id='word_1_49' title='bbox 1789 748 1841 801; x_wconf 87' lang='lat' dir='ltr'><strong>id</strong></span> <span class='ocrx_word' id='word_1_50' title='bbox 1869 749 2012 817; x_wconf 88' lang='lat' dir='ltr'><strong>quod</strong></span> 
     </span>
    </p>
   </div>
   <div class='ocr_carea' id='block_1_9' title="bbox 454 837 2014 906">
    <p class='ocr_par' dir='ltr' id='par_1_9' title="bbox 454 837 2014 906">
     <span class='ocr_line' id='line_1_9' title="bbox 454 837 2014 906; baseline -0.001 -13"><span class='ocrx_word' id='word_1_51' title='bbox 454 853 561 893; x_wconf 90' lang='lat' dir='ltr'><strong>non</strong></span> <span class='ocrx_word' id='word_1_52' title='bbox 597 848 697 901; x_wconf 88' lang='lat' dir='ltr'><strong>est,</strong></span> <span class='ocrx_word' id='word_1_53' title='bbox 726 852 885 906; x_wconf 90' lang='lat' dir='ltr'><strong>supra</strong></span> <span class='ocrx_word' id='word_1_54' title='bbox 937 838 1232 891; x_wconf 84' lang='lat' dir='ltr'><strong>essentiam</strong></span> <span class='ocrx_word' id='word_1_55' title='bbox 1262 838 1481 903; x_wconf 89' lang='lat' dir='ltr'><strong>dicitur,</strong></span> <span class='ocrx_word' id='word_1_56' title='bbox 1508 846 1562 891; x_wconf 92' lang='lat' dir='ltr'><strong>et</strong></span> <span class='ocrx_word' id='word_1_57' title='bbox 1589 837 1719 905; x_wconf 83' lang='lat' dir='ltr'><strong>est),</strong></span> <span class='ocrx_word' id='word_1_58' title='bbox 1748 838 2014 904; x_wconf 90' lang='lat' dir='ltr'><strong>quomodo</strong></span> 
     </span>
    </p>
   </div>
   <div class='ocr_carea' id='block_1_10' title="bbox 455 928 2011 997">
    <p class='ocr_par' dir='ltr' id='par_1_10' title="bbox 455 928 2011 997">
     <span class='ocr_line' id='line_1_10' title="bbox 455 928 2011 997; baseline -0.001 -13"><span class='ocrx_word' id='word_1_59' title='bbox 455 937 611 984; x_wconf 88' lang='lat' dir='ltr'><strong>turba</strong></span> <span class='ocrx_word' id='word_1_60' title='bbox 642 930 944 984; x_wconf 75' lang='lat' dir='ltr'><strong>dzemouum</strong></span> <span class='ocrx_word' id='word_1_61' title='bbox 980 944 1086 982; x_wconf 85' lang='lat' dir='ltr'><strong>non</strong></span> <span class='ocrx_word' id='word_1_62' title='bbox 1131 929 1337 997; x_wconf 81' lang='lat' dir='ltr'><strong>expetit</strong></span> <span class='ocrx_word' id='word_1_63' title='bbox 1384 930 1486 984; x_wconf 92' lang='lat' dir='ltr'><strong>hoc</strong></span> <span class='ocrx_word' id='word_1_64' title='bbox 1528 928 1811 997; x_wconf 79' lang='lat' dir='ltr'><strong>pulchrum</strong></span> <span class='ocrx_word' id='word_1_65' title='bbox 1835 937 1890 983; x_wconf 90' lang='lat' dir='ltr'><strong>et</strong></span> <span class='ocrx_word' id='word_1_66' title='bbox 1914 928 2011 983; x_wconf 78' lang='lat' dir='ltr'><strong>bo-</strong></span> 
     </span>
    </p>
   </div>
   <div class='ocr_carea' id='block_1_11' title="bbox 452 1019 2013 1088">
    <p class='ocr_par' dir='ltr' id='par_1_11' title="bbox 452 1019 2013 1088">
     <span class='ocr_line' id='line_1_11' title="bbox 452 1019 2013 1088; baseline -0.001 -14"><span class='ocrx_word' id='word_1_67' title='bbox 452 1038 601 1085; x_wconf 86' lang='lat' dir='ltr'><strong>num,</strong></span> <span class='ocrx_word' id='word_1_68' title='bbox 639 1022 731 1075; x_wconf 88' lang='lat' dir='ltr'><strong>sed</strong></span> <span class='ocrx_word' id='word_1_69' title='bbox 765 1021 921 1074; x_wconf 79' lang='lat' dir='ltr'><strong>aﬂixa</strong></span> <span class='ocrx_word' id='word_1_70' title='bbox 950 1020 1212 1082; x_wconf 74' lang='lat' dir='ltr'><strong>materim,</strong></span> <span class='ocrx_word' id='word_1_71' title='bbox 1252 1030 1414 1086; x_wconf 88' lang='lat' dir='ltr'><strong>atque</strong></span> <span class='ocrx_word' id='word_1_72' title='bbox 1442 1022 1511 1074; x_wconf 91' lang='lat' dir='ltr'><strong>ab</strong></span> <span class='ocrx_word' id='word_1_73' title='bbox 1546 1019 1637 1074; x_wconf 93' lang='lat' dir='ltr'><strong>illo</strong></span> <span class='ocrx_word' id='word_1_74' title='bbox 1659 1029 1823 1085; x_wconf 89' lang='lat' dir='ltr'><strong>statu,</strong></span> <span class='ocrx_word' id='word_1_75' title='bbox 1853 1034 2013 1088; x_wconf 86' lang='lat' dir='ltr'><strong>quem</strong></span> 
     </span>
    </p>
   </div>
   <div class='ocr_carea' id='block_1_12' title="bbox 453 1110 2012 1182">
    <p class='ocr_par' dir='ltr' id='par_1_12' title="bbox 453 1110 2012 1182">
     <span class='ocr_line' id='line_1_12' title="bbox 453 1110 2012 1182; baseline 0 -15"><span class='ocrx_word' id='word_1_76' title='bbox 453 1112 629 1182; x_wconf 90' lang='lat' dir='ltr'><strong>angeli</strong></span> <span class='ocrx_word' id='word_1_77' title='bbox 665 1112 715 1165; x_wconf 91' lang='lat' dir='ltr'><strong>iu</strong></span> <span class='ocrx_word' id='word_1_78' title='bbox 740 1112 863 1165; x_wconf 91' lang='lat' dir='ltr'><strong>boni</strong></span> <span class='ocrx_word' id='word_1_79' title='bbox 898 1112 1231 1181; x_wconf 81' lang='lat' dir='ltr'><strong>appetitione</strong></span> <span class='ocrx_word' id='word_1_80' title='bbox 1258 1111 1522 1173; x_wconf 89' lang='lat' dir='ltr'><strong>obtinent,</strong></span> <span class='ocrx_word' id='word_1_81' title='bbox 1553 1110 1820 1180; x_wconf 87' lang='lat' dir='ltr'><strong>prolapsa,</strong></span> <span class='ocrx_word' id='word_1_82' title='bbox 1850 1126 2012 1167; x_wconf 89' lang='lat' dir='ltr'><strong>causa</strong></span> 
     </span>
    </p>
   </div>
   <div class='ocr_carea' id='block_1_13' title="bbox 453 1202 2016 1273">
    <p class='ocr_par' dir='ltr' id='par_1_13' title="bbox 453 1202 2016 1273">
     <span class='ocr_line' id='line_1_13' title="bbox 453 1202 2016 1273; baseline 0.001 -17"><span class='ocrx_word' id='word_1_83' title='bbox 453 1212 538 1257; x_wconf 89' lang='lat' dir='ltr'><strong>est</strong></span> <span class='ocrx_word' id='word_1_84' title='bbox 566 1203 827 1256; x_wconf 87' lang='lat' dir='ltr'><strong>malorum</strong></span> <span class='ocrx_word' id='word_1_85' title='bbox 851 1204 1090 1256; x_wconf 90' lang='lat' dir='ltr'><strong>omnium</strong></span> <span class='ocrx_word' id='word_1_86' title='bbox 1120 1213 1227 1256; x_wconf 89' lang='lat' dir='ltr'><strong>tam</strong></span> <span class='ocrx_word' id='word_1_87' title='bbox 1249 1202 1349 1256; x_wconf 88' lang='lat' dir='ltr'><strong>sibi</strong></span> <span class='ocrx_word' id='word_1_88' title='bbox 1378 1217 1536 1270; x_wconf 89' lang='lat' dir='ltr'><strong>quam</strong></span> <span class='ocrx_word' id='word_1_89' title='bbox 1578 1202 1722 1267; x_wconf 88' lang='lat' dir='ltr'><strong>aliis,</strong></span> <span class='ocrx_word' id='word_1_90' title='bbox 1750 1219 1869 1271; x_wconf 67' lang='lat' dir='ltr'><strong>quae</strong></span> <span class='ocrx_word' id='word_1_91' title='bbox 1893 1220 2016 1273; x_wconf 89' lang='lat' dir='ltr'><strong>per-</strong></span> 
     </span>
    </p>
   </div>
   <div class='ocr_carea' id='block_1_14' title="bbox 450 1292 2015 1362">
    <p class='ocr_par' dir='ltr' id='par_1_14' title="bbox 450 1292 2015 1362">
     <span class='ocr_line' id='line_1_14' title="bbox 450 1292 2015 1362; baseline 0.002 -17"><span class='ocrx_word' id='word_1_92' title='bbox 450 1293 590 1347; x_wconf 81' lang='lat' dir='ltr'><strong>verti</strong></span> <span class='ocrx_word' id='word_1_93' title='bbox 640 1293 1035 1362; x_wconf 80' lang='lat' dir='ltr'><strong>depravarique</strong></span> <span class='ocrx_word' id='word_1_94' title='bbox 1084 1292 1502 1346; x_wconf 64' lang='lat' dir='ltr'><strong>dicunturiaut</strong></span> <span class='ocrx_word' id='word_1_95' title='bbox 1551 1293 1822 1361; x_wconf 82' lang='lat' dir='ltr'><strong>quomodo</strong></span> <span class='ocrx_word' id='word_1_96' title='bbox 1846 1308 2015 1362; x_wconf 88' lang='lat' dir='ltr'><strong>genus</strong></span> 
     </span>
    </p>
   </div>
   <div class='ocr_carea' id='block_1_15' title="bbox 453 1385 2017 1454">
    <p class='ocr_par' dir='ltr' id='par_1_15' title="bbox 453 1385 2017 1454">
     <span class='ocr_line' id='line_1_15' title="bbox 453 1385 2017 1454; baseline 0.001 -17"><span class='ocrx_word' id='word_1_97' title='bbox 453 1388 780 1450; x_wconf 71' lang='lat' dir='ltr'><strong>dzetnouum,</strong></span> <span class='ocrx_word' id='word_1_98' title='bbox 813 1402 878 1439; x_wconf 90' lang='lat' dir='ltr'><strong>ex</strong></span> <span class='ocrx_word' id='word_1_99' title='bbox 903 1386 1121 1439; x_wconf 87' lang='lat' dir='ltr'><strong>omnino</strong></span> <span class='ocrx_word' id='word_1_100' title='bbox 1172 1385 1315 1438; x_wconf 89' lang='lat' dir='ltr'><strong>bono</strong></span> <span class='ocrx_word' id='word_1_101' title='bbox 1350 1386 1700 1454; x_wconf 88' lang='lat' dir='ltr'><strong>productum,</strong></span> <span class='ocrx_word' id='word_1_102' title='bbox 1750 1386 1877 1440; x_wconf 87' lang='lat' dir='ltr'><strong>boni</strong></span> <span class='ocrx_word' id='word_1_103' title='bbox 1908 1385 2017 1439; x_wconf 81' lang='lat' dir='ltr'><strong>for-</strong></span> 
     </span>
    </p>
   </div>
   <div class='ocr_carea' id='block_1_16' title="bbox 455 1476 2016 1545">
    <p class='ocr_par' dir='ltr' id='par_1_16' title="bbox 455 1476 2016 1545">
     <span class='ocr_line' id='line_1_16' title="bbox 455 1476 2016 1545; baseline -0.001 -14"><span class='ocrx_word' id='word_1_104' title='bbox 455 1494 540 1531; x_wconf 90' lang='lat' dir='ltr'><strong>ma</strong></span> <span class='ocrx_word' id='word_1_105' title='bbox 566 1487 715 1532; x_wconf 86' lang='lat' dir='ltr'><strong>caret</strong></span> <span class='ocrx_word' id='word_1_106' title='bbox 741 1478 764 1530; x_wconf 87' lang='lat'><strong>?</strong></span> <span class='ocrx_word' id='word_1_107' title='bbox 789 1477 870 1532; x_wconf 85' lang='lat' dir='ltr'><strong>vel</strong></span> <span class='ocrx_word' id='word_1_108' title='bbox 894 1477 1163 1545; x_wconf 82' lang='lat' dir='ltr'><strong>quomodo</strong></span> <span class='ocrx_word' id='word_1_109' title='bbox 1189 1476 1390 1531; x_wconf 88' lang='lat' dir='ltr'><strong>bonum</strong></span> <span class='ocrx_word' id='word_1_110' title='bbox 1414 1492 1480 1530; x_wconf 89' lang='lat' dir='ltr'><strong>ex</strong></span> <span class='ocrx_word' id='word_1_111' title='bbox 1506 1478 1647 1531; x_wconf 93' lang='lat' dir='ltr'><strong>bono</strong></span> <span class='ocrx_word' id='word_1_112' title='bbox 1668 1476 1873 1531; x_wconf 83' lang='lat' dir='ltr'><strong>factum</strong></span> <span class='ocrx_word' id='word_1_113' title='bbox 1898 1494 2016 1531; x_wconf 89' lang='lat' dir='ltr'><strong>mu-</strong></span> 
     </span>
    </p>
   </div>
   <div class='ocr_carea' id='block_1_17' title="bbox 455 1562 2016 1639">
    <p class='ocr_par' dir='ltr' id='par_1_17' title="bbox 455 1562 2016 1639">
     <span class='ocr_line' id='line_1_17' title="bbox 455 1562 2016 1639; baseline -0.001 -16"><span class='ocrx_word' id='word_1_114' title='bbox 455 1580 627 1623; x_wconf 88' lang='lat' dir='ltr'><strong>tatum</strong></span> <span class='ocrx_word' id='word_1_115' title='bbox 665 1570 793 1624; x_wconf 85' lang='lat' dir='ltr'><strong>est?</strong></span> <span class='ocrx_word' id='word_1_116' title='bbox 830 1579 886 1623; x_wconf 91' lang='lat' dir='ltr'><strong>et</strong></span> <span class='ocrx_word' id='word_1_117' title='bbox 914 1570 1045 1639; x_wconf 91' lang='lat' dir='ltr'><strong>quid</strong></span> <span class='ocrx_word' id='word_1_118' title='bbox 1094 1578 1177 1623; x_wconf 89' lang='lat' dir='ltr'><strong>est</strong></span> <span class='ocrx_word' id='word_1_119' title='bbox 1209 1569 1354 1638; x_wconf 92' lang='lat' dir='ltr'><strong>quod</strong></span> <span class='ocrx_word' id='word_1_120' title='bbox 1406 1568 1536 1621; x_wconf 92' lang='lat' dir='ltr'><strong>illud</strong></span> <span class='ocrx_word' id='word_1_121' title='bbox 1575 1562 1935 1636; x_wconf 74' lang='lat' dir='ltr'><strong>depravavit?</strong></span> <span class='ocrx_word' id='word_1_122' title='bbox 1961 1580 2016 1622; x_wconf 91' lang='lat' dir='ltr'><strong>et</strong></span> 
     </span>
    </p>
   </div>
   <div class='ocr_carea' id='block_1_18' title="bbox 452 1659 2017 1730">
    <p class='ocr_par' dir='ltr' id='par_1_18' title="bbox 452 1659 2017 1730">
     <span class='ocr_line' id='line_1_18' title="bbox 452 1659 2017 1730; baseline -0.001 -15"><span class='ocrx_word' id='word_1_123' title='bbox 452 1662 711 1730; x_wconf 86' lang='lat' dir='ltr'><strong>quidnam</strong></span> <span class='ocrx_word' id='word_1_124' title='bbox 759 1661 924 1715; x_wconf 91' lang='lat' dir='ltr'><strong>etiam</strong></span> <span class='ocrx_word' id='word_1_125' title='bbox 978 1660 1180 1714; x_wconf 90' lang='lat' dir='ltr'><strong>malum</strong></span> <span class='ocrx_word' id='word_1_126' title='bbox 1232 1659 1368 1713; x_wconf 80' lang='lat' dir='ltr'><strong>est?</strong></span> <span class='ocrx_word' id='word_1_127' title='bbox 1409 1668 1465 1712; x_wconf 92' lang='lat' dir='ltr'><strong>et</strong></span> <span class='ocrx_word' id='word_1_128' title='bbox 1487 1674 1552 1712; x_wconf 86' lang='lat' dir='ltr'><strong>ex</strong></span> <span class='ocrx_word' id='word_1_129' title='bbox 1598 1674 1707 1727; x_wconf 90' lang='lat' dir='ltr'><strong>quo</strong></span> <span class='ocrx_word' id='word_1_130' title='bbox 1754 1660 2017 1730; x_wconf 87' lang='lat' dir='ltr'><strong>principio</strong></span> 
     </span>
    </p>
   </div>
   <div class='ocr_carea' id='block_1_19' title="bbox 454 1749 2016 1820">
    <p class='ocr_par' dir='ltr' id='par_1_19' title="bbox 454 1749 2016 1820">
     <span class='ocr_line' id='line_1_19' title="bbox 454 1749 2016 1820; baseline 0 -15"><span class='ocrx_word' id='word_1_131' title='bbox 454 1752 743 1806; x_wconf 75' lang='lat' dir='ltr'><strong>constitit?</strong></span> <span class='ocrx_word' id='word_1_132' title='bbox 772 1760 827 1807; x_wconf 89' lang='lat' dir='ltr'><strong>et</strong></span> <span class='ocrx_word' id='word_1_133' title='bbox 860 1766 1097 1820; x_wconf 82' lang='lat' dir='ltr'><strong>quanam</strong></span> <span class='ocrx_word' id='word_1_134' title='bbox 1140 1750 1195 1804; x_wconf 89' lang='lat' dir='ltr'><strong>in</strong></span> <span class='ocrx_word' id='word_1_135' title='bbox 1244 1764 1300 1803; x_wconf 91' lang='lat' dir='ltr'><strong>re</strong></span> <span class='ocrx_word' id='word_1_136' title='bbox 1327 1749 1599 1803; x_wconf 80' lang='lat' dir='ltr'><strong>exsistit?</strong></span> <span class='ocrx_word' id='word_1_137' title='bbox 1640 1759 1696 1803; x_wconf 91' lang='lat' dir='ltr'><strong>et</strong></span> <span class='ocrx_word' id='word_1_138' title='bbox 1746 1752 2016 1818; x_wconf 87' lang='lat' dir='ltr'><strong>quomodo</strong></span> 
     </span>
    </p>
   </div>
   <div class='ocr_carea' id='block_1_20' title="bbox 2114 567 3690 640">
    <p class='ocr_par' dir='ltr' id='par_1_20' title="bbox 2114 567 3690 640">
     <span class='ocr_line' id='line_1_20' title="bbox 2114 567 3690 640; baseline 0 -19"><span class='ocrx_word' id='word_1_139' title='bbox 2114 572 2172 621; x_wconf 85' lang='grc' dir='ltr'><strong>έν</strong></span> <span class='ocrx_word' id='word_1_140' title='bbox 2202 570 2348 640; x_wconf 78' lang='grc' dir='ltr'><strong>αὐτῷ</strong></span> <span class='ocrx_word' id='word_1_141' title='bbox 2378 572 2421 602; x_wconf 78' lang='grc'><strong>⁸³</strong></span> <span class='ocrx_word' id='word_1_142' title='bbox 2459 567 2599 623; x_wconf 79' lang='grc' dir='ltr'>εἶναι</span> <span class='ocrx_word' id='word_1_143' title='bbox 2619 587 2632 600; x_wconf 89' lang='grc'><strong>·</strong></span> <span class='ocrx_word' id='word_1_144' title='bbox 2655 571 2751 623; x_wconf 78' lang='grc' dir='ltr'>καὶ</span> <span class='ocrx_word' id='word_1_145' title='bbox 2776 570 2904 622; x_wconf 82' lang='grc' dir='ltr'>αὑτό</span> <span class='ocrx_word' id='word_1_146' title='bbox 2933 571 3131 622; x_wconf 74' lang='grc' dir='ltr'>ἔστιτὸ</span> <span class='ocrx_word' id='word_1_147' title='bbox 3166 569 3426 622; x_wconf 80' lang='grc' dir='ltr'>εἰδοποιδν</span> <span class='ocrx_word' id='word_1_148' title='bbox 3458 570 3557 622; x_wconf 72' lang='grc' dir='ltr'><strong>καὶ</strong></span> <span class='ocrx_word' id='word_1_149' title='bbox 3578 567 3690 621; x_wconf 75' lang='grc' dir='ltr'><strong>τῶν</strong></span> 
     </span>
    </p>
   </div>
   <div class='ocr_carea' id='block_1_21' title="bbox 2113 659 3690 731">
    <p class='ocr_par' dir='ltr' id='par_1_21' title="bbox 2113 659 3690 731">
     <span class='ocr_line' id='line_1_21' title="bbox 2113 659 3690 731; baseline 0 -21"><span class='ocrx_word' id='word_1_150' title='bbox 2113 659 2405 725; x_wconf 87' lang='grc' dir='ltr'>ἀνειδέων,</span> <span class='ocrx_word' id='word_1_151' title='bbox 2440 661 2535 712; x_wconf 77' lang='grc' dir='ltr'>καὶ</span> <span class='ocrx_word' id='word_1_152' title='bbox 2583 662 2671 713; x_wconf 79' lang='grc' dir='ltr'><strong>ἐπ’</strong></span> <span class='ocrx_word' id='word_1_153' title='bbox 2720 660 2883 712; x_wconf 81' lang='grc' dir='ltr'>αὑτοῦ</span> <span class='ocrx_word' id='word_1_154' title='bbox 2936 661 3030 712; x_wconf 77' lang='grc' dir='ltr'>καὶ</span> <span class='ocrx_word' id='word_1_155' title='bbox 3060 660 3121 712; x_wconf 74' lang='grc' dir='ltr'>τὸ</span> <span class='ocrx_word' id='word_1_156' title='bbox 3157 660 3230 731; x_wconf 81' lang='grc' dir='ltr'><strong>μὴ</strong></span> <span class='ocrx_word' id='word_1_157' title='bbox 3259 659 3318 712; x_wconf 75' lang='grc' dir='ltr'>ὃν</span> <span class='ocrx_word' id='word_1_158' title='bbox 3344 660 3690 731; x_wconf 73' lang='grc' dir='ltr'>ὑπερουσιως</span> 
     </span>
    </p>
   </div>
   <div class='ocr_carea' id='block_1_22' title="bbox 2112 748 3693 821">
    <p class='ocr_par' dir='ltr' id='par_1_22' title="bbox 2112 748 3693 821">
     <span class='ocr_line' id='line_1_22' title="bbox 2112 748 3693 821; baseline 0 -21"><span class='ocrx_word' id='word_1_159' title='bbox 2112 748 2324 818; x_wconf 87' lang='grc' dir='ltr'>λέγεται</span> <span class='ocrx_word' id='word_1_160' title='bbox 2362 752 2455 803; x_wconf 88' lang='lat' dir='ltr'><strong>xa‘t</strong></span> <span class='ocrx_word' id='word_1_161' title='bbox 2481 752 2596 804; x_wconf 76' lang='grc' dir='ltr'>ἐστι</span> <span class='ocrx_word' id='word_1_162' title='bbox 2616 751 2654 821; x_wconf 91' lang='grc'><strong>·)</strong></span> <span class='ocrx_word' id='word_1_163' title='bbox 2691 751 2806 814; x_wconf 83' lang='grc' dir='ltr'><strong>πῶς</strong></span> <span class='ocrx_word' id='word_1_164' title='bbox 2838 753 2871 820; x_wconf 80' lang='grc' dir='ltr'><strong>ἡ</strong></span> <span class='ocrx_word' id='word_1_165' title='bbox 2893 751 3141 821; x_wconf 83' lang='grc' dir='ltr'>δαιμονία</span> <span class='ocrx_word' id='word_1_166' title='bbox 3168 751 3373 821; x_wconf 78' lang='grc' dir='ltr'>πληθὺς</span> <span class='ocrx_word' id='word_1_167' title='bbox 3411 752 3515 802; x_wconf 72' lang='grc' dir='ltr'>οὐκ</span> <span class='ocrx_word' id='word_1_168' title='bbox 3547 749 3693 817; x_wconf 72' lang='grc' dir='ltr'><strong>ἐφιε-</strong></span> 
     </span>
    </p>
   </div>
   <div class='ocr_carea' id='block_1_23' title="bbox 2112 837 3692 913">
    <p class='ocr_par' dir='ltr' id='par_1_23' title="bbox 2112 837 3692 913">
     <span class='ocr_line' id='line_1_23' title="bbox 2112 837 3692 913; baseline 0.002 -22"><span class='ocrx_word' id='word_1_169' title='bbox 2112 857 2200 892; x_wconf 90' lang='grc' dir='ltr'><strong>ται</strong></span> <span class='ocrx_word' id='word_1_170' title='bbox 2224 840 2317 893; x_wconf 88' lang='grc' dir='ltr'><strong>τοῦ</strong></span> <span class='ocrx_word' id='word_1_171' title='bbox 2350 842 2512 895; x_wconf 86' lang='grc' dir='ltr'>καλοῦ</span> <span class='ocrx_word' id='word_1_172' title='bbox 2539 844 2632 896; x_wconf 73' lang='grc' dir='ltr'><strong>καὶ</strong></span> <span class='ocrx_word' id='word_1_173' title='bbox 2664 842 2890 911; x_wconf 81' lang='grc' dir='ltr'><strong>ἀγαθοῦ,</strong></span> <span class='ocrx_word' id='word_1_174' title='bbox 2922 842 3182 913; x_wconf 76' lang='grc' dir='ltr'>πρόσυλος</span> <span class='ocrx_word' id='word_1_175' title='bbox 3206 843 3261 895; x_wconf 78' lang='grc' dir='ltr'><strong>δὲ</strong></span> <span class='ocrx_word' id='word_1_176' title='bbox 3287 837 3443 906; x_wconf 75' lang='grc' dir='ltr'>οὖσα,</span> <span class='ocrx_word' id='word_1_177' title='bbox 3474 843 3574 894; x_wconf 77' lang='grc' dir='ltr'>καὶ</span> <span class='ocrx_word' id='word_1_178' title='bbox 3591 841 3692 910; x_wconf 84' lang='grc' dir='ltr'>τῆς</span> 
     </span>
    </p>
   </div>
   <div class='ocr_carea' id='block_1_24' title="bbox 2113 932 3693 1005">
    <p class='ocr_par' dir='ltr' id='par_1_24' title="bbox 2113 932 3693 1005">
     <span class='ocr_line' id='line_1_24' title="bbox 2113 932 3693 1005; baseline 0.001 -22"><span class='ocrx_word' id='word_1_179' title='bbox 2113 933 2404 1005; x_wconf 61' lang='grc' dir='ltr'>ἀγγελικῖκ</span> <span class='ocrx_word' id='word_1_180' title='bbox 2427 934 2553 1005; x_wconf 74' lang='grc' dir='ltr'>περὶ</span> <span class='ocrx_word' id='word_1_181' title='bbox 2573 934 2670 1005; x_wconf 80' lang='grc' dir='ltr'><strong>τὴν</strong></span> <span class='ocrx_word' id='word_1_182' title='bbox 2716 935 2898 1003; x_wconf 75' lang='grc' dir='ltr'>ἔφεσιν</span> <span class='ocrx_word' id='word_1_183' title='bbox 2926 932 3160 1002; x_wconf 87' lang='grc' dir='ltr'>τάγαθοῦ</span> <span class='ocrx_word' id='word_1_184' title='bbox 3206 933 3535 1003; x_wconf 72' lang='grc' dir='ltr'>ταύτότητος</span> <span class='ocrx_word' id='word_1_185' title='bbox 3566 934 3693 985; x_wconf 78' lang='grc' dir='ltr'>ἀπο-</span> 
     </span>
    </p>
   </div>
   <div class='ocr_carea' id='block_1_25' title="bbox 2115 1025 3693 1093">
    <p class='ocr_par' dir='ltr' id='par_1_25' title="bbox 2115 1025 3693 1093">
     <span class='ocr_line' id='line_1_25' title="bbox 2115 1025 3693 1093; baseline -0.002 -16"><span class='ocrx_word' id='word_1_186' title='bbox 2115 1029 2453 1087; x_wconf 73' lang='grc' dir='ltr'>πεπτωκυῐα,</span> <span class='ocrx_word' id='word_1_187' title='bbox 2494 1025 2677 1078; x_wconf 81' lang='grc' dir='ltr'><strong>κακῶν</strong></span> <span class='ocrx_word' id='word_1_188' title='bbox 2706 1026 2957 1078; x_wconf 83' lang='grc' dir='ltr'>ἁπάντων</span> <span class='ocrx_word' id='word_1_189' title='bbox 2981 1025 3126 1078; x_wconf 71' lang='grc' dir='ltr'>αἰτία</span> <span class='ocrx_word' id='word_1_190' title='bbox 3147 1025 3240 1077; x_wconf 73' lang='grc' dir='ltr'><strong>καὶ</strong></span> <span class='ocrx_word' id='word_1_191' title='bbox 3265 1025 3431 1093; x_wconf 75' lang='grc' dir='ltr'>ἑαυτῇ</span> <span class='ocrx_word' id='word_1_192' title='bbox 3454 1025 3556 1077; x_wconf 74' lang='grc' dir='ltr'>καὶ</span> <span class='ocrx_word' id='word_1_193' title='bbox 3580 1026 3693 1085; x_wconf 81' lang='grc' dir='ltr'>τοῖς</span> 
     </span>
    </p>
   </div>
   <div class='ocr_carea' id='block_1_26' title="bbox 2115 1113 3693 1185">
    <p class='ocr_par' dir='ltr' id='par_1_26' title="bbox 2115 1113 3693 1185">
     <span class='ocr_line' id='line_1_26' title="bbox 2115 1113 3693 1185; baseline -0.003 -16"><span class='ocrx_word' id='word_1_194' title='bbox 2115 1116 2290 1179; x_wconf 79' lang='grc' dir='ltr'>ἄλλοις</span> <span class='ocrx_word' id='word_1_195' title='bbox 2336 1117 2543 1185; x_wconf 82' lang='grc' dir='ltr'>γίνεται</span> <span class='ocrx_word' id='word_1_196' title='bbox 2565 1118 2631 1180; x_wconf 72' lang='grc'><strong>⁸⁸,</strong></span> <span class='ocrx_word' id='word_1_197' title='bbox 2662 1118 2763 1170; x_wconf 79' lang='grc' dir='ltr'>ὅσα</span> <span class='ocrx_word' id='word_1_198' title='bbox 2814 1115 3145 1169; x_wconf 88' lang='grc' dir='ltr'>κακύνεσθαι</span> <span class='ocrx_word' id='word_1_199' title='bbox 3188 1115 3403 1181; x_wconf 86' lang='grc' dir='ltr'>λέγεται</span> <span class='ocrx_word' id='word_1_200' title='bbox 3435 1130 3450 1176; x_wconf 87' lang='lat'><strong>;</strong></span> <span class='ocrx_word' id='word_1_201' title='bbox 3483 1113 3609 1175; x_wconf 79' lang='grc' dir='ltr'>πῶς</span> <span class='ocrx_word' id='word_1_202' title='bbox 3633 1113 3693 1165; x_wconf 60' lang='grc' dir='ltr'>ἃ</span> 
     </span>
    </p>
   </div>
   <div class='ocr_carea' id='block_1_27' title="bbox 2114 1203 3694 1279">
    <p class='ocr_par' dir='ltr' id='par_1_27' title="bbox 2114 1203 3694 1279">
     <span class='ocr_line' id='line_1_27' title="bbox 2114 1203 3694 1279; baseline -0.003 -20"><span class='ocrx_word' id='word_1_203' title='bbox 2114 1208 2248 1271; x_wconf 78' lang='grc' dir='ltr'>ὅλως</span> <span class='ocrx_word' id='word_1_204' title='bbox 2266 1210 2330 1260; x_wconf 89' lang='grc' dir='ltr'>ὲκ</span> <span class='ocrx_word' id='word_1_205' title='bbox 2350 1208 2585 1275; x_wconf 88' lang='grc' dir='ltr'>τάγαθοῦ</span> <span class='ocrx_word' id='word_1_206' title='bbox 2627 1206 2904 1279; x_wconf 79' lang='grc' dir='ltr'>παραχθὲν</span> <span class='ocrx_word' id='word_1_207' title='bbox 2937 1205 2997 1260; x_wconf 82' lang='grc' dir='ltr'><strong>τὸ</strong></span> <span class='ocrx_word' id='word_1_208' title='bbox 3034 1205 3305 1275; x_wconf 84' lang='grc' dir='ltr'>δαιμόνιον</span> <span class='ocrx_word' id='word_1_209' title='bbox 3352 1203 3547 1273; x_wconf 81' lang='grc' dir='ltr'>φῦλον,</span> <span class='ocrx_word' id='word_1_210' title='bbox 3590 1205 3694 1255; x_wconf 79' lang='grc' dir='ltr'>οὐκ</span> 
     </span>
    </p>
   </div>
   <div class='ocr_carea' id='block_1_28' title="bbox 2116 1296 3693 1370">
    <p class='ocr_par' dir='ltr' id='par_1_28' title="bbox 2116 1296 3693 1370">
     <span class='ocr_line' id='line_1_28' title="bbox 2116 1296 3693 1370; baseline -0.002 -19"><span class='ocrx_word' id='word_1_211' title='bbox 2116 1300 2259 1352; x_wconf 78' lang='grc' dir='ltr'>ἔστιν</span> <span class='ocrx_word' id='word_1_212' title='bbox 2307 1301 2617 1370; x_wconf 83' lang='grc' dir='ltr'>ἀγαθοειδές</span> <span class='ocrx_word' id='word_1_213' title='bbox 2645 1316 2659 1364; x_wconf 91' lang='grc'><strong>;</strong></span> <span class='ocrx_word' id='word_1_214' title='bbox 2690 1299 2723 1369; x_wconf 81' lang='grc' dir='ltr'><strong>ἢ</strong></span> <span class='ocrx_word' id='word_1_215' title='bbox 2754 1300 2891 1363; x_wconf 87' lang='grc' dir='ltr'>πῶς,</span> <span class='ocrx_word' id='word_1_216' title='bbox 2919 1297 3118 1367; x_wconf 84' lang='grc' dir='ltr'>ἀγαθὸν</span> <span class='ocrx_word' id='word_1_217' title='bbox 3143 1301 3207 1351; x_wconf 83' lang='grc' dir='ltr'>ὲκ</span> <span class='ocrx_word' id='word_1_218' title='bbox 3248 1296 3485 1365; x_wconf 87' lang='grc' dir='ltr'>τάγαθοῦ</span> <span class='ocrx_word' id='word_1_219' title='bbox 3533 1313 3693 1363; x_wconf 82' lang='grc' dir='ltr'>γεγο-</span> 
     </span>
    </p>
   </div>
   <div class='ocr_carea' id='block_1_29' title="bbox 2115 1386 3696 1461">
    <p class='ocr_par' dir='ltr' id='par_1_29' title="bbox 2115 1386 3696 1461">
     <span class='ocr_line' id='line_1_29' title="bbox 2115 1386 3696 1461; baseline -0.003 -19"><span class='ocrx_word' id='word_1_220' title='bbox 2115 1392 2222 1453; x_wconf 83' lang='grc' dir='ltr'>νὸς,</span> <span class='ocrx_word' id='word_1_221' title='bbox 2251 1391 2512 1461; x_wconf 74' lang='grc' dir='ltr'><strong>ἠλλοιώθη</strong></span> <span class='ocrx_word' id='word_1_222' title='bbox 2540 1408 2554 1455; x_wconf 88' lang='grc'>;</span> <span class='ocrx_word' id='word_1_223' title='bbox 2584 1393 2677 1445; x_wconf 74' lang='grc' dir='ltr'>καὶ</span> <span class='ocrx_word' id='word_1_224' title='bbox 2700 1391 2753 1445; x_wconf 82' lang='grc' dir='ltr'>τι</span> <span class='ocrx_word' id='word_1_225' title='bbox 2785 1391 2847 1444; x_wconf 83' lang='grc' dir='ltr'><strong>τὸ</strong></span> <span class='ocrx_word' id='word_1_226' title='bbox 2890 1388 3132 1443; x_wconf 87' lang='grc' dir='ltr'>κακῦναν</span> <span class='ocrx_word' id='word_1_227' title='bbox 3171 1389 3320 1451; x_wconf 82' lang='grc' dir='ltr'>αὐτὸ,</span> <span class='ocrx_word' id='word_1_228' title='bbox 3355 1388 3451 1440; x_wconf 76' lang='grc' dir='ltr'>καὶ</span> <span class='ocrx_word' id='word_1_229' title='bbox 3478 1386 3624 1449; x_wconf 83' lang='grc' dir='ltr'>ὅλως</span> <span class='ocrx_word' id='word_1_230' title='bbox 3644 1386 3696 1438; x_wconf 73' lang='grc' dir='ltr'>τί</span> 
     </span>
    </p>
   </div>
   <div class='ocr_carea' id='block_1_30' title="bbox 2114 1478 3699 1550">
    <p class='ocr_par' dir='ltr' id='par_1_30' title="bbox 2114 1478 3699 1550">
     <span class='ocr_line' id='line_1_30' title="bbox 2114 1478 3699 1550; baseline -0.003 -19"><span class='ocrx_word' id='word_1_231' title='bbox 2114 1480 2175 1531; x_wconf 80' lang='grc' dir='ltr'><strong>τὸ</strong></span> <span class='ocrx_word' id='word_1_232' title='bbox 2212 1481 2377 1532; x_wconf 82' lang='grc' dir='ltr'>κακόν</span> <span class='ocrx_word' id='word_1_233' title='bbox 2406 1483 2520 1533; x_wconf 83' lang='grc' dir='ltr'>ἐστι</span> <span class='ocrx_word' id='word_1_234' title='bbox 2549 1498 2562 1544; x_wconf 91' lang='grc'><strong>;</strong></span> <span class='ocrx_word' id='word_1_235' title='bbox 2596 1482 2690 1533; x_wconf 77' lang='grc' dir='ltr'>καὶ</span> <span class='ocrx_word' id='word_1_236' title='bbox 2727 1483 2793 1534; x_wconf 76' lang='grc' dir='ltr'>ἐκ</span> <span class='ocrx_word' id='word_1_237' title='bbox 2829 1480 2973 1544; x_wconf 88' lang='grc' dir='ltr'>τίνος</span> <span class='ocrx_word' id='word_1_238' title='bbox 3006 1479 3181 1550; x_wconf 81' lang='grc' dir='ltr'>ἀρχῆς</span> <span class='ocrx_word' id='word_1_239' title='bbox 3237 1479 3467 1549; x_wconf 78' lang='grc' dir='ltr'><strong>ὑπέστη,</strong></span> <span class='ocrx_word' id='word_1_240' title='bbox 3500 1478 3604 1530; x_wconf 77' lang='grc' dir='ltr'>καὶ</span> <span class='ocrx_word' id='word_1_241' title='bbox 3638 1479 3699 1527; x_wconf 81' lang='grc' dir='ltr'>ἐν</span> 
     </span>
    </p>
   </div>
   <div class='ocr_carea' id='block_1_31' title="bbox 2119 1570 3697 1640">
    <p class='ocr_par' dir='ltr' id='par_1_31' title="bbox 2119 1570 3697 1640">
     <span class='ocr_line' id='line_1_31' title="bbox 2119 1570 3697 1640; baseline -0.002 -17"><span class='ocrx_word' id='word_1_242' title='bbox 2119 1574 2223 1625; x_wconf 79' lang='grc' dir='ltr'>τίνι</span> <span class='ocrx_word' id='word_1_243' title='bbox 2248 1572 2357 1626; x_wconf 85' lang='grc' dir='ltr'>τῶν</span> <span class='ocrx_word' id='word_1_244' title='bbox 2389 1573 2559 1625; x_wconf 77' lang='grc' dir='ltr'>ὄντων</span> <span class='ocrx_word' id='word_1_245' title='bbox 2587 1573 2702 1625; x_wconf 80' lang='grc' dir='ltr'>ἐστι</span> <span class='ocrx_word' id='word_1_246' title='bbox 2732 1590 2747 1636; x_wconf 88' lang='lat'><strong>;</strong></span> <span class='ocrx_word' id='word_1_247' title='bbox 2798 1573 2891 1625; x_wconf 79' lang='grc' dir='ltr'>καὶ</span> <span class='ocrx_word' id='word_1_248' title='bbox 2940 1571 3056 1635; x_wconf 85' lang='grc' dir='ltr'><strong>πῶς</strong></span> <span class='ocrx_word' id='word_1_249' title='bbox 3088 1574 3117 1624; x_wconf 85' lang='grc' dir='ltr'>ὀ</span> <span class='ocrx_word' id='word_1_250' title='bbox 3140 1572 3340 1637; x_wconf 81' lang='grc' dir='ltr'>ἀγαθὸς</span> <span class='ocrx_word' id='word_1_251' title='bbox 3359 1570 3491 1623; x_wconf 80' lang='grc' dir='ltr'>αὐτὸ</span> <span class='ocrx_word' id='word_1_252' title='bbox 3520 1587 3697 1640; x_wconf 75' lang='grc' dir='ltr'>παρα-</span> 
     </span>
    </p>
   </div>
   <div class='ocr_carea' id='block_1_32' title="bbox 2116 1655 3698 1734">
    <p class='ocr_par' dir='ltr' id='par_1_32' title="bbox 2116 1655 3698 1734">
     <span class='ocr_line' id='line_1_32' title="bbox 2116 1655 3698 1734; baseline -0.003 -19"><span class='ocrx_word' id='word_1_253' title='bbox 2116 1666 2310 1731; x_wconf 89' lang='grc' dir='ltr'>γαγεῖν</span> <span class='ocrx_word' id='word_1_254' title='bbox 2339 1663 2643 1734; x_wconf 73' lang='grc' dir='ltr'>ὴῆουλήθης</span> <span class='ocrx_word' id='word_1_255' title='bbox 2674 1664 2789 1726; x_wconf 85' lang='grc' dir='ltr'><strong>πῶς</strong></span> <span class='ocrx_word' id='word_1_256' title='bbox 2836 1662 2893 1715; x_wconf 81' lang='grc' dir='ltr'><strong>δὲ</strong></span> <span class='ocrx_word' id='word_1_257' title='bbox 2945 1662 3223 1733; x_wconf 75' lang='grc' dir='ltr'>βουληθεὶς</span> <span class='ocrx_word' id='word_1_258' title='bbox 3259 1661 3499 1731; x_wconf 67' lang='grc' dir='ltr'>ἠδυνήθη</span> <span class='ocrx_word' id='word_1_259' title='bbox 3532 1678 3548 1721; x_wconf 87' lang='grc'>;</span> <span class='ocrx_word' id='word_1_260' title='bbox 3584 1655 3698 1712; x_wconf 72' lang='grc' dir='ltr'><strong>Καὶ</strong></span> 
     </span>
    </p>
   </div>
   <div class='ocr_carea' id='block_1_33' title="bbox 2118 1746 3694 1824">
    <p class='ocr_par' dir='ltr' id='par_1_33' title="bbox 2118 1746 3694 1824">
     <span class='ocr_line' id='line_1_33' title="bbox 2118 1746 3694 1824; baseline -0.004 -17"><span class='ocrx_word' id='word_1_261' title='bbox 2118 1757 2165 1807; x_wconf 76' lang='grc' dir='ltr'>εἰ</span> <span class='ocrx_word' id='word_1_262' title='bbox 2195 1755 2253 1820; x_wconf 78' lang='grc' dir='ltr'>ἐξ</span> <span class='ocrx_word' id='word_1_263' title='bbox 2279 1754 2442 1824; x_wconf 79' lang='grc' dir='ltr'>ἄλλης</span> <span class='ocrx_word' id='word_1_264' title='bbox 2476 1754 2649 1817; x_wconf 79' lang='grc' dir='ltr'><strong>αἰτίας</strong></span> <span class='ocrx_word' id='word_1_265' title='bbox 2678 1754 2738 1807; x_wconf 84' lang='grc' dir='ltr'><strong>τὸ</strong></span> <span class='ocrx_word' id='word_1_266' title='bbox 2774 1754 2960 1815; x_wconf 83' lang='grc' dir='ltr'>κακὸν,</span> <span class='ocrx_word' id='word_1_267' title='bbox 2978 1753 3059 1816; x_wconf 78' lang='grc' dir='ltr'>τίς</span> <span class='ocrx_word' id='word_1_268' title='bbox 3081 1754 3241 1824; x_wconf 78' lang='grc' dir='ltr'>ἑτέρα</span> <span class='ocrx_word' id='word_1_269' title='bbox 3254 1756 3364 1815; x_wconf 84' lang='grc' dir='ltr'>τοῖς</span> <span class='ocrx_word' id='word_1_270' title='bbox 3389 1746 3511 1803; x_wconf 78' lang='grc' dir='ltr'>οὖσι</span> <span class='ocrx_word' id='word_1_271' title='bbox 3542 1751 3694 1819; x_wconf 74' lang='grc' dir='ltr'>παρὰ</span> 
     </span>
    </p>
   </div>
   <div class='ocr_carea' id='block_1_34' title="bbox 454 1840 2021 1914">
    <p class='ocr_par' dir='ltr' id='par_1_34' title="bbox 454 1840 2016 1913">
     <span class='ocr_line' id='line_1_34' title="bbox 454 1840 2016 1913; baseline -0.001 -16"><span class='ocrx_word' id='word_1_272' title='bbox 454 1844 630 1897; x_wconf 86' lang='lat' dir='ltr'><strong>bonus</strong></span> <span class='ocrx_word' id='word_1_273' title='bbox 662 1844 792 1898; x_wconf 92' lang='lat' dir='ltr'><strong>illud</strong></span> <span class='ocrx_word' id='word_1_274' title='bbox 836 1844 1138 1913; x_wconf 87' lang='lat' dir='ltr'><strong>producere</strong></span> <span class='ocrx_word' id='word_1_275' title='bbox 1178 1840 1391 1895; x_wconf 83' lang='lat' dir='ltr'><strong>voluit?</strong></span> <span class='ocrx_word' id='word_1_276' title='bbox 1432 1842 1703 1909; x_wconf 89' lang='lat' dir='ltr'><strong>quomodo</strong></span> <span class='ocrx_word' id='word_1_277' title='bbox 1754 1842 1881 1895; x_wconf 89' lang='lat' dir='ltr'><strong>item</strong></span> <span class='ocrx_word' id='word_1_278' title='bbox 1917 1855 2016 1895; x_wconf 75' lang='lat' dir='ltr'><strong>vo-</strong></span> 
     </span>
    </p>
   </div>
   <div class='ocr_carea' id='block_1_35' title="bbox 2124 1840 3698 1914">
    <p class='ocr_par' dir='ltr' id='par_1_35' title="bbox 2124 1841 3698 1914">
     <span class='ocr_line' id='line_1_35' title="bbox 2124 1841 3698 1914; baseline -0.002 -19"><span class='ocrx_word' id='word_1_279' title='bbox 2124 1844 2352 1911; x_wconf 77' lang='grc' dir='ltr'>τάγαθὸν</span> <span class='ocrx_word' id='word_1_280' title='bbox 2393 1846 2541 1896; x_wconf 76' lang='grc' dir='ltr'>αἰτία</span> <span class='ocrx_word' id='word_1_281' title='bbox 2571 1862 2585 1909; x_wconf 90' lang='grc'>;</span> <span class='ocrx_word' id='word_1_282' title='bbox 2621 1844 2739 1908; x_wconf 83' lang='grc' dir='ltr'><strong>πῶς</strong></span> <span class='ocrx_word' id='word_1_283' title='bbox 2763 1844 2839 1908; x_wconf 81' lang='grc' dir='ltr'><strong>δὲ,</strong></span> <span class='ocrx_word' id='word_1_284' title='bbox 2877 1845 2972 1897; x_wconf 73' lang='grc' dir='ltr'><strong>καὶ</strong></span> <span class='ocrx_word' id='word_1_285' title='bbox 2995 1844 3255 1914; x_wconf 76' lang='grc' dir='ltr'><strong>Προνοίας</strong></span> <span class='ocrx_word' id='word_1_286' title='bbox 3281 1842 3465 1912; x_wconf 74' lang='grc' dir='ltr'>οὔσης,</span> <span class='ocrx_word' id='word_1_287' title='bbox 3488 1841 3610 1894; x_wconf 72' lang='grc' dir='ltr'>ἐστι</span> <span class='ocrx_word' id='word_1_288' title='bbox 3634 1841 3698 1892; x_wconf 75' lang='grc' dir='ltr'>τὺ</span> 
     </span>
    </p>
   </div>
   <div class='ocr_carea' id='block_1_36' title="bbox 455 1932 2008 2005">
    <p class='ocr_par' dir='ltr' id='par_1_36' title="bbox 455 1932 2008 2005">
     <span class='ocr_line' id='line_1_36' title="bbox 455 1932 2008 2005; baseline 0 -19"><span class='ocrx_word' id='word_1_289' title='bbox 455 1934 572 2005; x_wconf 77' lang='lat' dir='ltr'><strong>lens</strong></span> <span class='ocrx_word' id='word_1_290' title='bbox 606 1936 781 2003; x_wconf 89' lang='lat' dir='ltr'><strong>potuit</strong></span> <span class='ocrx_word' id='word_1_291' title='bbox 809 1936 833 1988; x_wconf 67' lang='grc' dir='ltr'>Τ</span> <span class='ocrx_word' id='word_1_292' title='bbox 861 1935 1014 2000; x_wconf 85' lang='lat' dir='ltr'><strong>Quod</strong></span> <span class='ocrx_word' id='word_1_293' title='bbox 1049 1935 1095 1987; x_wconf 93' lang='lat' dir='ltr'><strong>si</strong></span> <span class='ocrx_word' id='word_1_294' title='bbox 1122 1933 1322 1987; x_wconf 88' lang='lat' dir='ltr'><strong>malum</strong></span> <span class='ocrx_word' id='word_1_295' title='bbox 1346 1933 1574 1985; x_wconf 79' lang='lat' dir='ltr'><strong>exsistat</strong></span> <span class='ocrx_word' id='word_1_296' title='bbox 1601 1946 1664 1986; x_wconf 91' lang='lat' dir='ltr'><strong>ex</strong></span> <span class='ocrx_word' id='word_1_297' title='bbox 1693 1932 1798 1986; x_wconf 88' lang='lat' dir='ltr'><strong>alia</strong></span> <span class='ocrx_word' id='word_1_298' title='bbox 1821 1946 2008 1999; x_wconf 82' lang='lat' dir='ltr'><strong>causa,</strong></span> 
     </span>
    </p>
   </div>
   <div class='ocr_carea' id='block_1_37' title="bbox 459 2020 2011 2095">
    <p class='ocr_par' dir='ltr' id='par_1_37' title="bbox 459 2020 2011 2095">
     <span class='ocr_line' id='line_1_37' title="bbox 459 2020 2011 2095; baseline -0.002 -16"><span class='ocrx_word' id='word_1_299' title='bbox 459 2040 708 2095; x_wconf 69' lang='lat' dir='ltr'><strong>quaenam</strong></span> <span class='ocrx_word' id='word_1_300' title='bbox 760 2024 863 2078; x_wconf 89' lang='lat' dir='ltr'><strong>alia</strong></span> <span class='ocrx_word' id='word_1_301' title='bbox 906 2037 1084 2078; x_wconf 89' lang='lat' dir='ltr'><strong>rerum</strong></span> <span class='ocrx_word' id='word_1_302' title='bbox 1128 2036 1294 2076; x_wconf 89' lang='lat' dir='ltr'><strong>causa</strong></span> <span class='ocrx_word' id='word_1_303' title='bbox 1347 2031 1452 2085; x_wconf 89' lang='lat' dir='ltr'><strong>est,</strong></span> <span class='ocrx_word' id='word_1_304' title='bbox 1506 2030 1702 2089; x_wconf 64' lang='lat' dir='ltr'><strong>preter</strong></span> <span class='ocrx_word' id='word_1_305' title='bbox 1766 2020 2011 2076; x_wconf 78' lang='lat' dir='ltr'><strong>bonum?</strong></span> 
     </span>
    </p>
   </div>
   <div class='ocr_carea' id='block_1_38' title="bbox 2114 1933 3696 2005">
    <p class='ocr_par' dir='ltr' id='par_1_38' title="bbox 2114 1933 3696 2005">
     <span class='ocr_line' id='line_1_38' title="bbox 2114 1933 3696 2005; baseline -0.001 -19"><span class='ocrx_word' id='word_1_306' title='bbox 2114 1935 2304 1995; x_wconf 82' lang='grc' dir='ltr'>κακὸν,</span> <span class='ocrx_word' id='word_1_307' title='bbox 2333 1934 2364 2003; x_wconf 78' lang='grc' dir='ltr'>ἢ</span> <span class='ocrx_word' id='word_1_308' title='bbox 2408 1936 2689 2005; x_wconf 81' lang='grc' dir='ltr'>γινόμενον</span> <span class='ocrx_word' id='word_1_309' title='bbox 2740 1935 2894 1997; x_wconf 81' lang='grc' dir='ltr'>ὅλως,</span> <span class='ocrx_word' id='word_1_310' title='bbox 2926 1934 2961 2004; x_wconf 80' lang='grc' dir='ltr'>ἢ</span> <span class='ocrx_word' id='word_1_311' title='bbox 3014 1934 3090 2005; x_wconf 85' lang='grc' dir='ltr'><strong>μὴ</strong></span> <span class='ocrx_word' id='word_1_312' title='bbox 3128 1933 3518 2004; x_wconf 84' lang='grc' dir='ltr'><strong>ἀναιρούμενον</strong></span> <span class='ocrx_word' id='word_1_313' title='bbox 3553 1933 3696 1995; x_wconf 76' lang='grc' dir='ltr'>ςκαὶ</span> 
     </span>
    </p>
   </div>
   <div class='ocr_carea' id='block_1_39' title="bbox 2114 2023 3549 2096">
    <p class='ocr_par' dir='ltr' id='par_1_39' title="bbox 2114 2023 3549 2096">
     <span class='ocr_line' id='line_1_39' title="bbox 2114 2023 3549 2096; baseline -0.001 -19"><span class='ocrx_word' id='word_1_314' title='bbox 2114 2025 2230 2088; x_wconf 84' lang='grc' dir='ltr'><strong>πῶς</strong></span> <span class='ocrx_word' id='word_1_315' title='bbox 2264 2026 2472 2095; x_wconf 76' lang='grc' dir='ltr'>ἐφίεταί</span> <span class='ocrx_word' id='word_1_316' title='bbox 2492 2044 2544 2079; x_wconf 91' lang='grc' dir='ltr'><strong>τι</strong></span> <span class='ocrx_word' id='word_1_317' title='bbox 2571 2026 2680 2079; x_wconf 85' lang='grc' dir='ltr'><strong>τῶν</strong></span> <span class='ocrx_word' id='word_1_318' title='bbox 2698 2025 2867 2078; x_wconf 71' lang='grc' dir='ltr'>ὄντων</span> <span class='ocrx_word' id='word_1_319' title='bbox 2892 2024 3059 2078; x_wconf 82' lang='grc' dir='ltr'>αὑτοῦ</span> <span class='ocrx_word' id='word_1_320' title='bbox 3086 2024 3235 2096; x_wconf 85' lang='grc' dir='ltr'><strong>παρά</strong></span> <span class='ocrx_word' id='word_1_321' title='bbox 3266 2023 3503 2091; x_wconf 86' lang='grc' dir='ltr'>τάγαθόν</span> <span class='ocrx_word' id='word_1_322' title='bbox 3533 2039 3549 2087; x_wconf 91' lang='lat'><strong>;</strong></span> 
     </span>
    </p>
   </div>
   <div class='ocr_carea' id='block_1_40' title="bbox 457 2111 3697 2187">
    <p class='ocr_par' dir='ltr' id='par_1_40' title="bbox 457 2111 3697 2187">
     <span class='ocr_line' id='line_1_40' title="bbox 457 2111 3697 2187; baseline -0.002 -15"><span class='ocrx_word' id='word_1_323' title='bbox 457 2117 729 2187; x_wconf 90' lang='lat' dir='ltr'><strong>quomodo</strong></span> <span class='ocrx_word' id='word_1_324' title='bbox 763 2129 893 2170; x_wconf 88' lang='lat' dir='ltr'><strong>vero</strong></span> <span class='ocrx_word' id='word_1_325' title='bbox 932 2115 1094 2169; x_wconf 88' lang='lat' dir='ltr'><strong>etiam</strong></span> <span class='ocrx_word' id='word_1_326' title='bbox 1126 2122 1375 2168; x_wconf 80' lang='lat' dir='ltr'><strong>exstante</strong></span> <span class='ocrx_word' id='word_1_327' title='bbox 1417 2111 1758 2166; x_wconf 82' lang='lat' dir='ltr'><strong>Providentia</strong></span> <span class='ocrx_word' id='word_1_328' title='bbox 1784 2122 1867 2166; x_wconf 92' lang='lat' dir='ltr'><strong>est</strong></span> <span class='ocrx_word' id='word_1_329' title='bbox 1892 2113 2110 2178; x_wconf 86' lang='lat' dir='ltr'><strong>malum,</strong></span> <span class='ocrx_word' id='word_1_330' title='bbox 2141 2128 2231 2169; x_wconf 91' lang='lat' dir='ltr'><strong>aut</strong></span> <span class='ocrx_word' id='word_1_331' title='bbox 2266 2116 2486 2173; x_wconf 90' lang='lat' dir='ltr'><strong>omnino</strong></span> <span class='ocrx_word' id='word_1_332' title='bbox 2518 2118 2719 2173; x_wconf 73' lang='lat' dir='ltr'><strong>factum</strong></span> <span class='ocrx_word' id='word_1_333' title='bbox 2742 2152 2762 2183; x_wconf 90' lang='lat'><strong>,</strong></span> <span class='ocrx_word' id='word_1_334' title='bbox 2783 2125 2875 2171; x_wconf 87' lang='lat' dir='ltr'><strong>aut</strong></span> <span class='ocrx_word' id='word_1_335' title='bbox 2932 2131 3037 2171; x_wconf 89' lang='lat' dir='ltr'><strong>non</strong></span> <span class='ocrx_word' id='word_1_336' title='bbox 3095 2116 3309 2184; x_wconf 88' lang='lat' dir='ltr'><strong>penitus</strong></span> <span class='ocrx_word' id='word_1_337' title='bbox 3371 2112 3697 2168; x_wconf 80' lang='lat' dir='ltr'><strong>sublatum?</strong></span> 
     </span>
    </p>
   </div>
   <div class='ocr_carea' id='block_1_41' title="bbox 455 2203 2482 2281">
    <p class='ocr_par' dir='ltr' id='par_1_41' title="bbox 455 2203 2482 2281">
     <span class='ocr_line' id='line_1_41' title="bbox 455 2203 2482 2281; baseline -0.002 -17"><span class='ocrx_word' id='word_1_338' title='bbox 455 2209 724 2281; x_wconf 78' lang='lat' dir='ltr'><strong>quomodo</strong></span> <span class='ocrx_word' id='word_1_339' title='bbox 748 2208 910 2263; x_wconf 88' lang='lat' dir='ltr'><strong>etiam</strong></span> <span class='ocrx_word' id='word_1_340' title='bbox 946 2220 1132 2260; x_wconf 89' lang='lat' dir='ltr'><strong>eorum</strong></span> <span class='ocrx_word' id='word_1_341' title='bbox 1159 2218 1276 2272; x_wconf 70' lang='lat' dir='ltr'><strong>quae</strong></span> <span class='ocrx_word' id='word_1_342' title='bbox 1298 2212 1424 2258; x_wconf 90' lang='lat' dir='ltr'><strong>sunt</strong></span> <span class='ocrx_word' id='word_1_343' title='bbox 1444 2203 1722 2272; x_wconf 80' lang='lat' dir='ltr'><strong>quidpiam</strong></span> <span class='ocrx_word' id='word_1_344' title='bbox 1747 2217 1857 2273; x_wconf 71' lang='lat' dir='ltr'><strong>pne</strong></span> <span class='ocrx_word' id='word_1_345' title='bbox 1885 2205 2028 2259; x_wconf 90' lang='lat' dir='ltr'><strong>bono</strong></span> <span class='ocrx_word' id='word_1_346' title='bbox 2056 2206 2188 2260; x_wconf 92' lang='lat' dir='ltr'><strong>illud</strong></span> <span class='ocrx_word' id='word_1_347' title='bbox 2222 2207 2428 2277; x_wconf 78' lang='lat' dir='ltr'><strong>expetit</strong></span> <span class='ocrx_word' id='word_1_348' title='bbox 2457 2206 2482 2260; x_wconf 83' lang='lat'><strong>?</strong></span> 
     </span>
    </p>
   </div>
   <div class='ocr_carea' id='block_1_42' title="bbox 1951 2338 2191 2412">
    <p class='ocr_par' dir='ltr' id='par_1_42' title="bbox 1951 2338 2191 2412">
     <span class='ocr_line' id='line_1_42' title="bbox 1951 2338 2191 2412; baseline 0 -15"><span class='ocrx_word' id='word_1_349' title='bbox 1951 2338 2191 2412; x_wconf 79' lang='lat' dir='ltr'><strong>§XIX.</strong></span> 
     </span>
    </p>
   </div>
   <div class='ocr_carea' id='block_1_43' title="bbox 527 2472 2021 2551">
    <p class='ocr_par' dir='ltr' id='par_1_43' title="bbox 527 2474 2018 2551">
     <span class='ocr_line' id='line_1_43' title="bbox 527 2474 2018 2551; baseline -0.01 -4"><span class='ocrx_word' id='word_1_350' title='bbox 527 2491 651 2547; x_wconf 63' lang='lat' dir='ltr'><strong>llaec</strong></span> <span class='ocrx_word' id='word_1_351' title='bbox 676 2482 911 2545; x_wconf 76' lang='lat' dir='ltr'><strong>fortasse</strong></span> <span class='ocrx_word' id='word_1_352' title='bbox 960 2484 1162 2539; x_wconf 84' lang='lat' dir='ltr'><strong>dixerit</strong></span> <span class='ocrx_word' id='word_1_353' title='bbox 1187 2481 1280 2551; x_wconf 91' lang='lat' dir='ltr'><strong>qui</strong></span> <span class='ocrx_word' id='word_1_354' title='bbox 1310 2481 1411 2535; x_wconf 91' lang='lat' dir='ltr'><strong>ista</strong></span> <span class='ocrx_word' id='word_1_355' title='bbox 1468 2474 1760 2551; x_wconf 79' lang='lat' dir='ltr'><strong>ignorabit.</strong></span> <span class='ocrx_word' id='word_1_356' title='bbox 1792 2494 1893 2535; x_wconf 90' lang='lat' dir='ltr'><strong>nos</strong></span> <span class='ocrx_word' id='word_1_357' title='bbox 1924 2494 2018 2534; x_wconf 87' lang='lat' dir='ltr'><strong>au-</strong></span> 
     </span>
    </p>
   </div>
   <div class='ocr_carea' id='block_1_44' title="bbox 2124 2472 3692 2551">
    <p class='ocr_par' dir='ltr' id='par_1_44' title="bbox 2188 2472 3692 2548">
     <span class='ocr_line' id='line_1_44' title="bbox 2188 2472 3692 2548; baseline -0.003 -18"><span class='ocrx_word' id='word_1_358' title='bbox 2188 2477 2371 2531; x_wconf 90' lang='grc' dir='ltr'>Ταῦτα</span> <span class='ocrx_word' id='word_1_359' title='bbox 2399 2478 2496 2548; x_wconf 81' lang='grc' dir='ltr'><strong>μὲν</strong></span> <span class='ocrx_word' id='word_1_360' title='bbox 2523 2472 2614 2530; x_wconf 85' lang='grc' dir='ltr'><strong>οὖν</strong></span> <span class='ocrx_word' id='word_1_361' title='bbox 2649 2476 2778 2539; x_wconf 73' lang='grc' dir='ltr'>ἴσως</span> <span class='ocrx_word' id='word_1_362' title='bbox 2809 2476 2927 2545; x_wconf 81' lang='grc' dir='ltr'><strong>ὲρεῖ</strong></span> <span class='ocrx_word' id='word_1_363' title='bbox 2958 2474 3162 2527; x_wconf 82' lang='grc' dir='ltr'>τοιόσδε</span> <span class='ocrx_word' id='word_1_364' title='bbox 3186 2473 3229 2505; x_wconf 80' lang='grc'><strong>⁸⁷</strong></span> <span class='ocrx_word' id='word_1_365' title='bbox 3258 2472 3481 2544; x_wconf 86' lang='grc' dir='ltr'>ἀπορῶν</span> <span class='ocrx_word' id='word_1_366' title='bbox 3506 2472 3692 2541; x_wconf 77' lang='grc' dir='ltr'>λόγος,</span> 
     </span>
    </p>
   </div>
   <div class='ocr_carea' id='block_1_45' title="bbox 459 2564 2021 2645">
    <p class='ocr_par' dir='ltr' id='par_1_45' title="bbox 459 2567 2021 2645">
     <span class='ocr_line' id='line_1_45' title="bbox 459 2567 2021 2645; baseline -0.012 -7"><span class='ocrx_word' id='word_1_367' title='bbox 459 2594 570 2638; x_wconf 88' lang='lat' dir='ltr'><strong>tem</strong></span> <span class='ocrx_word' id='word_1_368' title='bbox 602 2595 726 2636; x_wconf 88' lang='lat' dir='ltr'><strong>eum</strong></span> <span class='ocrx_word' id='word_1_369' title='bbox 773 2575 1110 2645; x_wconf 71' lang='lat' dir='ltr'><strong>rogabimus,</strong></span> <span class='ocrx_word' id='word_1_370' title='bbox 1158 2582 1219 2626; x_wconf 93' lang='lat' dir='ltr'><strong>ut</strong></span> <span class='ocrx_word' id='word_1_371' title='bbox 1268 2568 1513 2624; x_wconf 91' lang='lat' dir='ltr'><strong>attendat</strong></span> <span class='ocrx_word' id='word_1_372' title='bbox 1560 2568 1800 2632; x_wconf 82' lang='lat' dir='ltr'><strong>veritati,</strong></span> <span class='ocrx_word' id='word_1_373' title='bbox 1857 2567 2021 2636; x_wconf 88' lang='lat' dir='ltr'><strong>idque</strong></span> 
     </span>
    </p>
   </div>
   <div class='ocr_carea' id='block_1_46' title="bbox 2124 2564 3696 2645">
    <p class='ocr_par' dir='ltr' id='par_1_46' title="bbox 2124 2564 3696 2640">
     <span class='ocr_line' id='line_1_46' title="bbox 2124 2564 3696 2640; baseline -0.003 -18"><span class='ocrx_word' id='word_1_374' title='bbox 2124 2574 2276 2640; x_wconf 76' lang='grc' dir='ltr'>ἡμεῖς</span> <span class='ocrx_word' id='word_1_375' title='bbox 2313 2568 2369 2621; x_wconf 82' lang='grc' dir='ltr'><strong>δὲ</strong></span> <span class='ocrx_word' id='word_1_376' title='bbox 2398 2566 2697 2637; x_wconf 78' lang='grc' dir='ltr'>ἀξιώσομεν</span> <span class='ocrx_word' id='word_1_377' title='bbox 2724 2567 2767 2597; x_wconf 79' lang='grc'><strong>⁸⁸</strong></span> <span class='ocrx_word' id='word_1_378' title='bbox 2794 2565 2953 2619; x_wconf 78' lang='grc' dir='ltr'>αὐτὸν</span> <span class='ocrx_word' id='word_1_379' title='bbox 2975 2566 3053 2627; x_wconf 86' lang='grc' dir='ltr'>εἰς</span> <span class='ocrx_word' id='word_1_380' title='bbox 3069 2564 3167 2635; x_wconf 82' lang='grc' dir='ltr'>τὴν</span> <span class='ocrx_word' id='word_1_381' title='bbox 3196 2565 3307 2617; x_wconf 83' lang='grc' dir='ltr'><strong>τῶν</strong></span> <span class='ocrx_word' id='word_1_382' title='bbox 3347 2567 3696 2635; x_wconf 75' lang='grc' dir='ltr'>πραγμάτων</span> 
     </span>
    </p>
   </div>
   <div class='ocr_carea' id='block_1_47' title="bbox 461 2656 2021 2741">
    <p class='ocr_par' dir='ltr' id='par_1_47' title="bbox 461 2659 2021 2741">
     <span class='ocr_line' id='line_1_47' title="bbox 461 2659 2021 2741; baseline -0.01 -16"><span class='ocrx_word' id='word_1_383' title='bbox 461 2673 698 2741; x_wconf 90' lang='lat' dir='ltr'><strong>primum</strong></span> <span class='ocrx_word' id='word_1_384' title='bbox 720 2668 903 2721; x_wconf 86' lang='lat' dir='ltr'><strong>dicere</strong></span> <span class='ocrx_word' id='word_1_385' title='bbox 929 2680 1034 2718; x_wconf 88' lang='lat' dir='ltr'><strong>non</strong></span> <span class='ocrx_word' id='word_1_386' title='bbox 1069 2663 1417 2717; x_wconf 86' lang='lat' dir='ltr'><strong>verebimur:</strong></span> <span class='ocrx_word' id='word_1_387' title='bbox 1448 2659 1645 2713; x_wconf 88' lang='lat' dir='ltr'><strong>Malum</strong></span> <span class='ocrx_word' id='word_1_388' title='bbox 1671 2674 1776 2721; x_wconf 87' lang='lat' dir='ltr'><strong>non</strong></span> <span class='ocrx_word' id='word_1_389' title='bbox 1798 2672 1921 2714; x_wconf 88' lang='lat' dir='ltr'><strong>esse</strong></span> <span class='ocrx_word' id='word_1_390' title='bbox 1955 2672 2021 2711; x_wconf 88' lang='lat' dir='ltr'><strong>ex</strong></span> 
     </span>
    </p>
   </div>
   <div class='ocr_carea' id='block_1_48' title="bbox 2124 2656 3699 2741">
    <p class='ocr_par' dir='ltr' id='par_1_48' title="bbox 2124 2656 3699 2732">
     <span class='ocr_line' id='line_1_48' title="bbox 2124 2656 3699 2732; baseline -0.003 -18"><span class='ocrx_word' id='word_1_391' title='bbox 2124 2661 2373 2732; x_wconf 80' lang='grc' dir='ltr'>ἀληθειαν</span> <span class='ocrx_word' id='word_1_392' title='bbox 2411 2659 2758 2721; x_wconf 78' lang='grc' dir='ltr'>ἀποϐλέπειν,</span> <span class='ocrx_word' id='word_1_393' title='bbox 2811 2658 2902 2710; x_wconf 79' lang='grc' dir='ltr'><strong>καὶ</strong></span> <span class='ocrx_word' id='word_1_394' title='bbox 2959 2656 3173 2727; x_wconf 83' lang='grc' dir='ltr'>πρῶτόν</span> <span class='ocrx_word' id='word_1_395' title='bbox 3213 2674 3275 2723; x_wconf 91' lang='grc' dir='ltr'><strong>γε</strong></span> <span class='ocrx_word' id='word_1_396' title='bbox 3326 2657 3481 2708; x_wconf 86' lang='grc' dir='ltr'>τοῦτο</span> <span class='ocrx_word' id='word_1_397' title='bbox 3517 2659 3699 2709; x_wconf 68' lang='grc' dir='ltr'>εἰπεῖν</span> 
     </span>
    </p>
   </div>
   <div class='ocr_carea' id='block_1_49' title="bbox 461 2746 2021 2823">
    <p class='ocr_par' dir='ltr' id='par_1_49' title="bbox 461 2749 2021 2823">
     <span class='ocr_line' id='line_1_49' title="bbox 461 2749 2021 2823; baseline -0.009 -9"><span class='ocrx_word' id='word_1_398' title='bbox 461 2763 603 2814; x_wconf 87' lang='lat' dir='ltr'><strong>bono</strong></span> <span class='ocrx_word' id='word_1_399' title='bbox 630 2775 646 2823; x_wconf 91' lang='lat'><strong>;</strong></span> <span class='ocrx_word' id='word_1_400' title='bbox 678 2771 741 2811; x_wconf 84' lang='lat' dir='ltr'><strong>ac</strong></span> <span class='ocrx_word' id='word_1_401' title='bbox 762 2755 805 2810; x_wconf 92' lang='lat' dir='ltr'><strong>si</strong></span> <span class='ocrx_word' id='word_1_402' title='bbox 837 2769 903 2808; x_wconf 90' lang='lat' dir='ltr'><strong>ex</strong></span> <span class='ocrx_word' id='word_1_403' title='bbox 932 2754 1076 2808; x_wconf 85' lang='lat' dir='ltr'><strong>bono</strong></span> <span class='ocrx_word' id='word_1_404' title='bbox 1107 2760 1210 2817; x_wconf 92' lang='lat' dir='ltr'><strong>est,</strong></span> <span class='ocrx_word' id='word_1_405' title='bbox 1260 2766 1365 2806; x_wconf 93' lang='lat' dir='ltr'><strong>nou</strong></span> <span class='ocrx_word' id='word_1_406' title='bbox 1414 2764 1535 2804; x_wconf 90' lang='lat' dir='ltr'><strong>esse</strong></span> <span class='ocrx_word' id='word_1_407' title='bbox 1581 2749 1779 2803; x_wconf 88' lang='lat' dir='ltr'><strong>malum</strong></span> <span class='ocrx_word' id='word_1_408' title='bbox 1807 2762 2021 2817; x_wconf 83' lang='lat' dir='ltr'><strong>;_neque</strong></span> 
     </span>
    </p>
   </div>
   <div class='ocr_carea' id='block_1_50' title="bbox 2124 2746 3699 2823">
    <p class='ocr_par' dir='ltr' id='par_1_50' title="bbox 2124 2746 3699 2821">
     <span class='ocr_line' id='line_1_50' title="bbox 2124 2746 3699 2821; baseline -0.009 -12"><span class='ocrx_word' id='word_1_409' title='bbox 2124 2749 2627 2821; x_wconf 72' lang='grc' dir='ltr'>παρρησιασόμεθα·</span> <span class='ocrx_word' id='word_1_410' title='bbox 2662 2748 2733 2799; x_wconf 88' lang='grc' dir='ltr'><strong>Τὸ</strong></span> <span class='ocrx_word' id='word_1_411' title='bbox 2763 2748 2927 2800; x_wconf 82' lang='grc' dir='ltr'>κακὸν</span> <span class='ocrx_word' id='word_1_412' title='bbox 2964 2747 3061 2800; x_wconf 80' lang='grc' dir='ltr'><strong>οὐκ</strong></span> <span class='ocrx_word' id='word_1_413' title='bbox 3090 2746 3234 2798; x_wconf 77' lang='grc' dir='ltr'>ἐστιν</span> <span class='ocrx_word' id='word_1_414' title='bbox 3260 2748 3325 2799; x_wconf 84' lang='grc' dir='ltr'>ὲκ</span> <span class='ocrx_word' id='word_1_415' title='bbox 3354 2746 3594 2813; x_wconf 85' lang='grc' dir='ltr'>τάγαθοῦ</span> <span class='ocrx_word' id='word_1_416' title='bbox 3624 2749 3699 2811; x_wconf 71' lang='grc'><strong>⁸⁸,</strong></span> 
     </span>
    </p>
   </div>
   <div class='ocr_carea' id='block_1_51' title="bbox 461 2834 2021 2917">
    <p class='ocr_par' dir='ltr' id='par_1_51' title="bbox 461 2838 2021 2917">
     <span class='ocr_line' id='line_1_51' title="bbox 461 2838 2021 2917; baseline -0.009 -13"><span class='ocrx_word' id='word_1_417' title='bbox 461 2849 605 2903; x_wconf 81' lang='lat' dir='ltr'><strong>enim</strong></span> <span class='ocrx_word' id='word_1_418' title='bbox 630 2847 767 2917; x_wconf 88' lang='lat' dir='ltr'><strong>ignis</strong></span> <span class='ocrx_word' id='word_1_419' title='bbox 801 2854 886 2901; x_wconf 87' lang='lat' dir='ltr'><strong>est</strong></span> <span class='ocrx_word' id='word_1_420' title='bbox 921 2843 1269 2913; x_wconf 81' lang='lat' dir='ltr'><strong>refrigerare,</strong></span> <span class='ocrx_word' id='word_1_421' title='bbox 1323 2856 1496 2911; x_wconf 90' lang='lat' dir='ltr'><strong>neque</strong></span> <span class='ocrx_word' id='word_1_422' title='bbox 1542 2840 1665 2895; x_wconf 87' lang='lat' dir='ltr'><strong>boui</strong></span> <span class='ocrx_word' id='word_1_423' title='bbox 1715 2838 1893 2893; x_wconf 72' lang='lat' dir='ltr'><strong>facere</strong></span> <span class='ocrx_word' id='word_1_424' title='bbox 1918 2853 2021 2891; x_wconf 91' lang='lat' dir='ltr'><strong>nou</strong></span> 
     </span>
    </p>
   </div>
   <div class='ocr_carea' id='block_1_52' title="bbox 2124 2834 3700 2917">
    <p class='ocr_par' dir='ltr' id='par_1_52' title="bbox 2124 2834 3700 2906">
     <span class='ocr_line' id='line_1_52' title="bbox 2124 2834 3700 2906; baseline -0.001 -18"><span class='ocrx_word' id='word_1_425' title='bbox 2124 2836 2217 2888; x_wconf 79' lang='grc' dir='ltr'>καὶ</span> <span class='ocrx_word' id='word_1_426' title='bbox 2248 2838 2295 2887; x_wconf 76' lang='grc' dir='ltr'>εἰ</span> <span class='ocrx_word' id='word_1_427' title='bbox 2330 2838 2394 2888; x_wconf 79' lang='grc' dir='ltr'>ὲκ</span> <span class='ocrx_word' id='word_1_428' title='bbox 2422 2834 2656 2902; x_wconf 85' lang='grc' dir='ltr'>τάγαθοῦ</span> <span class='ocrx_word' id='word_1_429' title='bbox 2690 2837 2858 2897; x_wconf 77' lang='grc' dir='ltr'>ἐστιν,</span> <span class='ocrx_word' id='word_1_430' title='bbox 2897 2835 2956 2885; x_wconf 86' lang='grc' dir='ltr'><strong>οὐ</strong></span> <span class='ocrx_word' id='word_1_431' title='bbox 2989 2834 3184 2886; x_wconf 60' lang='grc' dir='ltr'>κακόν</span> <span class='ocrx_word' id='word_1_432' title='bbox 3216 2835 3334 2886; x_wconf 79' lang='grc' dir='ltr'>οὐδὲ</span> <span class='ocrx_word' id='word_1_433' title='bbox 3372 2835 3481 2905; x_wconf 77' lang='grc' dir='ltr'>γὰρ</span> <span class='ocrx_word' id='word_1_434' title='bbox 3522 2836 3700 2906; x_wconf 75' lang='grc' dir='ltr'>πυρὸς</span> 
     </span>
    </p>
   </div>
   <div class='ocr_carea' id='block_1_53' title="bbox 462 2923 2021 3002">
    <p class='ocr_par' dir='ltr' id='par_1_53' title="bbox 462 2929 2021 3002">
     <span class='ocr_line' id='line_1_53' title="bbox 462 2929 2021 3002; baseline -0.008 -9"><span class='ocrx_word' id='word_1_435' title='bbox 462 2941 620 2993; x_wconf 87' lang='lat' dir='ltr'><strong>bona.</strong></span> <span class='ocrx_word' id='word_1_436' title='bbox 649 2936 707 2992; x_wconf 91' lang='lat' dir='ltr'><strong>Si</strong></span> <span class='ocrx_word' id='word_1_437' title='bbox 743 2936 906 2991; x_wconf 88' lang='lat' dir='ltr'><strong>etiam</strong></span> <span class='ocrx_word' id='word_1_438' title='bbox 941 2949 1004 2988; x_wconf 90' lang='lat' dir='ltr'><strong>ea</strong></span> <span class='ocrx_word' id='word_1_439' title='bbox 1041 2948 1160 3002; x_wconf 67' lang='lat' dir='ltr'><strong>quae</strong></span> <span class='ocrx_word' id='word_1_440' title='bbox 1190 2940 1340 2994; x_wconf 91' lang='lat' dir='ltr'><strong>sunt,</strong></span> <span class='ocrx_word' id='word_1_441' title='bbox 1394 2930 1573 2985; x_wconf 84' lang='lat' dir='ltr'><strong>omnia</strong></span> <span class='ocrx_word' id='word_1_442' title='bbox 1620 2944 1687 2984; x_wconf 90' lang='lat' dir='ltr'><strong>ex</strong></span> <span class='ocrx_word' id='word_1_443' title='bbox 1729 2929 1872 2984; x_wconf 89' lang='lat' dir='ltr'><strong>bono</strong></span> <span class='ocrx_word' id='word_1_444' title='bbox 1899 2938 2021 2984; x_wconf 86' lang='lat' dir='ltr'><strong>sunt</strong></span> 
     </span>
    </p>
   </div>
   <div class='ocr_carea' id='block_1_54' title="bbox 2124 2923 3701 3002">
    <p class='ocr_par' dir='ltr' id='par_1_54' title="bbox 2124 2923 3701 2995">
     <span class='ocr_line' id='line_1_54' title="bbox 2124 2923 3701 2995; baseline 0.002 -18"><span class='ocrx_word' id='word_1_445' title='bbox 2124 2925 2181 2977; x_wconf 80' lang='grc' dir='ltr'><strong>τὸ</strong></span> <span class='ocrx_word' id='word_1_446' title='bbox 2210 2924 2418 2994; x_wconf 74' lang='grc' dir='ltr'>ψύχειν,</span> <span class='ocrx_word' id='word_1_447' title='bbox 2454 2924 2576 2977; x_wconf 77' lang='grc' dir='ltr'>οὔτε</span> <span class='ocrx_word' id='word_1_448' title='bbox 2616 2924 2818 2991; x_wconf 85' lang='grc' dir='ltr'>ἀγαθοῦ</span> <span class='ocrx_word' id='word_1_449' title='bbox 2845 2924 2905 2977; x_wconf 81' lang='grc' dir='ltr'>τὸ</span> <span class='ocrx_word' id='word_1_450' title='bbox 2930 2924 3002 2995; x_wconf 82' lang='grc' dir='ltr'><strong>μὴ</strong></span> <span class='ocrx_word' id='word_1_451' title='bbox 3023 2923 3233 2991; x_wconf 87' lang='grc' dir='ltr'>τάγαθά</span> <span class='ocrx_word' id='word_1_452' title='bbox 3258 2925 3550 2993; x_wconf 81' lang='grc' dir='ltr'>παράγειν.</span> <span class='ocrx_word' id='word_1_453' title='bbox 3584 2928 3701 2980; x_wconf 77' lang='grc' dir='ltr'>Καὶ</span> 
     </span>
    </p>
   </div>
   <div class='ocr_carea' id='block_1_55' title="bbox 461 3012 2021 3103">
    <p class='ocr_par' dir='ltr' id='par_1_55' title="bbox 461 3022 2021 3103">
     <span class='ocr_line' id='line_1_55' title="bbox 461 3022 2021 3103; baseline -0.008 -17"><span class='ocrx_word' id='word_1_454' title='bbox 461 3036 678 3103; x_wconf 86' lang='lat' dir='ltr'><strong>(natura</strong></span> <span class='ocrx_word' id='word_1_455' title='bbox 732 3027 877 3083; x_wconf 91' lang='lat' dir='ltr'><strong>enim</strong></span> <span class='ocrx_word' id='word_1_456' title='bbox 927 3025 1053 3081; x_wconf 88' lang='lat' dir='ltr'><strong>boni</strong></span> <span class='ocrx_word' id='word_1_457' title='bbox 1094 3032 1199 3085; x_wconf 91' lang='lat' dir='ltr'><strong>est,</strong></span> <span class='ocrx_word' id='word_1_458' title='bbox 1253 3022 1551 3091; x_wconf 90' lang='lat' dir='ltr'><strong>producere</strong></span> <span class='ocrx_word' id='word_1_459' title='bbox 1578 3029 1632 3073; x_wconf 86' lang='lat' dir='ltr'><strong>et</strong></span> <span class='ocrx_word' id='word_1_460' title='bbox 1659 3034 2021 3084; x_wconf 67' lang='lat' dir='ltr'><strong>conservaret;</strong></span> 
     </span>
    </p>
   </div>
   <div class='ocr_carea' id='block_1_56' title="bbox 2124 3012 3703 3103">
    <p class='ocr_par' dir='ltr' id='par_1_56' title="bbox 2126 3012 3703 3087">
     <span class='ocr_line' id='line_1_56' title="bbox 2126 3012 3703 3087; baseline 0 -19"><span class='ocrx_word' id='word_1_461' title='bbox 2126 3018 2174 3069; x_wconf 77' lang='grc' dir='ltr'>εἰ</span> <span class='ocrx_word' id='word_1_462' title='bbox 2203 3016 2271 3069; x_wconf 77' lang='grc' dir='ltr'><strong>τὰ</strong></span> <span class='ocrx_word' id='word_1_463' title='bbox 2309 3015 2437 3068; x_wconf 78' lang='grc' dir='ltr'>ὄντα</span> <span class='ocrx_word' id='word_1_464' title='bbox 2469 3016 2644 3069; x_wconf 83' lang='grc' dir='ltr'>πάντα</span> <span class='ocrx_word' id='word_1_465' title='bbox 2669 3018 2734 3068; x_wconf 85' lang='grc' dir='ltr'>ὲκ</span> <span class='ocrx_word' id='word_1_466' title='bbox 2756 3012 2990 3083; x_wconf 86' lang='grc' dir='ltr'>τάγαθοῦ</span> <span class='ocrx_word' id='word_1_467' title='bbox 3016 3055 3030 3077; x_wconf 91' lang='grc'><strong>,</strong></span> <span class='ocrx_word' id='word_1_468' title='bbox 3063 3014 3243 3084; x_wconf 80' lang='grc' dir='ltr'>(φύσις</span> <span class='ocrx_word' id='word_1_469' title='bbox 3271 3015 3377 3084; x_wconf 81' lang='grc' dir='ltr'>γὰρ</span> <span class='ocrx_word' id='word_1_470' title='bbox 3404 3015 3478 3085; x_wconf 83' lang='grc' dir='ltr'>τῷ</span> <span class='ocrx_word' id='word_1_471' title='bbox 3503 3017 3703 3087; x_wconf 76' lang='grc' dir='ltr'>ἀγαθῷ</span> 
     </span>
    </p>
   </div>
   <div class='ocr_carea' id='block_1_57' title="bbox 462 3110 2021 3183">
    <p class='ocr_par' dir='ltr' id='par_1_57' title="bbox 462 3110 2021 3183">
     <span class='ocr_line' id='line_1_57' title="bbox 462 3110 2021 3183; baseline -0.005 -10"><span class='ocrx_word' id='word_1_472' title='bbox 462 3120 589 3174; x_wconf 86' lang='lat' dir='ltr'><strong>mali</strong></span> <span class='ocrx_word' id='word_1_473' title='bbox 616 3128 823 3183; x_wconf 90' lang='lat' dir='ltr'><strong>autem,</strong></span> <span class='ocrx_word' id='word_1_474' title='bbox 873 3129 1221 3183; x_wconf 87' lang='lat' dir='ltr'><strong>corrumpere</strong></span> <span class='ocrx_word' id='word_1_475' title='bbox 1252 3128 1314 3167; x_wconf 91' lang='lat' dir='ltr'><strong>ac</strong></span> <span class='ocrx_word' id='word_1_476' title='bbox 1346 3110 1624 3180; x_wconf 89' lang='lat' dir='ltr'><strong>perdere),</strong></span> <span class='ocrx_word' id='word_1_477' title='bbox 1669 3110 1799 3164; x_wconf 84' lang='lat' dir='ltr'><strong>nihil</strong></span> <span class='ocrx_word' id='word_1_478' title='bbox 1834 3126 2021 3169; x_wconf 90' lang='lat' dir='ltr'><strong>eorum</strong></span> 
     </span>
    </p>
   </div>
   <div class='ocr_carea' id='block_1_58' title="bbox 460 3203 2022 3281">
    <p class='ocr_par' dir='ltr' id='par_1_58' title="bbox 460 3203 2022 3281">
     <span class='ocr_line' id='line_1_58' title="bbox 460 3203 2022 3281; baseline -0.005 -16"><span class='ocrx_word' id='word_1_479' title='bbox 460 3228 582 3281; x_wconf 71' lang='lat' dir='ltr'><strong>quire</strong></span> <span class='ocrx_word' id='word_1_480' title='bbox 608 3219 735 3267; x_wconf 86' lang='lat' dir='ltr'><strong>sunt</strong></span> <span class='ocrx_word' id='word_1_481' title='bbox 756 3224 824 3264; x_wconf 84' lang='lat' dir='ltr'><strong>ex</strong></span> <span class='ocrx_word' id='word_1_482' title='bbox 850 3208 993 3263; x_wconf 88' lang='lat' dir='ltr'><strong>malo</strong></span> <span class='ocrx_word' id='word_1_483' title='bbox 1025 3213 1130 3271; x_wconf 88' lang='lat' dir='ltr'><strong>est,</strong></span> <span class='ocrx_word' id='word_1_484' title='bbox 1154 3220 1218 3260; x_wconf 89' lang='lat' dir='ltr'><strong>ac</strong></span> <span class='ocrx_word' id='word_1_485' title='bbox 1245 3220 1312 3258; x_wconf 89' lang='lat' dir='ltr'><strong>ne</strong></span> <span class='ocrx_word' id='word_1_486' title='bbox 1334 3204 1512 3272; x_wconf 91' lang='lat' dir='ltr'><strong>ipsum</strong></span> <span class='ocrx_word' id='word_1_487' title='bbox 1548 3203 1765 3271; x_wconf 90' lang='lat' dir='ltr'><strong>quidem</strong></span> <span class='ocrx_word' id='word_1_488' title='bbox 1819 3203 2022 3257; x_wconf 87' lang='lat' dir='ltr'><strong>malum</strong></span> 
     </span>
    </p>
   </div>
   <div class='ocr_carea' id='block_1_59' title="bbox 462 3285 2023 3371">
    <p class='ocr_par' dir='ltr' id='par_1_59' title="bbox 462 3285 2023 3371">
     <span class='ocr_line' id='line_1_59' title="bbox 462 3285 2023 3371; baseline -0.006 -13"><span class='ocrx_word' id='word_1_489' title='bbox 462 3285 588 3366; x_wconf 87' lang='lat' dir='ltr'><strong>erit,</strong></span> <span class='ocrx_word' id='word_1_490' title='bbox 620 3301 885 3371; x_wconf 87' lang='lat' dir='ltr'><strong>siquidem</strong></span> <span class='ocrx_word' id='word_1_491' title='bbox 932 3299 1097 3354; x_wconf 89' lang='lat' dir='ltr'><strong>etiam</strong></span> <span class='ocrx_word' id='word_1_492' title='bbox 1122 3296 1221 3351; x_wconf 89' lang='lat' dir='ltr'><strong>sibi</strong></span> <span class='ocrx_word' id='word_1_493' title='bbox 1254 3296 1452 3349; x_wconf 89' lang='lat' dir='ltr'><strong>malum</strong></span> <span class='ocrx_word' id='word_1_494' title='bbox 1498 3302 1663 3350; x_wconf 86' lang='lat' dir='ltr'><strong>esset.</strong></span> <span class='ocrx_word' id='word_1_495' title='bbox 1716 3293 1868 3360; x_wconf 87' lang='lat' dir='ltr'><strong>Quod</strong></span> <span class='ocrx_word' id='word_1_496' title='bbox 1918 3295 2023 3349; x_wconf 92' lang='lat' dir='ltr'><strong>nisi</strong></span> 
     </span>
    </p>
   </div>
   <div class='ocr_carea' id='block_1_60' title="bbox 464 3384 2026 3457">
    <p class='ocr_par' dir='ltr' id='par_1_60' title="bbox 464 3384 2026 3457">
     <span class='ocr_line' id='line_1_60' title="bbox 464 3384 2026 3457; baseline -0.005 -10"><span class='ocrx_word' id='word_1_497' title='bbox 464 3394 536 3448; x_wconf 87' lang='lat' dir='ltr'><strong>ita</strong></span> <span class='ocrx_word' id='word_1_498' title='bbox 570 3396 663 3457; x_wconf 91' lang='lat' dir='ltr'><strong>sit,</strong></span> <span class='ocrx_word' id='word_1_499' title='bbox 712 3389 913 3445; x_wconf 86' lang='lat' dir='ltr'><strong>malum</strong></span> <span class='ocrx_word' id='word_1_500' title='bbox 962 3388 1182 3444; x_wconf 86' lang='lat' dir='ltr'><strong>omnino</strong></span> <span class='ocrx_word' id='word_1_501' title='bbox 1211 3386 1413 3441; x_wconf 89' lang='lat' dir='ltr'><strong>malum</strong></span> <span class='ocrx_word' id='word_1_502' title='bbox 1455 3400 1562 3440; x_wconf 92' lang='lat' dir='ltr'><strong>non</strong></span> <span class='ocrx_word' id='word_1_503' title='bbox 1588 3384 1708 3447; x_wconf 89' lang='lat' dir='ltr'><strong>erit,</strong></span> <span class='ocrx_word' id='word_1_504' title='bbox 1740 3386 1833 3440; x_wconf 86' lang='lat' dir='ltr'><strong>sed</strong></span> <span class='ocrx_word' id='word_1_505' title='bbox 1863 3386 2026 3441; x_wconf 87' lang='lat' dir='ltr'><strong>habet</strong></span> 
     </span>
    </p>
   </div>
   <div class='ocr_carea' id='block_1_61' title="bbox 464 3480 2022 3554">
    <p class='ocr_par' dir='ltr' id='par_1_61' title="bbox 464 3480 2022 3554">
     <span class='ocr_line' id='line_1_61' title="bbox 464 3480 2022 3554; baseline -0.004 -16"><span class='ocrx_word' id='word_1_506' title='bbox 464 3482 755 3554; x_wconf 87' lang='lat' dir='ltr'><strong>quamdam</strong></span> <span class='ocrx_word' id='word_1_507' title='bbox 780 3480 928 3545; x_wconf 86' lang='lat' dir='ltr'><strong>boni,</strong></span> <span class='ocrx_word' id='word_1_508' title='bbox 982 3480 1279 3534; x_wconf 91' lang='lat' dir='ltr'><strong>secundum</strong></span> <span class='ocrx_word' id='word_1_509' title='bbox 1312 3492 1477 3546; x_wconf 89' lang='lat' dir='ltr'><strong>quam</strong></span> <span class='ocrx_word' id='word_1_510' title='bbox 1507 3480 1733 3534; x_wconf 89' lang='lat' dir='ltr'><strong>omnino</strong></span> <span class='ocrx_word' id='word_1_511' title='bbox 1756 3485 1863 3542; x_wconf 91' lang='lat' dir='ltr'><strong>est,</strong></span> <span class='ocrx_word' id='word_1_512' title='bbox 1896 3493 2022 3547; x_wconf 82' lang='lat' dir='ltr'><strong>par-</strong></span> 
     </span>
    </p>
   </div>
   <div class='ocr_carea' id='block_1_62' title="bbox 463 3569 2026 3641">
    <p class='ocr_par' dir='ltr' id='par_1_62' title="bbox 463 3569 2026 3641">
     <span class='ocr_line' id='line_1_62' title="bbox 463 3569 2026 3641; baseline -0.003 -14"><span class='ocrx_word' id='word_1_513' title='bbox 463 3585 603 3631; x_wconf 81' lang='lat' dir='ltr'><strong>tem.‘</strong></span> <span class='ocrx_word' id='word_1_514' title='bbox 620 3574 685 3629; x_wconf 85' lang='lat' dir='ltr'><strong>Et</strong></span> <span class='ocrx_word' id='word_1_515' title='bbox 715 3573 761 3627; x_wconf 89' lang='lat' dir='ltr'><strong>si</strong></span> <span class='ocrx_word' id='word_1_516' title='bbox 784 3587 848 3627; x_wconf 90' lang='lat' dir='ltr'><strong>ea</strong></span> <span class='ocrx_word' id='word_1_517' title='bbox 875 3585 994 3641; x_wconf 70' lang='lat' dir='ltr'><strong>quaa</strong></span> <span class='ocrx_word' id='word_1_518' title='bbox 1022 3577 1148 3624; x_wconf 90' lang='lat' dir='ltr'><strong>sunt</strong></span> <span class='ocrx_word' id='word_1_519' title='bbox 1192 3569 1474 3639; x_wconf 88' lang='lat' dir='ltr'><strong>pulchrum</strong></span> <span class='ocrx_word' id='word_1_520' title='bbox 1513 3571 1824 3639; x_wconf 84' lang='lat' dir='ltr'><strong>bonumque</strong></span> <span class='ocrx_word' id='word_1_521' title='bbox 1864 3583 2026 3638; x_wconf 83' lang='lat' dir='ltr'><strong>appe-</strong></span> 
     </span>
    </p>
   </div>
   <div class='ocr_carea' id='block_1_63' title="bbox 465 3662 2023 3735">
    <p class='ocr_par' dir='ltr' id='par_1_63' title="bbox 465 3662 2023 3735">
     <span class='ocr_line' id='line_1_63' title="bbox 465 3662 2023 3735; baseline -0.004 -14"><span class='ocrx_word' id='word_1_522' title='bbox 465 3675 605 3733; x_wconf 92' lang='lat' dir='ltr'><strong>tunt,</strong></span> <span class='ocrx_word' id='word_1_523' title='bbox 631 3676 685 3721; x_wconf 91' lang='lat' dir='ltr'><strong>et</strong></span> <span class='ocrx_word' id='word_1_524' title='bbox 704 3678 1037 3735; x_wconf 66' lang='lat' dir='ltr'><strong>quaecunque</strong></span> <span class='ocrx_word' id='word_1_525' title='bbox 1072 3668 1258 3733; x_wconf 88' lang='lat' dir='ltr'><strong>agunt,</strong></span> <span class='ocrx_word' id='word_1_526' title='bbox 1291 3672 1512 3732; x_wconf 88' lang='lat' dir='ltr'><strong>propter</strong></span> <span class='ocrx_word' id='word_1_527' title='bbox 1546 3662 1597 3716; x_wconf 93' lang='lat' dir='ltr'><strong>id</strong></span> <span class='ocrx_word' id='word_1_528' title='bbox 1640 3662 1784 3730; x_wconf 89' lang='lat' dir='ltr'><strong>quod</strong></span> <span class='ocrx_word' id='word_1_529' title='bbox 1824 3662 2023 3716; x_wconf 82' lang='lat' dir='ltr'><strong>bonum</strong></span> 
     </span>
    </p>
   </div>
   <div class='ocr_carea' id='block_1_64' title="bbox 464 3754 2025 3825">
    <p class='ocr_par' dir='ltr' id='par_1_64' title="bbox 464 3754 2025 3825">
     <span class='ocr_line' id='line_1_64' title="bbox 464 3754 2025 3825; baseline -0.003 -13"><span class='ocrx_word' id='word_1_530' title='bbox 464 3761 700 3825; x_wconf 82' lang='lat' dir='ltr'><strong>videtur,</strong></span> <span class='ocrx_word' id='word_1_531' title='bbox 752 3758 979 3822; x_wconf 81' lang='lat' dir='ltr'><strong>faciunt,</strong></span> <span class='ocrx_word' id='word_1_532' title='bbox 1030 3755 1319 3824; x_wconf 87' lang='lat' dir='ltr'><strong>omnisque</strong></span> <span class='ocrx_word' id='word_1_533' title='bbox 1379 3769 1562 3808; x_wconf 90' lang='lat' dir='ltr'><strong>rerum</strong></span> <span class='ocrx_word' id='word_1_534' title='bbox 1623 3754 1851 3809; x_wconf 87' lang='lat' dir='ltr'><strong>intentio</strong></span> <span class='ocrx_word' id='word_1_535' title='bbox 1901 3768 2025 3808; x_wconf 92' lang='lat' dir='ltr'><strong>cum</strong></span> 
     </span>
    </p>
   </div>
   <div class='ocr_carea' id='block_1_65' title="bbox 466 3844 2024 3917">
    <p class='ocr_par' dir='ltr' id='par_1_65' title="bbox 466 3844 2024 3917">
     <span class='ocr_line' id='line_1_65' title="bbox 466 3844 2024 3917; baseline -0.003 -15"><span class='ocrx_word' id='word_1_536' title='bbox 466 3848 792 3917; x_wconf 87' lang='lat' dir='ltr'><strong>principium</strong></span> <span class='ocrx_word' id='word_1_537' title='bbox 839 3856 950 3901; x_wconf 91' lang='lat' dir='ltr'><strong>tum</strong></span> <span class='ocrx_word' id='word_1_538' title='bbox 997 3846 1157 3900; x_wconf 82' lang='lat' dir='ltr'><strong>linem</strong></span> <span class='ocrx_word' id='word_1_539' title='bbox 1208 3846 1406 3899; x_wconf 91' lang='lat' dir='ltr'><strong>bonum</strong></span> <span class='ocrx_word' id='word_1_540' title='bbox 1436 3852 1645 3913; x_wconf 89' lang='lat' dir='ltr'><strong>spectat</strong></span> <span class='ocrx_word' id='word_1_541' title='bbox 1672 3844 1829 3913; x_wconf 92' lang='lat' dir='ltr'><strong>(nihil</strong></span> <span class='ocrx_word' id='word_1_542' title='bbox 1858 3845 2024 3909; x_wconf 88' lang='lat' dir='ltr'><strong>enim,</strong></span> 
     </span>
    </p>
   </div>
   <div class='ocr_carea' id='block_1_66' title="bbox 468 3931 2025 4001">
    <p class='ocr_par' dir='ltr' id='par_1_66' title="bbox 468 3931 2025 4001">
     <span class='ocr_line' id='line_1_66' title="bbox 468 3931 2025 4001; baseline -0.004 -9"><span class='ocrx_word' id='word_1_543' title='bbox 468 3937 594 3993; x_wconf 86' lang='lat' dir='ltr'><strong>mali</strong></span> <span class='ocrx_word' id='word_1_544' title='bbox 640 3947 891 3990; x_wconf 85' lang='lat' dir='ltr'><strong>naturam</strong></span> <span class='ocrx_word' id='word_1_545' title='bbox 941 3933 1257 4001; x_wconf 88' lang='lat' dir='ltr'><strong>spectando,</strong></span> <span class='ocrx_word' id='word_1_546' title='bbox 1299 3931 1429 3986; x_wconf 81' lang='lat' dir='ltr'><strong>facit</strong></span> <span class='ocrx_word' id='word_1_547' title='bbox 1452 3946 1515 3985; x_wconf 90' lang='lat' dir='ltr'><strong>ea</strong></span> <span class='ocrx_word' id='word_1_548' title='bbox 1540 3946 1660 4000; x_wconf 69' lang='lat' dir='ltr'><strong>qua:</strong></span> <span class='ocrx_word' id='word_1_549' title='bbox 1693 3931 1865 4001; x_wconf 83' lang='lat' dir='ltr'><strong>iacit),</strong></span> <span class='ocrx_word' id='word_1_550' title='bbox 1889 3946 2025 4001; x_wconf 86' lang='lat' dir='ltr'><strong>quo-</strong></span> 
     </span>
    </p>
   </div>
   <div class='ocr_carea' id='block_1_67' title="bbox 468 4024 2028 4098">
    <p class='ocr_par' dir='ltr' id='par_1_67' title="bbox 468 4024 2028 4098">
     <span class='ocr_line' id='line_1_67' title="bbox 468 4024 2028 4098; baseline -0.003 -16"><span class='ocrx_word' id='word_1_551' title='bbox 468 4045 593 4082; x_wconf 89' lang='lat' dir='ltr'><strong>nam</strong></span> <span class='ocrx_word' id='word_1_552' title='bbox 618 4036 778 4098; x_wconf 90' lang='lat' dir='ltr'><strong>pacto</strong></span> <span class='ocrx_word' id='word_1_553' title='bbox 804 4027 910 4080; x_wconf 91' lang='lat' dir='ltr'><strong>erit</strong></span> <span class='ocrx_word' id='word_1_554' title='bbox 943 4024 1140 4079; x_wconf 84' lang='lat' dir='ltr'><strong>malum</strong></span> <span class='ocrx_word' id='word_1_555' title='bbox 1168 4025 1218 4077; x_wconf 92' lang='lat' dir='ltr'><strong>iu</strong></span> <span class='ocrx_word' id='word_1_556' title='bbox 1247 4038 1427 4077; x_wconf 89' lang='lat' dir='ltr'><strong>rerum</strong></span> <span class='ocrx_word' id='word_1_557' title='bbox 1460 4035 1673 4087; x_wconf 88' lang='lat' dir='ltr'><strong>natura,</strong></span> <span class='ocrx_word' id='word_1_558' title='bbox 1700 4025 1781 4078; x_wconf 86' lang='lat' dir='ltr'><strong>vel</strong></span> <span class='ocrx_word' id='word_1_559' title='bbox 1807 4025 2028 4077; x_wconf 85' lang='lat' dir='ltr'><strong>omnino</strong></span> 
     </span>
    </p>
   </div>
   <div class='ocr_carea' id='block_1_68' title="bbox 466 4112 2030 4184">
    <p class='ocr_par' dir='ltr' id='par_1_68' title="bbox 466 4112 2030 4184">
     <span class='ocr_line' id='line_1_68' title="bbox 466 4112 2030 4184; baseline -0.003 -13"><span class='ocrx_word' id='word_1_560' title='bbox 466 4118 693 4172; x_wconf 88' lang='lat' dir='ltr'><strong>exsistat</strong></span> <span class='ocrx_word' id='word_1_561' title='bbox 712 4114 1037 4184; x_wconf 85' lang='lat' dir='ltr'><strong>ejuscemodi</strong></span> <span class='ocrx_word' id='word_1_562' title='bbox 1059 4114 1183 4166; x_wconf 90' lang='lat' dir='ltr'><strong>boni</strong></span> <span class='ocrx_word' id='word_1_563' title='bbox 1207 4112 1443 4181; x_wconf 88' lang='lat' dir='ltr'><strong>appetitu</strong></span> <span class='ocrx_word' id='word_1_564' title='bbox 1470 4113 1820 4166; x_wconf 83' lang='lat' dir='ltr'><strong>destitutum?</strong></span> <span class='ocrx_word' id='word_1_565' title='bbox 1847 4114 2030 4167; x_wconf 73' lang='lat' dir='ltr'><strong>Enim-</strong></span> 
     </span>
    </p>
   </div>
   <div class='ocr_carea' id='block_1_69' title="bbox 467 4203 2029 4277">
    <p class='ocr_par' dir='ltr' id='par_1_69' title="bbox 467 4203 2029 4277">
     <span class='ocr_line' id='line_1_69' title="bbox 467 4203 2029 4277; baseline -0.001 -18"><span class='ocrx_word' id='word_1_566' title='bbox 467 4223 598 4263; x_wconf 89' lang='lat' dir='ltr'><strong>vero</strong></span> <span class='ocrx_word' id='word_1_567' title='bbox 626 4206 788 4277; x_wconf 45' lang='lat' dir='ltr'><strong>si,res</strong></span> <span class='ocrx_word' id='word_1_568' title='bbox 815 4219 1004 4260; x_wconf 89' lang='lat' dir='ltr'><strong>omnes</strong></span> <span class='ocrx_word' id='word_1_569' title='bbox 1032 4218 1097 4258; x_wconf 87' lang='lat' dir='ltr'><strong>ex</strong></span> <span class='ocrx_word' id='word_1_570' title='bbox 1124 4204 1267 4259; x_wconf 85' lang='lat' dir='ltr'><strong>bono</strong></span> <span class='ocrx_word' id='word_1_571' title='bbox 1292 4206 1421 4264; x_wconf 89' lang='lat' dir='ltr'><strong>sint,</strong></span> <span class='ocrx_word' id='word_1_572' title='bbox 1466 4204 1772 4271; x_wconf 88' lang='lat' dir='ltr'><strong>bonumque</strong></span> <span class='ocrx_word' id='word_1_573' title='bbox 1822 4203 1892 4257; x_wconf 91' lang='lat' dir='ltr'><strong>sit</strong></span> <span class='ocrx_word' id='word_1_574' title='bbox 1934 4218 2029 4257; x_wconf 86' lang='lat' dir='ltr'><strong>su-</strong></span> 
     </span>
    </p>
   </div>
   <div class='ocr_carea' id='block_1_70' title="bbox 466 4293 2026 4370">
    <p class='ocr_par' dir='ltr' id='par_1_70' title="bbox 466 4293 2026 4370">
     <span class='ocr_line' id='line_1_70' title="bbox 466 4293 2026 4370; baseline -0.004 -17"><span class='ocrx_word' id='word_1_575' title='bbox 466 4315 563 4370; x_wconf 83' lang='lat' dir='ltr'><strong>pra</strong></span> <span class='ocrx_word' id='word_1_576' title='bbox 592 4315 681 4355; x_wconf 88' lang='lat' dir='ltr'><strong>res</strong></span> <span class='ocrx_word' id='word_1_577' title='bbox 712 4299 880 4368; x_wconf 86' lang='lat' dir='ltr'><strong>ipsas,</strong></span> <span class='ocrx_word' id='word_1_578' title='bbox 915 4295 966 4349; x_wconf 90' lang='lat' dir='ltr'><strong>id</strong></span> <span class='ocrx_word' id='word_1_579' title='bbox 1012 4294 1154 4364; x_wconf 91' lang='lat' dir='ltr'><strong>quod</strong></span> <span class='ocrx_word' id='word_1_580' title='bbox 1205 4309 1312 4347; x_wconf 85' lang='lat' dir='ltr'><strong>non</strong></span> <span class='ocrx_word' id='word_1_581' title='bbox 1361 4303 1466 4357; x_wconf 90' lang='lat' dir='ltr'><strong>est,</strong></span> <span class='ocrx_word' id='word_1_582' title='bbox 1519 4294 1633 4361; x_wconf 87' lang='lat' dir='ltr'><strong>jam</strong></span> <span class='ocrx_word' id='word_1_583' title='bbox 1669 4294 1721 4347; x_wconf 94' lang='lat' dir='ltr'><strong>iu</strong></span> <span class='ocrx_word' id='word_1_584' title='bbox 1758 4293 1898 4349; x_wconf 89' lang='lat' dir='ltr'><strong>bono</strong></span> <span class='ocrx_word' id='word_1_585' title='bbox 1922 4302 2026 4358; x_wconf 91' lang='lat' dir='ltr'><strong>est,</strong></span> 
     </span>
    </p>
   </div>
   <div class='ocr_carea' id='block_1_71' title="bbox 468 4388 2028 4460">
    <p class='ocr_par' dir='ltr' id='par_1_71' title="bbox 468 4388 2028 4460">
     <span class='ocr_line' id='line_1_71' title="bbox 468 4388 2028 4460; baseline -0.004 -11"><span class='ocrx_word' id='word_1_586' title='bbox 468 4395 667 4449; x_wconf 89' lang='lat' dir='ltr'><strong>malum</strong></span> <span class='ocrx_word' id='word_1_587' title='bbox 711 4408 844 4448; x_wconf 83' lang='lat' dir='ltr'><strong>vero</strong></span> <span class='ocrx_word' id='word_1_588' title='bbox 868 4405 1214 4460; x_wconf 88' lang='lat' dir='ltr'><strong>nequaquam</strong></span> <span class='ocrx_word' id='word_1_589' title='bbox 1243 4397 1323 4444; x_wconf 88' lang='lat' dir='ltr'><strong>est</strong></span> <span class='ocrx_word' id='word_1_590' title='bbox 1351 4405 1367 4454; x_wconf 87' lang='lat'><strong>;</strong></span> <span class='ocrx_word' id='word_1_591' title='bbox 1396 4389 1640 4457; x_wconf 90' lang='lat' dir='ltr'><strong>alioquin</strong></span> <span class='ocrx_word' id='word_1_592' title='bbox 1675 4404 1779 4443; x_wconf 93' lang='lat' dir='ltr'><strong>non</strong></span> <span class='ocrx_word' id='word_1_593' title='bbox 1806 4398 1889 4443; x_wconf 91' lang='lat' dir='ltr'><strong>est</strong></span> <span class='ocrx_word' id='word_1_594' title='bbox 1915 4388 2028 4458; x_wconf 90' lang='lat' dir='ltr'><strong>pla-</strong></span> 
     </span>
    </p>
   </div>
   <div class='ocr_carea' id='block_1_72' title="bbox 470 4476 2024 4549">
    <p class='ocr_par' dir='ltr' id='par_1_72' title="bbox 470 4476 2024 4549">
     <span class='ocr_line' id='line_1_72' title="bbox 470 4476 2024 4549; baseline -0.003 -13"><span class='ocrx_word' id='word_1_595' title='bbox 470 4497 539 4536; x_wconf 89' lang='lat' dir='ltr'><strong>ne</strong></span> <span class='ocrx_word' id='word_1_596' title='bbox 571 4481 795 4546; x_wconf 89' lang='lat' dir='ltr'><strong>malum,</strong></span> <span class='ocrx_word' id='word_1_597' title='bbox 843 4495 943 4535; x_wconf 89' lang='lat' dir='ltr'><strong>nec</strong></span> <span class='ocrx_word' id='word_1_598' title='bbox 969 4480 1021 4534; x_wconf 90' lang='lat' dir='ltr'><strong>id</strong></span> <span class='ocrx_word' id='word_1_599' title='bbox 1050 4479 1193 4549; x_wconf 89' lang='lat' dir='ltr'><strong>quod</strong></span> <span class='ocrx_word' id='word_1_600' title='bbox 1221 4494 1326 4533; x_wconf 91' lang='lat' dir='ltr'><strong>non</strong></span> <span class='ocrx_word' id='word_1_601' title='bbox 1370 4487 1492 4543; x_wconf 90' lang='lat' dir='ltr'><strong>est;</strong></span> <span class='ocrx_word' id='word_1_602' title='bbox 1528 4476 1659 4531; x_wconf 92' lang='lat' dir='ltr'><strong>nihil</strong></span> <span class='ocrx_word' id='word_1_603' title='bbox 1682 4478 1825 4533; x_wconf 91' lang='lat' dir='ltr'><strong>enim</strong></span> <span class='ocrx_word' id='word_1_604' title='bbox 1847 4478 1950 4533; x_wconf 90' lang='lat' dir='ltr'><strong>erit</strong></span> <span class='ocrx_word' id='word_1_605' title='bbox 1974 4478 2024 4532; x_wconf 91' lang='lat' dir='ltr'><strong>id</strong></span> 
     </span>
    </p>
   </div>
   <div class='ocr_carea' id='block_1_73' title="bbox 470 4567 2025 4642">
    <p class='ocr_par' dir='ltr' id='par_1_73' title="bbox 470 4567 2025 4642">
     <span class='ocr_line' id='line_1_73' title="bbox 470 4567 2025 4642; baseline -0.003 -17"><span class='ocrx_word' id='word_1_606' title='bbox 470 4571 611 4641; x_wconf 88' lang='lat' dir='ltr'><strong>quod</strong></span> <span class='ocrx_word' id='word_1_607' title='bbox 659 4571 885 4625; x_wconf 89' lang='lat' dir='ltr'><strong>omnino</strong></span> <span class='ocrx_word' id='word_1_608' title='bbox 938 4584 1050 4642; x_wconf 79' lang='lat' dir='ltr'><strong>non</strong></span> <span class='ocrx_word' id='word_1_609' title='bbox 1101 4577 1226 4632; x_wconf 91' lang='lat' dir='ltr'><strong>est,</strong></span> <span class='ocrx_word' id='word_1_610' title='bbox 1286 4568 1388 4622; x_wconf 91' lang='lat' dir='ltr'><strong>nisi</strong></span> <span class='ocrx_word' id='word_1_611' title='bbox 1446 4567 1742 4622; x_wconf 88' lang='lat' dir='ltr'><strong>secundum</strong></span> <span class='ocrx_word' id='word_1_612' title='bbox 1810 4569 2025 4623; x_wconf 92' lang='lat' dir='ltr'><strong>modum</strong></span> 
     </span>
    </p>
   </div>
   <div class='ocr_carea' id='block_1_74' title="bbox 472 4658 2027 4731">
    <p class='ocr_par' dir='ltr' id='par_1_74' title="bbox 472 4658 2027 4731">
     <span class='ocr_line' id='line_1_74' title="bbox 472 4658 2027 4731; baseline -0.001 -17"><span class='ocrx_word' id='word_1_613' title='bbox 472 4662 759 4731; x_wconf 81' lang='lat' dir='ltr'><strong>quemdam</strong></span> <span class='ocrx_word' id='word_1_614' title='bbox 804 4659 1312 4729; x_wconf 83' lang='lat' dir='ltr'><strong>supraessentialem</strong></span> <span class='ocrx_word' id='word_1_615' title='bbox 1355 4658 1407 4712; x_wconf 93' lang='lat' dir='ltr'><strong>in</strong></span> <span class='ocrx_word' id='word_1_616' title='bbox 1440 4659 1583 4713; x_wconf 88' lang='lat' dir='ltr'><strong>bono</strong></span> <span class='ocrx_word' id='word_1_617' title='bbox 1631 4672 1755 4712; x_wconf 88' lang='lat' dir='ltr'><strong>esse</strong></span> <span class='ocrx_word' id='word_1_618' title='bbox 1793 4658 2027 4713; x_wconf 86' lang='lat' dir='ltr'><strong>dicatur.</strong></span> 
     </span>
    </p>
   </div>
   <div class='ocr_carea' id='block_1_75' title="bbox 473 4753 2033 4825">
    <p class='ocr_par' dir='ltr' id='par_1_75' title="bbox 473 4753 2033 4825">
     <span class='ocr_line' id='line_1_75' title="bbox 473 4753 2033 4825; baseline -0.001 -16"><span class='ocrx_word' id='word_1_619' title='bbox 473 4756 675 4809; x_wconf 85' lang='lat' dir='ltr'><strong>Bonum</strong></span> <span class='ocrx_word' id='word_1_620' title='bbox 706 4755 868 4823; x_wconf 83' lang='lat' dir='ltr'><strong>igitur</strong></span> <span class='ocrx_word' id='word_1_621' title='bbox 913 4757 1035 4817; x_wconf 90' lang='lat' dir='ltr'><strong>erit,</strong></span> <span class='ocrx_word' id='word_1_622' title='bbox 1093 4763 1147 4809; x_wconf 87' lang='lat' dir='ltr'><strong>et</strong></span> <span class='ocrx_word' id='word_1_623' title='bbox 1197 4769 1263 4809; x_wconf 90' lang='lat' dir='ltr'><strong>eo</strong></span> <span class='ocrx_word' id='word_1_624' title='bbox 1305 4754 1448 4825; x_wconf 90' lang='lat' dir='ltr'><strong>quod</strong></span> <span class='ocrx_word' id='word_1_625' title='bbox 1493 4753 1713 4807; x_wconf 92' lang='lat' dir='ltr'><strong>omnino</strong></span> <span class='ocrx_word' id='word_1_626' title='bbox 1750 4763 1853 4819; x_wconf 90' lang='lat' dir='ltr'><strong>est,</strong></span> <span class='ocrx_word' id='word_1_627' title='bbox 1885 4763 1940 4808; x_wconf 88' lang='lat' dir='ltr'><strong>et</strong></span> <span class='ocrx_word' id='word_1_628' title='bbox 1968 4766 2033 4808; x_wconf 90' lang='lat' dir='ltr'><strong>eo</strong></span> 
     </span>
    </p>
   </div>
   <div class='ocr_carea' id='block_1_76' title="bbox 472 4848 2034 4920">
    <p class='ocr_par' dir='ltr' id='par_1_76' title="bbox 472 4848 2034 4920">
     <span class='ocr_line' id='line_1_76' title="bbox 472 4848 2034 4920; baseline -0.001 -19"><span class='ocrx_word' id='word_1_629' title='bbox 472 4849 615 4917; x_wconf 89' lang='lat' dir='ltr'><strong>quod</strong></span> <span class='ocrx_word' id='word_1_630' title='bbox 645 4848 808 4920; x_wconf 68' lang='grc'><strong>364</strong></span> <span class='ocrx_word' id='word_1_631' title='bbox 832 4864 935 4904; x_wconf 90' lang='lat' dir='ltr'><strong>non</strong></span> <span class='ocrx_word' id='word_1_632' title='bbox 972 4858 1076 4915; x_wconf 90' lang='lat' dir='ltr'><strong>est,</strong></span> <span class='ocrx_word' id='word_1_633' title='bbox 1105 4849 1276 4904; x_wconf 93' lang='lat' dir='ltr'><strong>multo</strong></span> <span class='ocrx_word' id='word_1_634' title='bbox 1301 4850 1452 4920; x_wconf 90' lang='lat' dir='ltr'><strong>prius</strong></span> <span class='ocrx_word' id='word_1_635' title='bbox 1497 4859 1553 4904; x_wconf 91' lang='lat' dir='ltr'><strong>et</strong></span> <span class='ocrx_word' id='word_1_636' title='bbox 1593 4849 1840 4919; x_wconf 88' lang='lat' dir='ltr'><strong>superius</strong></span> <span class='ocrx_word' id='word_1_637' title='bbox 1886 4848 2034 4902; x_wconf 90' lang='lat' dir='ltr'><strong>loca-</strong></span> 
     </span>
    </p>
   </div>
   <div class='ocr_carea' id='block_1_77' title="bbox 476 4938 2035 5009">
    <p class='ocr_par' dir='ltr' id='par_1_77' title="bbox 476 4938 2035 5009">
     <span class='ocr_line' id='line_1_77' title="bbox 476 4938 2035 5009; baseline 0 -16"><span class='ocrx_word' id='word_1_638' title='bbox 476 4951 610 4995; x_wconf 90' lang='lat' dir='ltr'><strong>tum.</strong></span> <span class='ocrx_word' id='word_1_639' title='bbox 628 4938 822 4993; x_wconf 84' lang='lat' dir='ltr'><strong>Malum</strong></span> <span class='ocrx_word' id='word_1_640' title='bbox 848 4951 1025 4994; x_wconf 89' lang='lat' dir='ltr'><strong>autem</strong></span> <span class='ocrx_word' id='word_1_641' title='bbox 1048 4956 1148 4995; x_wconf 92' lang='lat' dir='ltr'><strong>nec</strong></span> <span class='ocrx_word' id='word_1_642' title='bbox 1170 4941 1221 4994; x_wconf 89' lang='lat' dir='ltr'><strong>iu</strong></span> <span class='ocrx_word' id='word_1_643' title='bbox 1249 4940 1314 4994; x_wconf 89' lang='lat' dir='ltr'><strong>iis</strong></span> <span class='ocrx_word' id='word_1_644' title='bbox 1331 4950 1414 4995; x_wconf 90' lang='lat' dir='ltr'><strong>est</strong></span> <span class='ocrx_word' id='word_1_645' title='bbox 1443 4956 1563 5009; x_wconf 63' lang='lat' dir='ltr'><strong>qua:</strong></span> <span class='ocrx_word' id='word_1_646' title='bbox 1589 4950 1734 5005; x_wconf 91' lang='lat' dir='ltr'><strong>sunt,</strong></span> <span class='ocrx_word' id='word_1_647' title='bbox 1755 4954 1853 4993; x_wconf 90' lang='lat' dir='ltr'><strong>nec</strong></span> <span class='ocrx_word' id='word_1_648' title='bbox 1884 4939 1936 4992; x_wconf 93' lang='lat' dir='ltr'><strong>in</strong></span> <span class='ocrx_word' id='word_1_649' title='bbox 1972 4939 2035 4993; x_wconf 93' lang='lat' dir='ltr'><strong>iis</strong></span> 
     </span>
    </p>
   </div>
   <div class='ocr_carea' id='block_1_78' title="bbox 475 5029 2035 5101">
    <p class='ocr_par' dir='ltr' id='par_1_78' title="bbox 475 5029 2035 5101">
     <span class='ocr_line' id='line_1_78' title="bbox 475 5029 2035 5101; baseline -0.003 -17"><span class='ocrx_word' id='word_1_650' title='bbox 475 5046 595 5101; x_wconf 69' lang='lat' dir='ltr'><strong>qua:</strong></span> <span class='ocrx_word' id='word_1_651' title='bbox 645 5045 749 5084; x_wconf 90' lang='lat' dir='ltr'><strong>non</strong></span> <span class='ocrx_word' id='word_1_652' title='bbox 808 5038 952 5094; x_wconf 89' lang='lat' dir='ltr'><strong>sunt,</strong></span> <span class='ocrx_word' id='word_1_653' title='bbox 987 5029 1081 5084; x_wconf 90' lang='lat' dir='ltr'><strong>sed</strong></span> <span class='ocrx_word' id='word_1_654' title='bbox 1109 5044 1174 5084; x_wconf 89' lang='lat' dir='ltr'><strong>eo</strong></span> <span class='ocrx_word' id='word_1_655' title='bbox 1193 5029 1357 5084; x_wconf 88' lang='lat' dir='ltr'><strong>etiam</strong></span> <span class='ocrx_word' id='word_1_656' title='bbox 1409 5029 1551 5098; x_wconf 83' lang='lat' dir='ltr'><strong>quod</strong></span> <span class='ocrx_word' id='word_1_657' title='bbox 1584 5043 1689 5083; x_wconf 91' lang='lat' dir='ltr'><strong>non</strong></span> <span class='ocrx_word' id='word_1_658' title='bbox 1717 5036 1822 5091; x_wconf 89' lang='lat' dir='ltr'><strong>est,</strong></span> <span class='ocrx_word' id='word_1_659' title='bbox 1855 5040 2035 5081; x_wconf 88' lang='lat' dir='ltr'><strong>remo—</strong></span> 
     </span>
    </p>
   </div>
   <div class='ocr_carea' id='block_1_79' title="bbox 477 5120 2031 5190">
    <p class='ocr_par' dir='ltr' id='par_1_79' title="bbox 477 5120 2031 5190">
     <span class='ocr_line' id='line_1_79' title="bbox 477 5120 2031 5190; baseline -0.003 -15"><span class='ocrx_word' id='word_1_660' title='bbox 477 5124 584 5176; x_wconf 88' lang='lat' dir='ltr'><strong>tius</strong></span> <span class='ocrx_word' id='word_1_661' title='bbox 612 5133 693 5177; x_wconf 85' lang='lat' dir='ltr'><strong>est</strong></span> <span class='ocrx_word' id='word_1_662' title='bbox 720 5138 748 5175; x_wconf 90' lang='lat' dir='ltr'><strong>a</strong></span> <span class='ocrx_word' id='word_1_663' title='bbox 782 5123 941 5185; x_wconf 92' lang='lat' dir='ltr'><strong>bono,</strong></span> <span class='ocrx_word' id='word_1_664' title='bbox 969 5131 1224 5190; x_wconf 86' lang='lat' dir='ltr'><strong>tanquam</strong></span> <span class='ocrx_word' id='word_1_665' title='bbox 1284 5122 1517 5176; x_wconf 90' lang='lat' dir='ltr'><strong>alienum</strong></span> <span class='ocrx_word' id='word_1_666' title='bbox 1591 5135 1657 5175; x_wconf 92' lang='lat' dir='ltr'><strong>ac</strong></span> <span class='ocrx_word' id='word_1_667' title='bbox 1685 5120 1864 5174; x_wconf 89' lang='lat' dir='ltr'><strong>minus</strong></span> <span class='ocrx_word' id='word_1_668' title='bbox 1913 5133 2031 5172; x_wconf 92' lang='lat' dir='ltr'><strong>ens.</strong></span> 
     </span>
    </p>
   </div>
   <div class='ocr_carea' id='block_1_80' title="bbox 478 5207 2030 5280">
    <p class='ocr_par' dir='ltr' id='par_1_80' title="bbox 478 5207 2030 5280">
     <span class='ocr_line' id='line_1_80' title="bbox 478 5207 2030 5280; baseline -0.003 -16"><span class='ocrx_word' id='word_1_669' title='bbox 478 5209 633 5265; x_wconf 83' lang='lat' dir='ltr'><strong>Unde</strong></span> <span class='ocrx_word' id='word_1_670' title='bbox 655 5212 815 5280; x_wconf 86' lang='lat' dir='ltr'><strong>igitur</strong></span> <span class='ocrx_word' id='word_1_671' title='bbox 843 5220 927 5264; x_wconf 86' lang='lat' dir='ltr'><strong>est</strong></span> <span class='ocrx_word' id='word_1_672' title='bbox 954 5210 1151 5264; x_wconf 90' lang='lat' dir='ltr'><strong>malum</strong></span> <span class='ocrx_word' id='word_1_673' title='bbox 1183 5211 1205 5263; x_wconf 86' lang='lat'><strong>?</strong></span> <span class='ocrx_word' id='word_1_674' title='bbox 1235 5211 1377 5265; x_wconf 87' lang='lat' dir='ltr'><strong>dicet</strong></span> <span class='ocrx_word' id='word_1_675' title='bbox 1401 5210 1618 5279; x_wconf 86' lang='lat' dir='ltr'><strong>aliquis.</strong></span> <span class='ocrx_word' id='word_1_676' title='bbox 1653 5208 1710 5263; x_wconf 93' lang='lat' dir='ltr'><strong>Si</strong></span> <span class='ocrx_word' id='word_1_677' title='bbox 1742 5207 1888 5262; x_wconf 91' lang='lat' dir='ltr'><strong>enim</strong></span> <span class='ocrx_word' id='word_1_678' title='bbox 1913 5221 2030 5260; x_wconf 87' lang='lat' dir='ltr'><strong>ma-</strong></span> 
     </span>
    </p>
   </div>
   <div class='ocr_carea' id='block_1_81' title="bbox 2122 3108 3698 3183">
    <p class='ocr_par' dir='ltr' id='par_1_81' title="bbox 2122 3108 3698 3183">
     <span class='ocr_line' id='line_1_81' title="bbox 2122 3108 3698 3183; baseline 0.002 -22"><span class='ocrx_word' id='word_1_679' title='bbox 2122 3108 2183 3162; x_wconf 84' lang='grc' dir='ltr'>τδ</span> <span class='ocrx_word' id='word_1_680' title='bbox 2207 3112 2472 3179; x_wconf 82' lang='grc' dir='ltr'>παράγειν</span> <span class='ocrx_word' id='word_1_681' title='bbox 2510 3109 2604 3162; x_wconf 75' lang='grc' dir='ltr'>καὶ</span> <span class='ocrx_word' id='word_1_682' title='bbox 2636 3108 2825 3173; x_wconf 82' lang='grc' dir='ltr'>σώζειν</span> <span class='ocrx_word' id='word_1_683' title='bbox 2851 3126 2864 3139; x_wconf 82' lang='lat'><strong><em>°</em></strong></span> <span class='ocrx_word' id='word_1_684' title='bbox 2897 3108 2973 3179; x_wconf 86' lang='grc' dir='ltr'>τῷ</span> <span class='ocrx_word' id='word_1_685' title='bbox 2996 3109 3050 3162; x_wconf 80' lang='grc' dir='ltr'><strong>δὲ</strong></span> <span class='ocrx_word' id='word_1_686' title='bbox 3068 3109 3220 3179; x_wconf 82' lang='grc' dir='ltr'>κακῷ</span> <span class='ocrx_word' id='word_1_687' title='bbox 3242 3111 3300 3163; x_wconf 83' lang='grc' dir='ltr'>τὸ</span> <span class='ocrx_word' id='word_1_688' title='bbox 3325 3112 3569 3183; x_wconf 79' lang='grc' dir='ltr'>φθείρειν</span> <span class='ocrx_word' id='word_1_689' title='bbox 3598 3115 3698 3165; x_wconf 82' lang='grc' dir='ltr'><strong>καί</strong></span> 
     </span>
    </p>
   </div>
   <div class='ocr_carea' id='block_1_82' title="bbox 2123 3200 3704 3269">
    <p class='ocr_par' dir='ltr' id='par_1_82' title="bbox 2123 3200 3704 3269">
     <span class='ocr_line' id='line_1_82' title="bbox 2123 3200 3704 3269; baseline 0.003 -16"><span class='ocrx_word' id='word_1_690' title='bbox 2123 3200 2435 3269; x_wconf 71' lang='grc' dir='ltr'>ἀπολύειν,)</span> <span class='ocrx_word' id='word_1_691' title='bbox 2483 3200 2633 3253; x_wconf 81' lang='grc' dir='ltr'>οὐδέν</span> <span class='ocrx_word' id='word_1_692' title='bbox 2676 3201 2791 3252; x_wconf 81' lang='grc' dir='ltr'>ἐστι</span> <span class='ocrx_word' id='word_1_693' title='bbox 2844 3200 2952 3253; x_wconf 86' lang='grc' dir='ltr'><strong>τῶν</strong></span> <span class='ocrx_word' id='word_1_694' title='bbox 2977 3200 3141 3253; x_wconf 76' lang='grc' dir='ltr'>ὄντων</span> <span class='ocrx_word' id='word_1_695' title='bbox 3165 3202 3234 3255; x_wconf 74' lang='grc' dir='ltr'>ὲκ</span> <span class='ocrx_word' id='word_1_696' title='bbox 3254 3201 3344 3254; x_wconf 78' lang='grc' dir='ltr'><strong>τοῦ</strong></span> <span class='ocrx_word' id='word_1_697' title='bbox 3367 3204 3539 3256; x_wconf 85' lang='grc' dir='ltr'>κακοῦ</span> <span class='ocrx_word' id='word_1_698' title='bbox 3559 3222 3571 3233; x_wconf 80' lang='grc'><em>’</em></span> <span class='ocrx_word' id='word_1_699' title='bbox 3600 3206 3704 3257; x_wconf 75' lang='grc' dir='ltr'>καὶ</span> 
     </span>
    </p>
   </div>
   <div class='ocr_carea' id='block_1_83' title="bbox 2122 3292 3704 3365">
    <p class='ocr_par' dir='ltr' id='par_1_83' title="bbox 2122 3292 3704 3365">
     <span class='ocr_line' id='line_1_83' title="bbox 2122 3292 3704 3365; baseline 0.003 -21"><span class='ocrx_word' id='word_1_700' title='bbox 2122 3293 2243 3347; x_wconf 79' lang='grc' dir='ltr'>οὐδὲ</span> <span class='ocrx_word' id='word_1_701' title='bbox 2278 3295 2409 3347; x_wconf 62' lang='lat' dir='ltr'><strong>ait?)</strong></span> <span class='ocrx_word' id='word_1_702' title='bbox 2438 3293 2589 3346; x_wconf 73' lang='grc' dir='ltr'>ἔσται</span> <span class='ocrx_word' id='word_1_703' title='bbox 2614 3292 2659 3323; x_wconf 80' lang='grc'><strong>⁷⁸</strong></span> <span class='ocrx_word' id='word_1_704' title='bbox 2692 3293 2753 3345; x_wconf 80' lang='grc' dir='ltr'><strong>τὸ</strong></span> <span class='ocrx_word' id='word_1_705' title='bbox 2778 3293 2964 3357; x_wconf 84' lang='grc' dir='ltr'>κακὸν,</span> <span class='ocrx_word' id='word_1_706' title='bbox 3008 3292 3162 3363; x_wconf 75' lang='grc' dir='ltr'>εἴπερ</span> <span class='ocrx_word' id='word_1_707' title='bbox 3205 3294 3297 3345; x_wconf 80' lang='grc' dir='ltr'>καὶ</span> <span class='ocrx_word' id='word_1_708' title='bbox 3318 3294 3491 3365; x_wconf 79' lang='grc' dir='ltr'>ἑαυτῷ</span> <span class='ocrx_word' id='word_1_709' title='bbox 3526 3297 3704 3348; x_wconf 74' lang='grc' dir='ltr'>κακὸν</span> 
     </span>
    </p>
   </div>
   <div class='ocr_carea' id='block_1_84' title="bbox 2124 3384 3703 3458">
    <p class='ocr_par' dir='ltr' id='par_1_84' title="bbox 2124 3384 3703 3458">
     <span class='ocr_line' id='line_1_84' title="bbox 2124 3384 3703 3458; baseline 0 -19"><span class='ocrx_word' id='word_1_710' title='bbox 2124 3387 2229 3458; x_wconf 75' lang='grc' dir='ltr'>εἴη,</span> <span class='ocrx_word' id='word_1_711' title='bbox 2264 3386 2374 3439; x_wconf 75' lang='grc' dir='ltr'><strong>Καὶ</strong></span> <span class='ocrx_word' id='word_1_712' title='bbox 2423 3388 2471 3439; x_wconf 81' lang='grc' dir='ltr'>εἰ</span> <span class='ocrx_word' id='word_1_713' title='bbox 2509 3385 2583 3457; x_wconf 82' lang='grc' dir='ltr'><strong>μὴ</strong></span> <span class='ocrx_word' id='word_1_714' title='bbox 2637 3384 2813 3447; x_wconf 87' lang='grc' dir='ltr'>τοῦτο,</span> <span class='ocrx_word' id='word_1_715' title='bbox 2865 3385 2923 3436; x_wconf 83' lang='grc' dir='ltr'><strong>ού</strong></span> <span class='ocrx_word' id='word_1_716' title='bbox 2972 3385 3142 3452; x_wconf 82' lang='grc' dir='ltr'>πάντη</span> <span class='ocrx_word' id='word_1_717' title='bbox 3197 3385 3363 3438; x_wconf 81' lang='grc' dir='ltr'>κακὸν</span> <span class='ocrx_word' id='word_1_718' title='bbox 3398 3385 3459 3438; x_wconf 81' lang='grc' dir='ltr'>τὺ</span> <span class='ocrx_word' id='word_1_719' title='bbox 3501 3388 3703 3451; x_wconf 70' lang='grc' dir='ltr'>κακὸν,</span> 
     </span>
    </p>
   </div>
   <div class='ocr_carea' id='block_1_85' title="bbox 2124 3475 3702 3550">
    <p class='ocr_par' dir='ltr' id='par_1_85' title="bbox 2124 3475 3702 3550">
     <span class='ocr_line' id='line_1_85' title="bbox 2124 3475 3702 3550; baseline 0.001 -19"><span class='ocrx_word' id='word_1_720' title='bbox 2124 3479 2238 3531; x_wconf 84' lang='grc' dir='ltr'>ἀλλ’</span> <span class='ocrx_word' id='word_1_721' title='bbox 2273 3479 2386 3548; x_wconf 81' lang='grc' dir='ltr'>ἔχει</span> <span class='ocrx_word' id='word_1_722' title='bbox 2415 3477 2537 3529; x_wconf 80' lang='grc' dir='ltr'>τινὰ</span> <span class='ocrx_word' id='word_1_723' title='bbox 2559 3475 2819 3544; x_wconf 85' lang='grc' dir='ltr'>τάγαθοῦ,</span> <span class='ocrx_word' id='word_1_724' title='bbox 2850 3475 2971 3528; x_wconf 78' lang='grc' dir='ltr'>καθ’</span> <span class='ocrx_word' id='word_1_725' title='bbox 3003 3476 3067 3544; x_wconf 78' lang='grc' dir='ltr'>ἢν</span> <span class='ocrx_word' id='word_1_726' title='bbox 3110 3475 3245 3539; x_wconf 79' lang='grc' dir='ltr'>ὅλως</span> <span class='ocrx_word' id='word_1_727' title='bbox 3288 3476 3425 3539; x_wconf 75' lang='grc' dir='ltr'>ἐστὶ,</span> <span class='ocrx_word' id='word_1_728' title='bbox 3474 3480 3702 3550; x_wconf 81' lang='grc' dir='ltr'>μοῖραν.</span> 
     </span>
    </p>
   </div>
   <div class='ocr_carea' id='block_1_86' title="bbox 2125 3565 3707 3635">
    <p class='ocr_par' dir='ltr' id='par_1_86' title="bbox 2125 3565 3707 3635">
     <span class='ocr_line' id='line_1_86' title="bbox 2125 3565 3707 3635; baseline -0.001 -12"><span class='ocrx_word' id='word_1_729' title='bbox 2125 3572 2233 3623; x_wconf 74' lang='grc' dir='ltr'><strong>Καὶ</strong></span> <span class='ocrx_word' id='word_1_730' title='bbox 2262 3569 2400 3622; x_wconf 58' lang='lat' dir='ltr'><strong>sua</strong></span> <span class='ocrx_word' id='word_1_731' title='bbox 2431 3569 2559 3621; x_wconf 75' lang='grc' dir='ltr'>ὄντα</span> <span class='ocrx_word' id='word_1_732' title='bbox 2599 3567 2693 3621; x_wconf 89' lang='grc' dir='ltr'><strong>τοῦ</strong></span> <span class='ocrx_word' id='word_1_733' title='bbox 2733 3566 2894 3620; x_wconf 81' lang='grc' dir='ltr'>καλοῦ</span> <span class='ocrx_word' id='word_1_734' title='bbox 2941 3567 3033 3619; x_wconf 79' lang='grc' dir='ltr'>καὶ</span> <span class='ocrx_word' id='word_1_735' title='bbox 3077 3565 3279 3635; x_wconf 87' lang='grc' dir='ltr'>ἀγαθοῦ</span> <span class='ocrx_word' id='word_1_736' title='bbox 3332 3568 3562 3635; x_wconf 73' lang='grc' dir='ltr'>ἐφίεται,</span> <span class='ocrx_word' id='word_1_737' title='bbox 3601 3571 3707 3621; x_wconf 71' lang='grc' dir='ltr'>καὶ</span> 
     </span>
    </p>
   </div>
   <div class='ocr_carea' id='block_1_87' title="bbox 2126 3658 3703 3727">
    <p class='ocr_par' dir='ltr' id='par_1_87' title="bbox 2126 3658 3703 3727">
     <span class='ocr_line' id='line_1_87' title="bbox 2126 3658 3703 3727; baseline -0.002 -14"><span class='ocrx_word' id='word_1_738' title='bbox 2126 3662 2299 3715; x_wconf 73' lang='grc' dir='ltr'>πάντα</span> <span class='ocrx_word' id='word_1_739' title='bbox 2338 3662 2435 3714; x_wconf 85' lang='grc' dir='ltr'>ὃσα</span> <span class='ocrx_word' id='word_1_740' title='bbox 2465 3663 2607 3714; x_wconf 84' lang='grc' dir='ltr'>ποιεῖ</span> <span class='ocrx_word' id='word_1_741' title='bbox 2636 3659 2722 3713; x_wconf 88' lang='grc' dir='ltr'>διά</span> <span class='ocrx_word' id='word_1_742' title='bbox 2748 3659 2808 3711; x_wconf 84' lang='grc' dir='ltr'>τὸ</span> <span class='ocrx_word' id='word_1_743' title='bbox 2828 3658 3016 3711; x_wconf 86' lang='grc' dir='ltr'>δοκοῦν</span> <span class='ocrx_word' id='word_1_744' title='bbox 3044 3658 3243 3727; x_wconf 75' lang='grc' dir='ltr'>ἀγαθὸν</span> <span class='ocrx_word' id='word_1_745' title='bbox 3282 3661 3443 3719; x_wconf 76' lang='grc' dir='ltr'>ποιεῖ,</span> <span class='ocrx_word' id='word_1_746' title='bbox 3468 3660 3565 3712; x_wconf 74' lang='grc' dir='ltr'>καὶ</span> <span class='ocrx_word' id='word_1_747' title='bbox 3590 3662 3703 3722; x_wconf 76' lang='grc' dir='ltr'>πςῖς</span> 
     </span>
    </p>
   </div>
   <div class='ocr_carea' id='block_1_88' title="bbox 2125 3750 3704 3823">
    <p class='ocr_par' dir='ltr' id='par_1_88' title="bbox 2125 3750 3704 3823">
     <span class='ocr_line' id='line_1_88' title="bbox 2125 3750 3704 3823; baseline -0.003 -14"><span class='ocrx_word' id='word_1_748' title='bbox 2125 3758 2153 3810; x_wconf 85' lang='grc' dir='ltr'><strong>ὁ</strong></span> <span class='ocrx_word' id='word_1_749' title='bbox 2180 3755 2288 3808; x_wconf 84' lang='grc' dir='ltr'><strong>τῶν</strong></span> <span class='ocrx_word' id='word_1_750' title='bbox 2337 3754 2502 3807; x_wconf 76' lang='grc' dir='ltr'>ὄντων</span> <span class='ocrx_word' id='word_1_751' title='bbox 2538 3752 2737 3815; x_wconf 80' lang='grc' dir='ltr'>σκοπὸς</span> <span class='ocrx_word' id='word_1_752' title='bbox 2776 3752 2948 3823; x_wconf 80' lang='grc' dir='ltr'>ἀρχὴν</span> <span class='ocrx_word' id='word_1_753' title='bbox 2978 3752 3089 3821; x_wconf 75' lang='grc' dir='ltr'>ἔχει</span> <span class='ocrx_word' id='word_1_754' title='bbox 3130 3752 3223 3804; x_wconf 71' lang='grc' dir='ltr'>καὶ</span> <span class='ocrx_word' id='word_1_755' title='bbox 3259 3750 3409 3815; x_wconf 84' lang='grc' dir='ltr'>τέλος</span> <span class='ocrx_word' id='word_1_756' title='bbox 3436 3752 3704 3818; x_wconf 75' lang='grc' dir='ltr'>τάγαθὸν,</span> 
     </span>
    </p>
   </div>
   <div class='ocr_carea' id='block_1_89' title="bbox 2128 3843 3702 3919">
    <p class='ocr_par' dir='ltr' id='par_1_89' title="bbox 2128 3843 3702 3919">
     <span class='ocr_line' id='line_1_89' title="bbox 2128 3843 3702 3919; baseline -0.001 -18"><span class='ocrx_word' id='word_1_757' title='bbox 2128 3848 2298 3919; x_wconf 81' lang='grc' dir='ltr'>(οὐδὲν</span> <span class='ocrx_word' id='word_1_758' title='bbox 2323 3849 2363 3878; x_wconf 87' lang='grc'><strong>⁷¹</strong></span> <span class='ocrx_word' id='word_1_759' title='bbox 2390 3845 2519 3917; x_wconf 79' lang='grc' dir='ltr'>γὰρ,</span> <span class='ocrx_word' id='word_1_760' title='bbox 2571 3848 2650 3909; x_wconf 76' lang='grc' dir='ltr'>εἰς</span> <span class='ocrx_word' id='word_1_761' title='bbox 2678 3846 2776 3915; x_wconf 78' lang='grc' dir='ltr'><strong>τὴν</strong></span> <span class='ocrx_word' id='word_1_762' title='bbox 2813 3844 2906 3897; x_wconf 79' lang='grc' dir='ltr'><strong>τοῦ</strong></span> <span class='ocrx_word' id='word_1_763' title='bbox 2953 3843 3123 3897; x_wconf 84' lang='grc' dir='ltr'>κακοῦ</span> <span class='ocrx_word' id='word_1_764' title='bbox 3166 3844 3325 3913; x_wconf 83' lang='grc' dir='ltr'>φύσιν</span> <span class='ocrx_word' id='word_1_765' title='bbox 3363 3844 3702 3905; x_wconf 78' lang='grc' dir='ltr'>ἀποϐλέπον,</span> 
     </span>
    </p>
   </div>
   <div class='ocr_carea' id='block_1_90' title="bbox 2128 3931 3705 4009">
    <p class='ocr_par' dir='ltr' id='par_1_90' title="bbox 2128 3931 3705 4009">
     <span class='ocr_line' id='line_1_90' title="bbox 2128 3931 3705 4009; baseline -0.003 -18"><span class='ocrx_word' id='word_1_766' title='bbox 2128 3941 2270 3992; x_wconf 88' lang='grc' dir='ltr'>ποιεῖ</span> <span class='ocrx_word' id='word_1_767' title='bbox 2296 3937 2331 3991; x_wconf 74' lang='grc' dir='ltr'><strong>ἃ</strong></span> <span class='ocrx_word' id='word_1_768' title='bbox 2361 3936 2552 4007; x_wconf 85' lang='grc' dir='ltr'>ποιεῖ·)</span> <span class='ocrx_word' id='word_1_769' title='bbox 2580 3937 2695 3999; x_wconf 81' lang='grc' dir='ltr'><strong>πῶς</strong></span> <span class='ocrx_word' id='word_1_770' title='bbox 2738 3936 2888 3987; x_wconf 79' lang='grc' dir='ltr'>ἔσται</span> <span class='ocrx_word' id='word_1_771' title='bbox 2918 3936 2980 3988; x_wconf 82' lang='grc' dir='ltr'><strong>τὸ</strong></span> <span class='ocrx_word' id='word_1_772' title='bbox 3021 3936 3188 3989; x_wconf 77' lang='grc' dir='ltr'>κακὸν</span> <span class='ocrx_word' id='word_1_773' title='bbox 3225 3938 3281 3989; x_wconf 83' lang='grc' dir='ltr'>ὲν</span> <span class='ocrx_word' id='word_1_774' title='bbox 3323 3938 3435 3998; x_wconf 83' lang='grc' dir='ltr'>τοῖς</span> <span class='ocrx_word' id='word_1_775' title='bbox 3463 3931 3636 3997; x_wconf 76' lang='grc' dir='ltr'>οὖσιν,</span> <span class='ocrx_word' id='word_1_776' title='bbox 3664 3940 3705 4009; x_wconf 74' lang='grc' dir='ltr'>ἦ</span> 
     </span>
    </p>
   </div>
   <div class='ocr_carea' id='block_1_91' title="bbox 2127 4024 3706 4096">
    <p class='ocr_par' dir='ltr' id='par_1_91' title="bbox 2127 4024 3706 4096">
     <span class='ocr_line' id='line_1_91' title="bbox 2127 4024 3706 4096; baseline -0.004 -15"><span class='ocrx_word' id='word_1_777' title='bbox 2127 4028 2260 4091; x_wconf 80' lang='grc' dir='ltr'>ὅλως</span> <span class='ocrx_word' id='word_1_778' title='bbox 2285 4028 2345 4080; x_wconf 83' lang='grc' dir='ltr'>ὃν</span> <span class='ocrx_word' id='word_1_779' title='bbox 2372 4027 2471 4096; x_wconf 78' lang='grc' dir='ltr'><strong>τῆς</strong></span> <span class='ocrx_word' id='word_1_780' title='bbox 2497 4026 2749 4096; x_wconf 80' lang='grc' dir='ltr'>τοιαύτης</span> <span class='ocrx_word' id='word_1_781' title='bbox 2797 4025 3005 4093; x_wconf 82' lang='grc' dir='ltr'>ἀγαθῆς</span> <span class='ocrx_word' id='word_1_782' title='bbox 3050 4024 3277 4095; x_wconf 85' lang='grc' dir='ltr'>ὀρέξεως</span> <span class='ocrx_word' id='word_1_783' title='bbox 3296 4024 3341 4054; x_wconf 83' lang='grc'>⁷¹</span> <span class='ocrx_word' id='word_1_784' title='bbox 3370 4026 3706 4095; x_wconf 73' lang='grc' dir='ltr'>παρῃρημέ-</span> 
     </span>
    </p>
   </div>
   <div class='ocr_carea' id='block_1_92' title="bbox 2128 4113 3705 4184">
    <p class='ocr_par' dir='ltr' id='par_1_92' title="bbox 2128 4113 3705 4184">
     <span class='ocr_line' id='line_1_92' title="bbox 2128 4113 3705 4184; baseline -0.003 -12"><span class='ocrx_word' id='word_1_785' title='bbox 2128 4137 2259 4184; x_wconf 88' lang='grc' dir='ltr'>νον;</span> <span class='ocrx_word' id='word_1_786' title='bbox 2298 4118 2407 4170; x_wconf 68' lang='grc' dir='ltr'><strong>Καὶ</strong></span> <span class='ocrx_word' id='word_1_787' title='bbox 2432 4119 2478 4170; x_wconf 80' lang='grc' dir='ltr'>ει</span> <span class='ocrx_word' id='word_1_788' title='bbox 2510 4117 2577 4170; x_wconf 75' lang='grc' dir='ltr'><strong>τὰ</strong></span> <span class='ocrx_word' id='word_1_789' title='bbox 2607 4117 2732 4169; x_wconf 77' lang='grc' dir='ltr'>ὄντα</span> <span class='ocrx_word' id='word_1_790' title='bbox 2779 4115 2955 4168; x_wconf 83' lang='grc' dir='ltr'>πάντα</span> <span class='ocrx_word' id='word_1_791' title='bbox 2992 4117 3055 4168; x_wconf 85' lang='grc' dir='ltr'>ὲκ</span> <span class='ocrx_word' id='word_1_792' title='bbox 3080 4113 3338 4182; x_wconf 85' lang='grc' dir='ltr'>τάγαθοῦ,</span> <span class='ocrx_word' id='word_1_793' title='bbox 3383 4114 3475 4166; x_wconf 71' lang='grc' dir='ltr'>καὶ</span> <span class='ocrx_word' id='word_1_794' title='bbox 3522 4116 3705 4180; x_wconf 78' lang='grc' dir='ltr'>τάγα-</span> 
     </span>
    </p>
   </div>
   <div class='ocr_carea' id='block_1_93' title="bbox 2128 4204 3709 4276">
    <p class='ocr_par' dir='ltr' id='par_1_93' title="bbox 2128 4204 3709 4276">
     <span class='ocr_line' id='line_1_93' title="bbox 2128 4204 3709 4276; baseline -0.003 -13"><span class='ocrx_word' id='word_1_795' title='bbox 2128 4211 2218 4263; x_wconf 80' lang='grc' dir='ltr'><strong>θὸν</strong></span> <span class='ocrx_word' id='word_1_796' title='bbox 2240 4211 2284 4241; x_wconf 85' lang='grc'><strong>⁷³</strong></span> <span class='ocrx_word' id='word_1_797' title='bbox 2309 4209 2561 4261; x_wconf 79' lang='grc' dir='ltr'>ἐπέκεινα</span> <span class='ocrx_word' id='word_1_798' title='bbox 2600 4208 2707 4260; x_wconf 86' lang='grc' dir='ltr'><strong>τῶν</strong></span> <span class='ocrx_word' id='word_1_799' title='bbox 2753 4207 2940 4270; x_wconf 76' lang='grc' dir='ltr'>ὄντων,</span> <span class='ocrx_word' id='word_1_800' title='bbox 2988 4206 3103 4257; x_wconf 78' lang='grc' dir='ltr'>ἐστι</span> <span class='ocrx_word' id='word_1_801' title='bbox 3153 4207 3248 4276; x_wconf 82' lang='grc' dir='ltr'><strong>μὲν</strong></span> <span class='ocrx_word' id='word_1_802' title='bbox 3276 4207 3332 4257; x_wconf 82' lang='grc' dir='ltr'><strong>ἐν</strong></span> <span class='ocrx_word' id='word_1_803' title='bbox 3356 4204 3577 4274; x_wconf 77' lang='grc' dir='ltr'>τάγαθῷ</span> <span class='ocrx_word' id='word_1_804' title='bbox 3607 4208 3709 4258; x_wconf 78' lang='grc' dir='ltr'><strong>καὶ</strong></span> 
     </span>
    </p>
   </div>
   <div class='ocr_carea' id='block_1_94' title="bbox 2127 4294 3704 4371">
    <p class='ocr_par' dir='ltr' id='par_1_94' title="bbox 2127 4294 3704 4371">
     <span class='ocr_line' id='line_1_94' title="bbox 2127 4294 3704 4371; baseline -0.003 -18"><span class='ocrx_word' id='word_1_805' title='bbox 2127 4302 2189 4354; x_wconf 83' lang='grc' dir='ltr'><strong>τὸ</strong></span> <span class='ocrx_word' id='word_1_806' title='bbox 2220 4300 2292 4371; x_wconf 82' lang='grc' dir='ltr'><strong>μὴ</strong></span> <span class='ocrx_word' id='word_1_807' title='bbox 2318 4299 2396 4362; x_wconf 82' lang='grc' dir='ltr'>ὃν,</span> <span class='ocrx_word' id='word_1_808' title='bbox 2426 4298 2484 4371; x_wconf 73' lang='grc' dir='ltr'>δν</span> <span class='ocrx_word' id='word_1_809' title='bbox 2506 4316 2518 4328; x_wconf 90' lang='grc'><strong>·</strong></span> <span class='ocrx_word' id='word_1_810' title='bbox 2552 4298 2612 4350; x_wconf 83' lang='grc' dir='ltr'><strong>τὸ</strong></span> <span class='ocrx_word' id='word_1_811' title='bbox 2636 4298 2693 4350; x_wconf 81' lang='grc' dir='ltr'>δὲ</span> <span class='ocrx_word' id='word_1_812' title='bbox 2731 4297 2898 4349; x_wconf 81' lang='grc' dir='ltr'>κακὸν</span> <span class='ocrx_word' id='word_1_813' title='bbox 2933 4294 3055 4347; x_wconf 71' lang='grc' dir='ltr'>οὔτε</span> <span class='ocrx_word' id='word_1_814' title='bbox 3078 4295 3137 4359; x_wconf 74' lang='grc' dir='ltr'>ὅν</span> <span class='ocrx_word' id='word_1_815' title='bbox 3159 4298 3319 4347; x_wconf 75' lang='grc' dir='ltr'>ἐστιν·</span> <span class='ocrx_word' id='word_1_816' title='bbox 3356 4298 3402 4347; x_wconf 73' lang='grc' dir='ltr'>εἰ</span> <span class='ocrx_word' id='word_1_817' title='bbox 3427 4296 3480 4346; x_wconf 82' lang='grc' dir='ltr'>δὲ</span> <span class='ocrx_word' id='word_1_818' title='bbox 3507 4295 3606 4366; x_wconf 79' lang='grc' dir='ltr'><strong>μὴ,</strong></span> <span class='ocrx_word' id='word_1_819' title='bbox 3636 4299 3704 4349; x_wconf 77' lang='grc' dir='ltr'><strong>οῦ</strong></span> 
     </span>
    </p>
   </div>
   <div class='ocr_carea' id='block_1_95' title="bbox 2132 4386 3710 4463">
    <p class='ocr_par' dir='ltr' id='par_1_95' title="bbox 2132 4386 3710 4463">
     <span class='ocr_line' id='line_1_95' title="bbox 2132 4386 3710 4463; baseline -0.001 -20"><span class='ocrx_word' id='word_1_820' title='bbox 2132 4393 2305 4463; x_wconf 85' lang='grc' dir='ltr'>πάντη</span> <span class='ocrx_word' id='word_1_821' title='bbox 2331 4390 2495 4443; x_wconf 83' lang='grc' dir='ltr'>κακὸν</span> <span class='ocrx_word' id='word_1_822' title='bbox 2536 4388 2659 4441; x_wconf 75' lang='grc' dir='ltr'>οὗτε</span> <span class='ocrx_word' id='word_1_823' title='bbox 2711 4389 2783 4460; x_wconf 83' lang='grc' dir='ltr'>μὴ</span> <span class='ocrx_word' id='word_1_824' title='bbox 2821 4388 2908 4441; x_wconf 81' lang='grc' dir='ltr'><strong>ὅν·</strong></span> <span class='ocrx_word' id='word_1_825' title='bbox 2942 4389 3093 4440; x_wconf 77' lang='grc' dir='ltr'>οὐδὲν</span> <span class='ocrx_word' id='word_1_826' title='bbox 3138 4387 3245 4458; x_wconf 81' lang='grc' dir='ltr'><strong>γὰρ</strong></span> <span class='ocrx_word' id='word_1_827' title='bbox 3282 4387 3427 4440; x_wconf 79' lang='grc' dir='ltr'>ἔσται</span> <span class='ocrx_word' id='word_1_828' title='bbox 3454 4386 3515 4439; x_wconf 81' lang='grc' dir='ltr'><strong>τὸ</strong></span> <span class='ocrx_word' id='word_1_829' title='bbox 3548 4390 3710 4442; x_wconf 75' lang='grc' dir='ltr'>καθύ-</span> 
     </span>
    </p>
   </div>
   <div class='ocr_carea' id='block_1_96' title="bbox 2132 4477 3709 4552">
    <p class='ocr_par' dir='ltr' id='par_1_96' title="bbox 2132 4477 3709 4552">
     <span class='ocr_line' id='line_1_96' title="bbox 2132 4477 3709 4552; baseline -0.003 -17"><span class='ocrx_word' id='word_1_830' title='bbox 2132 4483 2224 4535; x_wconf 80' lang='grc' dir='ltr'><strong>λου</strong></span> <span class='ocrx_word' id='word_1_831' title='bbox 2260 4482 2331 4552; x_wconf 83' lang='grc' dir='ltr'><strong>μὴ</strong></span> <span class='ocrx_word' id='word_1_832' title='bbox 2358 4482 2435 4544; x_wconf 79' lang='grc' dir='ltr'>ὃν,</span> <span class='ocrx_word' id='word_1_833' title='bbox 2468 4482 2513 4533; x_wconf 84' lang='grc' dir='ltr'>εἰ</span> <span class='ocrx_word' id='word_1_834' title='bbox 2554 4479 2627 4550; x_wconf 84' lang='grc' dir='ltr'><strong>μὴ</strong></span> <span class='ocrx_word' id='word_1_835' title='bbox 2670 4480 2725 4531; x_wconf 82' lang='grc' dir='ltr'>ὲν</span> <span class='ocrx_word' id='word_1_836' title='bbox 2762 4477 2981 4548; x_wconf 85' lang='grc' dir='ltr'>τάγαθῷ</span> <span class='ocrx_word' id='word_1_837' title='bbox 3007 4478 3148 4531; x_wconf 84' lang='grc' dir='ltr'>κατὰ</span> <span class='ocrx_word' id='word_1_838' title='bbox 3178 4477 3237 4530; x_wconf 83' lang='grc' dir='ltr'><strong>τὸ</strong></span> <span class='ocrx_word' id='word_1_839' title='bbox 3265 4477 3587 4547; x_wconf 79' lang='grc' dir='ltr'>ύπερούσιον</span> <span class='ocrx_word' id='word_1_840' title='bbox 3623 4478 3709 4531; x_wconf 76' lang='grc' dir='ltr'>λέ-</span> 
     </span>
    </p>
   </div>
   <div class='ocr_carea' id='block_1_97' title="bbox 2132 4562 3712 4637">
    <p class='ocr_par' dir='ltr' id='par_1_97' title="bbox 2132 4562 3712 4637">
     <span class='ocr_line' id='line_1_97' title="bbox 2132 4562 3712 4637; baseline 0 -17"><span class='ocrx_word' id='word_1_841' title='bbox 2132 4585 2297 4636; x_wconf 89' lang='grc' dir='ltr'>γοιτο.</span> <span class='ocrx_word' id='word_1_842' title='bbox 2330 4569 2375 4599; x_wconf 71' lang='grc'><strong>⁷⁸</strong></span> <span class='ocrx_word' id='word_1_843' title='bbox 2398 4568 2469 4619; x_wconf 85' lang='grc' dir='ltr'><strong>Τὸ</strong></span> <span class='ocrx_word' id='word_1_844' title='bbox 2501 4567 2598 4637; x_wconf 81' lang='grc' dir='ltr'>μὲν</span> <span class='ocrx_word' id='word_1_845' title='bbox 2620 4562 2711 4619; x_wconf 81' lang='grc' dir='ltr'><strong>οῦν</strong></span> <span class='ocrx_word' id='word_1_846' title='bbox 2735 4566 2934 4633; x_wconf 82' lang='grc' dir='ltr'>ἀγαθὸν</span> <span class='ocrx_word' id='word_1_847' title='bbox 2963 4564 3116 4619; x_wconf 79' lang='grc' dir='ltr'>ἔσται</span> <span class='ocrx_word' id='word_1_848' title='bbox 3144 4566 3235 4619; x_wconf 81' lang='grc' dir='ltr'><strong>καὶ</strong></span> <span class='ocrx_word' id='word_1_849' title='bbox 3276 4564 3369 4618; x_wconf 89' lang='grc' dir='ltr'><strong>τοῦ</strong></span> <span class='ocrx_word' id='word_1_850' title='bbox 3416 4566 3605 4630; x_wconf 81' lang='grc' dir='ltr'>ἁπλῶς</span> <span class='ocrx_word' id='word_1_851' title='bbox 3625 4568 3712 4620; x_wconf 78' lang='grc' dir='ltr'><strong>δν-</strong></span> 
     </span>
    </p>
   </div>
   <div class='ocr_carea' id='block_1_98' title="bbox 2132 4654 3705 4727">
    <p class='ocr_par' dir='ltr' id='par_1_98' title="bbox 2132 4654 3705 4727">
     <span class='ocr_line' id='line_1_98' title="bbox 2132 4654 3705 4727; baseline 0.001 -17"><span class='ocrx_word' id='word_1_852' title='bbox 2132 4675 2222 4721; x_wconf 84' lang='grc' dir='ltr'><strong>τος</strong></span> <span class='ocrx_word' id='word_1_853' title='bbox 2244 4658 2335 4710; x_wconf 80' lang='lat' dir='ltr'><strong>xal.</strong></span> <span class='ocrx_word' id='word_1_854' title='bbox 2363 4656 2456 4709; x_wconf 88' lang='grc' dir='ltr'><strong>τοῦ</strong></span> <span class='ocrx_word' id='word_1_855' title='bbox 2491 4656 2563 4727; x_wconf 77' lang='grc' dir='ltr'><strong>μὴ</strong></span> <span class='ocrx_word' id='word_1_856' title='bbox 2585 4656 2734 4719; x_wconf 77' lang='grc' dir='ltr'>ὄντος</span> <span class='ocrx_word' id='word_1_857' title='bbox 2761 4654 2936 4724; x_wconf 82' lang='grc' dir='ltr'>πολλῷ</span> <span class='ocrx_word' id='word_1_858' title='bbox 2963 4656 3223 4726; x_wconf 84' lang='grc' dir='ltr'>πρότερον</span> <span class='ocrx_word' id='word_1_859' title='bbox 3253 4654 3510 4725; x_wconf 78' lang='grc' dir='ltr'>ὑπεριδρυ</span> <span class='ocrx_word' id='word_1_860' title='bbox 3520 4658 3705 4726; x_wconf 80' lang='grc' dir='ltr'>μένον.</span> 
     </span>
    </p>
   </div>
   <div class='ocr_carea' id='block_1_99' title="bbox 2138 4742 3710 4819">
    <p class='ocr_par' dir='ltr' id='par_1_99' title="bbox 2138 4742 3710 4819">
     <span class='ocr_line' id='line_1_99' title="bbox 2138 4742 3710 4819; baseline -0.003 -17"><span class='ocrx_word' id='word_1_861' title='bbox 2138 4749 2211 4802; x_wconf 91' lang='grc' dir='ltr'>Τὸ</span> <span class='ocrx_word' id='word_1_862' title='bbox 2249 4749 2304 4801; x_wconf 83' lang='grc' dir='ltr'>δὲ</span> <span class='ocrx_word' id='word_1_863' title='bbox 2334 4748 2498 4801; x_wconf 82' lang='grc' dir='ltr'>κακὸν</span> <span class='ocrx_word' id='word_1_864' title='bbox 2537 4747 2658 4800; x_wconf 76' lang='grc' dir='ltr'>οὔτε</span> <span class='ocrx_word' id='word_1_865' title='bbox 2688 4749 2745 4799; x_wconf 83' lang='grc' dir='ltr'><strong>έν</strong></span> <span class='ocrx_word' id='word_1_866' title='bbox 2781 4750 2893 4810; x_wconf 87' lang='grc' dir='ltr'>τοῖς</span> <span class='ocrx_word' id='word_1_867' title='bbox 2941 4742 3108 4809; x_wconf 84' lang='grc' dir='ltr'>οὖσιν,</span> <span class='ocrx_word' id='word_1_868' title='bbox 3141 4745 3261 4799; x_wconf 75' lang='grc' dir='ltr'>οὕτε</span> <span class='ocrx_word' id='word_1_869' title='bbox 3290 4748 3348 4799; x_wconf 84' lang='grc' dir='ltr'>ὲν</span> <span class='ocrx_word' id='word_1_870' title='bbox 3385 4751 3499 4812; x_wconf 84' lang='grc' dir='ltr'>τοῖς</span> <span class='ocrx_word' id='word_1_871' title='bbox 3516 4750 3594 4819; x_wconf 77' lang='grc' dir='ltr'>μὴ</span> <span class='ocrx_word' id='word_1_872' title='bbox 3622 4746 3710 4803; x_wconf 76' lang='grc' dir='ltr'><strong>οὗ.</strong></span> 
     </span>
    </p>
   </div>
   <div class='ocr_carea' id='block_1_100' title="bbox 2139 4836 3708 4909">
    <p class='ocr_par' dir='ltr' id='par_1_100' title="bbox 2139 4836 3708 4909">
     <span class='ocr_line' id='line_1_100' title="bbox 2139 4836 3708 4909; baseline 0.001 -17"><span class='ocrx_word' id='word_1_873' title='bbox 2139 4857 2240 4902; x_wconf 91' lang='grc' dir='ltr'>σιν,</span> <span class='ocrx_word' id='word_1_874' title='bbox 2276 4839 2408 4891; x_wconf 86' lang='grc' dir='ltr'><strong>ἀλλά</strong></span> <span class='ocrx_word' id='word_1_875' title='bbox 2443 4840 2537 4892; x_wconf 78' lang='grc' dir='ltr'>καὶ</span> <span class='ocrx_word' id='word_1_876' title='bbox 2565 4836 2727 4890; x_wconf 82' lang='grc' dir='ltr'>αὑτοῦ</span> <span class='ocrx_word' id='word_1_877' title='bbox 2758 4839 2803 4870; x_wconf 81' lang='grc'><strong>’⁷⁸</strong></span> <span class='ocrx_word' id='word_1_878' title='bbox 2832 4836 2924 4889; x_wconf 87' lang='grc' dir='ltr'><strong>τοῦ</strong></span> <span class='ocrx_word' id='word_1_879' title='bbox 2959 4836 3032 4907; x_wconf 83' lang='grc' dir='ltr'><strong>μὴ</strong></span> <span class='ocrx_word' id='word_1_880' title='bbox 3072 4836 3221 4899; x_wconf 84' lang='grc' dir='ltr'>ὄντος</span> <span class='ocrx_word' id='word_1_881' title='bbox 3274 4836 3469 4906; x_wconf 74' lang='grc' dir='ltr'>μᾶλλον</span> <span class='ocrx_word' id='word_1_882' title='bbox 3500 4840 3708 4909; x_wconf 81' lang='grc' dir='ltr'>ἀπέχον</span> 
     </span>
    </p>
   </div>
   <div class='ocr_carea' id='block_1_101' title="bbox 2138 4925 3709 4999">
    <p class='ocr_par' dir='ltr' id='par_1_101' title="bbox 2138 4925 3709 4999">
     <span class='ocr_line' id='line_1_101' title="bbox 2138 4925 3709 4999; baseline -0.001 -16"><span class='ocrx_word' id='word_1_883' title='bbox 2138 4928 2393 4997; x_wconf 86' lang='grc' dir='ltr'>τάγαθοῦ,</span> <span class='ocrx_word' id='word_1_884' title='bbox 2426 4928 2700 4999; x_wconf 83' lang='grc' dir='ltr'>ἀλλότριον</span> <span class='ocrx_word' id='word_1_885' title='bbox 2726 4928 2774 4959; x_wconf 79' lang='grc'><strong>⁷⁸</strong></span> <span class='ocrx_word' id='word_1_886' title='bbox 2809 4926 2903 4979; x_wconf 79' lang='grc' dir='ltr'><strong>καὶ</strong></span> <span class='ocrx_word' id='word_1_887' title='bbox 2949 4925 3355 4996; x_wconf 83' lang='grc' dir='ltr'>ἀνουσιὼτερον.</span> <span class='ocrx_word' id='word_1_888' title='bbox 3396 4927 3572 4981; x_wconf 86' lang='grc' dir='ltr'>Πόθεν</span> <span class='ocrx_word' id='word_1_889' title='bbox 3612 4926 3709 4982; x_wconf 65' lang='grc' dir='ltr'><strong>οὖν</strong></span> 
     </span>
    </p>
   </div>
   <div class='ocr_carea' id='block_1_102' title="bbox 2137 5014 3705 5086">
    <p class='ocr_par' dir='ltr' id='par_1_102' title="bbox 2137 5014 3705 5086">
     <span class='ocr_line' id='line_1_102' title="bbox 2137 5014 3705 5086; baseline 0.001 -15"><span class='ocrx_word' id='word_1_890' title='bbox 2137 5022 2253 5072; x_wconf 77' lang='grc' dir='ltr'>ἐστι</span> <span class='ocrx_word' id='word_1_891' title='bbox 2273 5019 2334 5071; x_wconf 81' lang='grc' dir='ltr'><strong>τὸ</strong></span> <span class='ocrx_word' id='word_1_892' title='bbox 2361 5017 2526 5070; x_wconf 87' lang='grc' dir='ltr'>κακόν</span> <span class='ocrx_word' id='word_1_893' title='bbox 2553 5033 2567 5081; x_wconf 89' lang='grc'>;</span> <span class='ocrx_word' id='word_1_894' title='bbox 2599 5017 2739 5069; x_wconf 84' lang='grc' dir='ltr'>εῐποι</span> <span class='ocrx_word' id='word_1_895' title='bbox 2764 5032 2864 5078; x_wconf 90' lang='grc' dir='ltr'>τις.</span> <span class='ocrx_word' id='word_1_896' title='bbox 2894 5015 2958 5067; x_wconf 85' lang='grc' dir='ltr'><strong>Εἰ</strong></span> <span class='ocrx_word' id='word_1_897' title='bbox 2980 5014 3087 5086; x_wconf 83' lang='grc' dir='ltr'><strong>γὰρ</strong></span> <span class='ocrx_word' id='word_1_898' title='bbox 3124 5015 3198 5085; x_wconf 82' lang='grc' dir='ltr'><strong>μὴ</strong></span> <span class='ocrx_word' id='word_1_899' title='bbox 3246 5014 3360 5067; x_wconf 78' lang='grc' dir='ltr'>ἐστι</span> <span class='ocrx_word' id='word_1_900' title='bbox 3401 5016 3465 5068; x_wconf 81' lang='grc' dir='ltr'>τὸ</span> <span class='ocrx_word' id='word_1_901' title='bbox 3511 5020 3705 5083; x_wconf 81' lang='grc' dir='ltr'>κακὸν,</span> 
     </span>
    </p>
   </div>
   <div class='ocr_carea' id='block_1_103' title="bbox 2141 5106 3707 5181">
    <p class='ocr_par' dir='ltr' id='par_1_103' title="bbox 2141 5106 3707 5181">
     <span class='ocr_line' id='line_1_103' title="bbox 2141 5106 3707 5181; baseline -0.003 -18"><span class='ocrx_word' id='word_1_902' title='bbox 2141 5109 2305 5181; x_wconf 86' lang='grc' dir='ltr'>ἀρετὴ</span> <span class='ocrx_word' id='word_1_903' title='bbox 2339 5110 2432 5162; x_wconf 74' lang='grc' dir='ltr'><strong>καὶ</strong></span> <span class='ocrx_word' id='word_1_904' title='bbox 2473 5108 2640 5161; x_wconf 85' lang='grc' dir='ltr'>κακία</span> <span class='ocrx_word' id='word_1_905' title='bbox 2667 5107 2883 5167; x_wconf 80' lang='grc' dir='ltr'>ταύτὸν,</span> <span class='ocrx_word' id='word_1_906' title='bbox 2934 5106 3028 5157; x_wconf 76' lang='grc' dir='ltr'><strong>καὶ</strong></span> <span class='ocrx_word' id='word_1_907' title='bbox 3060 5108 3093 5175; x_wconf 81' lang='grc' dir='ltr'><strong>ἡ</strong></span> <span class='ocrx_word' id='word_1_908' title='bbox 3127 5107 3274 5158; x_wconf 77' lang='grc' dir='ltr'>πᾶσα</span> <span class='ocrx_word' id='word_1_909' title='bbox 3306 5108 3369 5176; x_wconf 78' lang='grc' dir='ltr'>τῇ</span> <span class='ocrx_word' id='word_1_910' title='bbox 3399 5106 3516 5180; x_wconf 77' lang='grc' dir='ltr'>ὅλῃ,</span> <span class='ocrx_word' id='word_1_911' title='bbox 3549 5110 3647 5162; x_wconf 62' lang='grc' dir='ltr'>καὶ</span> <span class='ocrx_word' id='word_1_912' title='bbox 3670 5113 3707 5181; x_wconf 69' lang='grc' dir='ltr'><strong>ἡ</strong></span> 
     </span>
    </p>
   </div>
   <div class='ocr_carea' id='block_1_104' title="bbox 2138 5196 3715 5271">
    <p class='ocr_par' dir='ltr' id='par_1_104' title="bbox 2138 5196 3715 5271">
     <span class='ocr_line' id='line_1_104' title="bbox 2138 5196 3715 5271; baseline -0.01 -16"><span class='ocrx_word' id='word_1_913' title='bbox 2138 5204 2196 5255; x_wconf 83' lang='grc' dir='ltr'>ὲν</span> <span class='ocrx_word' id='word_1_914' title='bbox 2219 5201 2371 5271; x_wconf 81' lang='grc' dir='ltr'>μέρει</span> <span class='ocrx_word' id='word_1_915' title='bbox 2392 5202 2457 5270; x_wconf 82' lang='grc' dir='ltr'>τῇ</span> <span class='ocrx_word' id='word_1_916' title='bbox 2482 5198 2723 5267; x_wconf 85' lang='grc' dir='ltr'>ἀναλόγῳ</span> <span class='ocrx_word' id='word_1_917' title='bbox 2737 5198 2778 5228; x_wconf 87' lang='grc'>⁷⁷</span> <span class='ocrx_word' id='word_1_918' title='bbox 2797 5214 2810 5227; x_wconf 82' lang='grc'><em>’</em></span> <span class='ocrx_word' id='word_1_919' title='bbox 2849 5196 2882 5266; x_wconf 81' lang='grc' dir='ltr'>ἢ</span> <span class='ocrx_word' id='word_1_920' title='bbox 2913 5197 3032 5249; x_wconf 79' lang='grc' dir='ltr'>οὐδὲ</span> <span class='ocrx_word' id='word_1_921' title='bbox 3060 5196 3118 5249; x_wconf 82' lang='grc' dir='ltr'><strong>τὸ</strong></span> <span class='ocrx_word' id='word_1_922' title='bbox 3150 5199 3215 5266; x_wconf 76' lang='grc' dir='ltr'>τῇ</span> <span class='ocrx_word' id='word_1_923' title='bbox 3262 5198 3429 5267; x_wconf 79' lang='grc' dir='ltr'>ἀρετῇ</span> <span class='ocrx_word' id='word_1_924' title='bbox 3473 5200 3715 5270; x_wconf 65' lang='grc' dir='ltr'><strong>μαχόμε-</strong></span> 
     </span>
    </p>
   </div>
   <div class='ocr_carea' id='block_1_105' title="bbox 1734 5375 2402 5438">
    <p class='ocr_par' dir='ltr' id='par_1_105' title="bbox 1734 5375 2402 5438">
     <span class='ocr_line' id='line_1_105' title="bbox 1734 5375 2402 5438; baseline -0.013 0"><span class='ocrx_word' id='word_1_925' title='bbox 1734 5380 1967 5438; x_wconf 67' lang='grc' dir='ltr'>νΑιιιΑι</span> <span class='ocrx_word' id='word_1_926' title='bbox 2002 5375 2402 5435; x_wconf 84' lang='lat' dir='ltr'><strong>LECTIONES.</strong></span> 
     </span>
    </p>
   </div>
   <div class='ocr_carea' id='block_1_106' title="bbox 550 5542 1982 5614">
    <p class='ocr_par' dir='ltr' id='par_1_106' title="bbox 550 5542 1982 5614">
     <span class='ocr_line' id='line_1_106' title="bbox 550 5542 1982 5614; baseline -0.001 -14"><span class='ocrx_word' id='word_1_927' title='bbox 550 5546 596 5577; x_wconf 79' lang='lat'><strong>&quot;</strong></span> <span class='ocrx_word' id='word_1_928' title='bbox 626 5549 683 5600; x_wconf 77' lang='grc' dir='ltr'>ὲν</span> <span class='ocrx_word' id='word_1_929' title='bbox 709 5544 905 5614; x_wconf 76' lang='grc' dir='ltr'>ἑαυτῷ,</span> <span class='ocrx_word' id='word_1_930' title='bbox 940 5543 996 5599; x_wconf 93' lang='lat' dir='ltr'><strong>S.</strong></span> <span class='ocrx_word' id='word_1_931' title='bbox 1036 5544 1097 5614; x_wconf 79' lang='grc'><strong>1).</strong></span> <span class='ocrx_word' id='word_1_932' title='bbox 1174 5544 1218 5575; x_wconf 76' lang='grc'><strong>⁸⁸</strong></span> <span class='ocrx_word' id='word_1_933' title='bbox 1246 5544 1478 5611; x_wconf 83' lang='grc' dir='ltr'>γίνεται,</span> <span class='ocrx_word' id='word_1_934' title='bbox 1504 5560 1609 5597; x_wconf 89' lang='lat' dir='ltr'><strong>non</strong></span> <span class='ocrx_word' id='word_1_935' title='bbox 1638 5554 1719 5597; x_wconf 87' lang='lat' dir='ltr'><strong>est</strong></span> <span class='ocrx_word' id='word_1_936' title='bbox 1752 5544 1803 5597; x_wconf 94' lang='lat' dir='ltr'><strong>in</strong></span> <span class='ocrx_word' id='word_1_937' title='bbox 1825 5544 1892 5614; x_wconf 14' lang='lat' dir='ltr'><strong>AS.</strong></span> <span class='ocrx_word' id='word_1_938' title='bbox 1924 5542 1982 5614; x_wconf 74' lang='grc' dir='ltr'><strong>Ρ.</strong></span> 
     </span>
    </p>
   </div>
   <div class='ocr_carea' id='block_1_107' title="bbox 480 5613 1713 5681">
    <p class='ocr_par' dir='ltr' id='par_1_107' title="bbox 480 5613 1713 5681">
     <span class='ocr_line' id='line_1_107' title="bbox 480 5613 1713 5681; baseline -0.001 -14"><span class='ocrx_word' id='word_1_939' title='bbox 480 5615 692 5681; x_wconf 82' lang='grc' dir='ltr'>θοῦ,1).</span> <span class='ocrx_word' id='word_1_940' title='bbox 792 5613 1091 5679; x_wconf 55' lang='lat' dir='ltr'><strong>&quot;ams.</strong></span> <span class='ocrx_word' id='word_1_941' title='bbox 1168 5613 1370 5667; x_wconf 78' lang='grc' dir='ltr'>⁷⁸οὺδέ.</span> <span class='ocrx_word' id='word_1_942' title='bbox 1468 5613 1713 5677; x_wconf 57' lang='lat' dir='ltr'><strong>&quot;eam.</strong></span> 
     </span>
    </p>
   </div>
   <div class='ocr_carea' id='block_1_108' title="bbox 2077 5531 3708 5604">
    <p class='ocr_par' dir='ltr' id='par_1_108' title="bbox 2077 5531 3708 5604">
     <span class='ocr_line' id='line_1_108' title="bbox 2077 5531 3708 5604; baseline -0.011 -10"><span class='ocrx_word' id='word_1_943' title='bbox 2077 5542 2119 5572; x_wconf 81' lang='grc'><strong>⁸⁷</strong></span> <span class='ocrx_word' id='word_1_944' title='bbox 2142 5541 2297 5604; x_wconf 76' lang='grc' dir='ltr'>αὐτὸς</span> <span class='ocrx_word' id='word_1_945' title='bbox 2317 5539 2394 5603; x_wconf 85' lang='grc' dir='ltr'>δέ,</span> <span class='ocrx_word' id='word_1_946' title='bbox 2431 5538 2500 5592; x_wconf 80' lang='grc' dir='ltr'><strong>Μ.</strong></span> <span class='ocrx_word' id='word_1_947' title='bbox 2519 5536 2563 5567; x_wconf 75' lang='grc'>⁸⁸</span> <span class='ocrx_word' id='word_1_948' title='bbox 2583 5536 2663 5589; x_wconf 88' lang='lat' dir='ltr'><strong>sic</strong></span> <span class='ocrx_word' id='word_1_949' title='bbox 2686 5533 2745 5590; x_wconf 92' lang='lat' dir='ltr'><strong>S.</strong></span> <span class='ocrx_word' id='word_1_950' title='bbox 2766 5531 3016 5604; x_wconf 36' lang='lat' dir='ltr'><strong>Pipro...</strong></span> <span class='ocrx_word' id='word_1_951' title='bbox 3041 5545 3237 5604; x_wconf 61' lang='grc' dir='ltr'>σωμξν.</span> <span class='ocrx_word' id='word_1_952' title='bbox 3262 5532 3306 5563; x_wconf 82' lang='grc'><strong>⁶’</strong></span> <span class='ocrx_word' id='word_1_953' title='bbox 3333 5533 3397 5585; x_wconf 77' lang='grc' dir='ltr'>ἐκ</span> <span class='ocrx_word' id='word_1_954' title='bbox 3440 5535 3536 5588; x_wconf 80' lang='grc' dir='ltr'><strong>τοῦ</strong></span> <span class='ocrx_word' id='word_1_955' title='bbox 3567 5537 3708 5604; x_wconf 72' lang='grc' dir='ltr'>ἀγα-</span> 
     </span>
    </p>
   </div>
   <div class='ocr_carea' id='block_1_109' title="bbox 1810 5610 2427 5679">
    <p class='ocr_par' dir='ltr' id='par_1_109' title="bbox 1810 5610 2427 5679">
     <span class='ocr_line' id='line_1_109' title="bbox 1810 5610 2427 5679; baseline -0.006 -14"><span class='ocrx_word' id='word_1_956' title='bbox 1810 5612 1856 5644; x_wconf 85' lang='grc'><strong><em>⁷³</em></strong></span> <span class='ocrx_word' id='word_1_957' title='bbox 1882 5612 1972 5665; x_wconf 73' lang='grc' dir='ltr'><strong>καὶ</strong></span> <span class='ocrx_word' id='word_1_958' title='bbox 2000 5611 2060 5664; x_wconf 87' lang='grc' dir='ltr'><strong>τὸ</strong></span> <span class='ocrx_word' id='word_1_959' title='bbox 2082 5611 2281 5679; x_wconf 82' lang='grc' dir='ltr'>ἀγαθόν</span> <span class='ocrx_word' id='word_1_960' title='bbox 2306 5649 2322 5674; x_wconf 88' lang='grc'><strong>,</strong></span> <span class='ocrx_word' id='word_1_961' title='bbox 2359 5610 2427 5663; x_wconf 80' lang='grc' dir='ltr'><strong>Μ.</strong></span> 
     </span>
    </p>
   </div>
   <div class='ocr_carea' id='block_1_110' title="bbox 2524 5602 3706 5673">
    <p class='ocr_par' dir='ltr' id='par_1_110' title="bbox 2524 5602 3706 5673">
     <span class='ocr_line' id='line_1_110' title="bbox 2524 5602 3706 5673; baseline 0.001 -15"><span class='ocrx_word' id='word_1_962' title='bbox 2524 5608 2570 5637; x_wconf 73' lang='grc'>⁷⁸</span> <span class='ocrx_word' id='word_1_963' title='bbox 2603 5606 2689 5673; x_wconf 82' lang='lat' dir='ltr'><strong>hic</strong></span> <span class='ocrx_word' id='word_1_964' title='bbox 2742 5606 2793 5656; x_wconf 91' lang='lat' dir='ltr'><strong>in</strong></span> <span class='ocrx_word' id='word_1_965' title='bbox 2818 5602 2887 5657; x_wconf 85' lang='lat' dir='ltr'><strong>M.</strong></span> <span class='ocrx_word' id='word_1_966' title='bbox 2923 5602 3218 5673; x_wconf 77' lang='lat' dir='ltr'><strong>quaternio</strong></span> <span class='ocrx_word' id='word_1_967' title='bbox 3258 5607 3449 5658; x_wconf 79' lang='lat' dir='ltr'><strong>deerat</strong></span> <span class='ocrx_word' id='word_1_968' title='bbox 3479 5647 3494 5669; x_wconf 90' lang='lat'><strong>,</strong></span> <span class='ocrx_word' id='word_1_969' title='bbox 3542 5602 3706 5673; x_wconf 75' lang='lat' dir='ltr'><strong>quem</strong></span> 
     </span>
    </p>
   </div>
   <div class='ocr_carea' id='block_1_111' title="bbox 523 5669 3710 5754">
    <p class='ocr_par' dir='ltr' id='par_1_111' title="bbox 523 5669 3710 5754">
     <span class='ocr_line' id='line_1_111' title="bbox 523 5669 3710 5754; baseline -0.003 -18"><span class='ocrx_word' id='word_1_970' title='bbox 523 5669 840 5754; x_wconf 70' lang='lat' dir='ltr'><strong>agimehinc</strong></span> <span class='ocrx_word' id='word_1_971' title='bbox 868 5669 1268 5754; x_wconf 65' lang='lat' dir='ltr'><strong>quattuordecim</strong></span> <span class='ocrx_word' id='word_1_972' title='bbox 1293 5669 1745 5752; x_wconf 71' lang='lat' dir='ltr'><strong>complectuutdr.</strong></span> <span class='ocrx_word' id='word_1_973' title='bbox 1819 5682 1867 5714; x_wconf 80' lang='grc'><strong>⁷⁸</strong></span> <span class='ocrx_word' id='word_1_974' title='bbox 1893 5681 2101 5745; x_wconf 84' lang='grc' dir='ltr'>τούτου,</span> <span class='ocrx_word' id='word_1_975' title='bbox 2269 5669 2317 5711; x_wconf 62' lang='grc' dir='ltr'><strong>τί</strong></span> <span class='ocrx_word' id='word_1_976' title='bbox 2345 5681 2398 5734; x_wconf 94' lang='lat' dir='ltr'><strong>ln</strong></span> <span class='ocrx_word' id='word_1_977' title='bbox 2432 5679 2489 5735; x_wconf 89' lang='lat' dir='ltr'><strong>S.</strong></span> <span class='ocrx_word' id='word_1_978' title='bbox 2522 5676 2584 5729; x_wconf 81' lang='grc' dir='ltr'><strong>Ρ.</strong></span> <span class='ocrx_word' id='word_1_979' title='bbox 2641 5672 2736 5728; x_wconf 90' lang='lat' dir='ltr'><strong>Sc.</strong></span> <span class='ocrx_word' id='word_1_980' title='bbox 2800 5669 2950 5727; x_wconf 80' lang='lat' dir='ltr'><strong>deest</strong></span> <span class='ocrx_word' id='word_1_981' title='bbox 2980 5674 3079 5727; x_wconf 87' lang='lat' dir='ltr'><strong>hoc</strong></span> <span class='ocrx_word' id='word_1_982' title='bbox 3111 5669 3352 5725; x_wconf 80' lang='lat' dir='ltr'><strong>verbum.</strong></span> <span class='ocrx_word' id='word_1_983' title='bbox 3432 5678 3476 5707; x_wconf 81' lang='grc'><strong>⁷⁷</strong></span> <span class='ocrx_word' id='word_1_984' title='bbox 3606 5676 3710 5729; x_wconf 75' lang='grc' dir='ltr'>ἐινά</span> 
     </span>
    </p>
   </div>
   <div class='ocr_carea' id='block_1_112' title="bbox 482 5700 833 5811">
    <p class='ocr_par' dir='ltr' id='par_1_112' title="bbox 482 5700 833 5807">
     <span class='ocr_line' id='line_1_112' title="bbox 482 5700 833 5807; baseline 0.006 -2"><span class='ocrx_word' id='word_1_985' title='bbox 482 5700 833 5807; x_wconf 50' lang='grc' dir='ltr'><strong>ἳὲἓὲῗπεΓἚί</strong></span> 
     </span>
    </p>
   </div>
  </div>
