3866 6234
145 372 260 427 717

1208 365 1297 420 DE
1330 363 1584 421 DIVINIS
1615 360 2010 427 NOMINlBUS,
2066 361 2217 415 CAP.
2252 351 2341 416 Ν.

3278 365 3379 418 718

136 508 240 545 νον
263 490 420 543 ἔσται
455 488 640 541 κακόν.
673 487 863 540 Καίτοι
900 484 1116 538 ὲναντία
1146 482 1461 553 σωφροσύνη
1482 483 1574 535 καί
1602 482 1718 534 ἀκο-

1824 484 1930 537 lum
1965 498 2071 535 non
2098 490 2205 545 est,
2227 481 2399 534 virtus
2438 487 2494 534 et
2528 478 2719 534 vitium
2779 478 2923 534 idem
2978 487 3108 533 sunt
3134 478 3380 550 (pi-Opor-

135 586 331 647 λασία,
357 586 452 638 καὶ
479 580 782 650 δικαιοσύνη
807 578 900 631 καὶ
934 576 1131 630 ἀδικία.
1164 576 1271 628 Καὶ
1299 574 1358 625 οὑ
1389 573 1555 644 δήπου
1578 572 1717 625 κατά

136 680 239 731 τὸν
264 677 475 730 δίκαιον
517 675 609 727 καὶ
640 672 729 725 τὸν
768 669 949 741 ἄδικόν
998 684 1160 737 φημι,
1187 666 1279 718 καὶ
1316 664 1409 717 τὸν
1464 663 1718 733 σώφρονα

136 768 245 820 καὶ
270 765 363 818 τὸν
390 764 704 818 ἀκόλαστον
735 759 867 813 ἀλλά
888 759 980 812 καὶ
1006 756 1112 828 πρὸ
1135 756 1230 825 τῆς
1259 753 1361 818 ἔξω
1391 753 1719 823 φαινομένης

136 858 244 910 τοῦ
272 855 529 927 ἐναρέτου
579 852 713 923 πρὸς
757 851 848 903 τὸν
894 847 1264 917 ἀντικείμενον
1309 844 1635 905 διαστάσεως
1662 845 1718 895 ὲν

144 950 288 1020 αὐτῇ
343 945 521 1016 πολλῷ
568 944 829 1017 πρότερον
864 944 929 1012 τῇ
973 940 1115 1010 ψυχῇ
1158 937 1379 991 καθόλου
1405 937 1717 1006 διεστήκασι

148 1040 259 1092 τῶν
285 1037 494 1108 ἀρετῶν
522 1038 577 1089 αἱ
604 1033 809 1095 κακίαι,
851 1034 946 1087 καὶ
987 1032 1122 1103 πρὸς
1158 1030 1249 1083 τὸν
1289 1029 1442 1097 λόγον
1467 1027 1535 1080 τὰ
1571 1027 1716 1102 πάθη

145 1130 454 1195 στασιάζει,
481 1129 573 1181 καὶ
594 1130 658 1180 ὲκ
683 1125 885 1179 τούτων
913 1125 959 1157 ⁷⁸
985 1125 1194 1195 ἀνάγκη
1222 1122 1468 1176 δοῦναίτι
1492 1121 1567 1192 τῷ
1592 1124 1720 1190 άγα-

140 1223 227 1293 θῷ
256 1222 429 1277 κακὸν
450 1220 708 1274 ἐναντίον.
741 1219 812 1270 Οὐ
840 1217 949 1288 γὰρ
974 1214 1148 1284 ἑαυτῷ
1182 1214 1413 1282 τάγαθὸν
1456 1212 1716 1275 ἐναντίον,

140 1316 265 1375 ἀλλ’
298 1314 377 1376 ὡς
409 1311 518 1365 ἀπὸ
547 1311 673 1381 μιᾶς
713 1308 905 1378 ἀρχῆς,
934 1307 1027 1360 καὶ
1061 1306 1179 1368 ἐνὸς
1210 1304 1427 1373 ἔκγονον
1455 1305 1500 1335 ⁷⁸
1524 1303 1716 1367 αἰτίου,

142 1401 425 1471 κοινωνίᾳ,
452 1400 546 1452 καὶ
572 1399 801 1468 ἑνότητι,
832 1397 926 1450 καὶ
957 1395 1108 1464 φιλίᾳ
1132 1393 1352 1464 χαίρειξτ
1369 1392 1478 1444 Καὶ
1516 1391 1635 1444 οὐδὲ
1661 1390 1721 1444 τὸ

141 1496 369 1547 ἔλατ-τον
403 1490 625 1558 ἀγαθὸν,
658 1488 735 1559 τῷ
785 1488 989 1559 μείζονι
1039 1484 1304 1539 ἐναντίον·
1346 1482 1468 1536 οὕτε
1514 1482 1620 1553 γὰρ
1659 1481 1720 1534 τὸ

138 1581 312 1657 ἦττον
344 1584 547 1657 θερμὸν
578 1584 612 1652 ἢ
637 1579 839 1651 ψυχρὸν
886 1578 963 1648 τῷ
1014 1576 1216 1630 πλείονι
1249 1573 1504 1628 ἐναντίον.
1533 1573 1720 1626 Ἔστιν

140 1673 240 1729 οὖν
271 1678 462 1737 ἐντοῖς
490 1671 628 1737 οὖσι,
662 1671 757 1724 καὶ
797 1669 856 1721 ὃν
907 1670 1041 1729 ἐστι,
1091 1666 1185 1720 καὶ
1228 1664 1582 1718 ἀντιτέθειται
1628 1663 1721 1716 καὶ

141 1764 476 1835 ἠναντίωται
500 1758 720 1829 τάγαθῷ
747 1756 809 1810 τὸ
830 1754 1014 1809 κακόν.
1058 1753 1167 1806 Ka‘t
1195 1750 1451 1820 εί⁹φθορά
1477 1751 1591 1801 ἐστι
1612 1746 1719 1799 τῶν

1822 574 1965 629 tione
1984 572 2193 627 scilicet
2237 572 2400 624 totius
2425 570 2491 623 ad
2522 578 2717 634 totum,
2745 577 2799 623 et
2820 569 2991 638 partis
3015 570 3081 623 ad
3111 574 3377 640 partem),

1820 673 1913 717 aut
1939 663 2128 719 saltem
2163 662 2217 716 id
2258 662 2404 730 quod
2463 660 2646 714 virtuti
2698 668 2965 729 repugnat
2999 674 3104 714 non
3132 661 3238 714 erit
3268 678 3381 714 ma-

1819 755 1950 808 lum.
1981 754 2142 822 Atqui
2197 751 2466 807 contraria
2520 759 2645 805 sunt
2706 753 3060 820 temperantia
3093 761 3149 806 et
3181 753 3378 807 intent-

1818 845 2089 911 perantia,
2140 843 2350 912 justitia
2400 852 2455 896 et
2512 840 2796 907 iniustitia.
2854 840 3038 910 Neque
3095 858 3225 897 vero
3256 844 3379 898 dico

1820 935 1939 991 illas
1968 950 2088 989 esse
2126 932 2447 996 contrarias,
2491 932 2543 987 in
2578 944 2835 1001 quantunt
2866 934 3132 1002 prodeunt
3163 950 3191 987 a
3230 936 3379 1003 [usto

1819 1037 1873 1083 et
1904 1027 2120 1093 iujusto,
2146 1036 2201 1080 et
2242 1041 2272 1078 a
2321 1034 2658 1095 temperante
2705 1034 2866 1094 atque
2931 1026 3375 1094 intemperante;

1820 1132 2006 1171 verum
2038 1117 2200 1170 etiam
2251 1116 2400 1183 prius
2448 1130 2610 1184 quam
2654 1115 2754 1169 viri
2804 1114 2955 1184 probi
3006 1117 3075 1170 ab
3130 1116 3376 1187 improbo

1819 1208 2179 1274 discrepantia
2212 1207 2345 1261 foris
2393 1217 2667 1276 appareat,
2712 1207 2825 1275 jam
2858 1209 2908 1261 in
2962 1209 3077 1275 ipso
3129 1210 3312 1263 animo
3342 1227 3376 1263 ει

1820 1299 2111 1353 virtutibus
2152 1299 2282 1353 vitia
2338 1299 2671 1367 discrepant,
2696 1309 2750 1353 et
2800 1314 2829 1353 a
2875 1300 3083 1354 ratione
3114 1302 3380 1356 dissident

1820 1389 2255 1458 perturbationes
2290 1405 2304 1453 ;
2338 1399 2667 1457 quapropter
2717 1390 3028 1444 necessario
3068 1391 3378 1445 conceden-

1820 1480 1947 1532 dum
1984 1488 2090 1543 est,
2143 1478 2341 1531 malum
2396 1478 2612 1546 aliquod
2662 1492 2781 1531 esse
2838 1479 2980 1534 bono
3019 1478 3376 1533 contrarium.

1820 1570 2002 1638 Neque
2024 1570 2165 1623 enim
2198 1570 2298 1623 sibi
2346 1569 2543 1623 bonum
2592 1569 2926 1624 contrarium
2958 1577 3060 1633 est,
3094 1570 3189 1623 sed
3227 1578 3286 1623 ut
3311 1569 3380 1623 ab

1820 1679 1928 1717 uno
1975 1662 2241 1731 principio
2292 1676 2507 1729 unaque
2552 1675 2713 1715 causa
2770 1662 3069 1730 profectum
3131 1676 3378 1715 commu-

1822 1756 2003 1817 nione,
2054 1753 2453 1823 conjunctione,
2508 1752 2856 1820 amicitiaque
2919 1754 3134 1821 gaudet.
3193 1751 3379 1820 Neque

140 1859 342 1922 ὄντων,
396 1857 497 1909 οὐκ
551 1852 799 1907 ἐκϐάλλει
866 1848 1021 1902 τοῦτο
1090 1845 1188 1898 τοῦ
1236 1840 1372 1897 εἶναι
1422 1842 1485 1895 τὸ
1531 1839 1717 1900 κακὸν,

1821 1844 1982 1897 etiam
2006 1843 2183 1896 minus
2214 1843 2414 1896 bonum
2439 1842 2625 1910 majori
2653 1844 2971 1897 adversatur
3000 1858 3015 1907 ;
3045 1842 3169 1910 quia
3202 1856 3380 1911 neque

137 1951 264 2004 ἀλλ’
314 1950 467 2001 ἔσται
520 1947 615 1999 καὶ
643 1944 771 1998 αὐτὸ
792 1940 873 2007 ὃν,
902 1941 995 1993 καὶ
1026 1938 1194 1991 ὄντων
1225 1932 1619 2004 γενεσιουργόν.
1649 1932 1718 1982 Ἢ

1824 1935 1876 1987 id
1913 1935 2055 2003 quod
2087 1934 2263 1987 minus
2287 1933 2523 1987 calidum
2554 1942 2646 1986 aut
2676 1933 2933 2003 frigidum
2956 1944 3059 1998 est,
3088 1930 3255 2003 magis
3284 1949 3380 1987 ca-

139 2048 268 2118 οὖχὶ
305 2046 560 2108 πολλάκις
584 2046 617 2115 ἡ
641 2042 792 2096 τοῦδε
830 2038 1003 2110 φθορά
1031 2035 1184 2090 τοῦδε
1208 2034 1450 2101 γίγνεται
1471 2029 1715 2099 γένεσις;

1822 2023 1930 2077 lido
1954 2023 2214 2091 frigidove
2243 2024 2630 2077 contrariatur.
2685 2022 2780 2076 Est
2809 2025 2970 2092 igitur
2996 2025 3047 2077 in
3072 2039 3253 2078 rerum
3282 2012 3379 2077 na?-
3404 2008 3415 2017 ’
3464 2038 3469 2041 ‘

146 2113 259 2194 Kal.
281 2139 434 2190 ἔσται
452 2136 513 2188 τὸ
546 2113 713 2187 κακὸν
737 2134 814 2194 είς
846 2130 943 2200 τὴν
976 2126 1069 2181 τοῦ
1111 2123 1306 2186 παντὸς
1333 2121 1718 2191 συμπλήρωσιν

1821 2123 1961 2178 tura,
2011 2121 2200 2183 estque
2258 2113 2481 2181 aliquid,
2512 2123 2567 2168 et
2593 2117 2883 2183 opponitur
2926 2124 3089 2183 atque
3116 2115 3375 2169 adversa-

134 2228 460 2291 ,σ’δντελοῦν,
501 2227 592 2280 καὶ
631 2223 708 2295 τῷ
746 2223 851 2293 ὅλῳ
875 2221 935 2273 τὸ
973 2218 1048 2290 μὴ
1095 2216 1280 2278 ἀτελὲς
1306 2208 1442 2266 εἶναι
1471 2210 1536 2263 δι’
1556 2208 1717 2263 ἑαυτὸ

1821 2211 1910 2257 tur
1941 2203 2082 2257 bono
2121 2203 2342 2258 malum.
2373 2203 2437 2257 Et
2462 2210 2577 2257 esto
2625 2205 2901 2271 corruptio
2930 2205 3003 2258 sit
3028 2218 3234 2267 rerum,
3267 2217 3376 2256 non

142 2318 546 2390 παρεχόμενον.
1035 2331 1047 2342 ‘

1821 2304 1993 2349 tamen
2024 2295 2129 2348 hoc
2152 2294 2366 2363 penitus
2412 2294 2741 2349 exterminat
2787 2294 2983 2347 malum
3007 2308 3037 2347 e
3066 2308 3247 2347 rerum
3274 2308 3372 2344 na-

146 2372 424 2470 mrafsed
448 2406 553 2459 erit
590 2402 717 2457 illud
742 2400 908 2456 etiam
934 2395 1158 2466 aliquid,
1189 2404 1244 2449 et
1279 2392 1345 2447 ad
1375 2403 1554 2445 rerum
1606 2385 1848 2441 conferet
1909 2384 2333 2452 generationem.
2396 2372 2591 2431 Annon
2672 2382 2982 2452 frequenter
3038 2384 3197 2437 unius
3263 2395 3380 2435 cor-

143 2502 337 2570 ruptio
385 2498 610 2552 alterius
664 2505 747 2550 est
791 2488 1115 2563 generatio?
1153 2485 1314 2554 Atqui
1368 2481 1567 2537 malum
1614 2480 1717 2533 hoc
1750 2475 1909 2529 modo
1937 2473 2003 2528 ad
2027 2473 2258 2527 universi
2290 2472 2674 2542 plenitudinem
2720 2475 3001 2539 conducet,
3059 2487 3124 2528 ae
3176 2488 3274 2542 per
3318 2486 3380 2526 se

144 2592 349 2659 laciet,
380 2600 439 2645 ut
468 2602 647 2644 rerum
675 2584 998 2668 uttivetésitas
1024 2594 1129 2635 non
1163 2578 1234 2634 sit
1273 2571 1609 2644 imperfecta.

1654 2724 1682 2798 ς
1711 2724 1857 2784 xx.

236 2915 386 2985 Ἐρεῖ
413 2912 470 2965 δὲ
500 2910 634 2983 πρὸς
660 2908 829 2962 ταῦτα
863 2907 891 2959 ό
917 2901 1118 2975 ἀληθὴς
1145 2898 1320 2967 λόγος,
1364 2895 1445 2948 ὅτι
1474 2887 1718 2985 “totabe

1893 2884 1973 2937 Ad
2010 2882 2123 2937 hate
2151 2890 2331 2934 autem
2388 2892 2513 2934 vera
2567 2862 2705 2933 ratio
2755 2879 3123 2946 respondebit,
3177 2883 3378 2938 malum

144 3004 184 3082 ᾗ
216 2970 387 3061 κακὸν
410 3004 457 3036 ⁸⁸
477 2970 732 3073 οὐδεμίαν
777 2998 963 3052 οὐσίαν
985 2970 1249 3064 γένεσιν
1284 2987 1456 3048 ποιεῖ,
1483 2982 1639 3082 μόνον
1667 2978 1718 3082 δέ

1824 2990 1930 3044 qua
1968 2973 2168 3027 malum
2217 2971 2348 3025 nihil
2377 2970 2622 3025 conferre
2647 2970 2713 3023 ad
2745 2971 3037 3025 essentiam
3072 2982 3165 3026 aut
3196 2988 3379 3028 rerum

142 3062 385 3155 ἔακύνει
411 3098 505 3151 καὶ
550 3062 755 3164 φθείρει
791 3091 851 3143 τὸ
881 3062 1122 3156 ὲπάιῦτῷ
1141 3084 1239 3154 τὴν
1266 3079 1374 3131 τῶν
1404 3077 1569 3130 ὄντων
1600 3069 1718 3164 ὑπό-

1836 3066 2266 3136 generationem,
2321 3063 2438 3129 sed,
2488 3070 2748 3132 quantum
2780 3062 2832 3115 in
2877 3063 2993 3130 ipso
3042 3072 3148 3127 est,
3196 3080 3377 3117 rerum

146 3208 369 3245 στασιν.
392 3190 455 3241 El
474 3188 531 3240 δὲ
553 3155 926 3255 γενεσιουργόν
955 3196 1036 3241 τις
1057 3155 1187 3230 αὑτὸ
1204 3170 1341 3227 εἶναι
1367 3169 1513 3236 λέγει
1532 3167 1599 3227 ⁸¹,
1632 3162 1718 3217 καὶ

1823 3157 2182 3212 substantiam
2214 3163 2421 3207 tantum
2476 3155 2771 3221 depravare
2824 3162 2985 3221 atque
3030 3155 3266 3209 abolere.
3320 3157 3378 3209 Si

143 3285 222 3352 τῇ
257 3278 447 3332 τούτου
490 3244 662 3345 φθορᾷ
682 3272 759 3343 τῷ
788 3244 956 3341 έτέρῳ
1005 3266 1197 3319 διδόναι
1246 3263 1474 3331 γένεσιν,

1823 3250 1944 3317 quis
1987 3256 2165 3301 autem
2225 3246 2440 3309 dixerit,
2493 3248 2595 3298 hoc
2636 3244 2753 3311 ipso
2809 3258 2989 3297 rerum
3032 3245 3375 3312 generationi

142 3335 277 3419 ’νέον
308 3335 540 3434 ἀληθῶς,
571 3335 668 3430 ὡδὶ
772 3335 943 3427 φθορά
970 3357 1014 3387 ⁸³
1048 3355 1226 3407 δίδωσι
1264 3350 1495 3418 γένεσιν,
1544 3344 1654 3434 ἀλλ’

1821 3339 2153 3399 subservire,
2185 3338 2307 3390 dum
2337 3336 2562 3390 alterius
2605 3335 2952 3403 corruptione
2974 3344 3193 3403 praestat
3220 3336 3378 3389 alteri

153 3451 260 3522 μὲν
287 3433 461 3518 φθορὰ
498 3446 591 3500 καὶ
641 3446 807 3499 κακὸν
861 3444 1069 3515 φθείρει
1100 3441 1192 3495 καὶ
1220 3440 1265 3471 ⁸³
1288 3435 1509 3491 κακύνει
1540 3433 1715 3505 μόνον,

145 3542 370 3609 γένεσις
404 3539 462 3592 δὲ
510 3539 602 3591 καὶ
646 3535 801 3589 οὐσία
840 3535 926 3588 διὰ
966 3534 1027 3588 τὸ
1078 3531 1280 3602 ἀγαθὸν
1333 3530 1596 3599 γίγνεται,
1626 3525 1720 3579 καὶ

144 3628 389 3685 ἔσταιτδ
414 3628 578 3681 κακὸν
612 3626 784 3697 φθορά
816 3627 912 3696 μὲν
937 3624 1003 3678 δι’
1055 3622 1232 3686 ἑαυτὸ,
1273 3616 1645 3689 γενεσιουργὸν
1665 3615 1721 3668 δὲ

147 3724 250 3778 διὰ
279 3721 343 3774 τὸ
372 3718 573 3788 ἀγαθόν
596 3735 611 3748 ο
643 3719 737 3771 καὶ
820 3718 916 3787 μὲν
939 3714 1104 3769 κακὸν
1146 3712 1268 3765 οὔτε
1301 3710 1359 3765 ὃν
1382 3708 1503 3762 οὔτε
1554 3708 1719 3759 ὄντων

149 3809 471 3883 ποιητικόνο
504 3806 660 3860 διὰδὲ
693 3806 753 3859 τὸ
778 3804 976 3873 ἀγαθὸν
1007 3805 1095 3859 καὶ
1134 3802 1216 3867 δν,
1260 3802 1352 3855 καί¹
1401 3798 1601 3867 ἀγαθὸν
1637 3797 1716 3861 ὃν,

149 3903 253 3956 καὶ
275 3900 495 3968 ἀγαθῶν
516 3897 811 3969 ποιητικόν.
842 3894 1052 3948 Μᾶλλον
1066 3893 1123 3947 δὲ
1152 3893 1267 3946 οὐδὲ
1293 3892 1400 3963 γὰρ
1431 3891 1581 3942 ἔσται
1600 3886 1720 3939 δ”τὸ

148 3993 293 4045 αὐτὸ
310 3990 518 4044 κατὰτὸ
533 3989 661 4042 αὐτὸ
680 3989 773 4040 καὶ
788 3985 987 4054 ἀγαθὸν
1001 3985 1093 4037 καὶ
1110 3982 1297 4043 κακὸν,
1310 3981 1427 4033 οὐδὲ
1447 3978 1537 4032 τοῦ
1556 3974 1718 4030 αὐτοῦ

150 4082 340 4153 φθορά
364 4081 456 4133 καὶ
479 4079 688 4148 γένεσις
718 4079 751 4149 ὴ
778 4076 912 4146 αὑτὴ
935 4074 1072 4128 κατὰ
1091 4073 1150 4126 τὸ
1174 4072 1303 4125 αὐτὸ
1327 4071 1569 4141 δύναμις,
1598 4067 1735 4120 οὗτε

149 4169 541 4238 αὑτοδύναμις,
564 4167 595 4237 ἢ
617 4166 941 4236 αὐτοφθορά’
958 4164 1018 4216 τὸ
1038 4163 1134 4233 μὲν
1158 4159 1457 4214 αὑτοκακὸν
1479 4157 1600 4210 οὔτε
1639 4157 1716 4221 ὃν,

145 4262 285 4316 οὔτε
310 4261 529 4327 ἀγαθὸν,
564 4258 686 4311 οὔτε
712 4256 1101 4327 γενεσιουργὸν,
1130 4252 1251 4306 οὔτε
1276 4253 1442 4305 ὄντων
1468 4251 1560 4308 καὶ
1583 4251 1721 4317 ἀγα-

150 4352 272 4407 θῶν
298 4351 572 4422 ποιητικόν
596 4368 608 4380 ·
636 4349 698 4402 τὸ
741 4349 797 4401 δὲ
843 4348 1064 4416 ἀγαθὸν,
1094 4349 1149 4399 ἐν
1183 4340 1263 4408 οἷς
1290 4346 1385 4415 μὲν
1413 4344 1479 4396 ἂν
1526 4342 1721 4405 τελέως

149 4444 473 4512 ἐγγένηται,
521 4441 700 4494 τέλεια
748 4443 908 4503 ποιεῖ,
960 4439 1051 4492 κα)⁵
1098 4437 1291 4507 ἀμιγῆ,
1320 4436 1413 4487 καὶ
1457 4434 1720 4503 ὁλόκληρα

148 4533 347 4601 ἀγαθά
368 4548 381 4561 '
407 4532 475 4584 τὰ
500 4519 553 4585 δὲ
578 4527 739 4603 ἦττον
765 4531 929 4585 αὐτοῦ
961 4529 1248 4601 μετέχοντα
1275 4529 1367 4580 καὶ
1390 4527 1550 4595 ἀτελῆ
1576 4528 1721 4577 ἐστιν

1817 3431 2170 3500 genituram;
2214 3426 2641 3494 respondendum
2693 3424 2896 3491 utique,
2959 3440 3063 3478 non
3114 3435 3380 3493 quatenus

1818 3518 2116 3586 corrumpit
2151 3516 2413 3586 perficere
2457 3514 2884 3586 generationem,
2937 3516 3062 3583 quia
3101 3523 3373 3582 quatenue

1818 3612 2118 3679 corrumpit
2163 3608 2360 3662 malum
2394 3617 2496 3669 est,
2531 3621 2652 3659 nam
2700 3614 2761 3659 ut
2808 3606 2889 3660 sic
2918 3615 3123 3659 tantum
3148 3606 3381 3659 destruit

1819 3718 1883 3756 ac
1916 3702 2197 3771 depravat,
2246 3712 2370 3753 cum
2399 3698 2682 3767 generatio
2708 3705 2763 3750 et
2788 3696 3024 3750 essentia
3058 3711 3152 3764 per
3175 3696 3380 3750 bonum

1818 3793 2189 3860 nantzatqtte
2238 3790 2372 3845 adeo
2426 3790 2629 3843 malum
2679 3804 2743 3843 ex
2791 3803 2850 3842 se
2877 3787 3093 3856 quidem
3120 3787 3223 3841 erit
3253 3802 3378 3842 cor-

1819 3886 2020 3955 ruptio,
2052 3884 2322 3939 subservit
2349 3892 2527 3935 autem
2560 3880 2896 3951 generatioui
2928 3893 3022 3947 per
3049 3878 3100 3932 id
3128 3880 3274 3947 quod
3293 3879 3383 3932 bo-

1821 3992 1945 4031 num
1974 3985 2077 4039 est,
2108 3977 2351 4043 adeoque
2373 3987 2479 4043 qua
2527 3972 2726 4025 malutn
2760 3984 3050 4052 nequech
3071 3980 3179 4034 est,
3204 3986 3381 4041 neque

1819 4084 1905 4122 res
1936 4067 2207 4137 producit,
2256 4065 2348 4119 sed
2400 4079 2497 4133 per
2526 4064 2724 4117 bonum
2766 4071 2819 4116 et
2844 4076 2931 4117 res
2958 4072 3043 4116 est
3071 4072 3126 4116 et
3153 4064 3377 4128 bonum,

1819 4159 2172 4232 producitque
2257 4160 2416 4211 bona.
2493 4155 2746 4222 Quinitno
2820 4170 2923 4208 non
3000 4156 3104 4208 erit
3162 4155 3377 4222 quidem

1820 4256 1958 4309 idem
1992 4253 2177 4306 eadem
2402 4261 2469 4301 ex
2512 4259 2663 4315 parte
2711 4254 2765 4300 et
2812 4248 3008 4300 bonum
3052 4254 3106 4298 et
3154 4244 3377 4306 malum,

1823 4360 2000 4414 neque
2076 4346 2262 4397 eadem
2308 4340 2545 4409 potentia
2600 4338 2701 4393 snb
2754 4339 2939 4391 eadem
2991 4337 3200 4391 ratione
3257 4352 3382 4390 cor-

1821 4437 1997 4504 ruptio
2068 4442 2122 4487 et
2185 4432 2504 4500 generatio,
2564 4442 2737 4496 neque
2794 4430 2904 4496 ipsa
2956 4429 3074 4491 vis,
3126 4438 3213 4481 aut
3262 4428 3378 4494 ipsa

1822 4526 2130 4594 corruptio;
2169 4525 2340 4591 ipsum
2374 4523 2514 4576 enim
2578 4522 2777 4574 malum
2833 4534 3009 4587 neque
3040 4528 3140 4581 est,
3203 4533 3379 4586 neque

150 4620 368 4690 ἀγαθά,
396 4622 489 4674 καὶ
517 4621 825 4692 μεμιγμένα
871 4621 960 4673 διὰ
983 4621 1078 4690 τὴν
1106 4618 1337 4686 ἔλλειψιν
1380 4616 1472 4669 τοῦ
1496 4616 1717 4683 ἀγαθοῦ.

1827 4619 2024 4670 bonum
2058 4624 2157 4675 est,
2201 4626 2373 4681 neque
2399 4610 2693 4679 generandi
2722 4607 3034 4671 vitmltabet,
3065 4620 3237 4672 neque
3266 4619 3378 4663 res,

153 4713 275 4768 Kal.
301 4712 399 4763 οὐκ
425 4712 537 4764 ἔστι
561 4711 786 4764 καθόλου
813 4711 873 4763 τὸ
893 4710 1058 4762 κακὸν
1082 4708 1201 4761 οὒτε
1229 4709 1425 4776 ἀγαθὸν
1449 4708 1569 4760 οὔτε
1595 4709 1728 4774 ἀγα-

154 4803 417 4855 θοποιὸν·
463 4801 597 4853 ἀλλὰ
628 4801 687 4852 τὸ
741 4800 936 4870 μᾶλλον
990 4795 1207 4870 ἢῆττον
1250 4798 1328 4868 τῷ
1355 4797 1541 4867 ἀγαθῴ
1589 4799 1725 4868 πλη-

159 4892 355 4954 σιάζον
397 4892 671 4959 ἀναλόγως
719 4890 869 4942 ἔσται
917 4889 1115 4956 ἀγαθόν
1159 4888 1236 4919 ³⁸·
1288 4887 1514 4957 ἐπείπερ
1565 4888 1595 4956 ἡ
1639 4886 1727 4938 διὰ

158 4983 385 5035 πάντων
411 4981 646 5050 φοιτῶσα
674 4979 936 5047 παντελὴς
962 4979 1228 5047 ἀγαθότης
1253 4979 1311 5030 οὐ
1340 4978 1495 5048 μέχρι
1523 4976 1727 5046 μόνον⁸⁶

156 5075 339 5145 χωρεῖ
383 5072 488 5125 τῶν
514 5074 639 5144 περὶ
686 5073 852 5143 αὐτὴν
893 5071 1217 5138 παναγάθων
1262 5069 1475 5129 οὐσιῶν,
1502 5066 1732 5119 ἐκτείνε-

156 5185 255 5219 ται
280 5168 338 5219 δὲ
380 5167 505 5238 άχρι
531 5167 639 5220 τῶν
664 5169 925 5237 ἐσχάτων,
959 5170 1078 5229 ταῖς
1126 5167 1221 5236 μὲν
1247 5164 1438 5225 ὀλικῶς
1463 5161 1728 5231 παροῦσα,

158 5261 287 5320 ταῖς
316 5257 372 5308 δὲ
397 5258 719 5328 ὑφειμένως,
747 5257 931 5320 άλλαις
980 5257 1033 5308 δὲ
1078 5256 1336 5326 ἐσχάτως,
1386 5254 1460 5315 ὡς
1507 5253 1733 5304 ἕκαστον

1831 4722 2002 4776 neque
2026 4709 2164 4760 bona
2196 4704 2357 4767 facit;
2387 4704 2584 4758 bonum
2618 4712 2795 4753 autem
2823 4701 3237 4769 quibuscunque
3259 4713 3382 4765 per-

1828 4800 2153 4863 fecteincst,
2188 4798 2374 4851 eadem
2428 4804 2482 4849 et
2536 4792 2775 4863 perfecta
2816 4802 2874 4846 et
2920 4792 3186 4859 simplicia
3219 4797 3381 4856 atque

1829 4896 2037 4962 integra
2067 4891 2202 4945 bona
2236 4890 2600 4956 reddit;-quaz
2634 4901 2763 4940 vero
2788 4886 2965 4939 minus
2996 4886 3174 4952 ipsum
3207 4884 3379 4951 parti-
3436 4903 3439 4905 ·

1829 4986 2030 5052 cipant,
2063 4980 2373 5048 imperfecta
2409 4980 2547 5031 bona
2580 4986 2706 5032 sunt
2744 4986 2799 5029 et
2849 4976 3128 5044 pertuisla,
3161 4984 3381 5042 pr0pter

1829 5073 1951 5127 lioni
1985 5072 2363 5140 privationem.
2393 5069 2497 5122 Sed
2560 5074 2756 5121 malum
2785 5068 2996 5135 penitus
3020 5080 3128 5119 non
3155 5074 3255 5129 est,
3290 5078 3382 5115 nc-
3418 5052 3422 5055 ⁷

1830 5176 1933 5231 que
1963 5163 2161 5215 bonum
2199 5173 2370 5225 neque
2423 5158 2721 5212 benelicttm
2771 5167 2893 5220 est;
2929 5172 3111 5209 vetant
3154 5155 3203 5207 id
3237 5153 3377 5220 quod

1832 5252 2003 5319 magis
2036 5250 2117 5303 vel
2148 5250 2326 5303 minus
2370 5251 2765 5317 appropinquat
2817 5248 2973 5309 bono,
3015 5262 3109 5309 pro
3133 5260 3230 5297 sua
3259 5258 3379 5310 por-

1428 5407 1660 5462 VARIAS
1696 5405 2092 5460 LECTIONES.

233 5555 279 5585 ⁷⁸
313 5554 423 5606 κάκ
454 5552 673 5615 τούτων,
713 5550 846 5605 S.P.
913 5550 968 5617 "’9
998 5550 1232 5617 ἔγγονον,
1266 5548 1320 5601 S.
1352 5546 1411 5599 Ρ.
1440 5546 1503 5597 1).

166 5626 235 5677 Β.
268 5623 502 5693 φθείρει,
542 5623 599 5675 Ρ.
710 5622 754 5652 ⁸³
780 5614 985 5693 φθείρει
1021 5614 1145 5693 γάρ,
1184 5620 1242 5671 Ρ.

1604 5545 1647 5575 ⁸ο
1682 5544 1815 5596 καθὸ
1847 5541 2033 5601 κακόν,
2050 5540 2111 5592 P.

1356 5616 1403 5647 8‘
1429 5617 1534 5686 ἄρα
1587 5614 1763 5675 ἔσται,

2217 5539 2259 5568 πί
2296 5534 2461 5605 λέγοι,
2492 5536 2547 5589 S.
2580 5535 2637 5588 P.
2672 5534 2733 5586 Ι).
2810 5534 2853 5565 θ’
2886 5534 2958 5595 ὡς
2992 5533 3090 5583 οὐκ
3184 5528 3376 5605 φθορά.

1929 5612 1976 5640 ει
2072 5608 2294 5685 ἀγαθόν,
2328 5593 2578 5685 i'tieqiteus
2608 5617 2785 5684 autem
2817 5593 2970 5680 hujus
2998 5593 3226 5685 nominis
3258 5593 3377 5648 eum

164 5672 703 5758 artiituloiscriptum
748 5672 979 5742 varicias
1027 5672 1075 5740 in
1098 5672 1528 5758 exemplaribus,
1562 5687 1612 5736 in
1645 5672 1761 5758 aliis
1795 5683 1853 5734 τὸ
1885 5672 2219 5747 enemy-.05
2252 5672 2474 5756 ἁγαθου,
2507 5687 2636 5738 etc.,
2660 5676 2900 5758 integre:
2937 5672 3131 5758 inbali'i‘s
3156 5682 3379 5758 rconcise

161 5761 425 5825 τάγαθὸν,
452 5734 707 5828 τάγαθοᾶ
732 5734 977 5827 tamen];
1003 5734 1543 5812 δριυὶί
1844 5734 1965 5804 cum
1990 5734 2176 5804 sensus
2209 5734 2312 5800 non
2346 5734 2598 5800 varietur.
2624 5734 2632 5738 ⁷
2681 5744 2726 5773 ⁸⁸
2758 5734 2951 5810 μόνων,
2987 5738 3042 5794 S.
3074 5734 3132 5790 P.
3153 5736 3216 5789 Ι).
