  <div class='ocr_page' id='page_1' title='image "/cluster/home/n/w/nwhite01/storage/ocr_20150623/3/nnc1.0046978666/403.png"; bbox 0 0 3866 6234; ppageno 0'>
   <div class='ocr_carea' id='block_1_1' title="bbox 450 330 561 383">
    <p class='ocr_par' dir='ltr' id='par_1_1' title="bbox 450 330 561 383">
     <span class='ocr_line' id='line_1_1' title="bbox 450 330 561 383; baseline -0.036 1"><span class='ocrx_word' id='word_1_1' title='bbox 450 330 561 383; x_wconf 73' lang='lat' dir='ltr'><strong>7m</strong></span> 
     </span>
    </p>
   </div>
   <div class='ocr_carea' id='block_1_2' title="bbox 1631 322 2527 385">
    <p class='ocr_par' dir='ltr' id='par_1_2' title="bbox 1631 322 2527 385">
     <span class='ocr_line' id='line_1_2' title="bbox 1631 322 2527 385; baseline 0.004 -3"><span class='ocrx_word' id='word_1_2' title='bbox 1631 328 1687 384; x_wconf 90' lang='lat' dir='ltr'><strong>S.</strong></span> <span class='ocrx_word' id='word_1_3' title='bbox 1726 325 1931 382; x_wconf 74' lang='lat' dir='ltr'><strong>DIONY</strong></span> <span class='ocrx_word' id='word_1_4' title='bbox 1940 322 2028 381; x_wconf 76' lang='lat' dir='ltr'><strong>Sll</strong></span> <span class='ocrx_word' id='word_1_5' title='bbox 2062 324 2527 385; x_wconf 73' lang='grc' dir='ltr'><strong>ΑΠΕΟΡΛΟΙΤᾹΞ</strong></span> 
     </span>
    </p>
   </div>
   <div class='ocr_carea' id='block_1_3' title="bbox 3625 319 3745 374">
    <p class='ocr_par' dir='ltr' id='par_1_3' title="bbox 3625 319 3745 374">
     <span class='ocr_line' id='line_1_3' title="bbox 3625 319 3745 374; baseline 0 0"><span class='ocrx_word' id='word_1_6' title='bbox 3625 319 3745 374; x_wconf 69' lang='grc'><strong>721)</strong></span> 
     </span>
    </p>
   </div>
   <div class='ocr_carea' id='block_1_4' title="bbox 452 440 2041 517">
    <p class='ocr_par' dir='ltr' id='par_1_4' title="bbox 452 446 2035 517">
     <span class='ocr_line' id='line_1_4' title="bbox 452 446 2035 517; baseline -0.003 -15"><span class='ocrx_word' id='word_1_7' title='bbox 452 453 602 504; x_wconf 99' lang='lat' dir='ltr'><strong>tione</strong></span> <span class='ocrx_word' id='word_1_8' title='bbox 634 448 831 501; x_wconf 87' lang='lat' dir='ltr'><strong>bonum</strong></span> <span class='ocrx_word' id='word_1_9' title='bbox 864 448 1000 513; x_wconf 87' lang='lat' dir='ltr'><strong>crit;</strong></span> <span class='ocrx_word' id='word_1_10' title='bbox 1034 462 1157 502; x_wconf 86' lang='lat' dir='ltr'><strong>nam</strong></span> <span class='ocrx_word' id='word_1_11' title='bbox 1199 448 1442 517; x_wconf 77' lang='lat' dir='ltr'><strong>perfecta</strong></span> <span class='ocrx_word' id='word_1_12' title='bbox 1504 446 1747 509; x_wconf 79' lang='lat' dir='ltr'><strong>bonitas,</strong></span> <span class='ocrx_word' id='word_1_13' title='bbox 1774 460 1895 514; x_wconf 71' lang='lat' dir='ltr'><strong>qua:</strong></span> <span class='ocrx_word' id='word_1_14' title='bbox 1938 460 2035 515; x_wconf 84' lang='lat' dir='ltr'><strong>per</strong></span> 
     </span>
    </p>
   </div>
   <div class='ocr_carea' id='block_1_5' title="bbox 2147 440 3743 517">
    <p class='ocr_par' dir='ltr' id='par_1_5' title="bbox 2147 440 3743 517">
     <span class='ocr_line' id='line_1_5' title="bbox 2147 440 3743 517; baseline -0.003 -19"><span class='ocrx_word' id='word_1_15' title='bbox 2147 446 2306 515; x_wconf 75' lang='grc' dir='ltr'><strong>κύτῆς</strong></span> <span class='ocrx_word' id='word_1_16' title='bbox 2334 448 2579 517; x_wconf 80' lang='grc' dir='ltr'><strong>μετέχειν</strong></span> <span class='ocrx_word' id='word_1_17' title='bbox 2602 445 2821 498; x_wconf 84' lang='grc' dir='ltr'><strong>δύναται</strong></span> <span class='ocrx_word' id='word_1_18' title='bbox 2846 442 2955 496; x_wconf 83' lang='grc' dir='ltr'><strong>τῶν</strong></span> <span class='ocrx_word' id='word_1_19' title='bbox 2978 442 3163 498; x_wconf 71' lang='grc' dir='ltr'><strong>ὄντων.</strong></span> <span class='ocrx_word' id='word_1_20' title='bbox 3186 442 3297 496; x_wconf 80' lang='grc' dir='ltr'><strong>Καὶ</strong></span> <span class='ocrx_word' id='word_1_21' title='bbox 3318 441 3388 495; x_wconf 82' lang='grc' dir='ltr'><strong>τὰ</strong></span> <span class='ocrx_word' id='word_1_22' title='bbox 3419 442 3520 511; x_wconf 82' lang='grc' dir='ltr'><strong>μὲν</strong></span> <span class='ocrx_word' id='word_1_23' title='bbox 3549 440 3743 509; x_wconf 71' lang='grc' dir='ltr'><strong>πάντη</strong></span> 
     </span>
    </p>
   </div>
   <div class='ocr_carea' id='block_1_6' title="bbox 454 538 2028 606">
    <p class='ocr_par' dir='ltr' id='par_1_6' title="bbox 454 538 2028 606">
     <span class='ocr_line' id='line_1_6' title="bbox 454 538 2028 606; baseline -0.004 -13"><span class='ocrx_word' id='word_1_24' title='bbox 454 540 636 593; x_wconf 80' lang='lat' dir='ltr'><strong>omnia</strong></span> <span class='ocrx_word' id='word_1_25' title='bbox 695 552 755 593; x_wconf 86' lang='lat' dir='ltr'><strong>se</strong></span> <span class='ocrx_word' id='word_1_26' title='bbox 786 540 1060 606; x_wconf 74' lang='lat' dir='ltr'><strong>diffundit,</strong></span> <span class='ocrx_word' id='word_1_27' title='bbox 1109 557 1213 595; x_wconf 90' lang='lat' dir='ltr'><strong>non</strong></span> <span class='ocrx_word' id='word_1_28' title='bbox 1269 539 1444 593; x_wconf 89' lang='lat' dir='ltr'><strong>solum</strong></span> <span class='ocrx_word' id='word_1_29' title='bbox 1475 538 1543 592; x_wconf 91' lang='lat' dir='ltr'><strong>ad</strong></span> <span class='ocrx_word' id='word_1_30' title='bbox 1589 538 1712 591; x_wconf 90' lang='lat' dir='ltr'><strong>illas</strong></span> <span class='ocrx_word' id='word_1_31' title='bbox 1768 538 2028 606; x_wconf 81' lang='lat' dir='ltr'><strong>Optimas,</strong></span> 
     </span>
    </p>
   </div>
   <div class='ocr_carea' id='block_1_7' title="bbox 454 625 2033 699">
    <p class='ocr_par' dir='ltr' id='par_1_7' title="bbox 454 625 2033 699">
     <span class='ocr_line' id='line_1_7' title="bbox 454 625 2033 699; baseline -0.002 -16"><span class='ocrx_word' id='word_1_32' title='bbox 454 646 577 698; x_wconf 73' lang='lat' dir='ltr'><strong>quzc</strong></span> <span class='ocrx_word' id='word_1_33' title='bbox 609 630 711 699; x_wconf 89' lang='lat' dir='ltr'><strong>ipsi</strong></span> <span class='ocrx_word' id='word_1_34' title='bbox 741 629 934 684; x_wconf 67' lang='lat' dir='ltr'><strong>vicinae</strong></span> <span class='ocrx_word' id='word_1_35' title='bbox 974 641 1119 693; x_wconf 85' lang='lat' dir='ltr'><strong>sunt,</strong></span> <span class='ocrx_word' id='word_1_36' title='bbox 1181 630 1457 684; x_wconf 86' lang='lat' dir='ltr'><strong>essentias</strong></span> <span class='ocrx_word' id='word_1_37' title='bbox 1513 630 1781 694; x_wconf 88' lang='lat' dir='ltr'><strong>dimanat,</strong></span> <span class='ocrx_word' id='word_1_38' title='bbox 1838 627 1934 683; x_wconf 84' lang='lat' dir='ltr'><strong>sed</strong></span> <span class='ocrx_word' id='word_1_39' title='bbox 1965 625 2033 680; x_wconf 88' lang='lat' dir='ltr'><strong>ad</strong></span> 
     </span>
    </p>
   </div>
   <div class='ocr_carea' id='block_1_8' title="bbox 456 721 2033 792">
    <p class='ocr_par' dir='ltr' id='par_1_8' title="bbox 456 721 2033 792">
     <span class='ocr_line' id='line_1_8' title="bbox 456 721 2033 792; baseline 0 -19"><span class='ocrx_word' id='word_1_40' title='bbox 456 733 733 776; x_wconf 64' lang='lat' dir='ltr'><strong>extremas</strong></span> <span class='ocrx_word' id='word_1_41' title='bbox 762 738 936 791; x_wconf 89' lang='lat' dir='ltr'><strong>usque</strong></span> <span class='ocrx_word' id='word_1_42' title='bbox 967 724 1336 792; x_wconf 74' lang='lat' dir='ltr'><strong>protenditur,</strong></span> <span class='ocrx_word' id='word_1_43' title='bbox 1387 722 1510 777; x_wconf 86' lang='lat' dir='ltr'><strong>aliis</strong></span> <span class='ocrx_word' id='word_1_44' title='bbox 1562 721 1781 790; x_wconf 86' lang='lat' dir='ltr'><strong>quidem</strong></span> <span class='ocrx_word' id='word_1_45' title='bbox 1834 736 1892 775; x_wconf 91' lang='lat' dir='ltr'><strong>se</strong></span> <span class='ocrx_word' id='word_1_46' title='bbox 1922 729 2033 774; x_wconf 87' lang='lat' dir='ltr'><strong>tota</strong></span> 
     </span>
    </p>
   </div>
   <div class='ocr_carea' id='block_1_9' title="bbox 456 811 2032 885">
    <p class='ocr_par' dir='ltr' id='par_1_9' title="bbox 456 811 2032 885">
     <span class='ocr_line' id='line_1_9' title="bbox 456 811 2032 885; baseline -0.003 -16"><span class='ocrx_word' id='word_1_47' title='bbox 456 831 722 885; x_wconf 66' lang='lat' dir='ltr'><strong>prmsens,</strong></span> <span class='ocrx_word' id='word_1_48' title='bbox 753 816 877 869; x_wconf 89' lang='lat' dir='ltr'><strong>aliis</strong></span> <span class='ocrx_word' id='word_1_49' title='bbox 920 825 1101 869; x_wconf 81' lang='lat' dir='ltr'><strong>autem</strong></span> <span class='ocrx_word' id='word_1_50' title='bbox 1160 814 1405 869; x_wconf 78' lang='lat' dir='ltr'><strong>inferiori</strong></span> <span class='ocrx_word' id='word_1_51' title='bbox 1464 816 1650 878; x_wconf 92' lang='lat' dir='ltr'><strong>modo,</strong></span> <span class='ocrx_word' id='word_1_52' title='bbox 1698 824 1861 883; x_wconf 87' lang='lat' dir='ltr'><strong>atque</strong></span> <span class='ocrx_word' id='word_1_53' title='bbox 1911 811 2032 866; x_wconf 83' lang='lat' dir='ltr'><strong>aliis</strong></span> 
     </span>
    </p>
   </div>
   <div class='ocr_carea' id='block_1_10' title="bbox 456 903 2034 975">
    <p class='ocr_par' dir='ltr' id='par_1_10' title="bbox 456 903 2034 975">
     <span class='ocr_line' id='line_1_10' title="bbox 456 903 2034 975; baseline -0.001 -16"><span class='ocrx_word' id='word_1_54' title='bbox 456 905 666 969; x_wconf 82' lang='lat' dir='ltr'><strong>intimo,</strong></span> <span class='ocrx_word' id='word_1_55' title='bbox 702 920 800 973; x_wconf 84' lang='lat' dir='ltr'><strong>pro</strong></span> <span class='ocrx_word' id='word_1_56' title='bbox 820 916 981 975; x_wconf 89' lang='lat' dir='ltr'><strong>captu</strong></span> <span class='ocrx_word' id='word_1_57' title='bbox 1032 906 1245 961; x_wconf 81' lang='lat' dir='ltr'><strong>scilicet</strong></span> <span class='ocrx_word' id='word_1_58' title='bbox 1293 904 1655 975; x_wconf 77' lang='lat' dir='ltr'><strong>singulorum.</strong></span> <span class='ocrx_word' id='word_1_59' title='bbox 1695 903 1894 958; x_wconf 83' lang='lat' dir='ltr'><strong>Eorum</strong></span> <span class='ocrx_word' id='word_1_60' title='bbox 1932 920 2034 958; x_wconf 85' lang='lat' dir='ltr'><strong>au-</strong></span> 
     </span>
    </p>
   </div>
   <div class='ocr_carea' id='block_1_11' title="bbox 453 996 2037 1067">
    <p class='ocr_par' dir='ltr' id='par_1_11' title="bbox 453 996 2037 1067">
     <span class='ocr_line' id='line_1_11' title="bbox 453 996 2037 1067; baseline 0.003 -18"><span class='ocrx_word' id='word_1_61' title='bbox 453 1009 564 1053; x_wconf 88' lang='lat' dir='ltr'><strong>tem</strong></span> <span class='ocrx_word' id='word_1_62' title='bbox 600 1012 720 1067; x_wconf 75' lang='lat' dir='ltr'><strong>qua:</strong></span> <span class='ocrx_word' id='word_1_63' title='bbox 743 999 1034 1063; x_wconf 79' lang='lat' dir='ltr'><strong>exsistunt,</strong></span> <span class='ocrx_word' id='word_1_64' title='bbox 1066 998 1169 1051; x_wconf 89' lang='lat' dir='ltr'><strong>alia</strong></span> <span class='ocrx_word' id='word_1_65' title='bbox 1199 998 1419 1066; x_wconf 78' lang='lat' dir='ltr'><strong>quidem</strong></span> <span class='ocrx_word' id='word_1_66' title='bbox 1449 998 1648 1051; x_wconf 91' lang='lat' dir='ltr'><strong>bonum</strong></span> <span class='ocrx_word' id='word_1_67' title='bbox 1684 996 1843 1064; x_wconf 80' lang='lat' dir='ltr'><strong>plane</strong></span> <span class='ocrx_word' id='word_1_68' title='bbox 1868 1000 2037 1066; x_wconf 84' lang='lat' dir='ltr'><strong>parti-</strong></span> 
     </span>
    </p>
   </div>
   <div class='ocr_carea' id='block_1_12' title="bbox 455 1088 2031 1157">
    <p class='ocr_par' dir='ltr' id='par_1_12' title="bbox 455 1088 2031 1157">
     <span class='ocr_line' id='line_1_12' title="bbox 455 1088 2031 1157; baseline 0.001 -17"><span class='ocrx_word' id='word_1_69' title='bbox 455 1089 663 1156; x_wconf 67' lang='lat' dir='ltr'><strong>t-ipant,</strong></span> <span class='ocrx_word' id='word_1_70' title='bbox 699 1088 804 1141; x_wconf 90' lang='lat' dir='ltr'><strong>alia</strong></span> <span class='ocrx_word' id='word_1_71' title='bbox 832 1097 1016 1143; x_wconf 91' lang='lat' dir='ltr'><strong>autem</strong></span> <span class='ocrx_word' id='word_1_72' title='bbox 1041 1102 1106 1142; x_wconf 91' lang='lat' dir='ltr'><strong>eo</strong></span> <span class='ocrx_word' id='word_1_73' title='bbox 1136 1088 1311 1157; x_wconf 84' lang='lat' dir='ltr'><strong>magis</strong></span> <span class='ocrx_word' id='word_1_74' title='bbox 1340 1088 1589 1143; x_wconf 84' lang='lat' dir='ltr'><strong>minusve</strong></span> <span class='ocrx_word' id='word_1_75' title='bbox 1622 1088 1831 1155; x_wconf 87' lang='lat' dir='ltr'><strong>privata</strong></span> <span class='ocrx_word' id='word_1_76' title='bbox 1860 1098 1987 1142; x_wconf 90' lang='lat' dir='ltr'><strong>sunt</strong></span> <span class='ocrx_word' id='word_1_77' title='bbox 2016 1106 2031 1155; x_wconf 91' lang='lat'><strong>;</strong></span> 
     </span>
    </p>
   </div>
   <div class='ocr_carea' id='block_1_13' title="bbox 455 1177 2033 1250">
    <p class='ocr_par' dir='ltr' id='par_1_13' title="bbox 455 1177 2033 1250">
     <span class='ocr_line' id='line_1_13' title="bbox 455 1177 2033 1250; baseline 0 -18"><span class='ocrx_word' id='word_1_78' title='bbox 455 1179 558 1232; x_wconf 86' lang='lat' dir='ltr'><strong>alia</strong></span> <span class='ocrx_word' id='word_1_79' title='bbox 608 1192 740 1233; x_wconf 85' lang='lat' dir='ltr'><strong>vero</strong></span> <span class='ocrx_word' id='word_1_80' title='bbox 795 1178 1101 1233; x_wconf 81' lang='lat' dir='ltr'><strong>tenuiorem</strong></span> <span class='ocrx_word' id='word_1_81' title='bbox 1150 1177 1443 1246; x_wconf 82' lang='lat' dir='ltr'><strong>quamdam</strong></span> <span class='ocrx_word' id='word_1_82' title='bbox 1507 1177 1633 1232; x_wconf 87' lang='lat' dir='ltr'><strong>boni</strong></span> <span class='ocrx_word' id='word_1_83' title='bbox 1685 1179 2033 1250; x_wconf 65' lang='lat' dir='ltr'><strong>praesentiam</strong></span> 
     </span>
    </p>
   </div>
   <div class='ocr_carea' id='block_1_14' title="bbox 457 1267 2033 1339">
    <p class='ocr_par' dir='ltr' id='par_1_14' title="bbox 457 1267 2033 1339">
     <span class='ocr_line' id='line_1_14' title="bbox 457 1267 2033 1339; baseline -0.001 -16"><span class='ocrx_word' id='word_1_84' title='bbox 457 1269 782 1334; x_wconf 86' lang='lat' dir='ltr'><strong>sortiuntur,</strong></span> <span class='ocrx_word' id='word_1_85' title='bbox 810 1269 932 1324; x_wconf 81' lang='lat' dir='ltr'><strong>aliis</strong></span> <span class='ocrx_word' id='word_1_86' title='bbox 979 1269 1217 1337; x_wconf 89' lang='lat' dir='ltr'><strong>denique</strong></span> <span class='ocrx_word' id='word_1_87' title='bbox 1269 1267 1395 1323; x_wconf 88' lang='lat' dir='ltr'><strong>boni</strong></span> <span class='ocrx_word' id='word_1_88' title='bbox 1437 1268 1689 1322; x_wconf 90' lang='lat' dir='ltr'><strong>ultimum</strong></span> <span class='ocrx_word' id='word_1_89' title='bbox 1744 1270 2033 1339; x_wconf 78' lang='lat' dir='ltr'><strong>vestigium</strong></span> 
     </span>
    </p>
   </div>
   <div class='ocr_carea' id='block_1_15' title="bbox 453 1361 2036 1433">
    <p class='ocr_par' dir='ltr' id='par_1_15' title="bbox 453 1361 2036 1433">
     <span class='ocr_line' id='line_1_15' title="bbox 453 1361 2036 1433; baseline 0.001 -17"><span class='ocrx_word' id='word_1_90' title='bbox 453 1362 706 1433; x_wconf 79' lang='lat' dir='ltr'><strong>obtingit.</strong></span> <span class='ocrx_word' id='word_1_91' title='bbox 742 1361 858 1417; x_wconf 84' lang='lat' dir='ltr'><strong>Nisi</strong></span> <span class='ocrx_word' id='word_1_92' title='bbox 886 1363 1031 1417; x_wconf 91' lang='lat' dir='ltr'><strong>enim</strong></span> <span class='ocrx_word' id='word_1_93' title='bbox 1071 1362 1274 1416; x_wconf 91' lang='lat' dir='ltr'><strong>bonum</strong></span> <span class='ocrx_word' id='word_1_94' title='bbox 1306 1377 1403 1433; x_wconf 92' lang='lat' dir='ltr'><strong>pro</strong></span> <span class='ocrx_word' id='word_1_95' title='bbox 1438 1363 1697 1430; x_wconf 83' lang='lat' dir='ltr'><strong>cuiusque</strong></span> <span class='ocrx_word' id='word_1_96' title='bbox 1722 1373 1882 1431; x_wconf 79' lang='lat' dir='ltr'><strong>caput</strong></span> <span class='ocrx_word' id='word_1_97' title='bbox 1923 1363 2036 1417; x_wconf 87' lang='lat' dir='ltr'><strong>sin-</strong></span> 
     </span>
    </p>
   </div>
   <div class='ocr_carea' id='block_1_16' title="bbox 456 1452 2036 1523">
    <p class='ocr_par' dir='ltr' id='par_1_16' title="bbox 456 1452 2036 1523">
     <span class='ocr_line' id='line_1_16' title="bbox 456 1452 2036 1523; baseline 0.001 -17"><span class='ocrx_word' id='word_1_98' title='bbox 456 1453 598 1522; x_wconf 74' lang='lat' dir='ltr'><strong>gulis</strong></span> <span class='ocrx_word' id='word_1_99' title='bbox 633 1452 871 1519; x_wconf 82' lang='lat' dir='ltr'><strong>adesset,</strong></span> <span class='ocrx_word' id='word_1_100' title='bbox 905 1453 1092 1522; x_wconf 87' lang='lat' dir='ltr'><strong>utique</strong></span> <span class='ocrx_word' id='word_1_101' title='bbox 1142 1454 1521 1523; x_wconf 87' lang='lat' dir='ltr'><strong>antiquissima</strong></span> <span class='ocrx_word' id='word_1_102' title='bbox 1578 1454 2036 1523; x_wconf 86' lang='lat' dir='ltr'><strong>divinissimaque</strong></span> 
     </span>
    </p>
   </div>
   <div class='ocr_carea' id='block_1_17' title="bbox 460 1546 2034 1615">
    <p class='ocr_par' dir='ltr' id='par_1_17' title="bbox 460 1546 2034 1615">
     <span class='ocr_line' id='line_1_17' title="bbox 460 1546 2034 1615; baseline 0.001 -16"><span class='ocrx_word' id='word_1_103' title='bbox 460 1553 665 1610; x_wconf 87' lang='lat' dir='ltr'><strong>essent,</strong></span> <span class='ocrx_word' id='word_1_104' title='bbox 698 1560 817 1615; x_wconf 75' lang='lat' dir='ltr'><strong>qua:</strong></span> <span class='ocrx_word' id='word_1_105' title='bbox 876 1546 1300 1601; x_wconf 83' lang='lat' dir='ltr'><strong>novissimorum</strong></span> <span class='ocrx_word' id='word_1_106' title='bbox 1349 1546 1508 1601; x_wconf 90' lang='lat' dir='ltr'><strong>modo</strong></span> <span class='ocrx_word' id='word_1_107' title='bbox 1550 1547 1796 1601; x_wconf 88' lang='lat' dir='ltr'><strong>ordinem</strong></span> <span class='ocrx_word' id='word_1_108' title='bbox 1828 1554 2034 1601; x_wconf 89' lang='lat' dir='ltr'><strong>tenent.</strong></span> 
     </span>
    </p>
   </div>
   <div class='ocr_carea' id='block_1_18' title="bbox 457 1636 2037 1707">
    <p class='ocr_par' dir='ltr' id='par_1_18' title="bbox 457 1636 2037 1707">
     <span class='ocr_line' id='line_1_18' title="bbox 457 1636 2037 1707; baseline 0.003 -18"><span class='ocrx_word' id='word_1_109' title='bbox 457 1636 705 1703; x_wconf 81' lang='lat' dir='ltr'><strong>Quonam</strong></span> <span class='ocrx_word' id='word_1_110' title='bbox 762 1645 943 1691; x_wconf 85' lang='lat' dir='ltr'><strong>autem</strong></span> <span class='ocrx_word' id='word_1_111' title='bbox 994 1646 1153 1706; x_wconf 87' lang='lat' dir='ltr'><strong>pacto</strong></span> <span class='ocrx_word' id='word_1_112' title='bbox 1182 1637 1298 1692; x_wconf 83' lang='lat' dir='ltr'><strong>ﬁeri</strong></span> <span class='ocrx_word' id='word_1_113' title='bbox 1338 1649 1570 1707; x_wconf 89' lang='lat' dir='ltr'><strong>poterat,</strong></span> <span class='ocrx_word' id='word_1_114' title='bbox 1600 1649 1659 1693; x_wconf 90' lang='lat' dir='ltr'><strong>ut</strong></span> <span class='ocrx_word' id='word_1_115' title='bbox 1690 1637 2037 1693; x_wconf 80' lang='lat' dir='ltr'><strong>uniformiter</strong></span> 
     </span>
    </p>
   </div>
   <div class='ocr_carea' id='block_1_19' title="bbox 456 1729 2041 1801">
    <p class='ocr_par' dir='ltr' id='par_1_19' title="bbox 456 1729 2041 1801">
     <span class='ocr_line' id='line_1_19' title="bbox 456 1729 2041 1801; baseline 0.002 -19"><span class='ocrx_word' id='word_1_116' title='bbox 456 1729 639 1783; x_wconf 88' lang='lat' dir='ltr'><strong>omnia</strong></span> <span class='ocrx_word' id='word_1_117' title='bbox 673 1730 874 1785; x_wconf 91' lang='lat' dir='ltr'><strong>bonum</strong></span> <span class='ocrx_word' id='word_1_118' title='bbox 917 1730 1337 1799; x_wconf 84' lang='lat' dir='ltr'><strong>participarcnt,</strong></span> <span class='ocrx_word' id='word_1_119' title='bbox 1388 1747 1509 1785; x_wconf 81' lang='lat' dir='ltr'><strong>cum</strong></span> <span class='ocrx_word' id='word_1_120' title='bbox 1542 1732 1795 1801; x_wconf 72' lang='lat' dir='ltr'><strong>qna-libet</strong></span> <span class='ocrx_word' id='word_1_121' title='bbox 1830 1732 1897 1786; x_wconf 92' lang='lat' dir='ltr'><strong>ad</strong></span> <span class='ocrx_word' id='word_1_122' title='bbox 1926 1746 2041 1787; x_wconf 91' lang='lat' dir='ltr'><strong>om-</strong></span> 
     </span>
    </p>
   </div>
   <div class='ocr_carea' id='block_1_20' title="bbox 460 1814 2111 1893">
    <p class='ocr_par' dir='ltr' id='par_1_20' title="bbox 460 1814 2111 1893">
     <span class='ocr_line' id='line_1_20' title="bbox 460 1814 2111 1893; baseline 0.005 -18"><span class='ocrx_word' id='word_1_123' title='bbox 460 1822 734 1877; x_wconf 90' lang='lat' dir='ltr'><strong>nimodam</strong></span> <span class='ocrx_word' id='word_1_124' title='bbox 768 1823 896 1877; x_wconf 92' lang='lat' dir='ltr'><strong>boni</strong></span> <span class='ocrx_word' id='word_1_125' title='bbox 926 1824 1403 1893; x_wconf 86' lang='lat' dir='ltr'><strong>participationem</strong></span> <span class='ocrx_word' id='word_1_126' title='bbox 1436 1824 1659 1879; x_wconf 87' lang='lat' dir='ltr'><strong>minime</strong></span> <span class='ocrx_word' id='word_1_127' title='bbox 1682 1826 1791 1879; x_wconf 89' lang='lat' dir='ltr'><strong>sint</strong></span> <span class='ocrx_word' id='word_1_128' title='bbox 1822 1840 2040 1885; x_wconf 85' lang='lat' dir='ltr'><strong>accom-</strong></span> <span class='ocrx_word' id='word_1_129' title='bbox 2071 1814 2111 1869; x_wconf 78' lang='grc' dir='ltr'><strong>Β</strong></span> 
     </span>
    </p>
   </div>
   <div class='ocr_carea' id='block_1_21' title="bbox 461 1912 2039 1988">
    <p class='ocr_par' dir='ltr' id='par_1_21' title="bbox 461 1912 2039 1988">
     <span class='ocr_line' id='line_1_21' title="bbox 461 1912 2039 1988; baseline 0.004 -22"><span class='ocrx_word' id='word_1_130' title='bbox 461 1912 723 1971; x_wconf 83' lang='lat' dir='ltr'><strong>modata‘l</strong></span> <span class='ocrx_word' id='word_1_131' title='bbox 753 1913 907 1971; x_wconf 84' lang='lat' dir='ltr'><strong>Nune</strong></span> <span class='ocrx_word' id='word_1_132' title='bbox 943 1926 1127 1971; x_wconf 84' lang='lat' dir='ltr'><strong>autem</strong></span> <span class='ocrx_word' id='word_1_133' title='bbox 1164 1917 1280 1971; x_wconf 68' lang='lat' dir='ltr'><strong>haec</strong></span> <span class='ocrx_word' id='word_1_134' title='bbox 1334 1925 1417 1971; x_wconf 87' lang='lat' dir='ltr'><strong>est</strong></span> <span class='ocrx_word' id='word_1_135' title='bbox 1459 1916 1717 1985; x_wconf 77' lang='lat' dir='ltr'><strong>potentiae</strong></span> <span class='ocrx_word' id='word_1_136' title='bbox 1741 1917 1869 1972; x_wconf 90' lang='lat' dir='ltr'><strong>boni</strong></span> <span class='ocrx_word' id='word_1_137' title='bbox 1898 1932 2039 1988; x_wconf 78' lang='lat' dir='ltr'><strong>prae-</strong></span> 
     </span>
    </p>
   </div>
   <div class='ocr_carea' id='block_1_22' title="bbox 458 2006 2039 2077">
    <p class='ocr_par' dir='ltr' id='par_1_22' title="bbox 458 2006 2039 2077">
     <span class='ocr_line' id='line_1_22' title="bbox 458 2006 2039 2077; baseline 0.003 -20"><span class='ocrx_word' id='word_1_138' title='bbox 458 2015 611 2061; x_wconf 82' lang='lat' dir='ltr'><strong>stans</strong></span> <span class='ocrx_word' id='word_1_139' title='bbox 644 2006 983 2077; x_wconf 79' lang='lat' dir='ltr'><strong>magnitudo,</strong></span> <span class='ocrx_word' id='word_1_140' title='bbox 1010 2015 1068 2060; x_wconf 85' lang='grc' dir='ltr'><strong>ιιι</strong></span> <span class='ocrx_word' id='word_1_141' title='bbox 1097 2022 1159 2062; x_wconf 90' lang='lat' dir='ltr'><strong>ea</strong></span> <span class='ocrx_word' id='word_1_142' title='bbox 1191 2023 1409 2077; x_wconf 86' lang='lat' dir='ltr'><strong>quoque</strong></span> <span class='ocrx_word' id='word_1_143' title='bbox 1438 2024 1559 2077; x_wconf 80' lang='lat' dir='ltr'><strong>qua:</strong></span> <span class='ocrx_word' id='word_1_144' title='bbox 1611 2018 1737 2063; x_wconf 89' lang='lat' dir='ltr'><strong>sunt</strong></span> <span class='ocrx_word' id='word_1_145' title='bbox 1771 2008 1914 2063; x_wconf 89' lang='lat' dir='ltr'><strong>illius</strong></span> <span class='ocrx_word' id='word_1_146' title='bbox 1944 2023 2039 2062; x_wconf 73' lang='lat' dir='ltr'><strong>ex-</strong></span> 
     </span>
    </p>
   </div>
   <div class='ocr_carea' id='block_1_23' title="bbox 459 2096 2037 2166">
    <p class='ocr_par' dir='ltr' id='par_1_23' title="bbox 459 2096 2037 2166">
     <span class='ocr_line' id='line_1_23' title="bbox 459 2096 2037 2166; baseline 0.002 -19"><span class='ocrx_word' id='word_1_147' title='bbox 459 2097 659 2165; x_wconf 74' lang='lat' dir='ltr'><strong>pertia,</strong></span> <span class='ocrx_word' id='word_1_148' title='bbox 686 2098 816 2166; x_wconf 90' lang='lat' dir='ltr'><strong>quin</strong></span> <span class='ocrx_word' id='word_1_149' title='bbox 852 2106 906 2150; x_wconf 89' lang='lat' dir='ltr'><strong>et</strong></span> <span class='ocrx_word' id='word_1_150' title='bbox 938 2097 1111 2166; x_wconf 86' lang='lat' dir='ltr'><strong>ipsam</strong></span> <span class='ocrx_word' id='word_1_151' title='bbox 1156 2096 1239 2150; x_wconf 89' lang='lat' dir='ltr'><strong>sui</strong></span> <span class='ocrx_word' id='word_1_152' title='bbox 1294 2098 1653 2166; x_wconf 74' lang='lat' dir='ltr'><strong>privationem</strong></span> <span class='ocrx_word' id='word_1_153' title='bbox 1694 2098 2037 2163; x_wconf 88' lang='lat' dir='ltr'><strong>corroboret,</strong></span> 
     </span>
    </p>
   </div>
   <div class='ocr_carea' id='block_1_24' title="bbox 462 2189 2040 2262">
    <p class='ocr_par' dir='ltr' id='par_1_24' title="bbox 462 2189 2040 2262">
     <span class='ocr_line' id='line_1_24' title="bbox 462 2189 2040 2262; baseline -0.001 -15"><span class='ocrx_word' id='word_1_154' title='bbox 462 2195 529 2247; x_wconf 92' lang='lat' dir='ltr'><strong>ad</strong></span> <span class='ocrx_word' id='word_1_155' title='bbox 554 2194 729 2262; x_wconf 78' lang='lat' dir='ltr'><strong>ipsum</strong></span> <span class='ocrx_word' id='word_1_156' title='bbox 782 2193 1007 2246; x_wconf 89' lang='lat' dir='ltr'><strong>omnino</strong></span> <span class='ocrx_word' id='word_1_157' title='bbox 1065 2190 1524 2260; x_wconf 85' lang='lat' dir='ltr'><strong>participanduin.</strong></span> <span class='ocrx_word' id='word_1_158' title='bbox 1554 2189 1707 2256; x_wconf 84' lang='lat' dir='ltr'><strong>Quod</strong></span> <span class='ocrx_word' id='word_1_159' title='bbox 1760 2190 1804 2245; x_wconf 88' lang='lat' dir='ltr'><strong>si</strong></span> <span class='ocrx_word' id='word_1_160' title='bbox 1869 2190 2040 2245; x_wconf 83' lang='lat' dir='ltr'><strong>conﬂ-</strong></span> 
     </span>
    </p>
   </div>
   <div class='ocr_carea' id='block_1_25' title="bbox 462 2279 2037 2351">
    <p class='ocr_par' dir='ltr' id='par_1_25' title="bbox 462 2279 2037 2351">
     <span class='ocr_line' id='line_1_25' title="bbox 462 2279 2037 2351; baseline 0 -16"><span class='ocrx_word' id='word_1_161' title='bbox 462 2283 682 2339; x_wconf 89' lang='lat' dir='ltr'><strong>dentius</strong></span> <span class='ocrx_word' id='word_1_162' title='bbox 713 2296 900 2337; x_wconf 90' lang='lat' dir='ltr'><strong>verum</strong></span> <span class='ocrx_word' id='word_1_163' title='bbox 939 2279 1185 2351; x_wconf 79' lang='lat' dir='ltr'><strong>proferre</strong></span> <span class='ocrx_word' id='word_1_164' title='bbox 1248 2281 1429 2345; x_wconf 89' lang='lat' dir='ltr'><strong>liceat,</strong></span> <span class='ocrx_word' id='word_1_165' title='bbox 1483 2281 1572 2334; x_wconf 89' lang='lat' dir='ltr'><strong>illa</strong></span> <span class='ocrx_word' id='word_1_166' title='bbox 1624 2280 1934 2349; x_wconf 70' lang='lat' dir='ltr'><strong>etiamquae</strong></span> <span class='ocrx_word' id='word_1_167' title='bbox 1963 2280 2037 2335; x_wconf 83' lang='lat' dir='ltr'><strong>illi</strong></span> 
     </span>
    </p>
   </div>
   <div class='ocr_carea' id='block_1_26' title="bbox 463 2374 2041 2444">
    <p class='ocr_par' dir='ltr' id='par_1_26' title="bbox 463 2374 2041 2444">
     <span class='ocr_line' id='line_1_26' title="bbox 463 2374 2041 2444; baseline -0.001 -14"><span class='ocrx_word' id='word_1_168' title='bbox 463 2376 741 2431; x_wconf 78' lang='lat' dir='ltr'><strong>contraria</strong></span> <span class='ocrx_word' id='word_1_169' title='bbox 774 2383 924 2439; x_wconf 90' lang='lat' dir='ltr'><strong>sunt,</strong></span> <span class='ocrx_word' id='word_1_170' title='bbox 974 2374 1091 2443; x_wconf 82' lang='lat' dir='ltr'><strong>ejus</strong></span> <span class='ocrx_word' id='word_1_171' title='bbox 1140 2375 1189 2428; x_wconf 96' lang='lat' dir='ltr'><strong>vi</strong></span> <span class='ocrx_word' id='word_1_172' title='bbox 1223 2383 1278 2428; x_wconf 87' lang='lat' dir='ltr'><strong>et</strong></span> <span class='ocrx_word' id='word_1_173' title='bbox 1309 2385 1436 2429; x_wconf 88' lang='lat' dir='ltr'><strong>sunt</strong></span> <span class='ocrx_word' id='word_1_174' title='bbox 1492 2385 1547 2429; x_wconf 89' lang='lat' dir='ltr'><strong>et</strong></span> <span class='ocrx_word' id='word_1_175' title='bbox 1581 2388 1880 2444; x_wconf 81' lang='lat' dir='ltr'><strong>repugnare</strong></span> <span class='ocrx_word' id='word_1_176' title='bbox 1916 2389 2041 2444; x_wconf 79' lang='lat' dir='ltr'><strong>pos-</strong></span> 
     </span>
    </p>
   </div>
   <div class='ocr_carea' id='block_1_27' title="bbox 464 2468 2042 2537">
    <p class='ocr_par' dir='ltr' id='par_1_27' title="bbox 464 2468 2042 2537">
     <span class='ocr_line' id='line_1_27' title="bbox 464 2468 2042 2537; baseline -0.004 -14"><span class='ocrx_word' id='word_1_177' title='bbox 464 2481 621 2534; x_wconf 87' lang='lat' dir='ltr'><strong>sunt;</strong></span> <span class='ocrx_word' id='word_1_178' title='bbox 652 2479 749 2523; x_wconf 89' lang='lat' dir='ltr'><strong>aut</strong></span> <span class='ocrx_word' id='word_1_179' title='bbox 777 2470 978 2537; x_wconf 84' lang='lat' dir='ltr'><strong>potius,</strong></span> <span class='ocrx_word' id='word_1_180' title='bbox 1008 2477 1064 2521; x_wconf 90' lang='lat' dir='ltr'><strong>ut</strong></span> <span class='ocrx_word' id='word_1_181' title='bbox 1092 2468 1402 2521; x_wconf 84' lang='lat' dir='ltr'><strong>summatim</strong></span> <span class='ocrx_word' id='word_1_182' title='bbox 1425 2468 1630 2530; x_wconf 87' lang='lat' dir='ltr'><strong>dicam,</strong></span> <span class='ocrx_word' id='word_1_183' title='bbox 1660 2482 1723 2521; x_wconf 90' lang='lat' dir='ltr'><strong>ea</strong></span> <span class='ocrx_word' id='word_1_184' title='bbox 1756 2482 1881 2535; x_wconf 76' lang='lat' dir='ltr'><strong>qua:</strong></span> <span class='ocrx_word' id='word_1_185' title='bbox 1912 2474 2042 2521; x_wconf 82' lang='lat' dir='ltr'><strong>sunt</strong></span> 
     </span>
    </p>
   </div>
   <div class='ocr_carea' id='block_1_28' title="bbox 462 2561 2039 2632">
    <p class='ocr_par' dir='ltr' id='par_1_28' title="bbox 462 2561 2039 2632">
     <span class='ocr_line' id='line_1_28' title="bbox 462 2561 2039 2632; baseline -0.003 -15"><span class='ocrx_word' id='word_1_186' title='bbox 462 2564 666 2629; x_wconf 89' lang='lat' dir='ltr'><strong>omnia,</strong></span> <span class='ocrx_word' id='word_1_187' title='bbox 695 2563 749 2616; x_wconf 92' lang='lat' dir='ltr'><strong>iu</strong></span> <span class='ocrx_word' id='word_1_188' title='bbox 768 2573 1031 2632; x_wconf 86' lang='lat' dir='ltr'><strong>quantum</strong></span> <span class='ocrx_word' id='word_1_189' title='bbox 1066 2572 1217 2626; x_wconf 89' lang='lat' dir='ltr'><strong>sunt,</strong></span> <span class='ocrx_word' id='word_1_190' title='bbox 1248 2572 1301 2615; x_wconf 89' lang='lat' dir='ltr'><strong>et</strong></span> <span class='ocrx_word' id='word_1_191' title='bbox 1332 2563 1471 2616; x_wconf 88' lang='lat' dir='ltr'><strong>bona</strong></span> <span class='ocrx_word' id='word_1_192' title='bbox 1522 2571 1577 2614; x_wconf 77' lang='lat' dir='ltr'><strong>ct</strong></span> <span class='ocrx_word' id='word_1_193' title='bbox 1600 2576 1669 2615; x_wconf 74' lang='lat' dir='ltr'><strong>ex</strong></span> <span class='ocrx_word' id='word_1_194' title='bbox 1702 2561 1844 2615; x_wconf 92' lang='lat' dir='ltr'><strong>bono</strong></span> <span class='ocrx_word' id='word_1_195' title='bbox 1874 2569 2039 2627; x_wconf 79' lang='lat' dir='ltr'><strong>sunt;</strong></span> 
     </span>
    </p>
   </div>
   <div class='ocr_carea' id='block_1_29' title="bbox 466 2654 2039 2724">
    <p class='ocr_par' dir='ltr' id='par_1_29' title="bbox 466 2654 2039 2724">
     <span class='ocr_line' id='line_1_29' title="bbox 466 2654 2039 2724; baseline -0.002 -16"><span class='ocrx_word' id='word_1_196' title='bbox 466 2656 522 2708; x_wconf 86' lang='lat' dir='ltr'><strong>iit</strong></span> <span class='ocrx_word' id='word_1_197' title='bbox 547 2663 811 2724; x_wconf 87' lang='lat' dir='ltr'><strong>quantum</strong></span> <span class='ocrx_word' id='word_1_198' title='bbox 854 2664 1037 2709; x_wconf 88' lang='lat' dir='ltr'><strong>autem</strong></span> <span class='ocrx_word' id='word_1_199' title='bbox 1072 2654 1214 2707; x_wconf 91' lang='lat' dir='ltr'><strong>bono</strong></span> <span class='ocrx_word' id='word_1_200' title='bbox 1239 2657 1447 2724; x_wconf 85' lang='lat' dir='ltr'><strong>privata</strong></span> <span class='ocrx_word' id='word_1_201' title='bbox 1502 2663 1650 2716; x_wconf 89' lang='lat' dir='ltr'><strong>sunt,</strong></span> <span class='ocrx_word' id='word_1_202' title='bbox 1701 2668 1874 2722; x_wconf 85' lang='lat' dir='ltr'><strong>neque</strong></span> <span class='ocrx_word' id='word_1_203' title='bbox 1901 2654 2039 2707; x_wconf 87' lang='lat' dir='ltr'><strong>bona</strong></span> 
     </span>
    </p>
   </div>
   <div class='ocr_carea' id='block_1_30' title="bbox 470 2744 2040 2814">
    <p class='ocr_par' dir='ltr' id='par_1_30' title="bbox 470 2744 2040 2814">
     <span class='ocr_line' id='line_1_30' title="bbox 470 2744 2040 2814; baseline 0 -17"><span class='ocrx_word' id='word_1_204' title='bbox 470 2752 620 2811; x_wconf 88' lang='lat' dir='ltr'><strong>sunt,</strong></span> <span class='ocrx_word' id='word_1_205' title='bbox 659 2758 834 2811; x_wconf 87' lang='lat' dir='ltr'><strong>neque</strong></span> <span class='ocrx_word' id='word_1_206' title='bbox 868 2745 1161 2801; x_wconf 85' lang='lat' dir='ltr'><strong>exsistunt.</strong></span> <span class='ocrx_word' id='word_1_207' title='bbox 1201 2745 1255 2797; x_wconf 91' lang='lat' dir='ltr'><strong>In</strong></span> <span class='ocrx_word' id='word_1_208' title='bbox 1287 2745 1502 2799; x_wconf 75' lang='lat' dir='ltr'><strong>czeleris</strong></span> <span class='ocrx_word' id='word_1_209' title='bbox 1528 2759 1721 2814; x_wconf 88' lang='lat' dir='ltr'><strong>nempe</strong></span> <span class='ocrx_word' id='word_1_210' title='bbox 1765 2744 2040 2814; x_wconf 84' lang='lat' dir='ltr'><strong>qualitati-</strong></span> 
     </span>
    </p>
   </div>
   <div class='ocr_carea' id='block_1_31' title="bbox 464 2834 2037 2908">
    <p class='ocr_par' dir='ltr' id='par_1_31' title="bbox 464 2834 2037 2908">
     <span class='ocr_line' id='line_1_31' title="bbox 464 2834 2037 2908; baseline -0.002 -17"><span class='ocrx_word' id='word_1_211' title='bbox 464 2838 589 2903; x_wconf 87' lang='lat' dir='ltr'><strong>bus,</strong></span> <span class='ocrx_word' id='word_1_212' title='bbox 623 2836 772 2892; x_wconf 88' lang='lat' dir='ltr'><strong>velut</strong></span> <span class='ocrx_word' id='word_1_213' title='bbox 799 2838 852 2891; x_wconf 92' lang='lat' dir='ltr'><strong>in</strong></span> <span class='ocrx_word' id='word_1_214' title='bbox 876 2838 1060 2892; x_wconf 87' lang='lat' dir='ltr'><strong>calore</strong></span> <span class='ocrx_word' id='word_1_215' title='bbox 1099 2836 1181 2891; x_wconf 90' lang='lat' dir='ltr'><strong>vel</strong></span> <span class='ocrx_word' id='word_1_216' title='bbox 1224 2836 1449 2908; x_wconf 75' lang='lat' dir='ltr'><strong>frigore,</strong></span> <span class='ocrx_word' id='word_1_217' title='bbox 1501 2836 1590 2890; x_wconf 90' lang='lat' dir='ltr'><strong>illa</strong></span> <span class='ocrx_word' id='word_1_218' title='bbox 1637 2851 1758 2907; x_wconf 68' lang='lat' dir='ltr'><strong>qua:</strong></span> <span class='ocrx_word' id='word_1_219' title='bbox 1776 2834 2037 2892; x_wconf 79' lang='lat' dir='ltr'><strong>calefacta</strong></span> 
     </span>
    </p>
   </div>
   <div class='ocr_carea' id='block_1_32' title="bbox 468 2928 2044 3000">
    <p class='ocr_par' dir='ltr' id='par_1_32' title="bbox 468 2928 2044 3000">
     <span class='ocr_line' id='line_1_32' title="bbox 468 2928 2044 3000; baseline -0.002 -16"><span class='ocrx_word' id='word_1_220' title='bbox 468 2929 690 2986; x_wconf 75' lang='lat' dir='ltr'><strong>fuerunt</strong></span> <span class='ocrx_word' id='word_1_221' title='bbox 710 2944 998 3000; x_wconf 83' lang='lat' dir='ltr'><strong>superesse</strong></span> <span class='ocrx_word' id='word_1_222' title='bbox 1026 2942 1241 2999; x_wconf 87' lang='lat' dir='ltr'><strong>quoque</strong></span> <span class='ocrx_word' id='word_1_223' title='bbox 1288 2938 1540 2999; x_wconf 84' lang='lat' dir='ltr'><strong>possunt,</strong></span> <span class='ocrx_word' id='word_1_224' title='bbox 1569 2939 1859 3000; x_wconf 84' lang='lat' dir='ltr'><strong>postquam</strong></span> <span class='ocrx_word' id='word_1_225' title='bbox 1895 2928 2044 2983; x_wconf 89' lang='lat' dir='ltr'><strong>calor</strong></span> 
     </span>
    </p>
   </div>
   <div class='ocr_carea' id='block_1_33' title="bbox 469 3020 2039 3092">
    <p class='ocr_par' dir='ltr' id='par_1_33' title="bbox 469 3020 2039 3092">
     <span class='ocr_line' id='line_1_33' title="bbox 469 3020 2039 3092; baseline -0.002 -13"><span class='ocrx_word' id='word_1_226' title='bbox 469 3039 532 3079; x_wconf 89' lang='lat' dir='ltr'><strong>ea</strong></span> <span class='ocrx_word' id='word_1_227' title='bbox 562 3023 822 3090; x_wconf 86' lang='lat' dir='ltr'><strong>deseruit,</strong></span> <span class='ocrx_word' id='word_1_228' title='bbox 855 3020 1210 3092; x_wconf 71' lang='lat' dir='ltr'><strong>plurimatque</strong></span> <span class='ocrx_word' id='word_1_229' title='bbox 1230 3035 1319 3077; x_wconf 86' lang='lat' dir='ltr'><strong>res</strong></span> <span class='ocrx_word' id='word_1_230' title='bbox 1337 3022 1608 3077; x_wconf 78' lang='lat' dir='ltr'><strong>exsistunt</strong></span> <span class='ocrx_word' id='word_1_231' title='bbox 1629 3036 1752 3076; x_wconf 91' lang='lat' dir='ltr'><strong>cum</strong></span> <span class='ocrx_word' id='word_1_232' title='bbox 1780 3022 1907 3076; x_wconf 74' lang='lat' dir='ltr'><strong>vita:</strong></span> <span class='ocrx_word' id='word_1_233' title='bbox 1928 3034 2039 3076; x_wconf 90' lang='lat' dir='ltr'><strong>tum</strong></span> 
     </span>
    </p>
   </div>
   <div class='ocr_carea' id='block_1_34' title="bbox 469 3113 2039 3185">
    <p class='ocr_par' dir='ltr' id='par_1_34' title="bbox 469 3113 2039 3185">
     <span class='ocr_line' id='line_1_34' title="bbox 469 3113 2039 3185; baseline -0.001 -15"><span class='ocrx_word' id='word_1_234' title='bbox 469 3117 668 3172; x_wconf 89' lang='lat' dir='ltr'><strong>mentis</strong></span> <span class='ocrx_word' id='word_1_235' title='bbox 691 3115 1139 3185; x_wconf 64' lang='lat' dir='ltr'><strong>etpertcs,quin</strong></span> <span class='ocrx_word' id='word_1_236' title='bbox 1168 3122 1225 3168; x_wconf 88' lang='lat' dir='ltr'><strong>et</strong></span> <span class='ocrx_word' id='word_1_237' title='bbox 1290 3114 1409 3184; x_wconf 82' lang='lat' dir='ltr'><strong>ipse</strong></span> <span class='ocrx_word' id='word_1_238' title='bbox 1448 3113 1612 3179; x_wconf 87' lang='lat' dir='ltr'><strong>Deus,</strong></span> <span class='ocrx_word' id='word_1_239' title='bbox 1654 3128 1685 3167; x_wconf 84' lang='lat' dir='ltr'><strong>a</strong></span> <span class='ocrx_word' id='word_1_240' title='bbox 1732 3114 2039 3169; x_wconf 81' lang='lat' dir='ltr'><strong>substantia</strong></span> 
     </span>
    </p>
   </div>
   <div class='ocr_carea' id='block_1_35' title="bbox 473 3204 2044 3277">
    <p class='ocr_par' dir='ltr' id='par_1_35' title="bbox 473 3204 2044 3277">
     <span class='ocr_line' id='line_1_35' title="bbox 473 3204 2044 3277; baseline -0.003 -14"><span class='ocrx_word' id='word_1_241' title='bbox 473 3218 717 3264; x_wconf 89' lang='lat' dir='ltr'><strong>secretus</strong></span> <span class='ocrx_word' id='word_1_242' title='bbox 735 3204 1340 3277; x_wconf 86' lang='lat' dir='ltr'><strong>suprasubstantialiter</strong></span> <span class='ocrx_word' id='word_1_243' title='bbox 1359 3213 1539 3259; x_wconf 84' lang='lat' dir='ltr'><strong>tamen</strong></span> <span class='ocrx_word' id='word_1_244' title='bbox 1560 3205 1791 3261; x_wconf 73' lang='lat' dir='ltr'><strong>exsistit.</strong></span> <span class='ocrx_word' id='word_1_245' title='bbox 1818 3205 1887 3260; x_wconf 84' lang='lat' dir='ltr'><strong>Et</strong></span> <span class='ocrx_word' id='word_1_246' title='bbox 1912 3206 2044 3260; x_wconf 88' lang='lat' dir='ltr'><strong>sitn-</strong></span> 
     </span>
    </p>
   </div>
   <div class='ocr_carea' id='block_1_36' title="bbox 471 3296 2046 3370">
    <p class='ocr_par' dir='ltr' id='par_1_36' title="bbox 471 3296 2046 3370">
     <span class='ocr_line' id='line_1_36' title="bbox 471 3296 2046 3370; baseline -0.003 -16"><span class='ocrx_word' id='word_1_247' title='bbox 471 3300 687 3370; x_wconf 87' lang='lat' dir='ltr'><strong>pliciter</strong></span> <span class='ocrx_word' id='word_1_248' title='bbox 720 3302 770 3352; x_wconf 80' lang='lat' dir='ltr'><strong>in</strong></span> <span class='ocrx_word' id='word_1_249' title='bbox 795 3298 1046 3351; x_wconf 88' lang='lat' dir='ltr'><strong>omnibus</strong></span> <span class='ocrx_word' id='word_1_250' title='bbox 1083 3296 1229 3364; x_wconf 87' lang='lat' dir='ltr'><strong>aliis,</strong></span> <span class='ocrx_word' id='word_1_251' title='bbox 1279 3299 1395 3351; x_wconf 83' lang='lat' dir='ltr'><strong>sive</strong></span> <span class='ocrx_word' id='word_1_252' title='bbox 1428 3296 1647 3350; x_wconf 87' lang='lat' dir='ltr'><strong>habitus</strong></span> <span class='ocrx_word' id='word_1_253' title='bbox 1696 3297 1927 3350; x_wconf 87' lang='lat' dir='ltr'><strong>amissus</strong></span> <span class='ocrx_word' id='word_1_254' title='bbox 1951 3296 2046 3360; x_wconf 86' lang='lat' dir='ltr'><strong>sit,</strong></span> 
     </span>
    </p>
   </div>
   <div class='ocr_carea' id='block_1_37' title="bbox 472 3388 2049 3459">
    <p class='ocr_par' dir='ltr' id='par_1_37' title="bbox 472 3388 2049 3459">
     <span class='ocr_line' id='line_1_37' title="bbox 472 3388 2049 3459; baseline -0.001 -14"><span class='ocrx_word' id='word_1_255' title='bbox 472 3392 587 3445; x_wconf 88' lang='lat' dir='ltr'><strong>sive</strong></span> <span class='ocrx_word' id='word_1_256' title='bbox 619 3389 839 3459; x_wconf 85' lang='lat' dir='ltr'><strong>penitus</strong></span> <span class='ocrx_word' id='word_1_257' title='bbox 884 3402 990 3443; x_wconf 89' lang='lat' dir='ltr'><strong>non</strong></span> <span class='ocrx_word' id='word_1_258' title='bbox 1050 3388 1232 3454; x_wconf 80' lang='lat' dir='ltr'><strong>fuerit,</strong></span> <span class='ocrx_word' id='word_1_259' title='bbox 1288 3403 1376 3443; x_wconf 87' lang='lat' dir='ltr'><strong>res</strong></span> <span class='ocrx_word' id='word_1_260' title='bbox 1421 3397 1598 3442; x_wconf 86' lang='lat' dir='ltr'><strong>tamen</strong></span> <span class='ocrx_word' id='word_1_261' title='bbox 1653 3388 1782 3458; x_wconf 66' lang='lat' dir='ltr'><strong>ipsa:</strong></span> <span class='ocrx_word' id='word_1_262' title='bbox 1810 3401 1961 3453; x_wconf 87' lang='lat' dir='ltr'><strong>sunt,</strong></span> <span class='ocrx_word' id='word_1_263' title='bbox 1992 3398 2049 3444; x_wconf 90' lang='lat' dir='ltr'><strong>et</strong></span> 
     </span>
    </p>
   </div>
   <div class='ocr_carea' id='block_1_38' title="bbox 473 3479 2047 3550">
    <p class='ocr_par' dir='ltr' id='par_1_38' title="bbox 473 3479 2047 3550">
     <span class='ocr_line' id='line_1_38' title="bbox 473 3479 2047 3550; baseline -0.002 -13"><span class='ocrx_word' id='word_1_264' title='bbox 473 3490 725 3537; x_wconf 85' lang='lat' dir='ltr'><strong>constare</strong></span> <span class='ocrx_word' id='word_1_265' title='bbox 757 3489 1024 3548; x_wconf 86' lang='lat' dir='ltr'><strong>possunt;</strong></span> <span class='ocrx_word' id='word_1_266' title='bbox 1059 3479 1204 3549; x_wconf 88' lang='lat' dir='ltr'><strong>quod</strong></span> <span class='ocrx_word' id='word_1_267' title='bbox 1226 3487 1410 3533; x_wconf 91' lang='lat' dir='ltr'><strong>autem</strong></span> <span class='ocrx_word' id='word_1_268' title='bbox 1448 3480 1588 3533; x_wconf 92' lang='lat' dir='ltr'><strong>bono</strong></span> <span class='ocrx_word' id='word_1_269' title='bbox 1619 3494 1843 3548; x_wconf 87' lang='lat' dir='ltr'><strong>prorsus</strong></span> <span class='ocrx_word' id='word_1_270' title='bbox 1868 3482 2047 3550; x_wconf 88' lang='lat' dir='ltr'><strong>priva-</strong></span> 
     </span>
    </p>
   </div>
   <div class='ocr_carea' id='block_1_39' title="bbox 475 3573 2047 3644">
    <p class='ocr_par' dir='ltr' id='par_1_39' title="bbox 475 3573 2047 3644">
     <span class='ocr_line' id='line_1_39' title="bbox 475 3573 2047 3644; baseline -0.002 -13"><span class='ocrx_word' id='word_1_271' title='bbox 475 3589 589 3632; x_wconf 90' lang='lat' dir='ltr'><strong>tum</strong></span> <span class='ocrx_word' id='word_1_272' title='bbox 615 3587 722 3640; x_wconf 90' lang='lat' dir='ltr'><strong>est,</strong></span> <span class='ocrx_word' id='word_1_273' title='bbox 756 3576 806 3630; x_wconf 90' lang='lat' dir='ltr'><strong>id</strong></span> <span class='ocrx_word' id='word_1_274' title='bbox 840 3589 1110 3644; x_wconf 87' lang='lat' dir='ltr'><strong>nusquam</strong></span> <span class='ocrx_word' id='word_1_275' title='bbox 1146 3574 1255 3627; x_wconf 90' lang='lat' dir='ltr'><strong>ullo</strong></span> <span class='ocrx_word' id='word_1_276' title='bbox 1288 3582 1450 3643; x_wconf 89' lang='lat' dir='ltr'><strong>pacto</strong></span> <span class='ocrx_word' id='word_1_277' title='bbox 1471 3573 1636 3644; x_wconf 77' lang='lat'><strong>366</strong></span> <span class='ocrx_word' id='word_1_278' title='bbox 1668 3573 1753 3627; x_wconf 89' lang='lat' dir='ltr'><strong>vel</strong></span> <span class='ocrx_word' id='word_1_279' title='bbox 1807 3574 1929 3641; x_wconf 81' lang='lat' dir='ltr'><strong>fuit,</strong></span> <span class='ocrx_word' id='word_1_280' title='bbox 1962 3575 2047 3630; x_wconf 90' lang='lat' dir='ltr'><strong>vel</strong></span> 
     </span>
    </p>
   </div>
   <div class='ocr_carea' id='block_1_40' title="bbox 469 3665 2046 3734">
    <p class='ocr_par' dir='ltr' id='par_1_40' title="bbox 469 3665 2046 3734">
     <span class='ocr_line' id='line_1_40' title="bbox 469 3665 2046 3734; baseline -0.003 -11"><span class='ocrx_word' id='word_1_281' title='bbox 469 3678 577 3728; x_wconf 80' lang='lat' dir='ltr'><strong>est.</strong></span> <span class='ocrx_word' id='word_1_282' title='bbox 607 3666 691 3722; x_wconf 85' lang='lat' dir='ltr'><strong>vel</strong></span> <span class='ocrx_word' id='word_1_283' title='bbox 722 3667 849 3733; x_wconf 91' lang='lat' dir='ltr'><strong>erit,</strong></span> <span class='ocrx_word' id='word_1_284' title='bbox 876 3666 957 3720; x_wconf 92' lang='lat' dir='ltr'><strong>vel</strong></span> <span class='ocrx_word' id='word_1_285' title='bbox 1010 3680 1131 3720; x_wconf 85' lang='lat' dir='ltr'><strong>esse</strong></span> <span class='ocrx_word' id='word_1_286' title='bbox 1184 3675 1384 3734; x_wconf 89' lang='lat' dir='ltr'><strong>potest.</strong></span> <span class='ocrx_word' id='word_1_287' title='bbox 1442 3665 1617 3719; x_wconf 84' lang='lat' dir='ltr'><strong>Veluti</strong></span> <span class='ocrx_word' id='word_1_288' title='bbox 1651 3665 2046 3734; x_wconf 88' lang='lat' dir='ltr'><strong>intemperans,</strong></span> 
     </span>
    </p>
   </div>
   <div class='ocr_carea' id='block_1_41' title="bbox 474 3756 2049 3828">
    <p class='ocr_par' dir='ltr' id='par_1_41' title="bbox 474 3756 2049 3828">
     <span class='ocr_line' id='line_1_41' title="bbox 474 3756 2049 3828; baseline -0.003 -14"><span class='ocrx_word' id='word_1_289' title='bbox 474 3760 575 3814; x_wconf 90' lang='lat' dir='ltr'><strong>etsi</strong></span> <span class='ocrx_word' id='word_1_290' title='bbox 606 3774 703 3828; x_wconf 92' lang='lat' dir='ltr'><strong>per</strong></span> <span class='ocrx_word' id='word_1_291' title='bbox 748 3757 1245 3826; x_wconf 82' lang='lat' dir='ltr'><strong>concupiscentiam</strong></span> <span class='ocrx_word' id='word_1_292' title='bbox 1293 3756 1725 3811; x_wconf 87' lang='lat' dir='ltr'><strong>irrationabilem</strong></span> <span class='ocrx_word' id='word_1_293' title='bbox 1759 3757 1905 3811; x_wconf 88' lang='lat' dir='ltr'><strong>bono</strong></span> <span class='ocrx_word' id='word_1_294' title='bbox 1940 3756 2049 3825; x_wconf 87' lang='lat' dir='ltr'><strong>pri-</strong></span> 
     </span>
    </p>
   </div>
   <div class='ocr_carea' id='block_1_42' title="bbox 477 3849 2047 3918">
    <p class='ocr_par' dir='ltr' id='par_1_42' title="bbox 477 3849 2047 3918">
     <span class='ocr_line' id='line_1_42' title="bbox 477 3849 2047 3918; baseline -0.002 -13"><span class='ocrx_word' id='word_1_295' title='bbox 477 3862 637 3905; x_wconf 87' lang='lat' dir='ltr'><strong>vatus</strong></span> <span class='ocrx_word' id='word_1_296' title='bbox 662 3850 757 3916; x_wconf 87' lang='lat' dir='ltr'><strong>sit,</strong></span> <span class='ocrx_word' id='word_1_297' title='bbox 794 3860 1023 3904; x_wconf 85' lang='lat' dir='ltr'><strong>eatenus</strong></span> <span class='ocrx_word' id='word_1_298' title='bbox 1053 3858 1233 3903; x_wconf 89' lang='lat' dir='ltr'><strong>tamen</strong></span> <span class='ocrx_word' id='word_1_299' title='bbox 1277 3864 1383 3902; x_wconf 93' lang='lat' dir='ltr'><strong>non</strong></span> <span class='ocrx_word' id='word_1_300' title='bbox 1415 3857 1522 3914; x_wconf 85' lang='lat' dir='ltr'><strong>est,</strong></span> <span class='ocrx_word' id='word_1_301' title='bbox 1554 3863 1727 3918; x_wconf 91' lang='lat' dir='ltr'><strong>neque</strong></span> <span class='ocrx_word' id='word_1_302' title='bbox 1751 3849 2047 3918; x_wconf 89' lang='lat' dir='ltr'><strong>quidquam</strong></span> 
     </span>
    </p>
   </div>
   <div class='ocr_carea' id='block_1_43' title="bbox 479 3941 2052 4011">
    <p class='ocr_par' dir='ltr' id='par_1_43' title="bbox 479 3941 2052 4011">
     <span class='ocr_line' id='line_1_43' title="bbox 479 3941 2052 4011; baseline -0.001 -14"><span class='ocrx_word' id='word_1_303' title='bbox 479 3941 837 4011; x_wconf 74' lang='lat' dir='ltr'><strong>concupiscit,</strong></span> <span class='ocrx_word' id='word_1_304' title='bbox 871 3941 965 3995; x_wconf 89' lang='lat' dir='ltr'><strong>sed</strong></span> <span class='ocrx_word' id='word_1_305' title='bbox 1020 3941 1185 3995; x_wconf 90' lang='lat' dir='ltr'><strong>simul</strong></span> <span class='ocrx_word' id='word_1_306' title='bbox 1232 3942 1357 3994; x_wconf 88' lang='lat' dir='ltr'><strong>boni</strong></span> <span class='ocrx_word' id='word_1_307' title='bbox 1406 3943 1681 4010; x_wconf 85' lang='lat' dir='ltr'><strong>particeps</strong></span> <span class='ocrx_word' id='word_1_308' title='bbox 1713 3942 1934 3997; x_wconf 80' lang='lat' dir='ltr'><strong>exsistit</strong></span> <span class='ocrx_word' id='word_1_309' title='bbox 1962 3956 2052 3996; x_wconf 90' lang='lat' dir='ltr'><strong>se-</strong></span> 
     </span>
    </p>
   </div>
   <div class='ocr_carea' id='block_1_44' title="bbox 477 4032 2049 4103">
    <p class='ocr_par' dir='ltr' id='par_1_44' title="bbox 477 4032 2049 4103">
     <span class='ocr_line' id='line_1_44' title="bbox 477 4032 2049 4103; baseline -0.002 -14"><span class='ocrx_word' id='word_1_310' title='bbox 477 4034 713 4089; x_wconf 89' lang='lat' dir='ltr'><strong>cundmn</strong></span> <span class='ocrx_word' id='word_1_311' title='bbox 748 4032 946 4088; x_wconf 83' lang='lat' dir='ltr'><strong>exilem</strong></span> <span class='ocrx_word' id='word_1_312' title='bbox 979 4033 1270 4099; x_wconf 86' lang='lat' dir='ltr'><strong>quamdam</strong></span> <span class='ocrx_word' id='word_1_313' title='bbox 1299 4042 1508 4103; x_wconf 86' lang='lat' dir='ltr'><strong>partem</strong></span> <span class='ocrx_word' id='word_1_314' title='bbox 1541 4033 1797 4088; x_wconf 64' lang='lat' dir='ltr'><strong>amicitiae</strong></span> <span class='ocrx_word' id='word_1_315' title='bbox 1830 4042 1887 4089; x_wconf 88' lang='lat' dir='ltr'><strong>et</strong></span> <span class='ocrx_word' id='word_1_316' title='bbox 1914 4048 2049 4088; x_wconf 88' lang='lat' dir='ltr'><strong>con-</strong></span> 
     </span>
    </p>
   </div>
   <div class='ocr_carea' id='block_1_45' title="bbox 2132 526 3741 606">
    <p class='ocr_par' dir='ltr' id='par_1_45' title="bbox 2132 526 3741 606">
     <span class='ocr_line' id='line_1_45' title="bbox 2132 526 3741 606; baseline -0.005 -17"><span class='ocrx_word' id='word_1_317' title='bbox 2132 534 2228 589; x_wconf 89' lang='grc' dir='ltr'>τοῦ</span> <span class='ocrx_word' id='word_1_318' title='bbox 2250 535 2456 605; x_wconf 81' lang='grc' dir='ltr'><strong>ἀγαθοῦ</strong></span> <span class='ocrx_word' id='word_1_319' title='bbox 2487 536 2725 606; x_wconf 80' lang='grc' dir='ltr'><strong>μετέχει,</strong></span> <span class='ocrx_word' id='word_1_320' title='bbox 2771 532 2842 586; x_wconf 89' lang='grc' dir='ltr'><strong>τά</strong></span> <span class='ocrx_word' id='word_1_321' title='bbox 2875 532 2932 586; x_wconf 85' lang='grc' dir='ltr'><strong>δὲ</strong></span> <span class='ocrx_word' id='word_1_322' title='bbox 2959 531 3159 603; x_wconf 78' lang='grc' dir='ltr'><strong>μᾶλλον</strong></span> <span class='ocrx_word' id='word_1_323' title='bbox 3192 533 3286 585; x_wconf 76' lang='grc' dir='ltr'><strong>καὶ</strong></span> <span class='ocrx_word' id='word_1_324' title='bbox 3310 526 3477 602; x_wconf 79' lang='grc' dir='ltr'><strong>ἦττον</strong></span> <span class='ocrx_word' id='word_1_325' title='bbox 3500 530 3741 599; x_wconf 83' lang='grc' dir='ltr'><strong>ἐστέρη-</strong></span> 
     </span>
    </p>
   </div>
   <div class='ocr_carea' id='block_1_46' title="bbox 2133 621 3739 697">
    <p class='ocr_par' dir='ltr' id='par_1_46' title="bbox 2133 621 3739 697">
     <span class='ocr_line' id='line_1_46' title="bbox 2133 621 3739 697; baseline -0.004 -18"><span class='ocrx_word' id='word_1_326' title='bbox 2133 644 2246 690; x_wconf 91' lang='grc' dir='ltr'><strong>ται,</strong></span> <span class='ocrx_word' id='word_1_327' title='bbox 2273 626 2344 679; x_wconf 88' lang='grc' dir='ltr'><strong>τά</strong></span> <span class='ocrx_word' id='word_1_328' title='bbox 2367 626 2423 680; x_wconf 88' lang='grc' dir='ltr'><strong>δέ</strong></span> <span class='ocrx_word' id='word_1_329' title='bbox 2447 625 2821 697; x_wconf 85' lang='grc' dir='ltr'><strong>ἀμυδροτέραν</strong></span> <span class='ocrx_word' id='word_1_330' title='bbox 2868 624 2981 693; x_wconf 73' lang='grc' dir='ltr'><strong>ἔχει</strong></span> <span class='ocrx_word' id='word_1_331' title='bbox 3027 621 3121 675; x_wconf 89' lang='grc' dir='ltr'>τοῦ</span> <span class='ocrx_word' id='word_1_332' title='bbox 3170 621 3375 691; x_wconf 81' lang='grc' dir='ltr'><strong>ἀγαθοῦ</strong></span> <span class='ocrx_word' id='word_1_333' title='bbox 3405 623 3739 692; x_wconf 74' lang='grc' dir='ltr'><strong>μετουσίαν,</strong></span> 
     </span>
    </p>
   </div>
   <div class='ocr_carea' id='block_1_47' title="bbox 2135 712 3737 785">
    <p class='ocr_par' dir='ltr' id='par_1_47' title="bbox 2135 712 3737 785">
     <span class='ocr_line' id='line_1_47' title="bbox 2135 712 3737 785; baseline -0.004 -14"><span class='ocrx_word' id='word_1_334' title='bbox 2135 718 2230 771; x_wconf 78' lang='grc' dir='ltr'><strong>καὶ</strong></span> <span class='ocrx_word' id='word_1_335' title='bbox 2251 716 2431 780; x_wconf 85' lang='grc' dir='ltr'><strong>ἀλλοις</strong></span> <span class='ocrx_word' id='word_1_336' title='bbox 2454 714 2598 769; x_wconf 85' lang='grc' dir='ltr'>κατά</span> <span class='ocrx_word' id='word_1_337' title='bbox 2636 715 2862 785; x_wconf 75' lang='grc' dir='ltr'><strong>ἔσχατον</strong></span> <span class='ocrx_word' id='word_1_338' title='bbox 2888 715 3154 785; x_wconf 81' lang='grc' dir='ltr'><strong>ἀπήχημα</strong></span> <span class='ocrx_word' id='word_1_339' title='bbox 3206 714 3438 784; x_wconf 86' lang='grc' dir='ltr'><strong>πάρεστι</strong></span> <span class='ocrx_word' id='word_1_340' title='bbox 3463 712 3737 781; x_wconf 79' lang='grc' dir='ltr'><strong>τάγαθόν.</strong></span> 
     </span>
    </p>
   </div>
   <div class='ocr_carea' id='block_1_48' title="bbox 2135 801 3742 883">
    <p class='ocr_par' dir='ltr' id='par_1_48' title="bbox 2135 801 3742 883">
     <span class='ocr_line' id='line_1_48' title="bbox 2135 801 3742 883; baseline -0.006 -16"><span class='ocrx_word' id='word_1_341' title='bbox 2135 814 2198 867; x_wconf 80' lang='lat' dir='ltr'><strong>El</strong></span> <span class='ocrx_word' id='word_1_342' title='bbox 2223 811 2332 883; x_wconf 81' lang='grc' dir='ltr'><strong>γὰρ</strong></span> <span class='ocrx_word' id='word_1_343' title='bbox 2359 812 2431 883; x_wconf 85' lang='grc' dir='ltr'><strong>μὴ</strong></span> <span class='ocrx_word' id='word_1_344' title='bbox 2456 810 2731 879; x_wconf 81' lang='grc' dir='ltr'><strong>ἀναλόγως</strong></span> <span class='ocrx_word' id='word_1_345' title='bbox 2770 809 2983 879; x_wconf 78' lang='grc' dir='ltr'><strong>ἑκάστῳ</strong></span> <span class='ocrx_word' id='word_1_346' title='bbox 3017 807 3253 875; x_wconf 86' lang='grc' dir='ltr'><strong>τάγαθὸν</strong></span> <span class='ocrx_word' id='word_1_347' title='bbox 3301 807 3509 877; x_wconf 84' lang='grc' dir='ltr'><strong>παρῆν,</strong></span> <span class='ocrx_word' id='word_1_348' title='bbox 3567 801 3641 875; x_wconf 72' lang='grc' dir='ltr'><strong>ἦν</strong></span> <span class='ocrx_word' id='word_1_349' title='bbox 3669 806 3742 859; x_wconf 74' lang='grc' dir='ltr'><strong>ἂν</strong></span> 
     </span>
    </p>
   </div>
   <div class='ocr_carea' id='block_1_49' title="bbox 2133 898 3743 979">
    <p class='ocr_par' dir='ltr' id='par_1_49' title="bbox 2133 898 3743 979">
     <span class='ocr_line' id='line_1_49' title="bbox 2133 898 3743 979; baseline -0.008 -17"><span class='ocrx_word' id='word_1_350' title='bbox 2133 908 2203 962; x_wconf 89' lang='grc' dir='ltr'><strong>τά</strong></span> <span class='ocrx_word' id='word_1_351' title='bbox 2258 909 2506 962; x_wconf 76' lang='grc' dir='ltr'><strong>θειότατα</strong></span> <span class='ocrx_word' id='word_1_352' title='bbox 2573 907 2669 960; x_wconf 73' lang='grc' dir='ltr'><strong>καὶ</strong></span> <span class='ocrx_word' id='word_1_353' title='bbox 2744 905 3093 979; x_wconf 74' lang='grc' dir='ltr'><strong>πρεσϐύτατα</strong></span> <span class='ocrx_word' id='word_1_354' title='bbox 3147 902 3247 972; x_wconf 81' lang='grc' dir='ltr'><strong>τὴν</strong></span> <span class='ocrx_word' id='word_1_355' title='bbox 3304 901 3414 952; x_wconf 78' lang='grc' dir='ltr'><strong>τῶν</strong></span> <span class='ocrx_word' id='word_1_356' title='bbox 3480 898 3743 969; x_wconf 76' lang='grc' dir='ltr'><strong>ἐσχάτων</strong></span> 
     </span>
    </p>
   </div>
   <div class='ocr_carea' id='block_1_50' title="bbox 2136 990 3740 1074">
    <p class='ocr_par' dir='ltr' id='par_1_50' title="bbox 2136 990 3740 1074">
     <span class='ocr_line' id='line_1_50' title="bbox 2136 990 3740 1074; baseline -0.007 -20"><span class='ocrx_word' id='word_1_357' title='bbox 2136 1002 2328 1074; x_wconf 78' lang='grc' dir='ltr'><strong>ἔχοντα</strong></span> <span class='ocrx_word' id='word_1_358' title='bbox 2372 1001 2543 1066; x_wconf 78' lang='grc' dir='ltr'><strong>τάξιν.</strong></span> <span class='ocrx_word' id='word_1_359' title='bbox 2595 998 2721 1064; x_wconf 83' lang='grc' dir='ltr'><strong>Πῶς</strong></span> <span class='ocrx_word' id='word_1_360' title='bbox 2767 999 2824 1053; x_wconf 82' lang='grc' dir='ltr'><strong>δὲ</strong></span> <span class='ocrx_word' id='word_1_361' title='bbox 2873 998 2969 1052; x_wconf 72' lang='grc' dir='ltr'><strong>καὶ</strong></span> <span class='ocrx_word' id='word_1_362' title='bbox 3014 992 3085 1067; x_wconf 78' lang='grc' dir='ltr'><strong>ἦν</strong></span> <span class='ocrx_word' id='word_1_363' title='bbox 3129 993 3374 1055; x_wconf 78' lang='grc' dir='ltr'><strong>δυνατὸν,</strong></span> <span class='ocrx_word' id='word_1_364' title='bbox 3431 990 3740 1063; x_wconf 78' lang='grc' dir='ltr'><strong>μονοειδῶς</strong></span> 
     </span>
    </p>
   </div>
   <div class='ocr_carea' id='block_1_51' title="bbox 2138 1082 3742 1165">
    <p class='ocr_par' dir='ltr' id='par_1_51' title="bbox 2138 1082 3742 1165">
     <span class='ocr_line' id='line_1_51' title="bbox 2138 1082 3742 1165; baseline -0.01 -15"><span class='ocrx_word' id='word_1_365' title='bbox 2138 1096 2316 1149; x_wconf 87' lang='grc' dir='ltr'><strong>πάντα</strong></span> <span class='ocrx_word' id='word_1_366' title='bbox 2346 1095 2593 1165; x_wconf 81' lang='grc' dir='ltr'><strong>μετέχειν</strong></span> <span class='ocrx_word' id='word_1_367' title='bbox 2639 1091 2733 1146; x_wconf 89' lang='grc' dir='ltr'>τοῦ</span> <span class='ocrx_word' id='word_1_368' title='bbox 2766 1088 2995 1159; x_wconf 79' lang='grc' dir='ltr'><strong>ἀγαθοῦ,</strong></span> <span class='ocrx_word' id='word_1_369' title='bbox 3026 1090 3099 1161; x_wconf 84' lang='grc' dir='ltr'><strong>μὴ</strong></span> <span class='ocrx_word' id='word_1_370' title='bbox 3128 1089 3304 1142; x_wconf 86' lang='grc' dir='ltr'><strong>πάντα</strong></span> <span class='ocrx_word' id='word_1_371' title='bbox 3354 1086 3487 1139; x_wconf 72' lang='grc' dir='ltr'><strong>ὄντα</strong></span> <span class='ocrx_word' id='word_1_372' title='bbox 3511 1082 3742 1145; x_wconf 73' lang='grc' dir='ltr'><strong>ταὺτῶς</strong></span> 
     </span>
    </p>
   </div>
   <div class='ocr_carea' id='block_1_52' title="bbox 2137 1176 3745 1259">
    <p class='ocr_par' dir='ltr' id='par_1_52' title="bbox 2137 1176 3745 1259">
     <span class='ocr_line' id='line_1_52' title="bbox 2137 1176 3745 1259; baseline -0.008 -18"><span class='ocrx_word' id='word_1_373' title='bbox 2137 1190 2217 1253; x_wconf 72' lang='grc' dir='ltr'><strong>εἰς</strong></span> <span class='ocrx_word' id='word_1_374' title='bbox 2246 1188 2343 1259; x_wconf 80' lang='grc' dir='ltr'><strong>τὴν</strong></span> <span class='ocrx_word' id='word_1_375' title='bbox 2365 1187 2548 1257; x_wconf 80' lang='grc' dir='ltr'><strong>ὁλικὴν</strong></span> <span class='ocrx_word' id='word_1_376' title='bbox 2568 1185 2734 1240; x_wconf 83' lang='grc' dir='ltr'>αὐτοῦ</span> <span class='ocrx_word' id='word_1_377' title='bbox 2764 1184 2977 1256; x_wconf 79' lang='grc' dir='ltr'><strong>μέθεξιν</strong></span> <span class='ocrx_word' id='word_1_378' title='bbox 3010 1182 3292 1251; x_wconf 85' lang='grc' dir='ltr'><strong>ἐπιτήδεια</strong></span> <span class='ocrx_word' id='word_1_379' title='bbox 3314 1178 3463 1243; x_wconf 87' lang='grc' dir='ltr'><strong>;Νῦν</strong></span> <span class='ocrx_word' id='word_1_380' title='bbox 3486 1179 3549 1231; x_wconf 86' lang='grc' dir='ltr'><strong>δὲ</strong></span> <span class='ocrx_word' id='word_1_381' title='bbox 3572 1176 3745 1229; x_wconf 81' lang='grc' dir='ltr'><strong>τοῦτό</strong></span> 
     </span>
    </p>
   </div>
   <div class='ocr_carea' id='block_1_53' title="bbox 2138 1266 3741 1348">
    <p class='ocr_par' dir='ltr' id='par_1_53' title="bbox 2138 1266 3741 1348">
     <span class='ocr_line' id='line_1_53' title="bbox 2138 1266 3741 1348; baseline -0.009 -16"><span class='ocrx_word' id='word_1_382' title='bbox 2138 1278 2254 1332; x_wconf 84' lang='grc' dir='ltr'><strong>ἐστι</strong></span> <span class='ocrx_word' id='word_1_383' title='bbox 2279 1278 2379 1348; x_wconf 75' lang='grc' dir='ltr'><strong>τῆς</strong></span> <span class='ocrx_word' id='word_1_384' title='bbox 2403 1277 2497 1330; x_wconf 88' lang='grc' dir='ltr'>τοῦ</span> <span class='ocrx_word' id='word_1_385' title='bbox 2527 1274 2732 1344; x_wconf 81' lang='grc' dir='ltr'>ἀγαθοῦ</span> <span class='ocrx_word' id='word_1_386' title='bbox 2773 1274 3054 1345; x_wconf 78' lang='grc' dir='ltr'><strong>δυνάμεως</strong></span> <span class='ocrx_word' id='word_1_387' title='bbox 3073 1272 3137 1325; x_wconf 78' lang='grc' dir='ltr'><strong>τὸ</strong></span> <span class='ocrx_word' id='word_1_388' title='bbox 3166 1271 3211 1303; x_wconf 81' lang='grc'><strong>⁸⁷</strong></span> <span class='ocrx_word' id='word_1_389' title='bbox 3260 1267 3609 1339; x_wconf 72' lang='grc' dir='ltr'><strong>ὑπερϐάλλον</strong></span> <span class='ocrx_word' id='word_1_390' title='bbox 3640 1266 3741 1336; x_wconf 79' lang='grc' dir='ltr'><strong>μέ-</strong></span> 
     </span>
    </p>
   </div>
   <div class='ocr_carea' id='block_1_54' title="bbox 2136 1360 3741 1441">
    <p class='ocr_par' dir='ltr' id='par_1_54' title="bbox 2136 1360 3741 1441">
     <span class='ocr_line' id='line_1_54' title="bbox 2136 1360 3741 1441; baseline -0.01 -15"><span class='ocrx_word' id='word_1_391' title='bbox 2136 1372 2313 1441; x_wconf 90' lang='grc' dir='ltr'><strong>γεθος,</strong></span> <span class='ocrx_word' id='word_1_392' title='bbox 2340 1371 2418 1424; x_wconf 85' lang='grc' dir='ltr'><strong>ὅτι</strong></span> <span class='ocrx_word' id='word_1_393' title='bbox 2444 1371 2536 1423; x_wconf 76' lang='grc' dir='ltr'><strong>καὶ</strong></span> <span class='ocrx_word' id='word_1_394' title='bbox 2556 1369 2625 1422; x_wconf 88' lang='grc' dir='ltr'><strong>τά</strong></span> <span class='ocrx_word' id='word_1_395' title='bbox 2650 1370 2844 1438; x_wconf 87' lang='grc' dir='ltr'><strong>ἐστερη</strong></span> <span class='ocrx_word' id='word_1_396' title='bbox 2854 1366 2987 1438; x_wconf 82' lang='grc' dir='ltr'><strong>μένα</strong></span> <span class='ocrx_word' id='word_1_397' title='bbox 3012 1366 3105 1418; x_wconf 65' lang='grc' dir='ltr'><strong>καὶ</strong></span> <span class='ocrx_word' id='word_1_398' title='bbox 3127 1364 3227 1435; x_wconf 78' lang='grc' dir='ltr'><strong>τὴν</strong></span> <span class='ocrx_word' id='word_1_399' title='bbox 3253 1360 3447 1415; x_wconf 88' lang='grc' dir='ltr'><strong>ἐαυτοῦ</strong></span> <span class='ocrx_word' id='word_1_400' title='bbox 3470 1360 3515 1392; x_wconf 80' lang='grc'><strong>⁸³</strong></span> <span class='ocrx_word' id='word_1_401' title='bbox 3536 1361 3741 1429; x_wconf 80' lang='grc' dir='ltr'><strong>στέρηο</strong></span> 
     </span>
    </p>
   </div>
   <div class='ocr_carea' id='block_1_55' title="bbox 2140 1449 3742 1533">
    <p class='ocr_par' dir='ltr' id='par_1_55' title="bbox 2140 1449 3742 1533">
     <span class='ocr_line' id='line_1_55' title="bbox 2140 1449 3742 1533; baseline -0.01 -15"><span class='ocrx_word' id='word_1_402' title='bbox 2140 1482 2223 1518; x_wconf 90' lang='grc' dir='ltr'><strong>σιν</strong></span> <span class='ocrx_word' id='word_1_403' title='bbox 2246 1464 2491 1533; x_wconf 81' lang='grc' dir='ltr'><strong>δυναμοτ,</strong></span> <span class='ocrx_word' id='word_1_404' title='bbox 2519 1459 2663 1515; x_wconf 91' lang='grc' dir='ltr'>κατά</span> <span class='ocrx_word' id='word_1_405' title='bbox 2681 1461 2743 1514; x_wconf 78' lang='grc' dir='ltr'><strong>τὺ</strong></span> <span class='ocrx_word' id='word_1_406' title='bbox 2768 1459 2903 1523; x_wconf 80' lang='grc' dir='ltr'><strong>ὅλως</strong></span> <span class='ocrx_word' id='word_1_407' title='bbox 2927 1455 3090 1511; x_wconf 77' lang='grc' dir='ltr'>αὐτοῦ</span> <span class='ocrx_word' id='word_1_408' title='bbox 3127 1455 3391 1527; x_wconf 82' lang='grc' dir='ltr'><strong>μετέχειν.</strong></span> <span class='ocrx_word' id='word_1_409' title='bbox 3413 1454 3527 1506; x_wconf 80' lang='grc' dir='ltr'><strong>Καὶ</strong></span> <span class='ocrx_word' id='word_1_410' title='bbox 3551 1452 3605 1503; x_wconf 72' lang='grc' dir='ltr'><strong>εἰ</strong></span> <span class='ocrx_word' id='word_1_411' title='bbox 3630 1449 3742 1521; x_wconf 80' lang='grc' dir='ltr'><strong>χρὴ</strong></span> 
     </span>
    </p>
   </div>
   <div class='ocr_carea' id='block_1_56' title="bbox 2138 1543 3743 1628">
    <p class='ocr_par' dir='ltr' id='par_1_56' title="bbox 2138 1543 3743 1628">
     <span class='ocr_line' id='line_1_56' title="bbox 2138 1543 3743 1628; baseline -0.011 -18"><span class='ocrx_word' id='word_1_412' title='bbox 2138 1555 2658 1628; x_wconf 73' lang='grc' dir='ltr'><strong>παρρησιασάμενον</strong></span> <span class='ocrx_word' id='word_1_413' title='bbox 2701 1552 2877 1605; x_wconf 74' lang='grc' dir='ltr'><strong>εἰπεῖν</strong></span> <span class='ocrx_word' id='word_1_414' title='bbox 2908 1548 3139 1621; x_wconf 81' lang='grc' dir='ltr'><strong>τάληθῆ,</strong></span> <span class='ocrx_word' id='word_1_415' title='bbox 3189 1546 3285 1600; x_wconf 76' lang='grc' dir='ltr'><strong>καὶ</strong></span> <span class='ocrx_word' id='word_1_416' title='bbox 3324 1543 3394 1598; x_wconf 83' lang='grc' dir='ltr'><strong>τά</strong></span> <span class='ocrx_word' id='word_1_417' title='bbox 3445 1543 3743 1615; x_wconf 75' lang='grc' dir='ltr'><strong>μαχόμενα</strong></span> 
     </span>
    </p>
   </div>
   <div class='ocr_carea' id='block_1_57' title="bbox 2138 1635 3742 1718">
    <p class='ocr_par' dir='ltr' id='par_1_57' title="bbox 2138 1635 3742 1718">
     <span class='ocr_line' id='line_1_57' title="bbox 2138 1635 3742 1718; baseline -0.009 -15"><span class='ocrx_word' id='word_1_418' title='bbox 2138 1647 2288 1718; x_wconf 83' lang='grc' dir='ltr'>αὑτῷ</span> <span class='ocrx_word' id='word_1_419' title='bbox 2309 1649 2375 1718; x_wconf 75' lang='grc' dir='ltr'><strong>τῇ</strong></span> <span class='ocrx_word' id='word_1_420' title='bbox 2406 1645 2571 1701; x_wconf 82' lang='grc' dir='ltr'><strong>αὐτοῦ</strong></span> <span class='ocrx_word' id='word_1_421' title='bbox 2614 1644 2841 1715; x_wconf 80' lang='grc' dir='ltr'><strong>δυνάμει</strong></span> <span class='ocrx_word' id='word_1_422' title='bbox 2864 1643 2960 1697; x_wconf 73' lang='grc' dir='ltr'><strong>καὶ</strong></span> <span class='ocrx_word' id='word_1_423' title='bbox 2982 1642 3094 1695; x_wconf 81' lang='grc' dir='ltr'><strong>ἐστι</strong></span> <span class='ocrx_word' id='word_1_424' title='bbox 3136 1640 3233 1693; x_wconf 77' lang='grc' dir='ltr'><strong>καὶ</strong></span> <span class='ocrx_word' id='word_1_425' title='bbox 3280 1637 3559 1708; x_wconf 85' lang='grc' dir='ltr'><strong>μάχεσθαι</strong></span> <span class='ocrx_word' id='word_1_426' title='bbox 3581 1635 3742 1689; x_wconf 70' lang='grc' dir='ltr'><strong>δύνα-</strong></span> 
     </span>
    </p>
   </div>
   <div class='ocr_carea' id='block_1_58' title="bbox 2139 1730 3740 1808">
    <p class='ocr_par' dir='ltr' id='par_1_58' title="bbox 2139 1730 3740 1808">
     <span class='ocr_line' id='line_1_58' title="bbox 2139 1730 3740 1808; baseline -0.005 -19"><span class='ocrx_word' id='word_1_427' title='bbox 2139 1754 2262 1790; x_wconf 88' lang='grc' dir='ltr'><strong>ται·</strong></span> <span class='ocrx_word' id='word_1_428' title='bbox 2300 1737 2499 1808; x_wconf 75' lang='grc' dir='ltr'><strong>μᾶλλον</strong></span> <span class='ocrx_word' id='word_1_429' title='bbox 2518 1737 2598 1799; x_wconf 83' lang='grc' dir='ltr'><strong>δὲ,</strong></span> <span class='ocrx_word' id='word_1_430' title='bbox 2626 1736 2712 1789; x_wconf 65' lang='lat' dir='ltr'><strong>[va</strong></span> <span class='ocrx_word' id='word_1_431' title='bbox 2756 1733 3032 1788; x_wconf 70' lang='grc' dir='ltr'><strong>ωλλαόὼν</strong></span> <span class='ocrx_word' id='word_1_432' title='bbox 3050 1731 3210 1796; x_wconf 75' lang='grc' dir='ltr'><strong>εἴπω,</strong></span> <span class='ocrx_word' id='word_1_433' title='bbox 3236 1730 3306 1784; x_wconf 85' lang='grc' dir='ltr'><strong>τά</strong></span> <span class='ocrx_word' id='word_1_434' title='bbox 3342 1730 3475 1783; x_wconf 74' lang='grc' dir='ltr'><strong>ὅντα</strong></span> <span class='ocrx_word' id='word_1_435' title='bbox 3526 1730 3740 1788; x_wconf 74' lang='grc' dir='ltr'><strong>πάντα,</strong></span> 
     </span>
    </p>
   </div>
   <div class='ocr_carea' id='block_1_59' title="bbox 2140 1821 3743 1896">
    <p class='ocr_par' dir='ltr' id='par_1_59' title="bbox 2140 1821 3743 1896">
     <span class='ocr_line' id='line_1_59' title="bbox 2140 1821 3743 1896; baseline -0.007 -12"><span class='ocrx_word' id='word_1_436' title='bbox 2140 1830 2263 1883; x_wconf 82' lang='grc' dir='ltr'><strong>καθ’</strong></span> <span class='ocrx_word' id='word_1_437' title='bbox 2297 1831 2421 1883; x_wconf 82' lang='grc' dir='ltr'><strong>ὅσον</strong></span> <span class='ocrx_word' id='word_1_438' title='bbox 2448 1829 2585 1893; x_wconf 83' lang='grc' dir='ltr'><strong>ἐστι,</strong></span> <span class='ocrx_word' id='word_1_439' title='bbox 2615 1829 2707 1880; x_wconf 77' lang='grc' dir='ltr'>καὶ</span> <span class='ocrx_word' id='word_1_440' title='bbox 2732 1827 2912 1896; x_wconf 89' lang='grc' dir='ltr'>ἀγαθά</span> <span class='ocrx_word' id='word_1_441' title='bbox 2945 1826 3082 1890; x_wconf 89' lang='grc' dir='ltr'><strong>ἐστι,</strong></span> <span class='ocrx_word' id='word_1_442' title='bbox 3107 1825 3201 1878; x_wconf 73' lang='grc' dir='ltr'><strong>καὶ</strong></span> <span class='ocrx_word' id='word_1_443' title='bbox 3226 1825 3290 1877; x_wconf 77' lang='grc' dir='ltr'><strong>ἐκ</strong></span> <span class='ocrx_word' id='word_1_444' title='bbox 3320 1821 3595 1891; x_wconf 87' lang='grc' dir='ltr'>τάγαθοῦ,</span> <span class='ocrx_word' id='word_1_445' title='bbox 3642 1838 3743 1874; x_wconf 80' lang='grc' dir='ltr'><strong>κα-</strong></span> 
     </span>
    </p>
   </div>
   <div class='ocr_carea' id='block_1_60' title="bbox 2140 1911 3747 1991">
    <p class='ocr_par' dir='ltr' id='par_1_60' title="bbox 2140 1911 3747 1991">
     <span class='ocr_line' id='line_1_60' title="bbox 2140 1911 3747 1991; baseline -0.007 -16"><span class='ocrx_word' id='word_1_446' title='bbox 2140 1920 2295 1975; x_wconf 89' lang='grc' dir='ltr'><strong>θόσον</strong></span> <span class='ocrx_word' id='word_1_447' title='bbox 2320 1920 2377 1974; x_wconf 83' lang='grc' dir='ltr'><strong>δέ</strong></span> <span class='ocrx_word' id='word_1_448' title='bbox 2402 1920 2689 1991; x_wconf 76' lang='grc' dir='ltr'><strong>ἐστέρηται</strong></span> <span class='ocrx_word' id='word_1_449' title='bbox 2714 1917 2810 1971; x_wconf 87' lang='grc' dir='ltr'>τοῦ</span> <span class='ocrx_word' id='word_1_450' title='bbox 2829 1916 3056 1987; x_wconf 87' lang='grc' dir='ltr'>ἀγαθοῦ,</span> <span class='ocrx_word' id='word_1_451' title='bbox 3074 1914 3197 1971; x_wconf 70' lang='grc' dir='ltr'><strong>οὔτε</strong></span> <span class='ocrx_word' id='word_1_452' title='bbox 3223 1913 3424 1983; x_wconf 84' lang='grc' dir='ltr'><strong>ἀγαθά,</strong></span> <span class='ocrx_word' id='word_1_453' title='bbox 3447 1911 3581 1966; x_wconf 80' lang='grc' dir='ltr'><strong>οὗτε</strong></span> <span class='ocrx_word' id='word_1_454' title='bbox 3610 1911 3747 1965; x_wconf 71' lang='grc' dir='ltr'><strong>ὅπα</strong></span> 
     </span>
    </p>
   </div>
   <div class='ocr_carea' id='block_1_61' title="bbox 2139 2000 3743 2083">
    <p class='ocr_par' dir='ltr' id='par_1_61' title="bbox 2139 2000 3743 2083">
     <span class='ocr_line' id='line_1_61' title="bbox 2139 2000 3743 2083; baseline -0.006 -20"><span class='ocrx_word' id='word_1_455' title='bbox 2139 2010 2306 2065; x_wconf 76' lang='grc' dir='ltr'><strong>ἐστίν.</strong></span> <span class='ocrx_word' id='word_1_456' title='bbox 2343 2010 2466 2064; x_wconf 76' lang='grc' dir='ltr'><strong>Ἐπὶ</strong></span> <span class='ocrx_word' id='word_1_457' title='bbox 2496 2010 2593 2081; x_wconf 80' lang='grc' dir='ltr'><strong>μὲν</strong></span> <span class='ocrx_word' id='word_1_458' title='bbox 2618 2010 2729 2083; x_wconf 75' lang='grc' dir='ltr'><strong>γὰρ</strong></span> <span class='ocrx_word' id='word_1_459' title='bbox 2747 2010 2858 2064; x_wconf 86' lang='grc' dir='ltr'><strong>τῶν</strong></span> <span class='ocrx_word' id='word_1_460' title='bbox 2892 2008 3068 2063; x_wconf 84' lang='grc' dir='ltr'><strong>ἀλλων</strong></span> <span class='ocrx_word' id='word_1_461' title='bbox 3092 2005 3281 2073; x_wconf 74' lang='grc' dir='ltr'><strong>ἕξεων,</strong></span> <span class='ocrx_word' id='word_1_462' title='bbox 3307 2000 3422 2057; x_wconf 75' lang='grc' dir='ltr'><strong>οἷον</strong></span> <span class='ocrx_word' id='word_1_463' title='bbox 3459 2000 3743 2073; x_wconf 76' lang='grc' dir='ltr'><strong>θερμότη-</strong></span> 
     </span>
    </p>
   </div>
   <div class='ocr_carea' id='block_1_62' title="bbox 2137 2095 3741 2174">
    <p class='ocr_par' dir='ltr' id='par_1_62' title="bbox 2137 2095 3741 2174">
     <span class='ocr_line' id='line_1_62' title="bbox 2137 2095 3741 2174; baseline -0.005 -19"><span class='ocrx_word' id='word_1_464' title='bbox 2137 2102 2295 2174; x_wconf 74' lang='grc' dir='ltr'><strong>τοςῆ</strong></span> <span class='ocrx_word' id='word_1_465' title='bbox 2338 2101 2694 2173; x_wconf 79' lang='grc' dir='ltr'><strong>ψυχρότητος,</strong></span> <span class='ocrx_word' id='word_1_466' title='bbox 2732 2101 2850 2154; x_wconf 80' lang='grc' dir='ltr'><strong>ἐστι</strong></span> <span class='ocrx_word' id='word_1_467' title='bbox 2899 2099 2970 2153; x_wconf 89' lang='grc' dir='ltr'><strong>τά</strong></span> <span class='ocrx_word' id='word_1_468' title='bbox 3015 2097 3423 2169; x_wconf 80' lang='grc' dir='ltr'><strong>θερμανθέντα,</strong></span> <span class='ocrx_word' id='word_1_469' title='bbox 3450 2095 3552 2149; x_wconf 74' lang='grc' dir='ltr'><strong>καὶ</strong></span> <span class='ocrx_word' id='word_1_470' title='bbox 3601 2095 3741 2148; x_wconf 76' lang='grc' dir='ltr'><strong>ἀπο-</strong></span> 
     </span>
    </p>
   </div>
   <div class='ocr_carea' id='block_1_63' title="bbox 2140 2184 3743 2263">
    <p class='ocr_par' dir='ltr' id='par_1_63' title="bbox 2140 2184 3743 2263">
     <span class='ocr_line' id='line_1_63' title="bbox 2140 2184 3743 2263; baseline -0.004 -19"><span class='ocrx_word' id='word_1_471' title='bbox 2140 2191 2434 2263; x_wconf 77' lang='grc' dir='ltr'><strong>λειπούσης</strong></span> <span class='ocrx_word' id='word_1_472' title='bbox 2464 2192 2606 2245; x_wconf 79' lang='grc' dir='ltr'><strong>αὒτά</strong></span> <span class='ocrx_word' id='word_1_473' title='bbox 2627 2193 2727 2263; x_wconf 84' lang='grc' dir='ltr'><strong>τῆς</strong></span> <span class='ocrx_word' id='word_1_474' title='bbox 2768 2191 3121 2263; x_wconf 74' lang='grc' dir='ltr'><strong>θερμότητος,</strong></span> <span class='ocrx_word' id='word_1_475' title='bbox 3156 2189 3249 2242; x_wconf 80' lang='grc' dir='ltr'><strong>καὶ</strong></span> <span class='ocrx_word' id='word_1_476' title='bbox 3287 2187 3455 2258; x_wconf 77' lang='grc' dir='ltr'><strong>ζωῆς,</strong></span> <span class='ocrx_word' id='word_1_477' title='bbox 3490 2188 3595 2239; x_wconf 81' lang='grc' dir='ltr'><strong>καὶ</strong></span> <span class='ocrx_word' id='word_1_478' title='bbox 3619 2184 3743 2248; x_wconf 82' lang='grc' dir='ltr'><strong>νοῦ,</strong></span> 
     </span>
    </p>
   </div>
   <div class='ocr_carea' id='block_1_64' title="bbox 2142 2278 3742 2355">
    <p class='ocr_par' dir='ltr' id='par_1_64' title="bbox 2142 2278 3742 2355">
     <span class='ocr_line' id='line_1_64' title="bbox 2142 2278 3742 2355; baseline -0.007 -16"><span class='ocrx_word' id='word_1_479' title='bbox 2142 2285 2314 2339; x_wconf 87' lang='grc' dir='ltr'><strong>πολλά</strong></span> <span class='ocrx_word' id='word_1_480' title='bbox 2331 2285 2441 2337; x_wconf 82' lang='grc' dir='ltr'><strong>τῶν</strong></span> <span class='ocrx_word' id='word_1_481' title='bbox 2460 2284 2625 2337; x_wconf 74' lang='grc' dir='ltr'><strong>ὄντων</strong></span> <span class='ocrx_word' id='word_1_482' title='bbox 2646 2285 2850 2355; x_wconf 73' lang='grc' dir='ltr'><strong>ἄμοιρα</strong></span> <span class='ocrx_word' id='word_1_483' title='bbox 2867 2301 2881 2313; x_wconf 88' lang='grc'><strong>·</strong></span> <span class='ocrx_word' id='word_1_484' title='bbox 2908 2284 3003 2336; x_wconf 74' lang='grc' dir='ltr'><strong>καὶ</strong></span> <span class='ocrx_word' id='word_1_485' title='bbox 3026 2281 3212 2344; x_wconf 79' lang='grc' dir='ltr'><strong>οὐσίας</strong></span> <span class='ocrx_word' id='word_1_486' title='bbox 3236 2282 3263 2332; x_wconf 81' lang='grc' dir='ltr'>ὁ</span> <span class='ocrx_word' id='word_1_487' title='bbox 3287 2279 3422 2343; x_wconf 81' lang='grc' dir='ltr'><strong>Θεὸς</strong></span> <span class='ocrx_word' id='word_1_488' title='bbox 3445 2278 3742 2349; x_wconf 65' lang='grc' dir='ltr'><strong>ἐξῄρηται,</strong></span> 
     </span>
    </p>
   </div>
   <div class='ocr_carea' id='block_1_65' title="bbox 2141 2371 3747 2448">
    <p class='ocr_par' dir='ltr' id='par_1_65' title="bbox 2141 2371 3747 2448">
     <span class='ocr_line' id='line_1_65' title="bbox 2141 2371 3747 2448; baseline -0.006 -16"><span class='ocrx_word' id='word_1_489' title='bbox 2141 2379 2235 2433; x_wconf 76' lang='grc' dir='ltr'><strong>καὶ</strong></span> <span class='ocrx_word' id='word_1_490' title='bbox 2260 2377 2405 2431; x_wconf 78' lang='grc' dir='ltr'><strong>ἐστιν</strong></span> <span class='ocrx_word' id='word_1_491' title='bbox 2431 2377 2771 2448; x_wconf 81' lang='grc' dir='ltr'><strong>ὑπερουσίως</strong></span> <span class='ocrx_word' id='word_1_492' title='bbox 2798 2378 2860 2430; x_wconf 78' lang='grc'><strong>⁸⁵.</strong></span> <span class='ocrx_word' id='word_1_493' title='bbox 2917 2377 3025 2429; x_wconf 81' lang='lat' dir='ltr'><strong>Kal</strong></span> <span class='ocrx_word' id='word_1_494' title='bbox 3085 2374 3289 2439; x_wconf 84' lang='grc' dir='ltr'><strong>ἁπλῶς,</strong></span> <span class='ocrx_word' id='word_1_495' title='bbox 3341 2373 3433 2425; x_wconf 79' lang='grc' dir='ltr'><strong>ἐπὶ</strong></span> <span class='ocrx_word' id='word_1_496' title='bbox 3490 2374 3596 2442; x_wconf 78' lang='grc' dir='ltr'><strong>μὲν</strong></span> <span class='ocrx_word' id='word_1_497' title='bbox 3630 2371 3747 2423; x_wconf 80' lang='grc' dir='ltr'><strong>τῶν</strong></span> 
     </span>
    </p>
   </div>
   <div class='ocr_carea' id='block_1_66' title="bbox 2141 2462 3745 2537">
    <p class='ocr_par' dir='ltr' id='par_1_66' title="bbox 2141 2462 3745 2537">
     <span class='ocr_line' id='line_1_66' title="bbox 2141 2462 3745 2537; baseline -0.005 -15"><span class='ocrx_word' id='word_1_498' title='bbox 2141 2469 2317 2524; x_wconf 81' lang='grc' dir='ltr'><strong>ἀλλων</strong></span> <span class='ocrx_word' id='word_1_499' title='bbox 2344 2469 2559 2522; x_wconf 85' lang='grc' dir='ltr'><strong>πάντων</strong></span> <span class='ocrx_word' id='word_1_500' title='bbox 2583 2470 2650 2531; x_wconf 83' lang='lat'><strong>’°,</strong></span> <span class='ocrx_word' id='word_1_501' title='bbox 2680 2468 2775 2521; x_wconf 79' lang='grc' dir='ltr'><strong>καὶ</strong></span> <span class='ocrx_word' id='word_1_502' title='bbox 2803 2466 3144 2535; x_wconf 84' lang='grc' dir='ltr'><strong>ἀπελθούσης</strong></span> <span class='ocrx_word' id='word_1_503' title='bbox 3199 2466 3233 2537; x_wconf 77' lang='grc' dir='ltr'>ἢ</span> <span class='ocrx_word' id='word_1_504' title='bbox 3266 2464 3398 2536; x_wconf 84' lang='grc' dir='ltr'><strong>μηδὲ</strong></span> <span class='ocrx_word' id='word_1_505' title='bbox 3437 2462 3745 2533; x_wconf 81' lang='grc' dir='ltr'><strong>ἐγγενομέ-</strong></span> 
     </span>
    </p>
   </div>
   <div class='ocr_carea' id='block_1_67' title="bbox 2143 2555 3747 2632">
    <p class='ocr_par' dir='ltr' id='par_1_67' title="bbox 2143 2555 3747 2632">
     <span class='ocr_line' id='line_1_67' title="bbox 2143 2555 3747 2632; baseline -0.006 -18"><span class='ocrx_word' id='word_1_506' title='bbox 2143 2577 2241 2631; x_wconf 88' lang='grc' dir='ltr'><strong>νης</strong></span> <span class='ocrx_word' id='word_1_507' title='bbox 2268 2562 2444 2632; x_wconf 87' lang='grc' dir='ltr'><strong>πάντη</strong></span> <span class='ocrx_word' id='word_1_508' title='bbox 2472 2560 2574 2631; x_wconf 81' lang='grc' dir='ltr'><strong>τῆς</strong></span> <span class='ocrx_word' id='word_1_509' title='bbox 2600 2561 2767 2627; x_wconf 74' lang='grc' dir='ltr'><strong>ἕξεως</strong></span> <span class='ocrx_word' id='word_1_510' title='bbox 2808 2561 2881 2624; x_wconf 81' lang='grc'><strong>⁸¹,</strong></span> <span class='ocrx_word' id='word_1_511' title='bbox 2927 2559 3043 2612; x_wconf 86' lang='grc' dir='ltr'><strong>ἐστι</strong></span> <span class='ocrx_word' id='word_1_512' title='bbox 3065 2556 3138 2610; x_wconf 86' lang='grc' dir='ltr'><strong>τά</strong></span> <span class='ocrx_word' id='word_1_513' title='bbox 3161 2556 3309 2618; x_wconf 74' lang='grc' dir='ltr'><strong>ὅντα,</strong></span> <span class='ocrx_word' id='word_1_514' title='bbox 3355 2555 3453 2608; x_wconf 77' lang='grc' dir='ltr'><strong>καὶ</strong></span> <span class='ocrx_word' id='word_1_515' title='bbox 3503 2555 3747 2623; x_wconf 79' lang='grc' dir='ltr'><strong>ὑφίστα-</strong></span> 
     </span>
    </p>
   </div>
   <div class='ocr_carea' id='block_1_68' title="bbox 2144 2645 3747 2720">
    <p class='ocr_par' dir='ltr' id='par_1_68' title="bbox 2144 2645 3747 2720">
     <span class='ocr_line' id='line_1_68' title="bbox 2144 2645 3747 2720; baseline -0.004 -14"><span class='ocrx_word' id='word_1_516' title='bbox 2144 2652 2267 2706; x_wconf 86' lang='grc' dir='ltr'><strong>σθαι</strong></span> <span class='ocrx_word' id='word_1_517' title='bbox 2290 2652 2542 2707; x_wconf 82' lang='grc' dir='ltr'><strong>δύναται·</strong></span> <span class='ocrx_word' id='word_1_518' title='bbox 2573 2652 2634 2705; x_wconf 87' lang='grc' dir='ltr'><strong>τὸ</strong></span> <span class='ocrx_word' id='word_1_519' title='bbox 2661 2652 2718 2705; x_wconf 82' lang='grc' dir='ltr'>δὲ</span> <span class='ocrx_word' id='word_1_520' title='bbox 2746 2651 2887 2705; x_wconf 88' lang='grc' dir='ltr'>κατά</span> <span class='ocrx_word' id='word_1_521' title='bbox 2933 2652 3111 2704; x_wconf 86' lang='grc' dir='ltr'><strong>πάντα</strong></span> <span class='ocrx_word' id='word_1_522' title='bbox 3143 2649 3343 2720; x_wconf 84' lang='grc' dir='ltr'><strong>τρόπον</strong></span> <span class='ocrx_word' id='word_1_523' title='bbox 3382 2646 3480 2700; x_wconf 87' lang='grc' dir='ltr'><strong>τοῦ</strong></span> <span class='ocrx_word' id='word_1_524' title='bbox 3524 2645 3747 2715; x_wconf 77' lang='grc' dir='ltr'>ἀγαθοῦ</span> 
     </span>
    </p>
   </div>
   <div class='ocr_carea' id='block_1_69' title="bbox 2142 2737 3742 2816">
    <p class='ocr_par' dir='ltr' id='par_1_69' title="bbox 2142 2737 3742 2816">
     <span class='ocr_line' id='line_1_69' title="bbox 2142 2737 3742 2816; baseline -0.003 -21"><span class='ocrx_word' id='word_1_525' title='bbox 2142 2743 2526 2816; x_wconf 82' lang='grc' dir='ltr'><strong>ἐστερημένον,</strong></span> <span class='ocrx_word' id='word_1_526' title='bbox 2553 2744 2765 2815; x_wconf 82' lang='grc' dir='ltr'><strong>οὐδαμῆ</strong></span> <span class='ocrx_word' id='word_1_527' title='bbox 2822 2742 3075 2814; x_wconf 80' lang='grc' dir='ltr'><strong>οὐδαμῶς</strong></span> <span class='ocrx_word' id='word_1_528' title='bbox 3108 2741 3233 2795; x_wconf 74' lang='grc' dir='ltr'><strong>οὔτε</strong></span> <span class='ocrx_word' id='word_1_529' title='bbox 3262 2737 3352 2812; x_wconf 82' lang='grc' dir='ltr'><strong>ἦν,</strong></span> <span class='ocrx_word' id='word_1_530' title='bbox 3397 2740 3525 2793; x_wconf 72' lang='grc' dir='ltr'><strong>οὔτε</strong></span> <span class='ocrx_word' id='word_1_531' title='bbox 3564 2741 3742 2801; x_wconf 76' lang='grc' dir='ltr'><strong>ἐστὶν,</strong></span> 
     </span>
    </p>
   </div>
   <div class='ocr_carea' id='block_1_70' title="bbox 2142 2828 3743 2899">
    <p class='ocr_par' dir='ltr' id='par_1_70' title="bbox 2142 2828 3743 2899">
     <span class='ocr_line' id='line_1_70' title="bbox 2142 2828 3743 2899; baseline -0.001 -12"><span class='ocrx_word' id='word_1_532' title='bbox 2142 2832 2264 2887; x_wconf 79' lang='grc' dir='ltr'><strong>οὗτε</strong></span> <span class='ocrx_word' id='word_1_533' title='bbox 2298 2835 2472 2899; x_wconf 77' lang='grc' dir='ltr'><strong>ἔσται,</strong></span> <span class='ocrx_word' id='word_1_534' title='bbox 2497 2834 2622 2888; x_wconf 77' lang='grc' dir='ltr'><strong>οὕτε</strong></span> <span class='ocrx_word' id='word_1_535' title='bbox 2648 2832 2789 2890; x_wconf 81' lang='grc' dir='ltr'><strong>εἶναι</strong></span> <span class='ocrx_word' id='word_1_536' title='bbox 2837 2835 3081 2889; x_wconf 86' lang='grc' dir='ltr'><strong>δύναται.</strong></span> <span class='ocrx_word' id='word_1_537' title='bbox 3108 2828 3235 2887; x_wconf 79' lang='grc' dir='ltr'><strong>Οἷον</strong></span> <span class='ocrx_word' id='word_1_538' title='bbox 3260 2834 3305 2865; x_wconf 79' lang='grc'><strong><em>⁹²</em></strong></span> <span class='ocrx_word' id='word_1_539' title='bbox 3338 2834 3367 2885; x_wconf 81' lang='grc' dir='ltr'>ὁ</span> <span class='ocrx_word' id='word_1_540' title='bbox 3406 2832 3743 2895; x_wconf 81' lang='grc' dir='ltr'><strong>ἀκόλαστος,</strong></span> 
     </span>
    </p>
   </div>
   <div class='ocr_carea' id='block_1_71' title="bbox 2143 2922 3745 2996">
    <p class='ocr_par' dir='ltr' id='par_1_71' title="bbox 2143 2922 3745 2996">
     <span class='ocr_line' id='line_1_71' title="bbox 2143 2922 3745 2996; baseline -0.002 -19"><span class='ocrx_word' id='word_1_541' title='bbox 2143 2925 2193 2977; x_wconf 79' lang='grc' dir='ltr'><strong>ει</strong></span> <span class='ocrx_word' id='word_1_542' title='bbox 2220 2925 2315 2977; x_wconf 80' lang='grc' dir='ltr'><strong>καὶ</strong></span> <span class='ocrx_word' id='word_1_543' title='bbox 2347 2925 2637 2996; x_wconf 77' lang='grc' dir='ltr'><strong>ἐπέρηται</strong></span> <span class='ocrx_word' id='word_1_544' title='bbox 2661 2924 2902 2994; x_wconf 88' lang='grc' dir='ltr'>τάγαθοῦ</span> <span class='ocrx_word' id='word_1_545' title='bbox 2937 2923 3084 2978; x_wconf 80' lang='grc' dir='ltr'><strong>κατὰ</strong></span> <span class='ocrx_word' id='word_1_546' title='bbox 3123 2925 3224 2995; x_wconf 85' lang='grc' dir='ltr'><strong>τὴν</strong></span> <span class='ocrx_word' id='word_1_547' title='bbox 3259 2923 3303 2955; x_wconf 75' lang='grc'><strong><em>⁵⁸</em></strong></span> <span class='ocrx_word' id='word_1_548' title='bbox 3327 2922 3521 2990; x_wconf 82' lang='grc' dir='ltr'><strong>άλογον</strong></span> <span class='ocrx_word' id='word_1_549' title='bbox 3551 2922 3745 2975; x_wconf 78' lang='grc' dir='ltr'><strong>ἐπιθυ-</strong></span> 
     </span>
    </p>
   </div>
   <div class='ocr_carea' id='block_1_72' title="bbox 2147 3013 3743 3087">
    <p class='ocr_par' dir='ltr' id='par_1_72' title="bbox 2147 3013 3743 3087">
     <span class='ocr_line' id='line_1_72' title="bbox 2147 3013 3743 3087; baseline -0.001 -19"><span class='ocrx_word' id='word_1_550' title='bbox 2147 3015 2294 3085; x_wconf 79' lang='grc' dir='ltr'><strong>μίαν,</strong></span> <span class='ocrx_word' id='word_1_551' title='bbox 2324 3016 2384 3069; x_wconf 86' lang='grc' dir='ltr'><strong>ἐν</strong></span> <span class='ocrx_word' id='word_1_552' title='bbox 2404 3015 2579 3086; x_wconf 88' lang='grc' dir='ltr'><strong>τούτῳ</strong></span> <span class='ocrx_word' id='word_1_553' title='bbox 2607 3016 2707 3087; x_wconf 85' lang='grc' dir='ltr'><strong>μὲν</strong></span> <span class='ocrx_word' id='word_1_554' title='bbox 2724 3015 2847 3071; x_wconf 79' lang='grc' dir='ltr'><strong>οὔτε</strong></span> <span class='ocrx_word' id='word_1_555' title='bbox 2874 3017 3040 3080; x_wconf 75' lang='grc' dir='ltr'><strong>ἐστὶν,</strong></span> <span class='ocrx_word' id='word_1_556' title='bbox 3069 3015 3192 3069; x_wconf 74' lang='grc' dir='ltr'><strong>οὔτε</strong></span> <span class='ocrx_word' id='word_1_557' title='bbox 3224 3015 3393 3069; x_wconf 76' lang='grc' dir='ltr'><strong>ὄντων</strong></span> <span class='ocrx_word' id='word_1_558' title='bbox 3429 3013 3743 3085; x_wconf 80' lang='grc' dir='ltr'><strong>ἐπιθυμεῖ,</strong></span> 
     </span>
    </p>
   </div>
   <div class='ocr_carea' id='block_1_73' title="bbox 2150 3104 3744 3179">
    <p class='ocr_par' dir='ltr' id='par_1_73' title="bbox 2150 3104 3744 3179">
     <span class='ocr_line' id='line_1_73' title="bbox 2150 3104 3744 3179; baseline -0.002 -20"><span class='ocrx_word' id='word_1_559' title='bbox 2150 3107 2365 3178; x_wconf 79' lang='grc' dir='ltr'><strong>μετέχει</strong></span> <span class='ocrx_word' id='word_1_560' title='bbox 2412 3106 2467 3160; x_wconf 82' lang='grc' dir='ltr'><strong>δὲ</strong></span> <span class='ocrx_word' id='word_1_561' title='bbox 2500 3108 2649 3179; x_wconf 85' lang='grc' dir='ltr'><strong>ὅμως</strong></span> <span class='ocrx_word' id='word_1_562' title='bbox 2699 3106 2938 3177; x_wconf 87' lang='grc' dir='ltr'>τάγαθοῦ</span> <span class='ocrx_word' id='word_1_563' title='bbox 2989 3106 3261 3161; x_wconf 79' lang='grc' dir='ltr'>κατάὑτὺ</span> <span class='ocrx_word' id='word_1_564' title='bbox 3301 3106 3350 3138; x_wconf 71' lang='grc'><strong><em>⁸⁸</em></strong></span> <span class='ocrx_word' id='word_1_565' title='bbox 3374 3105 3437 3157; x_wconf 83' lang='grc' dir='ltr'><strong>τὸ</strong></span> <span class='ocrx_word' id='word_1_566' title='bbox 3478 3105 3581 3175; x_wconf 83' lang='grc' dir='ltr'><strong>τῆς</strong></span> <span class='ocrx_word' id='word_1_567' title='bbox 3614 3104 3744 3157; x_wconf 79' lang='grc' dir='ltr'><strong>ἐνώ-</strong></span> 
     </span>
    </p>
   </div>
   <div class='ocr_carea' id='block_1_74' title="bbox 2068 3168 3741 3270">
    <p class='ocr_par' dir='ltr' id='par_1_74' title="bbox 2068 3168 3741 3270">
     <span class='ocr_line' id='line_1_74' title="bbox 2068 3168 3741 3270; baseline -0.004 -18"><span class='ocrx_word' id='word_1_568' title='bbox 2068 3168 2114 3229; x_wconf 80' lang='lat' dir='ltr'>c</span> <span class='ocrx_word' id='word_1_569' title='bbox 2150 3168 2395 3262; x_wconf 52' lang='lat' dir='ltr'><strong>saw;&quot;xal</strong></span> <span class='ocrx_word' id='word_1_570' title='bbox 2415 3168 2597 3267; x_wconf 72' lang='grc' dir='ltr'><strong>φιλίας</strong></span> <span class='ocrx_word' id='word_1_571' title='bbox 2628 3168 2867 3270; x_wconf 80' lang='grc' dir='ltr'><strong>ἀμυδρὸν</strong></span> <span class='ocrx_word' id='word_1_572' title='bbox 2894 3199 3189 3269; x_wconf 81' lang='grc' dir='ltr'><strong>ἀπήχημα.</strong></span> <span class='ocrx_word' id='word_1_573' title='bbox 3216 3196 3323 3248; x_wconf 84' lang='lat' dir='ltr'><strong>Kal</strong></span> <span class='ocrx_word' id='word_1_574' title='bbox 3341 3198 3369 3249; x_wconf 87' lang='grc' dir='ltr'>ὁ</span> <span class='ocrx_word' id='word_1_575' title='bbox 3395 3168 3571 3265; x_wconf 57' lang='grc' dir='ltr'><strong>θυμὸς</strong></span> <span class='ocrx_word' id='word_1_576' title='bbox 3617 3194 3675 3248; x_wconf 84' lang='grc' dir='ltr'><strong>δέ</strong></span> <span class='ocrx_word' id='word_1_577' title='bbox 3692 3196 3741 3226; x_wconf 77' lang='grc'><strong><em>⁸³</em></strong></span> 
     </span>
    </p>
   </div>
   <div class='ocr_carea' id='block_1_75' title="bbox 2151 3286 3745 3360">
    <p class='ocr_par' dir='ltr' id='par_1_75' title="bbox 2151 3286 3745 3360">
     <span class='ocr_line' id='line_1_75' title="bbox 2151 3286 3745 3360; baseline -0.002 -19"><span class='ocrx_word' id='word_1_578' title='bbox 2151 3289 2366 3360; x_wconf 80' lang='grc' dir='ltr'><strong>μετέχει</strong></span> <span class='ocrx_word' id='word_1_579' title='bbox 2398 3288 2639 3357; x_wconf 87' lang='grc' dir='ltr'>τάγαθοῦ</span> <span class='ocrx_word' id='word_1_580' title='bbox 2686 3291 2807 3343; x_wconf 80' lang='grc' dir='ltr'><strong>κατ’</strong></span> <span class='ocrx_word' id='word_1_581' title='bbox 2846 3290 2978 3342; x_wconf 84' lang='grc' dir='ltr'><strong>αὐτὸ</strong></span> <span class='ocrx_word' id='word_1_582' title='bbox 3009 3290 3070 3342; x_wconf 79' lang='grc' dir='ltr'><strong>τὸ</strong></span> <span class='ocrx_word' id='word_1_583' title='bbox 3103 3287 3371 3342; x_wconf 83' lang='grc' dir='ltr'><strong>κινεῖσθαι</strong></span> <span class='ocrx_word' id='word_1_584' title='bbox 3391 3325 3407 3348; x_wconf 95' lang='grc'><strong>,</strong></span> <span class='ocrx_word' id='word_1_585' title='bbox 3463 3286 3561 3339; x_wconf 79' lang='grc' dir='ltr'><strong>καὶ</strong></span> <span class='ocrx_word' id='word_1_586' title='bbox 3598 3286 3745 3355; x_wconf 68' lang='grc' dir='ltr'><strong>ἐφίε-</strong></span> 
     </span>
    </p>
   </div>
   <div class='ocr_carea' id='block_1_76' title="bbox 2149 3376 3745 3451">
    <p class='ocr_par' dir='ltr' id='par_1_76' title="bbox 2149 3376 3745 3451">
     <span class='ocr_line' id='line_1_76' title="bbox 2149 3376 3745 3451; baseline -0.001 -18"><span class='ocrx_word' id='word_1_587' title='bbox 2149 3379 2273 3433; x_wconf 86' lang='grc' dir='ltr'><strong>σθαι</strong></span> <span class='ocrx_word' id='word_1_588' title='bbox 2294 3379 2364 3432; x_wconf 87' lang='grc' dir='ltr'><strong>τὰ</strong></span> <span class='ocrx_word' id='word_1_589' title='bbox 2385 3379 2648 3433; x_wconf 87' lang='grc' dir='ltr'><strong>δοκοῦντα</strong></span> <span class='ocrx_word' id='word_1_590' title='bbox 2672 3380 2819 3434; x_wconf 84' lang='grc' dir='ltr'>κακά</span> <span class='ocrx_word' id='word_1_591' title='bbox 2848 3381 2987 3451; x_wconf 82' lang='grc' dir='ltr'><strong>πρὸς</strong></span> <span class='ocrx_word' id='word_1_592' title='bbox 3035 3380 3097 3432; x_wconf 83' lang='grc' dir='ltr'><strong>τὸ</strong></span> <span class='ocrx_word' id='word_1_593' title='bbox 3144 3378 3335 3431; x_wconf 80' lang='grc' dir='ltr'>δοκοῦν</span> <span class='ocrx_word' id='word_1_594' title='bbox 3386 3376 3553 3431; x_wconf 73' lang='grc' dir='ltr'><strong>καλὸν</strong></span> <span class='ocrx_word' id='word_1_595' title='bbox 3580 3380 3745 3447; x_wconf 83' lang='grc' dir='ltr'><strong>ἀνορ-</strong></span> 
     </span>
    </p>
   </div>
   <div class='ocr_carea' id='block_1_77' title="bbox 2149 3469 3740 3543">
    <p class='ocr_par' dir='ltr' id='par_1_77' title="bbox 2149 3469 3740 3543">
     <span class='ocr_line' id='line_1_77' title="bbox 2149 3469 3740 3543; baseline -0.002 -19"><span class='ocrx_word' id='word_1_596' title='bbox 2149 3470 2274 3524; x_wconf 86' lang='grc' dir='ltr'><strong>θοῦν</strong></span> <span class='ocrx_word' id='word_1_597' title='bbox 2299 3470 2394 3523; x_wconf 72' lang='grc' dir='ltr'><strong>καὶ</strong></span> <span class='ocrx_word' id='word_1_598' title='bbox 2437 3471 2808 3543; x_wconf 80' lang='grc' dir='ltr'><strong>ἐπιστρέφειν.</strong></span> <span class='ocrx_word' id='word_1_599' title='bbox 2859 3472 2972 3525; x_wconf 82' lang='lat' dir='ltr'><strong>Kal</strong></span> <span class='ocrx_word' id='word_1_600' title='bbox 3022 3470 3186 3534; x_wconf 76' lang='grc' dir='ltr'>αὐτὸς</span> <span class='ocrx_word' id='word_1_601' title='bbox 3228 3472 3256 3523; x_wconf 87' lang='grc' dir='ltr'>ὁ</span> <span class='ocrx_word' id='word_1_602' title='bbox 3291 3469 3393 3540; x_wconf 82' lang='grc' dir='ltr'><strong>τῆς</strong></span> <span class='ocrx_word' id='word_1_603' title='bbox 3451 3471 3740 3541; x_wconf 79' lang='grc' dir='ltr'><strong>χειρίστης</strong></span> 
     </span>
    </p>
   </div>
   <div class='ocr_carea' id='block_1_78' title="bbox 2149 3561 3741 3633">
    <p class='ocr_par' dir='ltr' id='par_1_78' title="bbox 2149 3561 3741 3633">
     <span class='ocr_line' id='line_1_78' title="bbox 2149 3561 3741 3633; baseline 0.003 -7"><span class='ocrx_word' id='word_1_604' title='bbox 2149 3561 2297 3633; x_wconf 77' lang='grc' dir='ltr'><strong>ζωῆς</strong></span> <span class='ocrx_word' id='word_1_605' title='bbox 2322 3562 2626 3632; x_wconf 78' lang='grc' dir='ltr'><strong>ὲφιέμενος,</strong></span> <span class='ocrx_word' id='word_1_606' title='bbox 2654 3563 2730 3625; x_wconf 83' lang='grc' dir='ltr'>ὡς</span> <span class='ocrx_word' id='word_1_607' title='bbox 2777 3561 2915 3627; x_wconf 81' lang='grc' dir='ltr'><strong>ὅλως</strong></span> <span class='ocrx_word' id='word_1_608' title='bbox 2964 3561 3109 3633; x_wconf 75' lang='grc' dir='ltr'><strong>ζωῆς</strong></span> <span class='ocrx_word' id='word_1_609' title='bbox 3154 3562 3463 3633; x_wconf 70' lang='grc' dir='ltr'><strong>ἐφιέμενος,</strong></span> <span class='ocrx_word' id='word_1_610' title='bbox 3516 3563 3741 3631; x_wconf 70' lang='grc' dir='ltr'><strong>καὶτῆς</strong></span> 
     </span>
    </p>
   </div>
   <div class='ocr_carea' id='block_1_79' title="bbox 2149 3659 3745 3731">
    <p class='ocr_par' dir='ltr' id='par_1_79' title="bbox 2149 3659 3745 3731">
     <span class='ocr_line' id='line_1_79' title="bbox 2149 3659 3745 3731; baseline 0.001 -19"><span class='ocrx_word' id='word_1_611' title='bbox 2149 3659 2376 3731; x_wconf 86' lang='grc' dir='ltr'><strong>ἀρίστης</strong></span> <span class='ocrx_word' id='word_1_612' title='bbox 2402 3659 2551 3730; x_wconf 79' lang='grc' dir='ltr'><strong>αὐτῷ</strong></span> <span class='ocrx_word' id='word_1_613' title='bbox 2593 3660 2875 3730; x_wconf 83' lang='grc' dir='ltr'><strong>δοκούσης,</strong></span> <span class='ocrx_word' id='word_1_614' title='bbox 2903 3661 3023 3715; x_wconf 83' lang='grc' dir='ltr'><strong>κατ’</strong></span> <span class='ocrx_word' id='word_1_615' title='bbox 3059 3660 3190 3713; x_wconf 69' lang='grc' dir='ltr'><strong>αὐτὸ</strong></span> <span class='ocrx_word' id='word_1_616' title='bbox 3220 3660 3281 3713; x_wconf 76' lang='grc' dir='ltr'><strong>τὸ</strong></span> <span class='ocrx_word' id='word_1_617' title='bbox 3322 3660 3599 3729; x_wconf 76' lang='grc' dir='ltr'><strong>ἐφίεσθαι,</strong></span> <span class='ocrx_word' id='word_1_618' title='bbox 3648 3663 3745 3713; x_wconf 75' lang='grc' dir='ltr'><strong>καὶ</strong></span> 
     </span>
    </p>
   </div>
   <div class='ocr_carea' id='block_1_80' title="bbox 2151 3748 3741 3822">
    <p class='ocr_par' dir='ltr' id='par_1_80' title="bbox 2151 3748 3741 3822">
     <span class='ocr_line' id='line_1_80' title="bbox 2151 3748 3741 3822; baseline 0 -19"><span class='ocrx_word' id='word_1_619' title='bbox 2151 3748 2294 3821; x_wconf 77' lang='grc' dir='ltr'><strong>ζωῆς</strong></span> <span class='ocrx_word' id='word_1_620' title='bbox 2314 3750 2582 3820; x_wconf 78' lang='grc' dir='ltr'><strong>ἐφίεσθαι,</strong></span> <span class='ocrx_word' id='word_1_621' title='bbox 2619 3751 2717 3803; x_wconf 74' lang='grc' dir='ltr'><strong>καὶ</strong></span> <span class='ocrx_word' id='word_1_622' title='bbox 2743 3751 2878 3821; x_wconf 83' lang='grc' dir='ltr'><strong>πρὸς</strong></span> <span class='ocrx_word' id='word_1_623' title='bbox 2912 3751 3143 3822; x_wconf 84' lang='grc' dir='ltr'><strong>ἀρίστην</strong></span> <span class='ocrx_word' id='word_1_624' title='bbox 3183 3749 3329 3819; x_wconf 78' lang='grc' dir='ltr'><strong>ζωὴν</strong></span> <span class='ocrx_word' id='word_1_625' title='bbox 3373 3752 3741 3813; x_wconf 80' lang='grc' dir='ltr'><strong>ἀποσκοπεῖν,</strong></span> 
     </span>
    </p>
   </div>
   <div class='ocr_carea' id='block_1_81' title="bbox 2154 3848 3745 3924">
    <p class='ocr_par' dir='ltr' id='par_1_81' title="bbox 2154 3848 3745 3924">
     <span class='ocr_line' id='line_1_81' title="bbox 2154 3848 3745 3924; baseline 0.004 -24"><span class='ocrx_word' id='word_1_626' title='bbox 2154 3850 2369 3920; x_wconf 82' lang='grc' dir='ltr'><strong>μετέχει</strong></span> <span class='ocrx_word' id='word_1_627' title='bbox 2392 3848 2653 3918; x_wconf 88' lang='grc' dir='ltr'>τάγαθοῦ.</span> <span class='ocrx_word' id='word_1_628' title='bbox 2700 3850 2812 3903; x_wconf 76' lang='grc' dir='ltr'><strong>Καὶ</strong></span> <span class='ocrx_word' id='word_1_629' title='bbox 2853 3851 2903 3903; x_wconf 81' lang='lat' dir='ltr'><strong>el</strong></span> <span class='ocrx_word' id='word_1_630' title='bbox 2937 3850 3110 3921; x_wconf 87' lang='grc' dir='ltr'><strong>πάντη</strong></span> <span class='ocrx_word' id='word_1_631' title='bbox 3144 3850 3381 3918; x_wconf 81' lang='grc' dir='ltr'>τάγαθὸν</span> <span class='ocrx_word' id='word_1_632' title='bbox 3436 3850 3643 3924; x_wconf 62' lang='grc' dir='ltr'><strong>ἀνέλῃς</strong></span> <span class='ocrx_word' id='word_1_633' title='bbox 3670 3854 3745 3915; x_wconf 73' lang='grc'><strong>’⁸,</strong></span> 
     </span>
    </p>
   </div>
   <div class='ocr_carea' id='block_1_82' title="bbox 2149 3939 3739 4015">
    <p class='ocr_par' dir='ltr' id='par_1_82' title="bbox 2149 3939 3739 4015">
     <span class='ocr_line' id='line_1_82' title="bbox 2149 3939 3739 4015; baseline 0.002 -22"><span class='ocrx_word' id='word_1_634' title='bbox 2149 3940 2274 3993; x_wconf 74' lang='grc' dir='ltr'><strong>οὕτε</strong></span> <span class='ocrx_word' id='word_1_635' title='bbox 2306 3941 2465 3994; x_wconf 80' lang='grc' dir='ltr'>οὐσία</span> <span class='ocrx_word' id='word_1_636' title='bbox 2490 3940 2664 4004; x_wconf 74' lang='grc' dir='ltr'><strong>ἔσται,</strong></span> <span class='ocrx_word' id='word_1_637' title='bbox 2692 3939 2816 3993; x_wconf 76' lang='grc' dir='ltr'><strong>οὕτε</strong></span> <span class='ocrx_word' id='word_1_638' title='bbox 2845 3940 2981 4011; x_wconf 82' lang='grc' dir='ltr'><strong>ζωὴ,</strong></span> <span class='ocrx_word' id='word_1_639' title='bbox 3018 3939 3141 3994; x_wconf 78' lang='grc' dir='ltr'><strong>οὔτε</strong></span> <span class='ocrx_word' id='word_1_640' title='bbox 3164 3942 3369 4011; x_wconf 72' lang='grc' dir='ltr'><strong>ἔφεσις,</strong></span> <span class='ocrx_word' id='word_1_641' title='bbox 3416 3942 3547 3996; x_wconf 72' lang='grc' dir='ltr'><strong>οὔτε</strong></span> <span class='ocrx_word' id='word_1_642' title='bbox 3580 3944 3739 4015; x_wconf 77' lang='grc' dir='ltr'><strong>κίνη-</strong></span> 
     </span>
    </p>
   </div>
   <div class='ocr_carea' id='block_1_83' title="bbox 2153 4033 3742 4107">
    <p class='ocr_par' dir='ltr' id='par_1_83' title="bbox 2153 4033 3742 4107">
     <span class='ocr_line' id='line_1_83' title="bbox 2153 4033 3742 4107; baseline 0.003 -20"><span class='ocrx_word' id='word_1_643' title='bbox 2153 4052 2257 4098; x_wconf 91' lang='grc' dir='ltr'><strong>σις,</strong></span> <span class='ocrx_word' id='word_1_644' title='bbox 2284 4033 2407 4087; x_wconf 78' lang='grc' dir='ltr'><strong>οὔτε</strong></span> <span class='ocrx_word' id='word_1_645' title='bbox 2432 4034 2559 4087; x_wconf 79' lang='grc' dir='ltr'><strong>ἀλλο</strong></span> <span class='ocrx_word' id='word_1_646' title='bbox 2601 4034 2773 4087; x_wconf 84' lang='grc' dir='ltr'><strong>οὐδέν.</strong></span> <span class='ocrx_word' id='word_1_647' title='bbox 2805 4035 2967 4087; x_wconf 81' lang='grc' dir='ltr'><strong>Ὥστε</strong></span> <span class='ocrx_word' id='word_1_648' title='bbox 2993 4035 3089 4088; x_wconf 82' lang='grc' dir='ltr'><strong>καὶ</strong></span> <span class='ocrx_word' id='word_1_649' title='bbox 3118 4034 3181 4088; x_wconf 83' lang='grc' dir='ltr'><strong>τὸ</strong></span> <span class='ocrx_word' id='word_1_650' title='bbox 3223 4034 3471 4103; x_wconf 81' lang='grc' dir='ltr'><strong>γίνεσθαι</strong></span> <span class='ocrx_word' id='word_1_651' title='bbox 3506 4038 3574 4089; x_wconf 86' lang='grc' dir='ltr'><strong>ἐκ</strong></span> <span class='ocrx_word' id='word_1_652' title='bbox 3616 4038 3742 4107; x_wconf 71' lang='grc' dir='ltr'><strong>φθο-</strong></span> 
     </span>
    </p>
   </div>
   <div class='ocr_carea' id='block_1_84' title="bbox 472 4124 2041 4199">
    <p class='ocr_par' dir='ltr' id='par_1_84' title="bbox 472 4125 2041 4197">
     <span class='ocr_line' id='line_1_84' title="bbox 472 4125 2041 4197; baseline 0.001 -16"><span class='ocrx_word' id='word_1_653' title='bbox 472 4128 795 4197; x_wconf 82' lang='lat' dir='ltr'><strong>juuctionis.</strong></span> <span class='ocrx_word' id='word_1_654' title='bbox 834 4126 917 4181; x_wconf 85' lang='lat' dir='ltr'><strong>Ira</strong></span> <span class='ocrx_word' id='word_1_655' title='bbox 946 4128 1112 4180; x_wconf 87' lang='lat' dir='ltr'><strong>etiam</strong></span> <span class='ocrx_word' id='word_1_656' title='bbox 1142 4125 1269 4180; x_wconf 82' lang='lat' dir='ltr'><strong>boni</strong></span> <span class='ocrx_word' id='word_1_657' title='bbox 1308 4127 1580 4197; x_wconf 80' lang='lat' dir='ltr'><strong>particeps</strong></span> <span class='ocrx_word' id='word_1_658' title='bbox 1624 4126 1727 4182; x_wconf 85' lang='lat' dir='ltr'><strong>hoc</strong></span> <span class='ocrx_word' id='word_1_659' title='bbox 1760 4127 1876 4196; x_wconf 89' lang='lat' dir='ltr'><strong>ipso</strong></span> <span class='ocrx_word' id='word_1_660' title='bbox 1907 4128 2041 4196; x_wconf 82' lang='lat' dir='ltr'><strong>quod</strong></span> 
     </span>
    </p>
   </div>
   <div class='ocr_carea' id='block_1_85' title="bbox 2147 4124 3740 4199">
    <p class='ocr_par' dir='ltr' id='par_1_85' title="bbox 2156 4124 3740 4199">
     <span class='ocr_line' id='line_1_85' title="bbox 2156 4124 3740 4199; baseline 0.003 -20"><span class='ocrx_word' id='word_1_661' title='bbox 2156 4127 2252 4197; x_wconf 80' lang='grc' dir='ltr'><strong>ρᾶς</strong></span> <span class='ocrx_word' id='word_1_662' title='bbox 2285 4126 2497 4194; x_wconf 88' lang='grc' dir='ltr'><strong>γένεσιν</strong></span> <span class='ocrx_word' id='word_1_663' title='bbox 2542 4126 2645 4179; x_wconf 76' lang='grc' dir='ltr'><strong>οὐκ</strong></span> <span class='ocrx_word' id='word_1_664' title='bbox 2692 4124 2807 4178; x_wconf 73' lang='grc' dir='ltr'><strong>ἐστι</strong></span> <span class='ocrx_word' id='word_1_665' title='bbox 2860 4126 3033 4179; x_wconf 88' lang='grc' dir='ltr'><strong>κακοῦ</strong></span> <span class='ocrx_word' id='word_1_666' title='bbox 3065 4125 3312 4197; x_wconf 84' lang='grc' dir='ltr'><strong>δύναμις,</strong></span> <span class='ocrx_word' id='word_1_667' title='bbox 3374 4126 3495 4181; x_wconf 81' lang='grc' dir='ltr'><strong>ἀλλ’</strong></span> <span class='ocrx_word' id='word_1_668' title='bbox 3516 4129 3740 4199; x_wconf 79' lang='grc' dir='ltr'><strong>ἥττονος</strong></span> 
     </span>
    </p>
   </div>
   <div class='ocr_carea' id='block_1_86' title="bbox 480 4218 2041 4291">
    <p class='ocr_par' dir='ltr' id='par_1_86' title="bbox 480 4218 2041 4288">
     <span class='ocr_line' id='line_1_86' title="bbox 480 4218 2041 4288; baseline 0 -13"><span class='ocrx_word' id='word_1_669' title='bbox 480 4231 753 4285; x_wconf 76' lang='lat' dir='ltr'><strong>movetur,</strong></span> <span class='ocrx_word' id='word_1_670' title='bbox 798 4218 1059 4288; x_wconf 83' lang='lat' dir='ltr'><strong>cupitque</strong></span> <span class='ocrx_word' id='word_1_671' title='bbox 1100 4232 1162 4271; x_wconf 92' lang='lat' dir='ltr'><strong>ea</strong></span> <span class='ocrx_word' id='word_1_672' title='bbox 1220 4232 1342 4287; x_wconf 76' lang='lat' dir='ltr'><strong>qua:</strong></span> <span class='ocrx_word' id='word_1_673' title='bbox 1392 4219 1530 4272; x_wconf 85' lang='lat' dir='ltr'><strong>mala</strong></span> <span class='ocrx_word' id='word_1_674' title='bbox 1585 4219 1836 4273; x_wconf 86' lang='lat' dir='ltr'><strong>videntur</strong></span> <span class='ocrx_word' id='word_1_675' title='bbox 1888 4221 1954 4274; x_wconf 91' lang='lat' dir='ltr'><strong>ad</strong></span> <span class='ocrx_word' id='word_1_676' title='bbox 1997 4220 2041 4275; x_wconf 83' lang='lat' dir='ltr'><strong>id</strong></span> 
     </span>
    </p>
   </div>
   <div class='ocr_carea' id='block_1_87' title="bbox 2147 4218 3739 4291">
    <p class='ocr_par' dir='ltr' id='par_1_87' title="bbox 2152 4218 3739 4291">
     <span class='ocr_line' id='line_1_87' title="bbox 2152 4218 3739 4291; baseline 0.001 -18"><span class='ocrx_word' id='word_1_677' title='bbox 2152 4218 2358 4287; x_wconf 90' lang='grc' dir='ltr'>ἀγαθοῦ</span> <span class='ocrx_word' id='word_1_678' title='bbox 2384 4220 2677 4290; x_wconf 84' lang='grc' dir='ltr'><strong>παρουσία,</strong></span> <span class='ocrx_word' id='word_1_679' title='bbox 2705 4220 2824 4273; x_wconf 83' lang='grc' dir='ltr'><strong>καθ’</strong></span> <span class='ocrx_word' id='word_1_680' title='bbox 2857 4220 2984 4273; x_wconf 84' lang='grc' dir='ltr'><strong>ὅσον</strong></span> <span class='ocrx_word' id='word_1_681' title='bbox 3016 4221 3113 4273; x_wconf 76' lang='grc' dir='ltr'><strong>καὶ</strong></span> <span class='ocrx_word' id='word_1_682' title='bbox 3145 4221 3299 4284; x_wconf 80' lang='grc' dir='ltr'><strong>νόσος</strong></span> <span class='ocrx_word' id='word_1_683' title='bbox 3328 4220 3572 4291; x_wconf 63' lang='grc' dir='ltr'><strong>ἔλλειψίς</strong></span> <span class='ocrx_word' id='word_1_684' title='bbox 3623 4224 3739 4276; x_wconf 77' lang='grc' dir='ltr'><strong>ἐστι</strong></span> 
     </span>
    </p>
   </div>
   <div class='ocr_carea' id='block_1_88' title="bbox 479 4307 2041 4386">
    <p class='ocr_par' dir='ltr' id='par_1_88' title="bbox 479 4308 2041 4383">
     <span class='ocr_line' id='line_1_88' title="bbox 479 4308 2041 4383; baseline -0.001 -16"><span class='ocrx_word' id='word_1_685' title='bbox 479 4314 622 4383; x_wconf 88' lang='lat' dir='ltr'><strong>quod</strong></span> <span class='ocrx_word' id='word_1_686' title='bbox 646 4311 774 4366; x_wconf 90' lang='lat' dir='ltr'><strong>boui</strong></span> <span class='ocrx_word' id='word_1_687' title='bbox 804 4311 1043 4382; x_wconf 88' lang='lat' dir='ltr'><strong>speciem</strong></span> <span class='ocrx_word' id='word_1_688' title='bbox 1069 4325 1182 4380; x_wconf 73' lang='lat' dir='ltr'><strong>pra:</strong></span> <span class='ocrx_word' id='word_1_689' title='bbox 1236 4326 1295 4363; x_wconf 86' lang='lat' dir='ltr'><strong>se</strong></span> <span class='ocrx_word' id='word_1_690' title='bbox 1338 4308 1444 4363; x_wconf 81' lang='lat' dir='ltr'><strong>fert</strong></span> <span class='ocrx_word' id='word_1_691' title='bbox 1473 4310 1711 4378; x_wconf 81' lang='lat' dir='ltr'><strong>dirigere</strong></span> <span class='ocrx_word' id='word_1_692' title='bbox 1741 4319 1797 4364; x_wconf 90' lang='lat' dir='ltr'><strong>et</strong></span> <span class='ocrx_word' id='word_1_693' title='bbox 1821 4326 2041 4366; x_wconf 87' lang='lat' dir='ltr'><strong>conver-</strong></span> 
     </span>
    </p>
   </div>
   <div class='ocr_carea' id='block_1_89' title="bbox 2147 4307 3742 4386">
    <p class='ocr_par' dir='ltr' id='par_1_89' title="bbox 2150 4307 3742 4386">
     <span class='ocr_line' id='line_1_89' title="bbox 2150 4307 3742 4386; baseline 0.004 -26"><span class='ocrx_word' id='word_1_694' title='bbox 2150 4307 2375 4375; x_wconf 78' lang='grc' dir='ltr'><strong>τάξεως,</strong></span> <span class='ocrx_word' id='word_1_695' title='bbox 2403 4309 2462 4361; x_wconf 83' lang='grc' dir='ltr'><strong>οὺ</strong></span> <span class='ocrx_word' id='word_1_696' title='bbox 2503 4310 2685 4380; x_wconf 84' lang='grc' dir='ltr'><strong>πάσης</strong></span> <span class='ocrx_word' id='word_1_697' title='bbox 2702 4325 2715 4338; x_wconf 85' lang='grc'><strong>·</strong></span> <span class='ocrx_word' id='word_1_698' title='bbox 2774 4312 2823 4363; x_wconf 78' lang='grc' dir='ltr'><strong>ει</strong></span> <span class='ocrx_word' id='word_1_699' title='bbox 2854 4309 2964 4381; x_wconf 85' lang='grc' dir='ltr'><strong>γὰρ</strong></span> <span class='ocrx_word' id='word_1_700' title='bbox 2987 4311 3146 4364; x_wconf 87' lang='grc' dir='ltr'><strong>τοῦτο</strong></span> <span class='ocrx_word' id='word_1_701' title='bbox 3170 4311 3414 4382; x_wconf 84' lang='grc' dir='ltr'><strong>γένηται,</strong></span> <span class='ocrx_word' id='word_1_702' title='bbox 3438 4312 3568 4366; x_wconf 74' lang='grc' dir='ltr'><strong>οὔτε</strong></span> <span class='ocrx_word' id='word_1_703' title='bbox 3595 4316 3630 4386; x_wconf 78' lang='grc' dir='ltr'><strong>ἡ</strong></span> <span class='ocrx_word' id='word_1_704' title='bbox 3658 4316 3742 4367; x_wconf 79' lang='grc' dir='ltr'><strong>νό-</strong></span> 
     </span>
    </p>
   </div>
   <div class='ocr_carea' id='block_1_90' title="bbox 481 4398 2041 4473">
    <p class='ocr_par' dir='ltr' id='par_1_90' title="bbox 481 4400 2041 4470">
     <span class='ocr_line' id='line_1_90' title="bbox 481 4400 2041 4470; baseline -0.002 -10"><span class='ocrx_word' id='word_1_705' title='bbox 481 4416 616 4460; x_wconf 90' lang='lat' dir='ltr'><strong>tere.</strong></span> <span class='ocrx_word' id='word_1_706' title='bbox 657 4402 797 4469; x_wconf 86' lang='lat' dir='ltr'><strong>Quin</strong></span> <span class='ocrx_word' id='word_1_707' title='bbox 823 4410 879 4457; x_wconf 88' lang='lat' dir='ltr'><strong>et</strong></span> <span class='ocrx_word' id='word_1_708' title='bbox 908 4401 954 4455; x_wconf 90' lang='lat' dir='ltr'><strong>is</strong></span> <span class='ocrx_word' id='word_1_709' title='bbox 976 4414 1195 4470; x_wconf 88' lang='lat' dir='ltr'><strong>quoque</strong></span> <span class='ocrx_word' id='word_1_710' title='bbox 1248 4400 1340 4470; x_wconf 89' lang='lat' dir='ltr'><strong>qui</strong></span> <span class='ocrx_word' id='word_1_711' title='bbox 1376 4401 1729 4455; x_wconf 85' lang='lat' dir='ltr'><strong>deterrimam</strong></span> <span class='ocrx_word' id='word_1_712' title='bbox 1764 4401 1933 4455; x_wconf 90' lang='lat' dir='ltr'><strong>vitam</strong></span> <span class='ocrx_word' id='word_1_713' title='bbox 1959 4418 2041 4457; x_wconf 82' lang='lat' dir='ltr'><strong>ex-</strong></span> 
     </span>
    </p>
   </div>
   <div class='ocr_carea' id='block_1_91' title="bbox 2147 4398 3738 4473">
    <p class='ocr_par' dir='ltr' id='par_1_91' title="bbox 2154 4398 3738 4473">
     <span class='ocr_line' id='line_1_91' title="bbox 2154 4398 3738 4473; baseline 0.003 -22"><span class='ocrx_word' id='word_1_714' title='bbox 2154 4415 2246 4463; x_wconf 90' lang='grc' dir='ltr'><strong>σος</strong></span> <span class='ocrx_word' id='word_1_715' title='bbox 2269 4398 2406 4470; x_wconf 81' lang='grc' dir='ltr'><strong>αὑτὴ</strong></span> <span class='ocrx_word' id='word_1_716' title='bbox 2433 4399 2818 4471; x_wconf 81' lang='grc' dir='ltr'><strong>ὑποστήσεται,</strong></span> <span class='ocrx_word' id='word_1_717' title='bbox 2882 4400 3033 4470; x_wconf 84' lang='grc' dir='ltr'><strong>μένει</strong></span> <span class='ocrx_word' id='word_1_718' title='bbox 3058 4401 3117 4454; x_wconf 79' lang='grc' dir='ltr'><strong>δὲ</strong></span> <span class='ocrx_word' id='word_1_719' title='bbox 3161 4402 3257 4455; x_wconf 81' lang='grc' dir='ltr'><strong>καὶ</strong></span> <span class='ocrx_word' id='word_1_720' title='bbox 3279 4400 3426 4455; x_wconf 80' lang='grc' dir='ltr'><strong>ἐστιν</strong></span> <span class='ocrx_word' id='word_1_721' title='bbox 3473 4403 3509 4473; x_wconf 79' lang='grc' dir='ltr'>ὴ</span> <span class='ocrx_word' id='word_1_722' title='bbox 3559 4404 3738 4467; x_wconf 81' lang='grc' dir='ltr'><strong>νόσος,</strong></span> 
     </span>
    </p>
   </div>
   <div class='ocr_carea' id='block_1_92' title="bbox 479 4491 2041 4567">
    <p class='ocr_par' dir='ltr' id='par_1_92' title="bbox 479 4491 2041 4567">
     <span class='ocr_line' id='line_1_92' title="bbox 479 4491 2041 4567; baseline -0.001 -16"><span class='ocrx_word' id='word_1_723' title='bbox 479 4496 636 4567; x_wconf 88' lang='lat' dir='ltr'><strong>petit,</strong></span> <span class='ocrx_word' id='word_1_724' title='bbox 667 4494 839 4562; x_wconf 90' lang='lat' dir='ltr'><strong>utqui</strong></span> <span class='ocrx_word' id='word_1_725' title='bbox 874 4493 1098 4548; x_wconf 87' lang='lat' dir='ltr'><strong>omnino</strong></span> <span class='ocrx_word' id='word_1_726' title='bbox 1121 4491 1288 4545; x_wconf 87' lang='lat' dir='ltr'><strong>vitam</strong></span> <span class='ocrx_word' id='word_1_727' title='bbox 1329 4493 1535 4560; x_wconf 82' lang='lat' dir='ltr'><strong>cupiat,</strong></span> <span class='ocrx_word' id='word_1_728' title='bbox 1566 4500 1620 4545; x_wconf 90' lang='lat' dir='ltr'><strong>et</strong></span> <span class='ocrx_word' id='word_1_729' title='bbox 1665 4493 1883 4559; x_wconf 91' lang='lat' dir='ltr'><strong>quidem</strong></span> <span class='ocrx_word' id='word_1_730' title='bbox 1907 4494 2041 4563; x_wconf 88' lang='lat' dir='ltr'><strong>opti-</strong></span> 
     </span>
    </p>
   </div>
   <div class='ocr_carea' id='block_1_93' title="bbox 2147 4491 3743 4567">
    <p class='ocr_par' dir='ltr' id='par_1_93' title="bbox 2152 4491 3743 4567">
     <span class='ocr_line' id='line_1_93' title="bbox 2152 4491 3743 4567; baseline 0.003 -22"><span class='ocrx_word' id='word_1_731' title='bbox 2152 4492 2335 4545; x_wconf 85' lang='grc' dir='ltr'><strong>οὐσίαν</strong></span> <span class='ocrx_word' id='word_1_732' title='bbox 2369 4491 2563 4562; x_wconf 75' lang='grc' dir='ltr'><strong>ἔχουσα</strong></span> <span class='ocrx_word' id='word_1_733' title='bbox 2586 4491 2684 4563; x_wconf 83' lang='grc' dir='ltr'><strong>τὴν</strong></span> <span class='ocrx_word' id='word_1_734' title='bbox 2708 4493 2997 4564; x_wconf 80' lang='grc' dir='ltr'><strong>ἐλαχίστην</strong></span> <span class='ocrx_word' id='word_1_735' title='bbox 3019 4494 3192 4560; x_wconf 79' lang='grc' dir='ltr'><strong>τάξιν,</strong></span> <span class='ocrx_word' id='word_1_736' title='bbox 3217 4495 3311 4547; x_wconf 74' lang='grc' dir='ltr'><strong>καὶ</strong></span> <span class='ocrx_word' id='word_1_737' title='bbox 3335 4496 3394 4546; x_wconf 87' lang='grc' dir='ltr'><strong>ἐν</strong></span> <span class='ocrx_word' id='word_1_738' title='bbox 3415 4496 3561 4566; x_wconf 82' lang='grc' dir='ltr'><strong>αὐτῇ</strong></span> <span class='ocrx_word' id='word_1_739' title='bbox 3597 4514 3743 4567; x_wconf 76' lang='grc' dir='ltr'><strong>παρ-</strong></span> 
     </span>
    </p>
   </div>
   <div class='ocr_carea' id='block_1_94' title="bbox 482 4583 2048 4654">
    <p class='ocr_par' dir='ltr' id='par_1_94' title="bbox 482 4583 2048 4654">
     <span class='ocr_line' id='line_1_94' title="bbox 482 4583 2048 4654; baseline -0.003 -11"><span class='ocrx_word' id='word_1_740' title='bbox 482 4596 625 4643; x_wconf 85' lang='lat' dir='ltr'><strong>tuam</strong></span> <span class='ocrx_word' id='word_1_741' title='bbox 658 4586 757 4654; x_wconf 90' lang='lat' dir='ltr'><strong>ipsi</strong></span> <span class='ocrx_word' id='word_1_742' title='bbox 786 4586 980 4652; x_wconf 88' lang='lat' dir='ltr'><strong>visam,</strong></span> <span class='ocrx_word' id='word_1_743' title='bbox 1004 4596 1070 4637; x_wconf 76' lang='lat' dir='ltr'><strong>eo</strong></span> <span class='ocrx_word' id='word_1_744' title='bbox 1103 4584 1219 4652; x_wconf 88' lang='lat' dir='ltr'><strong>ipso</strong></span> <span class='ocrx_word' id='word_1_745' title='bbox 1247 4584 1511 4652; x_wconf 88' lang='lat' dir='ltr'><strong>appetitu,</strong></span> <span class='ocrx_word' id='word_1_746' title='bbox 1551 4592 1611 4637; x_wconf 92' lang='lat' dir='ltr'><strong>ut</strong></span> <span class='ocrx_word' id='word_1_747' title='bbox 1635 4583 1761 4636; x_wconf 69' lang='lat' dir='ltr'><strong>vitae</strong></span> <span class='ocrx_word' id='word_1_748' title='bbox 1782 4585 2048 4653; x_wconf 89' lang='lat' dir='ltr'><strong>appetitu,</strong></span> 
     </span>
    </p>
   </div>
   <div class='ocr_carea' id='block_1_95' title="bbox 485 4671 2048 4746">
    <p class='ocr_par' dir='ltr' id='par_1_95' title="bbox 485 4671 2048 4746">
     <span class='ocr_line' id='line_1_95' title="bbox 485 4671 2048 4746; baseline 0.002 -18"><span class='ocrx_word' id='word_1_749' title='bbox 485 4678 575 4744; x_wconf 92' lang='lat' dir='ltr'><strong>qui</strong></span> <span class='ocrx_word' id='word_1_750' title='bbox 608 4684 663 4729; x_wconf 89' lang='lat' dir='ltr'><strong>et</strong></span> <span class='ocrx_word' id='word_1_751' title='bbox 680 4676 941 4746; x_wconf 87' lang='lat' dir='ltr'><strong>optimam</strong></span> <span class='ocrx_word' id='word_1_752' title='bbox 974 4675 1141 4729; x_wconf 89' lang='lat' dir='ltr'><strong>vitam</strong></span> <span class='ocrx_word' id='word_1_753' title='bbox 1177 4681 1407 4742; x_wconf 86' lang='lat' dir='ltr'><strong>spectat,</strong></span> <span class='ocrx_word' id='word_1_754' title='bbox 1440 4671 1563 4726; x_wconf 90' lang='lat' dir='ltr'><strong>boni</strong></span> <span class='ocrx_word' id='word_1_755' title='bbox 1592 4674 1867 4745; x_wconf 87' lang='lat' dir='ltr'><strong>particeps</strong></span> <span class='ocrx_word' id='word_1_756' title='bbox 1896 4676 2048 4731; x_wconf 80' lang='lat' dir='ltr'><strong>exsi-</strong></span> 
     </span>
    </p>
   </div>
   <div class='ocr_carea' id='block_1_96' title="bbox 482 4765 2051 4837">
    <p class='ocr_par' dir='ltr' id='par_1_96' title="bbox 482 4765 2051 4837">
     <span class='ocr_line' id='line_1_96' title="bbox 482 4765 2051 4837; baseline -0.001 -13"><span class='ocrx_word' id='word_1_757' title='bbox 482 4769 597 4824; x_wconf 88' lang='lat' dir='ltr'><strong>stit.</strong></span> <span class='ocrx_word' id='word_1_758' title='bbox 634 4768 874 4837; x_wconf 90' lang='lat' dir='ltr'><strong>Denique</strong></span> <span class='ocrx_word' id='word_1_759' title='bbox 902 4767 947 4821; x_wconf 89' lang='lat' dir='ltr'><strong>si</strong></span> <span class='ocrx_word' id='word_1_760' title='bbox 981 4766 1184 4820; x_wconf 89' lang='lat' dir='ltr'><strong>bonum</strong></span> <span class='ocrx_word' id='word_1_761' title='bbox 1244 4765 1464 4834; x_wconf 88' lang='lat' dir='ltr'><strong>penitus</strong></span> <span class='ocrx_word' id='word_1_762' title='bbox 1515 4766 1823 4834; x_wconf 87' lang='lat' dir='ltr'><strong>sustuleris,</strong></span> <span class='ocrx_word' id='word_1_763' title='bbox 1871 4781 2051 4837; x_wconf 87' lang='lat' dir='ltr'><strong>neque</strong></span> 
     </span>
    </p>
   </div>
   <div class='ocr_carea' id='block_1_97' title="bbox 482 4857 2050 4929">
    <p class='ocr_par' dir='ltr' id='par_1_97' title="bbox 482 4857 2050 4929">
     <span class='ocr_line' id='line_1_97' title="bbox 482 4857 2050 4929; baseline -0.001 -14"><span class='ocrx_word' id='word_1_764' title='bbox 482 4860 725 4915; x_wconf 89' lang='lat' dir='ltr'><strong>essentia</strong></span> <span class='ocrx_word' id='word_1_765' title='bbox 755 4859 883 4924; x_wconf 89' lang='lat' dir='ltr'><strong>erit,</strong></span> <span class='ocrx_word' id='word_1_766' title='bbox 925 4872 1101 4927; x_wconf 89' lang='lat' dir='ltr'><strong>neque</strong></span> <span class='ocrx_word' id='word_1_767' title='bbox 1155 4857 1286 4921; x_wconf 85' lang='lat' dir='ltr'><strong>vita,</strong></span> <span class='ocrx_word' id='word_1_768' title='bbox 1340 4871 1515 4925; x_wconf 89' lang='lat' dir='ltr'><strong>neque</strong></span> <span class='ocrx_word' id='word_1_769' title='bbox 1561 4858 1849 4926; x_wconf 81' lang='lat' dir='ltr'><strong>appetitus,</strong></span> <span class='ocrx_word' id='word_1_770' title='bbox 1876 4874 2050 4929; x_wconf 86' lang='lat' dir='ltr'><strong>neque</strong></span> 
     </span>
    </p>
   </div>
   <div class='ocr_carea' id='block_1_98' title="bbox 484 4947 2049 5017">
    <p class='ocr_par' dir='ltr' id='par_1_98' title="bbox 484 4947 2049 5017">
     <span class='ocr_line' id='line_1_98' title="bbox 484 4947 2049 5017; baseline 0.002 -13"><span class='ocrx_word' id='word_1_771' title='bbox 484 4957 684 5012; x_wconf 90' lang='lat' dir='ltr'><strong>motus,</strong></span> <span class='ocrx_word' id='word_1_772' title='bbox 714 4962 890 5015; x_wconf 86' lang='lat' dir='ltr'><strong>neque</strong></span> <span class='ocrx_word' id='word_1_773' title='bbox 920 4948 1218 5017; x_wconf 88' lang='lat' dir='ltr'><strong>quidquam</strong></span> <span class='ocrx_word' id='word_1_774' title='bbox 1274 4947 1441 5003; x_wconf 88' lang='lat' dir='ltr'><strong>aliud.</strong></span> <span class='ocrx_word' id='word_1_775' title='bbox 1482 4948 1688 5017; x_wconf 84' lang='lat' dir='ltr'><strong>Itaque,</strong></span> <span class='ocrx_word' id='word_1_776' title='bbox 1718 4950 1858 5017; x_wconf 90' lang='lat' dir='ltr'><strong>quod</strong></span> <span class='ocrx_word' id='word_1_777' title='bbox 1883 4952 2049 5007; x_wconf 88' lang='lat' dir='ltr'><strong>etiam</strong></span> 
     </span>
    </p>
   </div>
   <div class='ocr_carea' id='block_1_99' title="bbox 481 5035 2051 5106">
    <p class='ocr_par' dir='ltr' id='par_1_99' title="bbox 481 5035 2051 5106">
     <span class='ocr_line' id='line_1_99' title="bbox 481 5035 2051 5106; baseline 0.003 -16"><span class='ocrx_word' id='word_1_778' title='bbox 481 5040 550 5091; x_wconf 77' lang='lat' dir='ltr'><strong>e‘x</strong></span> <span class='ocrx_word' id='word_1_779' title='bbox 580 5035 936 5104; x_wconf 90' lang='lat' dir='ltr'><strong>corruptione</strong></span> <span class='ocrx_word' id='word_1_780' title='bbox 971 5035 1063 5087; x_wconf 80' lang='lat' dir='ltr'><strong>ﬁat</strong></span> <span class='ocrx_word' id='word_1_781' title='bbox 1091 5036 1392 5105; x_wconf 80' lang='lat' dir='ltr'><strong>generatio,</strong></span> <span class='ocrx_word' id='word_1_782' title='bbox 1422 5052 1527 5091; x_wconf 91' lang='lat' dir='ltr'><strong>non</strong></span> <span class='ocrx_word' id='word_1_783' title='bbox 1562 5044 1644 5091; x_wconf 86' lang='lat' dir='ltr'><strong>est</strong></span> <span class='ocrx_word' id='word_1_784' title='bbox 1673 5038 1799 5092; x_wconf 84' lang='lat' dir='ltr'><strong>mali</strong></span> <span class='ocrx_word' id='word_1_785' title='bbox 1826 5040 1931 5106; x_wconf 89' lang='lat' dir='ltr'><strong>vis,</strong></span> <span class='ocrx_word' id='word_1_786' title='bbox 1955 5041 2051 5097; x_wconf 86' lang='lat' dir='ltr'><strong>sed</strong></span> 
     </span>
    </p>
   </div>
   <div class='ocr_carea' id='block_1_100' title="bbox 484 5128 2054 5198">
    <p class='ocr_par' dir='ltr' id='par_1_100' title="bbox 484 5128 2054 5198">
     <span class='ocr_line' id='line_1_100' title="bbox 484 5128 2054 5198; baseline 0.005 -16"><span class='ocrx_word' id='word_1_787' title='bbox 484 5130 715 5184; x_wconf 86' lang='lat' dir='ltr'><strong>minoris</strong></span> <span class='ocrx_word' id='word_1_788' title='bbox 778 5128 904 5183; x_wconf 85' lang='lat' dir='ltr'><strong>boni</strong></span> <span class='ocrx_word' id='word_1_789' title='bbox 954 5130 1280 5198; x_wconf 67' lang='lat' dir='ltr'><strong>prtesentia;</strong></span> <span class='ocrx_word' id='word_1_790' title='bbox 1328 5131 1470 5185; x_wconf 88' lang='lat' dir='ltr'><strong>sicut</strong></span> <span class='ocrx_word' id='word_1_791' title='bbox 1534 5132 1753 5186; x_wconf 89' lang='lat' dir='ltr'><strong>morbus</strong></span> <span class='ocrx_word' id='word_1_792' title='bbox 1811 5134 2054 5190; x_wconf 83' lang='lat' dir='ltr'><strong>defectus</strong></span> 
     </span>
    </p>
   </div>
   <div class='ocr_carea' id='block_1_101' title="bbox 485 5219 2050 5290">
    <p class='ocr_par' dir='ltr' id='par_1_101' title="bbox 485 5219 2050 5290">
     <span class='ocr_line' id='line_1_101' title="bbox 485 5219 2050 5290; baseline 0.004 -17"><span class='ocrx_word' id='word_1_793' title='bbox 485 5222 701 5290; x_wconf 89' lang='lat' dir='ltr'><strong>quidem</strong></span> <span class='ocrx_word' id='word_1_794' title='bbox 728 5227 812 5273; x_wconf 89' lang='lat' dir='ltr'><strong>est</strong></span> <span class='ocrx_word' id='word_1_795' title='bbox 836 5219 1265 5287; x_wconf 89' lang='lat' dir='ltr'><strong>constitutionis,</strong></span> <span class='ocrx_word' id='word_1_796' title='bbox 1298 5220 1391 5275; x_wconf 87' lang='lat' dir='ltr'><strong>sed</strong></span> <span class='ocrx_word' id='word_1_797' title='bbox 1426 5236 1529 5275; x_wconf 93' lang='lat' dir='ltr'><strong>non</strong></span> <span class='ocrx_word' id='word_1_798' title='bbox 1587 5221 1889 5290; x_wconf 84' lang='lat' dir='ltr'><strong>universae;</strong></span> <span class='ocrx_word' id='word_1_799' title='bbox 1927 5241 2050 5280; x_wconf 85' lang='lat' dir='ltr'><strong>nam</strong></span> 
     </span>
    </p>
   </div>
   <div class='ocr_carea' id='block_1_102' title="bbox 2158 4583 3742 4656">
    <p class='ocr_par' dir='ltr' id='par_1_102' title="bbox 2158 4583 3742 4656">
     <span class='ocr_line' id='line_1_102' title="bbox 2158 4583 3742 4656; baseline 0.004 -21"><span class='ocrx_word' id='word_1_800' title='bbox 2158 4585 2516 4654; x_wconf 79' lang='grc' dir='ltr'><strong>υφισταμένη.</strong></span> <span class='ocrx_word' id='word_1_801' title='bbox 2571 4583 2645 4636; x_wconf 82' lang='grc' dir='ltr'><strong>Τὸ</strong></span> <span class='ocrx_word' id='word_1_802' title='bbox 2701 4584 2811 4655; x_wconf 87' lang='grc' dir='ltr'><strong>γὰρ</strong></span> <span class='ocrx_word' id='word_1_803' title='bbox 2876 4585 3052 4656; x_wconf 85' lang='grc' dir='ltr'><strong>πάντη</strong></span> <span class='ocrx_word' id='word_1_804' title='bbox 3110 4584 3335 4656; x_wconf 78' lang='grc' dir='ltr'><strong>ἄμοιρον</strong></span> <span class='ocrx_word' id='word_1_805' title='bbox 3387 4585 3485 4639; x_wconf 88' lang='grc' dir='ltr'>τοῦ</span> <span class='ocrx_word' id='word_1_806' title='bbox 3534 4587 3742 4655; x_wconf 79' lang='grc' dir='ltr'>ἀγαθοῦ</span> 
     </span>
    </p>
   </div>
   <div class='ocr_carea' id='block_1_103' title="bbox 2158 4662 3743 4749">
    <p class='ocr_par' dir='ltr' id='par_1_103' title="bbox 2158 4662 3743 4749">
     <span class='ocr_line' id='line_1_103' title="bbox 2158 4662 3743 4749; baseline 0.005 -22"><span class='ocrx_word' id='word_1_807' title='bbox 2158 4676 2281 4728; x_wconf 73' lang='grc' dir='ltr'><strong>οὔτε</strong></span> <span class='ocrx_word' id='word_1_808' title='bbox 2310 4675 2388 4740; x_wconf 83' lang='grc' dir='ltr'><strong>ὃν,</strong></span> <span class='ocrx_word' id='word_1_809' title='bbox 2414 4662 2538 4728; x_wconf 81' lang='grc' dir='ltr'>οῦτέ</span> <span class='ocrx_word' id='word_1_810' title='bbox 2572 4678 2629 4730; x_wconf 90' lang='grc' dir='ltr'><strong>ἐν</strong></span> <span class='ocrx_word' id='word_1_811' title='bbox 2652 4679 2764 4741; x_wconf 85' lang='grc' dir='ltr'><strong>τοῖς</strong></span> <span class='ocrx_word' id='word_1_812' title='bbox 2789 4672 2908 4730; x_wconf 80' lang='grc' dir='ltr'><strong>οὖσι</strong></span> <span class='ocrx_word' id='word_1_813' title='bbox 2926 4695 2940 4708; x_wconf 74' lang='grc' dir='ltr'><strong>ο</strong></span> <span class='ocrx_word' id='word_1_814' title='bbox 2998 4679 3061 4731; x_wconf 84' lang='grc' dir='ltr'><strong>τὸ</strong></span> <span class='ocrx_word' id='word_1_815' title='bbox 3084 4678 3143 4731; x_wconf 77' lang='grc' dir='ltr'><strong>δὲ</strong></span> <span class='ocrx_word' id='word_1_816' title='bbox 3176 4678 3368 4749; x_wconf 87' lang='grc' dir='ltr'><strong>μικτὸν</strong></span> <span class='ocrx_word' id='word_1_817' title='bbox 3388 4680 3481 4733; x_wconf 81' lang='grc' dir='ltr'><strong>διὰ</strong></span> <span class='ocrx_word' id='word_1_818' title='bbox 3518 4680 3582 4733; x_wconf 85' lang='grc' dir='ltr'><strong>τὺ</strong></span> <span class='ocrx_word' id='word_1_819' title='bbox 3606 4682 3743 4749; x_wconf 79' lang='grc' dir='ltr'>ἀγα-</span> 
     </span>
    </p>
   </div>
   <div class='ocr_carea' id='block_1_104' title="bbox 2158 4764 3737 4836">
    <p class='ocr_par' dir='ltr' id='par_1_104' title="bbox 2158 4764 3737 4836">
     <span class='ocr_line' id='line_1_104' title="bbox 2158 4764 3737 4836; baseline 0.004 -15"><span class='ocrx_word' id='word_1_820' title='bbox 2158 4767 2249 4821; x_wconf 86' lang='grc' dir='ltr'><strong>θὸν</strong></span> <span class='ocrx_word' id='word_1_821' title='bbox 2272 4770 2329 4821; x_wconf 87' lang='grc' dir='ltr'><strong>ἐν</strong></span> <span class='ocrx_word' id='word_1_822' title='bbox 2354 4769 2466 4831; x_wconf 87' lang='grc' dir='ltr'><strong>τοῖς</strong></span> <span class='ocrx_word' id='word_1_823' title='bbox 2492 4764 2633 4833; x_wconf 81' lang='grc' dir='ltr'><strong>οὖσι,</strong></span> <span class='ocrx_word' id='word_1_824' title='bbox 2658 4772 2753 4823; x_wconf 80' lang='grc' dir='ltr'>καὶ</span> <span class='ocrx_word' id='word_1_825' title='bbox 2779 4770 2919 4823; x_wconf 86' lang='grc' dir='ltr'>κατά</span> <span class='ocrx_word' id='word_1_826' title='bbox 2959 4769 3119 4823; x_wconf 89' lang='grc' dir='ltr'><strong>τοῦτο</strong></span> <span class='ocrx_word' id='word_1_827' title='bbox 3162 4772 3219 4823; x_wconf 89' lang='grc' dir='ltr'><strong>ἐν</strong></span> <span class='ocrx_word' id='word_1_828' title='bbox 3245 4773 3357 4835; x_wconf 89' lang='grc' dir='ltr'><strong>τοῖς</strong></span> <span class='ocrx_word' id='word_1_829' title='bbox 3378 4767 3502 4825; x_wconf 78' lang='grc' dir='ltr'><strong>οὖσι</strong></span> <span class='ocrx_word' id='word_1_830' title='bbox 3531 4774 3629 4826; x_wconf 74' lang='grc' dir='ltr'><strong>καὶ</strong></span> <span class='ocrx_word' id='word_1_831' title='bbox 3649 4774 3737 4836; x_wconf 81' lang='grc' dir='ltr'><strong>ὃν,</strong></span> 
     </span>
    </p>
   </div>
   <div class='ocr_carea' id='block_1_105' title="bbox 2159 4858 3743 4932">
    <p class='ocr_par' dir='ltr' id='par_1_105' title="bbox 2159 4858 3743 4932">
     <span class='ocr_line' id='line_1_105' title="bbox 2159 4858 3743 4932; baseline 0.004 -21"><span class='ocrx_word' id='word_1_832' title='bbox 2159 4858 2279 4912; x_wconf 89' lang='grc' dir='ltr'><strong>καθ’</strong></span> <span class='ocrx_word' id='word_1_833' title='bbox 2307 4860 2429 4913; x_wconf 78' lang='grc' dir='ltr'><strong>ὅσον</strong></span> <span class='ocrx_word' id='word_1_834' title='bbox 2451 4859 2546 4913; x_wconf 86' lang='grc' dir='ltr'>τοῦ</span> <span class='ocrx_word' id='word_1_835' title='bbox 2585 4860 2790 4929; x_wconf 88' lang='grc' dir='ltr'>ἀγαθοῦ</span> <span class='ocrx_word' id='word_1_836' title='bbox 2820 4862 3056 4932; x_wconf 83' lang='grc' dir='ltr'><strong>μετέχει.</strong></span> <span class='ocrx_word' id='word_1_837' title='bbox 3109 4863 3325 4916; x_wconf 83' lang='grc' dir='ltr'><strong>Μᾶλλον</strong></span> <span class='ocrx_word' id='word_1_838' title='bbox 3379 4864 3437 4917; x_wconf 82' lang='grc' dir='ltr'><strong>δὲ</strong></span> <span class='ocrx_word' id='word_1_839' title='bbox 3495 4865 3568 4917; x_wconf 77' lang='grc' dir='ltr'><strong>τά</strong></span> <span class='ocrx_word' id='word_1_840' title='bbox 3615 4866 3743 4918; x_wconf 75' lang='grc' dir='ltr'><strong>ὄντα</strong></span> 
     </span>
    </p>
   </div>
   <div class='ocr_carea' id='block_1_106' title="bbox 2160 4951 3737 5029">
    <p class='ocr_par' dir='ltr' id='par_1_106' title="bbox 2160 4951 3737 5029">
     <span class='ocr_line' id='line_1_106' title="bbox 2160 4951 3737 5029; baseline 0.003 -25"><span class='ocrx_word' id='word_1_841' title='bbox 2160 4952 2337 5005; x_wconf 88' lang='grc' dir='ltr'><strong>πάντα</strong></span> <span class='ocrx_word' id='word_1_842' title='bbox 2360 4951 2501 5005; x_wconf 87' lang='grc' dir='ltr'>κατά</span> <span class='ocrx_word' id='word_1_843' title='bbox 2532 4953 2785 5007; x_wconf 86' lang='grc' dir='ltr'><strong>τοσοῦτον</strong></span> <span class='ocrx_word' id='word_1_844' title='bbox 2809 4954 2964 5007; x_wconf 76' lang='grc' dir='ltr'><strong>ἔσται</strong></span> <span class='ocrx_word' id='word_1_845' title='bbox 3000 4955 3199 5025; x_wconf 79' lang='grc' dir='ltr'><strong>μᾶλλον</strong></span> <span class='ocrx_word' id='word_1_846' title='bbox 3253 4957 3347 5009; x_wconf 74' lang='grc' dir='ltr'><strong>καὶ</strong></span> <span class='ocrx_word' id='word_1_847' title='bbox 3378 4951 3571 5029; x_wconf 67' lang='grc' dir='ltr'><strong>⁴ἧττον,</strong></span> <span class='ocrx_word' id='word_1_848' title='bbox 3618 4959 3737 5010; x_wconf 82' lang='grc' dir='ltr'>καθ’</span> 
     </span>
    </p>
   </div>
   <div class='ocr_carea' id='block_1_107' title="bbox 2158 5043 3740 5120">
    <p class='ocr_par' dir='ltr' id='par_1_107' title="bbox 2158 5043 3740 5120">
     <span class='ocr_line' id='line_1_107' title="bbox 2158 5043 3740 5120; baseline 0.003 -25"><span class='ocrx_word' id='word_1_849' title='bbox 2158 5043 2281 5097; x_wconf 85' lang='grc' dir='ltr'><strong>ὅσον</strong></span> <span class='ocrx_word' id='word_1_850' title='bbox 2305 5043 2398 5096; x_wconf 89' lang='grc' dir='ltr'><strong>τοῦ</strong></span> <span class='ocrx_word' id='word_1_851' title='bbox 2432 5044 2637 5115; x_wconf 86' lang='grc' dir='ltr'>ἀγαθοῦ</span> <span class='ocrx_word' id='word_1_852' title='bbox 2691 5045 2939 5117; x_wconf 77' lang='grc' dir='ltr'><strong>μετέχειο</strong></span> <span class='ocrx_word' id='word_1_853' title='bbox 2988 5049 3083 5101; x_wconf 80' lang='grc' dir='ltr'><strong>καὶ</strong></span> <span class='ocrx_word' id='word_1_854' title='bbox 3131 5047 3241 5120; x_wconf 78' lang='grc' dir='ltr'><strong>γὰρ</strong></span> <span class='ocrx_word' id='word_1_855' title='bbox 3294 5048 3393 5103; x_wconf 76' lang='grc' dir='ltr'><strong>καὶ</strong></span> <span class='ocrx_word' id='word_1_856' title='bbox 3449 5051 3547 5103; x_wconf 77' lang='grc' dir='ltr'><strong>ἐπὶ</strong></span> <span class='ocrx_word' id='word_1_857' title='bbox 3570 5050 3617 5081; x_wconf 81' lang='grc'><strong>⁸⁷</strong></span> <span class='ocrx_word' id='word_1_858' title='bbox 3646 5048 3740 5102; x_wconf 85' lang='grc' dir='ltr'><strong>τοῦ</strong></span> 
     </span>
    </p>
   </div>
   <div class='ocr_carea' id='block_1_108' title="bbox 2159 5133 3737 5211">
    <p class='ocr_par' dir='ltr' id='par_1_108' title="bbox 2159 5133 3737 5211">
     <span class='ocr_line' id='line_1_108' title="bbox 2159 5133 3737 5211; baseline 0.004 -24"><span class='ocrx_word' id='word_1_859' title='bbox 2159 5135 2289 5188; x_wconf 77' lang='grc' dir='ltr'>αὐτὸ</span> <span class='ocrx_word' id='word_1_860' title='bbox 2322 5133 2460 5190; x_wconf 80' lang='grc' dir='ltr'><strong>εἶναι</strong></span> <span class='ocrx_word' id='word_1_861' title='bbox 2486 5138 2546 5191; x_wconf 82' lang='grc' dir='ltr'><strong>τὸ</strong></span> <span class='ocrx_word' id='word_1_862' title='bbox 2568 5137 2789 5209; x_wconf 82' lang='grc' dir='ltr'><strong>μηδαμῆ</strong></span> <span class='ocrx_word' id='word_1_863' title='bbox 2815 5138 3079 5211; x_wconf 82' lang='grc' dir='ltr'><strong>μηδαμῶς</strong></span> <span class='ocrx_word' id='word_1_864' title='bbox 3104 5139 3165 5195; x_wconf 73' lang='grc' dir='ltr'><strong>ὃν</strong></span> <span class='ocrx_word' id='word_1_865' title='bbox 3207 5140 3331 5195; x_wconf 76' lang='grc' dir='ltr'><strong>οὔτε</strong></span> <span class='ocrx_word' id='word_1_866' title='bbox 3358 5142 3539 5195; x_wconf 81' lang='grc' dir='ltr'><strong>ἐσται.</strong></span> <span class='ocrx_word' id='word_1_867' title='bbox 3576 5142 3652 5194; x_wconf 79' lang='grc' dir='ltr'><strong>Τὸ</strong></span> <span class='ocrx_word' id='word_1_868' title='bbox 3682 5141 3737 5193; x_wconf 79' lang='grc' dir='ltr'><strong>δὲ</strong></span> 
     </span>
    </p>
   </div>
   <div class='ocr_carea' id='block_1_109' title="bbox 2162 5227 3736 5305">
    <p class='ocr_par' dir='ltr' id='par_1_109' title="bbox 2162 5227 3736 5305">
     <span class='ocr_line' id='line_1_109' title="bbox 2162 5227 3736 5305; baseline 0.003 -24"><span class='ocrx_word' id='word_1_869' title='bbox 2162 5227 2237 5299; x_wconf 83' lang='grc' dir='ltr'><strong>πὴ</strong></span> <span class='ocrx_word' id='word_1_870' title='bbox 2264 5228 2362 5300; x_wconf 83' lang='grc' dir='ltr'><strong>μὲν</strong></span> <span class='ocrx_word' id='word_1_871' title='bbox 2390 5229 2469 5293; x_wconf 75' lang='grc' dir='ltr'><strong>ὃν,</strong></span> <span class='ocrx_word' id='word_1_872' title='bbox 2497 5232 2573 5303; x_wconf 83' lang='grc' dir='ltr'><strong>πὴ</strong></span> <span class='ocrx_word' id='word_1_873' title='bbox 2600 5232 2658 5285; x_wconf 86' lang='grc' dir='ltr'>δὲ</span> <span class='ocrx_word' id='word_1_874' title='bbox 2686 5232 2761 5303; x_wconf 81' lang='grc' dir='ltr'><strong>μὴ</strong></span> <span class='ocrx_word' id='word_1_875' title='bbox 2804 5232 2885 5303; x_wconf 78' lang='grc' dir='ltr'><strong>ὃν,</strong></span> <span class='ocrx_word' id='word_1_876' title='bbox 2933 5232 3057 5287; x_wconf 80' lang='grc' dir='ltr'><strong>καθ’</strong></span> <span class='ocrx_word' id='word_1_877' title='bbox 3081 5234 3207 5290; x_wconf 81' lang='grc' dir='ltr'><strong>ὅσον</strong></span> <span class='ocrx_word' id='word_1_878' title='bbox 3241 5234 3339 5305; x_wconf 74' lang='grc' dir='ltr'><strong>μὲν</strong></span> <span class='ocrx_word' id='word_1_879' title='bbox 3364 5234 3736 5288; x_wconf 59' lang='lat' dir='ltr'><strong>ano-itinera:</strong></span> 
     </span>
    </p>
   </div>
   <div class='ocr_carea' id='block_1_110' title="bbox 1760 5402 2438 5462">
    <p class='ocr_par' dir='ltr' id='par_1_110' title="bbox 1760 5402 2438 5462">
     <span class='ocr_line' id='line_1_110' title="bbox 1760 5402 2438 5462; baseline 0.01 -7"><span class='ocrx_word' id='word_1_880' title='bbox 1760 5402 1996 5458; x_wconf 73' lang='lat' dir='ltr'><strong>VARUE</strong></span> <span class='ocrx_word' id='word_1_881' title='bbox 2034 5403 2438 5462; x_wconf 79' lang='lat' dir='ltr'><strong>LECTIONES.</strong></span> 
     </span>
    </p>
   </div>
   <div class='ocr_carea' id='block_1_111' title="bbox 558 5552 2603 5629">
    <p class='ocr_par' dir='ltr' id='par_1_111' title="bbox 558 5552 2603 5629">
     <span class='ocr_line' id='line_1_111' title="bbox 558 5552 2603 5629; baseline 0.006 -24"><span class='ocrx_word' id='word_1_882' title='bbox 558 5554 608 5629; x_wconf 67' lang='lat'><strong>8&quot;_</strong></span> <span class='ocrx_word' id='word_1_883' title='bbox 628 5553 689 5629; x_wconf 80' lang='grc' dir='ltr'><strong>τό</strong></span> <span class='ocrx_word' id='word_1_884' title='bbox 721 5568 825 5629; x_wconf 72' lang='lat' dir='ltr'><strong>non</strong></span> <span class='ocrx_word' id='word_1_885' title='bbox 858 5563 943 5629; x_wconf 66' lang='lat' dir='ltr'><strong>est</strong></span> <span class='ocrx_word' id='word_1_886' title='bbox 973 5554 1023 5607; x_wconf 90' lang='lat' dir='ltr'><strong>in</strong></span> <span class='ocrx_word' id='word_1_887' title='bbox 1156 5627 1163 5629; x_wconf 9' lang='grc' dir='ltr'>ξ</span> <span class='ocrx_word' id='word_1_888' title='bbox 1195 5554 1241 5586; x_wconf 81' lang='grc'>⁸⁸</span> <span class='ocrx_word' id='word_1_889' title='bbox 1262 5554 1448 5629; x_wconf 84' lang='grc' dir='ltr'>αὐτοῦ,</span> <span class='ocrx_word' id='word_1_890' title='bbox 1483 5554 1543 5608; x_wconf 82' lang='lat' dir='ltr'><strong>P.</strong></span> <span class='ocrx_word' id='word_1_891' title='bbox 1610 5557 1655 5629; x_wconf 57' lang='grc' dir='ltr'><strong>ξδ’</strong></span> <span class='ocrx_word' id='word_1_892' title='bbox 1678 5556 2019 5629; x_wconf 82' lang='grc' dir='ltr'><strong>ὑπερούσιος,</strong></span> <span class='ocrx_word' id='word_1_893' title='bbox 2055 5559 2112 5614; x_wconf 93' lang='lat' dir='ltr'><strong>S.</strong></span> <span class='ocrx_word' id='word_1_894' title='bbox 2149 5561 2208 5616; x_wconf 88' lang='lat' dir='ltr'><strong>P.</strong></span> <span class='ocrx_word' id='word_1_895' title='bbox 2247 5561 2369 5616; x_wconf 88' lang='lat' dir='ltr'><strong>Sar.</strong></span> <span class='ocrx_word' id='word_1_896' title='bbox 2429 5564 2474 5597; x_wconf 77' lang='grc' dir='ltr'><strong><em>ὀ</em></strong></span> <span class='ocrx_word' id='word_1_897' title='bbox 2497 5564 2603 5617; x_wconf 83' lang='grc' dir='ltr'><strong>τῶν</strong></span> 
     </span>
    </p>
   </div>
   <div class='ocr_carea' id='block_1_112' title="bbox 2633 5563 3736 5636">
    <p class='ocr_par' dir='ltr' id='par_1_112' title="bbox 2633 5563 3736 5636">
     <span class='ocr_line' id='line_1_112' title="bbox 2633 5563 3736 5636; baseline -0.005 -17"><span class='ocrx_word' id='word_1_898' title='bbox 2633 5565 2755 5636; x_wconf 79' lang='grc' dir='ltr'><strong>μέν,</strong></span> <span class='ocrx_word' id='word_1_899' title='bbox 2785 5563 2851 5636; x_wconf 88' lang='lat' dir='ltr'><strong>D.</strong></span> <span class='ocrx_word' id='word_1_900' title='bbox 2873 5563 2937 5621; x_wconf 85' lang='lat' dir='ltr'><strong>P.</strong></span> <span class='ocrx_word' id='word_1_901' title='bbox 2967 5565 3083 5636; x_wconf 79' lang='lat' dir='ltr'><strong>Sc.,</strong></span> <span class='ocrx_word' id='word_1_902' title='bbox 3118 5565 3400 5631; x_wconf 83' lang='grc' dir='ltr'><strong>ἁπάντων,</strong></span> <span class='ocrx_word' id='word_1_903' title='bbox 3434 5563 3494 5620; x_wconf 89' lang='lat' dir='ltr'><strong>S.</strong></span> <span class='ocrx_word' id='word_1_904' title='bbox 3577 5565 3619 5596; x_wconf 81' lang='grc'><strong>⁹¹</strong></span> <span class='ocrx_word' id='word_1_905' title='bbox 3646 5564 3736 5636; x_wconf 72' lang='grc' dir='ltr'><strong>καὶ</strong></span> 
     </span>
    </p>
   </div>
   <div class='ocr_carea' id='block_1_113' title="bbox 487 5622 3731 5747">
    <p class='ocr_par' dir='ltr' id='par_1_113' title="bbox 487 5622 3731 5747">
     <span class='ocr_line' id='line_1_113' title="bbox 487 5622 3731 5746; baseline 0.004 -73"><span class='ocrx_word' id='word_1_906' title='bbox 487 5622 831 5721; x_wconf 55' lang='grc' dir='ltr'><strong>ἀέτελθουσῶν</strong></span> <span class='ocrx_word' id='word_1_907' title='bbox 856 5624 940 5704; x_wconf 60' lang='grc' dir='ltr'><strong>,ιῆ</strong></span> <span class='ocrx_word' id='word_1_908' title='bbox 987 5625 1119 5746; x_wconf 47' lang='lat' dir='ltr'><strong>page</strong></span> <span class='ocrx_word' id='word_1_909' title='bbox 1150 5625 1520 5694; x_wconf 86' lang='grc' dir='ltr'><strong>ἐγγενομένων</strong></span> <span class='ocrx_word' id='word_1_910' title='bbox 1557 5627 1732 5697; x_wconf 87' lang='grc' dir='ltr'><strong>πάντη</strong></span> <span class='ocrx_word' id='word_1_911' title='bbox 1758 5622 1866 5709; x_wconf 69' lang='grc' dir='ltr'><strong>τῶν</strong></span> <span class='ocrx_word' id='word_1_912' title='bbox 1895 5622 2079 5695; x_wconf 70' lang='grc' dir='ltr'>ἒξεὼν,</span> <span class='ocrx_word' id='word_1_913' title='bbox 2123 5630 2180 5685; x_wconf 91' lang='lat' dir='ltr'><strong>S.</strong></span> <span class='ocrx_word' id='word_1_914' title='bbox 2256 5634 2301 5665; x_wconf 80' lang='lat'>&quot;</span> <span class='ocrx_word' id='word_1_915' title='bbox 2325 5635 2353 5685; x_wconf 82' lang='grc' dir='ltr'>ὁ</span> <span class='ocrx_word' id='word_1_916' title='bbox 2394 5630 2485 5687; x_wconf 80' lang='grc' dir='ltr'><strong>οὖν</strong></span> <span class='ocrx_word' id='word_1_917' title='bbox 2505 5675 2519 5697; x_wconf 93' lang='grc'>,</span> <span class='ocrx_word' id='word_1_918' title='bbox 2547 5634 2606 5689; x_wconf 81' lang='grc' dir='ltr'><strong>Ρ.</strong></span> <span class='ocrx_word' id='word_1_919' title='bbox 2633 5622 2645 5636; x_wconf 78' lang='grc'><em>’</em></span> <span class='ocrx_word' id='word_1_920' title='bbox 2683 5622 2845 5689; x_wconf 50' lang='lat' dir='ltr'><strong>&quot;ea:</strong></span> <span class='ocrx_word' id='word_1_921' title='bbox 2900 5638 3020 5708; x_wconf 83' lang='grc' dir='ltr'><strong>τήν,</strong></span> <span class='ocrx_word' id='word_1_922' title='bbox 3054 5622 3115 5690; x_wconf 70' lang='grc' dir='ltr'><strong>ί).</strong></span> <span class='ocrx_word' id='word_1_923' title='bbox 3195 5636 3241 5667; x_wconf 74' lang='grc'><strong>’⁵</strong></span> <span class='ocrx_word' id='word_1_924' title='bbox 3270 5622 3416 5689; x_wconf 85' lang='grc' dir='ltr'>κατά</span> <span class='ocrx_word' id='word_1_925' title='bbox 3446 5636 3649 5699; x_wconf 79' lang='grc' dir='ltr'><strong>ταύτό,</strong></span> <span class='ocrx_word' id='word_1_926' title='bbox 3680 5635 3731 5687; x_wconf 83' lang='lat' dir='ltr'><strong>S.</strong></span> 
     </span>
     <span class='ocr_line' id='line_1_114' title="bbox 563 5692 3731 5747; baseline 0.001 -4"><span class='ocrx_word' id='word_1_927' title='bbox 563 5692 620 5743; x_wconf 82' lang='grc' dir='ltr'><strong>δέ</strong></span> <span class='ocrx_word' id='word_1_928' title='bbox 642 5708 747 5745; x_wconf 85' lang='lat' dir='ltr'><strong>non</strong></span> <span class='ocrx_word' id='word_1_929' title='bbox 770 5704 853 5745; x_wconf 85' lang='lat' dir='ltr'><strong>est</strong></span> <span class='ocrx_word' id='word_1_930' title='bbox 882 5709 935 5746; x_wconf 85' lang='lat' dir='ltr'><strong>ut</strong></span> <span class='ocrx_word' id='word_1_931' title='bbox 959 5693 1016 5747; x_wconf 76' lang='grc' dir='ltr'><strong>ὃ.</strong></span> <span class='ocrx_word' id='word_1_932' title='bbox 1093 5735 1107 5747; x_wconf 94' lang='grc'><strong>.</strong></span> <span class='ocrx_word' id='word_1_933' title='bbox 1130 5695 1218 5747; x_wconf 84' lang='lat' dir='ltr'><strong>Sc.</strong></span> <span class='ocrx_word' id='word_1_934' title='bbox 1299 5695 1590 5747; x_wconf 76' lang='grc' dir='ltr'><strong>1’⁸ἀνέλοις.</strong></span> <span class='ocrx_word' id='word_1_935' title='bbox 1620 5706 1862 5747; x_wconf 76' lang='lat' dir='ltr'><strong>sequitur</strong></span> <span class='ocrx_word' id='word_1_936' title='bbox 1898 5710 2096 5747; x_wconf 78' lang='lat' dir='ltr'><strong>tamen-</strong></span> <span class='ocrx_word' id='word_1_937' title='bbox 2132 5704 2182 5747; x_wconf 67' lang='lat' dir='ltr'><strong>Et</strong></span> <span class='ocrx_word' id='word_1_938' title='bbox 2208 5702 2317 5747; x_wconf 77' lang='grc' dir='ltr'><strong>γὰο</strong></span> <span class='ocrx_word' id='word_1_939' title='bbox 2354 5703 2511 5747; x_wconf 69' lang='lat' dir='ltr'><strong>mam</strong></span> <span class='ocrx_word' id='word_1_940' title='bbox 2538 5705 2779 5747; x_wconf 55' lang='lat' dir='ltr'><strong>vium-rat,</strong></span> <span class='ocrx_word' id='word_1_941' title='bbox 2819 5709 2870 5747; x_wconf 84' lang='lat' dir='ltr'><strong>in</strong></span> <span class='ocrx_word' id='word_1_942' title='bbox 2909 5708 3166 5747; x_wconf 68' lang='lat' dir='ltr'><strong>munitum</strong></span> <span class='ocrx_word' id='word_1_943' title='bbox 3199 5708 3503 5747; x_wconf 58' lang='grc' dir='ltr'><strong>(πείθει-ιιι</strong></span> <span class='ocrx_word' id='word_1_944' title='bbox 3583 5707 3626 5737; x_wconf 72' lang='grc' dir='ltr'>ιν</span> <span class='ocrx_word' id='word_1_945' title='bbox 3649 5706 3731 5747; x_wconf 66' lang='grc' dir='ltr'>καὶ</span> 
     </span>
    </p>
   </div>
   <div class='ocr_carea' id='block_1_114' title="bbox 491 5692 935 5746">
    <p class='ocr_par' dir='ltr' id='par_1_114' title="bbox 491 5692 935 5746">
     <span class='ocr_line' id='line_1_115' title="bbox 491 5692 935 5746; baseline 0.011 -5"><span class='ocrx_word' id='word_1_946' title='bbox 491 5693 535 5721; x_wconf 66' lang='grc'>9⁵</span> <span class='ocrx_word' id='word_1_947' title='bbox 563 5692 620 5743; x_wconf 82' lang='grc' dir='ltr'><strong>δέ</strong></span> <span class='ocrx_word' id='word_1_948' title='bbox 642 5708 747 5745; x_wconf 85' lang='lat' dir='ltr'><strong>non</strong></span> <span class='ocrx_word' id='word_1_949' title='bbox 770 5704 853 5745; x_wconf 86' lang='lat' dir='ltr'><strong>est</strong></span> <span class='ocrx_word' id='word_1_950' title='bbox 882 5694 935 5746; x_wconf 85' lang='lat' dir='ltr'><strong>in</strong></span> 
     </span>
    </p>
   </div>
   <div class='ocr_carea' id='block_1_115' title="bbox 416 5756 1857 5835">
    <p class='ocr_par' dir='ltr' id='par_1_115' title="bbox 416 5756 1857 5835">
     <span class='ocr_line' id='line_1_116' title="bbox 416 5756 1857 5835; baseline 0.007 -23"><span class='ocrx_word' id='word_1_951' title='bbox 416 5780 422 5795; x_wconf 68' lang='grc' dir='ltr'><strong>ε</strong></span> <span class='ocrx_word' id='word_1_952' title='bbox 503 5756 630 5826; x_wconf 78' lang='grc' dir='ltr'><strong>γάρ,</strong></span> <span class='ocrx_word' id='word_1_953' title='bbox 653 5776 758 5816; x_wconf 89' lang='lat' dir='ltr'><strong>non</strong></span> <span class='ocrx_word' id='word_1_954' title='bbox 784 5772 868 5817; x_wconf 88' lang='lat' dir='ltr'><strong>est</strong></span> <span class='ocrx_word' id='word_1_955' title='bbox 900 5763 953 5818; x_wconf 87' lang='lat' dir='ltr'><strong>in</strong></span> <span class='ocrx_word' id='word_1_956' title='bbox 974 5762 1136 5831; x_wconf 87' lang='lat' dir='ltr'><strong>P.,ut</strong></span> <span class='ocrx_word' id='word_1_957' title='bbox 1168 5779 1267 5821; x_wconf 81' lang='lat' dir='ltr'><strong>nec</strong></span> <span class='ocrx_word' id='word_1_958' title='bbox 1294 5756 1766 5835; x_wconf 44' lang='lat' dir='ltr'><strong>posterius&#39;xal&#39;in</strong></span> <span class='ocrx_word' id='word_1_959' title='bbox 1798 5767 1857 5823; x_wconf 91' lang='lat' dir='ltr'><strong>S.</strong></span> 
     </span>
    </p>
   </div>
   <div class='ocr_carea' id='block_1_116' title="bbox 1130 5695 3733 5777">
    <p class='ocr_par' dir='ltr' id='par_1_116' title="bbox 1130 5695 3733 5777">
     <span class='ocr_line' id='line_1_117' title="bbox 1130 5695 3733 5777; baseline 0.006 -29"><span class='ocrx_word' id='word_1_960' title='bbox 1130 5695 1218 5749; x_wconf 84' lang='lat' dir='ltr'><strong>Sc.</strong></span> <span class='ocrx_word' id='word_1_961' title='bbox 1299 5695 1590 5777; x_wconf 69' lang='grc' dir='ltr'><strong>’θάνέλοις,</strong></span> <span class='ocrx_word' id='word_1_962' title='bbox 1620 5695 1862 5777; x_wconf 66' lang='lat' dir='ltr'><strong>sequitur</strong></span> <span class='ocrx_word' id='word_1_963' title='bbox 1898 5710 2098 5769; x_wconf 76' lang='lat' dir='ltr'><strong>tamen,</strong></span> <span class='ocrx_word' id='word_1_964' title='bbox 2132 5704 2182 5755; x_wconf 74' lang='lat' dir='ltr'><strong>et</strong></span> <span class='ocrx_word' id='word_1_965' title='bbox 2208 5702 2317 5771; x_wconf 85' lang='grc' dir='ltr'><strong>γὰρ</strong></span> <span class='ocrx_word' id='word_1_966' title='bbox 2354 5695 2513 5758; x_wconf 88' lang='grc' dir='ltr'><strong>τοῦτο</strong></span> <span class='ocrx_word' id='word_1_967' title='bbox 2538 5705 2786 5777; x_wconf 82' lang='grc' dir='ltr'><strong>γένηται,</strong></span> <span class='ocrx_word' id='word_1_968' title='bbox 2819 5709 2871 5762; x_wconf 91' lang='lat' dir='ltr'><strong>in</strong></span> <span class='ocrx_word' id='word_1_969' title='bbox 2909 5695 3166 5764; x_wconf 70' lang='lat' dir='ltr'><strong>omnibus</strong></span> <span class='ocrx_word' id='word_1_970' title='bbox 3199 5708 3507 5763; x_wconf 76' lang='lat' dir='ltr'><strong>codicibus.</strong></span> <span class='ocrx_word' id='word_1_971' title='bbox 3583 5695 3733 5757; x_wconf 55' lang='lat' dir='ltr'><strong>&quot;id</strong></span> 
     </span>
    </p>
   </div>
  </div>
