3866 6234
136 341 275 398 Ἱὲιν

1213 345 1299 401 DE
1333 344 1584 401 DlVlNIS
1634 341 2029 406 NOMINIBUS,
2068 340 2220 399 CAP.
2261 340 2350 398 IV.

3316 337 3417 392 τίη

134 457 249 512 τοῦ
296 459 386 512 ἀεὶ
409 458 581 523 ὄντος,
614 458 714 511 οὐκ
739 458 887 512 ἔστι·
920 458 1038 514 καθ’
1064 462 1187 515 ὅσον
1229 461 1286 521 δὲ
1322 460 1417 515 τοῦ
1440 461 1580 515 εἶναι
1609 479 1739 532 μετ-

1846 460 1887 511 si
1919 467 2027 511 tota
2060 458 2203 512 desit
2231 455 2573 522 constitutio,
2607 470 2783 525 neque
2816 455 3040 511 morbus
3094 454 3208 525 ipsc
3236 456 3419 509 subsi-

133 552 372 622 είληφε,
407 551 550 605 κατά
591 552 843 605 τοσοῦτον
889 552 1026 618 ἐστι,
1073 555 1166 608 καὶ
1194 554 1256 609 rb
1285 555 1423 620 ὅλως
1456 552 1614 621 εἶναι,
1646 556 1740 610 καὶ

140 646 218 698 τὸ
253 644 332 717 μὴ
356 644 416 698 ὃν
440 644 606 699 αὐτοῦ
630 644 1022 716 διακρατεῖται,
1048 647 1144 701 καὶ
1170 646 1513 712 διασώζεται.
1546 648 1656 702 Καὶ
1679 647 1740 700 rb

141 738 353 801 κακὸν,
379 738 441 791 rb
472 738 571 808 μὲν
598 737 774 811 πάντη
810 738 905 792 τοῦ
932 738 1139 807 ἀγαθοῦ
1164 740 1585 804 ἀποπεπτωκὸς,
1612 738 1738 793 οὔτε

141 831 215 883 ἐν
248 832 365 893 τοῖς
394 828 617 902 μᾶλλον,
651 830 775 885 οὔτε
832 833 892 884 ὲν
934 835 1048 896 τοῖς
1096 826 1273 903 ἦττον,
1292 833 1495 903 ἀγαθὸν
1511 830 1737 885 ⁸⁸ἕσται.

143 920 230 974 Τὸ
256 921 336 991 πῆ
365 921 463 992 μὲν
488 920 718 989 ἀγαθὸν,
746 918 827 990 πῆ
878 917 936 972 δὲ
982 918 1086 972 οὐκ
1131 922 1356 993 ἀγαθον,
1385 923 1616 993 μάχεται
1641 922 1741 994 μὲν

140 1012 349 1085 ἀγαθῷ
379 1030 508 1077 τινι,
535 1015 635 1085 οὐχ
658 1013 764 1086 ὅλῳ
810 1015 867 1069 δὲ
906 1013 1128 1086 τάγαθῷ
1148 1030 1163 1045 ·
1213 1017 1493 1085 κρατεῖται
1539 1014 1597 1068 δὲ
1648 1016 1741 1069 καὶ

143 1104 290 1157 αὐτὸ
316 1108 382 1175 τῇ
414 1105 509 1158 τοῦ
550 1105 758 1175 ἀγαθοῦ
815 1106 1097 1177 μετουσίᾳ,
1141 1106 1237 1159 καὶ
1275 1105 1446 1160 οὐσιοί
1495 1105 1591 1159 καὶ

143 1194 355 1248 ἑαυτοῦ
382 1195 636 1267 στέρησιν
668 1195 730 1249 rb
753 1196 976 1266 ἀγαθὸν,
1002 1198 1070 1268 τῇ
1101 1195 1237 1260 ὅλως
1271 1193 1434 1249 αὐτοῦ
1488 1193 1736 1265 μεθέξει·

140 1286 337 1357 πάντη
360 1286 468 1359 γὰρ
493 1287 819 1352 ἀπελθόντος
846 1287 940 1342 τοῦ
998 1288 1225 1357 ἀγαθοῦ,
1271 1285 1395 1341 οὔτε
1434 1286 1661 1341 καθόλου
1685 1303 1739 1339 τι

143 1378 312 1432 ἔσται
337 1379 560 1448 ἀγαθὸν,
587 1378 711 1433 οὔτε
770 1382 982 1451 μικτὸν,
1028 1379 1151 1434 οὔτε
1176 1380 1498 1433 αὐτόκακον.
1542 1380 1605 1432 Et
1629 1377 1738 1449 γὰρ

141 1471 216 1523 τὸ
246 1471 419 1528 κακὸν
454 1472 643 1537 ἀτελές
667 1475 815 1526 ἐστιν
856 1474 1081 1544 ἀγαθὸν,
1102 1476 1338 1548 ἀπουσίᾳ
1370 1475 1625 1530 παντελεὶ
1644 1475 1737 1527 τοῦ

140 1565 367 1633 ἀγαθοῦ
417 1567 596 1620 καὶτὸ
622 1566 834 1632 ἀτελὲς,
863 1569 959 1622 καὶ
1001 1568 1063 1622 rb
1111 1569 1314 1622 τέλειον
1357 1568 1561 1637 ἀγαθὸν
1604 1568 1741 1622 ἁπέ-

144 1674 283 1710 σται
308 1675 323 1688 ’
351 1660 445 1712 καὶ
465 1659 588 1712 τότε
619 1660 778 1730 μόνον
802 1658 956 1714 ἔσται
994 1662 1090 1713 καὶ
1135 1660 1434 1731 ὀφθήσεται
1458 1660 1519 1714 rb
1550 1660 1739 1725 κακὸν,

1843 560 1983 617 stet;
2011 552 2232 607 morbus
2260 562 2442 606 autem
2483 560 2667 605 manet
2687 561 2741 606 et
2768 552 3012 616 exsistit,
3065 551 3120 605 in
3148 562 3415 620 quantum

1842 653 1898 699 ct
1934 653 2137 699 statum
2168 643 2369 708 habet,
2409 653 2467 699 et
2518 643 2798 699 minimam
2835 643 3304 704 constitutionem,
3363 644 3417 697 in

1843 752 1949 807 qua
1991 737 2397 807 quodammodo
2427 737 2689 792 cohaeret.
2733 736 2885 803 Quod
2918 736 3068 790 enim
3094 738 3273 790 omnis
3292 734 3418 789 boui

1842 843 2042 899 expers
2067 838 2173 895 est,
2202 830 2254 883 id
2290 844 2468 899 neque
2490 828 2694 898 aliquid
2729 840 2836 893 est,
2899 842 3077 897 neque
3115 827 3170 882 in
3201 828 3268 883 iis
3299 843 3419 898 quae

1842 932 1969 977 sunt
1994 922 2243 989 exsistit;
2275 921 2420 992 quod
2451 931 2630 977 autem
2683 923 2904 978 mistum
2950 930 3058 987 est,
3089 922 3143 977 id
3195 933 3419 993 propter

1842 1014 2043 1068 bonum
2068 1024 2153 1069 est
2180 1015 2233 1068 in
2258 1014 2443 1076 rebus,
2469 1025 2525 1069 et
2552 1013 2607 1068 in
2634 1023 2841 1069 tantum
2870 1015 2922 1069 in
2976 1016 3139 1070 rebus
3171 1016 3415 1082 exsistit,

1841 1115 2018 1169 etest,
2050 1087 2104 1160 i'n
2139 1116 2407 1175 quantum
2436 1105 2560 1161 boni
2611 1113 2701 1161 est
2745 1106 3041 1180 particeps.
3071 1104 3328 1172 Quinime
3354 1122 3419 1161 ea

1836 1210 1963 1263 qua
1987 1204 2113 1251 sunt
2140 1196 2356 1262 omnia,
2393 1197 2447 1250 in
2498 1205 2709 1250 tantum
2762 1196 2935 1265 magis
2962 1196 3207 1250 minusve
3232 1206 3418 1263 erunt,

1844 1287 1896 1341 in
1922 1297 2187 1355 quantum
2233 1290 2300 1342 ad
2354 1287 2482 1343 boni
2527 1288 2869 1343 consortium
2917 1288 3226 1353 accedunt;
3292 1302 3418 1342 nam

1839 1382 1990 1450 quod
2014 1382 2081 1434 ad
2114 1380 2291 1449 ipsum
2348 1390 2550 1434 statum
2609 1383 2831 1446 attinet,
2884 1380 2932 1435 si
2989 1380 3422 1451 ueutiquamus—

1836 1487 2079 1541 quamve
2100 1474 2199 1539 sit,
2240 1487 2345 1528 nec
2385 1475 2493 1528 erit
2535 1474 2774 1543 quidem.
2801 1473 2956 1541 Quod
2998 1485 3180 1528 autem
3220 1476 3420 1544 partim

1842 1563 2063 1632 quidem
2089 1573 2197 1630 est,
2223 1565 2428 1635 partim
2458 1574 2639 1620 autem
2686 1580 2795 1620 non
2833 1574 2941 1632 est,
2984 1566 3039 1621 id
3063 1574 3333 1635 quatenus
3356 1566 3422 1620 ab

1837 1671 1908 1711 eo
1938 1658 2079 1726 quod
2104 1671 2321 1727 semper
2360 1666 2447 1712 est
2482 1658 2727 1724 deﬂexit,
2754 1673 2862 1714 non
2906 1668 3029 1725 est;
3076 1659 3131 1714 in
3158 1670 3421 1731 quantum

141 1748 322 1817 ήνίκα
344 1751 455 1811 τοῖς
482 1748 583 1819 μὲν
630 1749 746 1803 ἐστι
796 1750 965 1803 κακὸν
1005 1744 1087 1814 οἷς
1130 1752 1475 1820 ἡναντίωται,
1532 1738 1640 1803 τῶν
1682 1749 1739 1803 δὲ

1846 1762 1976 1803 vero
1996 1757 2171 1803 status
2193 1759 2278 1801 est
2301 1748 2596 1816 particeps,
2622 1756 2854 1803 eatenus
2898 1756 3006 1813 est,
3037 1758 3202 1817 atque
3245 1758 3423 1803 status

138 1838 232 1902 ὡς
270 1838 494 1908 ἀγαθῶν
543 1840 821 1912 ἐξῄρηται.
875 1840 1161 1912 Μάχεσθαι
1211 1842 1320 1911 γὰρ
1374 1840 1623 1913 ἀλλήλοις
1669 1839 1739 1893 τὰ

1846 1844 1961 1912 ejus
1989 1853 2276 1913 statusque
2299 1842 2534 1912 privatio
2554 1851 2610 1897 et
2662 1842 2941 1897 obtinetur
2962 1850 3021 1896 et
3041 1852 3420 1898 conservatur.

140 1933 299 1987 αὐτὰ
326 1935 468 1989 κατά
507 1934 577 1989 τὰ
594 1935 746 1989 αὐτὰ
795 1937 855 1992 ἐν
882 1937 1046 1991 πᾶσιν
1091 1935 1371 1990 ἀδύνατον.
1410 1936 1524 1989 Οὐκ
1548 1937 1656 2006 ἄρα
1679 1934 1738 1990 ὃν

1846 1935 2041 1990 Malum
2064 1937 2234 1992 etiam
2260 1936 2407 2004 quod
2455 1936 2604 1989 omni
2652 1950 2719 1989 ex
2768 1943 2926 2005 parte
2963 1950 2995 1988 a
3035 1934 3175 1990 bono
3196 1934 3415 2001 defecit,

141 2025 215 2077 τὸ
247 2026 437 2081 κακόν.
1840 2045 2018 2101 neque
2041 2030 2185 2084 inter
2207 2046 2270 2084 ea
2297 2046 2417 2100 qua:
2446 2032 2616 2101 magis
2641 2046 2816 2100 neque
2839 2033 2985 2087 inter
3008 2046 3072 2086 ea
3095 2047 3215 2100 qum
3240 2032 3419 2086 minus

143 2118 304 2173 bona
328 2128 477 2185 sunt,
503 2120 809 2188 erit.Quod
836 2131 1015 2176 autem
1040 2121 1238 2190 partim
1260 2120 1481 2189 quidem
1509 2121 1734 2188 bonum,
1771 2124 1968 2192 partim
2008 2138 2139 2179 vero
2177 2138 2285 2179 nou
2321 2124 2524 2178 bonum
2569 2133 2688 2190 est,
2735 2124 2787 2177 id
2822 2124 2983 2179 alicui
3020 2125 3237 2194 quidem
3277 2123 3418 2180 bono

150 2213 509 2277 adversatur,
549 2228 658 2269 non
685 2224 867 2271 tamen
901 2216 999 2272 toti
1041 2216 1210 2280 bono,
1235 2215 1484 2285 adeoque
1530 2224 1752 2271 tenetur
1782 2217 1967 2287 aliqua
1995 2218 2123 2273 boni
2147 2219 2571 2281 communione;
2622 2228 2789 2288 atque
2833 2218 2935 2274 boc
2999 2218 3159 2275 modo
3219 2220 3418 2273 bonum

152 2306 248 2359 sui
325 2308 492 2362 etiam
537 2310 836 2377 privationi
883 2320 1084 2365 statum
1130 2307 1359 2364 omnino
1403 2309 1497 2363 dat
1536 2326 1634 2379 per
1696 2311 1783 2365 sui
1850 2313 2433 2374 communicationem;
2503 2327 2629 2366 nam
2686 2312 3101 2382 bonopenitus
3163 2312 3421 2366 extermi-

146 2405 309 2460 uato,
356 2412 531 2469 neque
551 2400 778 2457 omnino
820 2402 1123 2472 quidquam
1174 2402 1379 2457 bonum
1400 2402 1527 2468 erit,
1572 2418 1747 2473 neque
1787 2405 2238 2475 mistum,ueque
2279 2406 2456 2474 ipsum
2509 2406 2738 2460 malum.
2788 2403 2847 2460 Si
2901 2405 3047 2460 enim
3111 2404 3312 2459 malum
3351 2404 3425 2459 sit

142 2490 433 2560 quoddam
500 2494 704 2548 bonum
763 2494 1172 2565 imperfectum,
1212 2506 1439 2567 propter
1488 2496 1858 2552 omnimodam
1907 2497 2073 2569 367
2122 2498 2251 2553 boni
2305 2498 2613 2555 absentiam
2664 2508 2773 2554 tam
2827 2498 3202 2568 imperfectum
3260 2514 3423 2569 quam

141 2582 465 2651 perfectum
509 2587 713 2641 bonum
759 2587 972 2655 aberit;
1016 2600 1243 2660 tumque
1307 2588 1483 2646 solum
1544 2589 1655 2645 erit
1695 2599 1752 2644 et
1797 2590 2084 2661 apparebit
2118 2590 2342 2659 malum,
2374 2592 2599 2663 quando
2635 2591 2759 2647 aliis
2797 2590 3017 2661 quidem
3061 2589 3261 2645 malum
3319 2598 3425 2657 est,

143 2676 359 2744 quibus
395 2684 481 2732 est
510 2680 888 2745 contrarium,
933 2681 1003 2737 ab
1046 2682 1172 2739 aliis
1230 2693 1417 2739 autem
1473 2692 1733 2753 tanquam
1787 2682 1950 2738 bonis
1997 2695 2345 2753 segregatum
2389 2693 2495 2739 est.
2568 2682 2860 2754 Nequeunt
2907 2682 3058 2738 enim
3090 2683 3286 2739 eadem
3336 2698 3425 2738 se—

147 2772 405 2827 cundum
454 2772 648 2829 eadem
702 2773 847 2831 inter
889 2788 951 2832 se
1003 2776 1056 2831 in
1106 2776 1364 2834 omnibus
1410 2790 1736 2850 repugnare.
1768 2775 1965 2833 Malum
1996 2776 2181 2847 itaque
2206 2790 2313 2832 non
2336 2785 2419 2832 est
2440 2790 2531 2833 res
2554 2776 2762 2846 aliqua.

1664 2940 1692 3013 ξ
1736 2936 1919 2997 xxr.

240 3078 403 3133 Ἀλλὰ
426 3078 547 3132 οὐδὲ
579 3080 637 3134 ὲν
681 3083 795 3146 τοίς
851 3079 1001 3139 οὗσίν
1032 3087 1147 3139 ἐστι
1186 3088 1248 3141 rb
1295 3090 1483 3143 κακόν.
1522 3082 1582 3143 Et
1632 3090 1741 3162 γὰρ

1914 3087 2056 3155 Quin
2082 3102 2153 3142 ne
2182 3087 2352 3144 rebus
2399 3086 2619 3157 quidem
2639 3087 2783 3142 inest
2819 3086 3044 3141 malum.
3084 3083 3216 3138 Nam
3242 3083 3287 3137 si
3336 3097 3429 3138 res

141 3171 336 3225 πάντα
366 3168 438 3223 τὰ
468 3169 600 3224 ὅντα
645 3173 711 3225 ἐκ
735 3173 1000 3241 τάγαθοῦ,
1038 3178 1131 3230 καὶ
1176 3178 1235 3231 ὲν
1267 3181 1402 3232 πᾶσι
1445 3182 1557 3242 τοῖς
1598 3176 1739 3245 οὖσι,

141 3266 251 3319 καὶ
282 3265 463 3321 πάντα
509 3267 756 3337 περιέχει
799 3268 1057 3337 τάγαθὸν,
1085 3269 1119 3340 ἢ
1175 3271 1277 3324 οὐκ
1308 3271 1461 3327 ἔσται
1487 3274 1549 3328 τὸ
1574 3274 1743 3329 κακὸν

142 3360 213 3410 εν
234 3362 350 3422 τοῖς
369 3353 541 3423 οὖσιν,
569 3358 603 3429 ἢ
628 3360 686 3412 ὲν
710 3358 933 3431 τάγαθῷ
958 3360 1143 3416 ἔσται’
1171 3364 1267 3415 καὶ
1302 3362 1408 3435 μὴν
1434 3366 1491 3419 ὲν
1522 3365 1744 3437 τάγαθῷ

140 3448 258 3501 οὐκ
282 3449 436 3502 ἔσται
467 3448 582 3520 (καὶ
615 3449 725 3522 γὰρ
756 3451 879 3506 οὐδὲ
931 3452 990 3507 ὲν
1038 3454 1173 3526 πυρὶ
1215 3454 1275 3507 rb
1329 3457 1591 3529 ψυχρόν)
1624 3458 1744 3512 οὐδὲ

106 3542 217 3598 urb
240 3542 577 3599 κακύνεσθαι
624 3545 704 3616 τῷ
750 3546 846 3599 καὶ
899 3547 960 3600 rb
991 3549 1161 3602 κακὸν
1215 3549 1559 3618 ἀγαθύνοντι.
1591 3552 1653 3605 Et
1688 3552 1745 3607 δὲ

141 3636 335 3700 ἔσται,
365 3634 484 3700 πῶς
507 3636 660 3690 ἔσται
696 3639 755 3691 ὲν
799 3638 1024 3710 τάγαθῷ
1065 3640 1128 3694 rb
1181 3642 1384 3707 κακὸν;
1437 3645 1499 3697 Et
1555 3644 1656 3714 μὲν
1686 3643 1747 3709 ἐξ

140 3727 347 3793 αὐτοῦ,
384 3728 586 3782 ἄτοπον
619 3731 715 3783 καὶ
748 3729 1015 3786 ἀδύνατον
1036 3749 1050 3763 ·
1094 3737 1178 3789 Οὐ
1238 3734 1486 3790 δύναται
1537 3738 1587 3771 ’⁵
1613 3739 1745 3813 γὰρ,

140 3817 234 3880 ὡς
268 3819 303 3889 ἡ
349 3818 458 3871 τῶν
490 3819 703 3889 Λογίων
748 3819 979 3892 ἀλήθειά
1027 3840 1182 3894 φησι,
1216 3823 1469 3892 δένδρον
1523 3825 1748 3895 ἀγαθὸν

148 3907 432 3975 καρποὺς
455 3910 760 3977 πονηροὺς
787 3911 982 3965 ποιεῖν
1003 3929 1017 3943 ·
1073 3913 1196 3967 οὐδὲ
1224 3914 1330 3985 μὴν
1354 3915 1416 3968 r-b
1458 3915 1742 3971 ἀνάπαλιν.

146 3997 224 4050 Εἰ
249 3997 309 4049 δὲ
351 3997 453 4049 οὐκ
505 3998 566 4062 ἐξ
612 3998 801 4063 αὐτοῦ,
848 4000 908 4065 ἐξ
963 4001 1130 4073 ἄλλης
1172 4003 1413 4075 δηλονότι
1446 4006 1621 4081 ἀρχῆς
1651 4008 1746 4061 καὶ

147 4087 341 4150 αἰτίας
360 4105 373 4119 ο
402 4089 497 4142 καὶ
521 4088 685 4160 γὰρῆ
720 4090 782 4143 rb
814 4092 986 4145 κακὸν
1018 4094 1084 4146 ὲκ
1119 4092 1214 4147 τοῦ
1242 4094 1449 4164 ἀγαθοῦ
1486 4096 1661 4161 ἔσται,
1710 4099 1745 4170 ἢ

143 4176 224 4230 τὸ
259 4176 465 4245 ἀγαθὸν
498 4180 562 4231 ὲκ
594 4181 690 4233 τοῦ
714 4182 888 4235 κακοῦ
915 4198 929 4211 ”
965 4183 998 4254 ἢ
1034 4187 1083 4237 εί
1112 4184 1186 4256 μὴ
1219 4184 1375 4239 τοῦτο
1407 4186 1649 4253 δυνατὸν,
1688 4191 1747 4257 ἐξ

143 4270 331 4341 ἄλλης
367 4270 538 4342 ἀρχῆς
572 4273 666 4325 καὶ
699 4273 877 4338 αἰτίας
927 4274 1079 4329 ἔσται
1118 4279 1212 4331 καὶ
1242 4278 1304 4332 rb
1327 4279 1529 4348 ἀγαθὸν
1562 4284 1657 4337 καὶ
1686 4284 1748 4337 rb

146 4360 355 4414 κακόν.
384 4361 542 4415 Πᾶσα
564 4360 675 4434 γὰρ
716 4363 847 4427 δυὰς
868 4365 970 4418 οὐκ
990 4367 1156 4438 ἀρχὴ,
1187 4368 1353 4439 μονὰς
1383 4371 1439 4424 δὲ
1468 4373 1620 4428 ἔσται
1645 4375 1749 4429 πά-

1842 3193 2038 3234 omnes
2061 3178 2175 3233 sint
2197 3193 2264 3234 ex
2298 3179 2467 3241 bono,
2493 3177 2751 3234 omnibus
2799 3177 2931 3231 insit
2969 3177 3192 3239 bonum,
3217 3174 3430 3229 omnia-

1842 3287 1952 3343 que
1978 3272 2283 3337 contineat,
2325 3271 2529 3327 malum
2554 3272 2744 3342 utique
2790 3270 2874 3326 vel
2901 3285 3008 3325 non
3030 3270 3136 3325 erit
3159 3269 3212 3323 in
3241 3269 3425 3332 rebus,

1845 3365 1931 3419 vel
1967 3365 2021 3419 in
2069 3366 2217 3421 bono
2260 3364 2401 3431 erit;
2447 3364 2600 3434 atqui
2652 3364 2705 3417 in
2749 3363 2892 3418 bono
2928 3376 3035 3417 non
3076 3362 3185 3416 erit
3229 3361 3427 3431 (neque

1843 3458 1989 3511 enim
2033 3456 2088 3511 in
2132 3457 2257 3528 igne
2295 3454 2471 3526 frigus
2495 3455 2639 3526 est),
2672 3469 2771 3510 nec
2813 3453 3097 3524 depravari
3140 3452 3419 3523 poteritid

1846 3549 1989 3619 quod
2015 3548 2180 3605 etiam
2232 3547 2437 3602 malum
2507 3547 2710 3603 bonum
2768 3546 2968 3601 reddit.
3004 3546 3157 3612 Quod
3200 3544 3245 3599 si
3280 3546 3425 3609 erit,

1846 3640 2121 3709 quomodo
2145 3639 2255 3694 erit
2289 3639 2342 3693 in
2382 3639 2527 3694 bono
2587 3636 2831 3692 malum?
2881 3636 2938 3691 Si
2989 3634 3207 3705 quidem
3242 3649 3307 3689 ex
3360 3650 3425 3687 eo

1846 3738 1951 3794 est,
1978 3728 2275 3785 absurdum
2318 3728 2372 3783 id
2412 3737 2497 3782 est
2538 3742 2639 3783 nec
2683 3727 2799 3781 ﬁeri
2842 3736 3057 3795 potest:
3112 3725 3238 3780 Non
3275 3725 3423 3779 enim

1846 3829 2012 3885 potest
2055 3821 2140 3891 (ut
2183 3819 2485 3890 Scriptura:
2536 3818 2740 3875 veritas
2783 3817 3037 3890 testatur)
3088 3818 3248 3872 arbor
3290 3817 3427 3870 bona

1846 3911 2014 3966 malos
2039 3911 2243 3982 [ructus
2279 3913 2547 3982 facere";
2599 3926 2698 3965 nec
2745 3920 2957 3966 contra.
3016 3909 3073 3965 Si
3128 3926 3195 3964 ex
3226 3925 3425 3965 conon

1846 4014 1951 4073 est,
1982 4006 2333 4075 perspicuum
2374 4012 2458 4059 est
2488 4004 2540 4058 id
2571 4002 2877 4073 profectqu
2913 4014 3035 4058 esse
3051 4001 3121 4057 ab
3140 4001 3248 4056 alio
3272 4001 3429 4071 prin-

1847 4099 1993 4169 cipio
2020 4108 2183 4168 atque
2207 4114 2405 4166 causa;
2464 4112 2591 4151 nam
2636 4107 2732 4152 aut
2784 4095 2987 4150 malum
3015 4110 3089 4150 ex
3130 4096 3270 4149 bono
3300 4095 3428 4157 erit,

1850 4199 1944 4245 aut
1970 4192 2170 4245 bonum
2201 4205 2268 4247 ex
2294 4190 2467 4256 malo;
2504 4188 2586 4243 vel
2624 4190 2670 4243 si
2716 4189 2767 4243 id
2824 4187 2942 4243 ﬁeri
2985 4201 3090 4242 nou
3123 4196 3322 4257 potest.
3360 4201 3428 4239 ex

1849 4284 1959 4339 alio
1994 4283 2263 4354 principio
2289 4292 2347 4338 et
2375 4297 2537 4338 causa
2572 4281 2805 4335 exsistet
2838 4289 2948 4332 tatu
3003 4279 3207 4333 bonum
3253 4292 3424 4348 quam

1850 4378 2075 4433 malum.
2101 4376 2259 4431 Nulla
2313 4376 2461 4431 enim
2510 4375 2750 4430 dualitas
2778 4373 3096 4443 principiat,
3124 4372 3220 4426 sed
3248 4371 3428 4425 unitas

148 4469 268 4523 σης
308 4451 499 4518 δυάδος
543 4454 707 4526 ἀρχή.
758 4457 949 4511 Καίτοι
984 4459 1203 4523 ἄτοπον,
1262 4461 1319 4529 ἐξ
1361 4464 1479 4529 ένὸς
1514 4468 1607 4519 καὶ⁹
1648 4468 1742 4522 τοῦ

1850 4470 1957 4524 erit
1980 4468 2308 4539 principium
2337 4467 2520 4523 omnis
2564 4465 2866 4520 dualitatis.
2916 4465 3082 4535 Atqui
3126 4464 3426 4518 absurdum

149 4544 332 4599 αὑτοῦ
365 4545 458 4599 δύο
476 4548 755 4612 παντελῶς
789 4551 1008 4604 ἐναντία
1047 4554 1293 4624 προϊέναι
1326 4557 1421 4610 καὶ
1455 4552 1617 4622 εἶναι,
1651 4562 1747 4614 καὶ

147 4637 335 4709 αὐτὴν
359 4638 456 4708 τὴν
476 4640 649 4710 ἀρχὴν
694 4642 792 4712 οὐχ
843 4643 1021 4715 ἁπλῆν
1073 4647 1167 4700 καὶ
1221 4649 1446 4716 ἑνιαίαν,
1483 4652 1617 4706 ἀλλὰ
1649 4671 1748 4724 με·

150 4728 355 4800 ριστὴν
410 4732 503 4784 καὶ
547 4732 777 4804 δυοειδῆ,
839 4737 932 4790 καὶ
975 4738 1223 4794 ἐναντίαν
1276 4741 1464 4814 ἑαυτῇ,
1524 4744 1619 4797 καὶ
1650 4745 1747 4815 ήλ-

146 4822 483 4893 λοιωμένην.
512 4825 624 4879 Καὶ
678 4827 785 4899 μὴν
836 4826 961 4882 οὔτε
1007 4829 1102 4883 δύο
1152 4832 1260 4887 τῶν
1285 4834 1453 4889 ὄντων
1500 4837 1748 4904 ἐναντίας

142 4914 341 4986 ἀρχὰς
363 4916 586 4972 δυνατὸν
609 4914 771 4984 εἶναι,
798 4921 893 4975 καί¹
917 4922 1119 4988 ταύτας
1151 4926 1211 4980 ὲν
1244 4927 1523 5000 ἀλλήλαις,
1559 4932 1656 4986 καὶ
1688 4933 1747 4985 ὲν

144 5004 242 5075 τῷ
274 5008 457 5071 παντὶ,
523 5010 618 5063 καὶ
667 5012 1018 5083 μαχομένας⁸
1056 5016 1106 5068 εί
1173 5015 1283 5087 γὰρ
1324 5017 1484 5072 τοῦτο
1545 5019 1746 5091 δοθείη,

146 5101 319 5155 ἔσται
342 5102 434 5154 καὶ
456 5104 484 5156 ὁ
510 5102 644 5167 Θεὸς
666 5105 767 5158 οὐκ
811 5107 1046 5178 ἀπήμων
1084 5110 1206 5164 οὐδὲ
1229 5111 1387 5176 ὲκτὺς
1408 5112 1745 5185 δυσχερείας,

151 5192 328 5264 εἰπερ
348 5192 433 5265 εἴη
481 5212 534 5248 τι
590 5198 686 5250 καί
731 5197 879 5269 αὐτῷ
935 5200 996 5252 rb
1027 5202 1309 5273 ἐνοχλοῦν·
1349 5203 1539 5258 ἔπειτα
1595 5204 1749 5260 ἔσται

152 5281 345 5335 πάντα
377 5282 589 5339 ἄτακτα
622 5287 717 5340 καὶ
748 5288 836 5341 ἀεὶ
861 5290 1145 5361 μαχόμενα
1167 5308 1180 5322 ·
1206 5292 1381 5348 καίτοι
1416 5294 1598 5365 φιλίας
1615 5297 1748 5350 πᾶσι

144 5376 277 5438 τοῖς
297 5368 419 5428 οὖσι
444 5376 505 5429 τὸ
529 5378 732 5447 ἀγαθὸν
758 5382 1104 5452 μεταδίδωσι,
1143 5385 1237 5438 καὶ
1282 5387 1630 5459 αὐτοειρήνη,
1656 5389 1751 5444 καὶ

236 5540 267 5569 ν
298 5529 487 5585 Matth.
526 5548 622 5598 vn,
656 5534 741 5588 l8.

1854 4576 2071 4631 quoque
2095 4572 2205 4627 est,
2235 4576 2299 4615 ex
2326 4576 2433 4615 uno
2458 4570 2514 4615 et
2540 4561 2732 4615 eodem
2759 4558 2867 4613 duo
2893 4571 3117 4629 prorsus
3150 4556 3430 4610 contraria

1856 4654 2129 4725 proﬁcisci
2158 4664 2214 4709 et
2236 4655 2526 4718 exsistere,
2554 4652 2805 4722 idemque
2825 4649 3150 4721 principium
3173 4664 3273 4704 nec
3299 4648 3432 4703 sim-

1855 4749 2003 4820 plex,
2024 4760 2125 4806 nec
2147 4767 2315 4805 unum
2342 4765 2484 4816 esse,
2514 4750 2609 4805 sed
2641 4748 2871 4803 divisum
2904 4762 2968 4802 ac
2999 4746 3216 4817 duplex,
3238 4756 3298 4801 et
3326 4744 3433 4801 sibi

1857 4842 1961 4913 ipsi
1982 4842 2319 4896 contrarium
2356 4856 2420 4894 ac
2446 4854 2773 4911 repugnans.
2824 4836 3010 4907 Neque
3040 4852 3172 4892 vero
3209 4836 3317 4892 duo
3348 4852 3434 4893 re-

1856 4949 1977 4987 rum
2008 4933 2275 5004 principia
2307 4935 2609 4997 contraria,
2652 4947 2773 5001 quae
2832 4930 2937 4986 sibi
2986 4939 3180 4984 mutuo
3203 4939 3261 4983 et
3305 4929 3431 4983 uni-

1857 5038 2017 5079 verso
2039 5023 2232 5089 insint,
2260 5038 2501 5094 pugnare
2524 5038 2744 5093 quoque
2769 5022 3010 5092 possint;
3049 5021 3094 5076 si
3139 5021 3284 5075 enim
3328 5018 3434 5072 hoc

1855 5116 2038 5181 detur,
2066 5130 2133 5171 ne
2162 5116 2306 5171 Deus
2359 5116 2581 5186 quidem
2612 5116 2730 5186 ipse
2755 5114 3043 5169 incolumis
3068 5114 3173 5169 erit
3201 5127 3435 5166 vacuus-

1856 5220 1964 5276 qne
1989 5206 2260 5273 molestia,
2298 5207 2574 5277 siquidem
2598 5206 2670 5263 sit
2694 5206 2899 5276 aliquid
2928 5206 3075 5275 quod
3102 5220 3225 5259 eum
3256 5201 3431 5257 oll'en-

1857 5300 1979 5362 dat;
2007 5298 2205 5354 deinde
2228 5309 2424 5355 cuncta
2461 5310 2621 5354 erunt
2645 5299 2954 5355 inordinata
2982 5309 3305 5365 semperque
3330 5307 3398 5359 pu
3418 5320 3430 5333 ι

1858 5390 2122 5458 guantia;
2153 5390 2305 5460 atqui
2342 5394 2545 5449 bonum
2589 5407 2713 5448 cum
2766 5392 2932 5448 rebus
2957 5389 3210 5444 onmibus
3237 5382 3434 5439 amici-

1460 5653 1691 5710 VARIAS
1727 5654 2131 5716 LECTIONES.

265 5812 318 5843 ’³
349 5813 669 5881 ἀγαθοῖς.Τὸ
706 5813 780 5867 δέ.
862 5816 905 5847 99
935 5814 1186 5877 δυνατόν,
1212 5813 1274 5869 Ρ.
