3866 6234
476 343 582 399 ’7Ξὸ

1655 340 1712 397 S.
1752 337 2047 395 DIONYSII
2086 332 2548 391 ΑΒΕΟΡΑΕΙΤΑΕ

3637 324 3747 379 721

481 459 615 512 tiam
640 454 842 527 jungit,
892 456 1124 526 ideoque
1161 465 1219 510 ut
1251 456 1361 526 ipsa
1396 470 1523 525 pax,
1576 456 1835 523 pacisque
1867 454 2040 508 conci-

2151 450 2501 522 είρηνόδωρος
2536 447 2783 517 ὑμνεῖται
2809 442 2943 515 πρὸς
2988 442 3096 496 τῶν
3140 440 3300 513 ίερῶν
3327 439 3621 508 θεολόγων.
3649 440 3747 491 Att

476 548 687 613 liatrix,
721 565 749 601 a
785 548 1051 618 theologis
1105 549 1311 603 sanctis
1361 547 1632 603 laudatur.
1664 545 1852 614 Itaque
1906 544 2050 599 bona

476 637 661 690 omnia
714 636 815 689 sibi
874 636 1104 689 invicem
1156 634 1331 689 amica
1380 642 1591 689 suntet
1635 648 1901 695 consona,
1932 641 2054 685 tau-

477 738 640 790 quam
669 722 737 777 ab
767 738 869 775 una
898 722 1002 775 vita
1043 734 1357 793 propagata,
1404 732 1460 778 et
1508 724 1578 778 ad
1628 738 1796 777 unum
1848 722 2050 776 bonum

477 813 823 877 coordinata,
858 813 1176 882 placidaque
1204 855 1219 878 ,
1271 825 1431 884 atque
1464 814 1683 881 similia,
1710 824 1767 869 et
1806 815 1949 868 inter
1992 828 2051 867 se

474 903 708 958 an‘abilia
736 918 752 958 :
783 918 887 958 non
917 904 1080 975 igitur
1108 906 1159 957 in
1206 904 1315 960 Deo
1359 906 1557 959 malum
1583 915 1691 970 est,
1734 920 1909 975 neque
1934 920 2053 959 ma-

474 995 587 1047 lum
616 1003 700 1049 est
732 996 861 1065 quid
895 996 1158 1050 divinum.
1190 994 1297 1051 Sed
1328 1012 1430 1052 nec
1453 1012 1518 1051 ex
1554 997 1665 1051 Deo
1694 997 1896 1051 malum
1930 1005 2043 1061 est;

476 1098 570 1141 aut
598 1088 742 1143 enim
772 1088 949 1144 bonus
984 1105 1093 1143 non
1120 1100 1225 1156 est,
1266 1090 1351 1145 vel
1400 1093 1544 1145 bona
1592 1089 1745 1154 facit,
1797 1089 2049 1159 bonaque

473 1182 764 1249 producit,
799 1191 855 1238 et
902 1198 1009 1237 non
1060 1183 1359 1253 aliquando
1384 1184 1602 1254 quidem
1635 1192 1689 1238 et
1714 1182 1921 1253 aliqua,
1945 1180 2047 1234 ali-

472 1273 697 1340 quando
715 1288 848 1330 vero
876 1290 1005 1341 non,
1031 1286 1085 1331 et
1142 1292 1248 1330 non
1298 1275 1517 1340 omnia;
1551 1274 1655 1330 isto
1703 1274 1849 1329 enim
1890 1282 2050 1341 pacto

475 1366 709 1421 mutatio
746 1368 801 1422 in
854 1350 978 1424 eum
1015 1370 1174 1425 cadet
1223 1380 1387 1439 atque
1443 1369 1821 1433 commutatio,
1880 1368 2045 1423 etiam

472 1456 620 1511 circa
650 1457 702 1511 id
726 1459 867 1527 quod
892 1461 1135 1515 omnium
1168 1462 1568 1516 divinissimum
1587 1471 1690 1526 est,
1719 1462 1770 1516 id
1797 1469 1883 1516 est
1913 1476 2047 1516 cau-

470 1563 609 1602 sam.
634 1550 793 1617 Quod
822 1552 868 1607 si
902 1568 1032 1608 vero
1056 1554 1106 1608 in
1138 1554 1247 1609 Deo
1294 1556 1498 1611 bonum
1522 1556 1596 1610 sit
1642 1555 1759 1625 ipsa
1787 1553 2044 1611 substan-

475 1641 573 1707 tia,
596 1641 642 1696 si
667 1654 1009 1713 permutetur
1032 1647 1200 1719 368
1235 1663 1302 1703 ex
1356 1650 1499 1703 bono
1550 1647 1719 1712 Deus,
1754 1646 2047 1717 aliquando

468 1734 689 1799 quidem
722 1736 850 1802 erit,
910 1738 1201 1808 aliquando
1230 1756 1362 1795 vero
1413 1757 1519 1796 non
1577 1741 1702 1795 erit.
1760 1740 1816 1795 Si
1861 1749 2041 1794 autem

2154 544 2248 596 καὶ
2295 542 2424 611 φίλα
2464 539 2696 609 τάγαθά,
2742 538 2837 591 καὶ
2891 536 3185 607 ἐναρμόνια
3227 535 3426 596 πάντα,
3477 533 3577 586 καὶ
3609 534 3747 601 μιᾶς

2154 635 2299 706 ζωῆς
2327 635 2543 702 ἔκγονα,
2579 636 2673 687 καὶ
2700 632 2835 702 πρὸς
2863 631 2921 684 ἓν
2954 630 3155 698 ἀγαθὸν
3182 625 3618 696 συντεταγμένα,
3647 626 3747 677 καὶ

2153 728 2421 799 προσηνῆ,
2446 728 2541 781 καὶ
2573 728 2753 797 ὃμοια,
2785 728 2876 779 κα)⁸
2911 725 3225 795 προσήγορα
3249 720 3499 790 ἀλλήλοις
3519 736 3534 747 ·
3595 718 3745 770 ὥστε

2150 822 2251 874 οὐκ
2276 822 2333 873 ἐν
2357 820 2475 891 Θεῷ
2512 820 2573 873 τὸ
2600 820 2788 882 κακὸν,
2812 818 2987 873 καὶτὸ
3027 817 3195 870 κακὸν
3222 816 3322 867 οὐκ
3348 813 3549 866 ἔνθεον.
3597 809 3743 862 Ἀλλ’

2150 913 2273 965 οὐδὲ
2298 914 2361 967 ὲκ
2388 910 2525 965 Θεοῦ
2549 912 2610 964 τὸ
2635 911 2803 964 κακόν
2822 928 2834 939 ·
2888 909 2920 980 ἢ
2949 907 3058 978 γάρ
3091 908 3190 959 οὐκ
3215 905 3437 974 ἀγαθὸς,
3468 905 3501 974 ἢ
3533 901 3749 970 ἀγαθο-

2152 1007 2327 1068 ποιεῖ,
2374 1004 2467 1056 καὶ¹
2514 1002 2695 1071 ἀγαθά
2742 1002 3016 1072 παράγει’
3081 999 3175 1052 καὶ
3221 999 3279 1050 ού
3320 997 3451 1049 ποτὲ
3484 996 3611 1065 μὲν,
3646 992 3749 1046 καί

2149 1112 2291 1159 τινα,
2343 1094 2471 1147 ποτὲ
2502 1092 2666 1159 δὲοὶ),
2712 1094 2806 1145 καὶ
2848 1093 2908 1145 ού
2946 1092 3151 1145 πάντα·
3202 1088 3501 1161 μεταϐολὴν
3543 1084 3659 1155 γάρ
3680 1085 3746 1134 ἐν

2150 1186 2324 1257 τούτῳ
2351 1188 2597 1239 πείσεται
2630 1187 2724 1240 καὶ
2748 1184 3051 1249 ἀλλοίωσιν,
3079 1184 3172 1236 καὶ
3197 1184 3323 1253 περὶ
3346 1181 3480 1234 αὐτὸ
3503 1178 3569 1230 τὸ
3597 1177 3743 1230 πάν-

2148 1296 2257 1333 των
2299 1281 2593 1345 θειότατον,
2648 1281 2746 1353 τὴν
2796 1280 2995 1334 αἰτίαν.
3046 1280 3106 1332 Ei
3138 1278 3196 1331 δὲ
3239 1280 3295 1330 ὲν
3334 1276 3455 1345 Θεῷ
3494 1272 3745 1341 τάγαθὸν

2153 1372 2384 1445 ὖπαρξίς
2411 1374 2577 1433 ἐστιν,
2606 1372 2758 1425 ἔσται
2784 1374 2813 1425 ὁ
2840 1370 3189 1442 μεταϐάλλων
3214 1372 3276 1423 ὲκ
3328 1368 3571 1438 τάγαθοῦ
3602 1367 3743 1429 Θεδς

2150 1466 2280 1518 ποτὲ
2311 1465 2410 1535 μὲν
2438 1463 2534 1529 ὢν,
2562 1464 2691 1517 ποτὲ
2711 1464 2766 1517 δὲ
2790 1466 2889 1518 οὑκ
2913 1464 3007 1516 ὧν.
3034 1464 3095 1516 Εἰ
3127 1463 3185 1516 δὲ
3209 1462 3421 1533 μεθέξει
3444 1460 3505 1513 τὸ
3527 1458 3742 1527 ἀγαθὸν

2150 1556 2285 1627 ἔχει,
2316 1557 2411 1610 καὶ
2432 1554 2492 1621 ἐξ
2523 1557 2712 1627 ἐτέρου
2742 1556 2872 1621 ἕξει,
2905 1557 2999 1610 καὶ
3028 1557 3159 1610 ποτὲ
3214 1557 3313 1627 μὲν
3334 1555 3470 1621 ἕξει,
3495 1554 3635 1607 ποτὲ
3680 1554 3741 1605 δὲ

2150 1650 2247 1720 οὐχ
2292 1647 2421 1714 ἔξει.
2454 1648 2569 1701 Οὐκ
2608 1649 2718 1721 ἄρα
2747 1651 2811 1701 ὲκ
2842 1648 2979 1701 Θεοῦ
3010 1649 3071 1703 τὸ
3108 1649 3297 1714 κακὸν,
3334 1648 3459 1701 οὔτε
3485 1648 3545 1701 ὲν
3575 1646 3698 1717 Θεῷ
3721 1687 3740 1710 ,

2149 1742 2270 1796 οὕτε
2300 1741 2506 1806 ἀπλῶς,
2537 1742 2659 1797 οὔτε
2685 1742 2824 1797 κατά
2852 1744 3059 1813 χρόνον.

466 1828 889 1899 participatione
962 1831 1162 1888 bouum
1216 1832 1450 1899 habeat,
1502 1832 1724 1887 habebit
1795 1833 1988 1903 utique
2035 1850 2103 1889 ex
2156 1834 2288 1899 alio,
2329 1845 2492 1905 atque
2546 1835 2682 1891 alias
2727 1838 2778 1891 id
2834 1838 3075 1902 habebit,
3126 1838 3261 1893 alias
3319 1853 3427 1893 non
3484 1835 3738 1891 habebit.

466 1920 670 1979 Malum
695 1925 859 1996 igitur
886 1939 989 1980 nec
1017 1939 1084 1980 ex
1112 1924 1241 1989 Deo,
1288 1939 1387 1981 nec
1436 1925 1489 1979 in
1543 1923 1677 1989 Deo,
1724 1940 1899 1996 neque
1922 1927 2171 1992 omnino,
2191 1942 2369 1997 neque
2390 1936 2543 1983 certo
2569 1938 2832 1999 tempore.-

1948 2088 1975 2161 §
2016 2086 2225 2148 XXII.

534 2236 675 2303 Quin
711 2250 777 2290 ne
814 2236 866 2290 in
896 2236 1105 2306 angells
1135 2237 1354 2306 quidem
1385 2239 1527 2294 inest
1558 2238 1783 2293 malum.
1816 2237 1873 2293 Si
1899 2243 2040 2293 enim

2236 2240 2375 2293 Ἀλλ’
2398 2241 2522 2294 οὔτε
2571 2241 2930 2311 ὲν”ἀγγέλοις
2976 2241 3093 2294 ἐστὶ
3141 2238 3209 2293 τὸ
3261 2240 3452 2294 κακόν.
3506 2241 3573 2294 Ei
3629 2241 3743 2311 γάρ

463 2329 640 2385 bonus
668 2327 893 2399 angelus
912 2329 1150 2383 divinam
1175 2331 1421 2385 enuntiat
1449 2331 1771 2395 bonitatem,
1793 2332 1843 2386 id
1870 2332 2045 2402 ipsum

462 2421 738 2476 exsistens
773 2421 1074 2475 secundum
1114 2422 1593 2491 participationem
1620 2425 1859 2478 secundo
1887 2423 2044 2478 ordi~

462 2529 557 2578 ne,
589 2514 733 2583 quod
781 2514 1078 2569 secundum
1117 2528 1339 2569 causam
1366 2525 1449 2571 est
1474 2516 1525 2569 id
1550 2516 1694 2585 quod
1724 2516 2047 2569 enuntiatur

461 2606 663 2674 primo,
694 2615 845 2660 certe
876 2606 1103 2675 angelus
1146 2616 1230 2662 est
1258 2608 1439 2679 imago
1472 2608 1589 2672 Dei,
1617 2617 1674 2663 et
1723 2610 1913 2663 arcani
1962 2608 2044 2662 lu-

464 2697 629 2752 minis
676 2697 998 2762 declaratio,
1056 2697 1334 2768 speculum
1390 2716 1606 2769 purum,
1650 2700 2041 2765 clarissimum,

463 2789 762 2857 integrum,
790 2789 1219 2856 immaculatum,
1273 2791 1681 2858 intaminatum,
1713 2800 1880 2847 totam
1910 2791 1961 2845 in
1987 2806 2044 2846 se

463 2881 736 2951 recipiens
760 2881 829 2942 (si
872 2883 1022 2937 dictu
1074 2881 1156 2939 fas
1207 2885 1312 2955 est)
1371 2885 1842 2953 pulchritudinem
1880 2884 2041 2939 boni-

460 2974 654 3029 formis
694 2974 1107 3041 deiformitatis,
1155 2977 1472 3049 liquidoque
1531 2982 1733 3051 (quoad
1791 2979 1907 3035 ﬁeri
1946 2995 2043 3049 po-

460 3067 595 3137 test)
636 3068 691 3123 in
722 3069 1020 3139 semetipso
1051 3069 1405 3139 resplendere
1438 3070 1645 3127 iaciens
1683 3071 2038 3127 secretissimi

460 3160 608 3217 illius
636 3162 844 3217 silentii
899 3162 1227 3229 bonitatem,
1260 3175 1425 3235 atque
1458 3167 1596 3221 adeo
1628 3181 1805 3237 neque
1835 3167 2042 3238 angelis

459 3254 605 3309 inest
629 3255 851 3318 malum;
873 3266 929 3309 at
957 3255 1101 3323 quod
1125 3267 1442 3326 peccatores
1470 3258 1716 3327 puniant,
1741 3259 1864 3311 mali
1892 3268 2040 3317 sunt.

459 3348 667 3404 Eadem
690 3348 938 3419 profecto
981 3350 1197 3407 ratione
1228 3361 1577 3407 correctores
1607 3350 2038 3421 delinquentium

461 3440 586 3494 mali
613 3452 796 3505 erunt,
820 3441 961 3495 sicut
981 3452 1035 3497 et
1058 3444 1392 3507 sacerdotes,
1419 3444 1510 3513 qui
1537 3444 1827 3512 profanum
1854 3459 1883 3497 a
1918 3459 2035 3514 my-

459 3534 644 3589 steriis
667 3533 870 3589 dlviuis
911 3546 1118 3589 arcent.
1148 3536 1313 3603 Atqui
1346 3550 1453 3589 non
1488 3534 1690 3587 malum
1727 3544 1810 3589 est
1833 3537 2036 3605 puniri,

459 3624 555 3678 sed
579 3624 830 3693 supplicii
861 3639 1011 3679 reum
1038 3625 1189 3691 ﬁeri;
1237 3626 1313 3679 uti
1345 3626 1512 3680 etiam
1533 3624 1770 3695 aliquem
1804 3642 1833 3680 a
1862 3628 2037 3683 sacris

458 3726 688 3786 propter
715 3717 984 3771 demerita
1017 3716 1235 3771 excludi
1291 3718 1517 3773 minime
1549 3719 1750 3773 malum
1796 3730 1903 3784 est,
1942 3722 2035 3774 sed

460 3807 762 3863 sceleribus
790 3808 1163 3877 coinquinari,
1210 3818 1267 3861 et
1312 3809 1704 3865 sacratissimis
1758 3813 2037 3881 mysteriis

459 3899 743 3971 indignum
771 3901 948 3966 reddi,
975 3901 1291 3970 pessimum.

2148 2333 2463 2403 ἐξαγγέλλει
2508 2333 2606 2405 τὴν
2655 2334 2966 2405 ἀγαθότητα
3002 2335 3099 2405 τὴν
3135 2333 3285 2387 θείαν
3328 2337 3357 2387 ὁ
3404 2333 3740 2402 ἀγαθοειδὴς

2147 2426 2399 2495 ἄγγελος,
2464 2427 2641 2480 ἐκεῖνο
2686 2427 2761 2480 ὢν
2813 2425 2953 2479 κατά
2997 2424 3215 2496 μέθεξιν
3257 2425 3552 2495 δευτέρως,
3598 2425 3743 2493 ὅπερ

2147 2521 2267 2572 κατ’
2289 2520 2467 2573 αἰτίαν
2491 2519 2553 2572 τὸ
2581 2518 2974 2590 ἀγγελλόμενον
3011 2516 3263 2588 πρώτως,
3293 2516 3459 2569 είκών
3486 2519 3606 2569 ἐστι
3641 2516 3739 2569 τοῦ

2146 2611 2282 2664 Θεοῦ
2316 2613 2383 2643 ¹⁰⁰
2413 2612 2439 2663 ὁ
2466 2610 2715 2680 ἄγγελος,
2751 2611 3063 2681 φανέρωσις
3097 2608 3190 2661 τοῦ
3241 2606 3484 2678 ἀφανοῦς
3516 2608 3698 2677 φωτὸς
3719 2651 3739 2673 ,

2146 2703 2410 2774 ἔσοπτρον
2440 2703 2759 2774 ἀκραιφνὲς,
2789 2702 3164 2764 διειδέστατον,
3192 2700 3494 2769 ἀλώϐητον,
3530 2700 3740 2770 ἄχραν-

2144 2810 2256 2857 τον,
2284 2792 2637 2864 ἀκηλίδωτον,
2669 2792 3041 2863 εἰσδεχόμενον
3084 2790 3211 2861 ὅλην
3236 2791 3305 2861 (εί
3336 2790 3494 2860 θέμις
3510 2790 3736 2859 εἰπεῖν),

2144 2886 2242 2957 τὴν
2264 2886 2578 2956 ὡραιότητα
2606 2886 2704 2956 τῆς
2730 2886 3074 2955 ἀγαθοτύπου
3106 2886 3419 2949 θεοειὸείας,
3470 2887 3566 2938 καὶ
3604 2886 3738 2955 ἀμι-

2146 2978 2258 3048 γῶς
2283 2978 2603 3049 ἀναλάμπον
2630 2980 2686 3031 ὲν
2708 2978 2884 3050 ἐαυτῷ
2912 2979 3186 3060 (καθάπερ
3215 2975 3325 3031 οἷόν
3343 2979 3403 3030 τὲ
3433 2978 3603 3047 ἐστι.)
3633 2980 3737 3047 τὴν

2144 3072 2455 3145 ἀγαθότητα
2503 3073 2600 3143 τῆς
2632 3074 2689 3124 ὲν
2723 3070 2936 3135 ἀδύτοις
2990 3069 3150 3140 σιγῆς
3173 3086 3187 3099 ·
3236 3068 3339 3121 οὐκ
3382 3068 3491 3140 ἄρα
3520 3068 3649 3121 οὐδὲ
3676 3070 3737 3120 ἐν

2143 3166 2393 3235 ἀγγέλοις
2419 3167 2534 3219 ἐστὶ
2556 3166 2618 3217 τὺ
2645 3165 2831 3229 κακὸν,
2855 3164 2989 3217 ἀλλά
3018 3163 3093 3234 τῷ
3122 3162 3369 3227 κολάζειν
3393 3164 3521 3225 τοὺς
3550 3164 3737 3233 ἀμαρ-

2142 3259 2401 3322 τάνοντάς
2433 3260 2540 3311 είσι
2588 3257 2765 3311 κακοί.
2804 3258 2993 3329 Τούτῳ
3046 3255 3178 3325 γοῦν
3221 3256 3299 3327 τῷ
3337 3255 3484 3327 λόγῳ
3534 3258 3636 3309 καὶ
3685 3258 3736 3308 οξ

2144 3353 2511 3426 σωφρονισταὶ
2565 3354 2673 3404 τῶν
2730 3349 3194 3421 πλημμελούντων
3243 3350 3431 3412 κακοὶ,
3496 3350 3594 3402 καὶ
3624 3349 3738 3401 τῶν

2144 3446 2335 3518 ἱερέων
2360 3446 2409 3497 οἱ
2434 3444 2525 3497 τὸν
2557 3442 2783 3514 βέϐηλον
2831 3442 2940 3494 τῶν
2962 3442 3119 3495 θείων
3173 3440 3487 3512 μυστηρίων
3537 3441 3738 3510 ἀπείρ-

2142 3554 2351 3605 γοντες.
2381 3536 2573 3588 Καίτοι
2598 3534 2720 3587 οὐδὲ
2741 3533 2803 3586 τὸ
2837 3532 3161 3596 κολάζεσθαι
3194 3534 3209 3562 ¹
3257 3533 3449 3594 κακὸν,
3483 3531 3626 3583 ἀλλά
3673 3532 3737 3583 τὺ

2142 3626 2290 3693 ἀξιον
2319 3625 2569 3694 γενέσθαι
2595 3624 2890 3689 κολάσεως,
2940 3624 3060 3676 οὐδὲ
3092 3623 3154 3676 τὸ
3184 3626 3304 3677 κατ’
3328 3622 3487 3686 ἀξίαν
3531 3623 3733 3691 ἀπείρ-

2142 3718 2333 3787 γεσθαι
2355 3717 2464 3771 τῶν
2518 3718 2696 3787 ιερῶν,
2720 3716 2857 3770 ἀλλά
2903 3716 2965 3769 τὸ
2991 3717 3158 3787 ἐναγῆ
3207 3718 3300 3769 καὶ
3337 3716 3554 3786 ἀνίερον
3582 3716 3737 3784 γενέο

2145 3812 2288 3878 σθαι,
2322 3812 2418 3866 καὶ
2444 3812 2553 3866 τῶν
2580 3812 2863 3882 ἀχράντων
2892 3810 3287 3881 ἀνεπιτήδειον.

1937 4016 2229 4091 ςχχιιι.

532 4182 640 4237 Sed
667 4194 843 4251 neque
866 4181 1143 4236 dzemones
1183 4188 1378 4235 natura
1412 4195 1509 4237 sua
1554 4182 1682 4238 mali
1709 4192 1868 4247 sunt;
1907 4197 2034 4237 nam

460 4276 505 4329 si
533 4283 725 4330 natura
757 4274 882 4329 mali
925 4272 1131 4339 forent,
1160 4287 1335 4343 neque
1357 4287 1423 4329 ex
1449 4275 1591 4330 bono
1621 4286 1830 4339 essent,
1858 4290 2038 4344 neque

458 4370 514 4423 in
539 4378 734 4423 natura
762 4383 943 4423 rerum
967 4367 1323 4431 exsisterent,
1354 4382 1531 4437 neque
1571 4370 1735 4422 etiam
1770 4385 1835 4423 ex
1881 4368 2037 4423 bouis

460 4461 679 4527 mutati,
711 4462 755 4515 si
792 4471 987 4515 natura
1043 4473 1373 4531 semperque
1414 4460 1540 4514 mali
1582 4468 1764 4514 erant.
1807 4459 2035 4526 Deinde,

460 4569 589 4606 num
618 4554 717 4607 sibi
760 4552 883 4606 mali
912 4562 1060 4617 sunt,
1087 4568 1153 4605 an
1183 4552 1345 4607 aliis?
1391 4552 1447 4607 Si
1482 4554 1608 4621 sibi,
1651 4554 1815 4608 etiam
1871 4554 2035 4622 seipsi

457 4644 733 4711 perimunt
756 4660 770 4709 ;
792 4646 873 4698 sin
902 4644 1044 4708 aliis,
1080 4644 1358 4712 quomodo
1410 4645 1754 4709 interimunt,
1782 4654 1878 4699 aut
1903 4646 2036 4714 quid

461 4735 1235 4796 tuterimunt?essentiamne,
1265 4750 1334 4789 an
1382 4736 1704 4805 potentiam,
1746 4748 1814 4790 an
1855 4738 2033 4791 actio-

457 4826 706 4880 nem?Si
737 4828 1054 4891 essentiam,
1114 4828 1353 4896 primum
1408 4828 1629 4895 quidem
1671 4842 1778 4881 non
1836 4838 2031 4883 contra

2228 4181 2365 4235 Ἀλλ’
2396 4182 2518 4235 οὔτε
2553 4184 2601 4235 oi
2655 4182 2908 4254 δαίμονες
2952 4178 3111 4250 φύσει
3150 4177 3344 4232 κακοί’
3398 4178 3495 4229 καὶ
3538 4176 3653 4247 γὰρ
3684 4180 3733 4230 εί

2144 4275 2304 4344 φύσει
2332 4276 2513 4338 κακοὶ,
2544 4274 2668 4326 οὕτε
2717 4275 2782 4326 ἐκ
2828 4270 3090 4341 τάγαθοῦ,
3143 4268 3266 4322 οὔτε
3311 4269 3369 4319 ὲν
3400 4270 3517 4329 τοῖς
3545 4263 3730 4331 οὖσιν,

2144 4366 2267 4420 οὔτε
2299 4366 2404 4438 μὴν
2428 4366 2489 4431 ἐξ
2534 4366 2754 4435 ἀγαθῶν
2814 4363 3128 4436 μετέϐαλον,
3183 4362 3343 4431 φύσει
3377 4364 3471 4414 καὶ
3508 4362 3599 4413 ἀεὶ
3636 4379 3730 4413 κα-

2144 4462 2231 4513 κοὶ
2254 4461 2425 4524 ὄντες.
2458 4463 2687 4513 Ἔπειτα
2708 4461 2919 4523 ἑαυτοῖς
2959 4460 3065 4510 εἰσι
3094 4454 3333 4523 κακοὶ,ἧ
3380 4455 3637 4522 ὲτὲροις;
3674 4454 3732 4504 Ei

2149 4552 2247 4620 μὲν
2276 4552 2508 4615 ἑαυτοῖς,
2540 4551 2634 4603 καὶ
2664 4549 2975 4620 φθείρουσιν
3024 4546 3283 4609 ἑαυτούς·
3333 4547 3383 4598 εί
3427 4545 3486 4597 δὲ
3527 4544 3729 4607 ἄλλοις,

2145 4644 2261 4707 πῶς
2291 4643 2621 4714 φθείροντες,
2652 4644 2684 4714 ἢ
2712 4644 2763 4695 τί
2804 4643 3115 4713 φθείροντες
3141 4657 3154 4705 ;
3178 4639 3388 4699 οὐσίαν,
3417 4637 3451 4707 ἢ
3480 4637 3731 4708 δύναμιν,

2145 4736 2177 4805 ἢ
2214 4736 2528 4806 ἐνέργειαν;
2562 4738 2624 4789 Ei
2676 4736 2775 4806 μὲν
2805 4734 3014 4798 οὐσίαν,
3064 4732 3280 4805 πρῶτον
3333 4731 3433 4802 μὲν
3491 4732 3553 4783 ού
3584 4731 3735 4800 παρά

2144 4826 2341 4895 φύσιν.
2431 4826 2501 4879 τὰ
2568 4826 2675 4897 γὰρ
2728 4826 2888 4896 φύσει
2955 4824 3206 4896 ἄφθαρτα
3266 4823 3326 4875 οὐ
3391 4822 3731 4893 φθείρουσιν,

459 4916 789 4972 uaturamid
813 4917 1053 4985 l‘aeiunt;
1106 4935 1226 4987 qua:
1271 4919 1416 4973 enim
1463 4928 1657 4973 natura
1683 4934 1780 4973 sua
1810 4920 2037 4976 interire

2148 4918 2277 4971 ἀλλά
2297 4918 2367 4971 τὰ
2393 4919 2618 4971 δεκτικά
2647 4918 2870 4987 φθορᾶς.
2934 4918 3165 4969 Ἔπειτα
3197 4915 3317 4967 οὐδὲ
3366 4914 3532 4967 τοῦτο
3572 4916 3733 4969 παντὶ

456 5025 565 5063 non
600 5017 845 5077 possunt,
874 5026 937 5064 ea
980 5028 1083 5065 nou
1110 5012 1464 5078 interimunt,
1512 5015 1606 5068 sed
1651 5028 1713 5067 ea
1742 5029 1867 5084 qua:
1910 5030 2035 5068 cor-

459 5102 699 5170 ruptioni
744 5108 871 5153 sunt
895 5102 1150 5159 obnoxia.
1175 5104 1377 5158 Deinde
1402 5120 1465 5158 ne
1492 5105 1542 5157 id
1590 5103 1813 5173 quidem
1853 5120 2032 5157 omm-

455 5189 558 5242 bus
579 5197 635 5241 et
661 5188 887 5244 omnino
910 5190 1111 5243 malum
1147 5201 1265 5256 est;
1313 5207 1413 5245 nec
1457 5208 1584 5247 vero
1609 5193 1908 5261 quidquam
1938 5209 2033 5247 eo-

456 5296 575 5334 rum
604 5296 727 5350 quae
749 5291 881 5336 sunt
907 5282 1410 5351 iuterit,quatenus
1441 5287 1682 5341 essentia
1726 5295 1886 5342 estet
1933 5304 2030 5342 na-

456 5387 600 5441 tura,
632 5375 728 5431 sed
752 5375 965 5431 defectu
1000 5378 1269 5433 naturalis
1315 5380 1545 5443 ordinis,
1581 5382 1954 5450 congruentia:
1976 5391 2029 5436 et

453 5469 866 5540 compositionis
901 5470 1039 5525 ratio
1062 5469 1399 5535 debilitatur,
1425 5487 1546 5526 cum
1573 5473 1626 5526 in
1654 5476 1847 5529 eodem
1885 5482 2031 5527 statu

2143 5014 2236 5066 καὶ
2263 5012 2438 5084 πάντη
2466 5013 2633 5065 κακόν
2652 5030 2664 5041 ·
2708 5012 2821 5065 ἀλλ’
2846 5011 2966 5063 οὐδὲ
2992 5009 3271 5080 φθείρεταί
3301 5026 3355 5061 τι
3391 5008 3505 5061 τῶν
3541 5009 3731 5070 ὄντων,

2143 5104 2266 5156 καθ’
2296 5105 2323 5156 ὃ
2346 5106 2502 5157 ούσία
2551 5106 2644 5157 καὶ
2694 5105 2876 5173 φύσις,
2916 5104 3052 5157 ἀλλά
3080 5105 3147 5173 τῇ
3200 5099 3435 5169 ἐλλείψει
3459 5102 3565 5171 τῆς
3594 5099 3735 5152 κατά

2144 5196 2305 5265 φύσιν
2330 5196 2556 5261 τάξεως,
2602 5200 2629 5250 ὁ
2667 5197 2768 5266 τῆς
2798 5197 3061 5268 ἁρμονίας
3102 5195 3197 5248 καὶ
3244 5194 3341 5264 τῆς
3386 5193 3731 5263 συμμετρίας

2141 5282 2297 5352 λόγος
2349 5286 2566 5339 ἀσθενεῖ
2592 5286 2771 5357 μένειν
2806 5286 3068 5349 ὡσαύτως
3098 5285 3253 5355 ἔχων.
3299 5286 3362 5359 Ἦ
3390 5284 3445 5336 δὲ
3479 5284 3731 5337 ἀσθένεια

2139 5378 2201 5429 οὐ
2227 5380 2495 5450 παντελής
2514 5396 2528 5408 ·
2580 5382 2627 5432 εί
2655 5378 2764 5449 γὰρ
2792 5378 3085 5450 παντελὴς,
3125 5380 3219 5430 καὶ
3241 5375 3349 5447 ’τὴν
3383 5376 3617 5447 φθορὰν,
3643 5375 3730 5426 καὶ

2138 5471 2199 5525 τὸ
2223 5472 2581 5543 ὑποκείμενον
2614 5473 2812 5537 ἀνεῖλε,
2863 5474 2954 5527 καὶ
3012 5472 3164 5525 ἔσται
3199 5472 3232 5541 ἡ
3287 5468 3519 5541 τοιαύτη
3560 5470 3728 5541 φθορὰ

1741 5632 1976 5688 VARUS
2016 5633 2423 5691 LECTIONICS.

563 5772 628 5801 ¹θ⁰
654 5770 749 5821 τοῦ
772 5769 998 5839 ἀγαθοῦ,
1030 5770 1091 5823 ι).
1190 5775 1203 5806 ¹
1241 5770 1511 5836 κολάζειν.
