3866 6234
212 235 335 291 ⁸729

1308 231 1396 285 DE
1431 230 1682 288 DlVlNlS
1713 228 2113 297 NOMINIBUS,
2147 229 2298 289 CAP.
2338 229 2427 285 IV.

3387 243 3494 303 750

1668 373 1695 445 §
1742 370 2035 432 xxvm.

306 543 450 597 ⁹Δλλ’
475 541 597 596 οὐδὲ
642 538 705 593 τὸ
755 538 1220 612 πολυθρύλλητον·
1258 557 1277 593 t
1320 539 1405 592 Ἐν
1453 537 1551 610 ὕλῃ
1600 538 1661 591 τὸ
1706 554 1787 591 καη

1982 536 2088 591 Sed
2142 551 2319 607 neque
2370 536 2555 591 tritum
2612 535 2787 591 illud:
2824 554 2843 589 ι
2886 526 2943 590 In
2996 537 3223 591 materia
3279 541 3500 597 malum,

212 636 340 700 κὺν,
380 635 455 699 ὥς
496 651 650 705 φασι,
680 633 801 686 καθ’
828 634 858 686 ὃ
888 633 987 704 ὕλη
1010 651 1022 661 ·
1055 653 1073 685 ι
1111 634 1206 687 καὶ
1237 632 1347 702 γὰρ
1399 632 1493 685 καὶ
1533 630 1673 702 αὐτὴ
1711 628 1808 683 τοῦ

208 729 427 798 κόσμου
483 728 579 781 καὶ
638 726 867 789 κάλλους
926 727 1020 778 καὶ
1076 724 1251 788 εἴδους
1323 723 1436 795 ἔχει
1499 721 1806 794 μετουσίαν.

207 821 281 873 ΕΞ
334 819 391 872 δὲ
419 819 630 873 τούτων
663 818 820 882 ἐκτὸς
848 813 983 871 οὖσα
1010 820 1045 889 ἡ
1071 817 1194 889 ὕλη.
1224 815 1347 871 καθ’
1387 816 1585 887 ἑαυτὴν
1620 813 1809 878 ἄποιος

203 911 336 963 ἐστι
366 910 461 963 καὶ
485 908 743 972 ἀνείδεος,
773 907 891 972 πῶς
920 911 1067 961 ποιεῖ
1090 926 1143 961 τι
1177 910 1210 980 ή
1245 907 1366 980 ὕλη,
1402 909 1435 979 ἡ
1465 908 1599 980 μηδὲ
1615 906 1677 960 τὸ
1705 907 1809 961 πά-

205 1020 370 1075 σχειν
393 1001 651 1056 δύνασθαι
681 1001 805 1055 καθ’
834 1002 1034 1074 ἑαυτὴν
1056 1001 1291 1073 ἐχουσας
1317 1000 1527 1065 Ἄλλως
1554 1018 1635 1067 τε,
1688 1003 1806 1068 πῶς

200 1097 241 1165 ἡ
263 1095 369 1167 ὕλη
396 1095 564 1149 κακόν
588 1111 603 1161 ;
630 1094 694 1147 Et
726 1094 825 1165 μὲν
848 1092 959 1166 γὰρ
978 1094 1191 1165 οὐδαμῆ
1212 1093 1464 1165 οὐδαμῶς
1487 1095 1656 1157 ἐστιν,
1679 1093 1804 1148 οὕτε

199 1186 421 1255 ἀγαθὸν
448 1185 571 1239 οὕτε
596 1185 765 1238 κακόν
783 1203 799 1217 ·
837 1188 886 1239 εἰ
911 1186 969 1238 δέ
996 1203 1113 1250 πως
1149 1176 1230 1249 ὃν,
1258 1184 1330 1238 τὰ
1362 1185 1421 1237 δὲ
1464 1184 1595 1239 ὅντα
1626 1186 1806 1241 πάντα

200 1280 275 1333 ὲκ
303 1276 570 1345 τάγαθοῦ,
597 1277 692 1329 καὶ
719 1276 857 1348 αὑτὴ
880 1278 945 1330 ἐκ
989 1274 1084 1329 τοῦ
1120 1274 1329 1345 ἀγαθοῦ
1359 1274 1427 1328 ἂν
1451 1275 1559 1347 εἴη,
1590 1278 1687 1331 καὶ
1716 1279 1802 1351 ﬂ"

196 1372 269 1425 τὸ
308 1370 513 1439 ἀγαθὸν
532 1368 628 1423 τοῦ
651 1367 821 1422 κακοῦ
840 1367 1141 1438 ποιητικὸν,
1168 1366 1202 1439 ἢ
1225 1366 1286 1419 τὸ
1305 1366 1496 1430 κακὸν,
1518 1367 1593 1432 ὡς
1617 1369 1683 1422 ὲκ
1706 1368 1802 1422 τοῦ

198 1463 419 1533 ἀγαθοῦ
454 1462 513 1517 ὃν
544 1502 571 1529 ,,
593 1462 796 1532 ἀγαθόν
821 1479 834 1491 ·
871 1461 905 1533 ἢ
933 1460 994 1513 τὸ
1023 1460 1193 1514 κακὸν
1222 1458 1317 1512 τοῦ
1358 1460 1564 1529 ἀγαθοῦ
1590 1479 1804 1535 ποιητι-

196 1558 328 1622 κὸν,
356 1555 388 1627 ἢ
420 1557 515 1611 καὶ
539 1556 600 1609 τὸ
632 1555 858 1626 ἀγαθὸν,
894 1553 971 1617 ὡς
1010 1555 1075 1606 ὲκ
1123 1551 1220 1606 τοῦ
1256 1552 1452 1619 κακοῦ,
1505 1554 1695 1609 κακόν.
1729 1558 1802 1609 ’Ἡ

195 1649 301 1702 δύο
328 1645 484 1713 αὖθις
503 1649 691 1719 ἀρχαὶ,
720 1649 814 1701 καὶ
839 1642 997 1701 αὗται
1018 1645 1186 1717 ἄλλης
1211 1647 1340 1717 μιᾶς
1368 1646 1679 1718 ὲξημμέναι
1708 1666 1802 1702 κο-

198 1741 407 1811 ρυφῆς.
438 1741 501 1793 Εἰ
528 1740 586 1793 δὲ
616 1738 921 1808 ἀναγκαίαν
953 1738 1085 1808 φασὶ
1103 1738 1203 1809 τὴν
1243 1737 1374 1809 ὕλην
1395 1737 1532 1810 πρὸς
1552 1738 1800 1812 συμπλή-

200 1850 376 1903 ρωσιν
404 1830 498 1886 τοῦ
537 1832 736 1895 παντὸς
760 1831 990 1902 κόσμου,
1026 1829 1144 1893 πῶς
1186 1831 1218 1901 ἡ
1266 1829 1367 1902 ὕλη
1410 1831 1619 1897 κακόν;
1669 1832 1797 1886 ἄλλο

1914 638 1970 683 ιιι
2020 631 2189 696 aiunt,
2225 639 2498 698 quatenus
2549 629 2776 683 materia
2841 641 2955 696 est;
3005 647 3025 681 ι
3087 645 3210 684 nam
3274 639 3328 686 et
3385 633 3498 700 ipsa

1909 722 2330 793 pulchritudinis
2356 731 2410 775 et
2455 732 2683 777 ornatus
2742 722 3036 791 forumque
3097 724 3158 777 lit
3205 723 3495 792 particeps.

1912 811 1968 865 Si
2026 821 2206 865 autem
2260 826 2506 865 seorsum
2567 812 2634 866 ab
2681 812 2766 867 his
2817 821 3009 883 suapte
3060 822 3255 866 natura
3324 823 3488 867 mate-

1911 904 1989 957 ria
2044 902 2358 972 qualitatem
2420 903 2618 957 nullam
2668 904 3019 974 speciemque
3068 904 3302 971 obtinet,
3364 921 3501 977 quo-

1909 1012 2031 1052 nam
2062 1006 2217 1068 pacto
2244 1000 2468 1055 materia
2493 1000 2787 1070 quidquam
2818 1010 2968 1070 agat,
2991 1014 3112 1069 qua!
3129 1014 3228 1054 nec
3247 999 3300 1055 id
3324 1001 3498 1072 ipsmn

1907 1105 1936 1142 a
1970 1105 2029 1145 se
2054 1090 2236 1154 habet,
2262 1100 2322 1143 ut
2345 1092 2453 1159 pati
2483 1090 2699 1161 possit?
2728 1090 3017 1157 Praeterea,
3044 1106 3287 1160 quanam
3318 1094 3485 1148 modo

1906 1183 2133 1238 materia
2165 1185 2365 1237 maltnn
2410 1183 2602 1238 sit?Si
2634 1183 2781 1239 enim
2830 1184 3150 1253 neutiquam
3198 1200 3497 1254 nusquam-

1904 1291 2010 1345 qne
2055 1283 2160 1344 est,
2222 1292 2400 1344 neque
2453 1278 2654 1332 bonum
2731 1292 2910 1347 neque
2991 1276 3195 1332 malum
3248 1289 3375 1344 est;
3410 1280 3496 1334 sin

1906 1384 2034 1424 vero
2061 1370 2556 1439 quomodocumque
2585 1370 2989 1439 est,omniaque
3017 1385 3138 1440 quae
3167 1378 3383 1432 sunt,ex
3410 1370 3497 1425 bo-

1904 1477 1974 1516 no
2003 1474 2162 1529 sunt;
2209 1462 2397 1530 utique
2449 1462 2616 1517 etiam
2647 1464 2762 1533 ipsa
2789 1480 2858 1519 ex
2883 1464 3030 1521 bono
3069 1466 3197 1532 erit,
3227 1474 3392 1535 atque
3421 1465 3495 1519 ita

1904 1553 1986 1608 vel
2022 1554 2221 1608 bonum
2268 1554 2468 1610 malum
2495 1553 2677 1621 elﬁcit,
2709 1556 2793 1610 vel
2826 1567 2977 1611 certe
3033 1557 3255 1621 malum,
3297 1565 3490 1628 quate-

1906 1659 2006 1697 nus
2034 1658 2098 1696 ex
2128 1644 2272 1699 bono
2300 1655 2405 1712 est,
2448 1646 2649 1699 bonmn
2680 1647 2810 1712 erit,
2840 1648 2941 1701 nisi
2978 1647 3116 1701 forte
3142 1649 3346 1702 malum
3396 1650 3494 1705 bo-

1903 1753 2030 1790 nmn
2064 1737 2249 1801 faciat,
2276 1739 2521 1808 adeoque
2549 1740 2748 1794 bomnn
2775 1781 2791 1804 ,
2823 1750 3091 1812 quatenus
3116 1758 3181 1797 ex
3213 1743 3358 1798 malo
3386 1753 3495 1806 est,

1904 1828 2103 1883 malum
2149 1830 2239 1887 sit.
2276 1828 2369 1884 Vel
2426 1830 2647 1894 iterum,
2694 1832 2805 1886 duo
2853 1843 2980 1888 sunt
3046 1835 3315 1905 principia
3368 1850 3493 1904 quae

194 1892 317 1996 'yap
346 1926 405 1977 τὸ
431 1925 625 1987 κακὸν,
652 1892 752 1978 καὶ
787 1892 917 1977 ἄλλο
966 1892 1027 1975 τὸ
1073 1892 1370 1991 ἀναγκαῖοό
1396 1924 1461 1977 ἰ.
1512 1892 1640 1989 Πῶξ
1678 1924 1787 1978 δὲέ

1900 1919 2131 1989 ipsamet
2174 1921 2244 1976 ab
2274 1935 2381 1975 uno
2403 1920 2591 1991 aliquo
2617 1892 2728 1977 alio
2749 1924 2934 1992 capite
2968 1892 3303 1994 dependent.
3366 1892 3491 1980 iam

191 2014 408 2082 ἀγαθὸς
438 2016 503 2068 ὲκ
530 2013 624 2067 τοῦ
674 2013 848 2067 κακοῦ
893 2013 1133 2084 παράγει
1182 2013 1306 2067 τινὰ
1356 2015 1492 2085 πρὸς
1542 2015 1792 2085 γένεσιν;

190 2106 232 2177 ἧ
293 2106 414 2170 πῶς
466 2107 635 2161 κακὸν
699 2107 760 2160 τὸ
820 2106 915 2159 τοῦ
962 2104 1168 2175 ἀγαθοῦ
1211 2106 1509 2177 δεόμενον;
1602 2107 1795 2178 φεύγει

188 2198 310 2268 γὰρ
336 2198 434 2268 τὴν
463 2196 559 2250 τοῦ
616 2197 823 2267 ἀγαθοῦ
870 2197 1032 2266 φύσιν
1060 2195 1123 2249 τὸ
1158 2195 1349 2250 κακόν.
1398 2196 1524 2261 Πῶς
1545 2198 1608 2251 δὲ
1629 2200 1797 2271 γεννᾷ

188 2292 295 2344 καὶ
322 2291 513 2363 τρέφει
562 2290 661 2362 τὴν
705 2290 867 2361 φύσιν
923 2293 958 2362 ὴ
1000 2290 1101 2362 ὕλη
1150 2286 1295 2361 κακὴ
1342 2285 1526 2357 οῦσα;
1566 2292 1628 2345 τὸ
1683 2293 1794 2365 γὰρ

188 2383 393 2445 κακὸν,
436 2376 469 2458 ᾖ
507 2382 554 2415 ¹¹
582 2385 772 2447 κακὸν,
798 2381 1013 2445 οὐδενός
1050 2383 1168 2435 ἐστι
1216 2382 1555 2453 γεννητικὸν,
1598 2382 1630 2453 ἢ
1667 2382 1795 2455 θρε-

186 2474 412 2539 πτικὸν,
444 2474 478 2546 ἦ
506 2474 644 2538 ὅλως
688 2474 994 2546 ποιητικὸν,
1025 2472 1058 2543 ἢ
1101 2472 1388 2526 σωστικόν.
1438 2474 1502 2527 Εἰ
1533 2473 1589 2527 δὲ
1611 2477 1790 2543 φαῖεν,

185 2565 365 2637 αὐτὴν
399 2567 497 2637 μὲν
524 2568 586 2619 οὑ
628 2569 801 2620 ποιεῖν
827 2566 1024 2620 κακίαν
1054 2569 1113 2619 ὲν
1143 2567 1362 2640 ψυχαῖς,
1379 2566 1704 2635 ἐφέλκεσθαι
1734 2566 1793 2619 δὲ

186 2660 386 2722 αὐτὰς,
431 2658 550 2722 πῶς
580 2658 734 2711 ἔσται
765 2659 925 2712 τοῦτο
950 2660 1149 2731 ἀληθές
1183 2677 1198 2727 ;
1232 2659 1426 2714 πολλαὶ
1455 2659 1565 2731 γὰρ
1609 2658 1792 2713 αὐτῶν

184 2753 272 2815 εἰς
291 2751 355 2804 τὸ
384 2750 587 2819 ἀγαθὸν
617 2751 875 2822 βλέπουσι
898 2752 964 2805 ’³.
999 2753 1194 2806 Καίτοι
1236 2751 1356 2816 πῶς
1392 2752 1603 2820 ἐγίνετο
1633 2750 1792 2805 τοῦτο

181 2843 292 2913 τῆς
318 2842 451 2915 ὕλης
471 2844 691 2908 πάντως
718 2843 890 2908 αὐτὰς
913 2846 994 2908 εἰς
1028 2844 1089 2897 τὸ
1140 2844 1314 2899 κακὸν
1368 2842 1744 2914 ὲφελκομένης
1772 2859 1787 2908 ;

187 2936 362 2989 ’Ὥστε
382 2938 483 2990 οὐκ
510 2936 570 3001 ἐξ
585 2936 716 3008 ὕλης
744 2940 805 2991 ὲν
823 2937 1024 3009 ψυχαῖς
1044 2939 1106 2992 τὸ
1124 2938 1314 3000 κακὸν,
1333 2937 1448 2991 ἀλλ’
1469 2936 1529 3003 ἐξ
1550 2938 1787 2991 ἀτάκτου

181 3029 285 3082 καὶ
313 3028 673 3100 πλημμελοῦς
727 3032 998 3102 κινήσεως
1035 3031 1100 3084 ²¹⁵.
1134 3032 1197 3086 Εἰ
1228 3031 1285 3087 δὲ
1310 3032 1407 3084 καὶ
1444 3029 1604 3084 τοῦτό
1634 3048 1788 3099 φασι,

177 3123 249 3190 τῇ
285 3120 389 3193 ὕλῃ
413 3122 627 3186 πάντως
643 3122 894 3187 ἕπεσθαι,
928 3124 1027 3177 καὶ
1074 3123 1349 3193 ἀναγκαία
1374 3125 1408 3194 ἡ
1428 3122 1660 3187 ἄστατος
1688 3123 1786 3194 ὕλη

174 3216 295 3277 τοῖς
310 3214 628 3282 ἐφ’ςὲαυτῶν
660 3213 907 3285 ἱδρῦσθαι
941 3216 1014 3287 μὴ
1033 3215 1371 3285 δυναμένοις,
1396 3215 1514 3279 πῶς
1535 3215 1595 3269 τὸ
1611 3216 1781 3270 κακὸν

177 3306 500 3373 ἀναγκαῖον,
533 3305 566 3377 ἢ
592 3306 654 3358 τὸ
681 3308 978 3375 ἀναγκαῖον
999 3308 1167 3361 κακόν
1192 3324 1207 3374 ;

1897 2028 2027 2067 vero
2074 2013 2119 2067 si
2184 2013 2466 2066 materiam
2544 2015 2612 2068 ad
2666 2017 2905 2070 universi
2965 2018 3494 2073 cmisummationem

1898 2101 2265 2157 necessariam
2284 2103 2451 2159 fuisse
2473 2103 2679 2171 dicant,
2721 2108 3001 2175 quomodo
3030 2110 3260 2164 materia
3291 2111 3494 2165 malmn

1895 2194 2002 2248 sit?
2026 2195 2172 2249 aliud
2198 2196 2343 2249 enim
2363 2204 2450 2250 est
2479 2197 2680 2251 malum
2736 2214 2881 2264 esse,
2918 2201 3065 2256 aliud
3100 2205 3492 2258 necessarimn.

1896 2287 2184 2353 Quomodo
2213 2300 2395 2342 autent
2424 2289 2600 2350 bonus
2620 2291 2802 2360 aliqua
2832 2308 2899 2347 ex
2950 2292 3091 2347 malo
3120 2295 3353 2366 gignat?
3396 2306 3492 2350 aut

1896 2381 2170 2448 quomodo
2197 2379 2397 2433 malum
2430 2381 2499 2434 sit
2524 2381 2577 2434 id
2606 2383 2750 2450 quod
2781 2384 2923 2437 bono
2949 2386 3323 2440 necessarium
3355 2398 3433 2441 εει
3468 2388 3493 2442 ?

1896 2486 2090 2540 nempe
2116 2471 2323 2526 malum
2360 2473 2485 2527 boni
2535 2483 2790 2527 naturam
2834 2476 2989 2545 fugit.
3024 2474 3305 2542 Quomodo
3358 2495 3486 2534 vero

1894 2564 2123 2619 materia
2163 2573 2421 2619 naturam
2468 2565 2643 2635 gignit
2720 2579 2783 2620 ac
2852 2566 3050 2633 nutrit,
3083 2567 3127 2621 si
3184 2568 3322 2622 mala
3354 2580 3435 2624 est
3467 2569 3495 2623 2‘

1895 2657 2095 2712 malum
2144 2658 2311 2725 enim,
2336 2673 2443 2728 qua
2469 2666 2622 2726 parte
2650 2659 2850 2711 malum
2879 2669 2984 2724 est,
3020 2660 3155 2714 nihil
3188 2660 3365 2730 gignit
3390 2673 3490 2715 aut

1893 2752 2088 2816 nutrit,
2121 2751 2355 2806 eliieitve
2409 2760 2506 2805 aut
2541 2751 2736 2805 saIVat.
2791 2751 2944 2818 Quod
3000 2754 3046 2807 si
3089 2754 3296 2819 dicant,
3357 2769 3479 2808 eam

1891 2847 2111 2916 quidem
2169 2846 2224 2900 in
2294 2845 2582 2899 animabus
2638 2845 2903 2899 malitiam
2964 2861 3070 2901 non
3124 2848 3486 2919 pregignere,

1891 2938 1986 2993 sed
2025 2939 2090 2993 ad
2152 2936 2416 2991 malitiam
2463 2952 2557 2991 eas
2603 2936 2887 3005 instigare,
2922 2952 3160 3006 quonam
3220 2940 3381 2993 modo
3434 2943 3486 2995 id

1891 3045 2080 3085 verum
2111 3031 2259 3085 erit?
2282 3045 2406 3085 cum
2458 3043 2525 3083 ex
2557 3028 2623 3083 iis
2680 3030 2929 3098 plurima:
2976 3033 3176 3086 bonum
3207 3044 3484 3102 spectent.

1892 3122 2086 3193 Atqui,
2110 3139 2347 3193 quonam
2375 3132 2535 3193 pacto
2565 3121 2616 3175 id
2638 3123 2753 3175 livri
2788 3123 3073 3190 potuisset,
3108 3125 3150 3177 si
3187 3126 3253 3177 ad
3284 3127 3488 3180 malum

1895 3231 1989 3272 eas
2028 3218 2255 3271 materia
2307 3232 2533 3285 prorsus
2572 3216 2913 3271 inclinaret?
2963 3218 3326 3283 Quamobrem
3365 3234 3481 3274 ma-

1824 3364 1829 3371 ,
1883 3308 1994 3361 lum
2045 3308 2098 3362 in
2153 3307 2436 3362 animabus
2464 3322 2568 3363 non
2597 3308 2814 3362 exsistit
2857 3323 2922 3362 ex
2964 3312 3187 3364 materia
3214 3353 3229 3378 ,
3266 3312 3362 3366 sed
3416 3328 3484 3367 et

179 3398 496 3452 inordinata
536 3398 773 3467 quodam
834 3408 890 3452 et
960 3408 1225 3469 peccante
1290 3409 1462 3454 motu.
1509 3399 1667 3467 Quod
1723 3398 1771 3454 si
1830 3399 2045 3464 dicant,
2075 3413 2172 3453 eas
2222 3397 2447 3452 omnino
2511 3398 2663 3468 sequi
2710 3402 3019 3462 materiam,
3081 3412 3246 3470 atque
3313 3410 3489 3456 male-

179 3492 325 3544 riam
356 3490 505 3545 illam
551 3492 861 3548 instabilem
892 3493 962 3549 iis
990 3479 1113 3549 esse
1152 3494 1519 3550 necessariam
1550 3534 1565 3559 ,
1597 3495 1688 3564 qui
1718 3494 1773 3547 in
1807 3494 2115 3563 semetipsis
2145 3492 2451 3547 consistere
2487 3506 2595 3545 non
2654 3501 2921 3561 possunt;
2951 3508 3187 3563 quanam
3272 3494 3487 3554 ration:

177 3588 389 3643 malum
443 3590 516 3645 sit
539 3591 958 3648 necessarium?
1000 3591 1085 3647 vel
1108 3592 1384 3662 quomodo
1421 3591 1475 3646 id
1502 3593 1644 3663 quod
1670 3591 2037 3646 necessarium
2069 3601 2156 3646 est
2191 3589 2263 3645 sit
2300 3588 2502 3644 malum
2533 3588 2557 3642 ἳ

1664 3753 1693 3828 §
1732 3751 1971 3814 χχιχ.

264 3915 406 3972 Ἀλλ’
457 3916 579 3972 οὐδὲ
624 3917 805 3982 τοῦτο,
832 3920 861 3972 ὅ
903 3937 1109 3991 φαμεν,
1161 3922 1196 3992 ἡ
1237 3920 1494 3993 στέρησις
1525 3921 1665 3975 κατά
1697 3920 1787 3974 δύ-

1967 3917 2075 3973 Sed
2124 3931 2300 3986 neque
2354 3916 2611 3980 dicimus,
2660 3914 3024 3985 privationem
3076 3914 3127 3969 vi
3181 3928 3280 3967 sua
3337 3913 3482 3967 bono

173 4026 346 4079 ναμιν
397 4010 606 4063 οἰκείαν
655 4012 908 4082 μάχεται,
934 4011 1013 4082 τῷ
1062 4012 1253 4083 ἀγαθῷ
1276 4030 1292 4043 ⁸
1342 4014 1377 4083 ὴ
1423 4013 1535 4085 γάρ
1583 4029 1783 4067 παντε-

1889 4026 2195 4082 repugnare
2215 4053 2229 4074 ,
2276 4025 2400 4064 nam
2431 4008 2748 4065 omnimoda
2806 4008 3027 4078 quidem
3060 4006 3296 4075 privatio
3322 4021 3480 4074 pror-

173 4101 277 4173 λὴς
327 4102 609 4174 στέρησις,
650 4104 881 4156 καθόλου
930 4104 1199 4177 ἀδύναμος
1224 4123 1238 4135 ·
1284 4106 1318 4176 ἡ
1357 4105 1415 4159 δὲ
1460 4104 1680 4177 μερικὴ,
1717 4107 1778 4159 οὐ

1899 4120 1976 4159 itlS
2032 4107 2298 4174 impotens
2354 4111 2461 4168 est;
2523 4102 2774 4170 partialis
2835 4115 2965 4155 vero
3014 4115 3123 4154 non
3178 4099 3481 4152 secundum

174 4194 302 4247 καθ’
326 4195 355 4247 ὃ
380 4194 658 4266 στέρησις,
689 4196 806 4266 ἔχει
848 4196 948 4269 τὴν
981 4197 1229 4269 δύναμιν,
1279 4198 1416 4252 ἀλλά
1465 4200 1588 4253 καθ’
1620 4200 1650 4253 ὃ
1715 4201 1777 4253 οὐ

1899 4197 2043 4268 372
2070 4197 2213 4267 quod
2246 4195 2485 4265 privatio
2525 4204 2609 4248 est
2638 4194 2745 4247 vim
2796 4194 2986 4255 habet,
3025 4191 3121 4245 sed
3170 4191 3475 4244 secundum

173 4286 451 4358 παντελής
486 4289 603 4339 ἐστι
629 4288 903 4359 στέρησις.
949 4290 1271 4362 Στερήσεως
1296 4291 1408 4363 γάρ
1440 4291 1539 4345 τοῦ
1569 4291 1776 4361 ἀγαθοῦ

1899 4291 2026 4358 μιοα
2060 4304 2167 4343 non
2197 4297 2282 4343 est
2313 4288 2623 4342 omnimoda
2659 4288 2913 4356 privatio.
2980 4284 3038 4339 Si
3073 4283 3221 4338 enim
3264 4282 3334 4336 sit
3358 4283 3478 4351 pri-

173 4378 409 4449 μερικῆς
426 4377 613 4449 οὕσης,
632 4378 787 4432 οὕπω
808 4381 976 4434 κακόν
996 4398 1009 4411 ·
1040 4383 1135 4435 καὶ⁸
1156 4382 1479 4453 γενομένης,
1504 4383 1647 4454 καὶὴ
1671 4381 1768 4436 τοῦ

1899 4385 2027 4437 ratio
2059 4382 2183 4436 honi
2210 4382 2482 4452 partialis,
2514 4384 2755 4436 nondum
2785 4381 2988 4433 malum
3022 4389 3138 4445 est;
3162 4387 3219 4433 et
3249 4378 3297 4434 si
3317 4376 3468 4432 facta

172 4473 351 4527 κακοῦ
379 4472 541 4543 φύσις
564 4474 889 4546 ἀπελήλυθε.

1876 4478 1971 4543 sit,
1992 4474 2103 4546 jam
2130 4478 2299 4532 etiam
2325 4476 2452 4530 mali
2497 4484 2695 4530 natura
2729 4473 3008 4532 discessit.

1660 4637 1687 4710 §
1724 4633 1934 4695 XXX.

241 4792 520 4847 Συνελόντι
548 4795 607 4850 δὲ
634 4796 820 4865 φάναι,
850 4798 911 4852 τὸ
950 4800 1153 4869 ἀγαθὸν
1193 4801 1259 4853 ὲκ
1294 4800 1396 4870 τῆς
1430 4801 1558 4872 μιᾶς
1589 4801 1634 4833 ’⁸
1662 4801 1755 4854 καὶ

162 4884 265 4954 τῆς
295 4884 423 4955 ὅλης
452 4886 631 4951 αἰτίας
650 4904 664 4918 ’
698 4886 760 4942 τὸ
781 4890 839 4943 δὲ
870 4892 916 4922 ’⁸
937 4892 1107 4944 κακὸν
1138 4894 1203 4945 ὲκ
1234 4892 1445 4946 πολλῶν
1483 4893 1576 4947 καὶ
1600 4912 1751 4966 μερι-

164 4976 279 5029 κῶν
314 4977 623 5049 ἐλλείψεων.
657 4977 811 5036 Οἶδεν
835 4986 864 5038 ὁ
888 4984 1021 5049 Θεὸς
1057 4986 1118 5039 τὸ
1160 4987 1332 5040 κακὸν
1375 4987 1407 5059 ἢ
1456 4988 1659 5056 ἀγαθὸν
1682 4988 1749 5052 ’⁷,

1937 4799 2044 4855 Sed
2075 4809 2133 4856 ut
2193 4800 2507 4857 summatim
2550 4798 2752 4864 dicam,
2785 4799 2987 4856 bonum
3024 4815 3093 4856 ex
3153 4818 3261 4858 una
3315 4804 3467 4859 inte-

1860 4911 2065 4966 graque
2122 4911 2286 4951 causa
2362 4896 2600 4962 exsistit,
2658 4894 2861 4949 malum
2928 4907 3110 4951 autem
3163 4911 3229 4950 ex
3281 4897 3467 4954 multis

1860 4988 2301 5057 partialibusque
2327 4987 2654 5043 defectibus.
2721 4987 2993 5057 Cognovit
3058 4987 3202 5044 Deus
3256 4990 3459 5043 malum

165 5070 263 5123 καὶ
307 5073 438 5142 παρ’
459 5072 609 5143 αὐτῷ
651 5075 707 5126 αἱ
738 5075 906 5128 αἰτίαι
943 5075 1053 5129 τῶν
1102 5077 1308 5143 κακῶν,
1332 5078 1589 5150 δυνάμεις
1616 5080 1753 5133 εἰσὶν

1907 5090 1925 5135 ι
1950 5082 2172 5145 bonum,
2196 5090 2253 5134 et
2288 5094 2457 5150 penes
2507 5080 2681 5149 ipsum
2719 5082 2990 5135 malorum
3014 5097 3196 5137 causa:
3221 5083 3455 5137 virtutes

162 5160 505 5227 ἀγαθοποιοί.
538 5164 601 5216 Ei
629 5163 685 5216 δὲ
715 5165 760 5195 ’⁸
787 5165 847 5218 τὸ
873 5165 1042 5220 κακὸν
1074 5167 1266 5233 ἀΐδιον,
1299 5171 1392 5222 καὶ
1417 5169 1759 5243 δημιουργεῖ,

1868 5184 1997 5228 sunt
2053 5173 2334 5229 beneﬁca.
2390 5173 2543 5241 Quod
2588 5173 2635 5227 si
2696 5174 2899 5228 malum
2953 5187 3214 5230 :cternum
3270 5184 3377 5239 est,
3411 5179 3465 5217 (ει

162 5248 261 5306 καὶ
287 5249 530 5317 δύναται,
554 5254 650 5307 καὶ
673 5254 809 5321 ἔστι,
846 5258 939 5310 καὶ
959 5256 1079 5329 δρᾷ,
1108 5258 1270 5313 πόθεν
1311 5260 1459 5332 αὐτῷ
1488 5260 1659 5316 ταῦτα
1684 5281 1699 5330 ;
1724 5263 1757 5335 ἢ

1903 5275 2037 5331 reat,
2065 5274 2120 5320 et
2141 5274 2339 5337 potest,
2369 5274 2425 5320 et
2454 5274 2559 5331 est,
2579 5272 2633 5319 et
2661 5264 2797 5336 agit,
2835 5267 2978 5321 unde
3001 5267 3050 5322 ei
3085 5268 3201 5322 haec
3229 5260 3461 5319 omnia?

1476 5421 1714 5479 VARUE
1751 5394 2159 5482 LECTIONES.

233 5543 280 5574 ”
311 5545 405 5597 καὶ
432 5548 503 5611 εἰ,
538 5546 610 5602 Μ.
722 5550 765 5582 ²¹
792 5549 920 5605 ἄλλο
943 5569 1046 5608 non
1076 5567 1161 5611 est
1191 5559 1242 5612 in
1270 5560 1336 5614 M.

164 5612 619 5742 ἒλιημμῧλήσεως,
646 5618 716 5673 Μ.
793 5623 837 5654 ’⁵
858 5625 922 5675 ἐκ
966 5629 1094 5696 μιᾶς
1120 5644 1224 5686 non
1261 5612 1456 5687 habent

1438 5563 1483 5593 “
1507 5563 1660 5627 καθό,
1694 5563 1762 5618 Μ.
1802 5566 1891 5619 Sc.

2018 5567 2064 5597 “
2090 5567 2457 5621 ἀτωὸλέπουσι
2593 5569 2640 5599 ’δ
2664 5566 2777 5620 ἀλλ’
2809 5564 2867 5630 ἐξ
2894 5564 3058 5621 αὑτοῦ
3098 5568 3333 5624 ἀτάκτου
3362 5567 3454 5623 καὶ

1839 5637 1884 5668 ²⁶
1911 5637 1967 5690 δέ
2004 5654 2108 5693 non
2144 5648 2227 5695 est
2257 5640 2310 5695 in
2347 5639 2416 5694 Μ.
2497 5639 2537 5670 ²⁷
2629 5638 2849 5706 ἀγαθόν,
2882 5639 2936 5693 S.
2970 5640 3028 5692 Ρ.
3056 5638 3114 5692 D.
3190 5642 3232 5672 ³⁸
3260 5641 3315 5694 δέ
3344 5658 3450 5696 non
