3866 6234
390 284 488 337 ’ΠΙ

1573 284 1633 341 S.
1668 284 1968 341 'DlONYSII
2004 284 2467 341 AREOPAGszE

3561 281 3669 335 7.71

396 418 526 456 num
557 418 621 456 ex
648 402 840 456 bono?
882 417 950 456 an
992 402 1134 457 bono
1178 418 1243 458 ex
1277 405 1461 460 malo?
1505 419 1571 458 an
1607 420 1736 459 vero
1760 408 1969 474 utrique

2080 408 2141 459 ἐκ
2172 406 2267 459 τοῦ
2300 404 2503 476 ἀγαθοῦ
2531 404 2601 475 ;ἢ
2630 402 2707 473 τῷ
2733 401 2919 472 ἀγαθῷ
2943 402 3006 455 ἐκ
3043 400 3136 454 τοῦ
3163 399 3367 464 κακοῦ;
3398 399 3431 469 ἦ
3460 399 3669 469 ἀμφοῖν

381 509 449 547 ex
484 509 646 547 causa
678 493 830 547 alia?
874 494 1048 551 Omne
1076 498 1219 567 quod
1254 498 1553 551 secundum
1586 506 1835 552 naturam
1862 509 1965 563 est,

380 602 452 642 ex
502 586 724 640 definita
754 601 919 642 causa
968 590 1257 655 nascitur;
1311 588 1513 643 malum
1556 598 1739 643 autem
1768 589 1812 643 si
1839 603 1971 642 cau-

382 694 459 733 sa:
493 678 565 732 sit
620 692 685 731 ac
746 679 1084 733 definitionis
1129 695 1364 751 expers,
1403 694 1511 733 non
1559 692 1641 734 est
1673 678 1969 735 secundum

381 783 676 841 naturam;
720 789 895 846 neque
946 776 1090 831 enim
1124 778 1292 832 estin
1347 792 1531 831 rerum
1575 785 1796 841 natura,
1824 775 1968 845 quod

382 880 574 922 contra
615 877 866 922 naturam
899 878 1017 932 est,
1066 884 1241 938 neque
1266 870 1318 924 in
1356 877 1476 925 arte
1531 869 1672 923 ratio
1702 878 1787 923 est
1814 867 1970 921 insci-

384 960 494 1013 tize.
553 958 690 1014 Num
721 973 855 1029 ergo
907 958 1089 1013 anima
1147 961 1417 1015 malorum
1469 975 1641 1016 causa
1673 959 1766 1025 sit,
1821 959 1969 1015 sicut

385 1050 525 1121 ignis
555 1066 605 1107 ν.
638 1066 691 1119 g.
745 1049 965 1115 caloris,
999 1060 1163 1121 atque
1196 1052 1403 1116 omnia,
1438 1052 1637 1121 quibus
1674 1050 1969 1121 appropin-

384 1152 536 1213 quat,
593 1143 797 1198 malitia
844 1143 1016 1213 replet
1042 1145 1065 1200 2
1094 1160 1161 1198 an
1197 1160 1327 1199 vero
1350 1147 1492 1201 bona
1521 1146 1744 1215 quidem
1773 1144 1970 1198 anima:

382 1245 599 1302 natura,
635 1237 729 1291 sed
757 1236 810 1289 in
868 1236 1176 1291 actionibus
1234 1238 1349 1292 suis
1393 1236 1529 1290 alias
1560 1235 1783 1305 quidem
1841 1234 1921 1288 sic
1950 1272 1965 1295 ,

382 1329 520 1383 alias
570 1342 699 1381 vero
735 1326 896 1381 aliter
936 1342 995 1381 se
1031 1327 1240 1382 habet?
1295 1327 1350 1381 Si
1400 1337 1596 1382 natura
1654 1341 1748 1381 sua
1787 1335 1969 1382 status

380 1420 544 1474 etiam
576 1418 693 1487 ejus
734 1417 908 1472 malus
938 1426 1043 1483 est,
1077 1418 1223 1473 ttnde
1256 1429 1462 1473 statum
1499 1418 1741 1472 habuit?
1786 1431 1856 1471 an
1901 1432 1971 1471 ex

385 1526 551 1565 causa
578 1512 716 1566 bona
748 1526 867 1579 quae
894 1509 1139 1565 effectrix
1171 1521 1256 1565 est
1301 1526 1482 1565 rermn
1518 1511 1763 1565 omnium
1790 1509 1815 1563 ?
1860 1509 1967 1563 Sed

383 1606 427 1657 si
460 1620 529 1658 ex
555 1620 643 1667 ea,
670 1604 945 1673 quomodo
977 1603 1182 1657 malum
1206 1613 1289 1659 est
1315 1604 1615 1659 secundum
1633 1602 1971 1658 essentiam?

382 1694 587 1749 Omnes
620 1693 766 1747 enim
786 1692 906 1763 ejus
928 1694 1158 1748 effectus
1192 1694 1320 1748 boni
1349 1703 1499 1749 sunt.
1530 1693 1629 1747 Sin
1660 1706 1758 1761 per
1795 1692 1970 1747 actio-

2072 495 2133 561 ἐξ
2161 496 2327 568 ἄλλης
2348 497 2528 559 αἰτίας
2551 514 2564 560 ;
2589 497 2703 548 Ιιᾶν
2722 494 2783 546 τὺ
2806 493 2945 545 κατὰ
2970 491 3132 560 φύσιν
3150 491 3207 558 ἐξ
3226 492 3404 554 αἰτίας
3425 489 3671 560 ὡρισμέ-

2071 606 2170 659 νης
2199 591 2455 658 γεννᾶται
2477 607 2491 621 ·
2528 591 2575 641 εί
2610 588 2667 640 δέ
2692 588 2753 640 τὸ
2798 586 2968 640 κακὸν
2995 585 3235 639 ἀναίτιον
3266 583 3360 636 xui.
3387 582 3667 652 ἀόριστον,

2070 683 2131 737 ού
2161 681 2302 736 κατά
2328 682 2487 751 φύσιν
2507 698 2520 710 ·
2552 680 2673 733 οὐδὲ
2700 679 2809 751 γὰρ
2836 681 2893 731 ἐν
2920 681 2989 749 τῇ
3024 676 3182 747 φύσει
3208 676 3269 729 τὸ
3294 674 3446 746 παρά
3477 674 3667 743 φύσιν,

2071 775 2194 828 ούδέ
2215 774 2466 844 ἀτεχνίας
2491 774 2534 805 ³⁸
2558 774 2616 825 ἐν
2639 774 2706 842 τῇ
2730 770 2891 841 τέχνῃ
2918 768 3094 837 λόγος.
3128 762 3277 838 Ἀρα
3310 766 3343 835 ἡ
3384 764 3536 834 ψυχὴ
3559 763 3669 816 τῶν

2073 866 2256 921 κακῶν
2284 866 2453 927 αἰτία,
2474 864 2721 935 καθάπερ
2734 864 2796 916 τὸ
2821 858 3381 934 πῦρτοῦθερμαίνειν,
3417 858 3513 909 xui.
3531 857 3642 910 πᾶν

2070 976 2137 1013 τα
2171 956 2251 1021 οἷς
2281 957 2345 1010 ἂν
2383 956 2685 1025 γειτνιάσῃ,
2713 953 2911 1015 κακίας
2936 947 3384 1018 ἀναπίμπλησιν;
3424 944 3457 1015 ἢ
3483 942 3668 1013 ἀγαθὴ

2074 1051 2173 1122 μὲν
2201 1051 2233 1119 ή
2282 1048 2384 1118 τῆς
2405 1048 2581 1118 ψυχῆς
2608 1046 2788 1116 φύσις,
2814 1047 2934 1106 ταῖς
2966 1043 3023 1095 δέ
3058 1038 3377 1111 ἐνεργείαις,
3410 1035 3669 1122 mem

2071 1120 2240 1204 οὕτως
2258 1139 2389 1209 ἔχει,
2433 1137 2562 1189 ποτέ
2580 1136 2636 1189 δὲ
2664 1135 2871 1198 οῦτως;
2901 1134 2962 1186 Εἰ
2989 1133 3087 1205 μὲν
3119 1130 3279 1200 φύσει
3305 1128 3400 1181 xui.
3427 1126 3491 1179 τὸ
3528 1120 3668 1178 εἶναι

2072 1232 2241 1302 αὐτῆς
2268 1230 2459 1292 κακὸν,
2493 1230 2586 1282 xui.
2614 1226 2777 1279 πόθεν
2811 1227 2949 1295 αὐτῇ
2988 1223 3051 1276 τὸ
3082 1218 3255 1285 εἷναι;
3295 1219 3328 1290 ἦ
3353 1221 3420 1271 ἐκ
3442 1217 3547 1288 τῆς
3575 1215 3671 1286 δη-

2075 1322 2399 1394 μιουργικῆς
2427 1320 2534 1374 τῶν
2562 1319 2697 1373 ὅλων
2730 1318 2901 1372 ὄντων
2930 1314 3141 1384 ἀγαθῆς
3174 1312 3349 1374 αἰτίας
3376 1327 3391 1375 ;
3431 1307 3579 1359 Ἀλλ’
3610 1310 3659 1359 εξ

2072 1416 2141 1467 ἐκ
2172 1413 2398 1484 ταύτης,
2420 1412 2537 1476 πῶς
2560 1413 2685 1464 κατ’
2710 1410 2895 1463 οὐσίαν
2915 1406 3117 1471 κακόν;
3150 1403 3331 1473 ἀγαθά
3352 1402 3463 1472 γὰρ
3487 1400 3669 1453 πάντα

2069 1503 2273 1574 ταύτης
2308 1502 2526 1571 ἔκγονα.
2567 1501 2630 1554 El
2682 1499 2739 1553 δὲ
2784 1501 2902 1561 ταῖς
2948 1495 3291 1567 ἐνεργείαις,
3335 1492 3461 1545 οὐδὲ
3510 1488 3671 1543 τοῦτο

2070 1598 2461 1669 ἀμετάϐλητον⁸
2487 1598 2535 1649 εί
2556 1596 2613 1649 δέ
2634 1594 2728 1666 μὴ,
2746 1594 2910 1646 πόθεν
2937 1595 2991 1647 αἱ
3012 1591 3224 1663 ἀρεταὶ,
3248 1589 3323 1659 μὴ
3343 1587 3439 1640 xui.
3467 1584 3672 1653 ἀγαθο-

2071 1690 2250 1754 ειδοῦς
2295 1689 2465 1759 αὐτῆς
2524 1687 2853 1758 γινομένης;
2898 1684 3160 1738 Λείπεται
3197 1681 3304 1751 ἀρα
3332 1718 3347 1742 ,
3398 1678 3460 1730 τὸ
3500 1673 3672 1729 κακὸν

385 1801 504 1851 nes,
537 1801 712 1855 neque
742 1786 845 1840 hoc
870 1796 956 1841 est
982 1786 1324 1841 immutabile
1352 1805 1363 1849 ;
1398 1786 1641 1855 alioquin
1673 1786 1817 1839 unde
1851 1785 1962 1837 vir-

2080 1784 2318 1837 ὶσθένεια
2351 1785 2447 1835 xui.
2481 1780 2721 1849 ἔλλειψις
2749 1776 2844 1831 τοῦ
2874 1773 3078 1845 ἀγαθοῦ
3114 1768 3268 1826 εἶναι.

383 1886 528 1931 tutes
557 1878 658 1942 illi,
684 1878 786 1933 nisi
817 1879 1141 1934 bouiformis
1174 1879 1319 1935 facta
1338 1878 1453 1936 sit?
1482 1879 1769 1948 Reliquum
1817 1888 1903 1934 est
1937 1879 2127 1949 igitur,
2168 1877 2369 1933 malum
2414 1889 2539 1931 esse
2577 1872 2905 1929 debilitatem
2953 1866 3244 1939 quamdam
3278 1860 3675 1917 defectione"?

382 1984 493 2040 que
523 1985 553 2023 a
577 1970 743 2025 bono.

1866 2082 1894 2156 ς
1944 2076 2186 2139 XXXI.

457 2271 733 2327 Bonorum
809 2286 977 2329 causa
1044 2286 1149 2325 una
1210 2279 1314 2326 est.
1389 2270 1448 2328 Si
1536 2271 1680 2325 bono
1760 2268 1962 2323 malum

381 2376 468 2421 est
516 2366 897 2431 contrarium,
952 2365 1221 2420 malorum
1279 2380 1461 2422 causre
1524 2364 1709 2419 multae
1787 2373 1961 2430 sunt;

384 2472 495 2511 non
543 2466 724 2513 tamen
756 2456 1053 2513 efficientes
1118 2469 1246 2514 sunt
1284 2459 1551 2514 malorum
1606 2459 1848 2513 rationes
1900 2472 1966 2511 ac

385 2548 696 2611 facultates,
741 2551 836 2604 sed
864 2549 1207 2620 impotentia,
1235 2560 1289 2605 et
1320 2552 1629 2617 infirmitas,
1680 2561 1736 2606 et
1769 2552 1964 2606 incon-

384 2656 518 2710 grua
541 2641 786 2710 quaedam
806 2644 1088 2711 permistio
1112 2659 1292 2698 rerum
1312 2644 1680 2699 dissimilium.
1706 2643 1844 2699 Mala
1865 2661 1966 2701 nec

388 2731 685 2787 lmmobilia
762 2743 924 2801 sunt,
971 2751 1151 2806 neque
1202 2754 1420 2810 semper
1449 2738 1640 2792 eodem
1704 2739 1864 2793 modo
1908 2754 1968 2794 se

388 2826 610 2891 habent,
630 2828 725 2883 sed
762 2829 968 2885 infinita
1001 2842 1056 2885 et
1095 2833 1538 2899 indetertninata,
1567 2835 1620 2889 in
1652 2836 1775 2890 aliis
1805 2845 1971 2905 atque

387 2919 530 2987 aliis,
561 2919 737 2989 iisque
766 2923 1022 2987 infinitis,
1048 2926 1413 2983 diversimode
1444 2940 1735 2996 vagantur.
1798 2928 1971 2983 Malo-

388 3027 508 3065 rum
539 3013 703 3068 etiam
742 3016 984 3070 omnium
1034 3020 1365 3090 principium
1417 3030 1583 3090 atque
1618 3022 1740 3077 linis
1770 3023 1971 3076 bonum

386 3117 510 3176 est;
539 3106 664 3162 boni
683 3109 826 3162 enim
855 3124 1019 3162 causa
1048 3119 1177 3163 sunt
1204 3111 1410 3176 omnia,
1436 3120 1493 3165 et
1526 3126 1648 3180 qua:
1673 3112 1813 3165 bona
1845 3120 1972 3166 sunt

2142 2259 2263 2313 Τῶν
2302 2256 2522 2327 ἀγαθῶν
2560 2255 2621 2309 τὸ
2662 2254 2833 2309 αῐτιον
2863 2254 2942 2308 ἐν.
2973 2254 3035 2307 El
3081 2252 3159 2323 τῷ
3182 2252 3375 2323 ἀγαθῷ
3410 2252 3472 2305 τὺ
3504 2254 3675 2307 κακὸν

2066 2352 2345 2414 ἐναντίον,
2401 2348 2494 2403 τοῦ
2538 2347 2709 2403 κακοῦ
2748 2347 2817 2400 τὰ
2860 2348 3008 2401 αἴτια
3062 2346 3274 2399 πολλά·
3323 2346 3386 2397 οὐ
3440 2346 3554 2417 μὴν
3606 2347 3676 2399 τὰ

2068 2446 2325 2516 ποιητικὰ
2346 2432 2453 2495 τῶν
2487 2442 2693 2505 κακῶν,
2734 2441 2885 2509 λόγοι
2928 2440 3021 2492 xui.
3058 2440 3338 2509 δυνάμεις,
3391 2439 3512 2499 ἀλλ’
3546 2440 3675 2493 ἀδυ-

2069 2539 2260 2610 ναμία,
2308 2537 2399 2590 xui.
2427 2534 2699 2599 ἀσθένεια,
2730 2537 2823 2588 καὶ
2867 2534 3010 2604 μίξις
3046 2532 3153 2585 τῶν
3183 2533 3454 2603 ἀνομοίων
3495 2532 3679 2603 ἀσύμ-

2077 2648 2291 2702 μετρος.
2325 2628 2461 2683 Ούτε
2489 2629 2721 2699 ἀκίνητα
2746 2628 2839 2681 xui.
2864 2627 2949 2679 usi.
2976 2625 3233 2687 ὡσαύτως
3252 2624 3444 2695 ἔχοντα
3468 2624 3543 2676 τὰ
3580 2642 3679 2677 κα-

2077 2726 2173 2786 κά,
2201 2724 2315 2778 ἀλλ’
2338 2723 2560 2794 ἄπειρα,
2580 2722 2674 2775 καὶ
2697 2722 2944 2792 ἀόριστα,
2966 2720 3060 2773 καὶ
3084 2721 3141 2771 ἐν
3158 2717 3337 2779 ἄλλοις
3363 2718 3675 2788 φερόμενα,

2079 2818 2172 2871 xui.
2201 2815 2410 2878 τούτοις
2435 2815 2701 2885 ἀπείροις.
2750 2814 2974 2865 Πάντων
3013 2812 3107 2863 καὶ
3146 2809 3255 2862 τῶν
3293 2808 3483 2861 κακῶν
3532 2810 3681 2879 ἁρχὴ

2079 2910 2175 2963 xui.
2203 2908 2352 2971 τέλος
2388 2906 2539 2959 ἔσται
2573 2907 2635 2959 τὸ
2676 2904 2913 2973 ἀγαθόν·
2954 2903 3047 2956 τοῦ
3097 2902 3207 2974 γάρ
3254 2899 3463 2969 ἀγαθοῦ
3510 2899 3683 2952 ἕνεκα

2085 3002 2261 3054 πάντα
2284 3000 2378 3052 xui.
2399 3002 2498 3052 ὅσα
2521 2997 2723 3066 ἁγαθά,
2760 2998 2853 3049 xui.
2886 2996 2987 3047 ὅσα
3017 2993 3232 3046 ἐναντία
3253 3011 3266 3023 ·
3301 2993 3395 3045 xui.
3429 2991 3546 3062 γὰρ
3589 2990 3683 3042 xui.

2072 3093 2242 3146 ταῦτα
2275 3094 2583 3164 πράττομεν
2623 3090 2684 3141 τὸ
2726 3087 2931 3157 ἀγαθὸν
2963 3086 3277 3149 ποθοῦντες·
3327 3084 3532 3154 (οὐδεὶς
3573 3083 3683 3153 γὰρ

385 3210 579 3269 etqua:
614 3200 752 3253 mala
782 3216 795 3264 ;
838 3201 1039 3270 quippe
1064 3217 1186 3255 cum
1220 3201 1333 3256 haec
1356 3176 1571 3272 quoque
1602 3203 1730 3257 boni
1757 3203 1969 3258 deside-

2080 3187 2157 3248 εἰς
2179 3185 2221 3214 ³ο
2242 3184 2304 3236 τὸ
2354 3183 2521 3236 κακὸν
2575 3180 2899 3234 ἀποϐλέπων
2948 3177 3157 3232 ποιεῖᾶ
3200 3176 3397 3244 ποιεῖ’)
3426 3176 3511 3227 διὸ
3558 3176 3683 3228 οὗτε

390 3291 473 3343 rio
495 3307 723 3361 agamus
753 3294 937 3364 (nemo
997 3294 1143 3347 enim
1177 3294 1456 3363 pmposito
1488 3295 1591 3349 sibi
1644 3296 1787 3351 malo
1838 3296 1972 3351 facit

387 3400 509 3452 qua:
540 3385 703 3455 facit)
725 3396 1087 3456 :quapmpter
1110 3402 1285 3455 neque
1317 3388 1620 3443 substantia
1654 3391 1857 3445 malum
1890 3392 1974 3445 ni—

390 3477 543 3540 titur,
581 3477 675 3531 sed
710 3478 1027 3533 substantia:
1058 3479 1356 3535 simulacro
1380 3521 1394 3546 ,
1436 3482 1563 3538 dum
1594 3485 1723 3539 boni
1781 3495 1837 3539 et
1865 3500 1971 3539 non

388 3566 475 3625 sui
500 3567 671 3639 ipsius
712 3570 886 3640 gratia
919 3572 1151 3641 geritur.

2083 3277 2381 3329 ὑπόστασιν
2403 3275 2513 3345 ἔχει
2542 3273 2603 3326 τὸ
2632 3273 2801 3325 κακὸν
2822 3311 2837 3334 ,
2867 3270 3003 3324 ἀλλά
3030 3270 3443 3341 παρυπόστασιν
3482 3269 3558 3330 ³¹,
3587 3267 3684 3321 τοῦ

2083 3366 2288 3436 ἀγαθοῦ
2320 3365 2483 3420 ἕνεκα
2512 3366 2604 3419 xui.
2632 3364 2733 3436 οὐχ
2768 3361 2960 3417 ἐαυτοῦ
3008 3362 3314 3433 γινόμενον.

1865 3697 1893 3769 §
1935 3695 2207 3759 XXXII.

462 3868 605 3924 Malo
653 3878 827 3925 status
877 3872 1199 3927 tribuendus
1265 3882 1351 3929 est
1409 3889 1504 3945 per
1564 3876 1859 3942 accidens,
1924 3890 1979 3934 et

2155 3882 2243 3954 Τῷ
2278 3883 2432 3954 κακῷ
2447 3884 2507 3936 τὸ
2540 3879 2679 3937 εἶναι
2710 3883 2891 3936 θετέον
2923 3880 3063 3935 κατὰ
3097 3880 3465 3951 πμὸεὸηκὸς,
3491 3882 3591 3933 καὶ
3618 3881 3686 3933 δι’

392 3974 613 4033 propter
672 3964 839 4028 aliud,
890 3976 946 4019 et
996 3983 1100 4019 non
1161 3982 1229 4021 ex
1289 3969 1512 4038 proprio
1572 3970 1879 4039 principio;
1921 3982 1969 4027 ul

2080 3976 2226 4037 ἄλλο,
2256 3977 2350 4028 xui.
2380 3978 2481 4028 οὑκ
2509 3977 2566 4042 ἐξ
2594 3976 2768 4046 ἀρχῆς
2789 3976 2999 4037 οἰκείας
3020 3992 3033 4003 ·
3062 3973 3201 4026 ὥστε
3236 3972 3297 4025 τὸ
3326 3972 3682 4043 γιγνόμενον,

391 4058 536 4123 quod
603 4054 735 4108 dum
805 4056 900 4121 lit,
957 4067 1165 4113 rectum
1236 4062 1459 4130 quidem
1528 4077 1650 4117 esse
1702 4063 1973 4133 videatur,

391 4148 517 4215 quia
543 4147 705 4218 373
734 4148 862 4202 boni
920 4151 1096 4218 gratia
1146 4151 1234 4213 fit,
1270 4167 1462 4205 revera
1513 4163 1694 4207 autem
1760 4166 1971 4210 rectum

396 4255 499 4293 non
525 4240 630 4305 sit,
687 4240 1131 4310 quandoquidem
1170 4244 1219 4296 id
1252 4244 1451 4297 bonum
1485 4245 1794 4314 opinemur,
1830 4248 1971 4315 quod

392 4334 591 4389 bonum
616 4349 721 4389 non
748 4344 851 4389 est.
882 4336 1173 4391 Ostensuut
1197 4345 1281 4392 est
1305 4337 1451 4391 aliud
1474 4353 1596 4393 esse
1622 4344 1766 4407 quod
1796 4354 1967 4406 expc--

2078 4069 2237 4141 ὀρθὸν
2258 4070 2355 4140 μὲν
2373 4065 2510 4123 εἶναι
2531 4070 2727 4131 δοκεῖν,
2750 4070 2831 4121 ὅτι
2850 4068 2943 4121 τοῦ
2968 4066 3174 4137 ἀγαθοῦ
3190 4065 3351 4118 ’ἑνεκα
3364 4066 3688 4136 γίνεται,τῴ

2076 4163 2186 4214 ὄντι
2215 4163 2272 4215 δὲ
2298 4163 2397 4214 οὐκ
2428 4162 2585 4232 ὀρθὸν
2607 4158 2766 4224 εἶναι,
2789 4161 2923 4214 διότι
2938 4160 2999 4212 τὸ
3022 4159 3094 4229 μὴ
3108 4158 3308 4226 ἀγαθὸν
3329 4158 3542 4226 ἀγαθὸν
3572 4158 3689 4211 οἱὸ-

2082 4250 2239 4321 μεθα.
2278 4250 2553 4303 Δέδεικται
2577 4250 2705 4302 ἀλλο
2719 4250 2779 4301 τὸ
2799 4249 3008 4317 ἐφετὸν,
3030 4250 3124 4302 xui.
3138 4247 3264 4301 ἄλλο
3286 4248 3345 4302 τὸ
3365 4248 3682 4318 γινόμενον.

2081 4342 2290 4395 Οὐκοῦν
2316 4343 2375 4394 τὸ
2397 4342 2565 4395 κακὸν
2590 4341 2736 4412 ποιρά
2765 4342 2865 4413 τὴν
2882 4341 3020 4404 ὁδὸν,
3050 4342 3142 4394 xui.
3162 4340 3313 4410 παρά
3332 4341 3425 4393 τὸν
3450 4342 3683 4403 uxor-iw,

396 4429 546 4491 titur,
568 4436 624 4482 et
648 4427 794 4482 aliud
820 4430 964 4498 quod
992 4431 1195 4499 agitur.
1259 4430 1463 4484 Malum
1505 4432 1693 4500 itaque
1725 4431 1968 4485 deﬂectit

2080 4438 2171 4490 καὶ
2191 4436 2341 4506 παρὰ
2356 4435 2451 4506 τὴν
2468 4436 2650 4504 φύσιν,
2672 4438 2765 4488 καὶ
2786 4436 2934 4505 παρά
2956 4435 3053 4505 τὴν
3075 4435 3270 4497 αἰτίαν,
3292 4435 3385 4487 xui.
3405 4434 3563 4503 παρὰ
3586 4435 3686 4503 τὴν

392 4535 424 4572 a
458 4520 545 4574 via
576 4530 769 4591 printer
802 4521 1181 4585 intentionem,
1207 4532 1409 4591 praeter
1433 4531 1709 4587 naturam,
1770 4533 1971 4591 praeter

393 4628 635 4675 causam,
683 4623 881 4683 praeter
931 4616 1279 4685 principium,
1322 4626 1522 4685 praeter
1574 4617 1767 4680 finem,
1813 4626 1971 4672 extra

394 4707 714 4773 terminum,
749 4718 905 4763 extra
960 4710 1323 4772 voluntatem,
1384 4720 1542 4765 extra
1586 4710 1967 4765 substantiam.

396 4798 591 4856 Malum
624 4815 755 4870 ergo
777 4801 1011 4869 privatio
1036 4812 1140 4866 est,
1168 4813 1225 4857 et
1256 4802 1525 4867 defectus,
1574 4811 1628 4857 et
1656 4802 1970 4866 infirmitas,

393 4900 449 4944 et
470 4890 892 4957 inconcinnitas,
928 4904 982 4949 et
1033 4911 1211 4962 error,
1236 4906 1293 4951 et
1319 4896 1606 4951 frustratio
1636 4894 1810 4964 scopi,
1846 4893 1971 4965 pul-

393 4982 740 5048 chritudinis,
769 4987 915 5050 vitae,
945 4988 1275 5055 intellectus,
1306 4991 1563 5056 rationis,
1591 4990 1971 5066 perfectionis,

396 5072 757 5141 fundamenti,
814 5094 1036 5144 causae;
1087 5091 1175 5135 est
1229 5082 1686 5147 inlerminatum,
1743 5082 1975 5145 sterile,

396 5166 563 5228 iners,
597 5166 952 5235 imbecillum,
1013 5172 1326 5238 confusum,
1350 5173 1642 5237 dissimile,
1674 5173 1973 5237 infinitum,

396 5260 772 5327 tenebrosum,
812 5271 955 5317 statu
980 5274 1152 5331 caret,
1184 5266 1472 5336 ipsumque
1502 5267 1651 5322 nullo
1686 5275 1974 5337 pacto,.ac

396 5366 696 5421 nusquam,
728 5365 784 5410 et
823 5356 956 5411 nihil
1004 5360 1240 5414 exsistit.
1274 5361 1557 5427 Quomodo
1595 5376 1728 5434 ergo
1760 5362 1960 5416 malum

2078 4529 2271 4601 ἀρχὴν,
2291 4529 2385 4581 xui.
2410 4528 2558 4598 παρά
2571 4527 2632 4579 τὸ
2650 4528 2821 4590 τέλος,
2842 4528 2935 4579 xui.
2958 4527 3107 4597 παρὰ
3132 4525 3222 4579 τὸν
3244 4527 3391 4597 ὅρον,
3408 4529 3506 4580 xui.
3528 4526 3683 4597 rupi

2074 4620 2173 4691 τὴν
2197 4621 2468 4690 βούλησιν,
2499 4622 2590 4673 καὶ
2630 4619 2779 4691 παρά
2800 4618 2897 4689 τὴν
2933 4618 3250 4672 ὑπόστασιν.
3273 4618 3544 4689 Στέρησις
3576 4619 3684 4688 ἄρα

2079 4714 2197 4765 ἐστὶ
2219 4714 2280 4765 τὸ
2307 4713 2492 4775 κακὸν,
2509 4712 2603 4764 xui.
2626 4710 2878 4780 ἔλλειψις,
2905 4711 2997 4763 xui.
3014 4709 3287 4769 ἀσθένεια,
3306 4710 3402 4762 xui.
3428 4710 3684 4779 ἀσυμμε-

2076 4805 2225 4877 τρία,
2239 4807 2332 4859 xui.
2347 4805 2613 4876 ἁμαρτία,
2638 4804 2731 4856 καὶ
2746 4804 3006 4863 ἄσκοπον,
3024 4805 3117 4857 καὶ
3137 4802 3391 4865 ἀκαλλὲς,
3417 4804 3518 4855 καὶ
3536 4801 3683 4864 ἄζω-

2078 4916 2138 4952 ον
2169 4900 2237 4963 ³¹,
2264 4899 2358 4950 καὶ
2375 4898 2559 4961 ἄνουν,
2574 4897 2669 4950 xui
2696 4896 2907 4963 ἄλογον,
2923 4896 3015 4947 xui.
3034 4894 3241 4957 ἀτελὲς,
3261 4895 3353 4947 καὶ
3370 4892 3679 4963 ἀνίδρυτον,

2080 4993 2174 5045 xui.
2194 4991 2450 5053 ἀναίτιον,
2474 4991 2567 5043 xui.
2595 4990 2865 5061 ἀόριστον,
2899 4989 2991 5040 καὶ
3014 4986 3224 5053 ἄγονον,
3253 4986 3349 5037 xui.
3367 4985 3543 5053 ἀργὸν
3578 4984 3676 5037 xui.

2078 5082 2326 5153 ἀδρανὲς,
2359 5082 2451 5134 xui.
2476 5081 2728 5145 ἄτακτον,
2759 5080 2852 5132 καὶ
2878 5079 3146 5148 ἀνόμοιον,
3178 5079 3272 5130 xui.
3314 5077 3567 5146 ἄπειρον,
3589 5076 3682 5128 καὶ

2083 5172 2374 5235 σκοτεινὸν,
2394 5172 2487 5223 καὶ
2516 5170 2762 5223 ἀνούσιον
2781 5208 2795 5232 ,
2827 5170 2921 5222 xui.
2956 5170 3088 5221 αὐτὸ
3126 5166 3389 5239 μηδαμῶς
3449 5166 3678 5237 μηδαμῆ

2086 5266 2250 5337 μηδὲν
2279 5265 2356 5317 ὃν.
2403 5264 2527 5327 Πῶς
2550 5264 2686 5328 ὅλως
2715 5264 2935 5317 δύναταί
2975 5281 3024 5315 τι
3053 5262 3113 5313 τὸ
3152 5261 3321 5315 κακὸν
3357 5262 3427 5331 τῇ
3453 5260 3594 5328 πρὸς
3618 5258 3679 5309 τὸ

2072 5358 2276 5426 ἀγαθὸν
2314 5356 2456 5427 μίξει
2480 5355 2523 5387 ³³
2549 5373 2562 5422 ;
2592 5356 2654 5409 τὸ
2682 5356 2791 5425 γὰρ
2818 5356 2991 5424 πάντη
3035 5352 3129 5405 τοῦ
3185 5351 3391 5421 ἀγαθοῦ
3443 5350 3678 5421 ἄμοιρον

1700 5537 1936 5591 VARle
1988 5534 2391 5592 LECTIONES.

472 5654 514 5727 :9
542 5655 659 5707 οὐδὲ
686 5655 926 5727 ἄτεχνος,
963 5654 1032 5712 Μ.
1108 5657 1149 5688 ³⁰
1170 5657 1246 5720 εἰς
1276 5671 1380 5712 non
1414 5665 1495 5711 est
1527 5656 1579 5710 in
1609 5655 1675 5709 Μ.
1748 5656 1785 5687 ³’
1820 5656 2028 5711 duobus
2073 5653 2251 5710 verbis
2284 5652 2399 5723 lege
2430 5651 2555 5721 παρ’
2588 5651 2901 5714 ὑπόστασιν,
2937 5650 3009 5704 Μ.
3088 5650 3129 5683 ³²
3155 5646 3319 5712 ἀζῶν,
3356 5646 3415 5700 Ρ.

403 5718 565 5778 Otia.

3497 5644 3540 5677 3³
3573 5660 3673 5715 με,
