3866 6234
299 682 437 737 ριον,
467 658 583 720 πῶς
614 646 896 722 δυνήσεταί
936 661 988 694 τι
1016 641 1077 692 τὸ
1116 634 1355 689 ἐναντίον
1395 624 1638 696 τάγαθῷ,
1682 622 1743 674 τὸ
1775 621 1864 672 οὐ-

1064 732 1074 737 -
1116 730 1136 737 ,
1222 728 1233 737 ,
1510 719 1526 737 ι
1588 713 1864 737 Lum!“

298 713 490 813 ³⁸
511 713 602 799 κᾴι
632 713 954 813 βουλήσεως,
991 732 1087 786 καὶ⁴
1114 728 1413 795 δυνάμεως,
1441 719 1534 773 καὶ⁹
1585 713 1864 785 ἐνεργείας

296 839 693 914 ἐστερημένονς
722 833 793 886 Οὐ
829 830 1003 882 πάντα
1039 824 1172 875 πᾶσι
1203 821 1247 851 ³⁸
1278 818 1371 870 καὶ
1406 813 1580 880 πάντη
1616 807 1685 860 τὰ
1726 802 1865 859 αὐτὰ

1336 909 1347 914 -
1413 907 1454 914 -η
1534 903 1548 914 -
1716 897 1726 914 ι
1784 896 1864 914 κη

298 896 443 989 κατά
553 896 738 981 αὑτὸν³⁷
771 921 936 976 κακά.
973 917 1195 985 Δαίμονι
1225 909 1392 963 κακὸν
1413 907 1477 987 ³⁸,
1500 903 1561 955 τὸ
1591 897 1741 970 παρά
1773 896 1865 947 τὸν

299 984 590 1096 ἀγαθοειδῆ
620 1016 742 1071 νοῦν
769 1011 937 1068 εἶναι’
962 1010 1132 1087 ψυχῇ,
1164 1005 1230 1058 τὸ
1250 1000 1401 1073 παρά
1428 984 1605 1063 λόγον’
1634 990 1864 1061 σώματι,

297 1120 365 1172 τὸ
396 1115 545 1187 παρά
598 1111 778 1181 φύσιν.

1378 331 1466 386 DE
1497 321 1748 383 DIVINIS
1778 310 2171 375 NOMINIBUS,
2205 305 2356 364 CAP.
2397 302 2485 356 IV.

3426 276 3532 328 754

1961 427 2181 483 omnino
2213 418 2383 490 possit
2407 410 2609 481 aliquid
2637 402 2989 477 permistione
3014 394 3181 451 boni?
3208 392 3351 462 quod
3383 393 3528 445 enim

1972 519 2097 576 boni
2125 527 2348 587 prorsus
2382 518 2579 577 expers
2610 508 2718 564 est,
2748 509 2925 564 neque
2949 499 3035 547 est
3064 488 3385 558 quidquam,
3434 500 3532 536 ne-

1969 623 2075 679 que
2100 574 2394 675 quidquam
2427 574 2624 667 potest.
2654 589 2864 644 Etenim
2890 588 2934 641 si
2966 586 3163 638 bonum
3195 586 3279 634 est
3306 578 3358 632 id
3391 574 3533 644 quod

1968 672 2073 763 est,
2115 672 2169 752 et
2199 690 2579 763 appetendum,
2602 693 2657 739 et
2703 681 2971 744 validum,
2997 685 3051 730 et
3074 672 3287 734 etBeax,
3312 682 3535 737 quomo-

1971 795 2040 848 do
2064 788 2359 860 quidquam
2413 780 2585 851 possit
2614 776 2668 831 id
2697 772 2840 843 quod
2867 772 3009 825 bono
3047 764 3384 821 contrarium
3427 770 3537 825 est,

1969 851 2098 939 cum
2122 888 2177 933 et
2214 851 2463 931 essentia
2489 877 2696 931 careat,
2738 874 2794 921 et
2834 864 3133 922 voluntate,
3187 864 3244 911 et
3268 851 3534 923 potentia,

1971 985 2027 1027 et
2073 966 2332 1026 actione?
2367 962 2480 1017 Non
2513 957 2766 1014 omnibus
2794 953 2977 1009 omnia
3008 962 3064 1003 et
3092 945 3321 1004 omnino
3345 940 3536 995 eadem

1973 1061 2269 1120 secundum
2299 1057 2440 1112 idem
2478 1052 2618 1108 mala
2675 1057 2821 1106 sunt.
2876 1041 3118 1099 υκαιοηί
3179 1037 3379 1092 malum
3434 1040 3538 1095 est,

1976 1156 2121 1227 quod
2152 1170 2181 1207 a
2211 1152 2352 1207 bona
2375 1155 2556 1201 mente
2598 1139 2881 1199 deﬂexerit
2908 1154 2924 1203 ;
2964 1134 3172 1197 animo,
3217 1127 3365 1199 quod
3394 1142 3424 1181 a
3453 1141 3542 1180 ra-

1981 1244 2169 1306 tione;
2223 1235 2466 1306 corpori,
2496 1231 2636 1301 quod
2663 1246 2693 1283 a
2735 1236 2948 1283 natura.

1730 1397 2095 1479 §xxxm.

380 1603 505 1666 Πῶς
536 1600 671 1660 ὅλως
708 1593 778 1647 τὰ
802 1588 949 1645 κακά
988 1582 1251 1657 Προνοίας
1289 1577 1489 1647 οὔσηςς
1534 1570 1648 1627 Οὐκ
1673 1568 1789 1621 ἔστι
1817 1564 1878 1617 τὸ

309 1696 499 1756 κακὸν,
585 1686 772 1748 κακὸν,
797 1681 918 1736 οὔτε
943 1679 1024 1741 ὃν,
1052 1675 1175 1729 οῦτε
1201 1673 1257 1724 ἐν
1282 1671 1394 1731 τοῖς
1423 1662 1560 1719 οὖσι.
1594 1661 1704 1714 Καὶ
1728 1657 1878 1710 οὐδὲν

310 1787 421 1838 τῶν
446 1756 612 1835 ὄντων
645 1776 791 1828 ἐστὶν
817 1768 1151 1840 ἀπρονόητον
1169 1780 1182 1792 ·
1214 1760 1333 1814 οὐδὲ
1357 1758 1465 1827 γάρ
1491 1756 1605 1805 ἐστι

310 1836 607 1946 ῦν,ἀμιγές
628 1867 868 1938 ὑπάρχον
891 1836 985 1913 τοῦ
1012 1852 1236 1925 ἀγαθοῦ.
1260 1851 1368 1904 Καὶ
1392 1850 1439 1900 εἰ
1472 1844 1633 1917 μηδὲν
1658 1840 1763 1892 τῶν
1788 1836 1877 1887 όν-

309 1926 709 2034 των-ἀμέτοχον
745 1926 847 2007 ’τὲῡ
893 1948 1097 2019 ἀγαθοῦ
1118 1987 1132 2010 ,
1163 1943 1330 1998 κακὸν
1353 1940 1409 1993 δὲ
1447 1941 1480 2008 ἠ
1520 1931 1750 2001 ἔλλειψις
1781 1926 1875 1979 τοῦ

312 2018 559 2125 ἀγαθοῦ,
592 2018 742 2104 οῦδὲν
767 2047 825 2101 δὲ
862 2018 971 2097 τῶν
1006 2041 1171 2093 όντων
1201 2033 1487 2103 ἐπέρηται
1528 2025 1754 2080 καθόλου
1785 2018 1879 2073 τοῦ

313 2110 623 2218 ἀγαθοῦίέν
651 2142 781 2193 πᾶσι
803 2139 913 2198 τοῖς
940 2129 1088 2185 οὖσιν
1116 2130 1151 2198 ἡ
1176 2125 1294 2178 θεία
1316 2120 1578 2192 Πρόνοια,
1610 2114 1706 2166 καὶ
1731 2110 1881 2165 οὐδὲν

312 2208 425 2294 των
448 2208 613 2291 ὄντων
640 2228 973 2302 ἀπρονόητον
992 2240 1005 2255 ο
1048 2218 1183 2274 ἀλλά
1203 2214 1428 2275 καὶτοῖς
1454 2208 1757 2280 γινομένοις
1793 2219 1885 2255 κα-

316 2333 435 2394 κὸῖς
460 2294 911 2394 ἀγαθοπρεπῶςνή
937 2313 1164 2385 Πρόνοια
1190 2307 1450 2377 κέχρηται
1470 2342 1483 2365 ,
1508 2300 1644 2371 πρὸς
1670 2297 1767 2365 τὴν
1790 2294 1885 2347 αὐ-

317 2388 431 2473 στῶᾷ
451 2459 465 2483 ,
492 2388 525 2488 ἡ
555 2388 755 2475 ἄλλων,
781 2409 814 2479 ἦ
847 2404 1019 2477 ίδικὴν
1039 2406 1072 2477 ἢ
1103 2403 1147 2435 εν
1170 2400 1351 2468 κοινὴν
1371 2394 1657 2463 ὠφέλειαν,
1680 2389 1774 2443 και
1801 2388 1882 2438 οἱ-

319 2479 483 2572 κείως
514 2479 762 2559 ’ἑκάστου
814 2500 924 2552 τῶν
980 2496 1147 2548 ὄντων
1210 2490 1444 2561 προνοεῖ.
1494 2484 1585 2538 Διὸ
1645 2482 1738 2535 καὶ
1795 2479 1885 2531 τὸν

319 2571 524 2655 εἰκαῖον
539 2599 583 2630 ⁸ο
607 2597 716 2649 τῶν
742 2590 948 2647 πολλῶν
975 2589 1073 2642 οὐκ
1095 2581 1465 2651 ἀποδεξόμεθα
1486 2578 1661 2645 λόγον,
1682 2574 1731 2626 οἳ
1756 2571 1888 2642 χρῆ-

319 2690 410 2745 ναί
429 2704 558 2758 φασι
580 2686 679 2755 τὴν
696 2683 955 2754 Πρόνοιαν
977 2677 1070 2730 καὶ
1096 2675 1323 2734 ἄκοντας
1348 2669 1493 2739 ἡμᾶς
1524 2665 1615 2717 ἐπὶ
1638 2662 1733 2733 τὴν
1756 2663 1886 2731 ἀρε-

320 2781 421 2850 τὴν
442 2751 717 2847 ἀγεινίτὸ
740 2751 848 2843 γὰρ
888 2769 1103 2839 φθεῖραι
1136 2764 1296 2833 φύσιν
1324 2762 1424 2813 οὐκ
1454 2758 1567 2810 ἐστι
1601 2751 1883 2825 Προνοίας.

325 2841 590 2931 ’ὀθενήὼς
616 2841 852 2937 Πρόνοια
874 2863 972 2932 τῆς
1000 2860 1228 2912 ἑκάστου
1258 2852 1470 2923 φύσεως
1500 2844 1757 2914 σωστικὴ,
1780 2841 1889 2894 τῶν

323 2960 689 3027 αὑτοκινήτων
722 2956 801 3018 ὡς
820 2951 1186 3019 αὑτοκινήτων
1214 2943 1464 3015 προνοεῖ,
1502 2940 1597 2993 καὶ
1619 2937 1729 2990 τῶν
1754 2934 1889 2988 ὅλων

324 3052 421 3103 καὶ
440 3048 547 3101 τῶν
568 3023 689 3099 καθ’
720 3045 946 3097 ἕκαστον
971 3037 1185 3100 οἰκείως
1200 3035 1244 3068 ⁴¹
1264 3034 1369 3107 ὅλῳ
1389 3033 1482 3084 καὶ
1502 3029 1735 3097 ἑκάστῳ,
1766 3023 1888 3078 καθ’

324 3141 450 3193 ὅσον
482 3141 516 3209 ἡ
546 3137 654 3190 τῶν
686 3130 1094 3206 προνοουμένων
1130 3126 1290 3197 φύσις
1333 3122 1634 3191 ἐπιδέχεται
1671 3117 1770 3180 τὰς
1794 3116 1893 3185 τῆς
1921 3140 1962 3196 c

325 3226 455 3295 ὅλης
487 3207 581 3278 καὶ
606 3222 946 3290 παντοδαπῆς
972 3217 1226 3288 προνοίας
1252 3211 1597 3283 ἐκδιδομένας
1620 3207 1893 3274 ἀναλόγως

326 3318 545 3387 ἑκάστῳ
576 3312 934 3387 πῳνοητικάς
957 3309 1314 3394 ἀγαθότητας.

2051 1553 2333 1625 Quomodo
2354 1557 2609 1608 exstante
2630 1542 2974 1601 Providentia
2995 1539 3132 1592 mala
3155 1532 3550 1593 suntomnino?

1982 1650 2204 1714 Malum,
2239 1659 2346 1715 qua
2374 1641 2599 1706 malum,
2626 1650 2801 1705 neque
2827 1648 2936 1696 res,
2962 1643 3134 1699 neque
3166 1630 3220 1683 in
3255 1627 3416 1682 rebus
3441 1635 3547 1683 est.

1628 1750 1688 1801 τὸ
1714 1745 1878 1800 κακὸν
1912 1772 1953 1825 Β
1982 1740 2139 1795 Nulla
2165 1739 2331 1793 etiam
2357 1748 2447 1789 res
2475 1728 2884 1786 Providentiam
2923 1722 3147 1794 effugit;
3191 1734 3366 1788 neque
3403 1717 3549 1770 enim

1981 1843 2064 1889 est
2102 1830 2300 1885 malum
2333 1825 2474 1896 quod
2520 1838 2624 1878 non
2677 1821 2747 1876 sit
2788 1820 3080 1875 admistum
3121 1815 3282 1868 bono.
3310 1808 3464 1876 Quod
3503 1806 3550 1861 si

1986 1924 2129 1978 nulla
2161 1935 2248 1974 res
2277 1919 2350 1973 sit
2383 1928 2584 1984 expers
2608 1910 2760 1986 boni,
2785 1908 2983 1963 malum
3003 1914 3183 1959 autem
3208 1903 3281 1958 sit
3307 1899 3552 1956 defectus

1983 2014 2134 2078 boni,
2169 2026 2294 2066 cum
2334 2008 2481 2063 nulla
2522 2022 2611 2061 res
2641 2004 2866 2059 omnino
2911 1998 3120 2069 privata
3164 1997 3238 2049 sit
3281 1992 3460 2056 bono,
3496 1990 3550 2040 in

1986 2108 2147 2161 rebus
2178 2102 2433 2156 omnibus
2472 2099 2654 2153 divina
2681 2107 2899 2165 quoque
2923 2087 3268 2145 Providentia
3296 2092 3415 2147 est,
3454 2096 3553 2134 nec

1987 2211 2074 2251 res
2120 2193 2228 2248 ulla
2258 2190 2661 2246 Providentiam
2698 2186 2940 2239 divinam
2972 2179 3194 2248 eﬂugit;
3230 2175 3358 2245 quin
3389 2174 3553 2228 etiam

1987 2288 2057 2341 iis
2092 2285 2188 2353 qui
2230 2283 2355 2338 mali
2402 2286 2732 2340 evaserunt,
2789 2274 2855 2328 ad
2898 2273 3139 2341 ipsorum
3186 2276 3279 2321 aut
3323 2266 3554 2319 aliorum

1988 2379 2256 2447 privatam
2296 2374 2383 2430 vel
2437 2383 2782 2429 communem
2837 2365 3124 2418 utilitatem
3151 2400 3167 2426 ,
3208 2355 3555 2413 Providentia

1986 2446 2216 2535 benigne
2254 2468 2426 2521 utitur
2448 2505 2466 2529 ,
2497 2463 2826 2534 proprieque
2857 2455 3083 2526 singulis
3113 2453 3273 2506 rebus
3300 2446 3559 2504 consulit.

1988 2560 2357 2629 Quamobrem
2390 2569 2591 2610 vanum
2627 2563 2933 2607 sermonem
2966 2544 3321 2617 plurimorum
3350 2552 3558 2604 nequa—

1989 2668 2151 2724 quam
2194 2650 2580 2721 approbamus,
2630 2644 2722 2714 qui
2754 2642 2946 2706 aiunt,
2974 2638 3213 2693 divinam
3260 2630 3560 2686 Providen-

1991 2745 2119 2798 tiam
2148 2718 2248 2797 nos
2268 2718 2364 2795 vel
2400 2739 2605 2794 invitos
2633 2734 2699 2788 ad
2732 2733 2990 2785 virtutem
3020 2727 3221 2782 debere
3246 2718 3558 2789 impellere;

1991 2852 2115 2891 nam
2166 2850 2270 2888 non
2320 2843 2405 2886 est
2456 2823 2815 2883 Providentia:
2872 2832 3123 2875 naturam
3156 2814 3377 2868 violare.
3418 2808 3557 2876 Qua-

1992 2937 2217 2997 propter
2248 2933 2505 2992 tanquam
2562 2912 2910 2972 Providentia
2933 2952 2947 2977 ,
2986 2926 3105 2980 quae
3138 2916 3345 2961 natura:
3375 2901 3571 2969 cujus-v

1992 3033 2102 3089 que
2157 2991 2535 3070 conservatrix
2571 3009 2674 3071 sit,
2718 3006 2888 3059 libero
2924 3010 3070 3057 motu
3100 2997 3369 3066 praeditis,
3404 3002 3462 3046 ut
3499 2991 3565 3044 li-

1996 3111 2123 3163 bere
2156 3121 2215 3162 se
2245 3102 2610 3165 moventibus,
2638 3107 2693 3154 et
2720 3095 2990 3151 universis
3022 3107 3086 3144 ac
3119 3087 3370 3158 singulis,
3400 3083 3564 3137 modo

1999 3199 2230 3269 quodam
2258 3196 2517 3250 universo
2553 3205 2618 3244 ac
2671 3185 2893 3242 cuilibet
2926 3180 3147 3253 proprio
3178 3174 3467 3248 prospicit,
3511 3172 3565 3222 in

2001 3299 2264 3359 quantum
2298 3299 2511 3348 eorum,
2545 3280 2744 3351 quibus
2783 3276 3132 3347 providetur,
3183 3279 3377 3324 natura
3416 3263 3566 3332 capit

2003 3381 2268 3436 universa:
2310 3385 2474 3444 atque
2505 3370 2806 3439 omnigenaa
2868 3362 3220 3438 providentiae
3272 3354 3563 3417 beneﬁcia,

2004 3484 2124 3541 quae
2157 3470 2352 3537 cuique
2377 3479 2474 3535 pro
2503 3471 2669 3532 captu
2694 3475 2794 3515 suo
2826 3459 3045 3514 dantur.

1747 3630 1775 3702 §
1813 3627 2117 3690 XXXIV.

402 3799 517 3853 Οὐκ
550 3797 656 3869 ἄρα
680 3796 738 3849 ὃν
777 3796 836 3848 τὸ
870 3795 1067 3858 κακὸν,
1102 3792 1223 3846 οὐδὲ
1258 3793 1316 3843 ἐν
1340 3792 1451 3853 τοῖς
1478 3784 1594 3842 οὖσι
1620 3789 1681 3840 τὸ
1708 3786 1893 3840 κακόν.

332 3888 585 3961 Οὑδαμοῦ
611 3889 719 3960 γὰρ
744 3889 805 3940 τὸ
830 3889 1023 3951 κακὸν,
1118 3884 1312 3937 κακόν·
1346 3883 1439 3935 καὶ
1477 3882 1537 3933 τὸ
1572 3878 1815 3948 γίνεσθαι
1840 3877 1901 3929 τὸ

333 3982 507 4034 κακὸν
531 3981 590 4033 οὐ
616 3979 757 4032 κατὰ
780 3979 1005 4049 δύναμιν
1025 4017 1039 4041 ,
1066 3975 1202 4028 ἀλλὰ
1225 3974 1290 4027 δι’
1316 3974 1616 4027 ἀσθένειαν.
1646 3970 1753 4022 Καὶ
1787 3971 1900 4031 τοῖς

334 4073 607 4142 δαίμοσιν,
632 4071 659 4123 ὃ
686 4072 782 4140 μέν
812 4071 941 4131 είσι,
969 4069 1063 4121 καὶ
1088 4069 1153 4119 ἐκ
1172 4065 1432 4135 τάγαθοῦ,
1456 4065 1550 4117 καὶ
1573 4061 1771 4130 ἀγαθόν
1792 4077 1805 4089 ’
1838 4060 1900 4111 τὸ

332 4162 392 4215 δὲ
419 4163 583 4215 κακὸν
609 4162 789 4223 αὐτοῖς
817 4162 881 4212 ἐκ
906 4160 1004 4228 τῆς
1030 4158 1137 4211 τῶν
1163 4156 1377 4209 οἰκείων
1407 4152 1627 4223 ἀγαθῶν
1654 4148 1901 4204 ἀποπτὼ-

337 4270 503 4317 σεως,
544 4253 637 4306 καὶ
663 4252 943 4314 ἀλλοίωσις
981 4252 1014 4321 ὴ
1062 4250 1189 4319 περὶ
1214 4249 1313 4317 τὴν
1339 4246 1640 4315 ταύτότητα
1675 4243 1768 4295 καὶ
1798 4241 1897 4310 τὴν

336 4342 451 4408 ’ἐξιν
494 4341 743 4394 ἀσθένεια
784 4340 883 4408 τῆς
927 4335 1307 4409 προσηκούσης
1345 4336 1526 4395 αὐτοῖς
1570 4331 1902 4400 ἀγγελοπρε-

2073 3781 2237 3855 374
2263 3778 2380 3833 Non
2417 3778 2582 3847 igitur
2616 3773 2814 3829 malum
2844 3779 2928 3827 est
2958 3783 3048 3824 res
3072 3767 3275 3836 aliqua,
3308 3776 3483 3832 neque
3513 3762 3565 3817 in

2001 3879 2159 3931 rebus
2192 3873 2390 3928 malum
2421 3868 2656 3925 exsistit.
2687 3863 2969 3934 Nusquam
3019 3861 3164 3915 enim
3222 3858 3420 3911 malunt
3460 3863 3565 3917 est,

2006 3984 2110 4037 qua
2146 3966 2383 4031 malum;
2416 3978 2516 4017 nec
2552 3960 2695 4031 quod
2732 3957 2932 4010 malum
2972 3954 3053 4015 lit,
3090 3952 3193 4004 hoc
3217 3965 3245 4002 a
3300 3955 3569 4018 potestate

2006 4057 2391 4125 proﬁciscitur,
2453 4052 2548 4107 sed
2577 4052 2646 4105 ab
2690 4044 3083 4102 imbecillitate.
3111 4041 3189 4094 Ac
3212 4037 3567 4099 daemonibus,

2006 4152 2059 4205 id
2089 4150 2304 4218 quidem
2337 4146 2478 4216 quod
2512 4152 2675 4207 sunt,
2718 4149 2771 4192 et
2819 4153 2885 4191 ex
2916 4137 3055 4189 bono
3087 4141 3171 4185 est
3195 4170 3210 4196 ,
3247 4138 3303 4182 et
3330 4130 3529 4182 bonum
3552 4141 3575 4201 ;.

2007 4217 2229 4305 malum,
2255 4239 2398 4308 qttod
2427 4237 2532 4290 illis
2558 4250 2624 4288 ex
2652 4235 2803 4301 lapsu
2836 4245 2865 4283 a
2890 4226 3123 4298 propriis
3157 4223 3317 4277 bonis
3346 4217 3570 4280 accidit,

2008 4346 2091 4392 est
2119 4333 2356 4401 ejusdem
2386 4338 2561 4382 status
2618 4323 2945 4389 habitusque
2974 4316 3200 4371 mutatio
3219 4353 3235 4379 ,
3270 4322 3324 4365 et
3352 4325 3570 4364 accom-

339 4432 475 4496 ποῦς
495 4402 1228 4501 τελειότητοςΚαιέφίενται
1254 4402 1347 4480 τοῦ
1371 4424 1597 4494 ἀγαθοῦ,
1617 4420 1735 4475 καθ’
1761 4420 1789 4472 ὃ
1808 4418 1886 4471 τοί

2012 4429 2243 4483 ιιιοιιδιεθ
2274 4426 2353 4478 eis
2385 4420 2591 4490 angelis
2623 4419 2797 4485 dignae
2822 4408 3175 4482 perfectionis
3207 4402 3567 4459 imbecillitas.

338 4519 504 4586 εἶναι,
552 4523 643 4575 καὶ
687 4520 814 4592 ζῇν,
863 4522 957 4574 καὶ
996 4523 1137 4574 νοεῖν
1181 4520 1449 4588 ἐφίενταιο
1493 4516 1586 4568 καὶ
1625 4511 1759 4565 καθὸ
1802 4509 1902 4561 οὐκ

338 4615 579 4683 ἐφίενται
598 4615 643 4645 δ’
671 4613 764 4666 τοῦ
800 4612 1004 4681 ἀγαθοῦ
1025 4650 1039 4673 ,
1065 4610 1157 4664 τοῦ
1208 4611 1281 4681 μὴ
1308 4609 1457 4670 ὃντος
1495 4606 1762 4674 ἐφίενται·
1809 4600 1903 4652 καὶ

337 4707 440 4848 Ξὺκ
494 4705 607 4845 ἐεῖτι
660 4705 817 4759 τοῦτο
864 4704 1079 4771 ἔφεσις,
1122 4702 1257 4755 ἀλλά
1299 4702 1397 4771 τῆς
1453 4698 1621 4759 ὅντως
1667 4693 1904 4762 ἐφέσεως

383 4812 525 4848 nam
550 4812 603 4847 α.

382 4812 603 4866 μαρτια.

2008 4521 2280 4588 Expetunt
2324 4515 2486 4569 etiam
2545 4515 2739 4563 bonum
2766 4547 2779 4571 ,
2827 4506 2881 4558 in
2938 4510 3196 4570 quantum
3228 4506 3281 4550 et
3318 4510 3470 4557 esse,
3517 4502 3572 4546 ct

2010 4614 2211 4674 vivere,
2248 4618 2302 4662 et
2350 4605 2654 4670 intelligere
2703 4599 3047 4658 desiderant;
3101 4600 3153 4647 et
3205 4591 3257 4643 in
3307 4597 3571 4657 quantum

2010 4720 2115 4757 non
2143 4707 2403 4769 expetunt
2434 4698 2637 4749 bonum
2661 4735 2674 4759 ,
2728 4691 2781 4744 id
2813 4689 2956 4756 quod
2998 4700 3104 4737 non
3155 4690 3239 4735 est
3277 4686 3570 4746 expetunt;

2010 4794 2157 4861 atqui
2185 4767 2287 4844 non
2314 4800 2396 4843 est
2434 4788 2537 4841 hoc
2567 4783 2858 4853 appetitus,
2890 4778 2987 4832 sed
3029 4789 3169 4829 vera:
3217 4767 3572 4842 appetitionis

2011 4886 2259 4942 defectio.

1771 5054 1798 5125 §
1834 5047 2098 5110 XXXV.

424 5231 512 5286 Ἐν
546 5231 823 5300 γνώσειδέ
858 5233 1264 5304 ἁμαρτάνοντας
1298 5223 1547 5279 καλεῖτά
1576 5220 1745 5285 Λόγια
1784 5217 1909 5279 τοὺς

2087 5210 2142 5263 1n
2175 5203 2402 5261 scientia
2431 5215 2562 5253 vero
2612 5205 2899 5267 peccantes
2965 5191 3247 5258 Scriptura
3287 5194 3444 5238 vocat
3482 5199 3575 5238 cos

440 5273 509 5286 ..ν
558 5273 741 5300 μιν..--
767 5273 823 5287 υ-
858 5273 1262 5304 ...μαρηυνηη
1301 5273 1448 5279 πω.--
1576 5273 1616 5275 η
1664 5273 1673 5285 ,

343 5325 471 5393 περὶ
513 5325 613 5396 τὴν
653 5325 881 5397 ἀληστον
905 5325 999 5377 τοῦ
1031 5322 1235 5392 ἀγαθοῦ
1264 5320 1465 5389 γνῶσιν
1490 5316 1522 5386 ἢ
1550 5316 1648 5385 τὴν
1692 5310 1886 5380 ποίησιε

1998 5308 2107 5374 qui
2139 5304 2280 5355 circa
2311 5312 2455 5359 eam,
2484 5309 2603 5362 quae
2631 5292 2799 5345 latere
2828 5303 2932 5347 non
2966 5292 3180 5352 potest,
3220 5277 3343 5333 boni
3390 5273 3574 5343 cogni-

1638 5496 1869 5552 VARIAE
1904 5488 2304 5548 LECTIONES.

884 5686 928 5717 ³⁵
964 5686 1056 5739 καὶ
1087 5686 1291 5748 οὐσίας,
1328 5684 1389 5735 M.
1468 5682 1509 5712 ³⁵
1538 5680 1867 5733 παντάπασι.

405 5697 449 5728 ³⁸
474 5696 789 5763 εὐδύναμον.
884 5696 928 5717 ³⁵
964 5696 1056 5739 καὶ
1087 5696 1291 5748 οὐσίας,
1328 5696 1389 5735 Μ.
1468 5696 1509 5712 ου
1538 5697 1675 5733 παντ

425 5764 481 5806 ι),
562 5765 606 5797 ιο
636 5764 732 5806 καὶ
752 5760 841 5806 τὸν
874 5762 1116 5806 μάταιον.
1147 5761 1209 5806 Μ.
1315 5756 1354 5785 ³¹
1386 5754 1603 5806 ὁμοίως.
1642 5752 1681 5801 Μ

1420 5769 1603 5824 μοιως,
1642 5769 1704 5801 Μ.

344 5764 401 5820 in
423 5764 485 5821 Ρ.
562 5765 606 5797 ⁵ο
636 5760 841 5817 καὶτὸν
872 5762 1116 5829 μάταιον,
1146 5761 1209 5812 Μ.

1907 5669 1914 5678 ’
1945 5675 1983 5704 ³⁷
2018 5672 2106 5727 καὶ
2141 5667 2277 5722 κατά
2304 5669 2361 5721 τὸ
2384 5666 2532 5725 αὑτό,
2568 5663 2625 5715 Ρ.
2707 5664 2747 5693 ³⁸
2778 5663 2836 5713 τὸ
2868 5657 3053 5720 κακόν,
3081 5654 3137 5706 [³.

1816 5750 1858 5779 ⁸³
1892 5744 1983 5799 καὶ
2007 5747 2051 5797 εί
2079 5742 2174 5795 οὐκ
2206 5741 2468 5809 ἐφίενται,
2505 5737 2561 5789 5.
2596 5733 2655 5786 Ρ.
2696 5732 2756 5785 β).

3217 5653 3257 5683 ³9
3289 5649 3323 5721 ἦ
3354 5665 3454 5703 non
3493 5656 3574 5699 est
