3866 6234
397 366 498 423 747

1558 366 1613 425 S.
1655 370 1952 427 [)IONYSII
1988 370 2454 428 AREOPAGITAE

3552 380 3655 435 748

399 486 829 561 cundnm_sua_m
882 493 1282 561 naturam_non
1321 495 1496 561 potest
1543 489 1765 561 tendere
1806 489 1859 543 iu
1905 488 2123 561 aliquod
2170 488 2394 544 malum.
2434 489 2777 544 Manifestum
2815 504 2898 546 est
2936 500 3115 545 autem
3140 534 3156 555 .
3203 491 3345 561 quod
3383 494 3656 560 qua-libet

401 570 594 608 natura
642 553 1031 631 intellectualis
1066 556 1277 631 _habeat
1318 557 1567 631 ordinem
1620 559 1683 631 in
1722 559 1923 631 bonum
1972 553 2311 631 universale,
2358 562 2498 627 quod
2552 570 2730 631 potest
2774 553 3181 631 apprehendere
3202 553 3234 624 ,’
3262 572 3317 615 et
3366 553 3453 615 est
3497 564 3659 628 obje-

398 633 543 700 ctum
576 625 922 700 _voluntatis;
969 627 1112 700 unde
1154 626 1598 700 cumﬂdzemones
1642 630 1754 700 sint
1800 627 2118 700 substantia!
2166 625 2593 695 intellec’tuales',
2641 625 2992 684 nullo't'nodo
3036 642 3262 700 possunt
3305 631 3520 685 habere
3573 625 3657 688 in-

397 694 755 767 clinatimiem
802 696 1107 767 naturalem
1160 697 1219 767 in
1260 695 1475 767 aliquod
1520 698 1885 767 quodcunque
1939 696 2176 767 malum,
2230 707 2285 751 et
2334 700 2455 753 ideo
2505 694 2611 754 non
2664 712 2891 767 possunt
2939 694 3063 756 esse
3110 701 3441 755 naturaliter
3494 706 3654 757 mali.

400 764 534 843 \fide
584 766 698 843 haec
746 766 859 836 ipsa
903 765 1079 843 fusius
1120 779 1151 819 a
1193 765 1256 822 D.
1306 765 1513 822 Thoma
1538 764 1832 835 disputata
1877 768 1933 823 in
1983 766 2377 832 Quwuiom’bus
2415 764 2741 839 disputatis,
2784 774 3084 843 quastione
3119 772 3333 828 decima
3374 782 3540 827 sexta
3590 775 3664 829 de

399 835 732 890 (lacinonibus
769 834 777 836 ⁷
812 836 969 890 artic.
1013 834 1068 888 2.

1298 1105 1459 1177 333
1491 1103 1978 1162 PARAPHRASIS
2015 1106 2463 1164 PACHYMEM:
2499 1111 2629 1183 (59).

460 1264 487 1336 §
522 1270 561 1326 Ι.
594 1271 673 1326 Ad
716 1270 845 1325 illud
892 1285 1014 1341 ergo
1044 1271 1282 1339 perfecta
1340 1268 1621 1324 distinctio
1664 1278 1747 1323 est
1794 1282 1965 1337 appo-

2142 1268 2169 1338 ᾗ
2193 1268 2230 1321 l.
2260 1270 2510 1323 Στικτέον
2537 1274 2615 1335 είς
2636 1272 2695 1325 τὸ
2719 1271 2832 1325 οὖν
2851 1272 3089 1325 τελείαν·
3121 1273 3183 1325 τὸ
3207 1272 3317 1344 γὰρ
3337 1274 3483 1339 εἷεν,
3514 1276 3664 1330 κατὰ

398 1366 615 1431 nenda;
648 1362 917 1433 siquidem
950 1362 1081 1417 illud
1112 1378 1229 1431 age,
1273 1360 1427 1430 juxta
1463 1376 1619 1415 usum
1655 1361 1967 1429 antiquum,

395 1457 631 1513 remotio
659 1456 906 1525 quaedam
930 1464 1015 1509 est
1044 1469 1231 1509 eorum
1277 1469 1397 1522 quae
1425 1453 1569 1508 dicta
1610 1462 1758 1514 sunt.
1792 1460 1847 1507 et
1875 1467 1972 1507 ex-

395 1550 608 1605 ordium
633 1548 1013 1613 dicendorum,
1046 1562 1110 1602 ac
1142 1547 1184 1600 si
1211 1547 1537 1613 dicat:Quae
1570 1546 1823 1615 praedicta
1846 1555 1974 1601 sunt

396 1640 471 1693 ita
504 1652 564 1691 se
604 1636 870 1703 habeant;
925 1636 1086 1690 modo
1122 1648 1303 1689 autem
1337 1637 1647 1690 orationem
1680 1648 1973 1690 converta-

395 1746 517 1785 mus
543 1730 610 1784 ad
666 1731 839 1800 ipsum
884 1744 1082 1785 nomen
1118 1729 1273 1794 boni,
1318 1728 1462 1798 quod
1489 1727 1723 1799 theologi
1752 1742 1849 1797 per
1878 1742 1973 1781 ex-

394 1822 708 1877 cellentiam
760 1822 1063 1876 attribuunt
1118 1820 1415 1886 divinitati,
1474 1828 1732 1889 tanquam
1784 1834 1813 1873 a
1864 1833 1971 1888 qua

397 1925 593 1969 cuncta
619 1916 938 1983 procedunt,
962 1914 1218 1983 quoniam
1250 1913 1430 1965 omnia
1457 1926 1524 1965 ex
1568 1913 1683 1979 ipsa
1709 1912 1969 1981 producta

395 2017 521 2065 sunt
546 2016 766 2078 propter
795 2008 1123 2073 bonitatem,
1152 2007 1321 2073 ipsam
1346 2003 1438 2058 Dei
1464 2004 1973 2074 superexistentiam

396 2100 734 2171 appellantes
772 2100 1097 2162 bonitatem,
1148 2106 1202 2150 et
1255 2110 1352 2165 per
1395 2110 1455 2149 se
1502 2097 1821 2151 bonitatem.
1857 2095 1973 2149 Non

396 2194 542 2249 enim
572 2192 713 2247 Deus
735 2192 1031 2247 ascltitium
1057 2192 1218 2244 habet
1236 2191 1438 2244 bonum
1464 2198 1554 2241 aut
1583 2204 1678 2257 per
1694 2189 1971 2253 accidens,

398 2286 555 2356 quasi
585 2284 824 2340 essentia
855 2282 970 2350 eius
999 2282 1071 2337 sit
1091 2282 1221 2350 quid
1252 2282 1421 2344 aliud,
1455 2289 1509 2334 et
1546 2281 1971 2334 accidentariam

398 2380 599 2434 habeat
628 2376 961 2439 bonitatem;
993 2374 1086 2428 sed
1118 2375 1253 2443 ipse,
1283 2391 1405 2429 cum
1429 2373 1826 2441 existatipsius
1848 2371 1972 2425 boni

398 2472 707 2529 submantia
739 2470 1081 2535 naturaliter,
1113 2471 1177 2521 ad
1208 2484 1397 2522 omnes
1442 2467 1688 2523 extendit
1715 2466 1975 2520 bonitatis

399 2579 511 2619 sum
536 2563 824 2633 fulgorem,
850 2562 954 2615 hoc
986 2563 1101 2632 ipso
1130 2577 1237 2629 quo
1268 2561 1440 2615 bonus
1470 2570 1573 2616 ρει.
1606 2558 1972 2625 Quemadmo-

397 2657 527 2709 dum
561 2654 707 2707 enim
747 2651 828 2705 sol
877 2666 982 2705 non
1024 2661 1110 2705 est
1143 2668 1168 2704 a
1212 2651 1417 2705 lumine
1453 2649 1764 2712 distinctus,
1797 2664 1973 2716 neque

402 2747 621 2802 aliunde
653 2745 833 2799 lumen
864 2745 1163 2797 mutuando
1211 2741 1481 2796 illuminat
1532 2740 1829 2810 (siquidem
1860 2740 1975 2808 ipse

401 2839 498 2893 lux
522 2848 627 2905 est,
659 2846 715 2892 et
740 2838 841 2891 hoc
871 2835 988 2905 ipso
1022 2849 1128 2904 quo
1159 2834 1250 2887 lux
1274 2843 1379 2900 est,
1406 2833 1735 2888 naturaliter
1765 2832 1975 2886 illumi-

399 2940 494 2987 nat
515 2929 700 2985 omnia
737 2942 1072 2997 quaecunque
1103 2926 1283 2980 lumen
1316 2925 1437 2995 ejus
1466 2922 1651 2978 valent
1697 2923 1970 2991 excipere,

402 3038 581 3093 neque
614 3022 971 3086 ratiocinans,
1010 3035 1187 3089 neque
1216 3019 1569 3087 praaeligens;
1620 3032 1746 3071 nam
1785 3016 1830 3070 si
1864 3031 1973 3069 non

402 3116 751 3176 illuminaret,
814 3126 990 3182 neque
1038 3113 1205 3167 etiam
1252 3110 1333 3166 sol
1381 3118 1562 3173 esset;
1614 3108 1807 3177 ecquid
1832 3106 1976 3161 aliud

397 3209 613 3276 concipi
660 3204 829 3275 possit
882 3204 1213 3267 illuminare,
1246 3202 1351 3256 nisi
1408 3200 1502 3255 lux
1535 3200 1643 3254 sit?
1687 3202 1790 3256 hoc
1828 3201 1975 3253 enim

398 3302 514 3354 vult
537 3300 623 3354 hic
659 3308 901 3363 sanctus,
929 3306 985 3351 et
1015 3311 1119 3350 non
1151 3293 1471 3363 simpliciter
1498 3292 1668 3349 solem
1686 3306 1811 3348 esse
1836 3292 1977 3345 irra-

401 3390 659 3445 tionalem
689 3398 745 3444 et
774 3398 1053 3443 exsortem
1100 3386 1393 3450 libertatis,
1425 3385 1528 3439 hoc
1557 3386 1703 3439 enim
1742 3382 1975 3439 manife-

399 3496 546 3540 stum
574 3494 678 3548 est,
702 3491 756 3537 et
780 3482 913 3537 nihil
942 3485 1008 3536 ad
1036 3480 1416 3552 propositum);
1444 3480 1525 3535 sic
1550 3479 1711 3534 etiam
1743 3478 1868 3535 illud
1884 3494 1977 3534 su-

400 3592 499 3647 pra
525 3574 695 3630 solem
727 3574 927 3629 bonum
957 3572 1119 3635 Deus,
1137 3570 1228 3641 qui
1248 3571 1567 3641 primaevum
1592 3580 1676 3626 est
1702 3574 1977 3641 exemplar

402 3677 659 3741 respectu
690 3666 1001 3722 istiusmodi
1033 3666 1279 3721 obscurae
1305 3673 1360 3720 et
1388 3666 1661 3721 absimilis
1693 3665 1973 3735 imaginis,

400 3765 520 3834 ipsa
551 3771 650 3815 suta
678 3758 982 3815 substantia
1009 3773 1115 3826 qua
1146 3757 1317 3813 bonus
1368 3767 1473 3826 est,
1524 3757 1689 3812 rebus
1720 3758 1855 3827 ipsis
1879 3772 1976 3825 pro

401 3855 670 3924 cujusque
720 3858 882 3917 captu
912 3848 1174 3903 bonitatis
1216 3864 1328 3903 sua:
1357 3848 1545 3903 radios
1580 3847 1829 3903 aﬂ‘undit.
1864 3847 1977 3903 liae

2075 1362 2313 1415 παλαιάν
2341 1364 2551 1434 χρῆσιν,
2598 1365 2856 1429 άπόθεσίς
2895 1368 3011 1418 ἐστι
3045 1365 3153 1418 τῶν
3196 1366 3519 1437 λεχθέντων,
3566 1369 3666 1421 καὶ

2074 1452 2290 1523 ἔναρξις
2312 1454 2419 1507 τῶν
2455 1457 2747 1526 ἐσομένων,
2777 1457 2897 1511 ἀντὶ
2922 1456 3328 1522 τοῦ,Ἐστωσαν
3356 1460 3421 1529 δὴ
3458 1456 3558 1513 οὖν
3593 1461 3661 1513 τά

2074 1546 2443 1615 προειρημένα
2462 1564 2473 1576 ·
2512 1547 2605 1599 νῦν
2636 1548 2693 1600 δὲ
2717 1549 2979 1619 χωρῶμεν
3008 1551 3066 1600 ὲν
3096 1550 3175 1620 τῷ
3212 1550 3353 1621 λόγῳ
3375 1552 3463 1604 ἐπ’
3485 1553 3664 1623 αὐτὴν

2072 1637 2171 1707 τὴν
2202 1636 2295 1689 τοῦ
2326 1638 2529 1706 ἀγαθοῦ
2556 1640 2872 1709 ὀνομασίαν,
2902 1643 2970 1711 ἣν
3004 1642 3367 1713 διαφερόντως
3390 1647 3441 1696 οί
3472 1644 3665 1699 θεολό-

2073 1746 2159 1796 γοι
2188 1730 2499 1782 ἀνατιθέασι
2528 1734 2593 1801 τῇ
2638 1730 2869 1801 θεότητι,
2891 1733 3105 1785 πάντων
3129 1734 3237 1786 τῶν
3264 1736 3665 1805 παραχθέντων

2073 1823 2289 1894 δηλαδὴ,
2323 1825 2405 1876 ὅτι
2432 1825 2500 1877 τὰ
2540 1826 2813 1891 πάντα“ὲξ
2847 1826 3015 1897 αὐτῆς
3058 1828 3331 1898 παρῆκται
3360 1829 3428 1881 δι’
3451 1830 3664 1896 ἀγαθὸ-

2073 1934 2229 1985 τητα.
2281 1916 2529 1984 λέγοντες
2578 1916 2746 1988 αὑτὴν
2790 1918 2891 1988 τὴν
2946 1918 3039 1970 τοῦ
3089 1919 3223 1971 Θεοῦ
3273 1920 3665 1990 ὑπερὺπαρξιν

2073 2009 2387 2081 ἀγαθὸτητα
2429 2012 2521 2064 καὶ
2568 2010 3032 2081 αὑτοαγαθότητα.
3079 2012 3150 2065 Οὑ
3199 2013 3303 2081 μὴν
3344 2012 3403 2065 δὲ
3437 2013 3555 2064 ἀλλ’
3580 2016 3664 2067 ὅτι

2072 2100 2173 2151 οὑκ
2196 2101 2485 2171 ἐπίκτητον
2517 2105 2609 2155 καὶ
2636 2103 2977 2173 συμϐεϐηκὸς
3000 2104 3110 2173 ἔχει
3135 2104 3194 2155 τὸ
3222 2105 3425 2172 ἀγαθὸν
3448 2108 3475 2157 ὁ
3502 2104 3665 2169 Θεὸς,

2075 2192 2236 2255 ὥστε,
2271 2194 2397 2245 ἄλλο
2422 2212 2474 2245 τι
2515 2194 2592 2253 ὃν,
2622 2195 2979 2265 ἐπισύμϐαμα
3022 2196 3164 2265 ἔχειν
3197 2197 3257 2248 τὸ
3284 2197 3509 2264 ἀγαθὸν,

2079 2284 2237 2353 οὑσίᾳ
2265 2284 2357 2336 τοῦ
2390 2285 2592 2353 ἀγαθοῦ
2624 2286 2782 2349 αὑτὸς
2805 2288 3081 2357 ὑπάρχων,
3112 2287 3339 2339 ἐκτείνει
3366 2290 3495 2359 περὶ
3525 2291 3667 2341 πάν-

2074 2392 2173 2437 τας
2206 2377 2304 2446 τὴν
2340 2376 2438 2447 τῆς
2473 2377 2806 2448 άγαθότητος
2832 2377 3024 2449 αἴγλην
3055 2379 3294 2446 φυσικῶς
3328 2382 3385 2431 ἐν
3421 2380 3499 2449 τῷ
3522 2377 3663 2433 εἶναι

2078 2470 2303 2538 ἀγαθόν.
2334 2472 2544 2541 Ὥσπερ
2574 2470 2682 2542 γὰρ
2707 2473 2734 2523 ὁ
2768 2472 2918 2541 ἥλιος
2956 2472 3055 2523 οὑκ
3082 2471 3208 2524 ἄλλο
3240 2490 3293 2524 τι
3320 2475 3395 2527 ὢν
3422 2476 3577 2545 παρὰ
3603 2476 3667 2528 τὸ

2081 2563 2215 2631 φῶς,
2232 2563 2353 2615 οὐδὲ
2379 2564 2643 2633 ἑτέρωθεν
2661 2564 2720 2616 τὸ
2752 2563 2865 2631 φῶς
2895 2562 3183 2633 λαμϐάνων
3204 2563 3429 2631 φωτίζει
3452 2582 3464 2594 ·
3498 2568 3667 2630 αὑτὸς

2080 2654 2187 2724 γάρ
2228 2655 2342 2705 ἐστι
2370 2655 2503 2723 φῶς,
2531 2655 2624 2707 καὶ
2648 2653 2871 2722 φωτίζει
2911 2652 3151 2722 φυσικῶς
3188 2657 3245 2707 ὲν
3269 2655 3344 2724 τῷ
3374 2652 3515 2708 εἶναι
3546 2658 3667 2724 φῶς

2078 2745 2253 2795 πάντα
2279 2742 2346 2795 τὰ
2368 2743 2641 2814 δυνάμενα
2665 2746 2911 2815 μετέχειν
2940 2743 3124 2807 αὑτοῦ,
3152 2745 3273 2797 οὔτε
3290 2745 3667 2817 λογιζόμενος,

2075 2832 2199 2885 οῦτε
2229 2834 2657 2905 προαιρούμενος
2677 2851 2690 2864 ο
2724 2834 2797 2904 μὴ
2827 2836 3074 2903 φωτίζων
3106 2836 3215 2905 γὰρ
3253 2835 3375 2887 οὐδέ
3406 2854 3469 2904 γε
3511 2838 3671 2907 ἥλιος

2078 2923 2143 2975 ἂν
2174 2923 2260 2994 εἴη
2280 2943 2292 2955 ο
2319 2926 2414 2978 καὶ
2436 2928 2489 2979 τί
2518 2929 2584 2981 ἂν
2617 2928 2701 2998 εἴη
2728 2928 2855 2981 ἄλλο
2890 2929 3099 2996 λογίσαι
3146 2931 3207 2982 τὸ
3236 2932 3489 2999 φωτίσαι,
3522 2936 3552 2985 ὁ
3590 2932 3670 3004 μὴ

2076 3016 2153 3069 ὣν
2203 3019 2350 3086 φῶςς
2394 3018 2551 3073 τοῦτο
2599 3021 2709 3092 γὰρ
2746 3024 2998 3091 ἐμφαίνει
3040 3025 3067 3075 ὁ
3109 3025 3280 3091 άγιος,
3328 3026 3424 3077 καὶ
3456 3026 3561 3095 οὑχ
3585 3028 3672 3081 ὅτι

2076 3112 2263 3175 ἁπλῶς
2305 3114 2499 3183 ἄλογός
2537 3117 2653 3167 ἐστι
2691 3116 2787 3167 καὶ
2817 3117 3176 3188 άπροαίρετος
3214 3119 3242 3169 ὁ
3280 3119 3452 3189 ἥλιος.
3504 3120 3673 3173 τοῦτο

2077 3202 2188 3274 γὰρ
2215 3202 2391 3273 δῆλον,
2426 3203 2520 3257 καὶ
2552 3203 2705 3256 οὐδὲν
2734 3205 2871 3275 πρὸς
2906 3206 2967 3258 τὸ
3004 3210 3363 3278 προκείμενον
3390 3227 3404 3239 ·
3431 3209 3580 3262 οὕτω
3602 3210 3671 3281 δὴ

2078 3295 2173 3346 καὶ
2212 3294 2272 3345 τὸ
2314 3294 2455 3366 ὑπὲρ
2502 3295 2654 3365 ἥλιον
2701 3295 2906 3364 ἀγαθὸν
2950 3299 2978 3349 ὁ
3006 3298 3159 3362 Θεὸς,
3202 3299 3263 3352 τὸ
3306 3299 3673 3373 έξῃρημένως

2078 3387 2386 3458 ἀρχέτυπον
2414 3388 2548 3459 πρὸς
2569 3388 2824 3460 τοιαύτην
2853 3392 3132 3461 σκοτεινὴν
3160 3393 3253 3444 καὶ
3279 3397 3450 3463 μηδὲν
3487 3410 3674 3465 παροι-

2081 3479 2410 3551 μοιάζουσαν
2449 3481 2653 3545 εἰκόνα,
2706 3482 2842 3551 αὑτῇ
2890 3484 2956 3551 τῇ
2991 3482 3242 3553 ὑπάρξει,
3284 3486 3375 3537 καὶ
3415 3481 3493 3552 τῷ
3526 3484 3672 3539 εἷναι

2077 3570 2300 3638 ἀγαθὸς,
2344 3570 2443 3633 τὰς
2478 3572 2703 3634 ἀκτῖνας
2740 3572 2837 3642 τῆς
2862 3573 3194 3642 άγαθότητος
3232 3575 3510 3644 ἀναλόγως
3556 3580 3673 3640 τοῖς

2076 3655 2227 3712 οὖσιν
2253 3659 2457 3729 ἐφίησι.
2498 3659 2595 3712 Διά
2624 3659 2829 3731 ταύτης
2852 3664 2908 3715 αἱ
2943 3664 3189 3733 οὐράνιαι
3217 3664 3397 3717 οὐσίαι
3426 3666 3675 3738 ὑπέστη-

2080 3768 2200 3815 σαν,
2236 3754 2289 3803 αἱ
2319 3750 2505 3821 νοηταί
2530 3767 2588 3802 τε
2614 3751 2708 3803 καὶ
2730 3754 2933 3823 νοεραί.
2967 3755 3125 3808 Ἀλλο
3148 3757 3205 3809 δέ
3231 3760 3346 3810 ἐστι
3374 3758 3439 3811 τὸ
3453 3761 3671 3829 νοητὸν,

2079 3845 2173 3899 καὶ
2204 3844 2330 3898 ἄλλο
2357 3843 2417 3896 τὸ
2439 3844 2643 3914 νοερόν.
2684 3843 2756 3896 Τὸ
2781 3844 2889 3914 γὰρ
2919 3848 3107 3917 νοητὸν
3132 3843 3221 3901 οἶά
3250 3867 3333 3912 τις
3362 3850 3544 3920 τροφὴ
3574 3851 3672 3904 τοῦ

401 3957 595 4000 omnes
618 3939 983 4008 intelligibiles
1014 3953 1077 3993 ac
1107 3938 1473 4009 intelligentes
1496 3940 1814 3996 substantiae
1838 3955 1974 3996 con-

2078 3934 2266 4005 νοεροῦ
2294 3936 2459 3998 ἐστιν,
2488 3934 2720 4004 εἴπερτὸ
2736 3935 3043 4007 νοούμενον,
3066 3940 3094 3991 ὃ
3114 3942 3229 3991 ἐστι
3248 3941 3456 4010 νοητὸν,
3479 3942 3675 4011 μεῖζόν

402 4039 631 4093 sistunt.
663 4034 824 4088 Aliud
860 4042 1041 4087 autem
1066 4042 1149 4087 est
1174 4032 1514 4102 intelligibile
1560 4042 1615 4089 et
1644 4033 1785 4088 aliud
1814 4033 1976 4089 intel-

402 4131 598 4200 ligens,
639 4142 764 4181 nam
794 4126 848 4181 id
875 4128 1017 4195 quod
1050 4124 1388 4194 intelligibile
1430 4135 1533 4193 est,
1593 4136 1675 4181 est
1701 4127 1849 4181 velut
1878 4127 1977 4180 ali-

405 4230 646 4277 mentum
696 4217 814 4286 ejus
859 4220 1001 4287 quod
1053 4217 1351 4285 intelligit;
1412 4217 1669 4285 quoniam
1724 4219 1776 4272 id
1833 4220 1977 4288 quod

404 4313 751 4383 intelligitur,
788 4325 883 4365 seu
912 4309 1271 4379 intelligibile,
1326 4309 1565 4365 nobilius
1600 4320 1701 4377 est,
1729 4321 1783 4365 et
1815 4322 1977 4366 antea

404 4405 740 4475 intelligitur,
769 4416 932 4472 quam
974 4401 1028 4456 id
1076 4402 1217 4469 quod
1266 4400 1542 4470 intelligit,
1570 4400 1623 4454 id
1657 4410 1743 4455 est
1774 4400 1976 4456 intelli-

404 4514 557 4570 gens.
591 4498 916 4566 Superiores
948 4494 1114 4564 igitur
1144 4502 1198 4548 et
1236 4492 1349 4546 Deo
1382 4493 1543 4547 vicini
1585 4493 1810 4548 ordines
1849 4508 1978 4563 pro-

404 4592 523 4660 prie
554 4589 770 4643 dicendi
816 4595 944 4642 sunt
974 4584 1358 4648 intellectiles;
1395 4584 1689 4638 inferiores
1712 4598 1844 4638 vero
1888 4584 1967 4638 in-

409 4680 733 4750 telligentes,
764 4686 824 4733 ut
861 4678 950 4747 qui
982 4676 1287 4745 intelligant
1318 4674 1668 4743 superiores;
1696 4688 1804 4728 non
1856 4674 1978 4729 ideo

406 4782 592 4825 tamen
624 4773 769 4841 quod
818 4766 1166 4823 intellectiles
1206 4765 1479 4827 dicantur,
1512 4766 1603 4834 qui
1658 4766 1976 4832 intelligun-

410 4874 521 4929 tur,
555 4862 884 4917 censendum
917 4868 1002 4913 est
1031 4859 1178 4927 ipsos
1202 4873 1306 4910 non
1345 4856 1684 4927 intelligere;
1714 4858 1816 4928 ipsi
1834 4858 1976 4911 enim

410 4956 743 5025 intelligunt,
771 4935 1261 5024 quoniatn'mentes
1285 4960 1412 5006 sunt
1437 4950 1980 5006 etsubstantizeJdeo

414 5046 792 5115 intelliguntur
821 5046 1064 5114 quidem,
1106 5053 1164 5099 ut
1193 5045 1435 5099 materiae
1457 5053 1744 5113 expertes;
1774 5041 1977 5097 intelli-

414 5145 547 5208 gunt
574 5152 702 5191 vero
727 5147 841 5199 res,
865 5145 924 5191 ut
948 5137 1257 5205 incorporei
1284 5146 1342 5191 et
1370 5134 1860 5205 supermundiales,
1893 5149 1981 5187 ra-

2080 4030 2196 4079 ὲστι
2217 4027 2310 4078 καὶ
2328 4026 2648 4097 προεπινοού
2659 4044 2818 4095 μενον
2843 4029 2937 4082 τοῦ
2967 4029 3235 4093 νοοῦντος,
3263 4031 3291 4082 ὃ
3319 4032 3670 4102 ὲστινοερὸν.

2081 4117 2161 4169 Τὰ
2184 4118 2281 4188 μὲν
2301 4113 2393 4170 οὖν
2414 4116 2789 4187 ὑπερκείμενα
2806 4121 2899 4171 καὶ
2917 4123 3157 4192 προσεχῆ
3182 4123 3258 4193 τῷ
3275 4122 3392 4193 Θεῷ
3408 4125 3676 4195 τάγματα

2080 4210 2245 4281 νοητά
2303 4210 2507 4282 κυρίως
2545 4211 2782 4275 λεκτέον,
2829 4213 2896 4265 τὰ
2944 4213 3001 4265 δὲ
3052 4214 3430 4285 ὑποϐεϐηκότα
3475 4219 3669 4288 νοερὰ,

2080 4303 2175 4355 ἆτε
2215 4302 2437 4356 νοοῦντα
2461 4302 2529 4355 τά
2560 4303 2963 4374 ὑπερκείμενα·
2996 4305 3093 4375 οὑχ
3130 4306 3210 4359 ὅτι
3239 4307 3295 4359 δὲ
3334 4308 3505 4378 νοητά
3551 4312 3674 4363 ἐστι

2079 4396 2146 4449 τά
2190 4396 2470 4467 νοούμενα,
2502 4397 2785 4466 νομιστέον
2812 4396 2949 4449 αὑτὰ
2982 4398 3056 4468 μὴ
3099 4401 3239 4449 νοεῖν
3260 4418 3271 4427 ·
3303 4400 3418 4452 νοεῖ
3440 4400 3553 4472 γὰρ
3576 4404 3675 4455 καὶ

2080 4491 2240 4557 αὐτὰ,
2271 4492 2458 4562 ἐπειδὴ
2484 4491 2602 4554 νόες
2630 4491 2737 4544 είσὶ
2762 4490 2856 4544 καὶ
2898 4490 3098 4543 οὑσίαι.
3131 4492 3225 4543 Διὸ
3262 4490 3510 4544 νοοῦνται
3546 4494 3670 4563 μὲν,

2079 4584 2154 4647 ὡς
2185 4584 2356 4649 άῦλοι,
2387 4584 2564 4637 νοοῦσι
2594 4583 2651 4635 δὲ
2692 4583 2757 4636 τά
2785 4583 2934 4647 ὄντα,
2964 4584 3039 4646 ὡς
3081 4584 3198 4645 νόες
3240 4583 3525 4655 ἀσώματοι
3578 4588 3675 4639 καὶ

2080 4676 2462 4748 ὑπερκόσμιοι,
2512 4674 2720 4729 ἄνωθεν
2774 4675 3175 4746 ὲλλαμπὸμενοι
3204 4676 3334 4739 τοὺς
3385 4676 3522 4746 περὶ
3560 4677 3673 4731 τῶν

2079 4767 2247 4821 ὄντων
2271 4768 2483 4836 λόγους,
2500 4767 2594 4819 καὶ
2625 4764 3028 4829 διαϐιϐάζοντες
3062 4767 3260 4829 αὑτοὺς
3284 4767 3571 4836 μυστικῶς
3593 4768 3673 4828 είς

2078 4862 2203 4922 τοὺς
2227 4858 2635 4929 ὑποϐεϐηκότας
2671 4856 2955 4924 ἀγγέλους.
2986 4858 3254 4927 Δυνάμεις
3280 4857 3338 4909 δὲ
3380 4858 3479 4911 καὶ
3520 4861 3675 4930 ἐνερ-

2080 4952 2231 5019 γείας
2253 4951 2399 5019 λέγει
2428 4952 2631 5013 ταύτας
2653 4950 2752 5002 οὐκ
2773 4950 3197 5011 ἀνυποστάτους,
3218 4948 3333 5001 ἀλλ’
3366 4950 3674 5002 ἐνυποστά-

2078 5061 2201 5106 τους
2230 5044 2323 5096 καὶ
2349 5040 2547 5106 ζώσας,
2571 5042 2801 5106 δυνατάς
2829 5060 2888 5095 τε
2907 5043 3001 5095 καὶ
3029 5043 3272 5112 ὲνεργεῖς
3296 5039 3407 5093 τῶν
3454 5043 3673 5095 οἰκείων

2079 5139 2363 5208 κινήσεων,
2379 5138 2589 5191 δυνατοὶ
2605 5136 2713 5206 γὰρ
2733 5138 2876 5207 ίσχύῖ
2890 5136 3041 5207 παρὰ
3054 5136 3133 5206 τῷ
3146 5129 3307 5188 Δαυῖδ
3317 5134 3593 5203 λέγονται.
3604 5137 3675 5189 Ἢ

412 5228 655 5281 tionibus
681 5241 860 5281 rerum
893 5241 1127 5297 superne
1157 5226 1434 5292 illustrati,
1465 5228 1721 5297 ipsasque
1748 5227 1974 5297 mystice

2081 5233 2176 5282 καὶ
2205 5228 2378 5292 άλλως
2399 5228 2652 5299 δυνάμεις
2679 5228 2798 5299 μὲν,
2840 5229 3025 5299 ἐπειδὴ
3062 5230 3157 5282 καὶ
3190 5228 3357 5298 μήπω
3377 5229 3493 5281 τῶν
3516 5230 3576 5280 ὲν
3606 5231 3672 5297 τῇ

411 5318 579 5390 384
612 5320 675 5371 ad
703 5296 989 5373 inferiores
1014 5320 1234 5389 angelos
1262 5296 1620 5387 trajicientes.
1650 5319 1759 5373 Hos
1796 5328 1974 5371 autem

2086 5324 2261 5376 κτίσει
2286 5296 2580 5391 φανέντων,
2604 5296 2831 5392 δυνάμει
2862 5296 3037 5374 πάντα
3059 5296 3271 5390 τῷ
3296 5296 3666 5389 προῦφειστήέ

412 5418 573 5463 vocat
601 5408 833 5462 virtutes
860 5416 913 5462 et
966 5410 1331 5478 operationes,
1364 5425 1469 5464 non
1498 5410 1638 5478 quod
1670 5424 1775 5463 non
1800 5409 1980 5463 subsi-

416 5508 581 5562 stant,
614 5500 708 5554 sed
730 5500 1091 5556 subsistentes
1113 5503 1224 5557 sint
1255 5517 1318 5556 ac
1334 5503 1603 5570 viventes,
1629 5514 1681 5557 et
1706 5512 1976 5571 potentes,

415 5600 471 5645 et
494 5588 737 5645 elﬁcaces
762 5600 1002 5647 motuum
1028 5596 1399 5665 propriorum;
1429 5611 1459 5650 a
1494 5597 1695 5652 Davide
1721 5596 1866 5651 enim
1887 5596 1973 5653 di-

2087 5433 2193 5476 κει,
2243 5414 2505 5485 μέλλοντα
2553 5414 2898 5485 παράγεσθαι
2939 5413 3005 5465 δι’
3050 5411 3213 5466 αὑτοῦ
3271 5412 3354 5474 είς
3399 5410 3466 5463 τὸ
3509 5406 3668 5463 εἶναι·

2086 5507 2351 5575 ἐνέργειαι
2378 5504 2455 5569 δὲ,
2490 5506 2571 5557 ὃτι
2603 5505 2697 5556 καὶ
2738 5504 2874 5573 πρὸς
2913 5504 3070 5573 ἔργον
3094 5504 3127 5572 ἡ
3156 5500 3491 5571 δημιουργία
3527 5514 3672 5571 παρ-

2085 5597 2244 5667 ήχθη.
2284 5595 2382 5649 Διὰ
2415 5593 2615 5658 ταύτας
2643 5594 2742 5658 τὰς
2780 5595 3005 5658 ἀκτῖνας
3040 5593 3140 5663 τῆς
3172 5591 3536 5664 ἀγαθότητος,
3582 5588 3674 5645 καί

490 5766 600 5836 (39)
641 5765 772 5824 Vide
804 5770 1021 5830 Scholia
1052 5770 1107 5829 S.
1139 5772 1375 5841 Maximi,
1396 5780 1531 5829 tom.
1567 5772 1628 5839 ll,
1661 5787 1778 5843 cap.
1812 5774 1845 5828 4
1897 5772 1974 5829 De
1997 5772 2187 5828 divinis
2224 5774 2424 5830 nomin.
