3866 6234
118 461 125 465 ,
218 383 333 440 749

806 386 895 441 DE
932 385 1184 443 DIVINIS
1216 385 1612 454 NOMINIBUS,
1648 388 1801 443 CAP.
1842 387 1928 444 Π,
1964 419 2033 427 --
2065 386 2413 443 PARAPIIR.
2450 386 2925 446 PACIIYMERJE.

3388 392 3493 449 750

220 501 369 552 εἰσιν
387 500 549 553 αὐταὶ
571 500 665 552 καὶ
681 496 837 565 ζῶσι,
855 502 950 554 καὶ
969 502 1321 557 ἀνέκλειπτον
1337 503 1519 574 ἔχουσι
1535 503 1636 574 τὴν
1654 504 1805 575 ζωὴν,

1924 512 2119 557 οιιηιυι·
2136 514 2367 572 potentes
2385 504 2735 560 virtutei.Vel
2749 505 2912 560 etiam
2936 506 3042 560 alio
3058 507 3216 562 modo
3230 506 3497 565 :Virtutes

222 590 633 661 καθαρεύουσαι
658 592 751 644 καὶ
778 592 985 665 φθορᾶς
1016 595 1110 647 καὶ
1140 595 1392 661 θανάτου,
1420 596 1513 649 καὶ
1549 594 1699 666 ὕλης,
1728 596 1821 649 καὶ

223 685 527 753 γενέσεως.
556 684 734 757 Φθορὰ
765 686 822 739 δέ
853 688 970 740 ἐστι
1000 688 1093 741 τοῦ
1137 687 1368 743 θανάτου
1409 689 1821 762 καθολικωτέρα.

222 775 259 845 ἢ
279 769 432 839 είςτδ
450 777 525 848 μὴ
552 777 612 831 ὃν
631 778 864 850 κίνησις,
884 780 1005 850 ἥτις
1024 782 1141 834 ἐστὶ
1157 782 1251 834 καὶ
1278 781 1386 835 τῶν
1403 782 1646 853 ἀψύχων.
1669 783 1820 836 Γενέ-

225 888 369 938 σεως
384 875 441 928 δὲ
461 872 731 947 ἀνώτεραι
754 879 809 928 αἱ
832 876 1107 948 δυνάμεις,
1131 879 1229 948 οὐχ
1255 879 1337 931 ὅτι
1357 879 1457 931 οὐκ
1480 878 1819 951 ἐγενήθησαν

222 965 347 1036 (καὶ
374 965 484 1038 γὰρ
513 966 1067 1042 ὲδημιουργὴθησαν),
1103 969 1219 1023 ἀλλ’
1244 971 1323 1024 ὅτι
1351 971 1409 1037 ἐξ
1431 970 1563 1042 ὖλης
1589 972 1648 1024 οὐ
1674 972 1817 1024 συνέ-

222 1072 434 1128 στησαν
453 1074 466 1086 ·
492 1056 721 1111 τοιαῦτα
754 1057 863 1129 γὰρ
888 1058 956 1111 τὰ
996 1061 1055 1112 ὲν
1080 1059 1294 1128 γενέσει
1318 1062 1413 1113 καὶ
1441 1060 1635 1133 φθορᾷ,
1658 1054 1740 1124 οἷς
1781 1063 1814 1133 ἡ

222 1142 327 1220 ὖλη
356 1150 715 1221 ὑποκειμένη,
758 1152 806 1203 εἰ
849 1151 947 1222 μὲν
984 1148 1124 1216 εἶδος
1161 1152 1393 1219 δέξεται,
1436 1155 1815 1224 είδοποιεῖται,

220 1243 323 1307 καὶ
348 1242 457 1294 ἰδοὺ
476 1242 534 1294 ὅν
552 1260 604 1295 τι
622 1244 856 1311 ὲγένετο”
878 1247 925 1297 εἰ
946 1245 1002 1298 δὲ
1023 1246 1308 1320 στερηθείη
1330 1248 1420 1302 τοῦ
1434 1248 1631 1312 εἴδους,
1650 1252 1820 1321 χωρεῖ

221 1333 363 1405 πρὸς
388 1334 448 1387 τὸ
472 1334 727 1400 ἀνείδεον,
758 1337 852 1390 καὶ
889 1336 996 1390 ἰδοὺ
1021 1337 1198 1409 φθορά
1219 1356 1366 1402 τινος
1395 1339 1568 1403 ὄντος,
1613 1341 1706 1393 καὶ
1736 1342 1814 1405 εἰς

219 1424 286 1477 τὸ
317 1426 391 1497 μὴ
429 1426 489 1479 ὃν
520 1425 753 1497 κίνησις.
799 1430 863 1481 Al
902 1430 958 1483 δὲ
1002 1429 1143 1484 θεῖαι
1177 1430 1435 1502 δυνάμεις
1473 1434 1567 1485 καὶ
1611 1433 1815 1487 τούτων

217 1517 492 1590 ἀνώτεραι
530 1517 638 1571 τῶν
683 1519 896 1591 φθορῶν
937 1539 996 1574 τε
1038 1523 1132 1575 καὶ
1157 1522 1266 1575 τῶν
1291 1523 1583 1591 γενέσεων,
1610 1525 1691 1576 ὅτι
1718 1524 1815 1577 καὶ

218 1607 396 1672 suam,
415 1612 618 1681 καὶτῆς
634 1613 867 1683 ῥευστῆς
882 1612 1219 1678 ἀλλοιώσεως
1234 1616 1622 1686 ἀνῳκισμέναι.
1643 1615 1814 1669 Τοῦτο

218 1698 277 1753 δὲ
300 1696 473 1769 λέγει,
501 1702 692 1775 ἐπειδὴ
730 1705 955 1775 τρεπτοὶ
980 1707 1075 1758 καὶ
1106 1707 1154 1758 oi
1189 1705 1408 1775 ἄγγελοι
1448 1707 1811 1778 ἐδημιουργὴ-

218 1792 415 1864 θησαν,
464 1795 601 1848 ἀλλά
629 1796 773 1850 κατὰ
804 1796 1119 1869 γνώμην,οὐ
1153 1800 1271 1852 κατ’
1295 1800 1481 1852 οὐσίαν
1502 1816 1515 1828 ·
1542 1799 1664 1853 ὅθεν
1688 1802 1808 1853 κατ’

1924 594 2164 663 quidem,
2197 594 2342 662 quod
2393 612 2518 649 cum
2576 598 2807 649 necdum
2838 609 3108 652 creaturae
3139 611 3496 669 apparerent,

1924 687 2105 740 tunnia
2125 687 2325 741 virtute
2343 686 2394 740 iu
2423 689 2529 741 Deo
2541 698 2699 742 antea
2715 689 3079 753 substiterint,
3098 705 3217 760 quae
3241 691 3307 745 ab
3329 707 3417 756 eo,
3436 701 3499 747 ut

1922 787 2127 840 essent,
2156 779 2505 846 producenda
2540 788 2694 833 erant
2731 780 3126 850 :Operationes
3163 798 3320 849 vero,
3353 785 3498 853 quod

1923 881 2175 923 creatura
2229 871 2393 924 etiam
2448 872 2515 924 ad
2571 874 2947 940 operationem
2996 875 3252 944 perducta
3310 876 3496 933 fuerit.

1923 958 2151 1027 Pr0pter
2175 964 2334 1014 hosm:
2357 962 2615 1016 bonitatis
2642 965 2823 1018 radios
2842 974 2898 1018 et
2915 977 3043 1019 sunt
3064 967 3163 1036 ipsi
3195 979 3250 1021 et
3284 969 3493 1037 vivunt,

1919 1059 1974 1102 et
2007 1050 2171 1103 vitam
2206 1050 2408 1105 habent
2436 1053 2860 1121 indelicientem,
2889 1065 2943 1110 et
2979 1072 3010 1110 a
3036 1059 3412 1127 corruptione.
3440 1071 3498 1114 et

1920 1154 2118 1207 morte,
2149 1154 2203 1198 et
2232 1146 2488 1209 materia,
2513 1154 2565 1200 et
2591 1148 2945 1215 generatione
2988 1160 3119 1204 sunt
3152 1150 3331 1204 liberi.
3361 1152 3493 1205 Cor-

1921 1236 2098 1305 ruptio
2120 1245 2325 1301 autem,
2351 1253 2472 1307 qua:
2497 1240 2669 1311 magis
2699 1239 2807 1294 late
2826 1250 2973 1310 patet
3001 1252 3193 1305 morte,
3223 1252 3307 1297 est
3330 1244 3496 1298 motio

1917 1330 1982 1380 ad
2011 1329 2062 1382 id
2093 1330 2237 1398 quod
2268 1346 2372 1383 non
2403 1341 2509 1397 est,
2531 1348 2649 1401 quae
2670 1334 2835 1387 etiam
2863 1336 3123 1403 competit
3156 1336 3491 1391 ina-nimatis.

1920 1421 2158 1476 Virtutes
2186 1429 2372 1476 autem
2396 1425 2750 1494 generatione
2801 1435 2931 1481 sunt
2979 1427 3351 1496 sublimiores,
3386 1445 3492 1483 non

1915 1516 2057 1585 quod
2080 1532 2187 1572 non
2234 1516 2389 1570 factae
2426 1516 2537 1569 sint
2583 1516 2874 1587 (siquidem
2945 1529 3142 1573 creatae
3193 1520 3364 1590 sunt),
3397 1522 3495 1575 sed

1916 1610 2058 1674 quod
2093 1621 2198 1659 non
2231 1616 2491 1661 constent
2526 1608 2796 1675 materia;
2828 1608 3131 1664 istiusmodi
3164 1611 3309 1665 enim
3342 1623 3493 1676 sunt,

1917 1710 2035 1764 qua:
2068 1696 2120 1749 in
2164 1697 2519 1766 generatione
2549 1714 2613 1753 ac
2642 1700 2995 1769 corruptione
3026 1710 3337 1766 versantur,
3371 1705 3494 1773 qui-

1915 1788 2018 1844 bus
2044 1790 2278 1845 materia
2305 1791 2572 1860 subjecta,
2598 1791 2644 1845 si
2684 1792 2909 1861 quidem
2945 1793 3176 1847 formam
3205 1796 3491 1866 suscipiat,

214 1859 411 1939 οῦσίαν
436 1888 555 1939 ἐστὶ
580 1888 794 1951 τούτοις
815 1859 933 1941 ’καί
950 1859 1011 1941 τί)
1035 1859 1421 1943 ἀναλλοίωτον.
1452 1891 1651 1962 Νοητοὶ
1676 1892 1805 1960 γοῦν

1914 1878 2257 1943 eﬂormatur,
2290 1891 2343 1935 et
2368 1897 2498 1935 ecce
2527 1880 2730 1944 aliquid
2767 1883 2907 1936 facta
2927 1893 3044 1949 est;
3072 1884 3119 1937 si
3162 1900 3288 1937 vero
3312 1884 3492 1942 forma

214 1975 358 2027 εἰσιν
382 1975 458 2039 ὡς
481 1975 785 2047 ἀσώματοι,
818 1980 910 2031 καὶ
933 1981 1064 2049 παρ’
1091 1980 1337 2051 ἀλλήλων
1366 1983 1459 2035 καὶ
1490 1983 1619 2053 παρ’
1650 1983 1807 2054 ἡμῶν

212 2067 469 2122 ὁπωσοῦν
496 2069 798 2140 νοούμενοι,
848 2072 941 2124 καὶ
962 2074 1137 2143 νοεροὶ
1166 2073 1240 2137 ὡς
1258 2075 1395 2139 νὸες,
1424 2076 1516 2127 καὶ
1536 2076 1615 2128 ὃτι
1641 2077 1809 2147 ὑπερ-

216 2161 464 2229 κοσμίως
489 2160 721 2227 νοοῦσιν,
745 2163 1125 2228 ὲπιόάλλοντες
1152 2164 1217 2218 δι’
1236 2165 1555 2237 ὲλλάμψεως
1582 2172 1695 2232 τοῖς
1721 2167 1808 2220 λό-

215 2262 337 2319 γοις
357 2253 467 2305 τῶν
487 2253 657 2307 ὄντων
692 2255 787 2307 καὶ
814 2256 913 2308 οὐκ
936 2257 1207 2327 αἰσθητῶς
1229 2259 1319 2328 ζὼς
1342 2260 1500 2329 ἡμεῖς
1528 2260 1637 2313 τῶν
1669 2278 1809 2332 πρα-

215 2344 446 2413 γμάτων
467 2342 1013 2416 ἀντιλαμϐανόμενοι.
1044 2348 1107 2399 El
1137 2347 1193 2400 δὲ
1239 2350 1332 2401 καὶ
1354 2351 1516 2419 ἡμεῖς
1548 2350 1807 2414 πολλάκις

212 2438 329 2497 τοῖς
358 2433 538 2503 λόγοις
564 2435 948 2507 ὲπιϐἀλλομεν,
975 2437 1088 2490 ἀλλ’
1116 2439 1557 2511 ἐπιστημονικῶς
1588 2442 1683 2495 καὶ
1708 2441 1807 2506 τὰς

212 2527 396 2597 ἀρχὰς
422 2526 637 2597 ἔχοντες
666 2526 727 2593 ὲξ
749 2529 1075 2599 αίσθὴσεως,
1119 2531 1212 2583 καὶ
1244 2530 1331 2583 διὰ
1372 2532 1529 2584 τοῦτο
1565 2532 1806 2603 δεόμενοι

212 2618 455 2689 ταύτης
517 2619 670 2672 οὐδὲν
720 2620 829 2691 γὰρ
873 2619 977 2686 ἔξω
1016 2622 1117 2691 τῆς
1171 2622 1475 2694 αίσθὴσεως
1523 2625 1805 2695 γινόμενον

216 2710 401 2780 ἴσμεν,
424 2710 529 2764 κᾶν
557 2712 854 2784 ᾐσθημένοι
881 2708 1029 2785 ὦμεν
1056 2714 1242 2768 αὑτοῦ.
1286 2715 1423 2768 Ἀλλ’
1447 2717 1496 2769 οἱ
1533 2716 1664 2771 θεῖοι
1688 2719 1805 2782 νόες

208 2804 607 2874 ὑπερκοσμίως
631 2806 756 2868 τοὺς
777 2805 965 2875 λόγους
990 2807 1378 2878 ὲλλάμπονται,
1411 2811 1506 2862 καὶ
1529 2813 1641 2873 τοῖς
1672 2828 1803 2879 συγ-

212 2894 400 2962 γενέσι
443 2895 927 2967 διαπορθμεύουσι,
974 2899 1067 2950 καὶ
1106 2898 1262 2970 μονὴ,
1303 2902 1397 2953 καὶ
1440 2900 1671 2971 ἵδρυσις,
1710 2902 1804 2954 καὶ

212 2990 612 3059 συγκράτησις,
655 2992 747 3043 καὶ
790 2994 1121 3064 συντήρησις
1163 2994 1355 3057 αὐταῖς
1401 2995 1550 3046 ἐστιν
1592 2996 1657 3047 ὲκ
1703 2993 1804 3063 τῆς

212 3081 551 3152 ἀγαθότητος
566 3082 659 3135 τοῦ
683 3082 817 3136 Θεοῦ
838 3101 850 3115 ·
882 3086 975 3138 καὶ
1002 3085 1061 3138 τὸ
1084 3081 1221 3139 εἶναι
1247 3085 1447 3149 ταύτας
1473 3085 1662 3157 ῶσπερ
1682 3083 1803 3138 τινὰ

210 3174 401 3226 ἑστίαν
426 3176 520 3227 καὶ
547 3175 687 3228 θεῖον
715 3175 898 3247 βωμὸν
925 3176 1036 3231 τῶν
1060 3179 1124 3231 ἐκ
1149 3178 1283 3231 Θεοῦ
1306 3178 1545 3246 ἀγαθῶν.
1566 3180 1808 3234 Ἑστίι.ν

1916 1971 2184 2039 privetur,
2234 1970 2294 2024 fit
2344 1972 2547 2040 aliquid
2579 1971 2832 2035 informe,
2868 1983 2920 2027 et
2951 1989 3080 2028 ecce
3109 1975 3362 2029 interitus
3391 1992 3489 2029 cu-

1905 2062 2123 2132 jusdam
2154 2066 2318 2130 cutis,
2362 2074 2416 2119 et
2448 2065 2514 2119 ad
2543 2067 2593 2119 id
2621 2067 2765 2133 quod
2808 2082 2914 2119 non
2948 2076 3030 2120 est
3064 2066 3253 2121 motio.
3286 2065 3491 2121 Divina;

1911 2167 2093 2210 autem
2138 2156 2389 2222 virtutes,
2434 2159 2600 2212 etiam
2639 2158 2788 2212 hisce
2830 2158 3180 2213 sublimiores
3218 2169 3326 2212 tam
3365 2175 3490 2214 cor-

1912 2248 2260 2315 ruptionibus
2307 2264 2467 2317 quam
2499 2248 2966 2318 generationibus,
2993 2249 3252 2317 quoniam
3289 2260 3345 2303 et
3389 2250 3490 2304 im-

1911 2338 2220 2392 materiales
2244 2349 2394 2406 sunt,
2423 2350 2478 2394 et
2507 2341 2574 2395 ab
2613 2340 2760 2394 omni
2787 2338 2935 2393 fluxa
2980 2342 3356 2397 innuulatione
3387 2356 3488 2396 ex-

1911 2436 2126 2497 emptae.
2170 2427 2285 2483 Hoc
2316 2430 2468 2495 dicit,
2494 2429 2754 2499 quoniam
2786 2431 2962 2498 angeli
2992 2433 3156 2485 etiam
3192 2433 3488 2488 mutabiles

1908 2520 2078 2573 creati
2130 2518 2371 2584 fuerunt,
2403 2522 2500 2575 sed
2530 2522 2830 2576 secundum
2867 2524 3216 2587 sententiam,
3254 2539 3359 2578 non
3398 2539 3490 2579 se-

1910 2610 2147 2664 cundum
2199 2611 2610 2677 substantiam;
2677 2612 2823 2666 unde
2882 2615 3063 2681 quoad
3126 2614 3489 2669 substantiam

1908 2700 2071 2754 etiam
2098 2711 2225 2754 sunt
2264 2701 2654 2758 immutabiles.
2682 2702 3031 2759 lntcllectiles
3055 2704 3241 2774 itaque
3263 2715 3408 2769 sunt.
3432 2706 3490 2761 in

1909 2800 2172 2859 quantum
2218 2792 2550 2861 incorporei,
2598 2803 2653 2849 et
2695 2803 2799 2848 tam
2848 2797 2919 2849 ab
2975 2796 3214 2851 invicem
3260 2813 3423 2865 quam
3456 2813 3490 2851 a

1909 2883 2065 2938 nobis
2082 2883 2268 2953 aliquo
2288 2886 2446 2938 modo
2474 2885 2711 2956 cogniti;
2744 2897 2800 2940 et
2826 2887 3215 2959 intelligentes,
3240 2888 3295 2941 in
3314 2904 3489 2957 quan-

1909 2983 2021 3029 tum
2066 2984 2299 3041 mentes,
2334 2986 2389 3029 et
2420 2976 2680 3044 quoniam
2732 2979 3248 3046 supermundialiter
3284 2980 3486 3035 intelli-

1908 3077 2062 3139 gunt,
2091 3085 2192 3139 per
2224 3068 2643 3126 illustrationem
2671 3088 2853 3125 rerum
2889 3075 3128 3127 rationes
3156 3088 3490 3142 cognoscen-

1910 3170 2014 3228 tes,
2046 3171 2101 3216 et
2128 3177 2235 3217 non
2265 3162 2565 3229 sensilitcr,
2596 3165 2672 3217 uti
2706 3178 2827 3230 nos,
2865 3180 2950 3218 res
2989 3165 3486 3234 apprehendentes.

211 3268 325 3338 γὰρ
359 3270 407 3321 oi
442 3269 662 3323 παλαιοὶ
698 3270 790 3323 τὸν
827 3270 1009 3341 βωμὸν
1040 3271 1290 3336 ἐκάλουν,
1316 3272 1376 3324 ἐν
1411 3265 1455 3339 ᾧ
1484 3271 1583 3335 τάς
1609 3270 1801 3333 θυσίας

1908 3254 2061 3323 Quod
2095 3256 2142 3310 si
2169 3271 2269 3310 nos
2300 3271 2518 3325 quoque
2550 3272 2654 3310 non
2688 3271 2811 3309 raro
2844 3270 3027 3310 rerum
3060 3257 3300 3311 rationes
3324 3258 3488 3312 intel-

206 3360 522 3414 ἐπετέλουν.
560 3362 784 3430 Ἔλεγον
821 3363 877 3416 δὲ
900 3363 995 3416 καὶ
1019 3363 1212 3433 ἑτέραν
1236 3364 1431 3435 νοητὴν
1461 3364 1667 3430 ἑστίαν,
1698 3365 1797 3435 τὴν

210 3454 345 3523 περὶ
381 3453 441 3507 τὸ
477 3454 608 3507 αὐτὸ
628 3454 737 3509 τῶν
778 3455 939 3508 θείων
970 3456 1202 3527 ἵδρυσιν,
1232 3458 1299 3527 ἥν
1325 3458 1419 3510 καὶ
1450 3457 1602 3528 ἱερὰν
1630 3453 1794 3528 εἶχον,

207 3544 309 3597 καί
331 3546 493 3615 ὅρκον
520 3545 778 3610 ἐτίθεντο,
810 3545 927 3598 θεῖα
952 3546 1008 3599 δὲ
1034 3545 1102 3599 τὰ
1129 3546 1356 3617 οὐράνια
1386 3546 1592 3616 ἔλεγον.
1633 3549 1796 3617 Λέγει

208 3635 323 3706 γὰρ
346 3637 442 3688 καὶ
467 3637 495 3687 ὁ
531 3636 782 3699 Ἰουδαῖος
805 3637 977 3690 Φίλων
1004 3640 1063 3691 ὲν
1090 3637 1167 3707 τῷ
1192 3639 1325 3707 περὶ
1358 3638 1468 3707 τῆς
1502 3642 1798 3709 φλογίνης

205 3729 511 3796 ῥομφαίας
532 3727 631 3781 καὶ
655 3727 774 3782 τῶν
799 3728 1081 3797 χερουϐὶμ
1124 3728 1267 3800 λόγῳ
1288 3746 1308 3760 ο
1340 3731 1404 3784 Ἠ
1438 3732 1494 3784 δὲ
1521 3732 1657 3804 μονὴ
1682 3733 1793 3786 τῶν

207 3819 308 3872 τοῦ
346 3820 553 3891 κόσμου
598 3819 800 3892 μερῶν,
829 3821 1041 3874 ἑστῶσα
1068 3822 1305 3891 παγίως,
1335 3824 1491 3879 ἑστία
1528 3826 1664 3897 πρὸς
1688 3826 1796 3879 τῶν

209 3913 461 3965 παλαιῶν
490 3913 793 3978 εὐθυϐόλως
831 3913 1173 3982 ὠνόμασε-αι’
1205 3916 1409 3987 κόσμου
1442 3918 1582 3989 μέρη
1625 3918 1797 3987 λέγων

206 4004 310 4075 τὴν
337 4004 536 4073 φαῦσιν
555 4006 649 4059 τοῦ
676 4006 848 4077 ἡλίου,
896 4006 991 4058 καὶ
1017 4006 1115 4077 τὴν
1140 4008 1235 4060 ἐπὶ
1262 4007 1323 4061 τὸ
1347 4009 1476 4061 αὐτὸ
1519 4010 1795 4063 ἀποκατά-

212 4114 409 4150 στασιν
432 4098 529 4168 τῆς
556 4098 805 4170 σελήνης,
838 4097 1063 4170 αῦξησίν
1088 4116 1147 4152 τε
1172 4099 1265 4152 καὶ
1291 4100 1536 4171 μείωσιν,
1564 4101 1661 4174 τὴν
1688 4101 1797 4156 τῶν

209 4194 387 4247 ὑετῶν
416 4192 594 4264 χύσιν,
622 4193 722 4263 τὴν
749 4192 858 4245 τῶν
895 4192 1132 4264 βροντῶν
1162 4210 1221 4245 τε
1264 4194 1359 4245 καὶ
1382 4195 1680 4266 ἀστραπῶν
1712 4197 1798 4250 σύ-

211 4303 402 4340 στασιν
429 4285 521 4338 καὶ
545 4284 874 4354 οἰκονομίαν,
895 4285 989 4338 καὶ
1014 4284 1183 4337 τᾶλλα
1213 4284 1249 4337 ὅ.
1266 4284 1329 4356 δὴ
1346 4286 1484 4339 ςιατά
1502 4287 1602 4351 τὰς
1627 4289 1797 4354 αὑτὰς

207 4378 393 4441 αἰτίας
428 4377 599 4430 εἰσαεί
634 4394 764 4429 ποτε
792 4376 1059 4445 γίνονται·
1088 4376 1260 4430 ταῦτα
1280 4376 1388 4450 γὰρ
1412 4381 1505 4433 καὶ
1523 4383 1571 4434 oi
1607 4381 1797 4454 ’Έλλη-

208 4487 303 4532 νες
337 4470 457 4522 θεῖα
490 4469 673 4536 ελεγον
706 4468 840 4540 πρὸς
884 4467 1293 4539 ἀντιδιαιστολὴν
1336 4470 1445 4523 τῶν
1483 4472 1606 4524 καθ’
1652 4475 1797 4543 ἡμᾶς

205 4562 277 4616 δι’
305 4562 469 4626 ἄλλας
492 4562 585 4615 καὶ
605 4561 769 4624 ἄλλας
790 4562 969 4625 αἰτίας
998 4560 1238 4633 ρευστῶν
1259 4579 1318 4616 τε
1348 4566 1441 4617 καὶ
1468 4564 1791 4621 ἀλλοιωτῶν.

1900 3348 2136 3416 ligimus,
2172 3357 2352 3402 tamen
2383 3348 2686 3402 scientifice
2715 3348 2763 3400 id
2810 3348 3073 3404 habemus
3097 3362 3153 3403 et
3180 3352 3488 3419 dependen-

1903 3449 1983 3492 ter
2033 3455 2062 3493 a
2091 3454 2276 3506 sensu,
2309 3455 2418 3509 quo
2454 3440 2658 3495 idcirco
2690 3455 2944 3510 egemus;
2980 3442 3113 3495 nihil
3164 3442 3310 3496 enim
3341 3444 3488 3512 quod

1902 3546 2123 3585 sensum
2156 3529 2326 3601 fugiat
2356 3533 2762 3600 cognoscimus,
2801 3532 2905 3596 etsi
2930 3532 3094 3587 etiam
3122 3533 3239 3602 ejus
3265 3550 3486 3591 sensum

1900 3623 2221 3692 accipimus.
2250 3621 2322 3676 At
2351 3632 2560 3678 mentes
2592 3623 2789 3677 divinae
2820 3624 3333 3693 supermundialiter
3356 3626 3484 3682 illu-

1900 3723 2145 3769 strantur
2170 3715 2495 3782 rationibus,
2521 3724 2576 3769 et
2609 3715 2660 3768 in
2686 3724 2896 3770 mentes
2916 3727 3178 3786 cognatas
3203 3718 3483 3775 transfun-

1901 3811 2069 3875 dunt;
2102 3818 2157 3864 et
2187 3809 2419 3875 mansio,
2449 3820 2504 3864 et
2536 3810 2786 3875 firmitas,
2823 3819 2877 3864 et
2931 3814 3389 3883 contemperatio,
3423 3823 3484 3870 et

1900 3903 2252 3958 conservatio
2289 3903 2422 3971 ipsis
2463 3912 2548 3960 est
2574 3916 2638 3956 ex
2672 3903 2917 3958 bonitate
2945 3903 3063 3970 Dei,
3088 3906 3342 3977 quodque
3371 3909 3486 3965 sint

1899 3998 2073 4052 instar
2120 3997 2376 4052 domicilii
2407 3996 2714 4064 cujusdam,
2748 4011 2811 4050 ac
2843 3996 3038 4051 divina:
3073 4014 3183 4053 ara:
3213 4002 3482 4057 bonorum

1900 4105 2019 4158 qua:
2046 4104 2111 4143 ex
2146 4088 2256 4141 Deo
2289 4096 2443 4141 sunt.
2493 4084 2710 4138 Ἑστίαν
2740 4087 2888 4163 enim
2932 4099 3149 4143 veteres
3179 4105 3330 4144 aram
3381 4105 3482 4161 ap-

1898 4182 2199 4251 pellabant,
2236 4180 2290 4232 in
2323 4194 2427 4246 qua
2462 4180 2731 4233 sacriﬁcia
2762 4183 3186 4237 consecrabant.
3216 4182 3483 4239 Dicebant

1898 4273 2062 4327 etiam
2093 4272 2196 4326 alio
2218 4268 2381 4341 385
2414 4286 2577 4325 sensu
2602 4269 2811 4332 ἑστίαν,
2854 4271 3027 4337 ipsum
3054 4286 3231 4324 rerum
3262 4272 3478 4328 divina-

1902 4380 2021 4417 rum
2054 4363 2393 4427 firmitatem,
2436 4377 2599 4429 quam
2632 4372 3038 4414 sacrosanctam
3087 4361 3381 4426 habebant,
3422 4374 3479 4419 et

1893 4455 2276 4529 jusjurandum
2302 4452 2667 4522 appellabant,
2698 4467 2782 4506 res
2820 4463 2999 4504 autem
3031 4454 3285 4509 caelestes
3317 4470 3482 4510 voca~

1901 4553 2034 4606 bant
2065 4550 2300 4603 divinas.
2344 4545 2500 4602 Philo
2540 4544 2705 4599 etiam
2746 4543 2984 4609 Judwus,
3022 4546 3074 4599 in
3114 4562 3367 4603 sermone
3412 4549 3480 4604 de

208 4657 325 4710 Καὶ
346 4655 409 4708 τὸ
431 4654 677 4724 ὲφῖεσθαι
704 4654 864 4708 πάλιν
888 4656 987 4725 τῆς
1015 4655 1162 4717 θείας
1205 4652 1397 4726 αἴγλης
1421 4654 1610 4721 αὑτὰς,
1659 4658 1793 4711 ἀλλὰ

1908 4646 2145 4711 ﬂammea
2177 4641 2479 4709 rhomphwa
2507 4648 2554 4692 et
2588 4638 2878 4704 cherubim,
2904 4640 2980 4693 ait
3011 4656 3023 4692 :
3060 4638 3269 4695 Mansio
3292 4650 3478 4696 autem

206 4749 309 4801 καὶ
348 4746 411 4799 τὸ
436 4743 594 4809 εἶναι,
626 4747 720 4798 καὶ
745 4743 803 4796 τὸ
830 4740 887 4797 εὖ
925 4741 1084 4809 εἶναι,
1123 4745 1188 4796 ὲκ
1223 4743 1427 4815 ταύτης
1454 4742 1554 4813 τῆς
1590 4745 1793 4814 ἀγαθά..
1827 4786 1831 4790 .

205 4857 375 4911 τητος
405 4838 608 4909 ἔχουσι,
662 4837 756 4891 καὶ
798 4836 932 4906 πρὸς
967 4836 1185 4905 ἐκείνην
1228 4833 1559 4902 ἀγαθοειδῶς
1594 4836 1797 4891 ἀποτυ-

209 4926 465 4993 ποῦνται,
493 4930 587 4982 καὶ
607 4930 728 4992 ταῖς
763 4927 879 4997 μετ’
909 4925 1080 4989 αὐτὰς
1102 4924 1417 4978 κοινωνοῦσι
1448 4924 1556 4978 τῶν
1585 4924 1793 4998 δώρων,

208 5021 290 5086 ὡς
321 5024 349 5076 ὁ
378 5022 508 5092 περὶ
534 5019 704 5083 αὺτάς
744 5018 885 5081 θεῖος
919 5018 1020 5087 τῆς
1057 5017 1344 5080 διαδόσεως
1374 5017 1536 5087 νόμος
1564 5019 1792 5090 ὑφηγεῖ-

208 5131 325 5168 ται.

1902 4736 2141 4807 partium
2187 4731 2399 4797 mundi,
2449 4745 2572 4784 cum
2616 4740 2721 4786 stet
2766 4732 3018 4797 firmiter,
3048 4732 3203 4786 ἑστία
3232 4734 3300 4789 ab
3333 4737 3478 4789 auti-

1900 4830 2022 4898 quis
2048 4835 2197 4881 recta
2214 4823 2528 4893 conjectura
2550 4824 2826 4879 nominata
2851 4833 2954 4889 est;
2977 4836 3158 4895 partes
3177 4828 3365 4882 mundi
3383 4843 3477 4884 vo-

1900 4936 2035 4975 cans
2073 4917 2341 4988 fulgorem
2406 4914 2537 4969 solis
2584 4926 2640 4968 et
2688 4916 2828 4970 lunae
2875 4918 2931 4970 in
2974 4919 3225 4973 eumdem
3271 4929 3475 4974 statum

1901 5011 2333 5073 restitutionem,
2365 5008 2871 5077 incretnentumque
2903 5024 2967 5065 ac
3006 5010 3473 5081 imminutionem,

1896 5105 2206 5178 pluviarum
2246 5099 2589 5165 effusionem,
2647 5100 3015 5156 tonitruorum
3074 5119 3138 5158 ac
3197 5104 3473 5175 fulgurum

209 5209 657 5264 constitutionem
709 5225 774 5265 ac
831 5211 1312 5281 dispensationem,
1368 5215 1676 5275 caeteraque
1714 5221 1833 5277 quae
1874 5200 2171 5260 secundum
2205 5195 2424 5250 easdem
2458 5205 2718 5264 perpetuo
2776 5195 2939 5261 ﬁunt;
2972 5212 3095 5250 nam
3146 5198 3259 5254 haec
3304 5201 3472 5253 etiam

208 5302 645 5372 gentilesdivina
677 5302 1149 5367 nominabant,ad
1167 5298 1579 5354 distinctionem
1608 5313 1793 5352 rerum
1842 5293 2192 5357 nostratium,
2237 5303 2356 5359 quae
2406 5286 2527 5341 aliis
2572 5296 2733 5356 atque
2776 5289 2898 5343 aliis
2942 5289 3009 5344 de
3080 5292 3259 5345 causis
3315 5290 3474 5345 ﬂuxae

205 5411 345 5455 sunt
390 5413 453 5454 ac
502 5400 815 5455 mutabiles.
883 5401 1133 5467 Dumque
1212 5412 1402 5452 rursus
1453 5395 1560 5450 illae
1610 5396 1856 5451 divinum
1890 5391 2238 5459 splendorem
2278 5392 2561 5455 appetunt,
2614 5392 2724 5436 tam
2781 5393 2840 5438 ut
2893 5384 3005 5437 sint
3045 5400 3206 5451 quam
3238 5393 3293 5435 ut
3332 5384 3473 5437 bene

206 5495 348 5559 sint,
378 5507 447 5546 ex
475 5492 664 5547 eadem
688 5491 933 5546 bonitate
950 5490 1223 5555 obtinent,
1252 5504 1356 5545 nec
1384 5503 1492 5544 non
1515 5489 1618 5559 ipsi
1649 5486 2035 5543 boniformiter
2058 5477 2504 5540 conformantur.
2536 5483 2592 5528 θῑ
2641 5474 2797 5544 illi“
2852 5475 3050 5531 δίνῖυω
3106 5475 3239 5544 legis
3299 5474 3473 5529 δίαιθ’

205 5600 361 5649 men,
408 5584 701 5640 inferiores
745 5601 876 5640 suos
916 5586 1182 5640 donorum
1233 5582 1463 5637 istorum
1506 5581 1801 5651 participes
1831 5577 2095 5635 eﬂiciunt.

284 5678 313 5751 δ
340 5679 401 5732 Il.
442 5677 575 5732 Ἀπὸ
594 5678 795 5750 ταύτης
832 5680 932 5749 τῆς
964 5678 1113 5741 θείας
1145 5676 1483 5747 ἀγαθότητος
1517 5673 1696 5728 αὐτῶν
1744 5674 1793 5725 οἱ

1975 5670 2002 5741 §
2031 5669 2092 5722 ll.
2120 5667 2203 5721 Ab
2222 5665 2329 5720 hac
2354 5661 2536 5718 divina
2566 5660 2808 5715 bonitate
2841 5660 2971 5728 ipsis
2994 5668 3049 5712 et
3070 5658 3271 5728 gradus
3314 5666 3464 5721 sunt,

200 5750 415 5844 βαθμοὶ
440 5770 536 5821 καὶ
560 5772 613 5821 αἰ
638 5769 823 5834 τάξεις
845 5771 1005 5835 εἰσιν,
1034 5771 1088 5825 αἱ
1131 5768 1267 5839 πρὸς
1294 5765 1529 5838 ἀλλήλας
1553 5762 1795 5826 ὲνώσεις,

1908 5758 2233 5818 etordines.
2262 5765 2317 5812 et
2356 5754 2423 5810 ad
2456 5750 2689 5807 invicem
2736 5750 2985 5816 uniones,
3039 5750 3094 5807 id
3134 5758 3217 5806 est
3251 5750 3466 5805 divinus

326 5879 515 5937 iPsal.
551 5895 650 5951 cn,
681 5880 774 5939 20.
