3866 6234
3578 355 3692 410 759.

417 336 513 393 75l
1521 342 1579 398 S.
1618 340 1924 401 DIONYSII
1959 341 2429 401 AREOPAGITAS

412 470 567 511 arnor
591 456 657 512 ad
685 456 941 513 Invicem.
980 458 1083 526 Qui
1116 458 1334 514 divinus
1360 475 1537 526 amor,
1562 477 1687 516 cum
1722 464 1793 517 sit
1821 463 1975 516 etiam

2089 462 2333 533 δηλονότι
2351 464 2380 517 ὁ
2405 462 2541 535 πρὸς
2566 463 2798 536 ἀλλήλας
2818 464 3128 540 θεοπρεπὴς
3147 468 3305 539 ἔρως.
3336 472 3432 535 ’ος
3447 471 3511 533 δὴ
3542 471 3693 537 θεῖος

410 549 666 615 unilicus,
708 551 991 621 conjungit
1033 549 1180 620 ipsas
1230 567 1333 607 non
1384 554 1681 608 acervatim
1742 568 1975 623 compor‘

2096 553 2235 626 ἔρως
2272 553 2348 608 ὢν
2383 557 2476 610 καὶ
2515 555 2778 621 ἑνοποιὸς,
2822 560 3084 613 συνάπτει
3124 561 3293 623 αὑτὰς
3333 562 3393 614 ού
3440 563 3692 634 σωρηδὸν

411 650 558 704 tans,
591 644 684 696 sed
710 643 1023 697 amabiliter
1054 646 1458 714 constringens.
1487 644 1621 701 Nam
1653 662 1775 701 cum
1805 645 1975 702 resin

2098 646 2466 717 συγκομίζων,
2511 646 2646 699 ἀλλά
2680 647 2981 719 ἀγαπητῶς
3022 649 3353 719 συνδεσμῶν.
3409 650 3531 703 Τῶν
3572 651 3693 724 γὰρ

413 732 742 803 telligibiles,
769 742 898 788 utet
922 735 1231 798 sensibiles,
1262 737 1541 805 atquivoce
1586 738 1858 804 dicantur,
1887 736 1992 790 alia

408 824 628 893 quidem
659 833 786 878 sunt
822 826 995 893 unita,
1019 838 1075 881 et
1112 845 1141 879 a
1167 843 1225 882 se
1256 840 1445 882 mutuo
1482 830 1865 899 dependentia,
1885 828 1990 883 alia

408 930 540 970 vero
559 918 728 972 divisa
754 928 809 971 et
838 928 1186 973 coacervata.
1212 922 1291 974 Ac
1320 919 1744 991 intelligibilium
1769 922 1990 992 quidem

408 1010 564 1064 unita
591 1019 738 1074 sunt,
769 1010 939 1066 veluti
966 1011 1171 1080 lumen,
1204 1014 1336 1080 vita,
1368 1024 1423 1069 et
1454 1015 1691 1070 mundus
1732 1014 1993 1086 intelligi-

405 1100 557 1165 bilis,
602 1111 655 1156 ct
707 1101 915 1157 similia
944 1121 959 1169 ;
992 1105 1292 1159 secundum
1331 1122 1495 1175 quant
1530 1108 1785 1162 unionem
1820 1107 1987 1163 etiam

404 1192 624 1248 ordines
648 1194 968 1265 angelorum
1003 1207 1133 1252 sunt
1168 1199 1328 1262 uniti,
1356 1208 1412 1254 et
1440 1216 1468 1253 a
1492 1214 1553 1256 se
1583 1211 1774 1256 mutuo
1803 1200 1989 1255 divino

401 1299 592 1340 amore
645 1285 987 1357 dependent;
1028 1289 1203 1345 divisa
1254 1306 1386 1347 vero
1423 1302 1484 1347 et
1520 1294 1775 1362 apposita
1826 1305 1983 1362 sunt,

400 1376 551 1432 Velut
576 1382 874 1446 exercitus,
902 1390 958 1435 et
987 1384 1124 1437 ordo
1166 1385 1522 1453 particularis
1564 1387 1905 1458 angelorum.
1934 1401 1989 1446 ct

402 1469 615 1524 familia
644 1480 699 1526 et
728 1472 951 1530 chorus.
985 1472 1040 1528 ln
1068 1474 1366 1529 sensilibus
1388 1485 1568 1531 autem
1603 1480 1731 1534 nnio
1761 1490 1846 1535 est
1867 1483 1985 1537 ani—

402 1560 535 1625 mal,
565 1563 752 1627 arbor,
792 1566 1027 1619 mundus
1048 1566 1134 1620 hic
1157 1564 1467 1629 sensibilis;
1501 1568 1799 1625 divisiones
1829 1585 1983 1637 vero,

400 1670 556 1724 grex,
589 1655 837 1724 populus.
868 1658 1091 1721 chorus,
1126 1673 1379 1726 acervus.
1416 1659 1617 1714 Verum
1652 1662 1736 1717 hac
1763 1663 1983 1733 quidem

399 1756 525 1801 sunt
579 1748 813 1803 uniones
869 1749 1239 1820 angelicarum
1292 1751 1557 1806 virtutum
1598 1753 1665 1806 ad
1726 1753 1981 1821 invicem,

400 1839 605 1894 habent
647 1852 830 1895 autem
872 1842 1040 1895 etiam
1095 1850 1314 1897 mutuas
1347 1844 1782 1913 penetrationes,
1817 1856 1984 1917 atque
2014 1823 2058 1879 Β

399 1933 600 1987 iterum
638 1932 1024 1990 distinctiones
1088 1934 1428 1990 inconfusus.
1490 1936 1705 1993 Mutuas
1760 1939 1983 2008 quidem

394 2025 829 2093 penetrationes,
866 2040 935 2080 ne
978 2027 1211 2082 uniones
1249 2028 1559 2097 intelligens
1591 2029 1657 2084 ad
1708 2030 1939 2087 invicem
1964 2074 1981 2101 ,

392 2116 704 2171 naturalem
760 2116 999 2184 aliquam
1059 2118 1269 2175 dixeris
1322 2120 1627 2189 unionem,
1680 2126 1979 2179 secundum

386 2222 558 2275 quam
582 2215 764 2278 partes
781 2207 847 2262 ad
866 2209 1032 2263 totius
1058 2209 1286 2279 alicujus
1303 2211 1760 2281 complementum
1780 2215 1980 2270 uniun-

387 2309 508 2365 tur,
537 2300 632 2352 sed
663 2299 833 2352 libera
858 2308 942 2353 est
968 2302 1304 2369 penetratio,
1332 2318 1439 2373 qua
1468 2304 1571 2360 ista
1602 2305 1731 2361 unio
1760 2307 1854 2362 Dei
1888 2308 1983 2361 bo-

394 2394 567 2447 nitate
614 2392 667 2446 in
718 2392 851 2461 ipsis
882 2394 980 2447 tit:
1018 2408 1141 2449 nam
1173 2410 1259 2451 res
1299 2398 1543 2453 materia:
1561 2410 1817 2470 expertes
1843 2411 1896 2456 et
1922 2417 1981 2458 se

392 2495 582 2538 nmtuo
609 2484 898 2540 inconfuse
924 2494 1246 2554 penetrant,
1276 2498 1333 2544 et
1360 2505 1576 2545 rursum
1603 2492 1887 2559 recedunt,
1915 2511 1980 2551 ac

392 2574 806 2640 discernuntur,
833 2591 1001 2647 atque
1027 2577 1095 2631 ad
1122 2578 1223 2633 hoc
1256 2592 1385 2634 sunt
1432 2582 1633 2652 gradus
1660 2592 1715 2638 et
1759 2584 1980 2641 ordines

394 2667 632 2737 ipsorum
662 2669 820 2738 primi
850 2678 904 2723 et
931 2671 1177 2725 secundi.
1210 2671 1290 2726 Tu
1322 2688 1450 2728 vero
1479 2676 1788 2742 considera,
1812 2677 1981 2749 386

392 2762 665 2827 quomodo
700 2761 1132 2818 inconfusionem
1186 2774 1353 2834 ponat
1398 2766 1453 2820 in
1501 2768 1972 2826 distinctionibus.

390 2852 693 2921 Oportebat
733 2855 878 2913 enim
924 2857 1109 2925 potius
1156 2858 1208 2912 id
1250 2857 1459 2913 dictum
1490 2859 1543 2913 in
1579 2862 1779 2917 mutuis
1814 2877 1977 2934 pene-

391 2946 745 3013 trationibus,
778 2947 865 3003 ubi
889 2949 1055 3003 etiam
1084 2949 1423 3007 confusionis
1447 2953 1687 3021 suSpicio
1701 2954 1971 3022 oboritur;

390 3039 487 3093 sed
521 3038 648 3095 huic
678 3042 948 3107 occurrit,
978 3041 1313 3113 assignando
1345 3045 1531 3098 statim
1561 3046 1727 3099 etiam
1774 3046 1965 3103 distin-

2096 736 2325 807 νοητῶν,
2354 736 2430 801 ὡς
2461 738 2557 791 καὶ
2582 737 2693 791 τῶν
2716 738 3012 810 αἰσθητῶν,
3051 739 3222 794 ὄντων
3262 741 3568 812 ὁμωνύμως
3598 741 3687 795 λε-

2094 829 2362 898 γομένων,
2386 828 2455 882 τά
2482 829 2580 900 μὲν
2607 828 2755 883 ἐστιν
2779 831 3037 903 ἡνωμένα
3069 833 3164 886 καὶ
3186 831 3689 904 ἀλληλουχούμενα,

2092 921 2167 975 τά
2186 920 2243 973 δὲ
2272 920 2579 994 διῃρημένα
2606 921 2705 975 καὶ
2729 923 2991 995 σωρηδὸν.
3022 925 3133 977 Καὶ
3155 925 3363 996 νοητῶν
3393 926 3493 997 μὲν
3539 928 3687 998 ἡνω-

2097 1011 2255 1083 μένα,
2300 1007 2413 1067 οἷον
2451 1012 2590 1082 φῶς,
2628 1013 2766 1086 ζωὴ,
2808 1015 2903 1069 καὶ
2938 1016 3128 1088 νοητὸς
3171 1016 3398 1089 κόσμος,
3438 1019 3537 1071 καὶ
3580 1020 3687 1073 ὅσα

2091 1104 2336 1169 τοιαῦτα,
2361 1105 2485 1159 καθ’
2507 1108 2573 1178 ἣν
2606 1107 2801 1161 ἕνωσιν
2836 1110 2931 1162 καὶ
2970 1110 3027 1162 αί
3063 1109 3172 1161 τῶν
3210 1110 3459 1179 ἀγγέλων
3496 1112 3687 1179 τάξεις

2090 1195 2229 1249 εἰσὶν
2268 1195 2703 1267 ὲνοποιούμεναι,
2755 1199 2850 1253 καὶ
2892 1198 3383 1272 ἀλληλουχούμεναι
3426 1202 3506 1273 τῷ
3552 1202 3686 1275 θείῳ

2090 1283 2254 1356 ἔρωτι
2274 1302 2287 1315 ·
2314 1285 2620 1360 διῃρημένα
2646 1288 2705 1342 δὲ
2728 1289 2827 1343 καὶ
2848 1290 2906 1343 ὲν
2929 1291 3255 1362 παραθέσει,
3281 1291 3396 1348 οἷον
3425 1295 3683 1365 στρατιά,

2089 1376 2184 1429 καὶ
2215 1375 2370 1441 τάξις
2403 1377 2507 1430 ίδία
2540 1378 2807 1447 ἀγγέλων,
2837 1381 2930 1434 καὶ
2952 1381 3178 1453 πατριὰ,
3218 1386 3311 1436 καὶ
3336 1383 3520 1454 χορός.
3558 1386 3685 1438 Ἐπὶ

2086 1469 2144 1523 δὲ
2183 1469 2480 1541 αἰσθητῶν,
2522 1470 2745 1536 ὲνὼσεις
2773 1472 2873 1543 μὲν
2900 1472 3060 1538 ζῶον,
3099 1474 3334 1546 δένδρον,
3364 1478 3392 1529 ὁ
3418 1476 3683 1547 αἰσθητὸς

2085 1554 2240 1624 οὗτος
2283 1560 2522 1633 κὸσμοςυ
2569 1562 2863 1633 διαιρέσεις
2910 1564 2965 1617 δὲ
3015 1565 3240 1637 ποίμνη,
3270 1566 3462 1637 δῆμος,
3492 1568 3681 1639 χορὸς,

2088 1654 2283 1727 σωρός.
2322 1654 2462 1708 Ἀλλ’
2491 1648 2648 1710 αὗται
2669 1656 2767 1727 μέν
2793 1658 2930 1710 εἰσιν
2954 1659 3008 1710 αἱ
3035 1658 3169 1728 πρὸς
3196 1657 3427 1730 ἀλλήλας
3454 1660 3684 1725 ἐνώσεις

2085 1748 2193 1802 τῶν
2216 1748 2524 1818 ἀγγελικῶν
2548 1749 2851 1822 δυνάμεων,
2888 1751 3072 1821 ἔχουσι
3098 1751 3153 1804 δὲ
3182 1752 3275 1805 καὶ
3299 1754 3359 1805 ὲν
3393 1753 3684 1825 ἀλλήλαις,

2085 1839 2182 1894 καὶ
2214 1835 2369 1905 αὖθις
2402 1839 2704 1913 διακρίσεις
2745 1841 3106 1911 ἀσυγχύτους.
3151 1843 3435 1915 Χωρήσεις
3492 1847 3591 1917 μὲν
3622 1848 3685 1899 ἐν

2085 1929 2362 2001 ἀλλήλαις,
2388 1931 2469 1984 ὅτι
2501 1930 2575 2003 μὴ
2604 1929 2844 1995 ἀκούσας
2867 1931 3089 1995 ἐνώσεις
3128 1932 3263 2003 πρὸς
3299 1931 3561 2004 ἀλλήλας,
3590 1953 3684 2003 φυ-

2087 2020 2245 2091 σικήν
2266 2036 2386 2072 τινα
2409 2018 2569 2089 εἴπῃς
2600 2018 2814 2082 ἕνωσιν,
2839 2019 2960 2073 καθ’
2983 2020 3047 2092 ἦν
3073 2020 3313 2073 ἑνοῦνται
3330 2021 3401 2074 τά
3430 2022 3576 2093 μέρη
3601 2026 3683 2087 εἰς

2084 2111 2203 2175 svo;
2233 2111 2354 2165 ὅλου
2387 2112 2803 2184 συμπλήρωσιν,
2836 2111 2971 2165 ἀλλά
3004 2113 3305 2184 προαιρετή
3346 2114 3467 2166 ἐστι
3490 2114 3681 2186 χώρη-

2087 2222 2191 2269 σις,
2221 2204 2496 2276 ἡτοιαύτη
2524 2204 2719 2267 ἒνωσις
2762 2204 2822 2270 ἐξ
2860 2204 3196 2273 ἀγαθότητος
3232 2204 3369 2257 Θεοῦ
3408 2207 3682 2277 γενομένη

2084 2293 2163 2355 είς
2187 2292 2356 2356 αὑτάς
2378 2310 2389 2321 ·
2414 2292 2483 2345 τά
2503 2291 2613 2363 γάρ
2633 2291 2770 2346 ἀῦλα
2795 2293 2890 2345 καὶ
2911 2295 2969 2345 ὲν
2985 2293 3234 2365 ἀλλήλοις
3253 2298 3422 2366 χωρεῖ
3438 2296 3684 2367 ἀσυγχύ-

2080 2401 2211 2448 τως,
2240 2386 2334 2438 καὶ
2362 2385 2524 2439 πάλιν
2551 2384 2828 2456 ἀποχωρεῖ
2860 2385 2957 2439 καὶ
2991 2385 3342 2457 διακρίνεται,
3388 2387 3488 2440 καὶ
3516 2389 3684 2441 τοῦτὸ

2081 2479 2231 2531 ἐστιν
2260 2480 2309 2531 oi
2344 2478 2542 2549 βαθμοὶ
2567 2478 2661 2533 καὶ⁵
2686 2479 2741 2531 αἱ
2761 2476 2944 2543 τάξεις
2970 2479 3149 2532 αὐτῶν
3176 2480 3390 2551 πρῶται
3415 2483 3514 2535 καὶ
3556 2482 3683 2534 δεύ-

2079 2589 2254 2642 τεραι.
2284 2572 2353 2625 Σὺ
2392 2572 2448 2625 δὲ
2487 2572 2700 2635 σκόπει,
2739 2570 2856 2636 πῶς
2881 2572 2941 2625 τὸ
2971 2572 3274 2642 ἀσύγχυτον
3299 2574 3530 2627 ἐπὶτῶν
3566 2575 3686 2629 δια-

2078 2664 2317 2735 κρίσεων
2341 2664 2575 2734 τίθησιν.
2600 2663 2749 2717 Ἔδει
2768 2663 2877 2735 γάρ
2902 2664 3101 2733 μᾶλλον
3114 2665 3247 2735 περὶ
3272 2663 3382 2718 τῶν
3405 2668 3489 2728 εἰς
3514 2666 3687 2738 ἀλλή⁸

2078 2756 2177 2819 λας
2200 2757 2493 2829 χωρήσεων
2550 2756 2707 2809 τοῦτο
2758 2757 2952 2818 εἰπεῖν,
3001 2756 3132 2809 ὅπου
3189 2758 3285 2811 καὶ
3411 2757 3686 2827 σύγχυσις

2080 2848 2470 2901 ὑποπτεύεται.
2504 2847 2643 2902 Ἀλλ’
2663 2850 2842 2901 ἐκεῖνο
2868 2847 2967 2917 μὲν
2994 2847 3374 2918 θεραπεύεται,
3393 2850 3473 2921 τῷ
3498 2853 3683 2904 εἰπεῖν

2076 2942 2238 3005 εὐθὺς
2262 2941 2357 2995 καὶ
2378 2941 2645 3013 διάκρισιν
2660 2940 2768 2993 τῶν
2789 2940 3065 3012 ίδιοτήτων
3088 2942 3186 3012 τὴν
3214 2942 3507 3012 σύγχυσιν,
3536 2945 3569 3014 ἡ
3597 2945 3686 3009 εἰς

2074 3032 2280 3105 ἄλληλα
2318 3032 2581 3105 χώρησις,
2632 3034 2754 3085 ἐπεὶ
2802 3032 2963 3096 εὐθὺς
2992 3032 3275 3086 ἀκολουθεί
3312 3035 3347 3104 ή
3374 3034 3681 3105 διάκρισις.

390 3132 624 3188 ctionem
659 3133 1081 3203 proprietatum,
1130 3150 1200 3189 ne
1247 3134 1501 3192 confusio
1528 3137 1601 3192 sit
1648 3138 1737 3192 illa
1786 3150 1972 3194 mutua

2093 3124 2215 3177 Ἐπὶ
2242 3124 2300 3177 δὲ
2330 3123 2440 3177 τῶν
2483 3124 2808 3195 διακρίσεων
2833 3124 2883 3176 τί
2913 3114 3101 3182 εἴπενς
3128 3125 3454 3195 ἀσύγχυτον,
3498 3126 3687 3196 δηλῶν

391 3228 722 3298 penetratio,
775 3227 1037 3297 quoniam
1070 3226 1213 3282 illico
1263 3230 1513 3299 sequitur
1564 3231 1865 3290 distinctio.
1918 3232 1974 3289 In

390 3317 841 3371 distinctionibus
871 3326 1054 3371 autem
1083 3316 1415 3372 intellectam
1444 3319 1613 3375 fuisse
1640 3322 1978 3379 inconfusio-

391 3426 542 3474 nom,
572 3410 818 3464 det-Iurat
849 3408 1062 3462 ordinis
1110 3424 1299 3464 eorum
1333 3411 1774 3482 immutabilitas;
1807 3415 1977 3485 siqui-

385 3502 513 3558 dem
539 3502 840 3558 secundum
871 3503 1185 3559 istiusmodi
1216 3504 1622 3560 distinctionem
1668 3508 1976 3563 consistunt

388 3596 597 3665 gradus
622 3606 678 3651 et
701 3596 927 3651 ordines
972 3612 1186 3663 earum,
1217 3598 1518 3652 secundum
1555 3614 1693 3668 quos
1739 3600 1973 3670 primum

383 3699 470 3745 est
500 3698 556 3744 et
597 3691 919 3745 secundum.
963 3690 1172 3745 Idcirco
1197 3690 1597 3757 quodammodo
1636 3690 1809 3757 dicit,
1866 3706 1973 3747 non

390 3782 542 3850 quod
573 3796 634 3836 se
663 3790 855 3835 mutuo
882 3788 1196 3851 penetrant,
1249 3789 1304 3835 et
1340 3781 1534 3834 iterum
1565 3781 1970 3848 discemuntur,

389 3875 665 3929 immutari
693 3876 919 3930 ordines
945 3889 1159 3941 earnm,
1212 3890 1280 3931 ne
1327 3876 1706 3930 confusionem
1736 3876 1971 3945 aliquam

388 3964 685 4036 intelligas,
716 3968 811 4021 sed
850 3967 1048 4021 iterum
1106 3966 1238 4036 ipsis
1288 3967 1540 4021 eumdem
1574 3968 1823 4022 ordinem
1854 3983 1973 4022 ma-

390 4073 543 4123 nere,
579 4059 796 4114 tametsi
826 4074 886 4127 se
914 4069 1104 4114 mutuo
1136 4069 1449 4129 penetrent.
1481 4059 1594 4114 Hoc
1642 4060 1839 4114 iterum
1888 4070 1973 4116 est

388 4149 655 4204 bonitatis
686 4148 805 4213 Dei,
832 4150 980 4218 quod
1019 4149 1314 4204 inferiores
1360 4149 1587 4204 virtutes
1632 4150 1699 4203 ad
1727 4151 1973 4220 superioa

386 4256 474 4297 res
501 4242 869 4309 adducantur,
903 4251 959 4296 et
1008 4258 1201 4296 rursus
1253 4242 1569 4311 superiores
1618 4241 1973 4297 inferioribus

385 4336 736 4405 provideant,
765 4344 824 4390 ut
853 4350 1035 4404 neque
1070 4336 1199 4405 ipsa:
1226 4335 1494 4404 principia
1525 4334 1637 4389 sint
1681 4335 1969 4390 adductio-

385 4430 489 4497 nis,
516 4444 696 4500 neque
724 4429 807 4484 hae
838 4430 1173 4483 inconversa:
1189 4429 1299 4483 sint
1322 4429 1387 4482 ad
1407 4428 1839 4498 providentiam;
1860 4442 1970 4484 uno

2078 3214 2139 3267 τὸ
2171 3214 2272 3284 τῆς
2310 3213 2517 3279 τάξεως
2557 3215 2737 3268 αὐτῶν
2771 3214 3185 3287 ἀπαράλλακτον
3204 3234 3217 3245 ·
3246 3217 3369 3269 ἐπεὶ
3394 3216 3512 3289 γὰρ
3532 3216 3683 3270 κατά

2075 3307 2177 3379 τὴν
2207 3306 2465 3377 τοιαύτην
2498 3306 2771 3378 διάκρισιν
2803 3306 3150 3361 συνίστανται
3180 3309 3227 3360 oi
3260 3307 3464 3379 βαθμοὶ
3495 3309 3592 3362 καὶ
3622 3311 3683 3363 αἱ

2077 3399 2261 3464 τάξεις
2290 3398 2492 3461 αὐτῶν,
2517 3399 2640 3453 καθ’
2665 3399 2731 3463 ἃς
2761 3400 2821 3453 τὸ
2853 3400 3069 3470 πρῶτόν
3102 3402 3217 3453 ἐστι
3248 3400 3345 3453 καὶ
3379 3400 3443 3452 τὸ
3481 3400 3678 3454 δεύτε-

2080 3509 2193 3566 ρον.
2242 3491 2340 3547 Διά
2384 3491 2541 3545 τοῦτο
2579 3491 2781 3546 ὡσανεὶ
2828 3492 2997 3562 λέγει,
3052 3493 3125 3566 μὴ
3176 3494 3259 3546 ὅτι
3305 3495 3366 3546 ἐν
3410 3494 3683 3566 ἀλλήλαις

2078 3586 2335 3657 χωροῦσι,
2373 3586 2469 3639 καὶ
2502 3584 2663 3638 πάλιν
2702 3586 3088 3656 διακρίνονται,
3136 3582 3495 3656 παραλλαγὴν
3533 3586 3680 3657 λαμ-

2078 3678 2372 3742 ϐἀνειντάς
2414 3676 2598 3742 τάξεις
2634 3675 2835 3740 αὐτῶν,
2868 3677 2963 3729 καὶ
3000 3674 3261 3745 σύγχυσίν
3299 3691 3424 3727 τινα
3472 3674 3547 3746 μὴ
3584 3680 3680 3729 ἑν-

2076 3774 2311 3844 νοήσῃς’
2355 3770 2469 3824 ἀλλ’
2511 3772 2544 3840 ἡ
2586 3768 2725 3840 αύτὴ
2753 3768 2915 3822 πάλιν
2947 3767 3096 3839 μένει
3131 3767 3286 3832 τάξις
3315 3769 3533 3832 αὐταῖς,
3566 3770 3680 3823 κᾶν

2078 3864 2171 3917 καὶ
2202 3866 2261 3916 ὲν
2294 3862 2551 3932 ἀλλήλαις
2574 3860 2812 3932 χωρῶσι.
2847 3858 3015 3913 Πάλιν
3051 3860 3168 3912 ἐστὶ
3199 3859 3297 3927 τῆς
3329 3859 3679 3928 ἀγαθὸτητας

2076 3953 2171 4006 τοῦ
2199 3951 2334 4005 Θεοῦ
2366 3953 2426 4006 τὸ
2446 3952 2545 4015 τάς
2578 3950 2875 4023 ύφειμένας
2904 3950 3159 4020 δυνάμεις
3191 3948 3326 4020 πρὸς
3351 3950 3453 4014 τάς
3488 3953 3678 4022 κρείτ-

2076 4060 2203 4107 τους
2226 4042 2544 4111 ἀνάγεσθαι,
2578 4042 2670 4095 καὶ
2698 4039 2858 4094 πάλιν
2887 4040 2985 4103 τὰς
3016 4040 3297 4111 κρείττους
3336 4039 3447 4093 τῶν
3480 4040 3673 4092 δευτέ-

2081 4153 2188 4207 ρων
2220 4136 2468 4206 προνοεῖν
2496 4133 2570 4196 ὡς
2615 4133 2738 4203 μήτ’
2769 4131 2986 4193 ὲκείνας
3016 4130 3192 4201 ἀρχάς
3220 4125 3362 4183 εἶναι
3396 4130 3530 4201 περί
3567 4132 3675 4201 τὴν

2075 4228 2384 4297 ἀναγωγὴν,
2417 4228 2553 4298 μήτε
2582 4224 2781 4288 ταύτας
2802 4224 3229 4295 ἀνπιστρόφους
3256 4225 3384 4294 περὶ
3398 4224 3503 4295 τὴν
3532 4225 3673 4294 πρό-

2075 4338 2225 4374 νοιαν
2249 4337 2264 4353 ο
2297 4319 2417 4383 ἐνὸς
2444 4318 2553 4388 γὰρ
2580 4317 2724 4370 δυοῖν
2752 4314 3049 4379 λείποντος,
3080 4317 3179 4369 οὐκ
3204 4311 3273 4385 ἦν
3298 4332 3352 4367 τι
3388 4315 3669 4383 γενέσθαι.

2089 4411 2226 4464 Ἀλλ’
2267 4412 2301 4483 ἡ
2340 4409 2612 4479 ἀγαθότης
2639 4410 2673 4479 ἡ
2708 4406 2848 4471 θεία,
2879 4406 3051 4470 οὕτως
3082 4407 3209 4478 περὶ
3252 4406 3435 4459 αὐτῶν
3468 4406 3675 4479 ᾠκονό-

384 4519 528 4571 enim
559 4497 830 4573 e—duobus
858 4517 1152 4573 deﬁciente
1181 4517 1316 4571 nihil
1347 4497 1523 4570 fieret.
1556 4516 1757 4571 Verum
1786 4516 1967 4569 divina

2081 4521 2221 4575 μησε
2241 4520 2254 4532 °
2290 4502 2419 4573 παρ’
2443 4497 2523 4565 οἷς
2546 4502 2641 4554 καὶ
2671 4501 2727 4553 αί
2750 4499 2857 4553 τῶν
2882 4498 3095 4552 οἰκείων
3118 4498 3355 4569 ἑκάστης
3384 4499 3671 4570 δυνάμεως

387 4611 605 4664 bonitas
660 4611 735 4664 ita
782 4612 847 4665 de
899 4612 1030 4680 ipsis
1080 4610 1370 4677 disposuit.
1427 4606 1569 4661 llinc
1624 4609 1789 4660 etiam
1842 4616 1971 4660 sunt

386 4701 623 4771 propriae
650 4701 914 4770 cujusque
940 4700 1161 4755 virtutis
1203 4698 1489 4764 custodiae,
1519 4707 1573 4752 et
1601 4698 1969 4752 immutabiles

387 4796 595 4848 circum
631 4795 959 4863 semetipsas
982 4794 1421 4849 convolutiones.
1454 4790 1531 4845 Ne
1558 4791 1844 4847 existimes
1871 4805 1969 4842 au-

386 4896 495 4940 tem
521 4886 688 4954 ipsas,
707 4888 850 4953 quod
879 4887 1091 4955 potiora
1114 4885 1447 4947 desiderent,
1477 4892 1826 4938 contemnere
1844 4900 1969 4954 pro-

385 4976 836 5043 pria.Volvuntur
859 4986 1039 5031 autem
1061 4977 1260 5031 divina:
1289 4985 1501 5030 mentes
1525 4975 1735 5029 circum
1766 4986 1969 5030 semet-

385 5068 529 5136 ipsas
565 5082 672 5122 non
700 5068 1035 5125 volutatione
1064 5073 1299 5139 quadam
1351 5084 1638 5138 corporea,
1662 5069 1756 5123 sed
1782 5084 1969 5137 super-

386 5159 651 5213 mundiali
701 5169 755 5213 et
804 5160 1160 5232 intelligente,
1190 5170 1245 5214 et
1270 5160 1419 5229 quali
1449 5175 1602 5215 meus
1630 5160 1770 5214 volvi
1801 5164 1961 5223 solet,

386 5252 515 5305 dum
545 5267 609 5305 ex
641 5253 818 5321 seipsa
843 5254 907 5307 ad
942 5254 1415 5308 consideratioucs
1439 5255 1799 5323 progreditur,
1817 5264 1872 5308 et
1899 5255 1965 5309 ad

390 5345 628 5412 seipsam
662 5344 979 5409 revertitur,
1009 5360 1113 5399 non
1146 5358 1277 5397 vero
1299 5353 1457 5398 extra
1485 5344 1830 5413 semetipsam
1886 5342 1967 5397 di-

388 5436 543 5487 vulsa
578 5436 712 5489 abit.
745 5435 856 5489 Hoc
888 5439 1053 5489 etiam
1085 5436 1366 5488 insinuant
1387 5444 1520 5488 rotae
1545 5436 1684 5502 apud
1720 5434 1964 5488 divinum

393 5531 754 5595 Ezechielem,
788 5549 909 5600 qua:
957 5532 1153 5585 multos
1198 5531 1403 5584 habent
1436 5529 1647 5584 oculos.
1678 5530 1757 5584 Ex
1781 5530 1964 5585 divina

334 5624 349 5657 ί
391 5636 607 5691 quoque
629 5624 870 5677 bonitate
895 5624 1169 5678 exsistunt
1192 5624 1310 5676 istae
1338 5622 1479 5677 circa
1496 5622 1621 5677 boni
1639 5620 1964 5675 desiderium

396 5714 711 5769 identitates
738 5724 795 5768 et
818 5716 1217 5769 extremitates.
1244 5714 1510 5768 ldentitas
1556 5713 1774 5781 quidem
1806 5714 1965 5767 intel-

396 5803 633 5871 ligenda,
659 5805 879 5860 minime
906 5805 1163 5859 deﬁciens
1194 5821 1223 5858 a
1255 5805 1365 5859 Deo
1393 5802 1737 5871 conjunctio;
1776 5814 1962 5859 extre-

2078 4594 2333 4667 φρουραὶ,
2360 4593 2455 4646 καὶ
2483 4594 2536 4645 αἱ
2569 4592 2695 4663 περὶ
2724 4590 2894 4653 αύτάς
2924 4589 3305 4660 ἀμετάπτωτοι
3345 4589 3666 4657 συνελίξεις.

2072 4698 2164 4768 Μὴ
2194 4697 2324 4769 γὰρ,
2355 4698 2438 4751 ὅτι
2467 4695 2706 4765 ἐφίενται
2739 4695 2833 4747 καὶ
2852 4692 3134 4765 μειζόνων,
3165 4694 3544 4763 καταφρονεῖν
3572 4692 3666 4746 αύ-

2070 4790 2171 4853 τάς
2208 4790 2315 4842 τῶν
2342 4788 2561 4841 οἰκείων
2597 4785 2896 4859 ὑπολάϐῃς.
2941 4784 3274 4837 Ἑλίσσονται
3316 4784 3378 4837 δὲ
3443 4786 3499 4838 οἱ
3540 4786 3667 4839 θεῖοι

2071 4880 2187 4943 νὸες
2210 4879 2338 4951 περὶ
2372 4877 2542 4940 αύτάς
2568 4872 2732 4940 ἓλιξὶν
2761 4892 2883 4928 τινα
2912 4875 2971 4926 ού
2995 4872 3337 4944 σωματικὴν,
3363 4871 3486 4925 ἀλλ’
3511 4873 3669 4945 ὕπερ-

2071 4970 2297 5039 κόσμιον
2328 4968 2422 5021 καὶ
2450 4965 2663 5037 νοεράν,
2698 4965 2793 5017 καὶ
2822 4965 2936 5017 οἵαν
2969 4963 3180 5031 πέφυκε
3212 4960 3341 5025 νοῦς
3364 4961 3665 5016 ἐλίττεσθαι

2070 5060 2129 5125 ἐξ
2146 5058 2337 5113 ἑαυτοῦ
2365 5058 2571 5130 προῖὼν
2598 5059 2690 5111 ἐπὶ
2708 5059 2941 5128 νοήσεις,
2964 5060 3059 5108 καὶ
3085 5056 3163 5117 είς
3183 5053 3379 5105 ἑαυτὸν
3402 5055 3665 5126 ἀναστρέο

2070 5170 2206 5221 φων,
2248 5152 2308 5204 ού
2359 5150 2463 5223 μὴν
2503 5149 2608 5216 ἔξω
2643 5147 2837 5202 ἑαυτοῦ
2880 5145 3072 5218 χωρῶν
3114 5143 3455 5208 σκεδαστῶς.
3502 5147 3664 5199 Τοῦτο

2066 5245 2392 5298 αἰνίττονται
2439 5242 2534 5296 καὶ
2578 5243 2627 5294 οἱ
2670 5240 2822 5311 παρά
2862 5237 2941 5309 τῷ
2990 5237 3121 5308 θείῳ
3171 5236 3441 5308 Ἰεζεκιὴλ
3485 5235 3664 5309 τροχοὶ

2070 5342 2461 5415 πολυόμματοι.
2511 5341 2604 5395 Ἐκ
2633 5342 2733 5411 τῆς
2756 5341 2907 5404 θείας
2947 5339 3084 5393 εἰσὶν
3113 5338 3456 5407 ἀγαθότητος
3488 5340 3585 5392 καὶ
3609 5338 3660 5390 αἱ

2068 5437 2196 5507 περὶ
2224 5436 2325 5508 τὴν
2355 5435 2541 5505 ἔφεσιν
2569 5433 2809 5502 τάγαθοῦ
2832 5432 3163 5502 ταύτότητες
3206 5431 3302 5483 καὶ
3333 5431 3656 5501 ἀκρότητες.

2068 5525 2388 5595 Ταύτότητα
2424 5525 2522 5596 μὲν
2544 5524 2763 5594 νοητέον
2789 5523 2886 5595 τὴν
2916 5524 3016 5576 οὐκ
3045 5522 3353 5576 ἀπόπατον
3372 5522 3516 5591 πρὸς
3537 5522 3659 5574 Θεὸν

2066 5620 2340 5690 προσοχήν
2365 5636 2376 5647 ·
2409 5617 2687 5688 ἀκρότητα
2725 5616 2802 5679 δὲ,
2848 5615 2948 5687 τὴν
2970 5615 3071 5685 τῆς
3101 5616 3344 5686 νοήσεως
3366 5617 3553 5670 αὐτῶν
3588 5616 3658 5676 εἰς

2065 5711 2472 5783 ἀναγωγὴν,κα¹ι
2490 5710 2628 5763 κατά
2646 5710 2804 5781 χάριν
2821 5708 3396 5778 θέωσιν,πρόοδον,κα“ι
3412 5710 3515 5762 ὅσα
3532 5707 3659 5763 ἀλλα

2067 5805 2278 5876 εἴρηται
2294 5806 2425 5875 ἡμῖν
2441 5806 2498 5857 ἐν
2534 5802 2647 5873 ἰδίῳ
2673 5802 2861 5873 βιϐλίῳ
2904 5801 2982 5871 τῷ
3012 5801 3150 5868 Περὶ
3180 5801 3297 5855 τῶν
3324 5800 3658 5871 simulauit?
