3866 6234
219 308 329 362 755
803 302 890 357 DE
926 302 1183 357 DlVlNlS
1213 300 1613 367 NOMINIBUS,
1648 300 1800 358 CAP.
1842 299 1929 357 IV.
1968 331 2039 343 -ι
2071 296 2421 355 PARAPIIR.
2460 297 2933 356 ΡΑΟΙΗΜΕΠΑΞ.
3394 313 3497 369 734

212 420 532 489 latonia».
552 420 651 474 καὶ
677 419 921 485 τάξεων.
944 420 1018 473 υύ
1057 418 1161 489 μὴν
1179 418 1235 471 δὲ
1264 419 1398 472 ἀλλά
1428 421 1522 473 καὶ
1536 420 1637 472 ὅσα
1665 418 1814 471 εἴπο-

1925 417 2083 472 mitas
2108 429 2241 471 vero
2269 414 2646 486 intelligentia:
2670 430 2861 472 earum
2892 415 3175 481 addnctio,
3201 425 3257 470 et
3294 429 3492 470 secun-

212 533 318 586 μεν
339 516 399 566 ὲν
426 512 505 583 τῷ
530 509 677 579 Περὶ
700 509 812 578 τῆς
835 510 1122 578 οὐρανίου
1147 512 1451 580 ὶεραρχίας
1482 509 1691 581 βιϐλίῳ,
1722 510 1804 562 ὅτι

1925 511 2035 565 ium
2084 509 2313 581 gratiam
2356 507 2650 570 deiﬁcatio,
2707 521 3028 577 progressus
3054 516 3110 561 et
3156 520 3496 577 quaecunque

205 610 333 669 ταῖς
363 604 538 668 θείαις
573 603 837 673 δυνάμεσι
868 603 1141 672 πρόσεισι,
1174 604 1269 655 καὶ
1295 602 1469 655 ταῦτα
1509 602 1567 668 ἐξ
1604 601 1805 670 ἀγαθός-

1925 602 2011 656 ilia
2048 603 2100 656 in
2129 600 2392 670 peculiari
2432 599 2577 653 libro
2607 599 2683 654 De
2709 600 3122 670 proprietatibus
3151 612 3198 654 et
3224 600 3497 653 ordinibus

205 697 376 767 τητός
401 699 507 749 εἰσι
529 694 624 748 τοῦ
666 693 825 748 Θεοῦ.
863 694 1000 748 Τίνα
1032 693 1245 758 ταῦτα;
1276 694 1343 745 Αἱ
1371 693 1808 765 ἀγγελοπρεπεῖς

1925 693 2219 764 mgelorum
2246 707 2275 746 a
2306 693 2465 748 nobis
2490 702 2918 745 commemorata
2951 702 3100 746 sunt.
3144 691 3288 755 Ouin
3319 698 3378 743 et
3407 689 3500 744 illa

205 789 413 861 δηλαδὴ
436 788 759 859 καθάρσεις,
775 789 829 840 αἱ
857 787 1235 856 φωταγωγίαι,
1258 790 1312 842 αἱ
1330 786 1685 857 τελειότητεςυ
1703 803 1806 839 κα-

1925 800 2031 855 ιιιω
2046 785 2285 840 diximus
2302 785 2354 839 in
2374 784 2511 839 libro
2537 784 2609 839 De
2627 783 2822 837 caelesti
2844 784 3145 837 hiemrchia
3171 783 3372 836 divinis
3397 781 3514 833 vir-

206 879 497 951 θαίρονται
514 879 623 949 γὰρ
645 880 739 932 καὶ
755 873 938 941 αὗται,
963 879 1056 931 καὶ
1073 877 1420 948 φωτίζονται,
1441 878 1537 931 καὶ
1550 876 1811 931 τελειοῦν-

204 989 324 1035 ται,
363 970 515 1041 παρὰ
539 970 640 1040 τῆς
663 972 845 1042 πηγῆς
872 970 975 1041 τῆς
994 971 1331 1043 ἀγαθότητος
1366 970 1806 1043 ίεραρχούμεναι,

205 1064 272 1130 ἐξ
298 1059 365 1134 ἧς
402 1063 652 1135 ἐδωρήθη
671 1062 901 1127 ταύταις
929 1064 1025 1116 καὶ
1048 1064 1110 1116 τὸ
1139 1064 1473 1133 ἀγαθοειδὲς,
1499 1066 1594 1117 καὶ
1623 1064 1685 1117 τὸ
1712 1066 1808 1117 ὲκ-

206 1155 426 1222 φαίνειν
461 1156 520 1207 ὲν
565 1156 789 1218 ἑαυταῖς
823 1153 923 1224 τὴν
956 1155 1193 1227 κρυφίαν
1230 1155 1564 1226 ἀγαθότητα.
1608 1154 1812 1208 Καθαί-

208 1260 369 1312 ρουσι
406 1242 517 1313 γὰρ
547 1244 641 1296 καὶ
682 1238 862 1306 αὗται,
906 1244 1000 1297 καὶ
1031 1243 1347 1312 φωτίζουσι,
1382 1246 1477 1298 καὶ
1511 1244 1813 1298 τελειοῦσιν

201 1336 243 1390 ἃ
298 1337 591 1407 πάσχουσι,
636 1336 811 1390 ταῦτα
852 1336 1124 1401 ποιοῦσαι,
1173 1339 1268 1391 καὶ
1306 1337 1566 1410 δηλοῦσαι
1609 1338 1671 1391 τὸ
1712 1338 1814 1409 τῆς

205 1428 547 1499 ἀγαθότητος
576 1428 807 1500 κρύφιον
838 1430 933 1484 τοῦ
977 1430 1133 1486 Θεοῦ.
1173 1432 1236 1485 El
1274 1430 1384 1504 γὰρ
1421 1430 1481 1498 ἐξ
1507 1431 1640 1503 ἐμοῦ
1681 1430 1814 1485 θαυ-

209 1522 519 1593 μαστοῦται
560 1524 594 1593 ή
639 1523 733 1576 τοῦ
774 1523 913 1577 Θεοῦ
958 1524 1180 1594 γνῶσις,
1213 1526 1364 1595 πόσῳ
1391 1524 1589 1596 μᾶλλον
1618 1527 1682 1578 ἐκ
1706 1524 1815 1577 τῶν

206 1615 519 1685 ἀγγελικῶν
542 1617 635 1669 καὶ
657 1616 818 1669 θείων
836 1616 1140 1689 δυνάμεων;
1159 1617 1514 1686 Ἑξαγγέλλου
1524 1635 1575 1670 σι
1588 1616 1699 1689 γάρ
1720 1616 1819 1670 οὐκ

206 1711 270 1762 ὲν
295 1706 374 1777 τῷ
409 1706 610 1776 λέγειν,
640 1708 758 1762 ἀλλ’
786 1712 844 1763 ὲν
881 1709 1103 1773 ἑαυταῖς
1128 1711 1187 1763 ὲν
1217 1708 1295 1779 τῷ
1321 1709 1526 1773 ταύτας
1556 1707 1823 1773 νοεῖσθαι,

1910 877 2119 934 tatibus
2142 878 2354 943 adesse,
2378 877 2545 932 etiam
2570 876 2686 931 haec
2710 885 2839 929 sunt
2861 891 2930 931 ex
2958 875 3202 930 bonitate
3230 874 3345 928 Dei.
3367 872 3499 940 Quae

1910 987 2038 1028 vero
2060 986 2122 1027 ea
2145 972 2311 1028 sunt?
2329 970 2602 1041 Angelicze
2618 968 2873 1023 nimirum
2898 967 3273 1031 lustrationes,
3297 966 3499 1020 illumi-

1912 1067 2182 1130 nationes,
2207 1064 2603 1134 perfectiones:
2634 1062 2901 1131 siquidem
2926 1070 2982 1115 et
3013 1060 3142 1130 ipsa:
3169 1061 3491 1129 expiantur,

1913 1160 2387 1223 etilluminantur.
2412 1167 2468 1215 et
2492 1157 2874 1229 perﬁciuntur,
2896 1171 2925 1208 a
2943 1157 3090 1211 fonte
3112 1155 3368 1210 bonitatis
3394 1153 3496 1209 ini-

1915 1253 2160 1318 tiatae,ex
2185 1267 2293 1320 quo
2314 1252 2443 1321 ipsis
2463 1264 2681 1320 quoque
2703 1248 3087 1305 bonil’ormitas
3108 1247 3307 1301 donata
3322 1255 3426 1313 est,
3444 1254 3501 1302 et

1916 1345 1971 1399 in
1999 1342 2690 1415 semetipsis_manifestant
2714 1354 2971 1395 arcanam
3001 1340 3151 1395 illam
3171 1340 3495 1395 bonitatem.

1916 1435 2203 1506 Siquidem
2226 1447 2281 1491 et
2319 1436 2447 1506 ipsae
2493 1436 2738 1505 expiant,
2772 1434 2935 1505 387
2984 1443 3039 1488 et
3086 1434 3414 1499 illuminant,
3445 1441 3501 1489 et

1919 1529 2209 1600 perﬁciunt
2233 1542 2299 1583 ea
2320 1544 2440 1598 quae
2465 1529 2765 1598 patiuntur,
2788 1528 2913 1580 dum
2944 1526 3057 1579 haec
3090 1536 3279 1596 agunt,
3298 1532 3352 1579 et
3380 1538 3499 1577 ma-

1921 1620 2184 1677 niiestant
2233 1635 2495 1676 arcanum
2534 1618 2799 1674 bonitatis
2844 1617 2959 1671 Dei.
3005 1616 3062 1671 Si
3120 1616 3265 1670 enim
3314 1630 3382 1669 ex
3415 1625 3501 1667 me

1923 1712 2155 1767 scientia
2189 1711 2280 1765 Dei
2313 1710 2659 1773 miriiieatur,
2687 1716 2894 1778 quanto
2926 1705 3103 1775 magis
3140 1720 3209 1759 ex
3239 1703 3500 1775 angelicis

205 1798 314 1868 τὴν
355 1798 505 1851 θείαν
542 1798 761 1871 ἐκείνην
794 1802 953 1874 σιγὴν
988 1800 1088 1874 τὴν
1116 1801 1257 1872 ὑπὲρ
1287 1800 1594 1871 κατάληψιν
1636 1817 1814 1867 φωτο-

1925 1820 1987 1860 ac
2015 1805 2214 1861 divinis
2237 1801 2574 1858 virtutibus?
2602 1801 2906 1857 Ennntiant
2952 1800 3097 1854 enim
3126 1813 3231 1852 non
3258 1812 3380 1851 cum
3415 1797 3500 1852 di-

208 1892 439 1958 φάνειαν
472 1891 567 1944 τοῦ
610 1894 669 1945 ὲν
706 1892 921 1958 ἀδύτοις
942 1894 1035 1948 καὶ
1060 1897 1119 1948 ὲν
1151 1894 1452 1966 ἀποκρύφῳ
1475 1893 1647 1959 ὄντος,
1676 1892 1817 1947 κατὰ

204 1980 294 2038 τὸ,
317 1983 517 2036 Ἐθετο
537 1985 758 2051 σκότος
779 1985 1142 2057 ἀποκρυφὴν
1161 1986 1372 2050 αὐτοῦ,
1391 1987 1466 2050 ὼς
1490 1985 1646 2055 φῶτα
1670 1982 1818 2053 φανά

204 2074 445 2146 δεύτερα
485 2077 905 2148 προδεδλημένα
950 2080 1031 2143 εἰς
1066 2079 1395 2151 ὲρμήνευσιν
1430 2076 1680 2131 ὁπωσοῦν
1719 2077 1817 2147 τῆς

210 2164 442 2238 πρώτης
472 2166 878 2240 λαμπρότητος.
913 2170 1070 2224 Ἀλλὰ
1102 2171 1197 2225 καὶ
1227 2170 1365 2242 μετά
1394 2170 1520 2235 τοὺς
1552 2170 1816 2240 ἀγγέλους

210 2260 270 2312 αἱ
310 2260 499 2330 ψυχαὶ,
540 2262 637 2314 καὶ
677 2263 781 2316 ὅσα
819 2263 959 2317 εἰσὶν
993 2263 1175 2334 ἀγαθὰ
1218 2262 1329 2317 τῶν
1365 2262 1576 2335 ψυχῶν,
1626 2265 1691 2316 ὲκ
1717 2264 1816 2334 τῆς

210 2352 553 2424 ἀγαθότητός
572 2356 677 2408 είσι
708 2355 804 2408 τοῦ
833 2355 994 2421 Θεοῦ,
1028 2357 1092 2411 τὸ
1131 2356 1326 2428 νοεράς
1360 2357 1533 2422 αὐτὰς
1552 2352 1712 2422 εἶναι,
1741 2358 1816 2422 ὡς

212 2443 467 2509 νοούσας,
494 2447 556 2499 τὸ
581 2447 904 2513 ἀθανάτους,
938 2449 1071 2502 αὐτὸ
1102 2448 1166 2521 δὴ
1187 2448 1249 2501 τὸ
1281 2443 1442 2514 εἶναι,
1471 2448 1565 2502 καὶ
1588 2448 1650 2501 τὸ
1674 2448 1818 2519 ἔχειν

211 2538 468 2610 δύναμιν,
494 2541 918 2611 ἁνατεινομένας
949 2543 1085 2614 πρὸς
1107 2541 1207 2605 τὰς
1232 2539 1531 2611 ἀγγελικάς
1563 2536 1730 2605 ζωὰς,
1749 2538 1815 2593 δι’

214 2630 445 2684 ἐκείνων
472 2631 547 2695 ὠς
574 2631 968 2703 καθηγεμόνων
1010 2635 1103 2687 ἐπὶ
1140 2633 1238 2705 τὴν
1284 2632 1437 2688 θείαν
1474 2632 1817 2704 ἀγαθαρχίαν

213 2722 537 2792 ἀνάγεσθαι,
563 2725 658 2778 καὶ
682 2723 791 2777 τῶν
819 2728 882 2778 ὲκ
904 2725 997 2777 τοῦ
1036 2726 1171 2779 Θεοῦ
1214 2726 1464 2797 μετέχειν
1496 2724 1817 2797 ὲλλάμψεων

216 2817 364 2870 κατά
386 2816 485 2887 τὴν
514 2816 809 2887 ἀναλογίαν
848 2817 1052 2882 αὐτῶν,
1078 2818 1172 2871 καὶ
1197 2818 1301 2888 τῆς
1336 2819 1687 2888 ἀγαθοειδοῦς
1716 2819 1819 2872 δω-

216 2910 352 2982 ρεάς
383 2911 441 2962 ἐν
467 2910 731 2981 μετουσία
750 2910 1019 2979 γίνεσθαι,
1044 2908 1226 2974 καθὼς
1242 2910 1335 2963 ἐπὶ
1358 2913 1453 2963 τοῦ
1483 2911 1707 2965 Ἡσαΐου
1724 2910 1818 2963 καὶ

214 3003 314 3055 τοῦ
355 3002 617 3073 Ἰεζεκιὴλ
631 3003 844 3071 γέγονε,
864 3003 958 3055 τοῦ
990 3003 1086 3073 μὲν
1109 3002 1408 3074 δεξαμένου
1437 3003 1529 3057 τὸν
1546 3003 1813 3075 ἄνθρακα,

212 3094 315 3147 τοῦ
366 3096 422 3149 δὲ
455 3095 870 3167 ψωμιασθέντος
904 3096 1005 3167 τὴν
1028 3095 1313 3166 κεφαλίδα,
1352 3096 1447 3149 καὶ
1473 3097 1574 3149 ὅσα
1599 3096 1732 3154 ἄλλα
1759 3099 1816 3150 ὲν

216 3192 330 3261 ἰδίᾳ
357 3190 785 3263 πραγματείατῇ
800 3190 939 3259 Περὶ
960 3190 1164 3260 ψυχῆς
1181 3190 1415 3263 εἴρηται.
1437 3189 1596 3245 Ἀλλά
1612 3192 1703 3245 καὶ
1722 3192 1819 3244 αύο

210 3283 309 3335 ταὶ
324 3283 379 3335 αἱ
394 3282 577 3351 ἄλογοι
596 3283 786 3353 ψυχαὶ,
810 3284 905 3337 καὶ
923 3284 1097 3337 πάντα
1113 3282 1179 3336 τὶ
1199 3282 1367 3353 ἄλογα
1386 3282 1522 3350 ζῶα,
1550 3282 1622 3338 τά
1636 3283 1817 3355 ἀέρια,

217 3374 297 3427 τὰ
325 3378 575 3446 χερσαῖα,
598 3375 666 3427 τὰ
693 3374 922 3447 ἑρπετὰ,
959 3375 1027 3429 τὰ
1065 3379 1123 3430 ἐν
1152 3376 1324 3441 ὕδατι,
1359 3378 1427 3431 τὰ
1451 3378 1708 3449 ἀμφίϐια,
1750 3380 1821 3433 τὰ

217 3466 328 3519 ὑπὸ
350 3467 451 3537 γῆν
476 3468 890 3538 ὲγκεχωσμὲνα,
922 3468 1098 3521 πάντα
1122 3469 1294 3523 ταῦτα
1317 3469 1403 3523 διὰ
1427 3471 1528 3543 τὴν
1565 3472 1660 3526 τοῦ
1683 3472 1819 3526 Θεοῦ

215 3558 534 3629 ἀγαθότητα
565 3560 872 3631 ὲψύχωνται
914 3562 1008 3614 καὶ
1047 3560 1341 3624 ὲζώωνται“
1377 3564 1578 3634 ὁμοίως
1621 3566 1715 3619 καὶ
1752 3566 1821 3619 τὰ

218 3651 387 3720 φυτὰ,
430 3654 524 3707 καὶ
570 3654 669 3726 ὅση
700 3654 903 3724 ἄψυχος
928 3653 1017 3706 καὶ
1039 3650 1212 3717 ἅζωος
1233 3654 1410 3720 ούσία,
1441 3655 1529 3709 διὰ
1558 3657 1821 3725 τάγαθὸν,

214 3741 289 3795 τὰ
328 3744 426 3813 μὲν
464 3743 562 3817 τὴν
594 3745 893 3817 θρεπτικὴν
923 3745 1016 3798 καὶ
1046 3744 1343 3818 αὐξητικὴν
1374 3748 1538 3819 ζωὴν,
1568 3751 1600 3821 ή
1637 3749 1691 3803 δὲ
1722 3751 1822 3821 τῆς

216 3835 281 3888 ού
292 3835 514 3902 σιὼδους
536 3835 702 3903 ἕξεως
738 3838 976 3911 εἴληχεν.

1922 1906 2073 1963 cunt,
2126 1897 2220 1952 sed
2268 1911 2389 1951 cum
2434 1896 2488 1950 in
2543 1893 2856 1963 semetipsis
2899 1892 3210 1957 intelligunt
3250 1890 3499 1945 divinum

1922 1987 2055 2042 illud
2083 1986 2389 2049 silentium,
2414 1998 2479 2039 ac
2524 1979 3134 2051 incomprehensibilem
3178 1976 3501 2032 illustratio-

1921 2095 2043 2136 nem
2066 2080 2185 2151 ejus
2208 2078 2369 2149 quiin
2389 2077 2635 2150 adytiset
2658 2075 2870 2131 occulto
2896 2074 3131 2141 exsistit,
3153 2074 3309 2144 juxta
3331 2071 3464 2126 illud
3481 2088 3494 2100 -

1921 2171 2112 2228 Posuit
2150 2173 2393 2228 tenebras
2414 2169 2698 2225 latibulum
2723 2184 2877 2222 suum
2905 2168 2955 2231 κ,
2983 2177 3242 2235 tanquam
3293 2163 3500 2219 lumina

1919 2266 2165 2337 quaedam
2190 2264 2544 2330 secundaria,
2572 2277 2691 2333 qua:
2714 2260 2991 2331 proposita
3026 2266 3153 2314 sunt
3178 2259 3244 2312 ad
3264 2258 3499 2327 primum

1921 2360 2071 2414 illum
2116 2357 2464 2429 splendorem
2514 2369 2735 2426 quoquo
2786 2356 2947 2409 modo
3000 2349 3495 2422 interpretandum.

1919 2453 2211 2517 Prmterea,
2240 2461 2361 2523 post
2392 2450 2634 2521 angelos,
2668 2448 2862 2502 animae
2890 2460 3128 2515 quoque,
3159 2452 3214 2499 et
3244 2456 3502 2512 quaecun-

1919 2558 2023 2614 que
2048 2544 2352 2598 animarum
2380 2542 2520 2597 bona
2550 2549 2701 2603 sunt,
2721 2554 2789 2595 ex
2819 2537 3062 2594 bonitate
3078 2535 3171 2589 Dei
3191 2535 3498 2599 exsistunt;

1920 2650 1980 2695 ut
2011 2639 2155 2711 quod
2190 2637 2559 2707 intelligentes
2583 2637 2718 2699 sint,
2744 2644 3000 2703 tanquam
3033 2646 3153 2700 qua:
3174 2629 3501 2696 intelligant,

1927 2736 2072 2804 quod
2108 2732 2220 2787 sint
2248 2731 2607 2794 immortales,
2634 2728 2777 2798 quod
2804 2728 2936 2791 sint,
2971 2733 3025 2778 et
3053 2725 3287 2780 habeant
3321 2722 3494 2774 virtu-

1922 2830 2051 2889 tem,
2078 2829 2135 2876 et
2157 2822 2223 2875 ad
2267 2819 2542 2889 angelicas
2574 2819 2716 2873 vitas
2749 2819 3036 2883 accedant,
3061 2823 3115 2870 et
3145 2828 3239 2884 per
3263 2812 3385 2867 illns
3402 2824 3504 2865 ceu

1918 2922 2285 2986 prmeeptores
2325 2912 2391 2965 ad
2412 2911 2652 2965 divinam
2687 2910 2857 2979 ipsam
2890 2910 3190 2964 bonitatem
3225 2905 3504 2960 adducan-

1922 3016 2029 3072 tur,
2053 3016 2106 3060 et
2127 3019 2225 3075 pro
2243 3014 2403 3074 captu
2432 3018 2530 3057 suo
2554 3001 2753 3055 divinis
2772 2998 3229 3054 illustrationibus
3258 3012 3505 3054 commu-

1925 3100 2130 3163 nicent,
2164 3107 2221 3153 et
2254 3096 2498 3151 muneris
2559 3092 2885 3150 boniiormis
2918 3091 3215 3165 participes
3240 3091 3502 3156 existant,

1923 3194 2065 3249 sicut
2093 3192 2146 3246 in
2177 3189 2317 3246 Isaia
2344 3198 2400 3243 et
2440 3186 2729 3243 Ezechiele
2759 3184 2980 3247 accidit,
3012 3184 3137 3237 dum
3169 3181 3259 3236 ille
3282 3182 3503 3251 quidem

1928 3304 2155 3360 prunam
2190 3286 2431 3355 accepit,
2482 3285 2569 3339 hie
2594 3297 2723 3339 vero
2754 3280 2878 3336 libri
2908 3279 3089 3349 capite
3118 3276 3354 3332 refectus
3393 3284 3503 3342 est,

1925 3392 1979 3439 et
2001 3394 2340 3452 quaecunque
2371 3378 2479 3431 alia
2506 3378 2558 3431 in
2593 3373 2858 3445 peculiari
2895 3380 3134 3427 tractatu
3164 3369 3240 3424 De
3266 3370 3446 3424 anima
3472 3384 3504 3422 a

1930 3475 2087 3531 nobis
2106 3474 2249 3528 dicta
2272 3479 2421 3526 sunt.
2455 3469 2596 3537 Quin
2632 3475 2687 3524 et
2710 3467 2905 3522 animze
2929 3464 3279 3521 irrationale:
3306 3474 3360 3517 et
3387 3478 3507 3517 om-

1933 3568 2019 3621 nia
2052 3568 2209 3622 bruta
2237 3563 2564 3626 animantia,
2604 3569 2659 3615 et
2681 3560 2850 3627 aeria,
2878 3568 2933 3614 et
2961 3558 3266 3620 terrestria,
3296 3566 3350 3611 et
3382 3570 3504 3612 ser-

1927 3658 2142 3731 pentia,
2174 3666 2230 3713 et
2266 3655 2549 3727 aquatilia,
2577 3663 2635 3709 et
2666 3650 2975 3722 amphibia,
3000 3659 3053 3707 et
3080 3666 3201 3720 quae
3231 3649 3285 3704 in
3322 3662 3507 3704 caver-

1926 3754 2011 3810 nis
2044 3762 2205 3807 terrte
2228 3751 2453 3822 degunt,
2487 3745 2675 3804 omnia
2709 3745 2825 3801 haec
2857 3759 2958 3815 per
3002 3743 3097 3799 Dei
3127 3743 3425 3799 bonitatem
3450 3749 3507 3797 et

1925 3844 2165 3899 animata
2212 3847 2341 3896 sunt
2376 3847 2434 3894 et
2478 3835 2793 3903 viviﬁcata;
2826 3834 3079 3891 similiter
3117 3845 3171 3889 et
3196 3833 3409 3904 plantae,
3452 3839 3507 3888 et

218 3928 480 3996 quaelibet
533 3930 775 3984 inanima
834 3933 1064 4000 vitaeque
1101 3949 1296 4004 expers
1326 3937 1655 4002 substantia,
1701 3955 1799 4009 per
1831 3937 2083 3994 eamdem
2143 3934 2474 4001 bonitatem,
2530 3930 2617 3986 illa
2665 3928 2883 4001 quidem
2931 3926 3245 3981 nutritivam
3302 3939 3357 3983 et
3411 3944 3506 3981 an-

216 4023 447 4078 ctrieem
495 4022 682 4089 \itam,
738 4023 856 4080 haee
905 4040 1034 4081 vero
1084 4029 1331 4086 habitum
1384 4033 1798 4087 substantialem
1836 4037 2189 4102 acceperunt.

298 4116 327 4189 ᾗ
372 4117 455 4170 ill.
496 4119 559 4171 Ei
586 4120 642 4171 δὲ
671 4122 763 4173 καὶ
786 4121 928 4192 ὑπὲρ
960 4122 1139 4177 πάντα
1162 4123 1233 4177 τὰ.
1260 4124 1389 4179 ὅντα
1421 4126 1537 4180 ἐστὶ
1558 4126 1620 4180 τὸ
1643 4126 1821 4192 Θεῖον,

218 4206 417 4282 ὥσπερ
447 4213 540 4265 καὶ
570 4213 700 4266 αὐτὸ
727 4214 789 4267 τὸ
817 4215 1042 4283 ἀγαθὸν,
1066 4215 1181 4269 ἀλλ’
1209 4213 1301 4273 οὖν
1325 4219 1382 4271 αἱ
1414 4220 1699 4292 στερήσεις
1728 4221 1821 4274 ἐπὶ

220 4302 361 4357 Θεοῦ
380 4304 481 4355 ύπε
491 4302 674 4375 ρϐολαί
687 4307 793 4358 εἰσι
810 4305 1011 4360 θέσεων
1022 4306 1361 4381 δραστήριοι,
1379 4308 1531 4381 ὡςδτὸ
1559 4311 1816 4376 ἀνείδεος,

219 4396 492 4459 ἀνούσιος,
514 4396 709 4463 ἄζωος,
738 4399 897 4463 ἄνους
918 4416 937 4432 ⁸
959 4401 1131 4454 ταῦτα
1161 4402 1288 4475 γὰρ,
1308 4403 1515 4458 ἔννοιαν
1533 4404 1721 4476 ἔχοντα
1746 4406 1821 4477 μὴ

2003 4125 2031 4198 §
2076 4123 2161 4180 Ill.
2200 4124 2352 4192 Quod
2383 4123 2641 4179 siautem
2684 4121 2830 4176 Deus
2857 4119 2924 4175 sit
2967 4133 3129 4189 supra
3178 4117 3381 4181 omnia,
3427 4114 3505 4169 uti

1922 4230 1979 4277 et
2009 4221 2211 4277 bonum
2236 4220 2434 4289 ipsum,
2468 4231 2599 4287 ergo
2633 4212 2973 4286 privationes
3004 4210 3058 4267 in
3107 4211 3217 4266 Deo
3251 4218 3380 4265 sunt
3406 4223 3506 4264 ex-

1922 4312 2189 4368 cellentia:
2224 4310 2563 4382 positionum
2612 4303 2939 4370 ell‘ectrices,
2969 4313 3027 4357 ut
3053 4318 3248 4374 expers
3292 4303 3502 4367 formae,

1924 4419 2119 4474 expers
2143 4402 2483 4467 substantiae,
2510 4414 2708 4469 expers
2738 4398 2884 4463 vitae,
2911 4410 3106 4465 expers
3132 4394 3355 4459 mentis;
3385 4407 3504 4462 qua:

218 4490 400 4553 ὖντος,
445 4491 594 4560 ὅμως
638 4494 696 4544 ἐν
736 4492 816 4564 τῷ
870 4493 990 4565 Θεῴ
1033 4495 1373 4567 ὑπερουσίως
1402 4497 1515 4551 ὄντι
1540 4498 1679 4551 κατά
1720 4497 1817 4569 τὴν

1927 4497 2144 4566 quidem
2170 4496 2424 4553 videntur
2438 4492 2745 4566 significare
2763 4490 2965 4560 aliquid
2979 4489 3123 4560 quod
3144 4504 3249 4541 non
3266 4486 3501 4550 exsistit,

220 4582 520 4654 ἀφαίρεσιν
574 4584 828 4639 ἁπάντων
876 4586 1048 4657 (οὐδὲν
1100 4588 1207 4658 γάρ
1260 4590 1378 4642 ἐστι
1426 4589 1535 4643 τῶν
1583 4589 1816 4661 ὄντων

222 4672 572 4746 ὑπεροχικῶς
598 4676 863 4731 νοοῦνται.
894 4679 1003 4731 Καὶ
1030 4680 1077 4732 εἰ
1111 4678 1331 4750 θεμιτὸν
1363 4680 1658 4749 φάναι,καὶ
1686 4681 1819 4735 αύτό

220 4766 286 4820 τὸ
320 4768 395 4839 μὴ
422 4768 481 4822 ὃν
502 4769 596 4823 τοῦ
625 4771 766 4843 ὑπὲρ
798 4772 974 4826 πάντα
998 4773 1203 4844 ἀγαθοῦ
1240 4774 1472 4845 ἐφίεται,
1508 4772 1578 4847 (εἰ
1607 4775 1717 4848 γὰρ
1742 4774 1819 4849 μὴ

222 4854 377 4914 ἔστιν
400 4862 551 4927 αὐτὸ,
584 4862 702 4928 πῶς
728 4865 991 4937 ὲφίεται;)
1093 4866 1275 4937 δῆλον,
1302 4868 1385 4921 ὅτι
1416 4868 1478 4922 τὸ
1518 4869 1594 4941 μὴ
1620 4868 1678 4923 ὃν
1713 4889 1816 4923 κα-

221 4954 325 5007 κὸν
352 4953 576 5024 ἐνόησεν
602 4950 763 5019 εἶναι,
797 4955 871 5028 μὴ
908 4956 968 5011 ὃν
995 4957 1194 5012 ὡσανεὶ
1218 4960 1441 5029 ἀγαθὸν,
1471 4960 1545 5025 ὡς
1576 4979 1818 5033 παρακα-

220 5041 359 5096 τιὼν
405 5044 769 5108 ἀποδεικνύει,
794 5047 874 5100 ὅτι
913 5051 1007 5101 καὶ
1039 5047 1169 5127 αὐτὸ
1214 5049 1273 5103 τὸ
1316 5050 1606 5122 λεγόμενον
1646 5053 1818 5106 κακὸν

221 5133 325 5187 τοῦ
364 5135 572 5203 ἀγαθοῦ
608 5137 769 5189 ἕνεκα
800 5138 1059 5204 πολλάκις
1089 5141 1317 5210 γίνεται.

1930 4600 2111 4645 tamen
2137 4590 2191 4644 in
2217 4588 2347 4655 Deo,
2376 4590 2469 4660 qui
2498 4583 3031 4657 superessentialiter
3055 4581 3296 4636 omnium
3323 4592 3504 4634 rerum

1927 4684 2215 4752 ttegatione
2247 4681 2437 4739 existit
2470 4679 2633 4753 (nihil
2674 4679 2819 4735 enim
2851 4686 2936 4734 est
2969 4690 3160 4732 eorum
3202 4688 3323 4744 qua:
3352 4675 3504 4740 sunt)

1924 4775 2228 4830 etninenter
2266 4773 2668 4845 intelliguntur.
2708 4769 2795 4838 Et,
2824 4768 2871 4825 si
2926 4767 3073 4824 dictu
3108 4765 3192 4821 fas
3238 4764 3331 4829 sit,
3371 4761 3505 4817 illud

1928 4868 2103 4938 ipsum
2135 4869 2280 4938 quod
2310 4883 2415 4923 non
2451 4876 2555 4932 est,
2590 4865 2758 4932 illius,
2791 4864 2937 4936 quod
2983 4874 3148 4931 supra
3182 4872 3269 4914 res
3313 4869 3505 4913 ornnes

1927 4972 2031 5029 est,
2063 4962 2203 5016 boni
2224 4960 2495 5015 desiderio
2547 4968 2761 5014 tenetur
2807 4957 2893 5029 (si
2937 4955 3083 5011 enim
3134 4953 3188 5007 id
3240 4966 3349 5007 non
3396 4957 3503 5014 est,

1927 5053 2199 5124 quomodo
2237 5050 2545 5108 desiderat?
2573 5054 2630 5119 );
2674 5050 2815 5106 unde
2865 5047 3254 5111 manifestum,
3308 5058 3408 5114 per
3451 5042 3503 5096 id

1925 5148 2067 5216 quod
2120 5163 2227 5202 non
2276 5156 2382 5210 est,
2435 5146 2637 5200 malum
2690 5142 3039 5208 intellexisse,
3092 5153 3217 5195 cum
3264 5152 3373 5192 non
3429 5136 3502 5190 sit

229 5227 418 5296 "liquo
477 5234 636 5285 modo
694 5235 913 5298 bonum,
972 5238 1049 5291 uti
1107 5239 1162 5292 in
1217 5252 1507 5307 progressu
1554 5239 1825 5299 orationis
1856 5243 2126 5309 05tendit;
2188 5241 2315 5312 quia
2359 5240 2490 5295 illud
2547 5240 2714 5311 388
2745 5239 2910 5294 etiam
2943 5234 3085 5305 quod
3132 5231 3332 5287 malum
3366 5229 3504 5283 dici-

232 5331 351 5388 tur,
374 5332 591 5390 propter
619 5325 814 5380 bonum
850 5329 927 5383 ﬁt.
990 5390 998 5397 ε

301 5408 331 5481 §
369 5409 455 5463 IV.
511 5411 651 5466 Ἀλλ’
693 5416 831 5489 ὅπερ
869 5421 1017 5490 ἡμᾶς
1055 5421 1452 5492 διαπέφευγεν,
1492 5423 1664 5476 αἴτιον
1712 5423 1820 5477 τῶν

222 5502 500 5573 οὐρανίων
531 5507 623 5559 καὶ
646 5510 926 5579 κοσμικῶν
956 5512 1200 5585 (οὐρανὸν
1230 5514 1338 5586 γὰρ
1364 5516 1455 5569 τὸν
1487 5516 1688 5587 κόσμον
1715 5535 1820 5586 φα-

229 5594 318 5647 σίν
346 5598 365 5665 )
411 5595 596 5667 ἀρχῶν
628 5600 721 5653 καὶ
743 5601 1211 5674 ἀποπερατώσεων
1238 5608 1271 5679 ἡ
1306 5607 1400 5662 τοῦ
1442 5608 1575 5664 Θεοῦ
1622 5610 1821 5679 ἀγαθό-

346 5754 373 5794 ι
396 5754 536 5811 Psal.
570 5772 698 5822 xm.
732 5758 815 5813 l2.

1995 5426 2023 5498 §
2062 5423 2149 5479 IV.
2194 5424 2343 5490 Sed,
2400 5424 2543 5492 quod
2599 5437 2698 5478 nos
2745 5419 3045 5490 eﬂ'ugerat,
3094 5415 3394 5471 ccelestimn
3448 5424 3506 5469 et

1924 5517 2321 5574 mundanorum
2355 5514 2576 5586 (cwlum
2621 5512 2765 5571 enim
2812 5509 3071 5565 mundum
3105 5507 3318 5577 vocant)
3350 5505 3501 5575 prin.-

1922 5610 2187 5683 eipiornm
2217 5622 2283 5664 ac
2312 5607 2754 5665 terminationum
2784 5618 2951 5660 causa
2997 5610 3081 5657 est
3118 5599 3214 5655 Dei
3246 5599 3494 5668 bonitas,
