3866 6234
396 272 501 327 7'55

1498 267 1553 324 S.
1593 266 1894 326 DIONYSI.
1931 268 2272 326 AREOPAGI
2292 271 2395 325 ΓΑΒ

3528 270 3645 326 756

392 403 515 442 nam
543 386 685 443 Deus
707 386 823 442 hate
852 386 1033 442 omnia
1061 384 1325 441 bonitatis
1354 381 1683 437 abundantia
1721 386 1942 439 creavit.

2054 402 2152 454 της
2193 386 2336 437 ἐστί’
2385 384 2677 438 καὶταῦτα
2724 385 2830 456 γὰρ
2854 383 2921 438 δι’
2962 384 3293 455 ἀγαθότητος
3330 382 3648 455 ὐπερὸολὴν

390 478 660 548 Principia
689 494 819 534 vero
842 478 1083 533 cmlestia
1109 488 1164 533 et
1184 477 1593 532 terminationes
1618 476 1959 545 intelligenda

388 580 645 639 tanquam
664 586 730 624 ex
747 582 945 641 puncto
970 586 1061 627 seu
1089 580 1276 625 centro
1303 568 1592 623 voluntatis
1618 568 1708 623 Dei
1733 569 1960 623 rotunda

388 660 647 716 ctelorum
672 661 952 716 fabricatio
981 663 1281 717 subsistens
1298 679 1312 715 :
1328 660 1607 715 circularis
1624 663 1767 715 enim
1789 662 1955 729 ﬁgura

387 766 453 806 ex
487 752 661 822 seipsa
689 754 972 820 incipiens,
1010 754 1061 807 in
1102 754 1279 823 seipsa
1316 753 1655 806 terminatur.
1673 752 1954 807 leestem

386 858 519 898 vero
553 844 908 897 substantiam
941 859 1114 914 neque
1144 843 1324 914 augeri
1357 858 1536 912 neque
1567 844 1731 896 minui
1763 842 1865 908 ait,
1897 852 1955 896 ut

384 934 623 1003 perfecte
644 944 696 989 et
725 934 1048 990 snﬁicienter
1074 936 1231 991 ﬁnem
1266 950 1418 989 suum
1444 945 1778 999 assecutam;
1809 934 1955 988 ideo-

383 1039 490 1095 que
521 1026 902 1079 immutabilem
930 1029 1099 1095 ipsam
1122 1027 1277 1094 dixit,
1322 1041 1384 1081 ex
1409 1041 1517 1095 quo
1553 1025 1689 1080 iacta
1713 1036 1816 1090 est,
1841 1040 1950 1080 non

382 1127 735 1184 perversam;
769 1115 1065 1182 perfectum
1097 1125 1275 1169 autem
1325 1125 1434 1181 est,
1477 1114 1619 1184 quod
1651 1128 1827 1183 neque
1855 1130 1953 1169 au-

384 1216 543 1275 getur
574 1221 749 1275 neque
780 1208 1062 1263 minuitur.
1092 1208 1227 1262 Nota
1258 1223 1409 1273 vero,
1440 1222 1562 1261 eum
1606 1209 1808 1273 dicere,
1842 1224 1950 1263 cm-

380 1296 464 1352 los
491 1298 607 1353 sine
634 1299 860 1366 strepitu
892 1310 944 1351 et
981 1307 1184 1369 absque
1224 1314 1386 1355 sensu
1420 1299 1646 1354 moveri.
1684 1299 1815 1353 Illud
1849 1316 1946 1353 au-

381 1397 527 1451 tem.
582 1390 938 1458 quarumdam
978 1391 1250 1444 stellarum
1293 1391 1599 1458 multiplicis
1633 1400 1803 1444 motus
1846 1408 1947 1460 quo

382 1478 808 1550 transferuntur,
858 1483 924 1537 de
970 1483 1201 1553 planetis
1242 1483 1402 1547 dicit;
1435 1492 1619 1537 censet
1653 1484 1793 1536 enim
1830 1484 1945 1537 illos

378 1571 524 1626 solos
558 1573 779 1626 moveri.
806 1573 941 1638 Quid
967 1589 1130 1644 porro
1160 1575 1307 1628 dicat
1338 1575 1458 1642 quis
1488 1576 1551 1628 de
1580 1574 1740 1629 solari
1773 1576 1939 1639 radio,

379 1664 471 1731 qui
501 1678 747 1717 seorsum
794 1664 861 1717 ab
895 1664 1014 1719 aliis
1044 1679 1139 1733 per
1171 1680 1229 1720 se
1276 1666 1563 1719 movetur?
1592 1670 1845 1734 quoniam
1890 1678 1943 1720 et

378 1754 504 1811 huic
540 1770 695 1809 suum
743 1756 920 1811 lumen
948 1766 1030 1811 est
1056 1772 1121 1811 ex
1142 1758 1242 1811 hac
1269 1756 1358 1810 Dei
1399 1758 1658 1824 bonitate,
1674 1755 1825 1824 cujus
1854 1758 1944 1812 lux

376 1848 494 1901 hac
523 1847 701 1915 imago
728 1848 971 1917 qumdam
999 1856 1119 1913 est;
1151 1847 1502 1916 quamobrem
1534 1861 1747 1915 quoque
1780 1848 1946 1901 nomi-

378 1953 447 1993 ne
478 1938 617 1993 lucis
651 1938 894 1993 divinum
941 1938 1072 1993 illud
1106 1941 1337 2007 primum
1372 1940 1648 2008 exemplar
1674 1939 1941 2005 laudatur,

377 2038 437 2083 ut
464 2029 531 2083 ad
560 2029 715 2097 cujus
742 2030 1031 2099 imaginem
1062 2030 1151 2083 lux
1189 2032 1301 2084 haec
1328 2031 1547 2084 existat.
1581 2030 1945 2096 Quemadmo-

376 2123 500 2174 dum
534 2122 677 2175 enim
717 2121 831 2175 haac
877 2120 969 2174 Dei
1012 2120 1227 2175 bonitas
1279 2134 1310 2174 a
1352 2120 1622 2188 supremis
1668 2134 1841 2189 usque
1876 2120 1944 2174 ad

374 2221 615 2265 extrema
660 2211 931 2279 pervadit,
991 2219 1045 2264 et
1088 2225 1252 2278 super
1301 2212 1482 2265 omnia
1534 2211 1719 2266 existit
1775 2212 1944 2281 (Deus

372 2296 517 2350 enim
566 2298 619 2351 in
649 2299 901 2353 omnibus
943 2308 1050 2365 est,
1091 2309 1145 2351 et
1192 2299 1325 2353 nihil
1357 2302 1617 2366 omnium,
1665 2312 1721 2356 ut
1768 2318 1945 2373 neque

376 2401 630 2456 suprema
662 2390 728 2441 ad
764 2388 933 2455 ipsius
970 2389 1349 2444 excellentiam
1394 2393 1717 2463 pertingant,
1747 2411 1943 2464 expers

372 2478 517 2531 enim
550 2478 803 2547 principii
851 2491 959 2545 est,
1009 2491 1061 2535 et
1111 2482 1242 2534 nihil
1295 2498 1353 2536 se
1405 2484 1569 2537 habet
1620 2486 1939 2554 sublimius;

370 2584 548 2637 neque
571 2569 825 2624 inferiora
872 2572 1039 2637 ipsius
1077 2574 1333 2627 ambitum
1361 2586 1755 2641 pertranseanl,
1779 2580 1831 2632 id
1858 2589 1944 2634 est

372 2670 525 2713 extra
557 2660 673 2731 ejus
705 2662 1039 2733 complexum
1072 2664 1197 2729 sint,
1219 2666 1486 2735 siquidem
1510 2667 1750 2722 inﬁnitus
1767 2677 1944 2734 est,et

370 2761 520 2806 extra
545 2754 716 2821 ipsum
737 2755 869 2807 nihil
894 2767 976 2809 est
995 2755 1240 2821 inferius;
1266 2758 1394 2827 quin
1416 2760 1575 2812 etiam
1606 2760 1692 2813 illa
1720 2777 1838 2829 quas
1864 2761 1947 2816 lu-

370 2846 450 2898 ris
494 2854 620 2900 sunt
659 2848 883 2915 capacia
929 2851 1222 2903 secundum
1278 2864 1585 2903 mensuram
1628 2855 1945 2921 capacitatis

369 2934 657 2999 illuminat,
676 2937 817 2990 unde
839 2939 1000 2991 etiam
1034 2939 1172 2992 Deus
1201 2939 1397 2993 dicitur
1427 2955 1547 2995 esse
1574 2958 1825 2997 mensura
1862 2961 1946 2999 re-

2066 476 2384 546 παρήγαγεν
2414 478 2441 529 ὁ
2463 477 2614 540 Θεός.
2666 476 2863 547 ’Δρχάς
2890 476 2948 530 δὲ
2969 476 3223 547 οὐρανίας
3248 476 3339 528 καὶ
3362 476 3650 546 ἀποπερα-

2061 565 2254 630 τώσεις
2279 568 2493 638 νοητέον
2521 568 2619 639 τὴν
2657 567 2733 631 ὼς
2779 571 2843 621 ἐκ
2871 569 3095 639 σημείου
3126 569 3241 639 ἦτοι
3270 568 3500 637 κέντρου
3547 566 3650 619 τοῦ

2061 656 2362 728 θελήματος
2385 657 2479 710 τοῦ
2516 658 2673 724 Θεοῦ,
2703 659 2975 723 κυκλικῶς
3004 660 3313 713 ὐποστᾶσαν
3335 659 3446 711 τῶν
3470 661 3647 729 οὐρα-

2058 744 2165 796 νῶν
2197 746 2504 817 σφαιροειδῆ
2530 748 2885 819 δημιουργίαν
2907 765 2924 781 ο
2965 748 3027 801 τὸ
3056 749 3164 819 γὰρ
3202 748 3460 801 κυκλικὸν
3505 749 3644 817 σχῆ-

2060 853 2155 905 μα,
2169 838 2466 908 ἀρχόμενον
2484 838 2541 905 ἐξ
2564 840 2771 901 ἐαυτοῦ,
2791 841 2870 904 είς
2898 841 3057 893 ἐαυτὸ
3072 840 3421 911 περατοῦται.
3448 842 3565 911 Τὴν
3581 842 3642 894 δὲ

2053 928 2309 998 οὐρανίαν
2324 930 2508 982 οὐσίαν
2526 930 2725 1000 ἀναυξῆ
2739 932 2831 984 καὶ
2842 931 3109 1001 ἀμείωτόν
3126 949 3197 1001 φη
3206 948 3309 991 σιν,
3322 933 3396 994 ὼς
3410 933 3641 995 τελείως

2053 1022 2299 1092 ἔχουσαν,
2338 1024 2431 1077 καὶ
2453 1025 2737 1093 αὐτάρκως
2775 1024 2911 1095 πρὸς
2941 1024 2970 1077 ὃ
2999 1025 3183 1092 γέγονε
3205 1041 3219 1053 ο
3248 1025 3327 1077 διὸ
3349 1024 3445 1076 καὶ
3469 1025 3642 1076 ἀναλ-

2051 1112 2266 1165 λοίωτον
2291 1113 2456 1183 αὐτὴν
2487 1113 2656 1180 λέγει,
2670 1112 2729 1176 ἐξ
2750 1108 2808 1167 οὗ
2833 1113 3052 1181 γέγονεν
3067 1114 3127 1165 οὐ
3141 1130 3322 1184 παρατ
3332 1116 3598 1183 ραπεῖσαν
3616 1153 3636 1175 ,

2048 1202 2250 1256 τέλειον
2294 1204 2351 1255 δέ
2393 1206 2569 1267 ἐστιν,
2604 1203 2632 1256 ὃ
2680 1206 2819 1274 μήτε
2860 1203 3011 1268 αὐξει
3047 1206 3182 1275 μήτε
3204 1205 3486 1274 Ῑμειοῦται.
3529 1205 3637 1272 Ση-

2052 1294 2278 1364 μείωσαι
2304 1295 2381 1358 δέ,
2408 1296 2490 1348 ὅτι
2518 1297 2609 1349 καὶ
2636 1296 2896 1349 κινεῖσθαι
2920 1296 3141 1365 ὰψόφως
3179 1298 3310 1368 φησὶ
3338 1297 3434 1349 καὶ
3460 1297 3637 1349 ἀνεπ-

2045 1384 2314 1454 αισθήτως
2354 1385 2448 1439 τὸν
2472 1387 2717 1457 οὐρανόν.
2748 1386 2819 1438 Τὸ
2851 1386 2907 1438 δὲ
2933 1387 3110 1439 ἐνίων
3148 1385 3419 1453 ἀστέρων
3445 1402 3636 1453 μετα-

2047 1477 2288 1545 ϐατικῆς
2318 1480 2757 1545 πολυκινησίας
2799 1480 2925 1549 περὶ
2955 1478 3062 1531 τῶν
3086 1477 3370 1548 πλανητῶν
3421 1494 3590 1547 φησιν
3613 1495 3633 1509 ο

2045 1570 2240 1633 αὐτοὺς
2266 1570 2373 1641 γὰρ
2401 1571 2591 1640 μόνους
2615 1570 2828 1636 ἐδέξατο
2863 1570 3144 1623 κινεῖσθαι.
3172 1570 3236 1621 Τί
3273 1569 3338 1622 ἄν
3373 1586 3459 1632 τις
3482 1569 3635 1620 εἴποι

2047 1662 2174 1731 περὶ
2198 1662 2294 1732 τῆς
2321 1661 2547 1731 ἡλιακῆς
2575 1661 2791 1721 ἀκτῖνος
2817 1662 2920 1731 ἰδίᾳ
2939 1661 3048 1713 τῶν
3070 1661 3242 1714 ἄλλων
3267 1662 3390 1713 καθ’
3416 1662 3631 1732 αὐτήν;

2046 1754 2127 1807 ὃτι
2150 1754 2243 1806 καὶ¹
2265 1754 2436 1826 ταύτῃ
2462 1754 2523 1806 τὸ
2551 1753 2666 1823 φῶς
2691 1756 2755 1806 ἐκ
2778 1754 2878 1823 τῆς
2898 1754 2993 1807 τοῦ
3023 1753 3155 1806 Θεοῦ
3179 1753 3536 1823 ἀγαθὸτητος,
3563 1748 3636 1824 ἦς

2046 1844 2139 1897 καὶ
2165 1844 2325 1897 εἰκὼν
2359 1846 2517 1897 τοῦτο
2555 1845 2619 1915 δὴ
2667 1846 2728 1898 τὸ
2764 1844 2902 1915 φῶς,
2958 1845 3039 1898 διδ
3075 1847 3167 1899 καὶ
3213 1845 3633 1915 φωτωνυμικῶς

2045 1936 2292 2006 ὑμνεῖται
2315 1936 2376 1989 τὸ
2405 1935 2545 1989 θεῖον
2573 1936 2901 2007 ἀρχέτυπον,
2942 1935 3053 1989 οἷον
3090 1936 3147 1989 ὃν
3184 1938 3318 2008 πρὸς
3352 1938 3543 1990 είκὸνα
3572 1937 3637 1990 τὸ

2045 2028 2180 2098 φῶς.
2220 2029 2305 2091 Ὧς
2328 2028 2486 2099 γάρὴ
2510 2029 2604 2081 τοῦ
2631 2027 2753 2081 θεοῦ
2777 2029 3049 2099 ἀγαθὸτης
3073 2030 3179 2083 ἀπὸ
3203 2029 3312 2081 τῶν
3334 2030 3635 2082 ἀνωτάτων

2044 2119 2171 2189 ἄχρι
2194 2118 2303 2171 τῶν
2334 2118 2578 2187 ἐσχάτων
2605 2118 2803 2188 διήκει,
2831 2120 2925 2171 καὶ
2948 2118 3088 2188 ὑπὲρ
3129 2119 3305 2171 πάντα
3328 2118 3510 2170 ἐστίν·
3549 2118 3632 2187 (ἐν

2043 2213 2155 2273 τοῖς
2182 2211 2314 2262 πᾶσι
2335 2208 2463 2279 γὰρ,
2491 2209 2585 2262 καὶ
2610 2211 2762 2262 οὐδὲν
2788 2209 2897 2262 τῶν
2922 2210 3175 2263 ἁπάντων
3200 2209 3261 2262 τὸ
3298 2210 3452 2262 Θεῖόν
3485 2212 3635 2271 ἐστι,

2048 2300 2186 2370 μήτε
2231 2299 2339 2351 τῶν
2383 2298 2495 2351 ἀνω
2540 2298 2638 2369 τὴν
2685 2298 2955 2369 ὑπεροχὴν
3015 2297 3348 2366 φθανουσῶν,
3388 2297 3633 2367 ἄναρχος

2044 2390 2153 2462 γὰρ
2187 2390 2281 2445 καὶ
2310 2391 2410 2443 οὐκ
2439 2390 2552 2460 ἔχει
2576 2408 2629 2443 τι
2661 2391 3016 2461 ὑψηλότερον·
3049 2392 3184 2460 μήτε
3212 2388 3322 2441 τῶν
3350 2389 3507 2441 κάτω
3531 2389 3641 2459 τὴν

2045 2480 2301 2551 περιοχὴν
2330 2480 2734 2543 διαϐαινουσῶν,
2762 2483 2927 2550 ἡγουν
2964 2480 3067 2547 ἔξω
3097 2480 3272 2532 οὐσῶν
3305 2480 3404 2549 τῆς
3438 2497 3638 2550 περιο-

2044 2570 2164 2641 χῆς,
2194 2570 2547 2640 ἀτελεύτητος
2573 2570 2701 2640 γὰρ,
2738 2572 2830 2623 καὶ¹
2849 2571 2948 2622 οὐκ
2976 2570 3083 2639 ἔχει
3109 2570 3211 2634 ἔξω
3227 2568 3430 2639 ταύτης
3445 2568 3641 2621 κατώ-

2043 2678 2227 2733 τερονο
2262 2661 2394 2713 ἀλλά
2417 2662 2508 2713 καὶ
2537 2663 2758 2729 φωτίζει
2782 2661 2849 2713 τὰ
2867 2661 3145 2731 χωροῦντα
3172 2660 3307 2729 πρὸς
3328 2660 3390 2711 τὸ
3423 2659 3635 2729 μέτρον

2044 2752 2072 2805 ὃ
2101 2752 2366 2823 χωροῦσι·
2393 2752 2474 2805 διὸ
2498 2754 2590 2805 καὶ
2621 2753 2815 2823 μέτρον
2839 2748 2979 2804 εἶναι
3002 2751 3216 2817 λέγεται
3241 2748 3348 2801 τῶν
3371 2748 3547 2802 ὄντων
3569 2748 3641 2802 τὸ

2044 2845 2218 2908 Θεῖον,
2404 2845 2735 2915 περιοχικὸν,
2761 2845 2852 2896 καὶ
2890 2845 2988 2914 τὴν
3028 2843 3201 2914 ἀρχὴν
3231 2843 3322 2895 καὶ
3350 2841 3412 2893 τὸ
3446 2842 3637 2911 πέρας

2044 2938 2151 2991 τῶν
2196 2938 2447 2991 ἁπάντων
2492 2936 2872 3005 ἐπιστάμενον,
2916 2937 3011 2988 καὶ
3048 2934 3202 2996 αἰὼν,
3240 2934 3332 2986 καὶ
3364 2933 3638 3003 ἀριθμὸς,

368 3028 668 3096 ιὐηι,ίιιιο‹1
699 3028 970 3082 contineat
988 3038 1041 3083 et
1068 3030 1206 3084 Sciat
1229 3032 1548 3101 principium
1571 3044 1623 3087 et
1647 3034 1803 3088 ﬁnem
1821 3050 1940 3089 om-

2047 3031 2140 3083 καὶ
2171 3029 2353 3093 τάξις,
2388 3029 2464 3091 ὡς
2499 3027 2809 3097 περιοχικὸν
2847 3026 2955 3079 τῶν
2993 3027 3162 3079 ὄντων
3210 3026 3302 3079 καὶ
3341 3024 3637 3087 τακτικὸν,

363 3118 605 3185 nium,et
624 3128 886 3186 aevum,et
911 3136 1188 3186 numerus,
1211 3133 1265 3177 et
1288 3124 1445 3188 ordo,
1471 3134 1527 3177 ut
1549 3126 1638 3193 qui
1664 3141 1749 3181 res
1765 3127 1938 3181 conti-

367 3218 629 3277 netatque
644 3212 899 3280 disponit,
918 3214 1096 3267 omnia
1123 3216 1265 3267 enim
1284 3231 1401 3269 cum
1423 3218 1563 3271 bono
1586 3218 1774 3273 ordine
1787 3233 1941 3275 crea-

366 3304 487 3371 vit);
503 3306 580 3357 sic
596 3306 778 3373 utique
799 3306 963 3359 etiam
990 3307 1071 3360 sol
1093 3306 1183 3361 ille
1206 3307 1489 3361 manifesta
1517 3310 1710 3365 divina:
1733 3310 1941 3367 bonita-

367 3398 437 3449 tis
464 3396 639 3463 imago
669 3398 874 3451 existit.
907 3398 1140 3453 Pulchre
1165 3408 1341 3452 autem
1375 3404 1558 3454 statim
1579 3404 1938 3473 corrigitqute

368 3486 547 3539 minus
582 3501 945 3544 consentanee
982 3491 1046 3543 de
1082 3490 1195 3546 sole
1239 3492 1382 3546 dicta
1426 3492 1770 3563 videbantur,
1811 3498 1936 3551 dum

368 3592 492 3628 eum
542 3577 914 3632 tenuissimum
943 3582 1234 3648 quemdam
1279 3592 1333 3635 ct
1362 3584 1607 3637 ultimum
1639 3587 1761 3639 boni
1794 3587 1939 3641 illius

367 3680 557 3719 sonum
586 3668 854 3721 nominat.
888 3669 1352 3734 Quemadmodum
1382 3674 1525 3726 enim
1560 3675 1605 3728 si
1636 3675 1759 3743 quis
1787 3679 1936 3728 voci-

366 3756 556 3811 ferans
596 3767 652 3811 et
702 3758 943 3814 clamans
991 3761 1192 3829 aliquid
1239 3762 1454 3829 dixerit,
1489 3776 1780 3833 praesentes
1815 3767 1937 3836 qui-

375 3848 499 3900 dem
534 3847 839 3904 valentibus
886 3851 1107 3906 auribus
1146 3853 1355 3922 praediti
1399 3868 1587 3911 vocem
1634 3863 1689 3911 et
1734 3872 1939 3912 sermo-

367 3952 493 3991 nem
541 3941 795 4007 audiunt;
828 3944 914 4011 qui
968 3953 1149 3999 autem
1201 3946 1423 4013 distant,
1468 3958 1672 4018 quanto
1716 3949 1936 4013 absunt,

368 4036 526 4083 tanto
566 4029 800 4085 debilius
832 4047 1021 4087 vocem
1067 4034 1325 4102 audiunt;
1372 4040 1462 4107 qui
1510 4055 1672 4109 porro
1709 4039 1936 4109 longiori

366 4122 545 4191 spatio
568 4124 760 4177 remoti
795 4132 939 4190 sunt,
966 4124 1132 4194 389
1159 4128 1605 4183 obscurissimum
1647 4130 1936 4199 quemdam

367 4228 560 4268 sonum
605 4216 843 4283 capiunt,
891 4225 948 4269 ιιι
992 4232 1176 4271 vocem
1206 4218 1422 4286 quidem
1473 4220 1710 4288 aliquam
1741 4221 1937 4275 obscu-

368 4320 487 4359 ram
525 4306 771 4372 andiant,
819 4309 912 4361 sed
949 4310 1090 4376 quod
1122 4310 1531 4378 pronuntiatum
1566 4321 1649 4366 est
1698 4328 1801 4365 non
1853 4313 1938 4367 in-

2045 3121 2219 3174 πάντα
2261 3120 2369 3190 γὰρ
2406 3118 2522 3189 μετ’
2560 3117 2811 3183 εὐταξίας
2848 3114 3327 3186 ἐδημιούργησεν
3372 3113 3518 3165 οὕτω
3564 3113 3637 3184 δὴ

2044 3212 2136 3263 καὶ
2161 3211 2192 3281 ἡ
2216 3211 2314 3280 τῆς
2350 3210 2496 3272 Θείας
2541 3208 2872 3277 ἀγαθότητος
2912 3207 3160 3277 ἐμφανὴς
3185 3204 3343 3257 εἰκὼν
3380 3207 3407 3256 ὁ
3444 3202 3631 3271 ἣλιος.

2042 3303 2234 3367 Καλῶς
2256 3304 2311 3356 δὲ
2345 3303 2404 3355 τὸ
2431 3304 2535 3356 ἀπε
2544 3305 2770 3373 μφαῖνον
2799 3300 2907 3353 τῶν
2931 3301 3023 3353 ἐπὶ
3047 3298 3124 3369 τῷ
3147 3299 3278 3369 ἡλίῳ
3313 3296 3636 3367 λεγομένων

2044 3397 2202 3461 εὐθὺς
2247 3397 2600 3467 ἐθεράπευσε,
2648 3395 2935 3448 πολλοστὸν
2982 3395 3074 3445 καὶ⁸
3117 3392 3421 3444 τελευταῖον
3474 3390 3637 3457 ἀπή-

2041 3507 2192 3560 χημα
2218 3488 2402 3541 τοῦτον
2425 3487 2592 3540 εἰπὼν
2626 3485 2885 3555 τάγαθοῦ.
2918 3486 3125 3553 Ὥσπερ
3152 3484 3259 3555 γὰρ
3290 3484 3345 3536 εί
3377 3500 3460 3545 τις
3491 3482 3635 3553 βοή-

2043 3599 2139 3645 σας
2165 3582 2259 3635 κα¹ι
2285 3579 2599 3650 ἀποσφάξας
2636 3579 2777 3631 εἴποι
2811 3596 2883 3641 τι,
2924 3579 3017 3629 καὶ
3053 3578 3100 3629 οἱ
3136 3576 3234 3647 μὲν
3267 3574 3633 3645 παρεστῶτες

2040 3673 2106 3727 ἂν
2130 3672 2429 3743 ἐρρωμένοι
2462 3670 2561 3733 τὰς
2587 3669 2755 3732 ἀκοὰς
2778 3663 2899 3731 ὦσι,
2922 3670 3020 3739 τῆς
3057 3669 3241 3737 φωνῆς
3273 3669 3364 3721 καὶ
3402 3666 3495 3720 τοῦ
3535 3669 3637 3721 λε-

2042 3764 2258 3834 χθέντος
2283 3763 2598 3815 ἀκούουσιν·
2626 3763 2675 3814 οἱ
2708 3762 2764 3814 δὲ
2804 3760 3133 3829 ἀφεστῶτες,
3162 3761 3284 3813 ὅσον
3330 3759 3639 3829 ἀπέχουσι,

2040 3854 2292 3907 τοσοῦτον
2315 3853 2705 3924 ἀδρανέστερον
2747 3852 2840 3905 τοῦ
2867 3852 3178 3922 φθέγματος
3204 3852 3507 3922 ἀκροῶνται
3529 3870 3544 3881 ·
3576 3856 3634 3905 οἱ

2041 3945 2100 3998 δὲ
2124 3946 2215 3997 ἐπὶ
2263 3943 2444 4013 μεῖζον
2492 3944 2768 4013 διάστημα
2814 3943 3203 4013 κεχωρισμένοι
3247 3942 3635 4012 ἀμυδρὸτατον

2041 4036 2134 4089 τοῦ
2165 4037 2521 4106 ἀπηχήματος
2558 4033 2941 4104 λαμϐάνουσιν,
2968 4034 3041 4097 ὡς
3065 4035 3243 4104 φωνῆς
3278 4034 3375 4105 μὲν
3403 4035 3635 4104 ἀσήμου

2040 4128 2183 4191 τινὸς
2222 4127 2460 4187 ἀκούειν,
2512 4125 2587 4196 μὴ
2627 4128 2765 4177 νοεῖν
2803 4125 2949 4177 δὲτὸ
2980 4126 3313 4195 ἐκφωνηθέν.
3352 4125 3638 4180 Τοσοῦτον

2042 4222 2187 4272 ἐστιν
2216 4219 2501 4271 ὑπολαϐεῖν
2522 4218 2584 4270 τὸ
2607 4217 2827 4287 ἡλιακὸν
2853 4216 2967 4286 φῶς
2979 4218 3114 4288 πρὸς
3136 4218 3197 4268 τὸ
3220 4216 3415 4288 ἀληθὲς
3440 4218 3634 4271 ἐκεῖνο

2040 4312 2135 4365 καὶ
2150 4311 2309 4374 θεῖον,
2324 4309 2461 4363 ὥστε
2475 4311 2568 4363 καὶ
2581 4310 2804 4380 ἄπειρον
2824 4308 2917 4361 καὶ
2934 4308 3031 4373 ἀξύ
3041 4308 3273 4379 μϐλητον
3289 4304 3429 4361 εἶναι
3440 4309 3500 4360 τὸ
3523 4311 3632 4379 μέ-

368 4401 642 4469 telligant.
696 4400 850 4457 Unde
891 4400 1147 4470 colligere
1197 4403 1322 4456 licet
1370 4412 1576 4456 tantum
1622 4418 1739 4459 esse
1762 4406 1937 4460 solare

2045 4420 2157 4456 σον.
2188 4403 2413 4474 Ἐφεξῆς
2438 4403 2585 4470 λέγει
2615 4402 2731 4465 πῶς
2760 4401 3013 4464 εἰκονίζει
3036 4402 3096 4453 τὺ
3118 4400 3507 4469 Θεῖονὸἧλιος’
3539 4402 3635 4455 ὅτι

364 4490 569 4554 lumen,
598 4495 640 4547 si
687 4509 809 4548 cum
840 4510 967 4549 vero
1000 4496 1090 4550 illo
1117 4511 1181 4551 ac
1227 4496 1410 4549 divino
1461 4506 1824 4566 comparetur,
1877 4507 1938 4553 ut

367 4582 714 4651 intercapedo
744 4596 797 4639 et
852 4586 1058 4640 inﬁnita
1091 4588 1161 4641 sit
1188 4596 1240 4642 et
1270 4588 1742 4656 incomparabilis.
1772 4589 1939 4645 Dein-

368 4671 435 4722 de
483 4672 634 4735 dicit,
688 4678 956 4741 qnmnodo
1009 4678 1089 4731 sol
1140 4680 1304 4732 Deum
1352 4679 1586 4744 referat;
1621 4682 1745 4747 quia
1796 4682 1937 4733 Deus

367 4764 548 4815 omnia
597 4779 934 4834 quascunque
984 4771 1150 4837 ipsius
1215 4771 1650 4838 participationis
1713 4772 1933 4840 capacia

369 4861 519 4915 sunt,
549 4868 645 4922 per
670 4857 836 4911 bonas
866 4860 1236 4913 institutiones
1262 4869 1425 4928 atque
1452 4861 1695 4915 actiones
1729 4862 1935 4915 aliasve

370 4942 580 5009 aiiquas
623 4946 1004 5013 dispositiones
1055 4950 1342 5015 illuminat,
1381 4961 1437 5003 ct
1483 4952 1662 5004 lumen
1710 4954 1938 5020 desuper

369 5048 669 5101 expansum
705 5038 929 5103 habens,
956 5043 1101 5093 omni
1155 5043 1355 5094 mundo
1386 5042 1582 5095 visibili
1614 5058 1671 5096 se
1700 5058 1937 5111 suosque

370 5124 554 5178 radios
588 5127 843 5193 explicat,
875 5144 995 5182 cum
1034 5140 1254 5200 propter
1283 5147 1347 5184 ea
1378 5148 1497 5200 qua:
1538 5134 1715 5186 anima
1749 5148 1936 5188 sensu-

370 5231 476 5282 que
504 5228 715 5281 carcut,
751 5227 861 5271 tum
907 5232 1125 5287 propter
1156 5236 1216 5273 ea
1259 5238 1377 5289 qua;
1423 5224 1634 5278 ratione
1674 5233 1728 5277 et
1779 5224 1938 5277 intel-

373 5310 511 5362 lectu
571 5312 791 5377 prmdita
861 5320 1005 5363 sunt.
1073 5312 1536 5378 Quemadmodum
1612 5316 1801 5384 igitur,
1858 5318 1937 5371 sol

372 5402 646 5453 sensibilis
700 5402 877 5454 omnia
947 5418 1066 5470 quae
1141 5414 1461 5471 cernuntur,
1518 5405 1821 5475 illuminat,
1883 5417 1938 5462 et

374 5503 705 5559 quzecunque
780 5492 951 5544 lucem
1011 5493 1123 5557 eius
1183 5509 1287 5547 non
1363 5496 1732 5563 participant,
1810 5512 1939 5566 pro-

373 5588 493 5644 pter
519 5583 787 5647 propriam
820 5598 970 5636 suam
1002 5584 1322 5650 opacitatent
1355 5587 1472 5655 ejus
1511 5591 1751 5655 expertia
1786 5590 1937 5645 exsi-

375 5676 551 5733 stunt;
585 5672 661 5724 sic
704 5674 865 5728 ctiam
919 5676 969 5729 in
1026 5678 1152 5747 lico,
1187 5692 1307 5732 cum
1359 5693 1474 5746 (‘jtlS
1525 5678 1843 5735 illuminalio
1886 5692 1938 5737 et

2039 4495 2101 4547 τὸ
2124 4494 2297 4559 Θεῖον,
2329 4496 2504 4547 πάντα
2531 4496 2629 4547 ὃσα
2664 4494 2907 4564 μετέχειν
2924 4493 3143 4546 δύναται
3164 4492 3375 4555 τούτου,
3392 4492 3460 4544 δι’
3485 4494 3631 4560 ἁγα-

2041 4587 2139 4659 θῆς
2168 4588 2437 4651 πολιτείας
2459 4589 2551 4640 καὶ
2574 4587 2822 4659 πράξεως
2853 4591 2946 4642 καὶ
2965 4588 3131 4658 ἄλλης
3154 4586 3299 4649 τινὸς
3327 4586 3633 4657 ἐπιτηδειό-

2038 4697 2198 4750 τητος
2240 4681 2492 4749 φωτίζει,
2527 4679 2663 4749 ἔχων
2677 4681 2737 4732 τὸ
2762 4680 2877 4749 φῶς
2900 4678 3361 4751 ὐπερηπλωμένον
3398 4676 3633 4742 ὲξαπλοῖ

2040 4773 2174 4843 πρὸς
2186 4773 2360 4825 πάντα
2384 4774 2473 4824 τὸν
2496 4774 2687 4842 ὁρατὸν
2704 4773 2905 4843 κόσμον
2928 4773 3021 4825 καὶ
3046 4772 3143 4834 τάς
3166 4770 3340 4839 αὐγὰς
3350 4770 3461 4822 τῶν
3478 4772 3635 4824 ἀκτί-

2040 4883 2145 4917 νων
2180 4866 2366 4929 αὐτοῦ,
2396 4867 2569 4917 ἐκεῖνο
2596 4864 2683 4917 διὰ
2706 4864 2773 4917 τὰ
2803 4865 2981 4934 ἀψυχα
3002 4866 3093 4916 καὶ
3118 4864 3440 4932 ἀναίσθητα,
3468 4864 3631 4917 τοῦτο

2037 4955 2203 5007 διὰτά
2219 4956 2410 5024 λογικά
2432 4972 2491 5007 τε
2515 4956 2608 5007 καὶ
2642 4955 2822 5026 νοερά.
2865 4956 2950 5017 Ὡς
2974 4954 3103 5021 γοῦν
3140 4956 3168 5006 ὁ
3192 4954 3454 5022 αἰσθητὸς
3474 4955 3627 5024 ἥλιος

2041 5045 2218 5097 πάντα
2243 5044 2310 5096 τὰ
2340 5044 2507 5115 ὁρατὰ
2548 5044 2791 5113 φωτίζει,
2833 5046 2927 5098 καὶ
2954 5045 3023 5097 τά
3056 5046 3145 5115 ’μὴ
3186 5045 3487 5115 μετέχοντα
3529 5047 3628 5098 τοῦ

2039 5138 2213 5204 φωτὸς
2243 5137 2426 5199 αὐτοῦ,
2458 5138 2526 5189 δι’
2554 5138 2760 5190 οἰκείαν
2792 5137 3074 5208 ἀδράνειαν
3102 5138 3161 5189 οὐ
3194 5137 3433 5206 μετέχει.
3469 5138 3628 5189 υῦτω

2040 5229 2133 5280 καὶ
2160 5230 2251 5281 ἐπὶ
2277 5228 2369 5281 τοῦ
2397 5229 2531 5281 Θεοῦ
2562 5228 3022 5298 ὑπερηπλωμένου
3063 5227 3158 5279 τοῦ
3204 5227 3489 5296 quinoth
3530 5230 3628 5279 καὶ

2040 5320 2309 5388 ἁγιασμοῦ
2338 5320 2506 5383 ὄντος,
2526 5322 2723 5383 πάντες
2752 5322 2800 5372 οἱ
2828 5320 3135 5389 βουλόμενοι
3172 5320 3501 5388 φωτίζονται
3532 5322 3627 5371 καὶ

2040 5411 2371 5479 ἁγιάζονται.
2426 5412 2582 5464 ’Λλλά
2614 5414 2707 5466 καὶ
2737 5412 2917 5473 πάλιν,
2942 5411 3130 5483 ὥσπερ
3150 5414 3179 5463 ὁ
3200 5412 3334 5474 Θεὸς
3362 5412 3628 5483 δημιουρο

2038 5505 2145 5569 γεῖ,
2192 5502 2332 5555 οὕτω
2368 5504 2457 5555 καὶ
2479 5505 2509 5554 ὁ
2547 5502 2694 5572 ἣλιος
2741 5503 2877 5571 πρὸς
2914 5503 3167 5572 γέννησιν
3189 5501 3299 5553 τῶν
3346 5502 3627 5573 αἰσθητῶν

2042 5597 2304 5665 σωμάτων
2354 5596 2744 5665 συμϐάλλεται,
2799 5598 2890 5648 καὶ
2934 5596 3067 5666 πρὸς
3117 5594 3261 5663 ζωὴν
3317 5598 3480 5658 κινεῖ,
3532 5598 3625 5647 καὶ

2038 5684 2202 5740 τᾶλλα
2238 5688 2395 5749 ποιεῖ,
2444 5685 2577 5757 πλὴν
2613 5686 2708 5756 οὐχ
2732 5685 2805 5750 ὡς
2851 5686 3020 5749 αἴτιος
3067 5686 3268 5739 τούτων
3319 5688 3462 5740 κατὰ
3506 5703 3625 5739 τινα
