3866 6234
205 277 319 330 ’257

782 275 872 329 DE
907 273 1163 330 DIVINIS
1196 268 1597 332 NOMINIBUS,
1634 264 1787 323 CAP.
1823 263 1914 322 IV.
1950 294 2017 303 —
2051 258 2396 316 PARAPHB.
2433 249 2901 310 PACHYMERE.

3361 247 3461 301 758

201 391 565 462 προαίρεσιν
608 388 722 443 ἀλλ’
759 388 914 453 εἰδὼς
968 389 998 440 ό
1050 386 1182 451 Θεὸς
1227 388 1307 440 ὅτι
1346 386 1410 440 τὸ
1458 386 1554 456 μὲν
1587 380 1792 454 ψυχρὸν

1902 376 2254 433 sanctiﬁcatio
2282 374 2515 442 desuper
2546 384 2783 441 expansa
2814 367 2906 436 sit,
2940 379 3127 422 omnes
3152 362 3463 433 quicunque

200 483 350 551 ἀγαν
375 482 588 550 ἄγονον,
611 481 672 534 τὸ
693 480 750 534 δὲ
791 480 1119 552 συμμέτρως
1160 479 1361 552 θερμὸν
1400 476 1791 546 γενεσιουργεῖ,

198 575 304 627 καὶ
326 575 411 627 ὅτι
435 573 503 626 τὰ
531 572 671 643 φυτά
697 572 791 625 καὶ
817 572 897 631 τάη
924 572 1212 643 σπέρματα
1244 570 1575 642 θερμότητος
1600 569 1790 630 δεῖται,

198 666 283 730 ὡς
320 666 418 723 καὶ
451 664 520 718 τά
570 664 796 736 σώματα
828 663 1044 717 ἅπαντα
1077 663 1147 717 τά
1178 662 1322 734 ζωὴν
1363 660 1573 732 ἔχοντα,
1605 658 1792 711 τούτου

202 760 371 831 χάριν
410 757 501 810 τὸν
526 757 675 828 ἥλιον
712 755 882 819 οὕτως
918 755 1063 826 ἔχειν
1094 755 1308 825 φύσεως
1346 754 1588 825 ἐποίησε.
1626 752 1795 805 Τοῦτο

200 851 268 902 τὸ
290 850 516 921 ἡλιακὸν
542 849 655 919 φῶς
669 850 789 901 κατ’
807 847 987 900 εἰκόνα
1013 847 1107 900 τοῦ
1124 846 1278 900 Θείου
1301 845 1394 899 τοῦ
1421 845 1571 908 ὄντος
1600 844 1793 906 αἰῶνος

204 942 303 993 καὶ
334 939 570 1010 ἀριθμοῦ
597 938 690 991 τοῦ
735 938 952 1003 παντὸς,
982 937 1056 1001 ὡς
1103 934 1434 1007 δημιουργοῦ
1471 934 1566 987 καὶ
1607 948 1793 1004 περιε-

202 1028 409 1089 κτικοῦ,
426 1029 662 1091 πάντων,
682 1028 774 1080 καὶ
794 1028 988 1099 μέτρον
1020 1027 1137 1079 ἐστὶ
1154 1026 1247 1078 καλ⁵
1263 1023 1492 1095 ἀριθμὸς
1508 1022 1684 1093 ὡρῶν,
1702 1024 1794 1075 καὶ

202 1119 452 1190 ἡμερῶν,
470 1120 563 1171 καὶ
588 1118 787 1182 παντὸς
812 1117 905 1171 τοῦ
930 1117 1051 1171 καθ’
1070 1119 1216 1188 ἡμᾶς
1232 1116 1423 1187 χρόνου
1440 1132 1452 1143 ’
1477 1114 1504 1167 ὃ
1532 1113 1625 1167 καὶ
1655 1112 1793 1166 κατά

198 1213 303 1284 τὴν
326 1213 523 1279 τριάδα
545 1212 654 1265 τῶν
685 1210 914 1283 πρώτων
934 1211 1175 1282 ἡμερῶν,
1194 1210 1598 1281 ἀσχημάτιστον
1622 1206 1699 1269 ὃν,
1713 1204 1794 1259 ούο

200 1324 314 1370 τως
332 1305 544 1370 ὲκείνας
559 1305 657 1369 τὰς
670 1305 878 1376 ρας
891 1302 1105 1376 διώριζε
1121 1307 1186 1376 τῇ
1216 1302 1443 1373 συστολῇ
1464 1316 1523 1354 τε
1542 1301 1636 1353 καὶ
1656 1314 1792 1369 παρ-

203 1400 465 1460 εκτάσει,
510 1396 692 1460 καθὼς
749 1396 900 1466 δηλοί
954 1397 1047 1449 καὶ
1089 1396 1116 1446 ὁ
1144 1396 1284 1459 θεῖος
1302 1393 1562 1463 Μωῡσῆς·
1588 1392 1792 1452 ἐκεῖνος

204 1493 318 1562 γάρ
344 1494 493 1543 ἐστιν
525 1492 552 1543 ό
581 1489 775 1558 λέγων,
802 1491 884 1543 ὅτι
915 1491 1007 1542 καὶ
1044 1489 1259 1558 ἐγένετο
1304 1487 1487 1559 ἡμέρα
1521 1486 1619 1557 μία
1643 1502 1656 1515 ⁸
1701 1488 1793 1541 καὶ

206 1582 394 1646 πάλιν,
423 1582 667 1653 δευτέρα,
699 1583 794 1635 καὶ
835 1580 1033 1651 ἐφεξῆς
1069 1580 1248 1651 τρίτη.
1293 1580 1402 1632 Καὶ
1439 1578 1625 1649 ῶσπερ
1658 1578 1793 1650 πρὸς

208 1674 412 1746 ἑαυτὴν
426 1677 459 1743 ἡ
487 1674 758 1745 ἀγαθότης
775 1672 1091 1743 ἐπιστρέφει
1108 1671 1283 1724 πάντα
1299 1669 1368 1723 τὰ
1392 1670 1787 1740 έσκεδασμένα,

1898 469 2082 523 volunt
2113 468 2485 521 illuminantur
2515 475 2571 519 et
2601 460 3038 517 sanctiﬁcantur.
3068 458 3299 519 Rursus,
3328 457 3468 511 sicut

1900 560 2039 614 Deus
2076 568 2247 623 creat,
2279 558 2359 612 sic
2389 557 2551 611 etiam
2590 553 2669 610 sol
2701 553 2767 607 ad
2814 550 3152 607 sensibilium
3177 562 3467 618 corporum

1896 650 2302 723 generationem
2354 647 2633 713 conducit,
2666 656 2720 701 et
2762 645 2929 697 vitam
2982 650 3201 706 movet,
3253 638 3469 706 aliaque

1897 743 2046 810 facit,
2083 758 2188 796 non
2221 752 2401 795 tamen
2435 750 2688 808 tanquam
2728 751 2914 792 eorum
2944 748 3106 788 causa
3137 732 3339 795 libera;
3371 744 3467 783 ve-

1898 852 2015 891 rum
2049 835 2194 890 Deus
2222 834 2403 889 sciens
2436 832 2605 902 frigus
2636 844 2758 885 esse
2787 829 2943 883 valde
2972 826 3181 894 sterile,
3216 824 3468 878 modera-

1897 940 2011 985 tum
2038 938 2215 984 autem
2246 926 2483 981 calorem
2511 926 2577 979 ad
2606 922 3014 995 generationem
3066 918 3267 984 facere,
3303 925 3467 982 atque

1896 1023 2097 1090 stirpes
2124 1027 2180 1075 et
2211 1019 2417 1071 semina
2454 1015 2650 1070 caloris
2686 1014 2947 1082 indigere,
2985 1009 3127 1064 sicut
3153 1008 3314 1061 etiam
3343 1021 3467 1059 cor-

1897 1129 2028 1183 pora
2058 1113 2242 1168 omnia
2273 1126 2394 1180 quae
2425 1110 2532 1163 vita
2580 1108 2851 1170 fruuntur,
2884 1105 2998 1174 ejus
3046 1102 3121 1156 rei
3168 1099 3338 1171 gratia
3374 1114 3467 1151 so.

1896 1208 2000 1260 lem
2035 1220 2093 1259 se
2124 1208 2196 1259 ita
2230 1205 2430 1261 habere
2456 1204 2609 1259 fecit.
2641 1201 2754 1255 Hoc
2782 1200 2961 1252 lumen
2995 1195 3146 1258 solis,
3173 1192 3468 1247 secundum

1900 1297 2190 1367 imaginem
2220 1295 2337 1361 Dei,
2373 1297 2461 1365 qui
2498 1306 2752 1364 tanquam
2790 1298 3007 1345 creator
3034 1296 3088 1342 et
3117 1291 3473 1341 conservator

1898 1388 2132 1444 universi
2151 1402 2321 1440 aevum
2342 1401 2403 1440 ac
2428 1398 2682 1441 numerus
2698 1379 3077 1443 existit,etiam
3097 1389 3349 1430 mensura
3364 1383 3469 1436 est,

1896 1492 1949 1536 et
1980 1496 2237 1536 numerus
2268 1485 2647 1547 tempestatum
2680 1491 2743 1529 ac
2767 1473 2972 1527 diermn
3003 1480 3057 1525 et
3082 1469 3258 1524 omnis
3293 1464 3471 1521 nostri

1899 1571 2180 1642 temporis;
2196 1570 2337 1640 quod
2356 1571 2517 1623 etiam
2537 1568 2831 1637 primorum
2850 1564 3056 1616 dierum
3079 1561 3477 1620 triduum,tam-

1895 1665 1997 1719 etsi
2032 1676 2156 1719 tunc
2186 1678 2289 1718 non
2318 1671 2435 1717 erat
2468 1662 2781 1731 ﬁguratum,
2821 1654 3193 1709 contractione
3220 1661 3274 1707 et
3309 1651 3475 1703 inter-

200 1771 281 1833 ὡς
308 1770 451 1841 ἀρχὴ
486 1771 582 1824 καὶ
607 1770 775 1834 αἰτία,
808 1768 902 1821 καὶ
954 1767 1131 1821 πάντα
1180 1765 1383 1836 ταύτης
1434 1766 1663 1834 ἐφίεται,
1695 1766 1790 1818 καὶ

1902 1756 2123 1824 iectione
2144 1752 2404 1817 deﬁnivit,
2422 1750 2723 1805 utidivinus
2746 1762 2960 1817 quoque
2984 1743 3193 1812 Moyses
3215 1740 3474 1805 declarat,

201 1862 281 1926 ὡς
310 1863 506 1933 ἀρχῆς,
537 1861 596 1927 ἐξ
630 1856 691 1916 οὗ
735 1861 843 1931 γὰρ
865 1860 933 1914 τά
960 1862 1156 1924 πάντα,
1184 1859 1401 1929 φησὶνή
1438 1857 1627 1928 Γραφή
1653 1874 1666 1886 ο
1700 1857 1794 1909 καὶ⁹

201 1952 279 2017 ὡς
309 1954 598 2024 συνοχέως,
619 1956 677 2008 ὲν
701 1946 745 2021 ᾧ
766 1952 876 2024 γὰρ
901 1952 969 2005 τὰ
999 1949 1451 2021 πάντα,δηλονότι
1489 1965 1794 2017 παντοκρα-

199 2044 410 2115 τορικῷ
451 2045 689 2115 πυθμένι
728 2045 821 2097 καὶ
847 2043 1080 2115 θεμελίῳ
1126 2040 1668 2113 περιφρουρούμενα·
1701 2041 1795 2093 καὶ

200 2136 280 2200 ὡς
308 2137 518 2202 τέλους,
541 2138 619 2200 είς
655 2136 684 2188 ὂ
712 2136 821 2208 γάρ
855 2136 925 2190 τὰ
950 2136 1146 2200 πάντα,
1170 2135 1332 2188 οἱονεὶ
1358 2134 1549 2205 πέρας,
1576 2135 1791 2197 οἰκεῖον,

203 2229 265 2282 ού
290 2230 539 2299 φυσικὸν,
564 2229 700 2282 ἀλλά
724 2229 1109 2300 δημιουργικόν
1128 2245 1140 2258 ·
1167 2228 1260 2282 καὶ
1274 2222 1334 2282 οὗ
1357 2229 1566 2297 ἐφίεται
1598 2226 1792 2291 πάντα,

204 2317 436 2374 ἕκαστον
459 2318 517 2371 δὲ
542 2317 682 2372 κατὰ
710 2320 808 2390 τὴν
846 2318 979 2372 ἰδίαν
1004 2317 1103 2388 τῆς
1132 2318 1347 2387 φύσεως
1385 2317 1559 2384 τάξιν,
1590 2318 1665 2381 ὡς
1693 2317 1796 2385 ἄγη

206 2409 356 2479 γελοι
386 2412 479 2463 καὶ
505 2410 782 2482 ἄνθρωποι
818 2410 1155 2479 γνωστικῶς,
1187 2411 1357 2479 ἄλογα
1394 2408 1507 2476 ζῶα
1548 2410 1796 2482 αἰσθητι-

205 2501 319 2565 κῶς
338 2518 351 2530 ·
382 2501 524 2570 φυτά
562 2504 625 2573 τῇ
656 2502 882 2573 ὲμφύτῳ
925 2505 1136 2573 κινήσει
1164 2505 1261 2574 τῆς
1290 2502 1501 2557 ἑαυτῶν
1529 2502 1696 2573 ζωῆς,
1730 2501 1798 2556 τὰ

204 2593 263 2649 δὲ
290 2592 442 2656 άζωα
473 2594 568 2646 καὶ
595 2593 725 2647 ὅντα
754 2594 895 2647 κατά
919 2594 980 2646 τὸ
1012 2591 1171 2659 εἶναι,
1198 2596 1297 2667 οὐχ
1318 2595 1405 2649 ἵνα
1433 2595 1653 2665 γνῶσιν,
1683 2593 1798 2648 ἀλλ’

207 2686 296 2743 ἱνα
331 2685 535 2756 μένωσι
574 2688 639 2757 τῇ
683 2688 886 2757 φυσικῇ
916 2687 1011 2739 καλ⁸
1055 2687 1192 2758 μόνῃ
1236 2687 1570 2759 συνεχόμενα
1617 2686 1795 2756 φύσει.

208 2777 367 2831 Οὕτω
419 2778 514 2831 καὶ
553 2778 581 2829 ὁ
625 2777 775 2848 ἥλιος
816 2778 885 2830 τὰ
928 2778 1032 2831 ὑπὸ
1066 2779 1163 2849 τῆς
1213 2778 1378 2832 αὐτοῦ
1432 2779 1800 2850 μαρμαρυγῆς

210 2870 543 2941 συνεχόμενα
584 2870 903 2941 ἐπιστρέφει
947 2871 1081 2943 πρὸς
1109 2872 1344 2951 ’ἑαυτόνο
1395 2870 1474 2924 διὸ
1518 2872 1611 2925 καὶ
1651 2870 1801 2941 ἥλιος

206 2962 449 3030 λέγεται,
482 2963 569 3016 ὅτι
608 2965 783 3018 πάντα
824 2963 987 3035 ἀολλῆ
1029 2964 1123 3017 καὶ
1167 2962 1602 3035 συνηθροισμένα
1640 2964 1798 3027 ποιεῖ,

210 3057 308 3111 καὶ
357 3055 579 3124 συνάγει
619 3055 690 3109 τὰ
735 3056 1196 3126 διεσκεδασμένα,
1246 3056 1342 3109 καὶ
1388 3057 1563 3109 πάντα
1612 3055 1800 3108 τούτου
1829 3095 1874 3157 C

209 3147 477 3216 ἐφίενται,
520 3147 589 3201 τὰ
624 3148 722 3217 μὲν
751 3148 865 3212 ζῶα
891 3148 965 3211 ὡς
1001 3147 1095 3200 τοῦ
1150 3149 1281 3220 όρᾷν
1302 3188 1317 3213 ,
1356 3148 1422 3200 τὰ
1453 3148 1511 3201 δὲ
1556 3148 1695 3217 φυτά
1726 3148 1801 3213 ὡς

206 3238 303 3293 τοῦ
350 3239 639 3305 κινεῖσθαι,
662 3239 732 3292 τὰ
754 3239 888 3293 ἄλλα
921 3239 996 3302 ὡς
1033 3238 1127 3291 τοῦ
1155 3239 1290 3303 ὅλως
1323 3239 1641 3311 συνέχεσθαι
1669 3240 1799 3310 παρ’

207 3330 377 3384 αὐτοῦ
403 3329 579 3399 φωτὸς
607 3330 888 3401 ἐφιέμενα.
919 3330 1027 3383 Καὶ
1061 3330 1119 3382 ού
1150 3329 1318 3400 δήπου
1353 3330 1497 3401 φημὶ
1545 3330 1683 3383 κατά
1710 3329 1800 3383 τὸν

210 3423 442 3478 παλαιὸν
492 3426 586 3478 καὶ
631 3425 880 3497 λαμπρὸν
928 3425 1156 3478 ὀδωδότα
1202 3423 1355 3494 λόγον
1387 3426 1476 3479 τὸν
1523 3424 1801 3495 έ,λληνικὸν

209 3516 369 3571 ὕθλον
396 3514 557 3588 (ἦσαν
578 3518 686 3589 γάρ
714 3536 842 3570 ποτε
871 3519 965 3573 καὶ
993 3517 1292 3587 ἀμφότεροι
1325 3516 1605 3587 Ἕλληνες,
1635 3515 1710 3578 ὡς
1742 3518 1799 3568 ὲν

208 3610 335 3671 ταῖς
367 3607 609 3680 Πράξεσι
642 3608 750 3660 τῶν
775 3609 943 3677 ἁγίων
983 3607 1295 3660 ἀποστόλων
1316 3604 1603 3675 δηλοῦται)
1632 3605 1664 3675 ἢ
1697 3606 1801 3675 μὴν

208 3700 301 3753 τὸν
330 3701 511 3772 μωρόν
534 3717 545 3727 '
575 3701 637 3753 τὸ
674 3700 781 3771 γὰρ
822 3701 1005 3772 μωρὸν
1052 3702 1275 3771 ἀρχαῖον
1316 3701 1363 3752 οἱ
1391 3698 1649 3768 ’Έλληνες
1690 3697 1805 3749 ἔλε-

209 3811 339 3865 γον·
366 3794 561 3848 οὐκοῦν
598 3794 739 3847 κατὰ
778 3793 966 3846 τοῦτον
996 3793 1085 3845 τὸν
1126 3793 1308 3865 μωρὸν
1338 3790 1494 3844 ὕθλον
1532 3791 1694 3860 φημὶ,
1720 3790 1802 3843 ὅτι

210 3887 242 3938 ό
268 3886 419 3956 ἥλιος
440 3927 453 3951 ,
487 3887 608 3950 θεὸς
654 3885 751 3950 ὣν,
784 3886 1130 3957 ἐπιτροπεύει
1156 3886 1247 3939 τὸν
1288 3885 1491 3955 κόσμον
1515 3902 1527 3913 ·
1563 3884 1698 3937 ἀλλά
1729 3882 1803 3937 τὰ

208 3980 439 4048 ἀόρατα
462 3980 567 4034 τοῦ
585 3980 755 4043 Θεοῦ,
781 3978 921 4033 κατά
939 3979 1030 4032 τὸν
1058 3974 1396 4039 Ἀπόστολον,
1413 3974 1531 4028 ἀπὸ
1553 3975 1804 4039 κτίσεως

209 4075 447 4143 κόσμου
487 4072 612 4139 τοῖς
643 4071 932 4140 ποιήμασι
978 4070 1274 4138 νοούμενα
1318 4063 1635 4133 καθορᾶται
1659 4105 1674 4130 ,
1713 4067 1806 4119 καὶ

207 4169 244 4237 ἡ
295 4165 486 4235 θεότης
512 4164 676 4217 αὐτοῦ
704 4203 719 4228 ,
773 4164 873 4217 καὶ
920 4162 1087 4225 ἀΐδιος
1127 4160 1354 4231 δύναμις
1390 4158 1497 4213 ἀπὸ
1528 4155 1621 4211 τοῦ
1651 4156 1802 4228 ἡλίου

212 4257 559 4327 ἐμφαίνεται.

1894 1847 1983 1903 ille
2010 1848 2152 1903 enim
2186 1846 2297 1899 ait:
2326 1843 2391 1898 Et
2425 1843 2565 1897 facta
2592 1848 2674 1895 est
2694 1841 2807 1894 dies
2829 1852 2955 1900 una,
2978 1844 3029 1889 et
3051 1838 3477 1899 iterum,secun-

1893 1943 1982 2006 da,
2004 1955 2066 1995 ac
2086 1938 2277 1995 deinde
2304 1936 2463 1992 tertia
2487 1933 2530 1987 1.
2552 1934 2617 1988 Et
2640 1936 2779 1987 sicut
2800 1932 3034 1995 bonitas,
3058 1936 3312 1996 tanquam
3330 1923 3477 1993 prin-

1895 2033 2092 2102 cipium
2109 2040 2161 2086 et
2177 2045 2364 2096 causa,
2379 2035 2570 2083 cuncta
2587 2040 2705 2095 quae
2733 2024 2977 2093 dispersa
2996 2028 3121 2075 sunt
3139 2018 3205 2072 ad
3238 2031 3297 2071 se
3321 2014 3477 2070 colli-

1896 2127 1996 2198 git,
2022 2124 2311 2194 omniaque
2335 2122 2505 2191 ipsam
2539 2126 2829 2187 appetunt;
2862 2122 2917 2169 et
2953 2121 3010 2167 ut
3030 2109 3377 2184 principium,
3408 2122 3475 2160 ex

1897 2231 1961 2271 ea
1995 2215 2140 2271 enim
2168 2212 2375 2276 omnia,
2398 2217 2457 2262 ut
2480 2208 2554 2261 ait
2582 2206 2897 2275 Scriptura;
2927 2211 2979 2257 et
3001 2209 3060 2256 ut
3082 2199 3475 2259 continentem,

1899 2308 1952 2362 in
1980 2321 2087 2375 quo
2112 2303 2366 2358 nimirum
2397 2300 2580 2355 omnia
2612 2294 2777 2350 veluti
2825 2293 2878 2347 in
2906 2289 3261 2347 omnitenenti
3308 2286 3476 2341 fundo

1901 2415 1964 2453 ac
1993 2396 2340 2451 fundamento
2372 2390 2772 2453 custodiuntur,
2808 2393 2862 2440 et
2898 2392 2957 2438 ut
3006 2382 3189 2446 ﬁnem,
3218 2379 3284 2433 ad
3316 2393 3476 2448 quem

1899 2489 2102 2553 omnia,
2132 2486 2286 2557 quasi
2338 2484 2405 2539 ad
2450 2482 2741 2537 terminum
2784 2493 2940 2532 suum
2993 2490 3096 2529 non
3149 2471 3478 2533 naturalem,

1900 2582 1994 2637 sed
2025 2577 2329 2634 eﬂ‘ectivum
2378 2584 2655 2644 spectant;
2706 2579 2760 2625 et
2801 2568 2956 2638 cujus
2987 2564 3256 2620 desiderio
3296 2561 3475 2616 omnia

1905 2681 2184 2737 tenentur,
2216 2668 2495 2739 quodlibet
2558 2666 2810 2719 nimirum
2859 2659 3152 2717 secundum
3202 2654 3480 2726 proprium

1904 2776 2111 2822 natura;
2150 2762 2397 2818 ordinem
2422 2801 2438 2827 ,
2480 2767 2537 2811 ut
2576 2755 2750 2826 angeli
2779 2774 2789 2811 ξ
2817 2762 2875 2808 et
2928 2752 3176 2807 homines
3225 2747 3481 2805 scienter,

1902 2863 2061 2917 bruta
2094 2856 2391 2913 animantia
2420 2852 2718 2915 scnsiliter,
2747 2848 2944 2917 stirpes
2970 2844 3134 2899 insito
3157 2840 3323 2912 390
3354 2838 3483 2905 ipsis

1904 2960 2111 3007 natura:
2147 2958 2319 3015 motu,
2349 2947 2475 3001 vitae
2507 2958 2637 2997 vero
2675 2952 2977 3007 sensusque
3002 2937 3247 3005 expertia
3280 2948 3479 2987 secun-

1905 3044 2032 3099 dum
2058 3056 2204 3107 esse,
2236 3055 2343 3095 non
2373 3048 2433 3094 ut
2462 3044 2819 3108 cognoscant,
2846 3034 2938 3087 sed
2970 3040 3027 3086 ut
3062 3028 3358 3098 persistant
3386 3041 3483 3079 na-

1908 3137 2065 3191 turali
2094 3134 2473 3203 permansione
2500 3140 2789 3194 contcnta;
2824 3127 2902 3182 sic
2951 3124 3115 3179 etiam
3162 3120 3243 3175 sol
3270 3134 3333 3173 ea
3364 3132 3484 3188 qua:

1906 3230 2004 3284 sub
2036 3224 2417 3298 splendoribus
2444 3223 2558 3292 ejus
2584 3224 2951 3283 c0ntinentur,
2988 3215 3055 3269 ad
3099 3228 3156 3268 se
3189 3212 3482 3267 convertit.

1906 3330 2128 3391 propter
2154 3319 2298 3389 quod
2349 3318 2515 3370 etiam
2567 3312 2717 3383 ἥλιος
2753 3307 3074 3380 appellatur,
3105 3304 3250 3375 quod
3300 3301 3483 3355 omnia

1904 3411 2069 3480 ἁολλῆ
2099 3425 2193 3465 seu
2224 3420 2557 3477 congregare
2588 3405 2772 3469 faciat,
2802 3409 2857 3455 et
2886 3401 3128 3469 dispersa
3160 3402 3479 3464 congreget,

1908 3505 2203 3572 omniaque
2226 3503 2403 3571 ipsum
2430 3507 2708 3568 appetant,
2758 3494 2995 3547 viventia
3039 3489 3257 3561 quidem
3309 3494 3367 3539 ut
3403 3485 3483 3538 vi-

1907 3598 2093 3664 deant,
2117 3595 2315 3665 stirpes
2340 3604 2399 3647 ut
2428 3598 2769 3652 moveantur,
2799 3594 2993 3640 caetera
3020 3592 3079 3636 ut
3104 3583 3172 3637 ab
3205 3582 3320 3649 ipso
3350 3594 3482 3632 con-

1906 3698 2193 3745 serventur
2223 3689 2348 3741 dum
2394 3684 2576 3738 lumen
2611 3681 2732 3751 ejus
2766 3687 3046 3750 appetunt.
3078 3673 3196 3728 Non
3226 3673 3328 3726 hoc
3358 3672 3483 3724 dico

1906 3777 2201 3833 secundum
2239 3775 2517 3843 antiquam
2560 3783 2613 3826 et
2649 3769 2985 3841 splendidam
3018 3764 3256 3820 fabulam
3287 3776 3351 3815 ac
3378 3777 3481 3815 nu-

1906 3885 2091 3943 gacem
2116 3868 2399 3938 gentilium
2430 3878 2734 3921 sermonem
2770 3862 2951 3931 (erant
2999 3858 3142 3913 enim
3189 3854 3483 3924 aliquando

1904 3965 2068 4018 etiam
2097 3961 2313 4027 utrique
2337 3956 2586 4029 gentiles,
2612 3965 2670 4009 ut
2694 3955 2745 4007 in
2774 3960 3084 4007 sanctorum
3115 3947 3482 4019 apostolorum

1902 4056 2053 4112 Actis
2103 4050 2433 4121 declaratur)
2477 4048 2562 4102 vel
2604 4057 2751 4102 certe
2807 4044 3047 4112 fatuum;
3099 4058 3225 4100 nam
3270 4042 3479 4096 fatuum

1902 4147 2129 4220 gentiles
2157 4147 2297 4202 idem
2329 4145 2472 4213 quod
2501 4140 2785 4210 antiquum
2829 4138 3103 4194 dicebant.
3152 4136 3340 4206 Itaque
3370 4146 3482 4186 non

1902 4241 2200 4298 secundum
2241 4238 2381 4292 hanc
2404 4235 2606 4291 fatuam
2650 4231 2912 4295 fabulam,
2945 4230 3192 4300 inquam,
3220 4224 3480 4296 quoniam

212 4347 296 4402 sol
327 4349 466 4401 Deus
494 4357 596 4409 est,
635 4345 893 4400 mundum
926 4344 1223 4409 convertit;
1262 4357 1447 4397 verum
1471 4337 1751 4394 invisibilia
1788 4336 1903 4400 Dei,
1947 4333 2242 4388 secundum
2294 4326 2646 4397 Apostolum,
2699 4340 2731 4377 a
2775 4332 3021 4377 creatura
3055 4317 3264 4381 mundi,
3294 4331 3387 4384 per
3415 4328 3480 4368 ea

208 4458 331 4512 qua:
362 4440 501 4508 facta
528 4450 674 4505 sunt,
726 4439 1014 4504 intellecta,
1068 4438 1465 4505 conspiciuntur
1511 4444 1572 4497 ’³.
1605 4444 1658 4489 et
1705 4431 1960 4485 divinitas
1987 4425 2156 4495 ipsius
2188 4424 2471 4491 virtusque
2514 4418 2843 4488 sempiterna
2865 4430 2897 4469 a
2930 4412 3044 4468 sole
3072 4407 3472 4465 manifestatur.

286 4532 315 4603 ᾗ
362 4532 422 4586 ν.
477 4532 636 4585 Ἀλλά
674 4530 847 4585 ταῦτα
879 4532 975 4601 μὲν
1006 4534 1064 4584 ὲν
1098 4531 1202 4601 ἰδίᾳ
1230 4528 1580 4601 πραγματείᾳ
1624 4526 1801 4579 τεθεοη
1830 4549 1871 4583 υ

208 4626 458 4696 λόγηται,
489 4626 582 4679 νῦν
613 4625 670 4679 δὲ
701 4625 893 4698 ῥητέον
917 4626 1044 4695 περὶ
1071 4622 1166 4677 τοῦ
1194 4622 1385 4693 νοητοῦ
1423 4620 1793 4691 φωτός,Λέγε-

206 4736 300 4771 ται
321 4717 504 4771 τοίνυν
532 4720 562 4771 ὁ
585 4717 718 4781 Θεὸς
744 4717 879 4786 φῶς,
898 4716 1032 4771 ἀλλά
1060 4716 1269 4786 νοητὸν,
1298 4714 1384 4769 διὰ
1411 4716 1472 4767 τὸ
1492 4713 1671 4767 πάντα
1701 4715 1799 4783 ἁγ-

208 4811 427 4881 γελικὸν
452 4809 579 4864 νοῦν
614 4811 887 4879 φωτίζειν,
926 4812 1105 4864 πᾶσαν
1139 4809 1195 4862 δὲ
1224 4807 1445 4878 ἄγνοιαν
1474 4806 1797 4861 ἀπελαύνειν

211 4907 280 4958 ὲκ
303 4903 412 4955 τῶν
431 4901 639 4973 ψυχῶν,
670 4897 756 4965 αἷς
781 4901 848 4955 ἂν
873 4901 1179 4972 ἐγγένηται,
1212 4901 1353 4971 Ὅρα
1373 4899 1449 4963 δὲ,
1474 4900 1554 4952 ὅτι
1581 4899 1675 4951 ἐπὶ
1696 4898 1796 4969 μὲν

210 4996 323 5049 τῶν
350 4994 598 5064 ἀγγέλων
620 4993 921 5056 εύθυόόλως
943 4987 1064 5044 εἶπε
1090 4991 1343 5061 φωτίζειν
1368 4991 1429 5043 τὸ
1460 4988 1595 5057 φῶς,
1624 4990 1715 5041 ἐπὶ
1741 4988 1797 5043 δὲ

210 5087 323 5141 τῶν
349 5085 535 5156 ψυχῶν
566 5085 827 5155 πρότερον
853 5084 1173 5137 ἀπελαύνειν
1203 5083 1264 5136 τὸ
1301 5082 1400 5151 τῆς
1435 5081 1639 5149 πλάνης
1669 5080 1797 5135 σκόέ-

211 5196 306 5241 τος
351 5178 445 5230 καὶ
485 5176 627 5229 οὕτω
668 5175 950 5245 φωτίζειν·
988 5178 1038 5228 οἱ
1084 5174 1193 5246 γὰρ
1234 5173 1451 5242 ἄγγελοι
1497 5171 1658 5224 ἁπλοῖ
1704 5171 1798 5223 καὶ

218 5268 533 5340 μονοειδεῖς,
563 5268 657 5321 καὶ
696 5266 754 5333 ἐξ
792 5268 965 5339 ἀρχῆς
994 5267 1056 5320 τὸ
1084 5267 1199 5337 φῶς
1224 5265 1534 5337 ἐσχηκότες,
1557 5266 1623 5335 τῇ
1648 5263 1800 5317 ἀκλι-

214 5366 300 5417 νεί
332 5361 589 5415 ἀνατάσει
618 5362 940 5430 φωτίζονται
977 5362 1196 5424 πάντες,
1218 5363 1266 5413 οἱ
1307 5360 1352 5411 δ’
1393 5358 1691 5429 ἄνθρωποι,
1722 5358 1801 5410 δι-

216 5455 345 5508 πλοῖ
381 5455 567 5519 ὅντες,
612 5456 704 5509 καὶ
754 5457 931 5526 σάρκα
979 5456 1382 5526 περιφέροντες,
1404 5452 1798 5523 συνειθισμένοι

220 5552 329 5605 εἰσὶ
358 5552 482 5615 ταῖς
525 5552 817 5619 κοσμικαῖς
857 5549 1099 5618 ἀγνοίαις
1137 5550 1232 5604 καὶ
1273 5550 1528 5612 πλάναιςσ
1568 5546 1661 5601 καὶ
1701 5544 1799 5599 οὐκ

308 5730 326 5769 ι
361 5729 496 5785 Gen.
528 5746 566 5786 ι.
645 5739 680 5760 ’³
706 5730 840 5786 Rom
884 5746 921 5797 l,
947 5728 1034 5783 ‘20.

1977 4522 2019 4593 §_
2053 4519 2114 4575 V.
2160 4518 2363 4573 Verum
2397 4520 2513 4571 haec
2548 4513 2601 4567 in
2644 4511 2864 4581 pr0prio
2897 4516 3127 4563 tractatu
3175 4503 3477 4573 theologice

1904 4613 2329 4681 descripsimus,
2354 4609 2515 4664 modo
2549 4604 2834 4662 dicendum
2876 4603 2943 4656 de
2984 4600 3105 4654 luce
3154 4595 3476 4651 intellectili.

1903 4709 2112 4763 Dicitur
2153 4705 2337 4772 itaque
2391 4705 2530 4757 Deus
2586 4699 2675 4754 lux
2704 4736 2720 4763 ,
2759 4695 2856 4751 sed
2913 4691 3281 4755 intellectilis,
3330 4690 3476 4758 quod

1902 4812 2119 4852 omnem
2166 4794 2470 4865 angelicum
2520 4791 2856 4846 intellectum
2906 4786 3209 4848 illuminet,
3254 4796 3472 4837 omnem

1908 4898 2086 4944 autem
2116 4887 2478 4959 ignorantiam
2523 4899 2591 4939 ex
2630 4882 2848 4944 animis,
2882 4878 3078 4948 quibus
3126 4877 3266 4929 inest
3294 4882 3475 4929 exter-

1904 4985 2094 5039 minet.
2128 4984 2364 5039 Observa
2394 4992 2542 5044 vero,
2577 4975 2721 5045 quod
2750 4973 2802 5027 in
2836 4970 3043 5041 angelis
3081 4969 3297 5037 quidem
3327 4975 3474 5019 recta

1902 5078 2216 5146 conjectura
2266 5070 2463 5127 dixerit
2513 5070 2686 5123 lucem
2724 5063 3051 5126 illuminare,
3085 5061 3138 5114 in
3186 5059 3477 5112 animabus

1908 5183 2034 5223 Vcl‘O
2070 5167 2226 5234 prius
2256 5162 2461 5218 erroris
2492 5159 2739 5215 tenebras
2767 5156 2984 5224 ejicere,
3016 5162 3071 5209 et
3116 5163 3229 5205 tum
3272 5149 3474 5203 illumi-

1905 5274 2065 5325 nare;
2100 5273 2223 5312 nam
2261 5254 2437 5324 angeli
2464 5268 2586 5309 cum
2622 5251 2896 5321 simplices
2924 5263 2989 5303 ac
3018 5245 3315 5300 uniformes
3340 5243 3471 5303 sint,

1903 5362 1959 5409 et
1986 5354 2053 5409 ab
2084 5353 2236 5407 initio
2267 5349 2401 5404 lucis
2432 5345 2724 5418 participes
2750 5341 3078 5404 exstiterint,
3106 5336 3361 5392 continua
3392 5334 3473 5385 in-

1907 5448 2151 5504 tentione
2181 5459 2369 5502 omnes
2410 5441 2817 5504 illuminantur;
2869 5436 3112 5492 homines
3152 5443 3277 5485 vero
3298 5467 3315 5492 ,
3345 5442 3467 5481 cum

1905 5540 2152 5611 duplices
2182 5540 2308 5604 sint,
2343 5545 2400 5592 et
2431 5548 2648 5591 carnem
2682 5527 3088 5590 circumferant,
3122 5518 3470 5578 saecularibus
