3866 6234
403 295 509 351 759
1500 296 1553 351 S.
1594 294 1753 351 DION
1764 294 1894 351 ἴδη
1929 292 2395 351 AREOPAGlT/E
3572 293 3681 346 760

400 409 724 481 ignorantiis
767 410 1155 478 erroribusque
1184 415 1309 464 sunt
1349 410 1575 473 assueti,
1608 425 1713 463 non
1747 424 1927 476 possm

2167 408 2487 477 φωτισθεῖεν
2506 406 2682 471 ἄλλως
2708 408 2757 460 εί
2784 406 2858 478 μὴ
2879 406 2941 459 τὸ
2964 409 3153 470 σκότος
3174 408 3482 479 ἀπελασθῇ.
3506 409 3686 463 Ὅθεν

397 505 557 560 aliter
604 503 936 567 illuminari,
972 503 1071 557 nisi
1106 503 1341 556 tenebrae
1371 502 1605 570 depulsa:
1652 504 1779 557 sint.
1815 502 1924 559 Und

2152 512 2165 554 ι
2199 501 2322 555 ἐπεὶ
2344 501 2444 553 οὐκ
2473 499 2585 569 ἔχει
2618 497 2778 569 φύσιν
2792 499 2853 552 τὸ
2868 499 2983 568 φῶς
3001 499 3078 570 τῷ
3098 500 3277 553 σκότει
3302 504 3572 563 συνεῖναι,
3586 502 3679 557 διὰ

397 612 523 652 cum
557 598 646 651 lux
696 608 885 651 natura
934 613 1028 651 sua
1076 596 1236 651 simul
1281 612 1402 650 cum
1445 596 1680 651 tenebris
1717 612 1839 651 esse
1870 614 1924 652 ne

2150 593 2227 645 'rro
2250 592 2345 645 τοῦ
2376 591 2551 661 φωτὸς
2575 591 3051 663 ὑπεισερχομένου,
3080 593 3140 645 τὸ
3162 594 3347 657 σκότος
3368 592 3677 648 attinuerat:

396 699 581 760 queat,
611 691 813 745 idcirco
850 690 968 744 luce
1003 691 1367 754 subiutrante,
1401 692 1641 744 tenebrae
1681 690 1923 758 fugantur

2151 687 2308 740 ιὸσον
2336 687 2397 739 τὸ
2425 688 2540 755 φῶς
2575 688 2971 758 ἐπεισέρχεται,
3001 685 3191 739 τούτου
3229 689 3287 739 αἱ
3322 685 3497 757 ψυχαὶ
3531 688 3678 740 ἁπο-

396 794 451 839 et
502 794 761 853 quantum
806 783 894 835 lux
945 782 1266 848 ingreditur,
1316 790 1524 835 tantum
1568 783 1761 835 anima:
1798 782 1923 850 ipsa:

2148 779 2380 849 δόμεναι,
2399 778 2596 849 μᾶλλον
2629 779 2867 849 ἐφίενται
2894 796 2905 809 ·
2939 778 3032 831 καὶ
3061 777 3279 848 μᾶλλον,
3297 778 3481 831 αὐτῶν
3518 779 3675 846 ἐφιε-

398 875 753 945 degustantes
780 876 951 944 magis
982 883 1271 942 appetunt;
1305 881 1359 926 et
1385 881 1593 941 quanto
1633 871 1735 924 illae
1778 869 1918 937 inajo

2141 891 2270 936 νων,
2299 873 2497 943 μᾶλλον
2522 873 2893 943 ὲπιλάμπειτδ
2918 872 3051 941 φῶς,
3068 874 3149 925 ὃτι
3174 872 3467 942 ἠγάπησαν
3500 871 3668 932 πολὺ,

396 968 667 1022 desiderio
716 979 969 1036 aguntur,
1002 974 1155 1019 tanto
1206 964 1376 1034 magis
1427 964 1517 1017 iux
1562 962 1799 1031 aﬂ'ulget,
1834 977 1923 1030 qur

2144 965 2210 1017 τὰ
2237 964 2306 1017 τὰ
2334 965 2453 1036 ἱερὰ
2478 966 2799 1035 Εὐαγγέλια.
2833 966 2907 1018 Οὐ
2938 964 3047 1036 γὰρ
3074 963 3329 1034 ἐξαίφνης
3354 962 3669 1032 ἐπιλάμπει

396 1061 543 1114 niam
575 1060 880 1114 dilexerunt
909 1058 1161 1122 multum,
1189 1056 1345 1123 juxta
1378 1066 1568 1109 sancta
1608 1054 1923 1122 Evangelia1

2163 1056 2298 1125 φῶς,
2328 1057 2416 1111 ἵνα
2467 1058 2540 1127 μή
2581 1074 2697 1120 πως
2738 1056 3109 1120 σκοτισοῶσιν,
3138 1054 3325 1126 ὥσπερ
3369 1054 3671 1123 συμϐαίνει

394 1150 513 1206 Non
541 1151 686 1205 enim
719 1160 940 1219 repente
967 1149 1058 1202 lux
1108 1147 1345 1215 aﬂulget,
1380 1162 1446 1200 ne
1493 1146 1708 1214 quando
1736 1145 1921 1213 caligir

2139 1150 2184 1210 ῖς
2213 1147 2471 1218 ἐξαίφνης
2497 1148 2604 1200 ἀπὸ
2638 1147 2827 1217 βαθέος
2859 1147 3084 1209 σκότους
3118 1146 3195 1216 τῷ
3221 1146 3354 1217 ἡλίῳ
3386 1148 3666 1214 ὲπεντρα-

395 1242 767 1307 oﬂ'undantur,
800 1244 942 1297 sicut
971 1242 1237 1311 contingit
1265 1240 1333 1295 iis
1362 1240 1455 1309 qui
1490 1255 1520 1293 e
1565 1237 1845 1307 profundis
1891 1251 1922 1291 ll

2139 1239 2238 1301 ζειν
2270 1238 2544 1292 ἐθέλουσιν
2569 1256 2582 1270 ·
2616 1238 2751 1292 ἀλλὰ
2794 1240 2913 1292 κατ’
2941 1238 3119 1307 ὀλίγον
3157 1240 3251 1291 καὶ
3291 1238 3426 1307 πρὸς
3465 1238 3531 1288 τὺ
3563 1236 3666 1305 μέ.-

394 1334 581 1389 nebris
603 1333 771 1389 solem
798 1334 1020 1388 directis
1049 1333 1222 1387 oculis
1253 1330 1449 1385 intueri
1483 1332 1693 1394 volunt;
1730 1331 1825 1383 sed
1847 1343 1921 1383 sei

2139 1346 2198 1382 ον
2221 1330 2332 1384 τῶν
2360 1331 2787 1401 ὑποδεχομένων,
2810 1332 2899 1383 ὅτε
2921 1329 2997 1400 τῷ
3025 1328 3326 1401 πληθυσμῷ
3345 1329 3472 1391 τοὺς
3497 1328 3666 1381 ἀσθε-

396 1426 522 1489 sim,
546 1424 700 1491 juxta
726 1424 998 1477 modulqu
1027 1438 1216 1477 eorum
1248 1422 1337 1491 qui
1364 1422 1543 1475 lumen
1579 1420 1874 1488 excipiunt,
1913 1436 1923 1470 ι

2141 1422 2355 1493 στέρους
2389 1423 2827 1487 καταδαπτίζων,
2854 1422 3162 1476 οὗτεπάλιν
3196 1422 3280 1474 ἐπ’
3307 1421 3531 1473 ἔλαττον
3558 1438 3668 1472 πα-

393 1533 569 1585 neque
595 1518 713 1571 luce
744 1516 909 1570 nimia
936 1516 1260 1569 inlirmiores
1285 1513 1498 1572 obruat.
1533 1526 1707 1579 neque
1734 1525 1920 1562 l'lll'Sllll

2140 1534 2142 1566 1
2167 1515 2275 1567 τῶν
2301 1515 2465 1580 ἀξίων
2494 1514 2855 1585 χωρούμενον,
2884 1514 3017 1567 ἀλλὰ
3046 1514 3186 1567 κατὰ
3215 1514 3310 1585 τὴν
3329 1512 3437 1565 τῶν
3468 1512 3667 1564 ὑποδε-

394 1620 617 1678 propter
661 1609 879 1662 luminis
931 1608 1189 1676 ittOpiatn,
1224 1605 1431 1659 meritis
1478 1618 1581 1656 non
1619 1601 1917 1671 respondea

2140 1602 2314 1673 μένων
2344 1606 2423 1667 είς
2461 1605 2751 1658 ἁνάνευσιν
2778 1604 3068 1673 ἀναλογίαν
3093 1622 3107 1636 ο
3136 1604 3294 1657 τοῦτο
3329 1604 3437 1673 γάρ
3479 1605 3663 1667 ἐστιν,

393 1706 488 1755 sed
532 1700 693 1769 juxta
743 1700 1154 1769 suseipieutium
1186 1697 1346 1768 391
1403 1709 1623 1750 sursum
1677 1706 1920 1747 contueni

2134 1696 2217 1748 mi.
2246 1696 2503 1765 ἀνωτέρω
2536 1695 2703 1765 λέγει,
2730 1697 2813 1750 δτι
2836 1696 2988 1764 τάξις
3018 1698 3113 1751 καὶ
3141 1696 3337 1767 μέτρον
3372 1695 3534 1765 ἡμῶν
3564 1698 3661 1749 ἐσ-

391 1795 750 1863 capacitatem
785 1802 1144 1862 temperetur;
1178 1794 1277 1845 hoc
1314 1791 1458 1844 enim
1490 1800 1575 1843 est
1618 1788 1763 1856 quod
1800 1787 1967 1841 etiam
2049 1805 2133 1839 τιν
2155 1789 2182 1839 6
2210 1790 2361 1850 Θεός.

391 1890 643 1956 superius
692 1887 847 1950 dixit,
899 1884 1063 1939 Deum
1110 1898 1230 1937 esse
1268 1883 1513 1937 ordinem
1572 1893 1629 1937 ct
1676 1894 1988 1935 mensuram
2023 1889 2285 1933 nostram.

452 1979 481 2051 ς
512 1979 606 2033 Vl.
633 1979 768 2032 Illud
798 1978 939 2046 quod
981 1993 1142 2044 supra
1187 1992 1337 2029 omne
1371 1973 1546 2028 lumen
1570 2015 1587 2041 ,
1639 1974 1840 2027 bonum
1888 1973 1970 2025 lu-

2141 1972 2167 2042 §
2204 1971 2285 2025 γι.
2323 1973 2491 2026 Τοῦτο
2515 1975 2576 2027 τὸ
2603 1973 2753 2042 ὑπὲρ
2773 1972 2894 2028 πᾶν
2921 1973 3065 2042 φῶς,
3110 1972 3312 2041 ἀγαθὸν
3344 1972 3461 2040 φῶς
3494 1972 3660 2040 λέγε-

391 2086 515 2125 men
551 2070 784 2133 dicitur;
831 2071 959 2136 quia
1013 2067 1181 2121 etiam
1234 2080 1449 2120 onmem
1507 2075 1741 2118 mentem
1773 2078 1918 2131 supr:

2131 2083 2176 2127 .t,
2211 2065 2304 2117 καὶ
2341 2066 2424 2118 ότι
2466 2067 2645 2119 πάντα
2689 2066 2815 2119 νοῦν
2857 2066 3245 2137 ὑπερκόσμιον,
3282 2064 3529 2133 δηλονότι
3558 2066 3658 2116 τὸν

391 2165 745 2225 mundanam,
775 2161 987 2219 scilicet
1027 2159 1289 2211 virtutum
1324 2156 1691 2225 superiorum,
1726 2156 1916 2210 circun

2122 2156 2173 2209 [iv
2195 2159 2449 2228 ἀνωτέρω
2476 2159 2755 2227 δυνάμεων
2775 2199 2787 2222 ,
2824 2161 3178 2230 περικόσμιον
3207 2159 3300 2212 τὸν
3327 2158 3649 2225 ἀγγελικὸν,

391 2256 725 2309 mundanam
781 2254 926 2308 illam
976 2252 1302 2321 angelicam,
1351 2250 1403 2303 id
1469 2261 1555 2302 est
1601 2264 1791 2302 eorum
1844 2262 1915 2315 qu

2125 2248 2307 2301 ηυτέστι
2334 2250 2446 2303 τῶν
2471 2252 2565 2303 ἐπὶ
2587 2250 2894 2323 λειτουργίᾳ
2926 2248 3423 2321 ἀποστελλομένων,
3447 2250 3545 2302 καὶ
3570 2252 3652 2312 εἰς

382 2348 538 2418 juxta
587 2345 909 2414 Apostolum
934 2350 983 2409 ο,
1015 2344 1069 2397 iu
1122 2343 1491 2397 ministerium
1541 2339 1715 2403 missi,
1787 2348 1842 2393 et
1896 2356 1909 2391 ι

2126 2342 2344 2412 >ίκησιν,
2374 2342 2467 2396 καὶ
2501 2343 2771 2396 διακονίαν
2805 2343 3149 2413 τεταγμένων
3180 2342 3321 2396 κατὰ
3351 2344 3444 2395 τὸν
3486 2345 3542 2395 ’Δ
3554 2346 3653 2395 πό-

388 2436 808 2491 aedilicationem
850 2443 907 2489 et
932 2433 1256 2503 obsequium
1287 2432 1525 2488 ordinati
1564 2440 1691 2487 sunt
1716 2430 1792 2499 (id
1816 2431 1915 2486 enii

2123 2431 2247 2483 εολον
2288 2431 2452 2501 (οῦτω
2508 2433 2616 2503 γὰρ
2655 2436 2750 2486 καὶ
2799 2435 2859 2486 ὲν
2894 2434 2973 2504 τῷ
3017 2434 3161 2502 Περὶ
3207 2433 3318 2501 τῆς
3354 2436 3650 2499 οὐρανίου

388 2534 555 2585 etlam
583 2529 635 2582 in
670 2528 808 2579 libro
843 2525 917 2579 De
947 2524 1143 2579 caelesti
1172 2524 1477 2578 hierarclu'a
1501 2522 1690 2591 tradit)
1714 2530 1774 2577 et
1800 2538 1910 2576 mut

2123 2525 2363 2593 ραρχίας
2398 2525 2588 2597 φησί’)
2636 2528 2729 2580 καὶ
2770 2526 3082 2596 ἑγκόσμιον,
3126 2526 3217 2578 τὸν
3275 2524 3650 2595 ἀνθρώπινον,

390 2621 617 2683 dialem,
644 2620 856 2673 scilicet
900 2618 1195 2671 humanam
1229 2632 1291 2670 ex
1326 2631 1423 2669 sua
1458 2614 1800 2683 plenitudine
1836 2613 1917 2668 illi

2157 2613 2251 2667 τοῦ
2295 2616 2496 2668 οἰκείου
2536 2616 2899 2687 πληρώματος
2945 2616 3310 2686 καταλάμπει,
3355 2617 3498 2668 κατὰ
3552 2618 3654 2668 τόν

395 2714 592 2775 niinat,
636 2709 794 2779 juxta
839 2708 1083 2762 divinum
1146 2706 1451 2774 apostolum
1486 2714 1540 2759 et
1571 2703 1922 2773 evangelistai

2115 2709 2204 2759 ιῖον
2233 2708 2529 2763 ἀπόστολον
2554 2711 2647 2762 καὶ
2669 2709 3060 2779 εὐαγγελιστὴν
3098 2709 3347 2778 Ἰωάννην
3376 2708 3642 2775 λέγοντα⁹

388 2802 654 2857 Joannem
677 2811 725 2865 Ρ,
752 2802 1023 2854 dicentem
1056 2817 1069 2852 :
1108 2795 1174 2850 Er
1201 2814 1266 2851 ea:
1286 2797 1613 2865 plenitudine
1637 2796 1751 2864 ejus
1782 2812 1915 2848 omni

2121 2799 2172 2852 αὶ
2194 2799 2261 2853 ἐκ
2284 2800 2390 2852 τοῦ
2413 2801 2805 2870 πληρώματος
2840 2800 3027 2853 αὑτοῦ
3061 2798 3281 2864 πάντες
3321 2798 3648 2867 ἐλάϐσμεν-

388 2896 705 2965 accepimus.
780 2892 871 2947 Vel
924 2892 1427 2959 supramundanam
1486 2888 1564 2941 ait
1621 2888 1915 2956 spiritalem

2119 2892 2135 2943 ι
2166 2891 2539 2961 ὑπερκόσμιόν
2566 2908 2700 2962 φησι
2727 2891 2818 2944 τὸν
2849 2889 3217 2961 πνευματικόν
3237 2906 3249 2918 ·
3281 2890 3646 2959 περικόσμιον

387 2986 955 3051 circutmnundanam,
999 2982 1326 3046 animalem;
1363 2992 1417 3035 et
1448 2980 1804 3045 mundialem,
1836 2995 1914 3033 cat

2123 3003 2151 3037 ν
2178 2985 2405 3055 ψυχικόν
2424 3002 2436 3014 ·
2468 2985 2777 3055 ὲγκὸσμιον,
2795 2984 2885 3037 τὸν
2911 2983 3171 3055 σαρκικόν
3193 3024 3206 3037 .
3240 2985 3306 3035 Ἤ
3330 2985 3423 3035 καὶ
3441 2983 3650 3047 ἄλλως,

385 3080 588 3136 nalern.
611 3076 708 3134 Vel
729 3078 896 3131 etiam
924 3074 1103 3139 aliter,
1132 3072 1658 3139 supramundialem,
1689 3086 1808 3124 eam
1840 3084 1909 3138 qu

2121 3078 2425 3148 ιερκόσμιον
2469 3076 2558 3129 τὸν
2588 3076 2685 3147 τὴν
2722 3075 3001 3143 Θεολογίαν
3052 3073 3447 3144 κατορθοῦντω
3481 3091 3648 3144 περι-

387 3173 715 3241 theologiam
746 3171 932 3233 docet;
972 3162 1543 3225 circummuudialein,
1574 3177 1696 3230 quas
1726 3170 1914 3215 natura

2128 3184 2285 3238 σμιον
2320 3166 2412 3219 τὸν
2438 3166 2537 3238 τὴν
2564 3166 2793 3238 φυσικὴν
2818 3166 3048 3237 θεωρίαν
3067 3183 3080 3195 ·
3107 3166 3400 3236 ὲγκόσμιον
3423 3165 3514 3217 τὸν
3540 3165 3652 3235 τὴν

386 3267 493 3318 lem
522 3261 1073 3330 contemplationem;
1110 3255 1439 3311 tnundialem
1486 3269 1607 3323 quae
1657 3254 1913 3324 practical

2119 3259 2369 3329 οακτικὴν
2397 3259 2617 3330 ἀρετήν.
2641 3258 2758 3322 Φῶς
2787 3257 2949 3311 πάλιν
2975 3258 3004 3310 ό
3040 3257 3190 3320 Θεὸς,
3215 3257 3345 3310 διότι
3370 3256 3468 3319 τὰς
3508 3256 3646 3320 ὅλας

384 3357 645 3408 virtutem
682 3352 866 3407 tradit.
929 3350 1073 3404 Deus
1116 3350 1311 3402 iterum
1346 3345 1439 3399 lux
1470 3354 1575 3409 est,
1607 3344 1736 3412 quia
1768 3358 1911 3397 omni

2122 3354 2251 3424 ερὰς
2276 3353 2551 3422 δυνάμεις,
2579 3353 2679 3415 τάς
2715 3369 2774 3405 τε
2801 3355 2859 3404 ὲν
2882 3350 3091 3423 οὐρανῷ
3117 3351 3211 3403 καὶ
3236 3350 3333 3413 τὰς
3364 3351 3646 3422 ἡμετέρας

387 3448 661 3503 intellectu
695 3446 952 3515 przeditas
981 3444 1232 3507 virtutes,
1264 3454 1385 3493 eum
1435 3437 1687 3493 cmlestes
1719 3443 1830 3489 tum
1861 3449 1914 3487 nt

2121 3444 2361 3508 νανεάζει.
2394 3446 2518 3509 Πῶς
2554 3444 2612 3498 δὲ
2659 3444 2942 3509 ἀνανεάζει
2970 3445 3030 3496 τὸ
3065 3444 3214 3511 φῶς;
3246 3442 3277 3512 ἢ
3308 3441 3550 3511 δηλονότι
3584 3442 3648 3507 ἐξ

387 3550 533 3594 stras
587 3541 851 3603 renovati;
876 3534 1157 3603 Quomodo
1211 3543 1390 3585 autem
1452 3540 1678 3585 renovat
1736 3527 1914 3581 lumen

2119 3537 2350 3604 ιαλογίας
2392 3536 2502 3590 τῶν
2551 3536 2895 3606 σωματικῶν,
2943 3536 3036 3589 καὶ
3079 3535 3150 3587 τὰ
3193 3534 3399 3603 ψυχικά
3449 3551 3513 3585 τε
3546 3538 3646 3587 καὶ

386 3632 651 3697 Quoniam
689 3627 944 3681 videlicet
995 3642 1060 3679 ex
1118 3624 1469 3692 proportione
1525 3636 1704 3675 rerum
1761 3632 1913 3686 corp<

2120 3624 2219 3694 ερὰ
2256 3626 2709 3695 ὲκλαμϐἀνονται.
2756 3625 2841 3688 Ὠς
2874 3625 3003 3692 γοῦν
3034 3625 3221 3693 νεότης
3244 3626 3381 3688 ἐστὶ,
3420 3623 3547 3675 καο’
3573 3625 3646 3695 ῆν

388 3739 605 3777 rearuin
632 3720 1013 3789 intelliguntur
1036 3733 1097 3770 ea
1124 3732 1245 3785 qua:
1282 3714 1348 3767 ad
1386 3714 1627 3766 animum
1679 3722 1733 3765 et
1786 3710 1915 3765 intel

2115 3742 2117 3760 ι
2144 3716 2303 3787 σῶμα
2334 3716 2403 3769 τὰ
2430 3719 2603 3769 οἰκεῖα
2634 3717 2851 3770 δύναται
2896 3718 3159 3786 ἐνεργεῖν,
3186 3716 3359 3784 γῆρας
3392 3713 3469 3776 δὲ,
3509 3715 3642 3767 καο’

388 3814 581 3867 lectum
632 3818 905 3881 spectant.
961 3807 1430 3875 Quemadmodum
1485 3804 1650 3871 igitur
1695 3802 1915 3871 juventu

2117 3810 2174 3862 οὺ
2203 3809 2455 3863 δύναται·
2480 3808 2626 3861 οῦτω
2663 3809 2725 3879 δὴ
2752 3814 2844 3860 καὶ
2874 3808 3053 3879 ψυχῆς
3078 3809 3170 3859 καὶ
3194 3806 3285 3858 νοῦ
3304 3806 3477 3875 γῆρας
3508 3808 3644 3874 μὲν,

384 3914 493 3968 est,
538 3906 591 3957 in
635 3919 740 3972 qua
776 3916 976 3970 corpus
1018 3899 1223 3968 optime
1262 3896 1580 3951 functiones
1617 3909 1747 3949 suas
1798 3894 1911 3949 obii

2113 3901 2180 3953 ιϐ’
2202 3901 2230 3953 ὃ
2256 3901 2316 3953 οὐ
2346 3900 2565 3953 δύναται
2594 3901 2837 3969 ἐνεργεῖν
2864 3898 2935 3950 τὰ
2960 3900 3152 3961 οἰκεῖα,
3198 3898 3382 3965 νεότης
3425 3896 3479 3947 δὲ
3504 3896 3640 3947 καῦ*

386 3996 553 4060 valet,
584 3994 793 4049 senium
843 4007 991 4058 vero,
1022 3991 1076 4045 in
1104 4006 1215 4060 quo
1252 4006 1355 4044 non
1385 3990 1552 4053 valet,
1588 3988 1668 4043 sic
1698 3987 1864 4041 etiam
1902 4002 1913 4038 ι

2112 4012 2121 4042 ρ
2146 3993 2385 4047 δύναται.
2428 3992 2516 4045 Ἐν
2541 3990 2671 4060 γοῦν
2699 3990 2775 4060 τῷ
2800 3991 2898 4061 τῆς
2928 3989 3135 4059 πλάνης
3166 3990 3255 4041 καὶ
3284 3988 3381 4055 τῆς
3407 3989 3639 4054 ἀγνοίας

386 4089 580 4141 anima:
623 4093 678 4140 et
713 4083 913 4138 mentis
953 4080 1164 4135 senium
1208 4080 1427 4149 quidem
1473 4088 1579 4143 est,
1619 4078 1673 4131 in
1708 4090 1819 4145 quo
1848 4089 1913 4129 no

2110 4084 2237 4136 ιότει
2277 4086 2304 4136 ό
2341 4082 2463 4146 νοῦς
2498 4081 2593 4147 ῶν,
2623 4083 2771 4153 γηρᾷ
2806 4075 2915 4133 οἷον
2943 4082 3035 4133 καὶ
3074 4080 3342 4149 ἀπρακτεί
3367 4077 3502 4129 κατὰ
3531 4077 3637 4140 τὶς

384 4184 563 4249 potest
588 4174 817 4243 exsequi
850 4187 1047 4226 munus
1073 4183 1255 4232 suum,
1281 4166 1540 4235 juventus
1580 4180 1730 4227 vero,
1764 4164 1817 4218 in
1844 4178 1911 4227 qu

2111 4176 2260 4239 κείας
2286 4175 2574 4245 δυνάμεις·
2604 4172 2699 4226 τοῦ
2740 4170 2932 4244 νοητοῦ
2980 4171 3039 4224 δὲ
3083 4170 3260 4240 φωτὸς
3299 4168 3638 4239 ἐπιλάμψαιμ

385 4278 581 4341 potest.
612 4269 746 4323 Dum
796 4268 977 4336 itaque
1018 4277 1173 4317 mens
1219 4261 1271 4313 in
1309 4259 1516 4315 erroris
1554 4267 1609 4313 et
1635 4257 1912 4327 lgnoranti

2107 4286 2165 4331 ις,
2210 4266 2550 4326 ἀνανεοῦται,
2602 4266 2694 4317 καὶ
2736 4262 2807 4317 τὰ
2857 4264 3037 4316 οἰκεῖα
3074 4262 3333 4333 πράττειν
3373 4259 3634 4315 δύναται.

388 4364 629 4418 tenebris
682 4369 954 4419 Versatur,
1006 4353 1413 4426 quodammodo
1472 4350 1834 4413 consenescit,
1899 4363 1915 4403 ε

2121 4354 2201 4423 ὶτη
2236 4352 2331 4405 τοῦ
2376 4352 2567 4423 νοητοῦ
2616 4352 2791 4421 φωτὸς
2823 4351 2858 4421 ἡ
2883 4351 3040 4413 ἀκτὶς
3062 4350 3269 4412 πάντας
3298 4349 3546 4419 περιέχει
3577 4352 3648 4404 ὲν

385 4457 531 4511 vires
561 4455 679 4523 ejus
717 4453 1149 4520 obtorpescunt;
1188 4461 1375 4501 verum
1406 4444 1495 4498 ubi
1532 4442 1622 4496 lux
1647 4440 1911 4509 intelligili

2119 4462 2129 4494 ι
2174 4444 2449 4514 ὑπερεῖναι
2488 4443 2702 4494 πάντων
2736 4442 2828 4494 καὶ
2862 4440 2936 4511 μὴ
2979 4438 3105 4509 παρ’
3130 4438 3341 4500 οὐδενὸς
3379 4436 3646 4508 περιέχε-

386 4548 450 4603 lis
478 4547 721 4617 aﬂulget,
752 4551 1067 4605 renovatur,
1117 4548 1173 4591 et
1215 4553 1337 4607 qua:
1393 4535 1475 4590 sui
1534 4536 1779 4587 muneris
1827 4547 1910 4585 sui

2115 4550 2197 4596 ‘at,
2231 4533 2324 4585 καὶ
2355 4530 2542 4594 ἁπλῶς
2588 4532 2768 4583 πᾶσαν
2822 4530 2923 4599 τῆς
2968 4528 3303 4596 φωτιστικῆς
3344 4526 3642 4596 δυνάμεως

385 4641 611 4709 exsequi
649 4640 811 4693 valet.
844 4638 1015 4691 Porro
1048 4637 1233 4689 radius
1284 4631 1379 4684 ille
1415 4628 1554 4681 lueis
1594 4624 1912 4693 intelligibili

2113 4622 2347 4693 ιριότητα
2388 4623 2480 4674 καὶ
2523 4621 2771 4685 ἐξουσίαν
2809 4618 3165 4682 συλλαϐοῦσα,
3198 4618 3291 4670 καὶ⁵
3342 4617 3640 4687 ὑπερέχει,

387 4742 595 4785 mentes
624 4746 813 4783 omnes
846 4730 1114 4791 continet,
1140 4740 1263 4778 cum
1307 4736 1472 4790 supra
1495 4733 1686 4773 omnes
1701 4728 1813 4779 est,
1838 4727 1893 4770 et

2120 4732 2135 4766 ι
2164 4714 2303 4784 ὑπὲρ
2328 4713 2505 4766 πάντα
2529 4712 2599 4765 τὰ
2630 4711 2787 4781 φῶτά
2821 4713 2936 4765 ἐστι
2981 4712 3075 4763 καὶ
3116 4709 3391 4779 προσέχει,
3427 4709 3510 4761 ὄτι
3538 4710 3642 4779 δη-

385 4822 532 4875 ιιυΙΙο
574 4821 902 4884 continetur,
930 4831 1093 4887 atque
1138 4829 1357 4871 omnem
1404 4808 1727 4880 simpliciter
1760 4808 1907 4861 illum

2113 4806 2318 4877 ιουργὸς
2357 4806 2560 4859 τούτων
2600 4806 2738 4867 ἐστὶ,
2767 4806 2860 4858 καὶ
2897 4805 3073 4857 πάντα
3099 4804 3319 4870 συνάγει
3344 4802 3439 4854 καὶ
3462 4802 3640 4873 ἀολλῆ

385 4912 551 4965 nandi
601 4910 877 4963 facultatis
933 4910 1269 4962 dominatum
1322 4920 1387 4958 ac
1448 4912 1912 4972 potestateincom

2111 4902 2218 4950 mi.
2246 4900 2368 4961 Πῶς
2394 4899 2450 4951 δὲ
2470 4898 2633 4967 ἁολλῆ
2656 4898 2749 4950 καὶ
2778 4894 3207 4966 συνηθροισμένα
3236 4896 3379 4945 ποιεῖ
3404 4892 3469 4945 τὸ
3491 4892 3638 4961 φῶς,

387 5003 690 5071 prehendit,
734 5011 788 5053 et
837 5000 1189 5068 superhahet,
1240 4997 1499 5065 quoniam
1553 5008 1716 5062 supra
1766 4991 1912 5046 omni

2109 4992 2364 5062 ›νίστησιν
2410 4993 2474 5043 ὲκ
2510 4989 2605 5043 τοῦ
2642 4989 2883 5041 ἐναντίου
2906 5005 2918 5017 ·
2943 4988 3018 5050 ὡς
3057 4986 3165 5057 γὰρ
3195 4988 3228 5057 ἡ
3269 4985 3465 5053 ἄγνοια
3490 4986 3636 5038 διαι-

387 5094 591 5147 lumina
631 5092 855 5157 existit;
880 5102 932 5145 et
962 5091 1259 5159 prieliahet,
1287 5090 1547 5158 quoniam
1576 5088 1769 5140 harum
1795 5101 1914 5138 crea

2111 5085 2243 5152 ;τική
2271 5086 2385 5136 ἐστι
2430 5082 2538 5135 τῶν
2588 5079 3016 5150 πεπλανημένων
3048 5080 3095 5148 (ὁ
3138 5078 3248 5147 γὰρ
3284 5076 3496 5145 ἀγνοιῖιν
3550 5080 3638 5141 εἰς

389 5195 473 5237 tor
501 5194 603 5249 est,
643 5196 698 5239 et
738 5185 919 5237 omnia
962 5191 1276 5251 congregat,
1329 5193 1384 5235 et
1424 5182 1475 5235 in
1506 5195 1669 5233 unum
1703 5178 1916 5245 capulat

2109 5174 2224 5226 ηλλὰ
2254 5173 2571 5244 μερίζεται),
2612 5172 2841 5240 οῦτωςὴ
2884 5168 3151 5238 παρουσία
3184 5166 3277 5219 τοῦ
3320 5167 3498 5235 φωτὸς
3538 5169 3636 5221 καὶ

386 5276 663 5343 Quomodo
692 5285 870 5329 autem
905 5275 990 5327 lux
1026 5275 1208 5327 omnia
1238 5283 1532 5341 eongreget
1577 5280 1633 5324 et
1684 5270 1737 5323 in
1779 5285 1905 5321 uuui

2108 5285 2146 5334 ις
2190 5265 2438 5332 γνώσεως
2477 5262 2787 5330 συναγωγός
2813 5264 2928 5313 ἐστι
2957 5259 3063 5312 τῶν
3101 5259 3516 5327 φωτιζομένων·
3550 5260 3635 5311 ἒτι

386 5370 619 5435 copulet,
655 5369 847 5437 probat
878 5382 906 5418 a
931 5366 1231 5419 contrario.
1264 5364 1416 5417 Sicut
1452 5362 1595 5417 enim
1637 5361 1906 5429 ignoranti

2133 5359 2226 5410 κα)⁹
2274 5353 2691 5425 ἐπιστρεπτικὴ,
2736 5351 3139 5422 ἐπιστρέφουσα
3176 5350 3284 5401 ἀπὸ
3329 5349 3428 5417 τῆς
3468 5350 3634 5401 πολυ-

386 5472 633 5515 errantes
663 5459 854 5511 dividit
893 5457 1002 5524 (qui
1024 5455 1168 5509 enim
1198 5455 1430 5521 ignorat,
1468 5453 1520 5506 in
1554 5453 1719 5507 multa
1750 5452 1913 5506 distra

2103 5451 2200 5512 ita;
2237 5450 2367 5517 πρὸς
2394 5447 2457 5499 τὸ
2482 5446 2647 5508 δντως
2676 5445 2734 5497 ὃν
2762 5444 2969 5514 (ῶσπερ
3005 5442 3155 5512 ἡλίου
3193 5442 3630 5511 ἐπιλάμψαντος,

390 5551 584 5618 hitur),
610 5552 689 5605 sic
720 5549 940 5603 luminis
964 5545 1403 5617 cognitionisque
1432 5544 1718 5613 prmsentia
1745 5540 1917 5612 colligi

2106 5540 2263 5612 ρῶτος
2296 5542 2323 5592 ὁ
2350 5539 2559 5608 βλέπων
2583 5538 2660 5599 εἰς
2698 5536 2859 5590 αὑτὸν
2884 5533 3288 5605 ἐπιστρέφεταί,
3316 5535 3409 5588 καὶ
3436 5532 3633 5588 τούτου

466 5727 640 5783 ILuc.
673 5743 765 5795 vti,
795 5727 883 5781 47.
962 5735 987 5761 υ
1017 5725 1219 5794 Ευιιοε.
1250 5736 1324 5788 iv,
1360 5721 1439 5775 η.
1523 5734 1550 5768 ιι
1578 5717 1735 5773 Juan.
1768 5733 1805 5781 ι,
1844 5716 1928 5773 lii.
