3866 6234
180 246 293 308 761

768 253 858 309 DE
889 254 1150 312 DIVINIS
1181 252 1578 317 NOMINIBUS,
1614 254 1762 311 CAP.

1868 255 1895 310 ’.
1930 287 1996 297 -—
2022 253 2373 310 PARAPHR.
2412 252 2889 312 PACHYMER/E.

3358 263 3462 319 763

176 367 707 441 ἀντιλαμϐάνεται
734 370 829 423 xui
853 370 933 433 είς
964 368 1090 441 μίαν
1117 368 1360 440 καθαράν
1389 369 1591 438 γνῶσιν
1621 370 1762 423 συνά·

1883 386 1946 425 ea
1990 385 2112 439 quae
2164 369 2573 435 illuminantur;
2606 369 2831 441 insuper
2863 386 2994 427 vero
3025 373 3192 429 etiam
3222 390 3461 432 conver-

174 478 390 531 γουσα,
433 462 535 534 τὴν
572 462 904 531 θεογνωσίαν
941 462 1163 533 δηλαδὴ,
1200 462 1301 527 τὰς
1342 463 1589 526 ποικίλας
1630 462 1782 531 δψεις

172 556 291 621 τὰς
336 559 417 620 εἰς
454 556 627 609 πολλά
668 555 1077 627 μεμερισμένας
1115 556 1376 628 δηλονότι.
1418 552 1572 617 Εἶτα,
1598 556 1720 609 ἐπεὶ
1744 556 1780 626 ἡ

173 646 317 714 δψις
341 647 727 718 αύθυπάρκτου
757 647 1079 717 πράγματος
1109 644 1594 715 ἀντιλαμϐάνεται,
1619 643 1690 695 τὰ
1722 642 1780 695 δὲ

174 741 389 795 εἴδωλα
431 742 531 795 οὐκ
580 742 719 794 είσὶν
761 742 969 804 εἰκόνες
1017 740 1214 804 τινῶν,
1275 739 1411 792 ἀλλὰ
1456 738 1779 792 πλάττονται

176 832 302 904 (διὰ
321 833 481 886 τοῦτο
502 832 613 903 γὰρ
645 834 739 887 xui
776 834 974 888 εἴδωλα
1006 831 1457 904 ὠνομάσθησαν),
1485 830 1648 901 φησιν
1672 830 1777 892 ὅτι,

175 926 525 998 κυριώτερον
546 927 603 978 δὲ
629 928 824 991 εἰπεῖν,
843 927 1141 996 φαντασίας
1157 926 1321 979 οἱονεὶ
1342 921 1779 994 πλασματώδεις,

173 1018 398 1082 ἑννοίας
428 1020 556 1090 περὶ
591 1018 661 1071 τὰ
706 1019 967 1090 αἰσθητάο
1000 1018 1156 1072 εἴωθε
1196 1018 1305 1088 γάρ
1328 1019 1361 1088 ἡ
1388 1016 1656 1085 φαντασία
1685 1016 1779 1068 xui

172 1111 251 1163 τὰ
282 1111 359 1182 μὴ
393 1112 521 1165 ὄντα
557 1112 654 1165 xui
689 1105 765 1165 ὧν
808 1114 888 1176 εἰς
926 1111 1130 1180 γνῶσιν
1169 1110 1201 1182 ἢ
1246 1110 1375 1162 θέαν
1412 1109 1514 1162 οὐκ
1538 1108 1773 1178 ἧλθομεν

172 1203 575 1257 ἀναπλάττειν.

1887 462 2036 517 tendi
2065 461 2173 517 vim
2231 463 2417 525 habet,
2444 460 2573 515 dum
2605 476 2636 515 a
2685 462 2855 517 multa
2889 464 3102 519 visione
3138 467 3205 519 ad
3238 465 3291 522 id
3318 470 3463 538 quod

1887 567 2016 608 vere
2041 560 2126 606 est
2150 553 2426 607 convertit
2471 550 2953 623 (quemadmodum
3004 556 3220 612 lucente
3259 561 3373 615 sole
3415 560 3463 617 is

1885 644 1976 711 qui
2028 644 2196 705 videt,
2244 643 2311 697 ad
2368 643 2544 712 ipsum
2604 642 2843 711 primum
2885 649 3248 710 convertitur,
3297 650 3462 722 392

1883 735 2173 805 ipsumque
2200 736 2445 804 excipit),
2476 742 2531 789 et
2560 733 2626 787 ad
2660 750 2823 789 unam
2854 752 3045 805 puram
3072 741 3462 811 cognitionem,

1884 827 2143 881 videlicet
2172 827 2240 881 ad
2282 827 2376 882 Dei
2410 826 2686 893 notitiam,
2742 828 2971 883 adducit
3017 830 3167 885 varia
3209 832 3296 887 illa
3326 834 3458 899 visa,

1887 936 2008 990 quae
2050 922 2308 974 nimirum
2351 921 2420 975 ad
2464 919 2632 974 multa
2682 931 2809 977 sunt
2860 924 3146 979 distracta.
3191 925 3462 983 (Steterunt

1884 1028 2007 1067 cum
2044 1012 2195 1067 visus
2246 1027 2358 1067 rem
2409 1026 2509 1081 per
2541 1028 2600 1068 se
2652 1015 3043 1070 subsistentem
3075 1018 3333 1085 postulet,
3362 1018 3461 1090 fig-

1881 1116 2061 1160 menta
2094 1114 2277 1159 autem
2322 1119 2430 1159 non
2478 1104 2588 1159 sint
2612 1105 2882 1176 imagines
2913 1124 3095 1161 rerum
3126 1108 3458 1179 aliquarum,

1876 1198 1971 1252 sed
2017 1198 2291 1267 fingantur
2334 1196 2482 1266 (nam
2520 1197 2726 1252 idcirco
2764 1200 3020 1269 figulenta
3059 1200 3457 1272 nominantur),

172 1296 363 1365 magis
391 1298 611 1367 pr0prie
643 1298 960 1367 phantasias
1018 1314 1113 1353 seu
1176 1299 1594 1368 imaginationes
1623 1294 1809 1349 vocari
1847 1309 2012 1364 posse
2086 1293 2240 1359 dicit,
2319 1302 2512 1362 utpote
2563 1293 2842 1350 fabulosas
2892 1296 3255 1366 cogitationes
3311 1297 3457 1353 circa

171 1387 439 1453 Settsilin;
471 1390 611 1443 solet
647 1391 789 1444 enim
839 1390 1157 1460 imaginatio
1186 1391 1350 1445 etiam
1394 1406 1458 1445 ea
1501 1403 1622 1458 quae
1652 1404 1756 1442 non
1791 1396 1943 1454 sunt,
1969 1395 2025 1442 et
2062 1384 2119 1441 in
2162 1400 2393 1455 quorum
2435 1385 2805 1455 cognitionem
2865 1388 2949 1442 vel
3008 1399 3287 1459 aSpectum
3350 1404 3458 1445 non

172 1482 459 1543 venimus,
486 1481 765 1552 efﬁngere.

249 1576 279 1646 §
312 1573 422 1628 VII.
452 1574 626 1629 Τοῦτο
661 1578 722 1630 τὸ
757 1577 960 1646 ἀγαθὸν
984 1579 1232 1649 ὑμνεῖται
1261 1579 1355 1632 xui
1380 1579 1455 1642 ὡς
1486 1576 1650 1631 καλὸν
1676 1574 1774 1627 xui

1951 1562 2119 1635 §Vll.
2151 1563 2265 1619 Hoc
2293 1564 2423 1620 item
2464 1564 2665 1619 bonum
2718 1566 2973 1623 laudatur
3011 1569 3178 1625 etiam
3233 1583 3290 1626 ut
3331 1575 3456 1643 pul-

168 1664 251 1727 ὡς
296 1664 513 1728 κάλλος,
545 1666 640 1719 καὶ
682 1667 757 1731 ὡς
794 1669 1007 1740 ἀγάπη,
1050 1670 1144 1722 xui
1180 1668 1255 1733 ὡς
1289 1668 1593 1739 ἀγαπητόν.
1616 1662 1762 1729 Εἶτα,

1879 1658 2097 1720 chrum,
2122 1666 2178 1711 et
2226 1666 2286 1712 ut
2331 1658 2702 1728 pulchritudo,
2744 1672 2799 1715 et
2834 1671 2890 1715 ut
2922 1662 3163 1728 dilectio,
3189 1676 3243 1719 et
3272 1676 3331 1721 ut
3358 1668 3447 1722 die

169 1758 303 1810 ἐπεὶ
333 1756 497 1809 καλὸν
537 1758 635 1828 μὲν
667 1757 781 1812 ἔστι
806 1760 868 1813 τὸ
894 1760 987 1813 τοῦ
1020 1760 1249 1825 κάλλους
1299 1760 1545 1830 μετέχον,
1575 1758 1770 1822 κάλλος

168 1848 230 1901 δὲ
272 1848 405 1900 αὐτὸ
443 1849 505 1901 τὸ
545 1850 927 1921 μετεχόμενον,
971 1852 1064 1904 xui
1112 1852 1396 1923 ἀγαπητὸν
1438 1852 1537 1922 μὲν
1567 1850 1630 1903 τὸ
1672 1850 1770 1921 τῆς

168 1939 402 2009 ἀγάπης
431 1940 679 2010 μετέχον,
708 1941 894 2014 ἀγάπη
923 1942 979 1994 δὲ
1008 1942 1139 1995 αὐτὸ
1177 1943 1239 1995 τὸ
1269 1942 1651 2013 μετεχόμενον,
1675 1941 1771 1993 καὶ

170 2032 258 2100 [’9‘
290 2035 424 2102 ἡμῖν
465 2033 607 2085 κατὰ
639 2033 903 2107 διαίρεσιν
939 2034 1114 2089 ταῦτα
1141 2035 1440 2104 φαίνονται,
1468 2036 1548 2088 ὅτι
1574 2034 1642 2087 τὰ
1673 2033 1771 2104 μέν

170 2127 315 2177 εἰσιν
342 2124 507 2191 ἕξεις,
532 2125 602 2179 τὰ
643 2125 698 2179 δὲ
723 2126 875 2191 ἑκτὰ,
902 2130 1085 2199 φησὶν,
1115 2129 1197 2181 ὅτι
1223 2129 1320 2199 οὐχ
1346 2128 1517 2190 οὕτως
1541 2126 1651 2196 ἔχει
1675 2125 1771 2179 καὶ

172 2220 269 2271 ἐπὶ
308 2219 413 2288 τῆς
455 2223 513 2272 ἐν
555 2221 635 2272 ἐνὶ
675 2220 745 2272 τὰ
777 2221 875 2274 ὅλα
918 2222 1299 2292 συνειληφυίας
1324 2220 1520 2284 αἰτίας.
1574 2220 1662 2272 Ἑν
1691 2220 1770 2271 ἐνὶ

172 2310 286 2381 γάρ
311 2312 407 2364 xui
431 2312 509 2381 τῷ
534 2311 685 2382 αύτῷ
720 2313 812 2365 xui
839 2313 939 2377 τάς
981 2313 1124 2378 ἕξεις
1150 2314 1245 2366 xui.
1270 2313 1338 2366 τὰ
1365 2312 1498 2366 ἑκτὰ
1531 2311 1771 2383 συλλαμ-

171 2397 416 2453 ϐάνουσα
439 2399 561 2453 οὔτε
584 2403 661 2467 ὠς
687 2404 865 2468 ἑκτὸν,
894 2403 1017 2456 οὔτε
1043 2405 1118 2468 ὡς
1141 2403 1271 2470 ἕξις,
1292 2403 1405 2457 ἀλλ’
1428 2403 1569 2473 ὑπὲρ
1596 2401 1769 2454 ταῦτα

171 2486 330 2553 οὖσα,
358 2492 509 2545 αἰτία
553 2498 668 2558 τοῖς
695 2495 875 2559 ἄλλοις
914 2497 1026 2550 τῶν
1064 2496 1323 2550 τοιούτων
1359 2495 1579 2565 ἀγαθῶν
1616 2495 1767 2563 γίνε-

169 2600 283 2637 ται.
318 2585 485 2638 Ὅθεν
526 2588 621 2640 xui
664 2588 860 2652 κάλλος
907 2590 1003 2659 μὲν
1033 2588 1252 2658 λέγεται
1279 2588 1369 2641 διὰ
1392 2589 1490 2660 τὴν
1517 2588 1578 2653 ἐξ
1602 2586 1767 2640 αὐτοῦ

170 2673 548 2748 διαδιδομένην
587 2680 722 2732 πᾶσι
768 2680 1051 2751 καλλονὴν,
1098 2682 1193 2734 xui.
1232 2680 1321 2734 διά
1348 2682 1409 2733 τὸ
1434 2678 1572 2733 εἶναι
1595 2680 1768 2744 αἴτιος

172 2769 359 2840 πάσης
402 2770 769 2842 εύαρμοστίας
813 2774 910 2826 xui
948 2774 1211 2841 ἀγλαΐας·
1242 2772 1458 2844 (κάλλος
1501 2773 1609 2845 γάρ
1650 2775 1768 2825 ἐστι

174 2862 494 2933 συμμετρία
536 2862 713 2934 μελῶν
755 2865 851 2916 xui
892 2865 1076 2936 μερῶν
1120 2864 1256 2936 μετᾶ
1291 2864 1390 2933 τῆς
1428 2862 1767 2934 ἐπανθούσης

171 2953 428 3025 εὐχροίας
448 2954 485 3024 ο)
513 2955 544 3024 ἢ
574 2956 665 3009 καὶ
689 2956 776 3009 διά
801 2956 864 3008 τὸ
890 2957 1067 3010 πάντα
1094 2958 1228 3028 πρὸς
1256 2956 1417 3008 ἑαυτὸ
1442 2954 1648 3018 καλεῖν,
1677 2956 1767 3007 xui

168 3045 243 3110 ὡς
264 3048 354 3100 ἀεὶ
378 3047 437 3099 ὃν
464 3049 558 3101 xui
588 3049 724 3119 μηδέ
752 3066 883 3102 ποτε
914 3049 1232 3121 μειούμενον
1258 3050 1290 3121 ἢ
1312 3045 1472 3116 αὔξον
1492 3067 1505 3080 ·
1529 3049 1628 3113 τὰς
1658 3050 1766 3121 γὰρ

169 3140 484 3211 ὑπερϐολάς
512 3142 607 3194 xui
622 3141 886 3211 ἐλλείψεις
913 3143 1116 3206 κακίας
1142 3142 1368 3213 οἴδαμεν
1395 3142 1598 3211 λέγειν.
1630 3142 1764 3197 Οὐδὲ

169 3234 314 3287 κατά
340 3250 396 3285 τι
426 3235 519 3287 xui
546 3234 647 3287 ἀνὰ
687 3235 851 3305 μέρος
894 3234 1078 3299 καλὸν,
1106 3235 1226 3288 οὐδὲ
1255 3236 1395 3289 κατά
1421 3253 1543 3288 τινα
1577 3238 1767 3307 χρόνον

170 3324 360 3387 καλὸν,
410 3327 551 3380 κατά
594 3343 715 3379 τινα
767 3327 824 3379 δὲ
873 3325 969 3379 05'
999 3327 1121 3380 οὐδὲ
1175 3328 1311 3399 πρός
1352 3346 1403 3380 τι
1432 3328 1613 3392 καλὸν,
1640 3327 1765 3381 οὐδέ

169 3433 294 3479 που,
323 3415 446 3468 οὐδέ
472 3432 613 3468 τισιν
632 3432 644 3444 ·
679 3416 733 3486 (ἃ
760 3416 824 3488 δὴ
865 3418 1040 3471 πάντα
1081 3418 1143 3471 τὸ
1168 3418 1361 3482 κάλλος
1392 3420 1764 3491 περιπέφευγε

170 3510 412 3571 πάντως,
451 3507 545 3561 τοῦ
598 3509 719 3561 καθ’
746 3511 892 3580 ἡμᾶς
918 3510 1083 3564 καλοῦ
1114 3510 1477 3581 ὑποκειμένου
1503 3510 1563 3575 ἐξ
1594 3512 1764 3580 ἀνάγ-

170 3620 273 3673 κης
312 3604 427 3664 τοῖς
476 3598 740 3663 τοιούτοις
782 3599 1286 3672 προσδιορισμοῖς’)
1330 3600 1615 3665 ἀλλ’ὼςτδ
1641 3603 1763 3657 καθ’

169 3694 330 3745 ἑαυτὸ
363 3691 632 3762 μονοειδὲς
658 3692 745 3744 ἀεὶ
769 3691 827 3744 ὃν
868 3691 1051 3756 καλὸν,
1102 3694 1223 3745 ἐπεὶ
1255 3692 1377 3745 οὗτε
1409 3694 1762 3749 σκεδάννυται

168 3788 248 3849 εἰς
274 3784 421 3848 ’έξεις
447 3802 506 3837 τε
546 3784 641 3837 καὶ
676 3784 940 3856 διαφορὰς
966 3785 1341 3850 καλλοποιούς.
1369 3787 1442 3839 Τὸ
1470 3788 1589 3841 καθ’
1614 3790 1762 3860 ἡμᾶς

168 3878 278 3948 γὰρ
322 3876 518 3940 κάλλος
558 3877 932 3939 σκεδάννυται,
958 3877 1087 3930 ἄλλο
1124 3877 1234 3951 γὰρ
1259 3878 1454 3942 κάλλος
1480 3879 1761 3951 ὀφθαλμοῦ

166 3969 351 4039 τυχὸν,
395 3970 492 4022 xui
542 3968 669 4023 ἄλλο
719 3969 914 4033 κάλλος
963 3969 1130 4041 ῥινὸς,
1160 3972 1253 4023 xui
1292 3970 1420 4026 ἄλλο
1467 3972 1759 4043 προσώπου

169 4061 392 4124 παντὸς,
423 4062 517 4113 xui
543 4061 670 4114 ἄλλο
697 4060 912 4133 χειρῶν.
945 4061 1082 4115 Οὔτε
1107 4063 1243 4134 πρὸς
1280 4063 1457 4128 ἐνίους
1492 4064 1553 4116 τὸ
1596 4065 1759 4119 καλόν

166 4154 305 4217 ἐστι,
334 4153 472 4224 πρὸς
509 4154 684 4217 ὲνίους
724 4154 781 4207 δὲ
824 4155 912 4219 03,
937 4153 1073 4207 ἀλλὰ
1099 4154 1374 4227 πανταχοῦ
1399 4157 1612 4225 πέφυκε
1636 4158 1760 4226 φαί-

167 4243 354 4297 νεσθαι
376 4244 471 4297 xui
490 4246 549 4297 ὲν
572 4245 757 4308 πᾶσιν,
785 4246 924 4317 ὅπερ
950 4246 1049 4299 οὐκ
1078 4246 1190 4317 ἔχει
1213 4246 1274 4299 τὸ
1303 4247 1425 4301 καθ’
1453 4250 1601 4319 ἡμᾶς
1628 4248 1758 4302 κάλ-

166 4336 288 4400 λοςσ
332 4338 381 4389 εί
418 4337 528 4408 γάρ
562 4338 675 4401 τοῖς
717 4338 851 4391 πᾶσι
892 4339 1138 4408 πέφυκεν
1165 4335 1326 4405 εἶναι,
1356 4340 1436 4393 ὅτι
1463 4341 1555 4394 xui
1579 4342 1756 4395 πάντα

1876 1748 2099 1806 lectum.
2125 1748 2396 1804 Caeterum
2423 1765 2546 1804 cum
2577 1754 2862 1820 pulchrum
2887 1755 3102 1822 quidem
3133 1757 3205 1812 sit
3230 1758 3281 1812 id
3309 1760 3455 1828 quod

1874 1844 2153 1911 particeps
2184 1849 2273 1896 est
2308 1842 2758 1911 pulchritudinis,
2790 1847 3139 1914 pulchritudo
3187 1860 3371 1905 autem
3401 1852 3457 1906 id

1872 1932 2052 2002 ipsum
2086 1934 2234 2004 quod
2260 1936 2651 2005 participatur;
2676 1946 2731 1991 et
2761 1938 3018 1993 dilectum
3045 1941 3267 2009 quidem
3298 1942 3370 1997 sit
3401 1943 3456 2003 id

1875 2026 2019 2093 quod
2048 2026 2327 2097 particeps
2373 2038 2459 2083 est
2495 2030 2827 2095 dilectionis,
2861 2031 3081 2087 dilectio
3113 2048 3244 2087 vero
3277 2034 3328 2089 id
3373 2035 3456 2105 ip-

1872 2134 1990 2173 sum
2026 2120 2173 2187 quod
2210 2121 2665 2182 communicatur.
2703 2133 2757 2177 et
2794 2124 2848 2176 in
2886 2124 3042 2177 nobis
3084 2126 3199 2179 huc
3250 2140 3453 2180 secun-

1871 2212 2000 2265 dum
2049 2212 2461 2267 distinctionem
2516 2226 2804 2283 apparent,
2858 2215 3118 2283 quoniam
3166 2217 3281 2270 haec
3327 2226 3455 2272 sunt

1872 2307 2113 2373 habitus,
2166 2307 2257 2361 illa
2306 2324 2439 2363 vero
2487 2308 2792 2373 babituata,
2839 2308 2993 2375 dicit,
3047 2309 3304 2378 quoniam
3344 2328 3456 2367 non

1870 2400 2062 2453 eodem
2104 2399 2267 2454 modo
2308 2414 2368 2454 se
2413 2400 2638 2464 habent,
2693 2402 2859 2455 etiam
2903 2400 2959 2455 in
3006 2416 3197 2468 causa,
3241 2418 3361 2472 quzn
3396 2404 3454 2460 in

1873 2506 1980 2545 uno
2012 2490 2401 2559 complectitur
2445 2492 2725 2547 universa.
2765 2491 2901 2547 Nam
2946 2493 3002 2547 iu
3045 2509 3151 2547 uno
3183 2504 3237 2548 et
3262 2496 3453 2551 eodem

1869 2595 1923 2638 et
1960 2583 2183 2638 habitus
2210 2593 2265 2639 et
2289 2600 2411 2654 quae
2454 2586 2734 2639 habituata
2762 2596 2891 2641 sunt
2915 2588 3321 2656 complectitur,
3351 2606 3450 2644 ne-

1869 2690 1977 2743 que
2014 2682 2072 2728 ut
2116 2675 2454 2729 babituatum
2497 2676 2650 2744 quid,
2695 2693 2798 2732 nec
2867 2686 2925 2731 ut
2968 2679 3208 2744 habitus,
3253 2679 3350 2733 sed
3394 2688 3456 2736 ut

1870 2778 2031 2832 supra
2067 2764 2182 2819 hare
2209 2766 2476 2832 existens,
2510 2766 2631 2821 aliis
2657 2766 2822 2821 etiam
2860 2782 3029 2823 causa
3055 2778 3140 2823 est
3178 2771 3456 2825 istiusmo-

1871 2858 1923 2911 di
1969 2857 2259 2911 bonorum.
2294 2856 2451 2911 Unde
2482 2859 2649 2913 etiam
2697 2860 3048 2928 pulchritudo
3087 2863 3306 2928 dicitur,
3334 2878 3454 2931 pro-

1870 2958 1993 3019 pter
2022 2965 2145 3004 eam
2176 2950 2644 3019 pulchritudinem
2670 2967 2836 3021 quam
2868 2953 3123 3008 onmibus
3156 2954 3450 3022 elargitur,

1868 3049 1923 3093 et
1949 3040 2095 3109 quod
2126 3050 2318 3094 auctor
2359 3041 2430 3095 sit
2470 3040 2650 3097 omnis
2676 3042 3073 3097 concinnitatis
3102 3059 3165 3097 ac
3194 3044 3453 3112 splendo-

1870 3131 1948 3185 ris
1992 3129 2366 3200 (pulchritudo
2415 3131 2560 3185 enim
2616 3141 2700 3187 est
2750 3131 3034 3202 proportio
3078 3132 3450 3187 membrorum

1866 3238 1930 3276 ac
1958 3221 2194 3292 partium
2221 3238 2347 3277 cum
2376 3223 2559 3279 colore
2586 3223 2832 3294 ﬂorido),
2853 3223 2936 3278 vel
2960 3224 3125 3278 etiam
3155 3226 3297 3293 quod
3329 3242 3451 3280 om-

1866 3318 1953 3371 nia
1998 3314 2067 3373 ad
2109 3331 2169 3370 se
2209 3328 2389 3382 vocet,
2428 3325 2485 3371 et
2520 3318 2665 3386 quod
2708 3333 2926 3386 semper
2966 3317 3038 3372 sit
3072 3326 3127 3370 et
3154 3334 3439 3386 nunquam

1866 3413 2144 3467 minuatur
2187 3413 2270 3466 vel
2316 3422 2622 3477 augeatur;
2664 3424 2788 3463 nam
2830 3424 3091 3465 excessus
3117 3418 3171 3465 et
3206 3410 3450 3465 defectus

1867 3506 2108 3561 malitias
2180 3505 2288 3560 dici
2349 3518 2459 3558 non
2512 3503 2848 3573 ignoramus.
2901 3501 3087 3572 Neque
3143 3503 3446 3557 secundum

1863 3593 1993 3662 quid
2020 3603 2075 3647 et
2103 3608 2167 3647 ex
2198 3602 2355 3662 parte
2417 3592 2728 3659 pulchrum,
2774 3607 2949 3659 neque
2991 3592 3283 3662 aliquando
3322 3593 3446 3662 pul-

1862 3686 2080 3753 chrum,
2106 3686 2402 3754 aliquando
2428 3701 2561 3748 non,
2593 3700 2772 3754 neque
2798 3686 2865 3738 ad
2893 3684 3104 3754 aliquid
3131 3686 3446 3756 pulchrum,

1862 3788 1955 3832 aut
1976 3778 2128 3845 alibi,
2158 3787 2255 3832 aut
2282 3778 2608 3846 quibusdam
2639 3779 2783 3845 (qua:
2810 3778 2996 3847 utique
3024 3779 3211 3833 omnia
3243 3781 3310 3833 ab
3337 3780 3447 3835 ista

1862 3869 2279 3939 pulchritudine
2315 3871 2543 3923 omnino
2590 3869 2765 3923 aliena
2795 3879 2941 3933 sunt,
2972 3872 3063 3926 ubi
3112 3882 3295 3925 nostra
3323 3872 3449 3941 pul-

1861 3960 2117 4016 chritudo
2163 3975 2230 4013 ex
2282 3960 2614 4015 necessitate
2662 3960 2975 4017 istiusmodi
3036 3964 3448 4018 definitionibus

1861 4052 2105 4121 subjecta
2144 4053 2237 4121 sit)
2273 4052 2370 4106 sed
2411 4061 2468 4106 ut
2509 4053 2683 4121 ipsum
2719 4053 3021 4108 secundum
3070 4071 3131 4110 se
3173 4056 3448 4112 uniforme

1860 4160 2080 4216 semper
2109 4144 2355 4199 existens
2393 4145 2703 4215 pulchrum,
2735 4147 2993 4216 quoniam
3026 4163 3203 4217 neque
3244 4149 3446 4204 dividi-

1863 4248 1953 4291 tur
1994 4238 2048 4291 in
2091 4238 2313 4292 habitus
2353 4252 2419 4290 ac
2457 4238 2809 4308 pulchrificas
2855 4238 3215 4295 diﬂ‘erentias.
3242 4240 3443 4297 Nostra

1859 4332 2007 4386 enim
2039 4332 2393 4401 pulchritudo
2418 4334 2807 4401 distinguitur;
2831 4350 2954 4386 nam
2981 4334 3110 4398 alia,
3138 4336 3288 4389 verbi
3315 4351 3444 4404 gra-

167 4429 307 4483 καλά
337 4430 479 4496 λίαν,
527 4430 641 4483 ἀλλ’
680 4432 740 4484 οὐ
789 4432 1096 4502 μονοειδῶς.
1131 4431 1292 4485 Ἀλλο
1330 4432 1440 4504 γάρ
1466 4433 1665 4497 κάλλος
1692 4435 1754 4505 ὴ-

1868 4425 1962 4489 tia,
1989 4434 2074 4479 est
2103 4424 2453 4494 pulchritudo
2478 4424 2647 4488 oculi,
2678 4434 2731 4477 et
2770 4424 2877 4477 alia
2926 4425 3274 4493 pulchritudo
3302 4426 3443 4490 nasi,

166 4521 302 4585 λίου,
333 4522 429 4574 xui
470 4521 600 4574 ἄλλο
649 4523 845 4586 κάλλος
871 4524 992 4594 γῆς,
1020 4525 1114 4577 καὶ
1139 4525 1268 4579 ἀλλο
1295 4525 1506 4589 ὓδατος,
1533 4525 1755 4579 ποικίλα

164 4612 286 4666 τινὰ
314 4612 508 4684 κάλλη,
542 4614 635 4667 καὶ
673 4614 773 4667 οὐκ
807 4617 888 4678 είς
920 4615 979 4668 ἓν
1018 4617 1361 4689 συναγόμενα
1379 4635 1391 4648 ·
1418 4618 1478 4671 τὸ
1504 4618 1560 4671 δὲ
1584 4618 1755 4681 ὅντως

166 4704 379 4768 κάλλος,
415 4706 686 4775 μονοειδὲς
708 4705 788 4771 ὃν,
817 4707 1153 4762 ποικίλλεται
1200 4710 1336 4781 πρὸς
1375 4709 1442 4763 τά
1467 4709 1755 4782 ὑποκείμε-

164 4815 252 4861 να,
280 4798 373 4849 καὶ
400 4796 488 4849 διὰ
513 4797 674 4850 τοῦτο
702 4798 955 4870 προέχειν
982 4801 1041 4853 ἐν
1066 4800 1242 4871 ἑαυτῷ
1269 4802 1486 4871 λέγεται
1503 4802 1597 4856 xui
1625 4802 1754 4856 καλ-

165 4890 339 4963 λονὴν,
359 4891 435 4953 ὡς
460 4892 553 4944 καὶ
580 4892 713 4963 πρὸς
728 4891 837 4944 τῶν
852 4892 914 4964 δη
925 4910 1045 4963 μιου
1056 4911 1155 4965 ργη
1166 4895 1350 4964 μάτων
1370 4894 1449 4959 ὃν,
1471 4896 1565 4949 xui
1581 4896 1682 4949 ὑπε
1690 4914 1751 4968 ρ-

164 4985 359 5056 οχικῶς
387 4984 531 5055 ἔχειν
574 4984 637 5037 τὸ
676 4984 859 5049 καλὸν,
904 4986 978 5049 ὡς
1019 4988 1167 5059 πηγὴ
1194 4989 1287 5041 xui
1314 4988 1455 5060 ἀρχὴ
1492 4988 1601 5043 τῶν
1656 5008 1754 5043 κα-

165 5079 269 5131 λῶν
318 5079 596 5131 ἁπάντων.
634 5078 754 5132 Κᾶν
781 5079 888 5150 γὰρ
917 5079 1085 5133 πολλὰ
1126 5081 1287 5143 καλὰ,
1330 5081 1447 5134 ἀλλ’
1487 5082 1545 5146 ἐξ
1587 5083 1752 5136 αὑτοῦ

165 5174 267 5222 εἰσι
292 5169 433 5224 καλά
453 5187 466 5199 '
498 5172 634 5242 αὐτῇ
678 5170 787 5243 γάρ
813 5174 878 5242 τῇ
909 5171 1177 5243 ὑπερφυεῖ
1216 5172 1444 5243 καλλονῇ
1476 5174 1569 5226 xui
1598 5174 1751 5225 ἀναι-

163 5265 261 5333 τίῳ
288 5264 437 5316 πᾶσα
485 5263 716 5334 καλλονὴ
742 5263 837 5316 xui
865 5264 973 5316 πᾶν
1012 5263 1178 5316 καλὸν
1222 5263 1486 5328 αίτιατῶς
1513 5265 1753 5335 προϋφέ-

167 5373 377 5427 στηκεν.
431 5356 688 5419 Ἐνοειδὲς
712 5356 768 5409 δὲ
798 5356 961 5410 καλὸν
984 5359 1012 5411 ὁ
1038 5358 1191 5420 Θεὸς,
1220 5359 1341 5411 ἐπεὶ
1381 5357 1441 5410 ού
1487 5356 1627 5410 κατά
1656 5373 1753 5426 με-

162 5449 319 5519 τοχὴν
356 5448 453 5501 τοῦ
494 5449 746 5514 κάλλους,
775 5450 939 5513 καλός
981 5452 1150 5514 ἐστιν,
1198 5449 1274 5513 ὡς
1321 5450 1749 5520 διαιρεῖσθαιείς

165 5540 519 5611 ὑποκείμενόν
546 5559 599 5593 τι
628 5543 721 5596 καὶ
749 5542 1029 5613 ποιότητα,
1060 5540 1173 5593 ἀλλ’
1198 5541 1361 5605 αὐτός
1385 5544 1499 5595 ἐστι
1525 5542 1619 5595 xui
1653 5558 1752 5594 xu-

165 5635 251 5686 λὸν
288 5634 382 5687 xui
420 5634 636 5700 κάλλος,
682 5637 775 5689 xui
815 5636 957 5707 ὑπὲρ
992 5635 1192 5689 ταῦτα·
1231 5636 1300 5689 τά
1328 5636 1384 5691 δὲ
1424 5637 1531 5690 ἀπὸ
1556 5635 1749 5689 τούτου

167 5726 297 5781 κατὰ
334 5727 568 5799 μετοχὴν
600 5729 738 5785 καλὰ
776 5732 833 5784 ἐν
862 5731 1106 5802 ποιότητι
1140 5730 1201 5784 τὸ
1230 5729 1389 5786 καλὸν
1434 5731 1744 5802 κέκτηνται.

1859 4525 1914 4571 et
1954 4515 2060 4570 alia
2098 4516 2263 4571 totius
2304 4514 2488 4582 faciei,
2525 4525 2582 4571 et
2610 4516 2714 4571 alia
2769 4532 3054 4570 manuum.
3100 4515 3213 4572 Nec
3241 4519 3449 4573 utaliis

1860 4607 2188 4677 formosum,
2217 4608 2341 4664 aliis
2366 4623 2494 4664 vero
2536 4625 2668 4678 non,
2700 4611 2795 4665 sed
2828 4610 3030 4679 ubique
3062 4620 3291 4679 apparet
3317 4612 3443 4681 pul-

1858 4701 2072 4768 cltrum,
2112 4716 2169 4757 et
2206 4704 2259 4757 iu
2308 4704 2588 4769 omnibus,
2639 4704 2784 4773 quod
2846 4722 2955 4759 non
3015 4708 3186 4761 habet
3248 4718 3442 4762 nostra

1860 4796 2246 4864 pulchritudo;
2270 4797 2371 4853 etsi
2398 4800 2543 4853 enim
2580 4799 2634 4852 in
2668 4798 2924 4853 omnibus
2955 4814 3077 4854 esse
3102 4808 3267 4866 amet,
3302 4817 3444 4870 quo-

1857 4887 2004 4940 uiam
2055 4888 2222 4941 etiam
2274 4889 2456 4943 omnia
2501 4889 2683 4960 393-,
2709 4891 2936 4961 pulchra
2986 4893 3167 4959 valde,
3201 4896 3296 4949 sed
3329 4910 3443 4949 non

1858 4979 2228 5034 unitormiter.
2272 4980 2393 5034 Alia
2444 4992 2529 5036 est
2584 4983 2730 5037 enim
2783 4984 3141 5051 pulchritudo
3184 4988 3344 5052 solis,
3385 4994 3445 5041 et

1856 5069 1962 5121 alia
2008 5070 2356 5137 pulchritudo
2395 5081 2577 5138 terrae,
2624 5084 2679 5127 et
2740 5075 2845 5127 alia
2890 5090 3070 5144 aquae,
3122 5093 3241 5145 qua:
3277 5079 3442 5132 varia)

1855 5173 1984 5215 sunt
2023 5164 2483 5231 pulchritudines,
2531 5181 2630 5221 nec
2680 5168 2747 5220 ad
2799 5184 2967 5223 unum
3010 5172 3340 5225 conducunt.
3380 5170 3438 5224 id

1854 5258 1997 5323 quod
2036 5266 2219 5308 autem
2254 5270 2379 5311 vere
2407 5257 2759 5327 pulchritudo
2789 5263 3076 5318 uniformis
3111 5263 3346 5325 exsistit,
3381 5263 3438 5315 iu

1857 5350 2123 5418 subjectis
2165 5352 2503 5423 variegatur,
2538 5354 2745 5409 idcirco
2787 5357 2840 5411 in
2878 5374 2939 5412 se
2971 5357 3436 5426 pulchritudinem

1852 5447 2173 5515 prubaberc
2232 5449 2458 5517 dicitur,
2505 5452 2706 5521 quippe
2763 5453 2909 5522 quod
2963 5464 3089 5507 ante
3144 5462 3440 5507 creaturas

1852 5542 2080 5609 existat,
2108 5554 2165 5598 et
2197 5546 2463 5615 quidquid
2500 5546 2785 5615 pulchrum
2825 5559 2910 5601 est
2953 5548 3151 5601 habent
3180 5548 3431 5600 eminen-

1854 5646 1960 5703 ter,
2018 5626 2277 5709 tanquam
2314 5641 2439 5697 fons
2474 5653 2530 5695 et
2559 5644 2885 5711 principium
2922 5644 3271 5710 pulchrorum
3319 5657 3434 5693 om-

1853 5729 2026 5789 nium.
2059 5731 2171 5789 Etsi
2204 5731 2348 5787 enim
2390 5734 2555 5790 multa
2590 5733 2815 5803 pulchra
2842 5732 2969 5797 sint,
3011 5743 3187 5785 tamen
3219 5745 3286 5786 ex
3314 5729 3436 5801 ipso
