3866 6234
418 292 522 345 ’163

1602 281 1660 338 8.
1698 279 1997 335 DIONYSII
2033 277 2509 338 AREOPAGITJE.

3593 268 3691 323 765

419 404 641 466 pulchra
691 411 847 466 sunt;
902 398 955 454 in
997 399 1113 468 ipsa
1142 398 1287 452 enim
1339 397 1742 466 supernaturali
1771 406 1828 450 et
1882 411 1982 465 qua

2103 394 2202 447 Διά
2256 394 2415 447 τοῦτο
2454 396 2518 447 τὸ
2567 392 2732 446 καλὸν
2781 392 2847 445 αῑε
2894 389 3004 445 τῶν
3062 387 3343 460 στοιχείων
3390 384 3693 454 γεγόνασιν

418 509 585 549 causa
623 501 777 548 caret
815 489 1243 561 pulchritudine,
1273 488 1456 543 omnis
1502 488 1853 558 pulchritudo
1883 502 1999 541 om-

422 600 600 654 neque
655 583 943 654 pulchrum
998 584 1297 636 secundum
1369 595 1590 634 causam
1653 579 1994 648 pratexstitit.

415 674 709 730 Pulchrum
739 684 919 728 autem
958 673 1233 727 uniforme
1263 673 1406 726 Deus
1431 682 1557 736 est;
1596 674 1858 741 quoniam
1889 688 1994 725 non

414 782 515 836 per
541 766 1013 837 participationem
1046 764 1468 834 pulchritudinis
1491 763 1719 830 pulcher
1754 762 1992 827 exsistit,

416 869 476 913 ut
516 860 572 913 in
616 858 921 926 subjectum
973 857 1197 925 aliquod
1231 866 1287 909 et
1322 855 1645 923 qualitatem
1696 854 1991 915 dividatur,

414 952 511 1006 sed
540 952 770 1021 ipsemet
796 961 850 1004 et
876 949 1164 1019 pulchrum
1206 958 1288 1002 est
1334 958 1388 1001 et
1414 948 1785 1017 pulchritudo,
1822 947 1996 1016 iisque

416 1042 702 1110 superior;
746 1058 868 1111 quae
912 1052 1095 1095 autem
1144 1041 1210 1094 ab
1240 1041 1341 1094 hoc
1381 1055 1478 1108 per
1519 1040 1992 1109 participationem

414 1133 638 1202 pulchra
669 1134 963 1195 exsistunt,
1001 1131 1343 1209 in'qualitate
1372 1129 1554 1198 aliqua
1600 1144 1751 1182 suam
1792 1129 1995 1183 habent

419 1224 906 1294 pulchritudinem.
936 1224 1109 1294 Hujus
1137 1224 1348 1294 pulchri
1378 1239 1566 1287 causa,
1594 1224 1992 1277 elementorum

415 1321 809 1387 connexiones,
853 1336 990 1390 quas
1032 1322 1404 1390 coaptationes
1446 1329 1664 1382 vocant,
1703 1319 1859 1385 ﬁunt,
1904 1335 1992 1375 re-

414 1423 643 1477 rumque
674 1410 814 1465 bene
846 1412 1109 1465 ordinata:
1140 1412 1515 1479 colligationes
1535 1411 1994 1481 perdurant,qn.e

412 1498 667 1554 dicuntur
696 1504 953 1556 amicitia:
981 1514 1036 1557 et
1067 1504 1510 1567 caminnniones;
1542 1504 1750 1556 ratione
1774 1505 1989 1572 quidem

412 1593 764 1660 pranlitorum
795 1597 861 1648 ad
894 1596 1062 1648 Deum
1097 1596 1488 1663 aspirationes,
1530 1596 1987 1664 quemadmodum

413 1683 657 1738 h‘celesia
697 1687 1184 1755 primogenitorum
1228 1688 1280 1740 in
1329 1688 1494 1752 caelo,
1540 1698 1706 1756 atque
1740 1689 1903 1742 etiam
1937 1689 1987 1741 in

2102 488 2471 558 ἀλληλουχίαι,
2512 486 2579 550 ἃς
2628 485 2947 557 ἐφαρμογάς
2982 500 3135 555 φησι,
3163 483 3255 535 καὶ
3278 483 3332 533 al
3367 479 3488 532 τῶν
3525 478 3697 529 ὅντων

2100 579 2356 633 εὔτακτοι
2410 579 2703 643 συνδέσεις,
2731 581 2786 630 αἱ
2826 578 3115 647 λεγόμεναι
3143 574 3313 643 φιλίαι
3348 574 3450 626 καὶ
3500 587 3694 623 κοινω-

2099 670 2235 723 νίαι·
2266 669 2497 737 λογικῶν
2523 670 2640 739 μὲν,
2672 670 2726 721 αἱ
2758 668 2893 739 πρὸς
2921 666 3051 719 Θεὸν
3078 666 3389 727 ἀνατάσεις,
3413 661 3500 723 ὡς
3519 662 3557 731 ἡ
3588 659 3696 711 τῶν

2100 764 2457 832 πρωτοτόκων
2495 760 2785 831 Ἐκκλησία
2814 762 2871 813 ἐν
2903 758 3134 829 οὐρανῷ,
3185 758 3278 810 καὶ
3326 756 3501 808 πάλιν
3551 752 3689 820 αὕτη

2098 855 2131 922 ἡ
2159 854 2252 906 ἐπὶ
2279 854 2382 923 γῆς
2402 871 2414 883 ·
2447 854 2539 906 ἐπὶ
2566 853 2623 905 δέ
2650 852 2756 905 τῶν
2787 852 2993 919 ἀλόγων
3019 852 3072 903 αἱ
3099 850 3346 918 ἀγελαῖαι
3379 847 3691 913 συνδιαγω-

2096 950 2220 1018 γαί·
2254 950 2346 1002 ἐπὶ
2376 950 2432 1002 δὲ
2458 948 2566 1001 τῶν
2609 947 2829 1016 ἀψύχων
2859 946 2914 997 αἱ
2955 945 3089 1014 πρὸς
3127 943 3330 1013 ἄλληλα
3366 938 3689 993 συνδετικαὶ

2098 1041 2463 1112 συμπάθειαι·
2504 1040 2674 1094 ταῦτα
2704 1034 2796 1092 οὖν
2835 1039 3067 1107 ἥνωνται
3097 1036 3175 1105 τῷ
3206 1034 3378 1104 καλῷ,
3417 1033 3491 1085 τά
3535 1030 3689 1100 μεθέ-

2097 1133 2175 1199 ξει
2208 1134 2343 1206 πρὸς
2359 1134 2417 1186 τὸ
2433 1132 2602 1186 αἴτιον
2631 1130 3081 1201 ἐπεστραμμένα.
3110 1128 3281 1180 Τοῦτο
3303 1128 3367 1178 τὸ
3391 1126 3567 1178 καλὸν
3592 1122 3695 1175 καὶ

2093 1223 2168 1286 ῶς
2198 1223 2477 1292 ποιητικὸν
2512 1222 2654 1292 ἀρχὴ
2700 1222 2938 1281 πάντων,
2986 1222 3077 1273 καὶ
3114 1221 3188 1283 ὡς
3229 1217 3445 1270 τελικὸν
3487 1215 3685 1275 αἴτιον,

2094 1314 2177 1382 ἐφ’
2208 1314 2237 1365 ὃ
2264 1315 2428 1365 τείνει
2462 1315 2610 1366 πᾶσα
2639 1312 2841 1383 σπουδὴ
2864 1314 2955 1365 καὶ
2978 1311 3179 1379 ἔφεσις.
3216 1308 3398 1379 Πέρας
3424 1308 3684 1359 πάντων·

2094 1407 2267 1477 πέρας
2299 1407 2408 1477 γὰρ
2445 1408 2473 1459 ὁ
2513 1406 2645 1470 Θεὸς
2674 1406 2883 1475 λέγοιτο
2918 1406 3003 1469 ἂν,
3037 1404 3111 1467 ῶς
3149 1402 3387 1471 συνέχων
3437 1399 3516 1453 τὰ
3546 1398 3691 1451 πάν-

2092 1516 2161 1551 τα
2222 1500 2316 1551 καὶ
2380 1500 2597 1553 πάντων
2656 1502 2734 1562 εἰς
2799 1497 3097 1566 ἀσφάλειαν
3154 1492 3687 1566 περιδεδραγμένος,

2093 1592 2187 1644 καὶ
2220 1592 2294 1655 ὡς
2323 1590 2488 1644 αὑτοῦ
2516 1608 2578 1660 γε
2602 1591 2767 1644 ἕνεκα
2793 1591 3007 1643 πάντων
3029 1590 3106 1651 εἰς
3132 1588 3192 1639 τὸ
3209 1584 3347 1639 εἶναι
3365 1602 3442 1636 πα
3453 1584 3687 1655 ραχθέν-

2090 1701 2217 1747 των,
2247 1685 2340 1736 καὶ
2362 1684 2546 1755 ἐτέρου
2571 1684 2714 1747 τινὸς
2742 1686 2821 1747 εἰς
2844 1683 2906 1735 τὸ
2929 1680 3278 1749 τελειωθῆναι
3301 1678 3362 1730 οὐ
3379 1676 3691 1744 δεομένων..

412 1784 590 1841 terra;
628 1778 681 1830 in
715 1778 889 1833 brutis
917 1789 1097 1834 autem
1144 1780 1393 1850 gregales
1446 1780 1757 1846 societates,
1792 1781 1842 1833 in
1872 1781 1982 1834 ina-

2093 1745 2248 1829 Οὕτω
2278 1778 2371 1829 καὶ
2411 1745 2592 1846 μέσον,
2620 1745 2708 1838 ὡς-
2875 1776 2954 1837 εἰς
2978 1774 3039 1826 τὸ
3091 1745 3409 1824 συνεστάναι
3437 1768 3683 1837 mpii-:1-

409 1866 572 1920 nimis
600 1883 731 1923 vero
765 1879 965 1923 mutua:
988 1872 1234 1939 qumdam
1264 1873 1464 1940 quibus
1490 1872 1823 1941 colligantur
1844 1887 1991 1941 sym-

410 1957 639 2026 palltim;
670 1959 781 2013 haec
810 1960 977 2029 igitur
1010 1976 1131 2015 cum
1159 1962 1389 2029 pulchro
1417 1963 1703 2028 uniuntur,
1735 1978 1829 2031 per
1860 1978 1989 2030 par—

409 2047 784 2117 ticipationem
834 2053 900 2105 ad
956 2064 1236 2108 auctorem
1298 2070 1587 2110 conversa.
1638 2055 1817 2112 Hocce
1866 2056 1989 2126 pul-

406 2140 599 2195 chrum
629 2154 711 2197 est
740 2147 982 2199 omnium
1008 2146 1332 2216 principium
1373 2158 1429 2201 ut
1458 2162 1621 2211 causa
1640 2146 1899 2214 clliciens,
1936 2155 1991 2200 et

406 2241 467 2285 ut
504 2248 666 2289 causa
721 2236 897 2290 [inalis
930 2238 996 2289 ad
1027 2254 1191 2305 quant
1236 2240 1410 2293 tendit
1448 2255 1608 2293 omne
1654 2240 1896 2293 studium
1933 2248 1989 2293 et

406 2329 705 2396 appetitus.
748 2328 902 2384 Finis
934 2333 1208 2395 omnium,
1260 2332 1401 2385 Deus
1436 2332 1581 2385 enim
1624 2331 1989 2402 ﬁnisﬁdicitur

406 2429 666 2489 tanquam
709 2423 893 2475 omnia
933 2424 1245 2487 continens,
1290 2430 1346 2478 et
1385 2423 1552 2477 veluti
1583 2432 1781 2477 cuncta
1812 2423 1867 2477 in
1896 2437 1988 2475 se-

404 2513 644 2566 curitate
692 2513 1087 2582 complectens,
1150 2524 1206 2569 et
1245 2516 1296 2569 in
1354 2526 1617 2585 quantum
1662 2514 1779 2583 ejus
1823 2530 1985 2569 causa

407 2607 674 2678 producta
701 2616 828 2661 sunt
860 2608 1139 2674 universa,
1160 2618 1217 2662 et
1253 2609 1455 2666 nullius
1478 2611 1706 2666 alterius
1735 2610 1987 2679 indigue-

404 2707 535 2753 runt
575 2709 635 2752 ut
680 2701 1104 2769 perlicerentur.
1149 2701 1239 2756 Sic
1278 2704 1443 2759 etiam
1490 2702 1726 2757 medium
1762 2702 1985 2764 dicitur,

403 2792 570 2845 veluti
601 2794 1043 2860 perdurationem
1078 2794 1131 2848 in
1159 2798 1513 2852 c0nsistendo
1545 2800 1891 2862 concedens;
1930 2806 1985 2851 ct

407 2879 550 2943 linis,
578 2892 852 2950 quatenus
882 2884 1068 2937 omnia
1111 2885 1163 2938 in
1210 2887 1327 2955 ejus
1370 2888 1652 2944 voluntate
1681 2894 1984 2946 terminan-

404 2982 521 3036 tur,
568 2975 633 3027 ad
677 2990 836 3043 quem
896 2976 1063 3029 etiam
1124 2989 1543 3037 convertuntur.
1603 2980 1758 3038 Hunc
1818 2987 1983 3039 etiam

2096 1885 2177 1921 σιν
2204 1867 2379 1931 διδούς
2400 1884 2412 1897 '
2444 1868 2537 1920 καὶ
2572 1867 2821 1936 τελευτὴ,
2867 1865 2943 1929 ὡς
2976 1867 3033 1917 ἐν
3076 1862 3154 1933 τῷ
3190 1862 3455 1932 θελήματι
3512 1856 3687 1911 αὑτοῦ

2095 1958 2512 2027 περατουμένων
2554 1954 2663 2008 τῶν
2700 1956 2889 2019 ὄντων,
2928 1957 3012 2024 ἐφ’
3036 1953 3095 2005 ὂν
3134 1954 3225 2005 καὶ
3275 1951 3695 2020 ἐπέστραπται..

2094 2048 2291 2102 Τοῦτον
2314 2047 2461 2117 λέγει
2484 2049 2578 2100 καὶ
2610 2046 3108 2119 παραδειγματικὸν
3128 2044 3321 2107 αἴτιον,
3351 2042 3428 2105 ὡς
3454 2042 3691 2093 πάντων

2092 2138 2200 2192 τῶν
2228 2139 2505 2210 ἐσομένων
2523 2141 2648 2204 τοὺς
2683 2138 3053 2212 προορισμοὺς
3077 2138 3170 2190 καὶ
3194 2138 3251 2189 ἐν
3276 2133 3456 2203 ἑαυτῴ
3494 2149 3691 2201 προει-

2092 2234 2320 2306 ληφότα,
2345 2234 2439 2287 καὶ
2464 2234 2592 2305 πρὶν
2617 2232 2649 2303 ἢ
2675 2232 3037 2303 παραγαγεῖν,
3069 2229 3144 2293 ὥς
3168 2244 3330 2298 φησιν
3348 2229 3377 2279 ὁ
3417 2226 3691 2278 Ἀκέστο-

2091 2327 2200 2390 λος·
2234 2326 2351 2392 Οῦς
2377 2326 2445 2379 δὲ
2467 2323 2781 2394 προώρισε,
2810 2323 2905 2377 καὶ
2935 2322 3004 2374 τά
3032 2320 3175 2391 ἐξῆς.
3204 2319 3357 2373 Οὕτω
3383 2317 3495 2388 γὰρ
3525 2312 3685 2369 εἶπεν

2090 2422 2118 2473 ὁ
2144 2421 2317 2489 ἅγιος,
2358 2422 2415 2472 ἐν
2451 2418 2529 2488 τῷ
2578 2416 2913 2488 προωρίσθαι
2956 2417 3013 2468 ἐν
3051 2412 3198 2483 αὑτῷ
3248 2409 3689 2483 προγνωστικιῇ

2089 2513 2157 2567 τὰ
2198 2513 2433 2585 ἐσόμενα
2479 2511 2566 2565 διά
2602 2511 2700 2580 τῆς
2751 2507 3110 2579 περιεχούσης
3147 2505 3215 2558 τά
3250 2506 3426 2557 πάντα
3465 2503 3697 2565 ἐνιαίαί

2091 2602 2473 2677 προγνώσεως.
2510 2602 2598 2665 Ὠς
2627 2600 2757 2670 γοῦν
2784 2598 2879 2651 τοῦ
2908 2598 3133 2668 ἀγαθοῦ,
3166 2597 3306 2649 οὕτω
3330 2596 3427 2647 καὶ
3448 2593 3549 2646 τοῦ
3579 2612 3689 2646 κα-

2089 2699 2181 2752 λοῦ
2224 2698 2400 2753 πάντα
2436 2698 2666 2767 ἐφίεται,
2705 2697 2799 2750 καὶ
2824 2695 2924 2748 οὑκ
2953 2694 3066 2747 ἐστι
3092 2710 3143 2745 τι
3176 2692 3284 2744 τῶν
3319 2692 3511 2751 ὄντων,
3539 2690 3687 2758 ὅπερ

2089 2793 2148 2845 οὑ
2185 2792 2400 2861 μετέχει
2421 2790 2517 2843 τοῦ
2538 2788 2726 2851 καλοῦ,
2757 2791 2814 2841 ἐν
2844 2790 2909 2857 τῇ
2945 2785 3153 2857 μεθέξει
3183 2783 3276 2836 τοῦ
3306 2784 3454 2845 ὄντος
3479 2780 3695 2835 καλοῦι

2090 2886 2364 2956 Τολμήσει
2408 2884 2465 2936 δέ
2502 2900 2586 2947 τις
2627 2884 2819 2944 εἰπεῖν,
2855 2881 2937 2933 ὅτι
2969 2879 3063 2932 καὶ
3088 2878 3147 2930 τὸ
3176 2877 3248 2948 μὴ
3279 2875 3337 2928 δν
3379 2874 3471 2927 τοῦ
3503 2874 3683 2927 καλοῦ

2094 2976 2328 3047 μετέχει.
2361 2974 2485 3037 Πῶς
2513 2974 2570 3027 δὲ
2591 2974 2652 3026 τὸ
2679 2972 2751 3043 μὴ
2776 2971 2835 3023 ὃν
2865 2970 3112 3041 μετέχειν
3141 2968 3333 3038 φησίνς
3382 2966 3465 3018 ὃτι
3494 2968 3557 3018 ὲν
3596 2964 3687 3034 τῷ

403 3076 561 3119 vocat
591 3083 813 3121 causam
844 3070 1233 3139 exemplarem,
1263 3088 1367 3142 qua
1390 3074 1633 3129 omnium
1673 3077 1980 3132 futurorum

2089 3071 2207 3142 Θεῷ
2242 3070 2336 3124 καὶ
2377 3070 2438 3122 τὸ
2480 3068 2553 3139 μὴ
2591 3067 2649 3120 ὃν
2687 3067 2818 3119 αὑτὸ
2853 3064 2992 3118 κατὰ
3022 3064 3118 3134 τὴν
3146 3062 3359 3115 πάντων
3380 3059 3700 3129 ἀφαίρεσιι

401 3156 867 3225 przedeliuitiones
923 3161 975 3214 in
1042 3162 1222 3231 seipso
1262 3167 1664 3235 prteconcepit,
1711 3177 1765 3222 et
1812 3171 1977 3225 etiam

400 3258 527 3301 ante
557 3250 993 3317 productionem,
1022 3262 1079 3307 ut
1107 3256 1287 3323 inquit
1333 3258 1627 3325 Aposmlus
1654 3280 1667 3314 :
1706 3261 1850 3326 Quos
1880 3283 1978 3318 au-

399 3351 502 3392 tem
544 3343 1006 3410 prwdestinavita,
1050 3354 1104 3399 et
1146 3362 1268 3415 quae
1315 3360 1643 3417 sequuntur.
1700 3354 1793 3407 Sic
1834 3358 1976 3410 enim

398 3432 483 3485 vir
509 3445 735 3487 sanctus
772 3435 953 3490 futura
992 3438 1043 3490 in
1096 3439 1212 3508 ipso
1247 3443 1602 3509 prtescienter
1642 3448 1977 3512 pranleliuita

399 3521 536 3575 dixit
563 3539 661 3591 per
706 3527 926 3581 unicam
978 3528 1124 3583 illam
1169 3533 1589 3600 praenotionem,
1630 3552 1735 3605 qua
1780 3549 1975 3593 cuncta

399 3615 811 3683 complectitur.
856 3617 1321 3683 Quemadmodum
1356 3625 1523 3691 igitur
1557 3627 1781 3693 bunum,
1822 3632 1899 3685 sic
1924 3641 1977 3687 et

399 3708 686 3775 pulchrum
722 3712 905 3764 omnia
935 3724 1230 3781 appetunt;
1267 3728 1324 3770 et
1349 3717 1483 3771 nihil
1513 3730 1595 3774 est
1623 3721 1789 3794 394
1816 3723 1867 3776 in
1894 3739 1980 3778 re-

399 3799 503 3853 bus
537 3803 679 3869 quod
722 3818 827 3857 non
868 3804 1086 3873 pulchri
1119 3809 1189 3862 sit
1214 3810 1493 3881 particeps
1520 3814 1572 3866 in
1610 3818 1723 3869 veri
1755 3818 1971 3885 pulchri

396 3893 833 3963 participatione.
866 3898 1105 3953 Audebit
1141 3900 1307 3954 etiam
1352 3917 1458 3956 non
1490 3919 1650 3961 nemo
1686 3908 1893 3973 dicere,
1928 3911 1977 3964 id

398 3984 541 4052 quod
568 4001 671 4039 non
708 3997 792 4040 est
814 3989 977 4043 etiam
998 3991 1286 4058 pulchrum
1314 3996 1664 4066 participare.
1693 4000 1977 4067 Quomodo

396 4084 577 4128 autem
616 4077 746 4131 dicit
772 4080 1105 4149 participare
1134 4084 1185 4137 id
1208 4087 1350 4153 quod
1376 4102 1478 4147 non
1508 4090 1628 4142 est?
1649 4089 1785 4157 Quia
1810 4096 1974 4148 etiam

396 4164 453 4219 in
500 4166 610 4221 Dco
649 4169 699 4221 id
741 4172 884 4238 quod
945 4188 1051 4225 non
1092 4182 1174 4228 est
1210 4190 1306 4243 per
1343 4178 1585 4232 omnium
1642 4182 1975 4240 ablationem

397 4261 752 4327 praedicatur;
781 4273 839 4315 ut
860 4265 1081 4331 quando
1103 4267 1228 4335 quis
1254 4268 1406 4333 dicit,
1429 4271 1580 4325 verbi
1608 4276 1807 4342 gratia,
1835 4277 1977 4333 Deus

396 4367 503 4405 non
543 4364 627 4407 est
665 4356 770 4409 hoc.
792 4356 875 4409 vel
898 4356 1053 4424 illud,
1075 4364 1169 4413 sed
1194 4375 1356 4429 supra
1393 4362 1518 4416 ista.
1544 4364 1598 4417 ld
1627 4365 1808 4436 itaque
1831 4372 1975 4438 quod

2084 3167 2354 3235 ὑμνεῖται,
2384 3164 2472 3215 ὅτε
2502 3160 2650 3229 λέγει
2676 3158 2873 3224 τις⁶οὑ
2906 3156 3094 3213 τοῦτο,
3124 3156 3224 3208 οὑκ
3249 3157 3426 3207 ἐκεῖνο
3454 3156 3580 3205 ἐστι
3612 3152 3687 3204 τὸ

2083 3267 2256 3328 θεῖον,
2300 3264 2414 3318 ἀλλ’
2440 3264 2580 3334 ὑπὲρ
2598 3261 2791 3316 ταῦτα.
2820 3259 2989 3312 Τοῦτο
3018 3257 3145 3327 γοῦν
3174 3257 3234 3310 τὸ
3265 3257 3337 3327 μὴ
3362 3256 3441 3317 ὃν,
3467 3257 3503 3324 ἡ
3538 3256 3697 3308 πάν-

2081 3374 2189 3410 των
2217 3356 2533 3427 ἀφαίρεσις,
2570 3354 2785 3425 μετέχει
2821 3352 2915 3404 τοῦ
2946 3351 3088 3403 θείου
3118 3348 3283 3402 καλοῦ
3312 3349 3405 3400 καὶ
3431 3346 3677 3414 ἀγαθοῦ,

2084 3447 2219 3501 καθὸ
2265 3447 2338 3518 μὴ
2370 3447 2428 3500 ὃν
2457 3447 2517 3499 τὸ
2555 3446 2708 3499 Θεῖον
2752 3444 3098 3514 ὀνομάζεται.
3146 3441 3329 3511 Ἔχεις
3352 3442 3529 3492 είπεῖν
3577 3439 3695 3490 καὶ

2082 3540 2179 3610 τὴν
2208 3538 2341 3610 ὓλην
2373 3538 2447 3609 μὴ
2470 3537 2551 3603 ὃν,
2573 3538 2649 3601 ὡς
2681 3536 2754 3607 μὴ
2783 3536 3119 3606 μετέχουσαν
3153 3532 3245 3586 τοῦ
3276 3532 3440 3585 καλοῦ
3466 3531 3679 3593 εἴδους.

2086 3634 2272 3701 Ἔχεις
2321 3632 2497 3683 εἰπεῖν
2535 3629 2629 3682 καὶ
2654 3628 2715 3679 τὸ
2755 3627 2942 3689 κακὸν,
2970 3625 3043 3697 μὴ
3080 3624 3139 3676 ὃν
3162 3622 3380 3691 ἀγαθὸν,
3402 3622 3473 3684 ὡς
3510 3622 3685 3691 μετέ-

2082 3739 2165 3792 χει
2193 3722 2286 3773 καὶ
2313 3719 2482 3773 τοῦτο
2515 3718 2609 3771 τοῦ
2636 3716 2823 3780 καλοῦ,
2852 3717 2932 3768 ὅτι
2968 3715 3056 3767 διά
3082 3731 3134 3765 τι
3158 3710 3474 3781 φαινόμενον
3502 3708 3689 3760 καλὸν

2080 3810 2113 3880 ἢ
2146 3811 2350 3879 ἀγαθὸν
2387 3810 2717 3882 πράττεται·
2747 3807 2862 3860 ἀλλ’
2897 3809 2930 3877 ἡ
2970 3803 3337 3874 ἐπιφερομένη
3365 3800 3683 3873 ἐπεξεργα-

2084 3905 2173 3956 σία
2205 3904 2265 3956 τὸ
2319 3902 2584 3975 πρότερον
2618 3901 2833 3955 δίδωσιν
2866 3900 3013 3971 ἡμᾶς
3064 3900 3285 3951 ἐννοεῖν.
3322 3895 3471 3948 Ἐπεὶ
3512 3896 3691 3946 συνέρ»

2084 3993 2206 4064 μιξε
2228 3992 2306 4063 τῷ
2334 3991 2523 4063 ἀγαθῷ
2548 3992 2608 4044 τὸ
2642 3990 2805 4044 καλόν
2823 4007 2835 4018 ·
2880 3990 2974 4060 (ὼς
3002 3988 3112 4059 γὰρ
3148 3987 3377 4049 ἐκείνου,
3402 3985 3546 4038 οὕτω
3576 3991 3693 4039 καὶ

2078 4087 2265 4141 τούτου
2319 4086 2499 4138 πάντα.
2544 4082 2807 4153 ἐφίεται·)
2858 4080 3017 4133 τοῦτό
3077 4096 3243 4151 φησι,
3301 4079 3516 4131 πάντων
3560 4077 3687 4129 τῶν

2078 4176 2335 4230 τοιούτων
2363 4174 2511 4228 ἐστὶν
2536 4174 2727 4235 αἴτιον,
2756 4169 2949 4233 ἑνικῶς
2979 4169 3242 4240 δηλονότι,
3274 4168 3321 4219 εἰ
3343 4165 3437 4218 καὶ
3453 4164 3679 4215 ποικίλ-

2078 4268 2229 4321 λεται
2253 4266 2395 4320 κατά
2433 4265 2502 4319 τὰ
2547 4264 2668 4318 καθ’
2691 4264 2945 4327 ἕκαστον,
2983 4261 3096 4313 ἀλλ’
3121 4255 3213 4312 οὖν
3238 4258 3295 4310 ἒν
3333 4258 3426 4311 καὶ
3459 4255 3679 4309 ἁπλοῦν

2084 4362 2251 4432 μένει.
2291 4361 2378 4423 Ὡς
2401 4361 2429 4413 ὁ
2464 4358 2627 4422 αὐτὸς
2666 4356 2817 4427 ἥλιος
2840 4339 3154 4425 θερμαίνων
3184 4352 3278 4405 καὶ
3307 4350 3535 4421 πέτραν,
3578 4351 3683 4404 καὶ

395 4459 503 4497 non
546 4457 651 4513 est,
692 4449 806 4503 sive
849 4451 1093 4505 omnium
1118 4452 1343 4517 ablatio,
1369 4456 1643 4525 particeps
1678 4471 1763 4514 est
1803 4437 1973 4519 divini

2088 4454 2319 4523 ἱμάτιον,
2346 4452 2443 4505 καὶ
2477 4451 2580 4520 γῆν
2625 4447 3021 4519 βεϐρεγμένην,
3054 4445 3149 4497 καὶ
3183 4445 3344 4514 ὕδωρ,
3374 4443 3515 4513 πλὴν
3550 4460 3677 4495 ποι-

394 4534 608 4602 pulchri
631 4552 695 4592 ac
717 4541 842 4593 boni
866 4541 917 4595 in
940 4552 1201 4610 quantum
1225 4544 1473 4599 divinum
1510 4562 1713 4603 numen
1748 4560 1978 4606 vocatur

396 4641 502 4680 non
539 4644 658 4684 esse
680 4633 813 4703 (40).
840 4632 1024 4689 Possis
1048 4636 1229 4704 ,etiam
1268 4640 1557 4694 materiam
1603 4656 1709 4696 non
1749 4660 1848 4698 ens
1884 4660 1979 4714 ap-

396 4718 621 4785 pellare,
647 4735 916 4791 quatenus
935 4743 1131 4798 expers
1150 4740 1236 4786 est
1256 4733 1499 4802 pulchrae
1539 4735 1749 4789 formai.
1794 4736 1977 4791 Possis

396 4810 563 4865 etiam
604 4815 803 4869 malum
845 4820 1030 4875 dicere
1072 4838 1180 4876 non
1222 4838 1343 4879 esse
1380 4826 1604 4895 bonum,
1631 4828 1685 4882 in
1709 4841 1973 4897 quantum

396 4903 559 4954 etiam
624 4905 781 4971 hujus
836 4911 1046 4974 pulchri
1103 4916 1382 4985 particeps
1423 4918 1667 4985 exsistit;
1708 4922 1837 4989 quia
1876 4937 1975 4991 per

398 4993 613 5060 aliquod
660 5011 926 5064 apparens
968 5004 1251 5069 pulchrum
1309 5009 1395 5062 vel
1452 5011 1651 5064 bonum
1713 5012 1968 5080 tingitur;

399 5095 658 5150 eXprcssa
701 5102 830 5141 vero
868 5091 1170 5151 similitudo
1208 5100 1300 5153 dat
1339 5100 1497 5155 nobis
1534 5102 1886 5173 cogitandum
1914 5106 1964 5159 id

399 5176 542 5275 quod
577 5178 731 5245 prius
769 5194 873 5234 est.
897 5184 1031 5239 Cum
1064 5194 1479 5251 commiscuerit
1506 5198 1656 5255 bono
1692 5198 1975 5267 pulchrum

400 5264 568 5366 isicut
602 5269 747 5321 enim
792 5272 940 5338 illud,
966 5278 1045 5331 sic
1065 5283 1241 5336 ethoc
1263 5297 1460 5340 cuncta
1497 5264 1811 5358 appetunt),
1841 5291 1972 5353 hoc,

400 5360 602 5426 inquit,
629 5361 814 5414 talium
856 5369 1097 5423 omnium
1135 5382 1219 5427 est
1256 5391 1441 5442 causa,
1487 5381 1745 5436 nimirum
1793 5384 1974 5448 unice,

403 5450 617 5503 tametsi
659 5451 711 5503 in
757 5454 987 5524 singulis
1011 5456 1480 5532 varietur,tamen
1506 5489 1613 5529 una
1638 5475 1978 5547 simplexque

541 5596 570 5634 τι
591 5584 748 5643 Rom.
772 5605 893 5656 vm,
929 5592 1017 5647 30.

485 5738 598 5807 (ἆο)
628 5740 848 5802 Scilicet
878 5748 981 5803 hoc
1009 5748 1095 5806 vel
1132 5749 1282 5806 illud.

2085 4546 2250 4609 κίλως
2274 4544 2410 4614 πρὸς
2450 4542 2520 4596 τὰ
2560 4542 2824 4613 δεχόμενα
2847 4558 2859 4569 -
2890 4543 2956 4592 ἐκ
2988 4538 3177 4590 τούτου
3210 4539 3376 4589 πᾶσαι
3410 4535 3521 4588 τῶν
3558 4553 3689 4588 κτικ

2085 4636 2224 4691 στῶν
2247 4638 2303 4689 αἱ
2329 4634 2609 4697 οὑσιὼδεις
2628 4630 2912 4704 ὑπάρξεις.
2933 4628 3130 4692 Καλῶς
3158 4628 3215 4681 δέ
3242 4628 3302 4680 τὸ
3325 4625 3606 4680 οὐσιώὃει
3618 4645 3669 4693 ς·

2082 4731 2139 4783 αἱ
2176 4729 2285 4800 γὰρ
2325 4726 2587 4796 ὑπάρξεις
2627 4724 2749 4778 καθ’
2772 4722 2970 4786 ἑαυτὰς
3020 4719 3286 4791 ἀνώτεραι
3333 4719 3441 4771 τῶν
3470 4718 3673 4771 οὐσιῶν

2080 4824 2246 4875 εἰσιν·
2285 4819 2521 4891 ὒπαρξις
2552 4819 2660 4888 γάρ
2691 4820 2839 4871 ἐστιν
2879 4814 3010 4869 αὑτὸ
3046 4814 3109 4867 τὸ
3141 4808 3281 4865 εἷναί
3310 4828 3391 4863 τι·
3425 4810 3589 4864 οὐσία
3614 4811 3679 4867 δέ.

2082 4917 2198 4967 ἐστι
2226 4914 2287 4966 τὸ
2316 4913 2368 4965 τί
2394 4914 2511 4964 ἐστι
2547 4909 2643 4962 τοῦ
2676 4909 2849 4971 ὄντος.
2891 4906 3109 4977 Ἐπειδὴ
3133 4900 3225 4958 οὖν
3249 4904 3378 4969 περὶ
3400 4903 3511 4955 τῶν
3557 4921 3675 4956 κτι-

2084 5004 2221 5056 στῶν
2252 5019 2434 5072 φησιν,
2459 5001 2680 5063 εἰκότως
2692 4998 3076 5069 τῷζὺπάρξεις
3105 4994 3411 5067 προσέθηκε
3480 4996 3541 5047 τὸ
3566 4998 3672 5049 σὺ·

2084 5100 2340 5163 σιώδεις.
2384 5096 2636 5159 Ἐνὼσεις
2668 5096 2724 5148 δὲ
2750 5095 3012 5163 λέγονται,
3045 5094 3143 5163 οὑχ
3176 5093 3257 5144 ὃτι
3300 5091 3545 5161 σωρηδὸν
3575 5092 3675 5143 σὺν

2080 5192 2274 5262 ἐκείνῳ
2306 5191 2366 5243 ἓν
2399 5208 2452 5243 τι
2486 5188 2893 5250 ἀποτελοῦνται,
2919 5187 3034 5240 ἀλλ’
3060 5188 3143 5239 ὅτι
3187 5184 3339 5256 πηγὴ
3366 5184 3551 5237 αὐτῶν
3579 5185 3673 5236 καὶ

2080 5286 2223 5358 ἀρχὴ
2251 5289 2278 5339 ὁ
2310 5285 2463 5349 Θεὸς,
2512 5285 2607 5337 καὶ
2646 5284 2705 5349 ἐξ
2744 5282 2908 5337 αὑτοῦ
2957 5281 3317 5352 παρήχθησαν
3354 5281 3673 5333 ὑποστάντα

2080 5388 2199 5441 καθ’
2226 5388 2616 5451 ὑπόστασιν,ῶς
2641 5387 2735 5440 καὶ
2758 5388 2836 5449 εἰς
2860 5386 3158 5456 διακρίσεις
3181 5384 3539 5436 ὑποστάσεων
3570 5400 3683 5451 φα-

2079 5480 2255 5551 νῆναι.
2282 5479 2624 5550 Ταὺτότητες
2655 5477 2709 5530 δὲ
2745 5478 2798 5529 αἰ
2817 5475 3099 5543 ἀναγωγαὶ
3125 5474 3218 5527 καὶ
3246 5472 3508 5527 ἐνωτικαὶ
3532 5470 3679 5541 πρὸς
