3866 6234
170 234 300 291 765

761 231 852 287 DE
885 231 1139 291 DIVINIS
1171 234 1572 298 NOMINIBUS,
1611 235 1744 292 CAP

1856 235 1965 291 '.--
1994 232 2341 292 PARAPIIB.
2377 232 2853 291 PACHYMER/E.

3336 237 3450 295 766

167 348 329 431 Θεὸν
364 347 625 418 δυνάμεις
648 345 760 401 τῶν
779 347 1003 418 νοητῶν,
1026 347 1103 413 ὡς
1135 350 1230 402 καὶ
1265 348 1602 420 ὁμοιότητες,
1628 352 1752 402 ἐπει-

1877 359 2179 419 permauet.
2220 349 2375 404 Sicut
2414 350 2553 403 idem
2595 349 2673 403 sol
2714 348 3041 405 calcfacicns
3096 361 3155 405 et
3202 352 3438 421 lapidem

166 440 244 512 δὴ
283 441 386 493 καὶ
412 441 474 505 ἐξ
501 439 668 494 αὐτοῦ
695 443 802 495 είσι
837 441 931 494 καὶ
958 445 1247 512 προσεχεῖς
1275 442 1442 512 αὐτῷ.
1489 442 1772 513 Ἐτερότη-

165 548 276 594 τις
300 532 360 584 δὲ
386 534 549 585 οἱονεὶ
578 534 607 585 ὁ
650 533 961 603 μεριστικὸς
996 533 1315 603 πληθυσμὺς
1342 536 1399 586 ὲν
1428 536 1548 596 ταῖς
1579 533 1773 586 ὑποϐε-

168 623 446 694 ϐηκυὶαις
474 623 721 694 προόδοις
760 624 853 676 τοῦ
889 623 1033 676 θείου
1068 623 1388 695 θελήματος.
1432 626 1769 695 Ἀνομοιότη-

163 729 274 777 τες
303 714 386 777 δὲ,
412 714 599 784 ἐπειδὴ
623 714 682 766 τὸ
704 714 984 784 γινόμενον
1013 714 1197 785 ἕτερον
1218 715 1311 767 τοῦ
1334 715 1395 785 δη
1405 733 1523 784 μιου
1534 717 1770 785 ργήσαν-

165 823 299 870 τος.
337 806 630 859 Κοινωνίαι
667 806 775 858 τῶν
802 807 1059 858 ἐναντίων
1087 807 1142 858 αἱ
1184 806 1293 858 τῶν
1328 805 1600 875 στοιχείων
1636 807 1769 877 κρά-

168 917 300 962 σεις
322 916 335 927 ·
371 897 718 968 ἀλληλουχίαι
748 900 781 968 ἡ
805 897 899 949 τοῦ
932 898 1136 967 κόσμου
1168 898 1365 961 παντὸς
1390 900 1649 968 συνάφεια
1675 898 1768 950 καὶ

167 990 525 1060 συμπάθεια.
567 988 915 1059 ’Δσυμμιξίαι
945 988 1055 1041 τῶν
1096 988 1411 1060 ἠνωμὲνων,
1438 986 1513 1051 ὡς
1540 988 1634 1040 ἐπὶ
1666 986 1767 1057 τῆς

163 1081 274 1133 τοῦ
302 1080 401 1133 ἁνο
414 1079 645 1151 ρωπείου
671 1079 858 1147 γένους
886 1079 1213 1150 κοινότητος,
1239 1080 1330 1132 καὶ
1348 1078 1446 1147 τῆς
1462 1078 1584 1133 καθ’
1632 1072 1770 1127 ἕκα-

156 1181 303 1219 στον
317 1168 605 1239 ἄνθρωπον
636 1168 894 1239 ἰδιότητος
916 1185 929 1197 ο
961 1167 1039 1237 τῷ
1079 1168 1175 1238 μὲν
1216 1168 1325 1238 γὰρ
1363 1167 1527 1237 κοινῷ
1550 1167 1651 1237 τῆς
1673 1172 1765 1221 ου-

165 1260 307 1321 σίας
332 1259 478 1329 λόγῳ
504 1261 702 1321 πάντες
726 1259 1007 1329 ήνὼμεθα·
1036 1262 1103 1329 τῇ
1137 1259 1193 1311 δὲ
1222 1258 1341 1310 καθ’
1374 1258 1602 1311 ἕκαστον
1639 1261 1765 1313 ίδιό-

162 1367 304 1421 τητι
346 1351 409 1402 τὸ
429 1350 771 1419 ἁσύμμικτον
798 1350 1010 1419 ἔχομεν.
1038 1351 1101 1400 Αἱ
1140 1349 1355 1401 πάντων
1381 1349 1766 1420 ἀμετακίνητοι

168 1442 343 1511 μοναί
366 1459 379 1471 °
413 1442 640 1495 ἕκαστον
676 1441 787 1513 γὰρ
808 1443 927 1495 καθ’
950 1443 1108 1495 ἑαυτὸ
1145 1443 1460 1494 συνίσταται
1494 1442 1588 1493 καὶ
1626 1441 1761 1493 ἐστι.

164 1534 287 1585 Καὶ
334 1529 515 1596 αὖθις,
568 1536 624 1585 αἱ
676 1536 893 1589 πάντων
949 1537 1009 1585 ἐν
1058 1535 1275 1605 ἑκάστῳ
1316 1533 1608 1587 κοινωνίαι.
1645 1535 1762 1585 Ἐν-

162 1624 367 1679 τεῦθεν
423 1627 726 1698 διορθοῦται
784 1630 877 1682 καὶ
949 1630 1104 1693 δόξας
1165 1630 1309 1681 δυοῖν
1363 1629 1609 1682 παλαιῶν
1671 1647 1760 1697 φι-

1871 450 1925 494 ct
1959 450 2186 501 vestem.
2226 450 2279 493 et
2317 452 2516 495 terram
2559 441 2914 509 complutam,
2954 450 3010 495 et
3051 457 3271 511 aquam,
3315 445 3480 515 licet,

1869 531 2231 589 diversimode
2269 547 2366 602 pro
2404 534 2628 586 materia
2671 534 2936 603 subjecta,
2977 550 3041 588 ex
3083 536 3185 589 hoc
3221 548 3444 589 creatu-

1870 636 2050 674 rarum
2098 624 2339 675 omnium
2406 623 2790 676 substantiales
2828 624 3154 679 existentite.
3204 624 3441 680 Pulchre

1868 724 2045 765 autem
2103 713 2465 767 substantiales
2509 730 2529 769 :
2591 729 2716 767 nam
2772 715 3081 769 existentize
3135 717 3436 771 secundum

1871 805 2076 874 seipsas
2100 806 2408 874 superiores
2439 815 2562 858 sunt
2585 806 2935 869 substantiis;
2959 807 3250 861 existentia
3290 808 3440 860 enim

1873 906 1974 962 est,
2002 896 2290 963 ipsummet
2327 910 2447 949 esse
2486 897 2712 964 aliquid,
2743 896 3049 949 substantia
3092 912 3221 950 vero
3262 906 3345 950 est
3384 896 3437 949 id

1870 987 2012 1055 quod
2050 986 2177 1054 quid
2220 998 2323 1040 est.
2353 988 2618 1053 Quoniam
2660 988 2843 1054 itaque
2869 989 3223 1041 dccrcaturis
3263 988 3444 1056 loqui-

1872 1086 1976 1138 tttr,
2014 1078 2210 1132 merito
2232 1078 2453 1131 dictioni
2484 1078 2762 1147 ὑπάρξεις,
2787 1095 2879 1131 seu
2925 1078 3244 1145 existentiaz,
3267 1094 3440 1149 appo-

1868 1169 1977 1220 snit
2012 1167 2308 1232 οὐσιώδεις,
2360 1184 2451 1223 seu
2507 1170 2905 1225 substantiales.
2960 1169 3197 1223 Uniones
3252 1179 3436 1224 autem

1867 1260 2145 1321 dicuntur,
2170 1277 2273 1312 non
2309 1260 2449 1327 quod
2491 1259 2652 1313 simul
2707 1276 2826 1312 cum
2869 1260 2961 1312 illo
3000 1261 3293 1313 acervatim
3333 1261 3437 1313 alin

1867 1352 1993 1419 quid
2033 1369 2198 1404 unum
2221 1352 2470 1413 efficiant,
2500 1354 2591 1405 sed
2634 1354 2778 1421 quod
2829 1354 2969 1406 Deus
3006 1364 3122 1407 erat
3159 1353 3280 1407 fons
3317 1353 3443 1406 illo-

1866 1459 1983 1497 rum
2022 1456 2076 1497 et
2111 1446 2460 1513 principium,
2486 1458 2541 1497 et
2561 1462 2626 1499 ex
2653 1448 2769 1514 ipso
2792 1448 3052 1515 producta
3076 1450 3187 1500 sint
3224 1464 3284 1501 ea
3317 1462 3443 1516 qua:

1865 1533 2170 1586 subsistunt
2212 1535 2511 1587 secundum
2553 1536 2992 1601 subsistentiam,
3046 1538 3117 1590 ita
3161 1546 3218 1590 ut
3269 1538 3435 1591 etiam

1866 1625 1933 1678 ad
1976 1626 2362 1679 distinctiones
2399 1626 2806 1693 suppositorum
2832 1636 3147 1696 appareant.
3175 1627 3436 1681 ldentita-

163 1714 446 1784 λοσόςρων,
501 1718 928 1787 Ἐμπεδοκλέους
982 1721 1075 1773 καὶ
1129 1720 1507 1789 Ἀναξαγόρου.
1565 1720 1621 1772 Ὀ
1665 1719 1752 1789 μὲι

1870 1722 1950 1767 tes
1989 1724 2171 1766 autem
2214 1724 2338 1766 sunt
2379 1714 2609 1767 virtutes
2658 1715 3006 1769 adductrices
3064 1730 3117 1769 et
3175 1719 3437 1774 unitrices

162 1809 281 1879 γὰρ
333 1810 707 1881 Ἐμπεδοκλῆς
748 1816 980 1882 σφαῖραν
1018 1812 1123 1865 ἀπὸ
1155 1812 1256 1881 τῆς
1293 1813 1545 1864 ἁπάντων
1581 1811 1763 1881 φιλίας

163 1902 265 1953 καὶ
335 1903 679 1972 συγκρίσεως
743 1903 944 1972 ἔλεγεν,
988 1904 1129 1957 ὥστε
1186 1904 1258 1975 μὴ
1308 1900 1445 1956 εἶναι
1501 1904 1765 1975 διακρίνε-

165 1993 296 2046 σθαι
336 1993 462 2045 καθ’
485 1994 645 2044 ἑαυτὸ
696 1993 925 2046 ἕκαστον
962 1996 1068 2047 ἀπὸ
1105 1994 1286 2057 ἄλλου,
1328 1997 1456 2067 πρὶν
1494 1995 1554 2048 τὸ
1584 2000 1761 2061 νεῖκος

162 2084 430 2152 γενέσθαι
470 2086 563 2136 καὶ
607 2086 705 2155 τὴν
758 2085 1026 2156 διάκρισιν
1082 2086 1203 2138 καθ’
1241 2086 1305 2156 ἢν
1360 2086 1564 2157 ὑπέστη
1605 2091 1632 2141 ό
1669 2090 1761 2143 κό-

167 2192 329 2245 σμος.
350 2175 410 2227 Ὀ
429 2175 485 2226 δὲ
519 2175 903 2248 Ἀναξαγόρας,
938 2174 1058 2231 Ἦν
1077 2178 1224 2245 ὁμοῦ
1246 2176 1518 2247 χρήματα
1540 2180 1755 2245 πάντα,

166 2268 349 2336 ἔλεγε.
389 2268 551 2337 Λέγει
600 2270 751 2337 γοῦν,
792 2271 871 2323 ὅτι
926 2270 1022 2322 ’καὶ
1075 2271 1195 2323 κατ’
1217 2270 1355 2323 αὐτὰ
1392 2272 1452 2323 τὸ
1488 2273 1594 2325 πᾶν
1627 2290 1755 2324 συν-

168 2358 442 2420 ίστανται,
501 2359 595 2412 καὶ
646 2362 779 2412 πᾶσι
833 2361 1009 2413 πάντα
1060 2361 1438 2425 κοινωνοῦντα,
1492 2362 1614 2416 οὔτε
1658 2366 1756 2435 τῆς

166 2448 379 2511 οἰκείας
424 2450 588 2520 μονῆς
626 2448 933 2514 ἐξίστανται
967 2453 1042 2516 ὡς
1083 2456 1316 2523 σφαῖραν
1336 2454 1608 2521 γίνεσθαι’
1634 2453 1755 2506 οὔτε

170 2540 283 2609 μὴν
322 2542 713 2612 πραγματικὴν
750 2542 847 2613 τὴν
899 2545 1179 2597 κοινωνίαν
1219 2544 1452 2615 ἔχουσιν,
1491 2547 1564 2609 ὡς
1618 2541 1755 2599 εἶναι

166 2631 227 2681 ὲν
266 2630 346 2699 τῷ
382 2631 530 2702 ἄρτῳ
564 2634 725 2702 τυχὸν
760 2635 853 2687 καὶ
891 2636 1109 2705 χρυσὸν,
1149 2638 1242 2689 καὶ
1282 2637 1455 2701 ξύλον,
1479 2640 1572 2690 καὶ
1610 2638 1756 2709 σίδη-

170 2739 286 2791 ρον,
308 2724 489 2793 ἄτομὰ
524 2742 646 2777 τινα
686 2728 779 2778 καὶ
818 2727 905 2779 διὰ
947 2728 1285 2799 σμικρότητα
1322 2731 1380 2781 οὐ
1423 2729 1750 2800 βλεπόμενα,

166 2813 243 2875 ὡς
280 2814 308 2864 ὁ
342 2813 708 2886 Ἀναξαγόρας
744 2817 1014 2882 ἐδόξασεν,
1036 2819 1094 2880 ὃς
1134 2821 1227 2872 καὶ
1262 2820 1361 2890 τὴν
1390 2820 1600 2889 γένεσιν
1635 2820 1751 2874 διά-

166 2918 352 2971 κρισιν
390 2904 602 2970 ἔλεγεψ
644 2904 882 2957 ἀλλἐίσὶ
941 2908 1038 2976 μὲν
1091 2910 1148 2960 ὲν
1188 2910 1463 2981 κοινωνία,
1525 2910 1751 2979 δυνάμει

1867 1819 2048 1858 rerum
2097 1804 2519 1872 intelligibilium
2567 1806 2630 1855 ad
2674 1805 2869 1869 Deum,
2912 1806 2987 1859 uti
3028 1816 3082 1860 et
3119 1808 3437 1861 similitudi-

1863 1911 1992 1961 nes;
2034 1897 2472 1965 quandoqnidem
2516 1907 2567 1950 et
2610 1913 2676 1950 ex
2718 1898 2835 1966 ipso
2892 1902 3021 1965 sint,
3066 1901 3225 1967 eique
3262 1902 3441 1956 inhae-

1864 1996 2039 2041 reant.
2069 1989 2422 2041 Diversitates
2461 1998 2644 2040 autem
2686 2000 2813 2042 sunt
2849 1993 3005 2057 quasi
3049 1992 3250 2058 partita
3288 2007 3437 2059 qua:-

1863 2078 1984 2131 dam
2041 2078 2417 2146 multiplicatio
2479 2080 2674 2132 divina:
2714 2080 3010 2133 voluntatis
3051 2082 3118 2133 ad
3171 2082 3437 2135 inferiora

1862 2168 2227 2236 procedentis.
2290 2167 2775 2223 Dissimilitudincs
2834 2185 2999 2236 vero,
3064 2174 3322 2238 quoniam
3380 2174 3434 2229 id

1861 2261 2006 2328 quod
2039 2270 2258 2314 creatur
2280 2262 2555 2315 diversum
2580 2270 2667 2315 est
2709 2278 2737 2314 a
2764 2271 3032 2316 creatore.
3056 2262 3281 2317 Ftedcra
3304 2275 3438 2320 sunt

1859 2353 2259 2407 contrariorum
2318 2354 2713 2408 elementorum
2776 2355 3440 2422 temperationes:coha:-

1860 2447 2050 2499 rentite
2094 2454 2218 2498 sunt
2259 2447 2423 2500 totius
2464 2444 2650 2498 mundi
2697 2447 2967 2499 connexio
3006 2456 3061 2500 et
3108 2462 3429 2501 consensus.

1859 2535 2061 2590 Rerum
2127 2537 2404 2589 ttnitarum
2485 2536 2957 2605 impermistiones
3016 2549 3146 2594 sunt
3183 2540 3328 2593 sicut
3376 2542 3431 2595 in

1858 2627 2078 2681 humani
2105 2628 2325 2696 generis
2363 2630 2783 2692 communitate,
2809 2640 2864 2683 ct
2887 2630 3154 2701 cujusque
3193 2633 3434 2687 hominis

1857 2721 2225 2787 proprietate;
2248 2722 2521 2774 communi
2549 2724 2696 2775 enim
2721 2724 2977 2777 essentia:
3010 2723 3215 2776 ratione
3236 2739 3432 2779 omnes

1854 2807 2015 2877 395
2045 2810 2181 2863 uniti
2221 2826 2430 2874 sumus,
2480 2812 2909 2882 uniuscujusque
2940 2829 3069 2867 vero
3096 2816 3432 2883 proprietate

1854 2901 2076 2954 minime
2124 2903 2572 2956 commiscemur.
2631 2901 2942 2957 lmmobiles
2985 2905 3227 2959 omnium
3276 2921 3429 2959 man-

164 2992 224 3043 δὲ
260 2997 326 3064 τῇ
368 2996 508 3048 κατὰ
542 2997 818 3068 ποιότητα,
843 2999 918 3061 ὡς
956 2999 1232 3066 δύνασθαι,
1270 3002 1401 3073 φέρε
1437 3005 1630 3067 εἰπεῖν,
1656 3006 1748 3059 καὶ

1856 2990 2055 3055 siones,
2086 2992 2350 3060 quidlibet
2393 2995 2538 3047 enim
2588 3008 2683 3061 per
2727 3009 2785 3047 se
2828 2995 3082 3048 subsistit
3114 3007 3171 3048 et
3214 3005 3317 3049 est.
3358 2996 3430 3051 Et.

165 3086 299 3137 αὐτὸ
320 3086 510 3151 ὓδατος
546 3090 796 3157 γενέσθαι
835 3091 973 3161 ἀέρα
1012 3092 1104 3144 καί¹
1142 3094 1271 3163 πῦρ,
1294 3096 1387 3146 καὶ
1423 3096 1530 3147 ἀπὸ
1568 3098 1671 3166 γῆς
1692 3098 1749 3150 ὖ-

163 3173 297 3244 δωρ,
322 3179 418 3230 καὶ
453 3178 562 3230 ἀπὸ
596 3180 704 3231 τῶν
740 3181 956 3249 τροφῶν
996 3184 1223 3253 σάρκας,
1258 3186 1349 3237 καὶ
1382 3187 1582 3241 τᾶλλα·
1607 3189 1745 3241 ὥστε

165 3269 260 3319 καὶ
295 3268 396 3338 τὴν
435 3270 620 3336 φιλίαν
657 3272 960 3342 ἀσύγχυτον
1017 3270 1175 3337 εἶναι,
1219 3277 1311 3328 καὶ
1364 3279 1463 3349 τὴν
1520 3282 1748 3353 συνοχὴν

163 3356 466 3410 ἀδιάλυτον.
501 3359 908 3425 Ἀνεκλείπτους
944 3363 1001 3415 δὲ
1036 3362 1133 3425 τὰς
1171 3366 1416 3436 διαδοχὰς
1454 3368 1561 3422 τῶν
1599 3388 1745 3438 γινο-

168 3446 345 3515 μένων
384 3449 578 3515 φησίν-
604 3450 757 3513 "Eax;
793 3450 903 3520 γὰρ
938 3451 1067 3517 ἄρτι
1116 3454 1435 3522 ἐργάζεται.
1479 3459 1542 3510 El
1581 3461 1676 3511 καὶ
1716 3462 1746 3512 ό

178 3537 551 3608 Ἀριστοτέλης
589 3538 879 3607 ὲπαπορῶν
900 3540 1099 3610 ἑτέρως
1122 3541 1256 3607 λύει,
1292 3544 1445 3611 διότι,
1470 3546 1661 3615 λέγων,
1685 3549 1745 3613 ἐξ

163 3627 409 3698 ἀλλήλων
448 3628 709 3695 γίνονται,
733 3630 827 3681 καὶ
864 3630 896 3698 ή
935 3630 1108 3701 φθορὰ
1144 3634 1356 3698 τούτου,
1396 3636 1557 3690 ἄλλου
1594 3640 1745 3707 γένε-

165 3716 250 3780 σίς
286 3720 403 3769 ἐστι
442 3719 537 3770 καὶ
576 3718 735 3771 ἄλλου
776 3720 975 3791 φθορὰ,
997 3723 1189 3777 τούτου
1228 3727 1463 3795 γένεσις,
1487 3730 1580 3782 καὶ
1617 3732 1744 3800 ἐφε-

164 3811 260 3881 ξῆς
296 3810 490 3874 οὕτως,
531 3810 671 3864 ὥστε
716 3812 789 3883 μὴ
827 3813 1128 3867 ἐπιλείπειν
1156 3817 1254 3888 τὴν
1290 3820 1525 3886 γένεσιν.
1563 3821 1743 3875 Ἐπει-

161 3901 225 3972 δὴ
277 3902 334 3954 δὲ
390 3903 580 3964 στάσις
635 3903 752 3955 ἐστὶ
805 3904 901 3956 καὶ
956 3906 1168 3976 κίνησις
1205 3909 1458 3962 ἁπάντων
1492 3910 1552 3963 τὸ
1587 3911 1741 3965 Θεῖον

162 3993 303 4064 ὑπὲρ
341 3995 530 4047 στάσιν
565 3994 658 4045 καὶ
695 3993 929 4064 κίνησιν,
967 3996 1043 4061 ὡς
1087 3998 1315 4054 ἕκαστον
1372 4002 1532 4057 ἱστῶν
1568 4005 1626 4057 ὲν
1662 4005 1738 4075 τῷ

160 4086 342 4156 οἰκείῳ
379 4085 540 4156 λόγῳ,
563 4086 657 4139 καὶ
691 4086 874 4139 κινοῦν
910 4090 1001 4141 ἐπὶ
1036 4090 1133 4161 τὴν
1154 4093 1363 4147 οἰκείαν
1396 4096 1626 4167 κίνησιν,
1650 4098 1738 4151 διὰ

159 4176 315 4229 τοῦτο
348 4177 514 4245 λέγει,
559 4180 614 4231 αί
653 4179 870 4241 στάσεις
909 4182 1080 4234 πᾶσαι
1119 4186 1211 4237 καὶ
1248 4189 1302 4238 αἱ
1341 4189 1602 4258 κινήσεις,
1625 4189 1735 4241 εἴτε

160 4268 401 4336 ἀγγέλων
438 4269 637 4336 εἴποις,
661 4274 771 4326 εἴτε
809 4273 1016 4344 ψυχῶν,
1040 4275 1150 4328 εἴτε
1189 4280 1477 4347 σωμάτων,
1511 4283 1575 4333 ὲκ
1612 4283 1734 4334 τού-

1853 3099 2067 3147 rursus,
2120 3086 2364 3139 omnium
2436 3086 2489 3139 in
2534 3086 2775 3155 quolibet
2814 3088 3249 3139 communiones.
3284 3086 3426 3141 Hinc

1851 3175 2211 3244 corriguntur
2233 3178 2397 3230 etiam
2421 3178 2709 3245 opiniones
2749 3179 2983 3230 duorum
3019 3186 3267 3231 veterum
3310 3178 3441 3246 phi-

1848 3254 2216 3336 l050phorum,
2266 3268 2607 3337 Empedoclis
2644 3282 2697 3323 et
2737 3271 3100 3339 Anaxagorae.
3143 3270 3420 3338 Siquidem

1848 3357 2201 3425 Empedocles
2231 3361 2504 3427 sphzeram
2552 3361 2622 3414 ab
2644 3361 2890 3414 omnium
2921 3361 3166 3412 amicitia
3189 3369 3245 3413 et
3266 3375 3423 3413 com-

1848 3452 2104 3504 mistione
2136 3452 2463 3514 nominavit,
2493 3462 2567 3505 ita
2604 3462 2660 3504 ut
2686 3453 2955 3519 quidlibet
2993 3469 3089 3518 per
3129 3467 3186 3504 se
3226 3453 3293 3504 ab
3316 3452 3423 3505 alio

1846 3542 2081 3597 discerni
2114 3554 2369 3611 nequeat,
2408 3555 2698 3613 antequam
2744 3560 2917 3613 pugna
2968 3544 3062 3596 liat
3103 3553 3157 3595 et
3198 3543 3416 3607 divisio,

1842 3634 2141 3687 secundum
2158 3650 2319 3702 quam
2341 3640 2571 3688 mundus
2584 3634 2833 3688 subsisut
2854 3650 2867 3699 ;
2887 3636 3241 3702 Anaxagoras
3266 3647 3419 3698 vero,

1847 3726 2039 3782 Omnia
2080 3726 2239 3780 simul
2265 3736 2447 3791 erant,
2474 3728 2677 3781 aiebat.
2697 3728 2788 3780 Ait
2820 3728 3023 3795 itaque,
3056 3742 3150 3794 per
3176 3742 3233 3779 se
3255 3725 3416 3794 quid-

1842 3817 1973 3872 libet
2009 3819 2334 3885 subsistere,
2363 3830 2417 3873 et
2461 3818 2645 3873 omnia
2678 3819 2935 3872 omnibus
2988 3820 3417 3880 communicare,

1842 3926 2017 3979 neque
2042 3927 2071 3965 a
2106 3913 2326 3982 propria
2367 3915 2650 3966 mansione
2698 3913 3021 3973 desciscere,
3047 3920 3101 3963 et
3125 3910 3205 3963 sic
3232 3911 3411 3977 sphae-

1840 4020 1955 4059 ram
1993 4006 2236 4060 existere
2266 4023 2278 4059 :
2304 4020 2410 4059 non
2454 4015 2638 4059 tamen
2682 4003 2883 4058 realem
2920 4004 3060 4055 inter
3083 4018 3141 4056 se
3177 4016 3419 4055 commu-

1842 4098 2058 4152 nionem
2103 4097 2329 4162 habent,
2365 4099 2438 4150 ita
2470 4107 2528 4151 ut
2561 4095 2713 4151 verbi
2745 4095 2921 4163 gratia
2961 4095 3125 4147 etiam
3168 4094 3220 4146 in
3246 4108 3413 4161 pane,

1841 4205 2057 4252 aurum,
2091 4198 2145 4242 et
2185 4189 2410 4258 lignum,
2458 4199 2514 4244 et
2554 4188 2759 4243 ferrum
2810 4186 2921 4241 sint
2951 4186 3121 4240 atomi
3167 4184 3417 4253 quidam,

1838 4285 1927 4351 qui
1950 4292 2173 4353 propter
2200 4283 2529 4351 parvitatem
2563 4279 2791 4334 minime
2811 4281 3125 4342 videantur,
3158 4278 3231 4329 uti
3258 4278 3414 4330 Ana-

160 4377 251 4411 του
292 4361 415 4413 είσί.
442 4362 597 4414 Νοῶν
627 4362 757 4431 γοῦν
798 4366 987 4428 στάσις
1027 4368 1147 4421 ἐστὶ
1167 4368 1226 4421 τὸ
1249 4368 1492 4440 ἱδρῦσθαι
1512 4375 1577 4443 τῇ
1600 4375 1736 4445 πρὸς

1856 4391 2057 4445 tagorze
2079 4374 2303 4445 placuit,
2334 4376 2424 4443 qui
2472 4374 2878 4442 generationem
2922 4371 3244 4423 divisionem
3272 4384 3411 4421 nun-

158 4452 287 4505 Θεὸν
323 4454 599 4518 ἀνατάσει,
623 4457 725 4509 κᾶν
763 4459 1175 4513 ἀποστέλλοιντο
1206 4463 1302 4514 καὶ
1353 4466 1732 4522 καταδαίνοιεν

156 4544 249 4596 ἐπὶ
266 4544 331 4597 τὰ
353 4545 731 4618 ὑποϐεϐηκότα
767 4552 1023 4621 προνοίας
1045 4554 1203 4624 χάριν
1236 4554 1345 4607 τῶν
1380 4554 1729 4631 ὠφεληθησό-

160 4634 348 4703 μένων.

1838 4469 2091 4537 cupavit;
2115 4476 2496 4523 verumtamen
2528 4467 2940 4522 communicant
2976 4467 3178 4517 virtute
3209 4477 3410 4516 secuno

1836 4561 1965 4612 dum
2016 4560 2362 4628 qualitatem,
2403 4569 2463 4613 ut
2492 4558 2896 4628 quodaminodo
2942 4556 3050 4610 dici
3099 4555 3297 4624 possit,
3351 4552 3407 4605 id

1834 4649 2009 4717 ipsum
2051 4651 2197 4718 quod
2223 4660 2306 4705 est
2325 4666 2479 4719 aquae
2500 4652 2618 4705 tieri
2644 4665 2821 4703 aerem
2852 4659 2907 4702 et
2930 4650 3130 4715 ignem,
3168 4656 3222 4700 et
3246 4655 3403 4698 ater-

161 4743 216 4779 ra
251 4744 466 4797 aquam,
494 4740 546 4785 et
589 4748 617 4785 a
658 4734 798 4789 cibis
824 4750 1043 4801 carncs,
1100 4748 1155 4791 et
1206 4749 1432 4805 caetera;
1492 4742 1564 4796 ita
1591 4752 1650 4797 ut
1689 4744 1928 4799 amicitia
1968 4744 2038 4797 sit
2095 4744 2421 4809 inconfusa,
2478 4754 2533 4797 et
2617 4743 2928 4809 complexus
2983 4735 3398 4792 indissolubilis.

157 4822 521 4880 Indeﬁcientes
574 4836 754 4881 autem
804 4830 881 4882 ait
932 4845 1051 4885 esse
1111 4835 1487 4889 successiones
1530 4850 1716 4891 eorum
1778 4852 1900 4907 quae
1952 4838 2124 4891 liuut:
2187 4836 2364 4907 Usque
2391 4840 2534 4892 enim
2570 4837 2724 4890 modo
2752 4841 3063 4904 operatur'.
3095 4831 3400 4885 EtAristo-

160 4914 286 4969 teles
316 4915 445 4969 illud
484 4918 708 4972 dubium
736 4921 897 4974 aliter
924 4922 1119 4989 solvit,
1154 4927 1277 4980 dum
1308 4928 1405 4992 ait,
1467 4930 1650 4982 omnia
1705 4931 1773 4984 ab
1839 4932 2073 4985 invicem
2097 4932 2257 4994 oriri,
2288 4939 2341 4983 et
2375 4930 2534 4999 hujus
2560 4927 2963 4996 corruptionem
3004 4922 3233 4977 alterius
3280 4930 3403 4973 esse

158 5008 578 5075 generationem,
602 5022 656 5067 et
691 5015 915 5071 alterius
937 5024 1344 5089 corruptionem
1388 5026 1547 5093 hujus
1586 5043 1707 5083 esse
1741 5028 2172 5098 generationem,
2225 5034 2280 5080 et
2307 5026 2387 5079 sic
2415 5023 2696 5091 subjungit
2748 5020 3038 5085 rationem,
3076 5033 3145 5071 ne
3192 5014 3401 5069 scilicet

158 5099 359 5154 deﬁciat
388 5106 693 5171 generatio.
711 5107 846 5162 Cum
891 5120 1077 5166 autem
1103 5122 1278 5169 status
1304 5118 1375 5171 sit
1416 5130 1473 5172 et
1520 5130 1698 5175 motus
1729 5122 1971 5175 omnium
1995 5119 2162 5181 Deus,
2190 5133 2355 5185 supra
2378 5117 2668 5169 stationem
2721 5122 2777 5167 et
2825 5111 3123 5165 motionem
3159 5105 3395 5171 exsistit,

159 5200 404 5259 tanquam
435 5210 547 5250 rem
580 5198 881 5266 quamlibet
910 5202 961 5255 in
984 5206 1201 5274 propria
1226 5208 1437 5263 ratione
1481 5209 1724 5273 ﬁrmans,
1764 5221 1817 5265 et
1852 5223 2076 5264 movens
2115 5211 2184 5264 ad
2256 5209 2536 5278 propriam
2577 5206 2909 5267 motionem;
2986 5200 3191 5254 idcirco
3231 5195 3386 5259 dicit,

155 5299 332 5338 omnes
371 5290 638 5345 stationes
676 5307 740 5345 ac
767 5295 1059 5364 motiones,
1101 5299 1218 5354 sive
1262 5300 1581 5367 angelorum
1640 5303 1817 5369 dicas,
1871 5305 1988 5357 sive
2018 5307 2347 5365 animarum,
2407 5301 2523 5354 sive
2590 5311 2903 5365 corporum,
2966 5309 3036 5350 ex
3078 5292 3193 5359 ipso
3237 5294 3383 5341 Sum-

157 5376 401 5433 Mentium
454 5382 621 5451 igitur
669 5388 837 5441 statio
878 5398 997 5453 est,
1058 5392 1261 5446 Iirmari
1318 5395 1376 5451 in
1414 5395 1767 5451 contentione
1800 5395 1868 5451 ad
1927 5397 2117 5459 Deum,
2159 5396 2259 5450 etsi
2294 5394 2615 5463 delegentur
2655 5400 2712 5447 et
2769 5387 3101 5445 descendant
3142 5384 3211 5439 ad
3251 5382 3390 5438 inte-

154 5469 308 5533 riora,
338 5482 396 5524 ut
427 5486 530 5541 ope
556 5475 919 5547 indigentibus
944 5482 1284 5549 provideant.

222 5654 241 5682 τ
269 5645 398 5701 Joan
452 5665 500 5713 ν,
540 5650 625 5703 l7.
