3866 6234
431 282 537 338 767

1604 299 1661 356 S.
1699 298 1855 356 DION
1870 302 1995 358 YSll
2028 305 2495 364 AREOPAGlTxE

3627 310 3751 364 71:8

502 402 691 474 §Vlll.
724 404 860 459 Cum
906 416 1089 463 autem
1140 411 1430 480 triplicitcr
1474 424 1653 472 motus
1699 420 1820 487 (lat,
1875 421 2003 490 ipsis

2185 424 2212 496 §
2247 424 2381 480 νιιι.
2416 426 2566 479 Ἐπεί
2592 426 2649 481 δὲ
2669 425 2873 500 τριχῶς
2893 427 2927 499 ἡ
2949 426 3162 496 κίνησις
3187 426 3419 497 γίνεται,
3446 429 3577 481 ἐστι
3608 429 3752 481 τού-

426 495 597 549 etiam
634 495 828 566 triplex
887 498 976 554 hic
1032 512 1216 557 motus
1261 516 1365 560 est.
1419 505 1719 566 Circularis
1769 514 2015 583 quidem,

430 588 557 642 dum
587 589 795 643 circum
841 593 1119 662 semetipsi
1151 608 1583 667 convertuntur;
1636 616 1816 659 rectus
1860 622 2011 670 vero,

428 678 647 744 quando
706 680 774 733 ad
829 680 1183 739 inferioribus
1240 688 1635 756 providendum
1690 697 2013 762 procedunt.

426 766 565 821 Cum
604 769 750 823 enim
806 771 1062 839 quaelibet
1111 789 1241 829 cura
1278 778 1440 834 linem
1500 782 1697 837 habeat
1726 792 1813 853 (eo
1870 789 2013 856 quod

427 867 581 913 recto
612 868 759 913 motu
808 861 1022 916 cientur
1069 867 1294 923 omnino
1342 870 1506 926 liiiem
1537 874 1790 946 habente)
1821 894 2015 933 secun—

428 949 555 1003 dum
584 952 729 1006 hunc
778 962 1081 1019 moventur,
1116 965 1171 1010 et
1200 963 1517 1028 providendi
1549 976 1732 1034 partes
1756 970 2007 1038 explent;

424 1056 546 1095 cum
591 1058 719 1098 vero
766 1044 817 1098 in
865 1049 1192 1117 semetipsos
1225 1051 1425 1108 iterum
1470 1059 1849 1129 revolvantur,
1884 1078 2013 1118 ecce

425 1133 501 1186 ibi
534 1135 788 1204 obliquus
821 1148 999 1194 motus
1038 1142 1316 1198 subsistit.

493 1272 607 1344 §IX
622 1316 633 1327 .
651 1274 816 1347 396
833 1275 1053 1344 lterum,
1073 1282 1271 1337 animae
1289 1294 1463 1342 status
1483 1299 1565 1343 est
1584 1290 1936 1347 immobilitas
1957 1301 2013 1348 et

422 1365 699 1421 stabilitas
736 1370 971 1437 pr0pria:
1014 1373 1356 1429 substantiae.
1412 1377 1587 1434 Motus
1616 1392 1798 1437 autem
1827 1387 2010 1439 circu-

422 1456 555 1511 laris
605 1460 823 1526 quidem
872 1471 977 1527 est,
1030 1469 1250 1534 quando
1305 1472 1502 1526 mentis
1550 1478 2009 1544 contemplatione

421 1548 616 1614 cietur,
668 1558 723 1604 et
773 1552 826 1606 in
879 1555 1061 1623 seipso
1111 1556 1312 1623 factus,
1357 1577 1422 1614 ex
1469 1566 1784 1622 extrinseco
1819 1584 2009 1624 errore

419 1654 680 1694 scnsuum
714 1647 1152 1715 conglomeratur
1182 1661 1237 1703 et
1275 1652 1512 1719 primum
1559 1659 1610 1709 in
1646 1659 1882 1727 seipsum
1912 1678 2007 1716 co-

418 1733 587 1803 gitur,
619 1749 674 1789 et
700 1738 901 1793 exinde
936 1742 1003 1795 ad
1030 1742 1198 1797 Deum
1234 1748 1643 1803 manuducitur.
1680 1751 1748 1805 Et
1778 1753 1893 1807 haec
1924 1764 2008 1809 est
2041 1790 2083 1848 Β

423 1826 639 1848 Δημὼ,
695 1847 702 1848 γ
826 1834 856 1848 _.
1140 1836 1151 1848 .
1416 1844 1425 1848 -
1697 1846 1723 1848 ν,

418 1826 644 1896 obliqua
694 1834 890 1887 mentis
939 1836 1211 1904 operatio,
1244 1844 1463 1907 quando
1507 1846 1753 1911 procedit
1786 1852 2006 1916 quidem

416 1916 485 1969 ad
518 1932 579 1970 ea
612 1936 734 1986 qua:
765 1925 1062 1978 secundum
1098 1939 1305 1995 partem
1336 1932 1804 2007 exsistunt,capit
1829 1950 2008 1996 autem

416 2007 672 2064 notiones
714 2028 1059 2083 nequaquam
1103 2018 1552 2076 intellectualiter
1591 2036 1645 2079 et
1690 2031 1871 2096 unite;
1910 2034 2011 2090 ltoc

416 2100 564 2153 enim
596 2102 912 2172 angelorum
946 2118 1052 2173 est,
1087 2110 1181 2179 qui
1216 2118 1519 2167 secundum
1545 2120 1797 2175 crebram
1831 2136 2008 2179 muta-

413 2192 617 2247 tionem
637 2210 899 2263 supernas
920 2200 1162 2257 visiones
1175 2220 1239 2259 ac
1259 2206 1652 2267 illustrationes
1676 2213 2007 2287 intelligunt,

410 2282 544 2339 dum
571 2302 667 2353 pro
687 2305 874 2342 eorum
906 2301 1062 2359 captu
1099 2298 1433 2355 revelantur.
1460 2303 1655 2359 Anima
1688 2321 1818 2361 vero
1843 2311 2008 2365 ratio-

414 2378 693 2435 cinatione
715 2391 767 2435 et
792 2386 1133 2453 evagatione,
1162 2386 1213 2441 id
1243 2400 1326 2443 est
1354 2392 1404 2446 in
1433 2394 1787 2461 particularia
1810 2400 2004 2463 divisa,

415 2481 581 2537 atque
608 2488 676 2527 ex
714 2476 1207 2534 communicatione
1232 2483 1520 2539 addisccns
1545 2486 1818 2560 intelligit,
1854 2507 2006 2546 mens

416 2564 563 2618 tnitn
619 2568 683 2619 ad
722 2570 1173 2627 ratiocinationes
1218 2577 1555 2634 descendens
1608 2581 1791 2651 aliquo
1847 2590 2008 2642 modo

418 2657 701 2723 dividitur,
739 2670 793 2714 et
836 2662 1084 2729 pluribus
1127 2670 1536 2735 exemplaribus
1585 2690 1680 2728 seu
1717 2679 2005 2745 speciebus

417 2750 648 2821 indiget,
703 2752 830 2806 dum
871 2756 1012 2809 ratio
1061 2762 1278 2812 modum
1335 2762 1585 2832 inquirit,
1634 2777 1691 2821 ut
1735 2773 2004 2839 exprimat

415 2844 561 2911 quod
590 2844 877 2901 intellexit.
915 2847 1082 2917 Igitur
1122 2852 1306 2906 anima
1338 2859 1672 2914 commistim
1718 2870 1775 2916 et
1826 2872 2005 2917 trans-

417 2936 620 2988 cursitn
652 2951 930 3006 operatur,
961 2944 1125 2996 etiam
1173 2948 1393 3014 quando
1434 2951 1882 3011 intellectualiter
1920 2956 2003 3009 in-

415 3025 631 3095 telligit,
676 3032 944 3097 siquidem
987 3034 1086 3089 hoc
1130 3036 1325 3091 anima:
1373 3043 1655 3113 proprium
1699 3056 1822 3113 est;
1865 3063 2003 3117 qna-

2117 533 2230 581 τοις
2273 518 2366 571 καὶ
2407 518 2468 571 τὸ
2506 518 2719 590 τριττὸν
2760 520 2859 590 τῆς
2905 521 3191 592 κινήσεως.
3237 520 3548 584 Κυκλικῶς
3604 522 3747 591 μὲν,

2117 609 2206 661 ὅτε
2234 611 2361 681 περὶ
2387 612 2612 675 ἑαυτοὺς
2638 612 3056 683 ἐπιστρέφονται
3083 633 3095 645 ·
3132 613 3334 677 εὐθέως
3364 615 3443 677 δὲ,
3476 615 3623 667 ὅταν
3660 617 3750 678 είς

2116 701 2215 770 τὴν
2257 702 2365 754 τῶν
2402 704 2845 775 καταδεεστέρων
2893 705 3114 777 προΐασι
3161 706 3520 778 κηδεμονίαν.
3573 708 3749 759 Ἐπεὶ

2116 794 2224 864 γάρ
2262 795 2464 866 ἑκάστη
2511 798 2808 868 κηδεμονία
2848 799 3000 862 τέλος
3031 798 3165 869 ἔχει,
3197 798 3439 869 (πάντως
3486 800 3599 870 τῆς
3648 802 3746 851 ἐπ’

2116 886 2328 950 εὐθείας
2371 889 2637 958 κινήσεως
2685 889 2833 953 τέλος
2879 890 3154 961 exming
3199 890 3337 943 κατὰ
3374 890 3599 959 ταύτην
3652 909 3744 943 κι-

2116 982 2315 1041 νοῖντο,
2341 981 2433 1032 καὶ
2461 979 2529 1033 τὰ
2554 981 2653 1051 τῆς
2692 983 2945 1053 προνοίας
2976 982 3278 1053 περαίνοιεν
3303 1001 3314 1011 ·
3350 984 3479 1035 ἐπεὶ
3514 983 3579 1035 δὲ
3621 984 3742 1035 τεά-

2116 1071 2198 1124 λιν
2227 1075 2305 1136 είς
2344 1073 2570 1137 ἑαυτοὺς
2601 1073 2984 1141 ἀνακυκλοῦσι,
3014 1076 3107 1129 καὶ
3139 1075 3246 1129 ἰδοὺ
3279 1077 3375 1129 καὶ
3410 1078 3444 1147 ἡ
3485 1077 3743 1127 ἑλικοει-

2112 1160 2209 1233 δὴς
2237 1163 2546 1216 συνίσταται
2568 1164 2799 1236 κίνησις.

2184 1300 2211 1371 §
2255 1300 2348 1355 IX.
2383 1303 2552 1356 Πάλιν
2601 1303 2780 1376 ψυχῆς
2825 1306 3015 1369 στάσις
3060 1305 3123 1358 τὸ
3165 1306 3589 1376 ἀμετακίνητον
3636 1310 3737 1360 καὶ

2111 1392 2325 1463 ἑδραῖον
2362 1394 2464 1465 τῆς
2506 1394 2642 1458 ἰδίας
2678 1398 2886 1461 οὐσίας.
2927 1399 3158 1469 Κίνησις
3204 1398 3261 1451 δὲ
3304 1398 3556 1469 κυκλικὴ
3605 1399 3731 1468 μὲν,

2110 1486 2238 1539 ὅταν
2268 1488 2333 1558 τῇ
2380 1488 2524 1540 κατὰ
2567 1488 2693 1542 νοῦν
2736 1488 2939 1561 θεωρίᾳ
2978 1492 3212 1561 κινῆται,
3258 1493 3351 1543 καὶ
3392 1493 3477 1555 εἰς
3521 1492 3733 1561 ἑαυτὴν

2109 1580 2391 1649 γινομένη,
2439 1582 2503 1633 ὲκ
2542 1581 2641 1651 τῆς
2667 1581 2772 1647 ἔξω
2800 1583 2907 1634 τῶν
2948 1582 3254 1654 αἰσθήσεων
3301 1581 3523 1651 πλάνης
3573 1600 3733 1634 συνε-

2110 1668 2382 1741 λίσσηται,
2435 1673 2529 1724 καὶ
2583 1672 2799 1744 πρῶτον
2827 1676 2906 1738 εἰς
2955 1675 3152 1745 ἑαυτὴν
3206 1676 3542 1744 συνάγηται,
3597 1676 3730 1727 κάν.

2109 1760 2298 1813 τεῦθεν
2348 1762 2616 1832 ἁνάγηται
2665 1763 2804 1833 πρὸς
2859 1763 2991 1815 Θεὸν
3045 1762 3568 1833 χειραγωγουμὲνη,
3616 1760 3730 1812 Καὶ

2109 1851 2269 1905 τοῦτό
2298 1853 2445 1905 ἐστιν
2487 1854 2519 1923 ὴ
2550 1853 2693 1906 κατὰ
2722 1852 2848 1906 νοῦν
2885 1853 3137 1924 ὲργασία,
3170 1850 3468 1922 ἑλικοειδὴς
3508 1850 3591 1914 δὲ,
3636 1850 3728 1901 ὅτε

2112 1945 2327 2016 πρόεισι
2358 1946 2457 2016 μὲν
2483 1948 2563 2010 είς
2589 1946 2658 2000 τὰ
2695 1946 2835 1999 κατὰ
2861 1946 3045 2017 μέρος,
3073 1943 3337 2015 λαμϐάνει
3362 1944 3421 1996 δὲ
3444 1943 3555 2007 τάς
3583 1954 3729 2011 γνω-

2113 2054 2248 2102 σεις,
2285 2038 2407 2109 οὐχὶ
2434 2038 2637 2111 νοερῶς
2674 2039 2768 2092 καὶ
2797 2039 3012 2101 ὲνιαίως
3032 2055 3045 2067 ·
3071 2037 3229 2089 τοῦτο
3255 2035 3363 2107 γὰρ
3395 2035 3511 2087 τῶν
3559 2036 3729 2103 ἀγγέ-

2111 2130 2239 2195 λων,
2273 2132 2466 2195 οἵτινες
2494 2130 2635 2184 κατὰ
2667 2130 2871 2202 ἀθρόαν
2912 2128 3224 2201 μεταϐολὴν
3249 2127 3347 2190 τὰς
3375 2127 3727 2199 ὑπερκειμέ-

2111 2226 2215 2285 νας
2230 2222 2379 2285 θείας
2400 2220 2692 2293 ὲλλάμψεις
2718 2220 2899 2274 νοοῦσι
2932 2220 3073 2273 κατὰ
3100 2220 3160 2272 τὸ
3190 2218 3317 2272 αὐτὸ
3348 2219 3559 2289 μέτρον
3586 2220 3727 2270 ἀπο-

2111 2312 2543 2382 καλυπτομὲνας.
2582 2312 2645 2365 Ἦ
2673 2312 2731 2365 δὲ
2772 2311 2919 2383 ψυχὴ
2960 2311 3214 2380 λογικῶς,
3254 2313 3348 2363 καὶ
3375 2310 3722 2375 διεξοδικῶς,

2109 2403 2388 2455 τουτέστιν
2431 2404 2510 2467 είς
2551 2404 2807 2474 μερικὴν,
2841 2402 3201 2472 μεριζομένην
3240 2402 3332 2453 καὶ
3359 2402 3426 2453 ἐκ
3475 2401 3727 2471 μετοχῆς

2108 2491 2536 2562 διδασκομένην·
2588 2494 2616 2545 ό
2661 2491 2771 2561 γὰρ
2819 2491 2966 2555 νοῦς,
3016 2493 3094 2554 είς
3145 2491 3439 2561 λογισμοὺς
3482 2492 3726 2553 κατιὼν,

2108 2583 2271 2635 οἱονεὶ
2306 2582 2587 2654 μερίζεται
2619 2585 2715 2636 καὶ
2746 2583 2926 2637 δέεται
2959 2583 3053 2636 τοῦ
3096 2584 3183 2636 διὰ
3219 2583 3483 2636 πλειόνων
3536 2600 3727 2654 παρα-

2108 2676 2416 2748 δειγμάτων
2445 2678 2833 2745 διεξοδεύοντος
2860 2678 3020 2747 λόγου
3054 2679 3191 2750 πρὸς
3233 2678 3590 2750 παράστασιν
3619 2677 3723 2729 τοῦ

2109 2771 2420 2841 νοουμένου.
2448 2772 2516 2823 Συ
2527 2771 2778 2842 μμίκτως
2800 2767 2891 2825 οῦν
2924 2772 3139 2843 ἐνεργεῖ
3344 2772 3441 2823 καὶ
3470 2769 3724 2840 μεταϐα-

2108 2862 2297 2927 τικῶς,
2330 2865 2419 2917 ὅτε
2460 2866 2555 2917 καὶ
2588 2863 2792 2935 νοερῶς
2821 2868 2931 2919 νοεῖ
2953 2881 2967 2894 ο
2996 2864 3057 2916 τὸ
3094 2863 3201 2933 γὰρ
3231 2862 3417 2933 νοερὸν
3445 2862 3584 2914 ξδιον
3612 2860 3723 2929 τῆς

2106 2954 2315 3027 ψυχῆςο
2345 2956 2481 3009 διότι
2525 2957 2686 3027 μόνον
2726 2955 2868 3009 αὐτὰ
2901 2959 3011 3009 νοεῖ
3048 2954 3118 3007 τὰ
3158 2952 3603 3025 ὑπερϐεϐηκότα.
3639 2953 3719 3005 Οὐ

2107 3050 2309 3103 νοεῖται
2334 3048 2390 3101 δὲ
2428 3049 2559 3119 παρ’
2590 3049 2803 3113 οὐδενὸς
2828 3048 2967 3101 ὥστε
3000 3044 3140 3101 εἶναι
3180 3047 3275 3099 καὶ
3305 3047 3526 3117 νοητὸν,
3572 3046 3719 3098 πάν·

417 3128 639 3185 pr0pter
666 3121 839 3174 solum
880 3123 1133 3193 intelligit
1158 3142 1221 3180 ea
1257 3142 1376 3195 qua:
1424 3136 1846 3193 transcendunt.
1884 3137 1997 3192 Non

2112 3159 2214 3195 των
2253 3141 2361 3213 γὰρ
2404 3142 2511 3195 τῶν
2552 3142 2761 3213 νοητῶν
2801 3142 3003 3212 ἐσχάτη
3053 3142 3223 3203 ἐστὶν,
3254 3140 3395 3192 ὥστε
3444 3140 3719 3203 τοιούτως

418 3211 742 3283 intelligitur
767 3225 947 3269 autem
975 3218 1044 3270 ab
1069 3218 1278 3287 aliquo,
1305 3236 1369 3275 ac
1398 3223 1444 3277 si
1470 3237 1616 3280 esset
1638 3228 1800 3281 etiam
1835 3230 1999 3285 intel-

416 3302 665 3374 ligibilis,
704 3322 827 3360 cum
859 3308 929 3362 sit
962 3310 1208 3365 omnium
1244 3312 1667 3385 intclligibiliunt
1698 3331 1999 3389 postrema,

415 3400 475 3446 ut
502 3393 583 3448 vel
617 3394 744 3450 hinc
766 3398 931 3451 etiam
962 3398 1319 3470 intelligibilis
1349 3405 1680 3474 appelletur;
1709 3427 1815 3465 non
1841 3427 2003 3468 secus

413 3500 479 3538 ac
510 3494 648 3539 testa
682 3487 734 3540 in
768 3487 1118 3559 inexplebilis
1151 3493 1319 3547 maris
1350 3496 1520 3551 fundo
1550 3501 1845 3556 constituta
1875 3520 2002 3558 sen-

412 3576 588 3631 sibilis
616 3588 720 3641 est,
759 3580 839 3632 vel
869 3582 1051 3649 potius
1083 3584 1316 3652 ipsautet
1365 3604 1506 3657 aqua
1546 3606 1667 3660 quae
1696 3609 1858 3663 supra
1884 3612 2001 3651 cm-

411 3668 493 3722 los
521 3670 728 3724 existit.
760 3671 928 3728 Recto
952 3684 1136 3729 autem
1166 3687 1313 3732 motu
1342 3680 1523 3735 anima
1552 3683 1754 3753 cietur,
1784 3690 2003 3755 quando

415 3761 470 3814 in
501 3766 854 3834 semetipsum
889 3782 999 3819 non
1039 3768 1341 3836 ingreditur
1374 3770 1502 3840 (hoc
1534 3776 1682 3830 enim
1717 3788 1801 3832 est
1829 3780 2006 3833 circu-

411 3852 611 3909 lariter
633 3858 886 3926 moveri),
908 3861 1002 3914 sed
1029 3864 1427 3932 progrediendu
1463 3883 1524 3921 ea
1555 3882 1675 3937 quae
1699 3870 1906 3925 circum
1950 3881 2005 3926 et

413 3957 571 4001 extra
602 3947 776 4017 ipsam
824 3964 953 4007 sunt
986 3956 1324 4022 considerat,
1360 3957 1411 4011 in
1458 3975 1581 4030 qua:
1634 3970 1896 4033 tanquam
1951 3966 2002 4020 in

411 4041 656 4111 symbola
684 4047 931 4113 qttazdam
956 4050 1190 4119 directa,
1223 4070 1291 4108 ex
1331 4057 1416 4111 his
1445 4057 1640 4111 iterum
1676 4067 1825 4112 motu
1856 4069 2005 4114 recto

413 4135 480 4189 ad
516 4134 794 4205 simplices
823 4145 1318 4214 contemplationes
1351 4149 1665 4217 adducitur,
1698 4166 1805 4205 non
1836 4153 2004 4205 ratio-

412 4231 667 4300 cinando,
709 4248 888 4304 neque
918 4238 1277 4295 scientillcam
1317 4243 1585 4297 rationem
1641 4244 1999 4313 inquirendo,

412 4326 567 4391 quasi
611 4328 911 4383 scientilice
957 4333 1323 4387 adduceretur
1366 4354 1376 4389 ;
1422 4350 1547 4388 nam
1582 4337 1662 4391 sic
1715 4338 1883 4391 etiam
1919 4354 2006 4394 res

412 4416 609 4473 divina:
644 4421 959 4477 scicntilicze
982 4426 1279 4494 cognitioni
1316 4428 1692 4498 snbjacerent,
1724 4441 1777 4485 et
1811 4443 1998 4486 uictus

2108 3233 2335 3305 κληθείη
2383 3234 2448 3287 ἂν
2476 3235 2618 3304 αὐτὴ
2659 3234 2845 3305 νοητὴ,
2873 3234 2948 3297 ὡς
2986 3233 3048 3285 τὸ
3080 3232 3185 3285 ὑπὸ
3222 3232 3377 3300 βυθὸν
3424 3232 3717 3302 ἀπλήστου

2108 3326 2380 3397 Θαλάσσης
2408 3326 2658 3398 κείμενον
2693 3326 2977 3397 ὄστρακον,
3010 3324 3345 3395 αἰσθητὸν,ἦ
3396 3323 3603 3393 μᾶλλον
3650 3326 3717 3377 τὸ

2108 3420 2363 3490 ὑπεράνω
2393 3419 2501 3473 τῶν
2528 3418 2777 3489 οὐρανῶν
2805 3418 2971 3489 ὕδωρ.
2998 3419 3135 3470 Κατ’
3160 3416 3376 3469 εὐθεῖαν
3400 3416 3458 3468 δὲ
3485 3418 3717 3488 κίνησιν

2107 3515 2335 3567 κινεῖται
2376 3511 2543 3582 ψυχὴ,
2589 3512 2716 3563 ὅταν
2754 3510 2855 3562 οὐκ
2894 3512 2973 3573 εἰς
3009 3509 3181 3579 αὐτὴν
3227 3508 3491 3571 είσιοῦσα,
3525 3510 3729 3585 (τοῦτο

2108 3604 2217 3673 γάρ
2248 3604 2363 3655 ἐστι
2408 3600 2470 3656 τὸ
2513 3599 2657 3653 κατὰ
2702 3599 2945 3670 κύκλον,)
2974 3597 3111 3651 ἀλλὰ
3145 3598 3410 3669 προϊοῦσα
3456 3599 3532 3651 τὰ
3575 3601 3712 3669 περὶ

2108 3697 2277 3767 αὐτὴν
2302 3697 2497 3766 σκοπῇ,
2525 3693 2618 3747 καὶ
2655 3692 2723 3746 τὰ
2754 3690 2973 3757 ἔξωθεν,
2998 3692 3077 3755 είς
3101 3690 3243 3763 ἅπερ
3266 3691 3492 3761 ἀρθεῖσα
3522 3693 3600 3756 ὡς
3622 3696 3715 3757 εἰς

2110 3787 2173 3841 σύ
2183 3788 2355 3858 μὸολά
2384 3804 2525 3849 τινα,
2551 3786 2617 3838 ὲκ
2650 3784 2856 3839 τούτων
2882 3780 3037 3847 αὖθις
3064 3785 3185 3836 κατ’
3212 3784 3447 3845 εὐθεῖαν,
3476 3786 3575 3837 ἐπὶ
3603 3786 3712 3850 τὰς

2109 3879 2285 3943 ἁπλᾶς
2312 3879 2543 3950 θεωρίας
2577 3879 2843 3949 ὰνάγηται
2870 3879 2929 3930 οὐ
2960 3877 3404 3949 συλλογιζομένη,
3436 3878 3547 3930 οὐδ’
3576 3881 3701 3932 ἐπι-

2110 3972 2433 4044 στημονικὸν
2462 3972 2699 4044 ζητοῦσα
2726 3972 2900 4041 λόγον,
2929 3971 3005 4035 ὡς
3036 3970 3101 4024 ἂν
3145 3971 3523 4041 ἐπιστημόνως
3567 3972 3707 4024 ἁνα-

2108 4064 2284 4135 χθείη,
2313 4062 2475 4135 (οὕτω
2500 4062 2689 4134 γὰρᾶν
2720 4064 2814 4116 καὶ
2839 4061 2905 4115 τὰ
2929 4062 3047 4115 θεῖα
3073 4064 3464 4134 ἐπιστημονικῇ
3494 4061 3706 4132 γνώσει

2109 4157 2417 4223 ὑπέκειντο,
2446 4156 2541 4209 καὶ
2581 4158 2615 4227 ή
2662 4155 2871 4227 κίνησις
2900 4154 2960 4207 οὐ
3007 4158 3129 4207 κατ’
3168 4156 3401 4221 εὐθεῖαν,
3438 4155 3555 4208 ἀλλ’
3588 4156 3705 4208 ἐλι-

2112 4251 2325 4322 κοειδὴς
2350 4249 2558 4317 ἐγίνετο
2582 4265 2594 4277 ·
2616 4248 2636 4320 )
2658 4246 2773 4301 ἀλλ’
2796 4245 2903 4299 ἀπὸ
2927 4247 3159 4311 κτίσεως
3180 4247 3383 4318 κόσμου
3401 4247 3470 4299 τὰ
3488 4248 3707 4320 ἀόρατα

2108 4343 2205 4397 τοῦ
2234 4341 2370 4396 Θεοῦ
2415 4340 2613 4405 ἁπλαῖς
2647 4342 2741 4394 κα)⁵
2780 4340 3019 4403 εὐθείαις
3057 4339 3333 4403 ἐπιϐολαῖς
3370 4342 3463 4393 καί
3496 4343 3703 4394 ἀπολυ-

2112 4435 2515 4506 πραγμονήτως
2544 4432 2760 4498 νοοῦσα,
2791 4434 2931 4505 ὑπὲρ
2964 4435 3141 4487 πᾶσαν
3169 4432 3513 4503 διανοητικὴν
3546 4434 3701 4498 ἐνέρ-

416 4507 505 4562 ide
526 4510 667 4565 haud
706 4522 909 4578 rectus,
941 4517 1036 4569 sed
1061 4516 1315 4586 obliquus
1348 4530 1516 4574 esset.
1550 4518 1752 4576 Verum
1780 4540 1809 4575 a
1843 4538 1999 4579 crea-

2112 4544 2261 4595 γειαν
2285 4528 2379 4579 καὶ
2406 4526 2702 4591 ἀπόδειξιν.

412 4607 532 4654 tura
565 4606 747 4658 mundi
782 4606 1074 4662 invisibilia
1107 4609 1201 4663 Dei
1238 4612 1582 4681 simplicibus
1613 4626 1701 4685 “et
1766 4618 1930 4672 rectis
1997 4621 2576 4690 appreltensionibus,
2631 4629 2682 4674 et
2741 4635 2848 4673 non
2918 4633 3181 4687 operose,
3231 4616 3512 4672 intellecta
3572 4631 3696 4674 sunt

410 4707 575 4762 supra
620 4712 837 4754 omnem
886 4702 1195 4759 intellectus
1244 4708 1618 4774 operationem
1665 4726 1729 4764 ac
1760 4712 2313 4770 demonstrationem.

484 4785 512 4859 ᾗ
540 4787 606 4843 Χ.
634 4790 835 4847 llarum
870 4797 1033 4866 igitur
1061 4803 1228 4854 trium
1258 4803 1583 4869 motionum,
1609 4807 1822 4862 scilicet
1844 4826 1995 4863 men-

417 4880 550 4933 tium
579 4890 635 4935 et
662 4885 989 4956 animarum,
1021 4898 1073 4945 et
1104 4891 1459 4960 ipsarumniet
1488 4898 1651 4950 trium
1690 4901 1992 4956 motionum

413 4985 533 5037 qua:
564 4971 617 5025 in
648 4975 945 5031 sensilibus
972 4996 1344 5051 reperiuntur,
1377 4997 1434 5041 et
1485 4989 1655 5044 multo
1703 4993 1872 5061 prius,
1903 5010 1995 5049 cu-

409 5059 607 5129 jusque
630 5065 803 5133 angeli
829 5075 887 5121 et
912 5071 1128 5137 animm,
1158 5075 1345 5145 reique
1369 5079 1606 5147 sensilis,
1628 5086 1998 5152 mansionum,

415 5162 472 5206 et
507 5155 825 5220 stationum,
860 5171 913 5213 et
946 5160 1265 5220 lirmitatum
1316 5170 1556 5225 vicissim
1607 5174 1772 5227 etiam
1828 5191 1997 5231 causa

414 5252 499 5296 est
532 5244 693 5301 Deus.
727 5248 1012 5314 Quomodo
1040 5265 1220 5310 autem
1257 5260 1423 5314 multo
1455 5263 1606 5331 prius
1653 5267 1997 5323 mansionum

416 5352 578 5405 quam
604 5340 905 5396 motiOnum
925 5344 947 5397 ἱ)
968 5348 1094 5415 quia
1122 5349 1374 5406 videlicet
1400 5352 1452 5407 id
1478 5358 1621 5424 quod
1651 5368 1835 5412 manet
1862 5375 1999 5428 prae.

415 5435 649 5488 stantius
697 5435 858 5507 397
909 5449 994 5493 est
1036 5455 1100 5495 eo
1133 5446 1278 5512 quod
1328 5459 1618 5516 movetur;
1659 5455 1801 5507 unde
1828 5455 1993 5508 etiam

416 5540 536 5592 quae
564 5529 744 5584 divina
792 5542 937 5598 sunt,
978 5545 1105 5588 sunt
1135 5535 1455 5602 immobilia,
1494 5545 1757 5597 nostratia
1807 5557 1995 5600 autem

419 5620 640 5674 mobilia
670 5633 795 5678 sunt
822 5636 875 5679 et
901 5628 1281 5695 nominantur;
1311 5632 1569 5698 quoniam
1594 5650 1812 5704 quoque
1835 5652 1998 5691 omne

428 5709 478 5760 id
515 5717 657 5778 quod
698 5730 951 5771 movetur
1002 5722 1069 5774 ab
1116 5721 1379 5777 immobili
1429 5740 1717 5790 movetur;
1748 5738 1804 5782 et
1850 5732 1994 5797 quod

427 5807 698 5862 immobile
749 5818 849 5878 est,
898 5828 1005 5867 non
1041 5830 1184 5891 prius
1231 5816 1392 5877 habet
1427 5834 1490 5877 co
1542 5823 1683 5890 quod
1724 5834 1991 5880 movetur.

2178 4812 2205 4883 §
2231 4814 2299 4864 X.
2334 4811 2554 4865 Τούτων
2584 4808 2677 4866 οὖν
2704 4812 2814 4866 τῶν
2836 4812 3006 4884 τριῶν
3035 4810 3234 4881 δηλαδὴ
3261 4809 3553 4880 κινήσεων,
3584 4809 3697 4862 τῶν

2105 4906 2239 4958 νοῶν
2267 4904 2510 4975 δηλονότι
2549 4905 2643 4958 καὶ
2681 4905 2790 4958 τῶν
2830 4903 3038 4974 ψυχῶν,
3080 4903 3174 4955 καὶ
3210 4900 3389 4953 αὐτῶν
3416 4899 3482 4971 δὴ
3505 4900 3614 4953 τῶν
3638 4902 3694 4952 ὲν

2101 5002 2214 5061 τοῖς
2241 4997 2519 5067 αἰσθητοῖς
2558 4997 2726 5069 τριῶν
2755 4998 3044 5066 κινήσεων,
3084 4995 3178 5047 καὶ
3208 4992 3387 5063 πολλῷ
3434 4993 3694 5063 πρότερον

2102 5090 2180 5161 τῷ
2206 5090 2459 5154 ἑκάστου,
2501 5089 2734 5159 ἀγγέλου
2771 5089 3012 5159 δηλονότι
3050 5089 3143 5141 καὶ
3182 5087 3359 5157 ψυχῆς
3386 5087 3485 5139 καὶ
3508 5088 3691 5157 αἰσθηο

2103 5181 2217 5245 τοῦ,
2247 5181 2423 5253 μονῶν
2450 5182 2545 5234 καὶ
2571 5181 2813 5234 στάσεων
2839 5180 2931 5232 καὶ
2956 5178 3236 5249 ἱδρύσεων,
3259 5180 3325 5230 ὲκ
3348 5177 3687 5248 παραλλήλου

2103 5276 2197 5329 καὶ
2231 5273 2391 5337 αὐτὰ,
2419 5273 2589 5327 αἴτιόν
2631 5276 2776 5326 ἐστιν
2820 5276 2849 5326 ὁ
2880 5271 3033 5335 Θεός.
3073 5269 3199 5333 Πὼς
3243 5270 3300 5322 δὲ
3344 5268 3529 5339 πολλῷ
3567 5270 3689 5341 πρό-

2103 5379 2262 5433 τερον
2297 5362 2405 5414 τῶν
2433 5361 2610 5433 μονῶν
2634 5361 2667 5432 ἢ
2695 5361 2806 5414 τῶν
2834 5362 3138 5431 κινήσεων;
3166 5361 3198 5431 ἢ
3238 5358 3489 5429 δηλονότι
3515 5360 3573 5412 τὸ
3599 5360 3687 5429 ps-

2104 5471 2195 5507 vov
2211 5452 2307 5527 τοῦ
2332 5455 2388 5507 ὲν
2406 5456 2618 5524 κινήσει
2636 5453 3028 5524 προτιμότερον
3051 5469 3064 5516 ;
3084 5452 3203 5505 ὅθεν
3217 5453 3312 5504 καὶ
3333 5450 3405 5504 τὰ
3429 5452 3550 5505 θεῖα
3572 5452 3684 5505 ἀκί-

2104 5562 2260 5616 νητα,
2291 5544 2359 5598 τὰ
2383 5546 2441 5598 δὲ
2468 5545 2589 5599 καθ’
2613 5546 2759 5615 ἡμᾶς
2794 5544 3091 5613 κινούμενά
3132 5544 3236 5596 είσί
3283 5560 3343 5595 τε
3370 5545 3470 5598 καὶ
3515 5544 3685 5613 λέγον-

2103 5656 2216 5700 ται,
2249 5640 2343 5691 καὶ
2367 5638 2446 5691 ὅτι
2472 5639 2581 5690 πᾶν
2604 5638 2664 5690 τὸ
2686 5635 3000 5706 κινούμενον
3022 5636 3127 5687 ὑπὸ
3149 5635 3409 5705 ἀκινήτου
3439 5639 3679 5699 κινεῖται,

2105 5730 2164 5783 τὸ
2198 5730 2253 5781 δὲ
2300 5730 2554 5800 ἀκίνητον
2596 5730 2656 5782 οὐ
2703 5729 2891 5800 χρείαν
2918 5729 3031 5798 ἔχει
3070 5726 3162 5779 τοῦ
3191 5726 3539 5796 κινουμένου.
3569 5727 3681 5790 Πῶς

2101 5822 2154 5875 δὲ
2181 5822 2290 5893 ἔχει
2316 5823 2408 5875 καὶ
2434 5823 2489 5875 τὸ
2515 5821 2764 5891 αἰσθητὸν
2789 5818 2885 5883 τὰς
2909 5821 3055 5890 τρεῖς
3081 5819 3341 5889 κινήσεις,
3368 5818 3399 5888 ἤ
3426 5818 3677 5889 δηλονότι,
