3866 6234
136 330 250 387 ’769

714 333 804 388 DE
837 334 1091 393 DIVINIS
1124 333 1523 401 NOMINIBUS,
1559 333 1696 390 CAP
1762 333 1850 388 IV.
1887 365 1957 376 -
1989 333 2338 389 PARAPIIR.
2375 330 2870 391 PACHYMERAZ.

3316 336 3433 389 770

126 449 211 503 τὰ
245 449 349 521 μὲν
380 454 620 522 στοιχεῖα
644 451 744 523 τὴν
771 454 889 506 κατ’
915 453 1128 507 εἰθεῖαν
1155 471 1169 484 ·
1199 454 1261 507 τὸ
1292 454 1391 525 μὲν
1430 452 1562 525 πῦρ,
1591 454 1702 507 ἄνω

1841 448 2123 516 Quomodo
2152 458 2334 504 autem
2385 467 2472 504 res
2503 450 2779 505 sensibilis
2804 458 2921 506 tres
2946 451 3113 507 hasce
3150 453 3425 509 motiones

325 540 353 553 ο

125 541 173 611 ἡ
198 540 256 593 δὲ
286 540 379 612 γῆ,
399 542 551 595 κάτω
575 559 588 572 ·
617 542 677 594 τὸ
695 542 749 595 δὲ
777 543 904 605 πᾶν,
924 542 1021 614 τὴν
1041 544 1228 615 κύκλῳ
1253 562 1265 574 ·
1290 545 1340 597 οί
1359 544 1415 597 δὲ
1441 543 1731 614 πλανῆται,

120 632 237 704 τὴν
264 633 534 705 ἑλικοειδῆ
559 634 696 687 καθὸ
721 636 829 689 ἀπὸ
852 635 959 690 τῶν
983 637 1175 690 νοτίων
1198 639 1290 690 ἐπὶ
1313 636 1382 689 τὰ
1405 636 1612 708 βόρεια,
1639 638 1734 690 καὶ

124 724 248 777 ἀπὸ
277 726 388 778 τῶν
414 725 640 797 βορείων
666 727 759 779 ἐπὶ
780 726 851 781 τὰ
878 728 1027 781 νότια
1048 729 1147 799 τὴν
1172 729 1385 799 κίνησιν
1411 728 1614 799 ἔχουσι,
1640 726 1734 780 καὶ

123 819 216 880 εἰς
253 817 317 869 τὸ
342 818 474 871 αὐτὸ
510 821 734 889 σημεῖον
762 820 924 873 πάλιν
959 820 1436 885 ὲπανακυκλοῦσι;
1476 820 1587 873 Καὶ
1623 820 1733 891 γὰρ

122 907 200 958 ἐκ
227 906 327 959 τοῦ
355 907 490 960 Θεοῦ
517 907 587 960 τὰ
610 909 787 962 πάντα
825 912 919 964 καὶ¹
942 911 1011 964 δι’
1036 909 1223 976 αὑτοῦ,
1252 909 1355 964 κᾶν
1398 911 1609 982 σμικρά
1648 927 1732 974 τις

119 998 303 1065 φύσις
328 996 385 1073 ᾖ,
412 999 514 1054 κᾶν
540 1001 773 1075 μεγάλη,
802 1003 906 1057 κᾶν
939 1003 1026 1075 ἴση
1050 1007 1163 1068 τοῖς
1189 1003 1389 1068 ἄλλοις,
1418 1004 1520 1058 κᾶν
1544 1005 1602 1057 ἐν
1636 1004 1733 1075 μέ-

116 1106 247 1161 τρῳ
274 1092 384 1144 τινὶ
406 1090 717 1164 ὡρισμένῳ,
744 1094 797 1147 αί
836 1094 946 1148 τῶν
972 1095 1303 1166 σωματικῶν
1326 1095 1606 1164 ἀναλογίαι
1635 1114 1732 1167 με-

120 1178 270 1249 ρῶν,
316 1182 373 1233 αἱ
400 1182 678 1253 ἁρμονίαι,
704 1186 761 1237 αί
784 1183 893 1239 τῶν
923 1185 1112 1257 χυμῶν
1137 1186 1382 1258 κράσεις,
1412 1186 1480 1241 τά
1516 1188 1635 1251 ὅλα,
1660 1188 1731 1242 τά

122 1269 305 1341 μέρη,
330 1274 438 1325 πᾶν
463 1272 520 1325 ἒν
544 1274 639 1327 καὶ
664 1275 887 1347 πλῆθος.
924 1278 1079 1330 Ἔστι
1113 1278 1223 1350 γάρ
1248 1280 1342 1333 καὶ
1366 1278 1423 1331 ἒν
1456 1279 1598 1333 κατὰ
1630 1279 1731 1352 τὴν

118 1361 388 1417 σύνδεσιν
408 1363 517 1417 τῶν
541 1365 745 1436 μερῶν,
763 1366 839 1431 ὼς
858 1366 1162 1439 ἅνθρωπος,
1194 1368 1320 1437 βοῦς
1345 1387 1358 1399 ’
1384 1370 1527 1424 ἐστιν
1552 1370 1612 1423 ἓν
1637 1370 1732 1423 καὶ

115 1454 275 1507 κατά
303 1454 401 1526 τὴν
424 1455 519 1509 τοῦ
559 1456 798 1529 πλήθους
837 1459 1050 1525 ἑνωσιν,
1090 1462 1165 1525 ὡς
1203 1462 1393 1533 δῆμος,
1440 1463 1726 1535 ἐκκλησία,

114 1548 360 1619 ποίμνη.
391 1548 464 1600 Τὸ
494 1549 645 1603 ποιὸν
678 1552 929 1615 ἑκάστου,
952 1552 1014 1605 τὸ
1051 1554 1217 1607 ποσόν
1236 1570 1249 1584 ⁸
1292 1554 1453 1608 τοῦτο
1481 1556 1590 1627 γάρ
1612 1558 1729 1609 ἐστι

112 1638 187 1691 τὸ
209 1638 465 1711 πηλίκον,
489 1644 544 1695 αί
568 1642 676 1695 τῶν
699 1645 978 1714 στοιχείων
1000 1647 1273 1699 κοινωνίαι
1298 1648 1391 1700 καὶ⁵
1405 1648 1724 1720 διακρίσεις.

112 1728 285 1783 Καθδ
328 1730 437 1799 γάρ
482 1733 655 1805 ἑτέρῳ
701 1734 921 1789 ἑνοῦται
966 1754 1043 1801 τι,
1094 1734 1472 1794 ἀποδιίσταται
1522 1740 1683 1794 ἀλλου
1710 1757 1723 1774 ·

1843 543 2027 604 habet,
2060 540 2165 596 nisi
2193 543 2319 611 quia
2346 542 2599 596 videlicet
2628 542 2895 597 elementa
2933 545 3152 613 quidem
3189 554 3425 612 rectum,

1842 641 1901 685 ut
1941 632 2090 702 ignis
2136 648 2379 699 sursum,
2408 642 2552 687 terra
2580 633 2860 697 dconsum,
2888 635 3202 688 universum
3237 645 3422 688 autem

1836 724 1940 780 hoc
1989 724 2349 792 circularem,
2405 725 2638 794 pianctrc
2694 740 2825 781 vero
2882 726 3159 796 ohliqmnn
3214 737 3422 780 motum

1838 819 2063 883 habent,
2096 819 2538 888 quandoquidem
2589 821 2658 875 ab
2702 821 2908 876 Austro
2940 836 3130 875 versus
3161 820 3421 881 Boream,

1834 921 1890 967 et
1919 912 2159 967 vicissim
2193 927 2221 964 a
2252 911 2421 966 Borea
2473 928 2666 969 versus
2698 913 2957 968 Austrum
3009 922 3320 979 moventur,
3365 921 3424 966 et

1835 1002 1903 1057 ad
1940 1003 2081 1057 idem
2111 1014 2374 1069 punctum
2408 1004 2587 1059 denuo
2618 1005 3022 1060 revolvuntur?
3048 1004 3330 1073 Siquidem
3353 1020 3422 1057 ex

1835 1094 1947 1149 Deo
1977 1102 2035 1149 et
2055 1110 2152 1164 per
2169 1094 2336 1148 Deum
2365 1104 2491 1149 sunt
2525 1095 2727 1159 omnia,
2751 1094 3101 1164 quantumvis
3131 1100 3323 1146 natura
3350 1092 3422 1145 sit

1833 1200 2024 1257 parva,
2056 1185 2141 1240 vel
2172 1201 2387 1257 magna,
2415 1186 2497 1241 vel
2518 1187 2747 1257 aequalis
2776 1186 2933 1253 aliis;
2980 1195 3036 1240 et
3077 1190 3235 1240 modo
3265 1197 3421 1240 certo

1832 1278 2077 1345 definita,
2103 1294 2491 1348 corporearum
2525 1294 2743 1349 quoque
2765 1279 3002 1348 partium
3029 1278 3419 1347 proportiones

1832 1379 1889 1425 et
1945 1372 2337 1438 congruentia,
2389 1371 2680 1425 hmnorum
2744 1371 3217 1439 temperationes,
3279 1378 3416 1436 tota,

1830 1474 2044 1532 partes,
2072 1478 2234 1518 omne
2264 1480 2432 1517 unum
2462 1475 2511 1517 cl
2547 1462 2861 1517 multitudo.
2908 1463 3005 1517 Est
3054 1472 3237 1516 autem
3286 1461 3415 1530 quid

1830 1571 1996 1611 unum
2038 1558 2339 1611 secundum
2389 1556 2793 1625 colligationem
2841 1555 3102 1625 partium.
3139 1566 3198 1608 nt
3228 1555 3417 1618 homo,

1829 1648 1968 1714 bos;
2003 1658 2058 1703 et.
2090 1658 2176 1705 est
2201 1666 2367 1705 unum
2397 1650 2698 1706 secundum
2741 1647 3416 1712 multitudinisunionem,

1832 1747 1894 1791 ut
1920 1737 2172 1807 populus,
2206 1740 2579 1810 congregatio,
2612 1754 2769 1807 grex.
2802 1737 3080 1807 Cujusque
3124 1739 3250 1792 item
3277 1753 3415 1805 qua-

114 1823 272 1877 κατά
315 1824 425 1896 γὰρ
450 1824 512 1878 τὸ
543 1826 746 1899 θερμὸν
788 1829 850 1882 τὸ
880 1828 993 1902 πῦρ
1018 1830 1096 1901 τῷ
1123 1832 1246 1904 ἀέρι
1290 1833 1596 1906 ἑνούμενον,
1624 1833 1706 1887 τοί

1824 1825 1951 1883 litas
1972 1844 2039 1884 ac
2064 1830 2343 1898 quantitas
2368 1846 2383 1882 :
2406 1831 2507 1884 hoc
2529 1829 2675 1885 enim
2699 1838 2783 1884 est
2808 1833 2989 1898 quale,
3018 1828 3413 1883 elementorum

115 1914 323 1981 ὓδατος
346 1916 659 1989 χωρίζεται.
690 1920 755 1973 Ἦ
775 1921 834 1974 ἐν
856 1924 969 1986 τοῖς
997 1923 1283 1993 μεγέθεσιν
1308 1925 1554 1997 ἀπειρία,
1576 1926 1718 1980 κατά

111 2005 222 2076 τὴν
247 2005 517 2078 διαίρεσιν
541 2026 553 2037 ·
588 2010 621 2080 ἡ
662 2010 720 2063 ἑν
742 2013 853 2075 τοῖς
894 2011 1147 2083 ἀριθμοῖς
1184 2014 1411 2085 ἀπειρία
1451 2015 1593 2069 κατὰ
1620 2018 1721 2088 τὴν

114 2098 423 2169 πρόσθεσιν
442 2117 453 2129 ·
484 2102 589 2153 πᾶν
618 2102 813 2173 πέρας,
831 2106 879 2157 οἱ
903 2106 1287 2176 ἑρμηνευτικοὶ
1310 2106 1457 2176 λόγοι
1481 2109 1718 2174 πάντων,

112 2195 175 2242 αἱ
201 2190 411 2257 τάξεις,
441 2197 496 2245 αἱ
536 2195 671 2266 πρὸς
697 2196 901 2267 ἄλληλα
927 2198 1213 2269 ὑπεροχαὶ,
1243 2202 1393 2253 πᾶσα
1423 2201 1600 2267 οὐσία,
1626 2205 1722 2257 καὶ

112 2283 149 2350 ἡ
179 2281 243 2332 ἐν
287 2283 424 2355 αὐτῇ
451 2283 582 2348 ἕξις,
630 2287 724 2340 καὶ
766 2291 917 2341 πᾶσα
944 2288 1171 2360 δύναμις
1197 2292 1292 2344 καὶ
1327 2291 1601 2364 ἐνέργεια,
1627 2295 1721 2348 καὶ

114 2372 277 2423 πᾶσα
302 2374 577 2445 αἴσθησις,
604 2378 697 2429 καὶ
720 2377 896 2447 λόγος,
928 2382 1022 2433 καὶ
1046 2382 1251 2454 ἐπαφὴ,
1291 2383 1457 2454 ἡγουν
1496 2385 1717 2455 γνῶσις,

112 2466 216 2518 καὶ
243 2468 547 2540 ἐπιστήμη,
575 2473 669 2524 καὶ
715 2475 864 2527 πᾶσα
900 2476 1092 2541 ἑνωσις
1128 2478 1195 2531 δι’
1236 2480 1510 2547 ἀγνωσίας
1551 2500 1721 2554 προσ-

112 2560 398 2616 ϐάλλουσα
419 2568 533 2628 τοῖς
572 2568 867 2639 κρείττοσι,
892 2571 986 2623 καὶ
1007 2573 1115 2625 πᾶν
1139 2572 1218 2637 ὃν,
1259 2572 1317 2637 ἐξ
1338 2575 1524 2638 αὐτοῦ,
1543 2578 1636 2630 καὶ
1660 2578 1720 2629 ἐν

114 2654 298 2725 αὐτῷ,
328 2658 427 2710 καὶ
450 2661 531 2723 εἰς
554 2661 704 2726 αὐτὸ,
732 2664 985 2736 καὶπρὸς
1009 2666 1140 2719 αὐτὸ
1166 2670 1287 2739 ὁρᾷ,
1315 2670 1408 2722 καὶ
1432 2670 1523 2722 ὑπ’
1550 2671 1717 2724 αὑτοῦ

114 2749 432 2820 συνέχεται,
470 2753 564 2806 καὶ
604 2756 662 2806 ἐν
718 2756 868 2828 αὐτῷ
900 2761 1048 2812 πᾶσα
1073 2760 1297 2833 ἀρχὴ,ἢ
1340 2764 1719 2836 παραδειγμα-

114 2842 276 2913 τικὴ,
305 2844 442 2915 πρὸς
468 2846 534 2916 ἦν
556 2846 764 2915 γίνεται
788 2850 849 2902 τὸ
890 2852 1173 2923 γινόμενον
1192 2871 1205 2883 ·
1241 2854 1401 2908 τοῦτο
1424 2856 1481 2908 δέ
1508 2858 1655 2910 ἐστιν
1682 2860 1716 2928 ἡ

117 2935 263 2997 ἰδέα,
290 2938 412 3008 ἦτις
460 2941 577 2994 ἐστί
627 2943 812 3015 νόησις
852 2946 1165 3019 αὐτοτελὴς,
1200 2950 1366 3015 ἀΐδιος
1408 2951 1504 3003 τοῦ
1545 2953 1715 3006 ἀϊδίου

112 3028 262 3080 θεοῦ
289 3045 301 3058 ·
342 3029 376 3101 ἢ
403 3030 613 3104 τελικὴ,
641 3036 738 3087 καὶ
762 3030 832 3107 ἧς
870 3036 1033 3090 ’ἑνεκα
1075 3039 1136 3091 τὸ
1162 3040 1444 3111 γινόμενον
1478 3042 1717 3096 τελειοῦ-

112 3136 210 3171 ται
236 3137 251 3149 υ
292 3120 325 3191 ἤ
353 3125 630 3196 ποιητικὴ,
657 3128 691 3198 ἡ
716 3131 1093 3203 κεχωρισμένη
1119 3130 1214 3185 τοῦ
1240 3132 1677 3204 ἀποτελέσματος
1694 3150 1709 3165 ⁸

112 3209 151 3282 ἢ
176 3212 378 3284 εἰδικὴ,
404 3214 432 3266 ὅ
458 3214 667 3283 γίνεται
690 3217 751 3271 τὸ
773 3220 1058 3291 γινόμενον
1077 3238 1091 3252 ο
1128 3223 1161 3295 ἧ
1202 3223 1567 3294 στοιχειώδης,
1603 3226 1712 3277 olo-

112 3304 201 3357 νεὶ
239 3306 400 3379 ὑλικὴ
426 3308 485 3375 ἐξ
526 3305 586 3363 οὗ
622 3312 1021 3385 ἐνυπάρχοντος
1056 3316 1263 3385 γίνεται
1300 3317 1360 3369 τὸ
1404 3317 1706 3388 γινόμενον.

113 3398 231 3450 Καὶ
278 3402 456 3453 πάντα
491 3403 559 3455 τά
585 3403 713 3457 ὄντα
738 3406 804 3458 ἑκ
826 3406 919 3459 τοῦ
954 3406 1121 3461 καλοῦ
1157 3410 1294 3473 ἐστι,
1320 3409 1413 3461 καὶ
1440 3409 1616 3462 πάντα
1640 3408 1710 3462 τά

112 3490 219 3542 οὐκ
262 3490 391 3545 ὄντα
429 3496 493 3547 ἐκ
536 3497 631 3550 τοῦ
672 3498 839 3552 καλοῦ
886 3500 985 3570 μὲν
1023 3501 1083 3553 οὐ
1122 3500 1394 3571 λέγονται,
1439 3502 1561 3555 οὐδὲ
1600 3503 1709 3575 γὰρ

113 3584 304 3655 ἔχουσι
343 3588 624 3655 σύστασιν,
650 3592 767 3646 ἀλλ’
790 3595 847 3648 ἑν
880 3594 957 3664 τῷ
994 3594 1142 3665 καλῴ
1169 3598 1273 3649 είσι
1297 3613 1311 3626 ·
1349 3596 1565 3665 λέγεται
1600 3597 1710 3670 γάρ

109 3678 175 3730 τὸ
200 3680 368 3733 καλὸν
392 3682 548 3737 τοῦτο
573 3686 1026 3758 ἀφαιρεματικῶς
1054 3690 1162 3743 ἀπὸ
1186 3691 1425 3744 πάντων.

1825 1923 2239 1977 communiones
2256 1938 2320 1977 ac
2342 1921 2737 1976 distinctiones.
2760 1921 3231 1988 Quemadmodum
3264 1920 3415 1975 enim

1824 2004 2028 2083 aliquid
2081 2014 2243 2071 alteri
2298 2014 2502 2078 unitur,
2537 2014 2618 2068 sic
2645 2015 2714 2069 ab
2760 2014 2932 2069 altero
2976 2023 3300 2082 separatur;
3334 2014 3413 2068 sic

1824 2107 1966 2178 ignis
1994 2110 2294 2163 secundum
2336 2110 2576 2165 calorem
2612 2120 2667 2162 et
2694 2110 2806 2163 aeri
2854 2109 3038 2162 unitur
3081 2117 3137 2162 et
3174 2107 3241 2160 ab
3268 2121 3411 2175 aqua

1822 2212 2164 2272 segregatur.
2210 2202 2459 2258 lnlinitas
2510 2204 2563 2257 in
2597 2202 3067 2271 magnitudinibus
3108 2201 3410 2254 secundum

1822 2295 2172 2357 divisionem,
2208 2296 2259 2349 in
2294 2296 2538 2350 numeris
2569 2296 2867 2349 secundum
2900 2295 3258 2358 additionem,
3290 2308 3413 2345 oni—

1822 2389 1908 2444 nis
1933 2389 2077 2449 ﬁnis.
2097 2389 2531 2458 interpretantes
2557 2403 2843 2443 sermones
2868 2385 3132 2450 omnium,
3163 2384 3410 2447 ordines,

1823 2494 2023 2537 mutuae
2050 2484 2409 2547 excelle-mir,
2441 2483 2623 2536 omnis
2646 2481 2979 2543 sub~tantia,
3010 2488 3069 2532 et
3098 2477 3278 2532 omnis
3309 2476 3410 2529 ha-

1821 2574 1969 2630 bitus
2013 2576 2107 2646 qui
2149 2576 2202 2629 in
2227 2591 2290 2631 ea
2335 2585 2439 2640 est,
2474 2586 2530 2630 et
2559 2575 2740 2629 omnis
2788 2574 2870 2626 vis
2914 2581 2969 2627 et
3006 2571 3329 2633 eﬂicacitas,
3354 2580 3411 2625 et

1821 2667 2003 2721 omnis
2036 2682 2252 2730 sensus,
2293 2675 2351 2720 et
2413 2666 2573 2730 ratio,
2630 2676 2686 2719 et
2737 2675 2915 2718 tactus
2969 2664 3086 2716 sive
3141 2661 3309 2725 notio,
3352 2670 3410 2716 et

1820 2759 2073 2822 scientia,
2101 2768 2157 2813 et
2189 2759 2371 2812 omnis
2397 2760 2524 2812 unio
2548 2774 2668 2827 qua:
2696 2773 2793 2825 per
2819 2756 3213 2825 ignorationem
3248 2756 3411 2809 rebus

1819 2851 2042 2920 Optinds
2076 2851 2381 2922 conjungit,
2415 2860 2471 2905 et
2500 2866 2662 2905 omne
2696 2851 2840 2920 quod
2878 2860 2980 2913 est,
3007 2865 3073 2903 ex
3104 2850 3241 2917 ipso,
3270 2858 3327 2902 et
3355 2849 3409 2905 iu

1820 2943 1960 3011 ipso,
1989 2955 2045 2996 ct
2076 2945 2142 2997 ad
2170 2944 2350 3013 ipsum
2397 2954 2504 3010 est,
2537 2953 2593 2997 et
2616 2953 2851 3013 Spectat,
2884 2953 2939 2997 et
2966 2945 3035 2995 ah
3076 2943 3194 3011 ipso
3229 2943 3406 2997 conti-

1820 3047 2003 3099 netur,
2060 3046 2116 3091 et
2159 3039 2213 3091 in
2278 3037 2396 3106 ipso
2448 3038 2635 3092 existit
2686 3050 2848 3088 omne
2902 3035 3229 3103 principium
3288 3036 3408 3089 sivo

1819 3131 2155 3197 exemplare,
2188 3131 2487 3183 secundum
2522 3128 2668 3196 quod
2698 3128 2757 3180 lit
2790 3128 2842 3181 id
2873 3128 3017 3195 quod
3043 3124 3144 3193 ﬁt;
3175 3126 3277 3181 hoc
3306 3143 3407 3180 au-

1820 3230 1926 3274 tem
1958 3231 2041 3275 est
2082 3221 2226 3284 idea,
2266 3236 2389 3290 quae
2432 3229 2519 3275 est
2574 3220 2871 3274 intellectio
2906 3235 3003 3289 per
3028 3234 3088 3273 se
3139 3220 3403 3287 perfecta.

1818 3316 2171 3385 sempiterna,
2210 3300 2530 3383 sempiterni
2596 3312 2729 3381 Dei;
2775 3312 2889 3367 sive
2917 3312 3114 3378 ﬁnale,
3146 3322 3201 3366 et
3250 3312 3407 3380 cujus

1814 3408 1993 3480 gratia
2025 3408 2077 3462 id
2110 3406 2255 3476 quod
2289 3407 2349 3461 lit
2373 3407 2673 3477 perﬁcitur,
2709 3406 2826 3460 sive
2857 3403 3123 3470 eﬂicieus,
3157 3407 3300 3473 quod
3334 3406 3404 3461 ah

1812 3503 2009 3558 effectu
2063 3509 2376 3569 separatum
2422 3511 2540 3566 est;
2591 3500 2707 3553 sive
2757 3497 3007 3560 l'ormale,
3060 3498 3204 3566 quod
3245 3497 3307 3551 ﬁt
3351 3498 3405 3551 id

1813 3601 1957 3667 quod
2003 3598 2360 3667 producitur;
2414 3595 2530 3649 sive
2572 3594 2910 3648 elementare
2952 3606 3048 3646 seu
3096 3592 3403 3659 materiale,

1812 3706 1880 3745 ex
1921 3689 2080 3759 cujus
2119 3686 2379 3756 subjecto
2410 3686 2470 3739 ﬁt
2521 3686 2573 3739 id
2609 3686 2753 3754 quod
2788 3684 2869 3737 tit.
2904 3683 2971 3736 Ει
3013 3684 3196 3737 omnia
3246 3699 3404 3753 qua»

109 3785 337 3841 cunque
390 3787 520 3831 sunt
578 3793 645 3834 ex
712 3782 859 3836 bono
886 3792 1034 3844 sunt.
1090 3792 1146 3837 et
1216 3799 1557 3856 quaecunque
1614 3801 1720 3840 non
1781 3793 1910 3840 sunt
1973 3796 2005 3835 a
2064 3780 2294 3851 pulchro
2350 3779 2572 3848 quidem
2628 3793 2735 3831 non
2807 3777 3273 3842 denominantur,
3324 3777 3404 3831 si-

110 3865 341 3933 quidem
377 3882 483 3923 non
526 3868 731 3925 habent
782 3880 1010 3941 statum,
1043 3874 1138 3929 sed
1182 3877 1238 3930 in
1292 3877 1522 3946 pulchro
1557 3889 1721 3947 sunt;
1764 3879 1967 3934 dicitur
2000 3884 2188 3929 autem
2233 3874 2337 3929 hoc
2380 3872 2675 3944 pulchrum
2708 3872 2777 3925 de
2820 3870 3076 3926 omnibus
3121 3886 3219 3940 per
3249 3871 3403 3927 abla-

111 3961 352 4015 tionem.

184 4054 215 4126 ᾗ
242 4055 336 4107 XI.
392 4052 672 4107 Ἐντεῦθεν
697 4053 967 4108 εἰσϐάλλει
996 4058 1126 4128 περὶ
1164 4056 1386 4130 ἔρωτος,
1414 4060 1510 4114 καί
1535 4078 1700 4132 φησι·

106 4146 293 4199 Πᾶσιν
322 4139 415 4198 οὖν
440 4146 557 4197 ἐστι
591 4145 651 4198 τὸ
676 4144 841 4198 καλὸν
879 4148 971 4199 καὶ
994 4149 1206 4217 ἐφετὸν,
1232 4152 1327 4203 καὶ
1358 4153 1609 4224 ἐραστὺν,
1635 4153 1705 4207 δι’

106 4238 272 4301 αὐτὸ,
301 4240 395 4292 καὶ
409 4238 574 4291 αὐτοῦ
594 4239 886 4305 ἑνεκα,καὶ
913 4242 972 4293 οὺ
990 4241 1057 4293 δι’
1071 4242 1199 4295 ἄλλο
1226 4261 1300 4308 τι,
1321 4245 1413 4297 καὶ
1443 4241 1519 4315 μὴ
1545 4246 1705 4316 μόνον

102 4330 180 4383 δι’
218 4330 385 4383 αὑτοῦ
424 4332 603 4385 πάντα
636 4332 772 4403 πρὸς
811 4332 1015 4405 ἄλληλα
1043 4333 1136 4388 τὸν
1164 4333 1341 4406 ἔρωτα
1388 4335 1591 4406 έχουσι.
1623 4336 1704 4391 Td

108 4422 217 4491 μὲν
237 4420 384 4490 ἥττω
408 4421 517 4475 τῶν
542 4422 867 4493 κρειττόνων
892 4424 1331 4493 ἑπιστρεπτικῶς
1350 4464 1365 4488 9
1392 4425 1462 4478 τὰ
1490 4426 1548 4478 δὲ
1576 4427 1706 4497 ὁμό-

1885 4063 2033 4136 ςχι.
2068 4064 2237 4137 39s
2269 4062 2369 4117 Hic
2401 4062 2469 4117 de
2508 4074 2698 4115 amore
2732 4073 3044 4114 sermonem
3079 4058 3401 4123 introducit,

1813 4171 1877 4210 ac
1907 4157 1987 4210 ait
2015 4173 2030 4210 :
2062 4156 2331 4211 Omnibus
2354 4154 2519 4224 igitur
2536 4152 2837 4223 .pulchrum
2864 4160 2921 4205 et
2952 4150 3313 4205 desiderabile
3341 4161 3399 4204 et

1812 4243 2046 4299 amabile
2072 4253 2158 4299 est
2188 4253 2409 4313 propter
2433 4258 2494 4297 se
2520 4250 2577 4297 et
2605 4242 2688 4295 sui
2719 4257 2908 4305 causa,
2943 4249 2999 4294 et
3027 4256 3132 4296 non
3178 4252 3402 4311 propter

1813 4335 2016 4405 aliquid
2045 4335 2220 4407 aliud,
2265 4344 2321 4389 et
2350 4350 2457 4389 non
2487 4333 2661 4388 solum
2693 4348 2789 4401 per
2820 4348 2878 4386 se
2906 4332 3089 4385 omnia
3137 4334 3205 4386 ad
3254 4333 3400 4386 invi.

1810 4444 1929 4482 cem
1978 4442 2222 4482 amorem
2272 4427 2493 4482 habent.
2530 4426 2595 4479 Et
2644 4426 2903 4480 inferiora
2942 4424 3161 4494 quidem
3211 4437 3399 4480 amant

106 4529 305 4583 στοιχα
344 4513 451 4565 τῶν
493 4514 780 4584 ὁμοταγῶν
824 4515 1178 4581 κοινωνικῶς,
1215 4518 1310 4569 καὶ
1350 4516 1420 4571 τὰ
1467 4517 1703 4590 κρείττω

1820 4517 2116 4586 superiora,
2147 4515 2518 4571 convertendo
2551 4530 2611 4570 se
2640 4515 2708 4567 ad
2733 4530 2797 4569 ea
2822 4532 2839 4581 ;
2872 4523 2932 4568 et
2956 4529 3075 4583 quae
3100 4524 3227 4568 sunt
3250 4513 3399 4581 ejus-

102 4602 223 4654 τῶν
258 4604 494 4674 ἡττόνων
536 4606 932 4678 προνοητικῶς,
982 4608 1118 4661 άλλά
1160 4609 1256 4661 καὶ
1304 4609 1443 4663 αὐτὰ
1493 4611 1703 4665 ἑαυτῶν

106 4695 471 4760 συνεκτικῶς,
518 4696 616 4750 καὶ
662 4697 862 4763 πάντα,
894 4699 1030 4769 πρὸς
1062 4699 1123 4752 τὸ
1168 4698 1332 4752 καλὸν
1376 4701 1471 4754 καὶ
1501 4701 1703 4768 ἀγαθὸν

107 4791 550 4863 ἀπευθυνόμενα,
582 4792 797 4846 ποιοῦσι
820 4793 916 4846 καὶ
940 4792 1220 4863 βούλονται
1241 4794 1341 4847 ὅσα
1363 4794 1579 4847 ποιοῦσι
1609 4796 1704 4849 καὶ

109 4881 400 4952 βούλονται
417 4898 429 4911 ·
456 4881 550 4935 καὶ
573 4881 758 4947 ἁπλῶς
781 4884 960 4937 πάντα
986 4884 1229 4957 ἀλλήλων
1246 4886 1340 4938 καὶ
1357 4885 1564 4939 ἑαυτῶν
1580 4887 1700 4957 ἐρᾷ,

108 4972 211 5025 καὶ
239 4972 270 5023 ό
288 4971 423 5035 Θεὸς
453 4972 669 5025 πάντων
692 4974 814 5045 ἐρᾷ,
844 4975 930 5028 ἵνα
957 4973 1025 5028 τὰ
1057 4975 1235 5028 πάντα
1268 4975 1447 5044 ἀγαθά
1478 4977 1700 5050 ποιήσῃ.

109 5062 214 5117 Διά
239 5064 398 5117 τοῦτό
414 5066 686 5119 ἐστικαὶὸ
699 5067 842 5132 θεῖος
859 5067 998 5138 ἔρως
1029 5070 1123 5122 καὶ
1143 5069 1366 5138 ἀγαθὸς,
1380 5069 1474 5122 καὶ
1496 5068 1703 5137 ἀγαθοῦ

109 5156 443 5229 πράγματος
462 5160 767 5231 ἐπιτηδείου
787 5164 868 5226 είς
884 5161 912 5213 ὃ
924 5162 1149 5230 ἀγαθὸν,
1166 5164 1261 5216 καὶ
1276 5162 1363 5216 διὰ
1384 5162 1445 5215 τὸ
1460 5161 1666 5230 ἀγαθόν
1686 5179 1700 5194 ·

109 5250 203 5304 ῐνα
240 5250 352 5322 γὰρ
394 5250 656 5323 τελειώσῃ
690 5252 785 5305 καὶ
830 5252 1045 5325 συνέξῃ,
1085 5254 1181 5307 καὶ
1216 5254 1441 5327 ἁγιάσῃ,
1473 5255 1700 5325 γίνεται.

112 5339 287 5408 Οὗτος
323 5343 434 5415 γὰρ
460 5346 489 5397 ὁ
517 5342 658 5413 ἔρως
692 5345 873 5399 καὶτὸ
902 5344 1058 5399 θεῖον
1105 5346 1356 5418 ἐκίνησεν
1394 5350 1475 5412 εἰς
1519 5365 1702 5420 παρα-

112 5436 304 5510 γωγὴν
330 5436 491 5508 ἡμῶν
515 5440 611 5491 καὶ
646 5438 921 5511 πρόνοιαν,
946 5440 1034 5494 ἵνα
1062 5442 1156 5493 καὶ
1181 5442 1483 5512 πρακτικὸν
1513 5442 1704 5513 ἑσηται

111 5531 210 5584 καὶ
238 5528 579 5600 κινούμενον,
613 5531 709 5585 καὶ
743 5530 819 5603 μὴ
845 5531 1002 5605 μείνῃ
1032 5533 1243 5603 ἄγονον.
1283 5534 1442 5587 Ἀλλὰ
1469 5551 1706 5606 σημειω-

109 5622 256 5687 τέον,
286 5622 367 5675 ὅτι
398 5622 461 5675 οὐ
487 5620 567 5674 δεῖ
591 5628 879 5694 προσέχειν
918 5627 1037 5688 ταῖς
1066 5624 1298 5691 λέξεσιν,
1330 5624 1466 5679 ἀλλά
1508 5628 1573 5699 τῇ
1613 5626 1704 5679 δυ-

110 5717 276 5787 νάμει
305 5713 399 5767 τοῦ
430 5714 657 5768 σκοποῦ.
680 5715 851 5779 Θείως
873 5716 982 5789 γὰρ
1014 5717 1153 5769 αὑτά
1175 5720 1202 5771 ό
1231 5718 1388 5786 λόγος
1417 5718 1667 5784 διέξεισιν
1685 5735 1699 5748 ⁸

111 5810 233 5864 οὐδὲ
262 5815 373 5881 γὰρ
428 5806 792 5878 πρεσϐεύομεν
832 5806 929 5878 τὴν
976 5809 1287 5880 ἐπωνυμίαν
1335 5808 1427 5861 τοῦ
1479 5808 1700 5878 ἔρωτος,

1808 4610 1928 4663 dem
1954 4609 2186 4671 ordinis,
2212 4617 2405 4662 amant
2444 4611 2526 4664 sui
2561 4608 2785 4672 similia,
2818 4624 2941 4662 cum
2975 4608 3041 4661 iis
3076 4609 3392 4662 communi-

1806 4704 2021 4758 cando:
2062 4712 2117 4758 et
2149 4704 2430 4774 superiora
2476 4701 2762 4766 inferiora,
2794 4700 3131 4770 providendo
3166 4701 3305 4766 illis;
3338 4711 3397 4753 et

1806 4795 2020 4866 singula
2061 4810 2120 4849 se
2165 4796 2305 4866 ipsa,
2339 4793 2721 4850 conservando
2752 4807 2837 4857 se,
2868 4802 2925 4847 et
2954 4795 3136 4846 omnia
3162 4795 3229 4847 ad
3271 4795 3396 4864 pul-

1807 4888 1999 4940 chrum
2025 4894 2082 4940 et
2111 4885 2313 4939 bonum
2348 4884 2553 4937 directa
2588 4880 2800 4937 faciunt
2828 4895 2894 4934 ac
2923 4883 3114 4934 volunt
3137 4895 3396 4950 quaecun-

1807 4993 1914 5049 que
1964 4977 2175 5033 faciunt.
2221 4991 2284 5033 ac
2336 4975 2557 5039 volunt;
2594 4982 2649 5029 et
2700 4972 3042 5043 simpliciter,
3096 4972 3281 5027 omnia
3335 4988 3399 5027 se

1808 5080 2000 5126 mutuo
2038 5081 2097 5127 et
2146 5072 2329 5141 seipsa
2371 5077 2579 5134 amant,
2631 5075 2688 5122 et
2733 5066 2879 5120 Deus
2922 5073 3072 5118 amat
3100 5064 3305 5133 omnia,
3336 5076 3398 5119 ut

1806 5165 1992 5219 omnia
2030 5163 2171 5219 bona
2219 5163 2430 5218 reddat.
2465 5159 2736 5227 Quocirca
2770 5158 2940 5214 etiam
2986 5158 3206 5211 divinus
3234 5171 3397 5212 amor

1806 5267 1863 5312 et
1892 5259 2065 5312 bonus
2107 5266 2212 5322 est,
2250 5265 2306 5311 et
2338 5254 2417 5310 rei
2462 5253 2618 5307 bona:
2666 5254 2734 5308 ad
2766 5253 2966 5308 bonum
3008 5250 3392 5313 conducentia,

1807 5359 1861 5403 et
1898 5358 2121 5419 pr0pter
2152 5349 2396 5413 bonum;
2432 5348 2493 5402 ﬁt
2542 5349 2687 5403 enim
2716 5356 2778 5401 ut
2815 5343 3083 5415 perficiat,
3121 5349 3177 5396 et
3212 5342 3389 5395 conti-

1809 5449 1963 5504 neat,
1990 5449 2044 5495 et
2068 5441 2397 5496 sanctiﬁcet.
2420 5438 2703 5511 Siquidem
2732 5438 2820 5493 hic
2844 5451 3001 5491 amor
3025 5433 3192 5488 etiam
3220 5432 3386 5487 Deum

1808 5535 1980 5588 movit
2013 5533 2081 5587 ad
2116 5534 2286 5589 nostri
2316 5534 2735 5604 productionem
2775 5546 2840 5586 ac
2874 5527 3300 5599 providentiam,
3328 5535 3387 5578 ut

1808 5625 1978 5679 etiam
2025 5636 2214 5696 ageret
2241 5641 2306 5681 ac
2332 5633 2666 5692 moveretur,
2693 5638 2793 5678 nec
2822 5620 3027 5677 sterilis
3053 5630 3383 5674 remaneret.

1808 5716 2118 5773 Notandum
2172 5726 2375 5784 autem,
2430 5732 2539 5773 non
2594 5720 2739 5787 ipsas
2782 5714 3074 5778 dictiones,
3116 5710 3213 5766 sed
3271 5713 3383 5765 vim

1807 5810 1955 5879 scopi
2019 5811 2406 5866 attendendum
2452 5824 2595 5866 esse.
2651 5808 2841 5863 Divinc
2895 5806 3042 5860 enim
3100 5804 3218 5860 haec
3268 5804 3385 5875 ipse
