3866 6234
507 338 603 391 7'71

1680 334 1739 391 S.
1780 334 2085 392 DIONYSII
2118 335 2591 392 AREOPAGITA‘Z

3692 336 3797 389 77?.

502 466 681 505 sermo
703 451 954 521 explicat,
992 467 1096 504 non
1135 451 1279 505 enim
1313 451 1633 506 invocamus
1673 454 1849 523 ipsum
1885 468 2059 507 nomen

2183 453 2259 515 ὡς
2287 454 2334 505 οἰ
2376 452 2636 524 ’Έλληνες
2660 470 2673 482 θ
2708 452 2829 505 οὐδὲ
2859 452 2967 523 γάρ
3014 454 3127 505 ἐστι
3159 452 3318 505 cci-.0
3363 451 3504 505 [διον
3554 450 3680 503 τῶν
3728 464 3792 501 τα

502 546 726 606 amoris.
754 556 809 597 ut
834 545 1097 614 gentiles;
1129 559 1305 613 neque
1338 546 1439 597 huc
1467 546 1743 614 proprium
1776 557 1863 600 est
1890 563 2077 601 eorum

501 638 593 703 qui
632 651 715 689 res
752 637 963 690 divinas
998 637 1299 704 intelligere
1327 637 1573 705 cupiunt,
1604 639 1696 693 sed
1728 654 1889 694 sonos
1911 641 2081 695 exiles

504 742 798 785 auri-tenus
835 732 1150 794 admittunt,
1187 747 1287 785 nec
1317 746 1412 785 eos
1445 732 1775 787 intrinsecus
1808 734 2079 789 admissos

505 822 677 890 ipsam
702 825 936 875 animam
966 835 1256 891 penetrare
1281 825 1489 887 sinunt,
1511 842 1684 893 neque
1710 827 1855 879 scire
1869 827 2074 892 volunt,

502 916 978 984 atqnipollentibus
1028 921 1193 970 etiam
1248 917 1621 984 dictionibus,
1676 935 1799 988 qut?
1848 921 2077 975 multum

498 1008 704 1061 terreni
738 1008 976 1076 sapiunt,
1002 1024 1090 1064 res
1121 1010 1337 1062 divinas
1362 1012 1606 1078 exlirmni
1642 1013 1862 1067 minime
1893 1014 2078 1083 prohi-

498 1100 647 1164 beri;
680 1100 773 1153 sed
808 1102 1004 1156 stolide
1036 1102 1332 1156 elementis
1370 1118 1434 1157 ac
1472 1104 1802 1159 dictionibus
1831 1115 1883 1159 et
1915 1106 2077 1176 sylla-

497 1187 580 1241 bis
634 1188 869 1241 animam
930 1206 1035 1243 non
1097 1191 1527 1259 penetrantibus,
1582 1195 1676 1247 sed
1731 1196 2075 1252 extrinsecus

493 1294 657 1333 aures
700 1278 1023 1334 ferientibus
1068 1282 1315 1335 tenacius
1344 1283 1653 1345 adlnerent;
1681 1301 1743 1339 ac
1773 1288 1816 1340 si
1858 1304 1963 1341 non
2010 1289 2075 1341 li-

491 1383 613 1425 ccat
656 1384 890 1440 quatuor
919 1389 1013 1441 per
1046 1375 1130 1428 bis
1164 1376 1271 1429 duo
1301 1376 1631 1443 significare,
1662 1390 1756 1432 aut
1799 1381 2073 1449 simplices

493 1462 669 1517 lineas
712 1474 912 1517 iectas.
948 1462 1153 1519 Similis
1197 1466 1367 1528 enim,
1399 1468 1509 1518 imo
1539 1468 1729 1522 eadem
1780 1481 1926 1533 sunt,
1956 1472 2073 1525 sive

488 1557 615 1624 quis
664 1557 967 1610 secundum
1012 1558 1303 1611 Cretenses
1349 1559 1600 1611 matriam
1640 1558 1810 1622 dicat,
1845 1562 1958 1617 sive
1990 1578 2073 1617 so-

488 1649 729 1700 cundum
772 1662 871 1701 nos
910 1650 1166 1716 patriam,
1199 1660 1252 1702 et
1282 1650 1360 1702 sic
1386 1650 1454 1703 de
1481 1650 1716 1705 caeteris.
1751 1652 1828 1707 Ne
1856 1653 2069 1723 singula

489 1756 897 1804 recenseamus,
934 1742 1213 1795 sciendum
1240 1758 1341 1795 cur
1370 1743 1549 1796 verbis
1580 1753 1637 1798 et
1666 1745 1915 1799 sensibus
1946 1754 2067 1799 uta—

2183 542 2302 596 θεῖα
2330 548 2469 596 νοεῖν
2495 544 2804 609 ἐθελόντων,
2828 544 2940 597 ἀλλ’
2966 544 3186 597 ἐκείνων
3207 544 3313 596 τῶν
3344 545 3475 606 τοὺς
3508 544 3694 613 ἤχους
3718 542 3793 593 δε-

2181 636 2427 705 χομένων
2459 638 2618 708 μέχρι
2646 638 2753 690 τῶν
2775 638 2947 699 ὄντων,
2979 640 3071 691 καὶ
3097 638 3414 700 ἀδιαϐάτους
3439 636 3662 702 ἔξωθεν
3692 635 3789 703 τῆς

2180 727 2358 799 ψυχῆς
2390 730 2723 799 συνεχόντων
2758 730 2969 793 αὐτοὺς,
3002 732 3095 783 καὶ
3130 730 3203 800 μὴ
3252 729 3521 783 θελόντων
3554 729 3785 787 εἰδέναι,

2179 817 2261 869 ὃτι
2306 820 2399 871 καὶ
2438 819 2525 871 διὰ
2575 820 2907 890 ἰσοδυναμων
2952 821 3150 886 λέξεων
3212 820 3343 873 πολὺ
3397 822 3458 874 τὸ
3527 821 3784 891 χαμηλὸν

2178 909 2417 979 ἐχουσῶν
2445 911 2505 963 οὐ
2547 910 2867 980 κωλυόμεθα
2917 912 3177 979 ἐκφωνεῖν
3206 912 3303 975 τὰς
3349 911 3507 975 θείας
3561 912 3780 977 λέξας’

2178 1003 2640 1073 προσπασχόντων
2670 1003 2725 1055 δὲ
2752 1005 2993 1075 ἀνοήτως
3019 1004 3301 1075 στοιχείοις
3324 1006 3418 1058 καὶ
3442 1006 3658 1071 λέξεσι,
3690 1007 3780 1058 καὶ

2180 1094 2468 1158 συλλαϐαῖς
2499 1096 2573 1165 μὴ
2600 1096 3003 1160 διαϐαινούσαις
3030 1100 3107 1161 εἰς
3137 1098 3333 1169 ψυχὴν,
3364 1099 3481 1152 ἀλλ’
3513 1098 3626 1164 ἔξω
3676 1117 3776 1151 που

2177 1187 2309 1256 περὶ
2338 1186 2408 1239 τὰ
2436 1180 2549 1239 ὦτα
2574 1186 2985 1257 περιηκούσαις,
3016 1186 3205 1259 ὥσπερ
3226 1190 3275 1241 εἰ
3312 1190 3387 1259 μὴ
3420 1184 3489 1258 ἦν
3527 1186 3655 1251 ἐξὸν
3688 1188 3773 1240 τὸν

2175 1278 2417 1349 τέσσαρα
2459 1278 2634 1329 εἰπεῖν
2683 1278 2772 1330 διὰ
2820 1278 2915 1331 τοῦ
2960 1279 3043 1343 δίς
3070 1279 3244 1349 δύο,ἢ
3278 1280 3345 1332 τα
3393 1280 3773 1350 εὐθύγραμμα

2174 1369 2534 1440 ὀρθόγραμμα
2552 1406 2570 1423 .
2595 1370 2794 1439 Ὅμοια
2813 1370 2922 1443 γὰρ
2944 1372 3037 1423 καὶ
3057 1372 3124 1424 τὰ
3153 1372 3362 1443 αῦτά,ῆ
3397 1373 3499 1442 τὴν
3536 1373 3769 1443 μητρίδα

2176 1460 2316 1514 κατὰ
2348 1463 2476 1525 τοὺς
2518 1463 2745 1533 Κρῆτας
2780 1462 3017 1533 πατρίδα
3063 1466 3234 1517 εἰπεῖν
3286 1464 3408 1516 καθ’
3458 1466 3638 1534 ὑμᾶς,
3681 1466 3765 1517 καὶ

2172 1550 2362 1613 τᾶλλα,
2382 1552 2467 1604 ἵνα
2498 1553 2571 1623 μὴ
2599 1554 2720 1606 καθ’
2738 1555 2965 1608 ἕκαστον
2988 1555 3370 1626 διατρίϐωμεν,
3389 1556 3515 1608 δέον
3547 1557 3761 1617 εἰδέναι,

2173 1643 2254 1695 ὅτι
2281 1648 2393 1707 τοῖς
2424 1644 2601 1713 λόγοις
2646 1646 2733 1699 διὰ
2782 1647 2882 1711 τὰς
2922 1648 3198 1719 αἰσθήσεις
3240 1648 3528 1719 χρώμεθα.
3580 1648 3765 1701 Ἡνξκα

2172 1734 2281 1805 γὰρ
2302 1737 2392 1789 τὸν
2424 1740 2755 1810 προφορικὸν
2776 1740 2963 1793 τοῦτον
2986 1741 3143 1808 λόγον
3174 1739 3432 1810 κινοῦμεν
3461 1743 3603 1812 περί
3630 1760 3765 1806 τινος

488 1848 631 1885 mur.
686 1832 914 1898 Quando
966 1833 1111 1886 enim
1160 1846 1470 1886 Sermonem
1517 1834 1607 1901 qui
1665 1837 2059 1902 pronuntiatur.

2169 1826 2277 1879 τῶν
2313 1828 2603 1898 αἰσθητῶν,
2643 1831 2765 1882 τότε
2811 1830 3010 1897 λέξεων
3060 1833 3153 1884 καὶ
3182 1832 3412 1902 γραφῶν
3452 1834 3555 1884 καὶ
3600 1832 3765 1900 λόγων

488 1940 771 1978 movemus
798 1925 864 1976 de
895 1925 1081 1978 seusili
1115 1925 1323 1993 aliquo,
1356 1938 1467 1978 tum
1498 1926 1834 1983 dictionibus
1859 1940 1913 1983 et
1940 1931 2069 1983 scri-

485 2018 661 2085 ptnris
707 2025 759 2068 et
807 2016 990 2070 verbis
1032 2032 1166 2084 opus
1201 2017 1466 2071 habemus
1490 2020 1555 2071 ad
1583 2018 1722 2085 ejus,
1756 2022 1897 2088 quod
1931 2023 2065 2075 dici-

486 2119 597 2171 tur,
632 2109 1080 2166 declaratioucm.
1110 2110 1165 2163 Si
1213 2118 1395 2164 autem
1447 2111 1633 2163 anima
1687 2127 1715 2164 a
1771 2114 1951 2182 seipsa
1998 2117 2065 2170 ad

486 2200 849 2269 intelligibilia
894 2212 1181 2265 movetur;
1224 2202 1277 2254 in
1331 2202 1502 2256 rectis
1535 2206 1945 2272 operationibus
1971 2223 2065 2261 su-

482 2294 671 2362 perllui
700 2302 977 2347 suntcum
1042 2290 1334 2347 seusiLbus
1381 2310 1598 2361 sensus,
1632 2297 1880 2350 sublimia
1920 2300 2062 2353 enim

484 2388 833 2456 imaginatur.
868 2388 1095 2453 Quando
1125 2398 1304 2444 autem
1338 2390 1619 2444 deiformis
1652 2390 1844 2445 effecta
1897 2392 2063 2447 fuerit

481 2479 881 2531 elevationibus
914 2479 1179 2545 paulatim
1216 2480 1532 2547 proﬁciens,
1569 2491 1734 2551 atque
1773 2498 1870 2550 per
1902 2483 2063 2551 igno-

484 2576 593 2617 tam
626 2567 881 2619 uniouem
906 2567 1300 2622 intellectioues
1322 2584 1448 2623 suas
1474 2570 1525 2623 in
1552 2570 1833 2625 inaccesso
1861 2572 2064 2629 lumine

481 2657 755 2721 habuerit,
792 2666 903 2709 tum
952 2658 1121 2711 etiam
1159 2659 1524 2729 intelligibiles
1553 2664 1907 2731 operationes
1938 2674 2063 2718 sunt

481 2747 789 2816 superﬂuae,
822 2751 961 2803 sicut
991 2758 1044 2803 ct
1075 2764 1285 2813 sensus,
1322 2753 1579 2820 quoniam
1632 2756 1715 2809 his
1743 2757 2062 2811 sublimiora

477 2844 686 2909 cogitat
721 2844 898 2896 anima
925 2844 1036 2912 jam
1073 2844 1181 2897 Deo
1227 2846 1401 2897 unita.
1431 2828 1603 2916 399‘
1625 2849 1848 2913 Quando
1878 2859 2060 2904 autem

482 2950 638 2990 meus
660 2936 807 2988 humi
842 2938 1082 3003 repentia
1110 2952 1203 2990 seu
1240 2940 1523 2991 terrestria
1554 2940 1976 3005 iiuagiuatur,et
2008 2944 2060 2997 in

478 3026 665 3081 seusili
700 3024 882 3093 aliquo
922 3026 1124 3079 moveri
1160 3029 1363 3091 studet,
1402 3040 1531 3083 tunc
1558 3029 1819 3085 clariores
1855 3046 2061 3086 sermo-

480 3134 601 3182 nes,
629 3126 683 3171 et
722 3133 843 3185 qua;
885 3118 936 3171 in
977 3118 1137 3171 rebus
1169 3118 1473 3172 visibilibus
1507 3123 1742 3174 maxime
1774 3123 2057 3192 perspicua

476 3219 625 3271 sunt,
658 3210 890 3274 seligere
918 3219 1155 3277 oportet,
1183 3213 1387 3279 quippe
1421 3212 1633 3283 quando
1661 3212 1748 3265 illa
1791 3228 1914 3281 qua:
1936 3230 2059 3269 sen-

474 3302 629 3355 sibus
653 3300 861 3367 objecta
888 3311 1013 3356 sunt
1046 3302 1268 3357 minime
1302 3304 1530 3372 quuent,
1557 3314 1612 3358 et
1645 3304 1877 3359 obseura
1909 3308 2060 3362 exsi-

473 3401 652 3457 stunt,
686 3403 799 3447 tum
847 3394 1035 3461 utique
1068 3409 1261 3449 sensus
1294 3410 1355 3447 ea
1385 3410 1505 3464 qua:
1541 3406 1857 3462 occurrunt,
1888 3399 2056 3453 menti

474 3487 761 3555 porrigere
793 3501 897 3539 non
931 3496 1086 3540 recte
1120 3495 1394 3554 poterunt.

544 3577 572 3648 §
608 3576 716 3631 XII.
762 3578 869 3633 Sed
910 3593 978 3633 ne
1025 3578 1139 3632 haec
1182 3579 1365 3633 dicere
1406 3578 1686 3634 videamur
1730 3581 1796 3633 ad
1837 3580 2054 3635 divinas

475 3668 792 3737 Scripturas
815 3671 1209 3735 immutandas,
1229 3672 1459 3740 agedum
1493 3687 1561 3725 ex
1589 3673 1721 3741 ipsis
1748 3672 2055 3744 Scripuiris

474 3765 687 3816 a‘moris
735 3778 931 3817 nomen
971 3773 1304 3817 astruamus.
1328 3765 1560 3817 Adducit
1596 3766 1834 3833 igiturin
1861 3775 2053 3820 testem

473 3856 649 3921 ipsum
698 3854 1047 3910 Salomonein
1079 3864 1133 3909 et
1164 3872 1418 3925 maguum
1452 3856 1717 3926 lgnatium
1739 3898 1754 3922 ,
1786 3868 1841 3913 et
1878 3860 2054 3914 denuo

473 3946 864 4013 Salomonem,
908 3947 1060 4015 cujus
1102 3949 1265 4003 etiam
1306 3951 1473 4003 verba
1521 3951 1825 4005 divinorum
1878 3952 2053 4008 intro-

473 4040 761 4093 ductiones
795 4038 1139 4093 oraculorum
1166 4049 1220 4094 et
1253 4041 1473 4093 umbras
1499 4043 1689 4109 gratim
1713 4057 1831 4095 esse
1857 4043 2047 4110 tradit;

472 4144 541 4183 ne
580 4128 710 4196 quid
741 4129 901 4197 igitur
930 4142 1028 4182 uos
1087 4129 1138 4182 in
1178 4131 1279 4182 hoc
1306 4139 1510 4183 terreat
1543 4129 1621 4183 vel
1650 4131 1949 4199 perturbet,
1980 4133 2054 4185 si-

471 4222 690 4288 quidem
726 4220 983 4289 theologi
1044 4235 1335 4274 commune
1400 4231 1625 4276 censent
1679 4237 1801 4277 esse
1856 4238 2049 4277 nomen

469 4315 674 4369 amoris
703 4322 758 4368 et
802 4314 1139 4377 dilectionis;
1172 4313 1471 4379 quinetiam
1513 4314 1756 4366 nonnulli
1816 4314 2050 4369 divinius

466 4425 590 4465 esse
620 4418 815 4479 putant
845 4422 1038 4462 nomen
1064 4406 1288 4469 amoris,
1318 4414 1576 4473 tanquam
1613 4406 1912 4473 occultius,
1945 4408 2049 4463 sic-

468 4514 530 4556 ut
575 4504 744 4556 etiam
794 4501 966 4568 magis
1018 4500 1304 4554 absonum.
1340 4497 1611 4563 Quantum
1650 4498 1794 4552 enim
1834 4498 2049 4555 videtur

469 4593 728 4647 indecens
757 4602 813 4645 et
842 4589 1043 4646 divinis
1097 4606 1203 4643 non
1238 4588 1592 4653 conveniens,
1623 4598 1829 4644 tantum
1875 4602 1959 4646 est
1995 4601 2052 4646 et.

468 4684 781 4748 occultum.
828 4685 956 4739 dum
1003 4684 1297 4752 quzerimus
1334 4681 1606 4750 quomodo
1659 4691 1713 4735 et
1762 4698 1926 4752 quam
1982 4685 2049 4740 ob

473 4792 695 4831 causam
727 4777 805 4831 sic
834 4786 1078 4831 vocetur.
1107 4775 1241 4829 Cum
1277 4775 1379 4828 hoc
1407 4774 1620 4843 itaque,
1657 4784 1715 4829 ut
1745 4774 1911 4829 Deum
1952 4776 2047 4830 de~

472 4876 583 4931 cet,
612 4882 642 4920 a
675 4867 831 4921 nobis
865 4867 1070 4919 dictum
1106 4865 1200 4931 sit,
1231 4864 1421 4934 vulgus
1451 4863 1728 4918 hominum
1748 4905 1762 4929 ,
1784 4880 1907 4918 cum
1938 4880 2046 4920 non

468 4960 649 5029 capiat
678 4958 1114 5012 unil‘ormitatein
1157 4957 1407 5011 amatorii
1457 4956 1693 5009 nominis
1724 4955 1922 5021 divini,
1962 4957 2047 5010 vel

467 5051 770 5107 secundum
802 5064 965 5117 quam
1000 5049 1141 5102 Deus
1173 5058 1324 5101 amat
1376 5046 1579 5113 omnia,
1606 5048 1699 5115 qui
1735 5057 1817 5101 est
1856 5047 2050 5101 unicus

468 5155 525 5200 et
566 5142 829 5212 simplex;
858 5151 915 5195 et
954 5156 1117 5209 supra
1151 5140 1336 5195 omnia
1391 5155 1566 5206 amor,
1596 5155 1770 5208 neque
1800 5149 1883 5193 est
1910 5140 2039 5194 divi-

469 5252 565 5293 sus
597 5237 650 5290 in
681 5235 819 5289 ﬁnes
852 5233 1083 5297 multos,
1129 5234 1224 5286 sed
1266 5234 1319 5285 in
1379 5247 1585 5296 unum,
1633 5232 1758 5285 dum
1796 5232 2048 5286 omnibus

469 5333 609 5387 bene
652 5328 820 5396 facit;
866 5328 953 5381 vel
1001 5326 1302 5381 secundum
1343 5344 1503 5393 quam
1539 5340 1636 5381 nos
1681 5328 1852 5396 ipsum
1898 5341 2046 5379 ama-

467 5439 625 5491 mus;
664 5437 789 5476 nam
820 5421 986 5474 etiam
1022 5420 1109 5473 ltic
1138 5434 1291 5473 amor
1322 5418 1465 5472 illius
1489 5420 1775 5471 uniformis
1800 5433 1921 5471 esse
1945 5417 2042 5472 de-

467 5518 583 5582 bet,
625 5514 781 5584 j‘uxta
826 5512 996 5567 illud:
1031 5511 1225 5580 Diliges
1265 5511 1549 5564 Dominum
1589 5510 1757 5563 Deum
1804 5519 1950 5563 tuum
1979 5527 2042 5564 ea:

454 5614 580 5658 .tota
601 5614 769 5658 mente
790 5614 906 5667 tua,
933 5617 981 5655 et
1009 5616 1075 5654 ea:
1108 5612 1216 5653 tota
1246 5602 1425 5653 anima
1451 5612 1563 5667 tua,
1602 5614 1647 5653 et
1684 5617 1748 5654 ea:
1776 5602 1896 5655 totis
1920 5603 2044 5654 viri-

466 5696 562 5749 bus
592 5697 696 5749 tuis
712 5704 758 5759 ⁸,
792 5695 864 5749 ita
897 5705 957 5747 ut
989 5694 1041 5748 in
1073 5694 1251 5747 anima
1298 5692 1427 5745 nulli
1452 5692 1631 5762 ,alteri
1664 5693 1840 5748 amori
1889 5691 2039 5747 locus

550 5811 578 5843 ³
604 5806 758 5861 Deut.
783 5821 857 5873 v1,
891 5807 943 5871 5;
976 5806 1159 5863 Matth.
1196 5822 1328 5872 xxii,
1357 5808 1443 5863 '57.

2169 1917 2400 1989 δεόμεθα
2441 1920 2575 1991 πρὸς
2623 1922 2854 1992 δήλωσιν
2898 1922 2993 1975 τοῦ
3037 1924 3392 1995 καλουμένου.
3451 1926 3518 1977 Εἰ
3569 1926 3627 1977 δὲ
3679 1928 3764 1994 ἀ;“

2170 2012 2364 2082 ἑαυτῆς
2407 2017 2438 2083 ή
2474 2014 2618 2085 ψυχὴ
2647 2016 2783 2087 πρὸς
2818 2016 2885 2069 τὰ
2918 2017 3081 2085 νοητά
3115 2021 3340 2070 κινεῖται
3388 2017 3477 2069 δια
3512 2019 3627 2071 τῶν
3677 2021 3761 2087 ὀρ-

2170 2104 2279 2158 θῶν
2305 2106 2615 2178 ἐνεργειῶν,
2651 2110 2901 2178 περιτταὶ
2936 2109 3071 2178 μετὰ
3099 2110 3208 2162 τῶν
3253 2110 3541 2179 αἰσθητῶν
3582 2114 3640 2163 αἰ
3688 2115 3763 2163 αἱ·

2169 2197 2387 2267 σθήσεις
2413 2215 2424 2227 ⁸
2472 2199 2651 2270 ὑψηλά
2688 2200 2796 2271 γάρ
2826 2200 3175 2270 φαντάζεται.
3211 2204 3375 2255 ’Ὀταν
3419 2204 3476 2256 δέ
3529 2204 3762 2277 θεοειδὴς

2168 2290 2391 2359 γένηται
2439 2290 2822 2360 προκύπτουσα
2876 2296 2995 2354 ταῖς
3047 2292 3181 2361 μετὰ
3220 2294 3415 2362 μικρὸν
3462 2294 3761 2348 ἀνατάσεσι

2167 2382 2259 2435 καὶ
2280 2381 2348 2433 δι’
2373 2380 2615 2444 ἐνώσεως
2648 2382 2925 2450 ἀγνώστου
2956 2384 3091 2455 πρὸς
3115 2384 3173 2436 τὸ
3198 2385 3494 2456 ἀπρόσιτον
3521 2386 3641 2454 φῶς
3665 2386 3760 2451 τὰς

2165 2473 2421 2537 ἐπιϐολὰς
2454 2473 2572 2546 ἔχῃ,
2601 2474 2720 2526 τότε
2754 2476 2846 2527 καὶ
2876 2477 2929 2528 αἱ
2972 2477 3154 2547 νοεραί
3190 2476 3463 2547 ἐνέργειαι
3510 2480 3761 2549 περιτταί

2165 2568 2323 2627 εἰσιν,
2360 2565 2435 2628 ὡς
2462 2568 2556 2618 καὶ
2588 2568 2639 2617 αἰ
2667 2566 2968 2637 αἰσθήσεις,
2999 2568 3180 2638 ἐπειδὴ
3203 2569 3269 2621 τά
3297 2569 3613 2639 ὑψηλότερα
3638 2570 3763 2623 τού-

2164 2672 2272 2709 των
2301 2658 2333 2725 ή
2363 2656 2509 2726 ψυχὴ
2538 2655 2845 2718 διανοεῖται,
2876 2657 3058 2710 λοιπὸν
3104 2660 3355 2728 ἡνωμένη
3403 2658 3549 2726 Θεῷ.
3589 2660 3759 2711 Ὅταν

2164 2751 2221 2804 δὲ
2267 2755 2295 2805 0
2329 2753 2453 2816 νοῦς
2484 2750 2796 2823 χαμαίζηλα
2838 2750 3138 2821 φαντασθῇ,
3175 2750 3269 2802 καὶ
3294 2752 3421 2821 περί
3463 2767 3615 2812 τινος
3651 2752 3761 2804 ἀπὺ

2162 2848 2269 2900 τῶν
2321 2846 2595 2918 αἰσθητῶν
2650 2846 2855 2917 σπεύδῃ
2897 2844 3205 2913 κινηθῆναι,
3233 2844 3352 2895 τότε
3407 2846 3537 2908 τοὺς
3591 2863 3760 2914 σαφε-

2165 2938 2385 3008 στέρους
2414 2937 2603 3005 λόγους
2649 2938 2742 2989 καὶ
2784 2936 2853 2987 τα
2899 2935 3197 3005 τρανότερα
3235 2935 3343 2987 τῶν
3388 2937 3608 3006 ὁρατῶν
3649 2937 3759 3006 χρὴ

2163 3031 2541 3098 ἐπιλέγεσθαι·
2567 3030 2699 3083 διότι
2724 3028 3073 3100 ἀτρανώτων,
3098 3030 3189 3081 καὶ
3218 3029 3425 3099 ἀδήλων
3446 3029 3561 3082 τῶν
3586 3049 3761 3102 παρα-

2164 3120 2430 3191 κειμένων
2459 3123 2576 3183 ταῖς
2608 3119 2920 3189 αἰσθήσεσιν
2945 3118 3113 3171 όντων
3143 3118 3261 3171 οὐδὲ
3287 3118 3425 3170 αὐτὰ
3461 3121 3517 3171 αἱ
3554 3121 3756 3193 αἰσθή-

2166 3230 2279 3277 σεις
2309 3213 2627 3284 δυνήσονται
2667 3211 2848 3275 καλῶς
2890 3213 3236 3283 παραστῆσαι
3276 3210 3353 3281 τῷ
3381 3212 3459 3283 νῷ
3497 3212 3574 3266 τὰ
3621 3215 3761 3268 ὑπο-

2163 3304 2409 3375 κείμενα.

2233 3573 2259 3644 §
2300 3576 2415 3627 ΧΠ.
2459 3574 2603 3645 Πλὴν
2652 3576 2740 3630 ἵνα
2793 3574 2867 3645 μὴ
2916 3572 3165 3644 δοκῶμεν
3197 3572 3630 3644 παρακινοῦντες
3682 3576 3756 3629 τὰ

2162 3664 2279 3717 θεῖα
2310 3665 2484 3733 λόγια,
2518 3666 2617 3733 ἀγε
2645 3666 2753 3719 ἀπὸ
2788 3665 2898 3718 τῶν
2942 3663 3173 3735 Γραφῶν
3206 3666 3653 3735 παραστήσωμεν
3689 3670 3754 3720 τὸ

2157 3757 2251 3811 τοῦ
2284 3758 2484 3829 ἔρωτος
2522 3758 2712 3829 ὄνομα.
2748 3758 2907 3828 Φέρει
2942 3755 3073 3825 γοῦν
3107 3756 3197 3808 τὸν
3230 3756 3551 3824 Σολομῶντα
3604 3758 3751 3830 μάρ-

2156 3868 2295 3920 τυρα
2319 3891 2333 3916 ,
2365 3852 2459 3904 καὶ
2490 3851 2581 3903 τὸν
2614 3850 2787 3921 μέγαν
2824 3851 3080 3918 Ἰγνάτιον
3102 3866 3115 3878 ’
3152 3849 3246 3901 καὶ
3276 3848 3435 3902 πάλιν
3466 3849 3559 3900 τὸν
3590 3850 3753 3903 £07.0-

2160 3943 2346 4013 μῶντα
2369 3983 2383 4007 ,
2418 3937 2478 3996 οῦ
2506 3945 2600 3995 καὶ
2636 3942 2702 3995 τὰ
2740 3945 2960 4014 ῥήματα
2990 3942 3407 4013 προεισαγωγὰς
3438 3942 3548 3994 τῶν
3583 3942 3753 3995 θείων

2156 4034 2346 4102 λογίων
2382 4035 2579 4103 φησὶν,
2622 4034 2698 4097 ὡς
2740 4034 2897 4097 σκιὰς
2929 4035 3027 4105 τῆς
3061 4036 3282 4105 χάριτος
3307 4052 3319 4063 ·
3362 4034 3499 4087 ὥστε
3550 4038 3624 4105 μή
3658 4053 3751 4100 τις

2156 4128 2301 4197 ἡμᾶς
2334 4126 2705 4195 δεδιττόμενος
2735 4126 2829 4179 καὶ
2859 4126 3109 4194 ἐκφοϐῶν
3144 4127 3440 4196 θορυϐείτω
3465 4129 3595 4197 περὶ
3621 4129 3751 4180 τού.

2153 4236 2280 4271 του·
2322 4220 2369 4270 οἰ
2399 4218 2507 4288 γάρ
2546 4218 2784 4287 θεολόγοι
2835 4218 3013 4271 κοινὸν
3048 4218 3218 4289 ὄνομα
3249 4219 3487 4272 τίθενται
3532 4220 3595 4271 τὸ
3642 4222 3747 4291 τῆς

2153 4312 2373 4383 ἀγάπης
2399 4312 2492 4363 καὶ
2523 4311 2583 4363 τὸ
2614 4310 2707 4363 τοῦ
2737 4311 2936 4383 ἔρωτος
2968 4352 2982 4375 ,
3006 4312 3150 4373 τινες
3172 4310 3227 4362 δὲ
3250 4310 3456 4361 τούτων
3479 4311 3577 4362 καὶ
3600 4311 3745 4364 θειό-

2153 4421 2306 4473 τερον
2329 4403 2501 4473 ὄνομα
2527 4403 2764 4455 τίθενται
2791 4402 2852 4455 τὸ
2869 4402 2961 4454 τοῦ
2992 4401 3213 4471 ἔρωτος,
3235 4400 3310 4465 ὡς
3338 4404 3744 4472 κρυφιωδέστεο

2157 4512 2266 4566 ρον,
2302 4494 2436 4547 καθὸ
2469 4495 2562 4547 καὶ
2588 4492 2952 4565 ἀτοπώτερον.
2981 4496 3142 4546 Ὅσον
3181 4494 3288 4563 γὰρ
3327 4494 3579 4565 ἀπρεπὲς
3622 4499 3745 4565 φαί-

2158 4604 2305 4639 νεται
2331 4587 2424 4639 καὶ
2453 4588 2563 4649 τοῖς
2609 4585 2770 4649 θείοις
2794 4586 3015 4656 ἀπᾷδον,
3044 4585 3293 4638 τοσοῦτόν
3324 4589 3440 4638 ἐστι
3477 4589 3576 4640 καὶ
3606 4589 3740 4659 κρύ-

2158 4698 2280 4750 φιον
2301 4722 2314 4744 ,
2349 4679 2653 4751 ζητούντων
2680 4680 2835 4751 ἡμῶν
2858 4720 2872 4744 ,
2903 4680 3050 4742 ὃπως
3094 4680 3184 4731 καί
3220 4677 3285 4732 δι’
3310 4678 3378 4748 ἣν
3416 4678 3518 4749 τὴν
3563 4680 3743 4733 αἰτίαν

2155 4773 2296 4826 οὓτω
2316 4773 2551 4842 λέγεται.
2577 4772 2779 4825 Τούτου
2805 4770 2934 4840 γοῦν
2960 4769 3275 4839 θεοπρεπῶς
3307 4771 3435 4840 παρ’
3464 4770 3629 4840 ήμῶν
3658 4771 3741 4823 λε-

2155 4870 2387 4939 γομένου
2414 4909 2428 4932 ,
2465 4868 2531 4921 τὰ
2566 4866 2745 4938 πλήθη
2784 4866 2857 4937 μὴ
2906 4866 3227 4936 χωρήσαντα
3264 4863 3325 4916 τὸ
3369 4864 3609 4927 ἐνοειδές
3646 4865 3739 4935 τῆς

2154 4961 2424 5031 ἐρωτικῆς
2450 4960 2773 5030 θεωνυμίας,
2798 4958 2830 5028 ἢ
2851 4956 2971 5011 καθ’
2995 4957 3061 5026 ἢν
3084 4958 3111 5008 0
3134 4954 3265 5018 Θεὸς
3295 4956 3395 5025 ἐρᾷ
3422 4954 3537 5007 τῶν
3570 4956 3740 5008 ἀπάν-

2152 5071 2280 5116 των,
2309 5054 2336 5105 ὁ
2359 5054 2555 5115 ἐνιαῖος
2574 5092 2588 5115 ,
2619 5051 2712 5104 καὶ
2741 5048 2945 5112 ἀπλοῦς
2964 5088 2979 5111 ,
3012 5047 3107 5100 καὶ
3132 5046 3271 5117 ὑπὲρ
3305 5047 3416 5098 πᾶν
3464 5046 3611 5115 ἔρως
3649 5048 3737 5099 καὶ

2156 5142 2230 5212 μὴ
2256 5142 2649 5211 ὲσκεδασμένος
2678 5141 2757 5201 εἰς
2798 5136 2925 5208 τέλη
2969 5135 3140 5188 πολλὰ
3161 5175 3175 5197 ,
3217 5132 3331 5187 ἀλλ’
3370 5135 3452 5197 εἰς
3485 5133 3544 5186 ἓν
3580 5134 3641 5187 τὸ
3671 5133 3737 5186 τὰ

2152 5234 2329 5287 πάντα
2360 5232 2790 5301 ἀγαθοποιῆσαι,
2826 5230 2858 5300 ἢ
2894 5228 3015 5282 καθ’
3045 5229 3110 5298 ήν
3150 5227 3365 5298 ἐρῶμεν
3410 5226 3580 5279 αὑτοῦ
3603 5245 3617 5257 ·
3648 5227 3737 5279 καὶ

2149 5322 2300 5389 οὗτος
2330 5324 2438 5395 γὰρ
2467 5325 2493 5375 0
2517 5322 2655 5392 ἔρως
2676 5319 2840 5374 αὑτοῦ
2861 5318 3096 5389 ἐνοειδὴς
3120 5315 3393 5385 ὀφείλεται
3418 5312 3564 5369 εἶναι
3600 5319 3734 5371 κατὰ

2149 5418 2211 5471 τό
2234 5434 2247 5448 ⁸
2267 5413 2622 5486 Ἀγαπήσεις
2640 5414 2859 5480 Κύριον
2886 5412 2992 5464 τόν
3009 5411 3156 5465 Θεόν
3184 5426 3300 5463 σου
3337 5408 3408 5472 ἐξ
3444 5408 3603 5477 ὅλης
3632 5409 3737 5478 τῆς

2151 5508 2417 5572 διανοίας
2442 5524 2579 5569 σου,
2606 5504 2702 5557 καί
2729 5504 2798 5567 ἐξ
2829 5502 2979 5570 ὅλης
3010 5501 3119 5571 τῆς
3142 5501 3351 5571 ψυχῆς
3369 5518 3511 5563 σου,
3537 5503 3638 5555 καὶ
3669 5501 3735 5567 ἐξ

2151 5600 2300 5667 ὅλης
2328 5598 2436 5666 τῆς
2462 5597 2673 5666 ἰσχύος
2696 5609 2835 5659 σου,
2858 5595 2932 5665 μὴ
2955 5594 3169 5665 ἔχοντος
3189 5594 3372 5664 χώραν
3390 5594 3585 5665 ἐτέρου
3609 5594 3735 5665 ἔρω-

2150 5710 2241 5756 τος
2273 5694 2330 5746 ἐν
2361 5693 2428 5762 τῇ
2456 5690 2550 5744 τοῦ
2584 5687 2719 5743 Θεοῦ
2747 5685 2929 5761 ἐρώσῃ
2952 5687 3117 5759 ψυχῇ.
3149 5686 3366 5757 Ταύτην
3390 5680 3487 5742 οὖν
3509 5689 3609 5762 τήν
3643 5687 3735 5743 τοῦ
