3866 6234
145 352 263 407 ’175

720 346 809 403 DE
844 345 1099 402 DlVlNlS
1131 345 1530 413 NOMINIBUS,
1571 344 1725 402 CAP.
1762 342 1851 401 IV.
1891 376 1960 388 ——
1991 345 2343 401 PAltAPHR.
2380 344 2859 403 PACHYMERIE.

3328 347 3433 403 7Ἱὸ

149 469 358 538 ἔρωτος
385 464 555 517 θεωνυ
565 464 694 535 μίαν
714 464 783 519 τὰ
805 463 984 534 πλήθη
1007 463 1067 515 οὐ
1092 461 1440 533 χωρήσαντα,
1466 460 1746 528 gemmeo»

1860 462 1929 515 sit
1958 478 2123 532 quam
2157 463 2328 517 amori
2376 463 2582 515 divino.
2637 462 2752 516 Hoc
2800 461 2963 531 igitur
3012 462 3178 517 divini
3232 465 3439 516 amoris

148 561 247 611 ἐπὶ
281 559 372 611 τὸν
406 556 816 627 σωματοπρεπῆ
843 557 939 609 καὶ
971 555 1300 627 διῃρημένον
1323 555 1418 607 καὶ
1454 554 1738 624 μεριστόν·

146 651 313 713 ἄλλος
340 648 450 721 γὰρ
478 648 638 703 ᾶλλου
671 648 772 719 ὲρᾷ
791 688 805 711 ,
836 647 931 701 καὶ
961 646 1116 710 ἄλλος
1156 646 1314 700 ἀλλου
1357 646 1570 716 ἐφίεται
1603 644 1744 697 κατὰ

146 742 249 797 τὸν
284 740 524 795 τοιοῦτον
559 739 758 810 ἔρωτα,
800 739 860 802 ὃς
881 739 982 791 οὐκ
1004 737 1148 790 ἐστιν
1182 737 1388 809 ἀληθὴς
1415 736 1574 808 ἔρως,
1608 735 1743 789 ἀλλά

149 836 359 905 μᾶλλον
380 835 619 899 εἴδωλον,
639 835 673 905 ἢ
700 835 977 898 ἔκπτωσις
998 833 1092 888 τοῦ
1113 834 1259 887 θείου
1288 833 1508 906 ἔρωτος.
1529 834 1615 896 Ὠς
1636 833 1745 905 γὰρ

146 927 184 995 ἡ
221 926 556 996 κομμωτικὴ
585 927 686 996 τῆς
717 926 1095 998 γυμναστικῆς
1122 925 1338 978 εἴδωλόν
1372 927 1507 988 ἐστι,
1532 925 1594 977 τὸ
1623 943 1747 994 φαι-

148 1021 381 1091 νόμενον
414 1019 859 1090 ὲπιχρωννύουσα
898 1020 1113 1083 κάλλος,
1153 1020 1291 1091 ὅπερ
1316 1019 1457 1072 κατὰ
1491 1018 1747 1087 ἀλήθειαν

146 1115 190 1185 ἡ
212 1113 561 1186 γυμναστικὴ
587 1116 747 1177 ποιεῖ,
770 1115 865 1167 καὶ
888 1116 922 1186 ἡ
958 1113 1294 1184 όψαρτυτικὴ
1328 1113 1429 1183 τῆς
1466 1115 1713 1185 ἰατρικῆς
1730 1131 1743 1143 ·

150 1206 301 1259 οὕτω
346 1207 440 1260 καὶ
486 1207 515 1258 ὁ
568 1206 911 1276 σωματικὸς,
962 1204 1164 1277 ἔρωτος
1206 1205 1301 1259 τοῦ
1334 1206 1479 1258 θείου
1529 1205 1747 1259 εἴδωλόν

150 1300 327 1362 ἐστιν,
366 1297 605 1352 ἐκκαίων
641 1300 734 1353 καὶ
769 1293 925 1362 οὗτος
951 1299 1050 1370 τὴν
1077 1298 1276 1369 ψυχὴν,
1317 1298 1433 1352 ἀλλ’
1475 1300 1556 1364 είς
1598 1299 1748 1353 οὐδὲν

148 1390 439 1460 ἀγαπητὸν
469 1390 565 1443 καὶ
600 1391 849 1462 μόνιμον,
896 1391 928 1463 ἢ
970 1389 1168 1461 μᾶλλον
1200 1390 1506 1455 ἔκπτωσις·
1541 1393 1749 1457 ἐκεῖνος

148 1483 265 1554 γὰρ
296 1486 325 1536 ὁ
346 1483 487 1547 θεῖος
521 1483 661 1554 ἔρως
695 1484 894 1547 οἰκεῖός
924 1486 1040 1536 ἐστι
1073 1485 1139 1553 τῇ
1175 1482 1356 1554 ψυχῇ,
1382 1478 1536 1548 οὗτος
1567 1485 1625 1538 δὲ
1658 1485 1751 1537 άλ-

148 1574 369 1647 λότριος
408 1576 505 1628 καὶ
545 1576 832 1638 ἀνοίκειος.
855 1575 1016 1627 Ὅθεν
1051 1575 1267 1645 καὶτῆς
1294 1575 1471 1647 ψυχῆς
1506 1575 1749 1645 φυσικῶς

146 1667 249 1719 καὶ
289 1666 431 1719 κατὰ
474 1666 633 1736 χάριν
668 1666 900 1737 ἐχούσης
933 1666 1182 1735 ἐφίεσθαι
1218 1666 1310 1719 τοῦ
1352 1667 1520 1730 ὅντως
1560 1667 1745 1731 καλοῦ,

148 1758 248 1810 καὶ
285 1758 419 1828 πρὸς
439 1758 530 1809 τὸν
556 1756 713 1828 ζῆλον
748 1757 913 1810 αὑτοῦ
935 1756 1434 1827 διαθερμαίνεσθαι,
1472 1758 1745 1825 ἐγγίνεται

1852 571 2047 609 nomen
2087 556 2280 626 vulgus
2325 574 2429 611 non
2478 557 2809 625 intelligens,
2856 556 2921 608 ad
2963 570 3199 609 amorem
3234 568 3400 620 corpu

1854 666 2003 703 reum
2037 660 2091 704 et
2117 651 2434 705 distractum
2473 665 2537 703 ac
2570 649 2808 702 divisum
2841 649 3105 715 dilapsum
3135 656 3247 712 est;
3296 645 3437 698 alius

1850 744 1996 797 enim
2037 743 2185 797 aliud
2224 751 2407 806 amat,
2458 751 2512 795 et
2541 741 2683 795 alius
2711 742 2855 795 aliud
2888 741 3096 809 appetit
3134 740 3432 795 secundum

1852 836 2157 891 istiusmodi
2206 851 2485 899 amorem,
2521 836 2611 904 qui
2653 850 2757 887 non
2790 845 2873 887 est
2914 850 3074 887 verus
3114 850 3291 897 amor,
3334 834 3432 889 sed

1852 928 2028 997 magis
2072 928 2424 982 simulacrum
2465 928 2547 980 γει
2597 926 2873 996 prolapsio
2902 926 2970 978 ab
2995 941 3182 981 amore
3223 927 3407 980 divino

1854 1017 2007 1072 Sicut
2032 1019 2178 1073 enim
2227 1032 2318 1072 ars
2357 1016 2570 1072 fucandi
2617 1017 2966 1071 simulacrum
3012 1025 3097 1070 est
3145 1018 3279 1071 artis
3330 1032 3432 1087 gy-

1853 1110 2161 1177 tnnasticze,
2194 1110 2321 1165 dum
2350 1108 2478 1164 fuco
2507 1110 2707 1164 coloris
2734 1110 3189 1179 pulchritudinem
3230 1110 3398 1164 menti

1856 1214 1966 1267 tur,
1992 1217 2157 1272 quam
2208 1215 2400 1257 revera
2443 1216 2533 1256 ars
2576 1202 2915 1255 exercitaudi
2945 1210 2998 1254 et
3022 1201 3289 1254 culinaria
3320 1216 3435 1255 me-

1852 1292 2034 1346 dicina
2069 1290 2389 1358 conferunt;
2449 1293 2528 1345 sic
2556 1292 2720 1345 etiam
2755 1307 2913 1345 amor
2942 1306 3238 1359 corporeus
3264 1292 3434 1345 simu-

1854 1386 2061 1439 lacrum
2095 1394 2179 1439 est
2205 1384 2412 1436 amoris
2442 1386 2646 1446 divini,
2700 1399 2822 1438 cum
2882 1382 2970 1437 hic
3001 1384 3165 1437 etiam
3193 1384 3432 1437 animam

1854 1474 2139 1540 accendat,
2183 1476 2276 1529 sed
2318 1475 2385 1528 ad
2432 1475 2568 1528 nihil
2612 1474 2876 1543 diligibile
2921 1489 2985 1529 ac
3027 1474 3262 1537 stabile,
3301 1474 3432 1544 quin

1853 1571 2033 1639 potius
2083 1569 2286 1621 amoris
2332 1568 2515 1635 lapsus
2563 1577 2697 1622 est:
2754 1568 3024 1636 siquidem
3077 1567 3299 1621 divinus
3346 1566 3435 1621 ille

1854 1681 2008 1718 amor
2060 1663 2314 1733 proprius
2352 1671 2438 1715 est
2489 1662 2719 1727 animm,
2762 1662 2849 1714 hic
2894 1672 3075 1713 autem
3130 1661 3341 1715 alienus
3378 1670 3435 1715 et

1854 1765 2168 1809 extranens.
2194 1752 2349 1808 Unde
2374 1754 2538 1807 etiam
2584 1754 2779 1806 animae
2809 1752 3133 1805 naturaliter
3159 1762 3213 1806 et
3238 1768 3404 1806 secuu

152 1850 257 1919 μὲν
297 1818 342 1919 ἡ.
357 1818 580 1919 τοιαύτη
611 1818 791 1920 θέρμη
830 1849 922 1901 καὶ
961 1818 1204 1919 κίνησις·
1242 1848 1383 1920 πλὴν
1417 1818 1675 1903 ἐκπίπτει
1714 1853 1741 1903 ὁ

1851 1848 1977 1899 dum
2028 1851 2263 1917 gratiam
2308 1845 2531 1899 insitum
2567 1855 2685 1908 est,
2718 1854 2776 1897 ut
2805 1858 2991 1897 verum
3020 1844 3185 1915 [σου
3228 1846 3434 1900 bonum

146 1942 281 2005 νοῦς
298 1942 398 2010 τῆς
420 1940 680 2012 ἀληθινῆς
713 1940 967 2012 κρίσεως,
1005 1941 1101 1994 καὶ
1135 1940 1200 1993 δι’
1236 1940 1467 2012 ὀρέξεως
1496 1941 1742 2009 συλαγω-

144 2034 351 2100 γεῖται,
384 2033 479 2085 καὶ
507 2032 569 2084 τὸ
599 2030 823 2102 μισητὸν
856 2031 995 2085 κατὰ
1030 2031 1190 2100 φύσιν
1220 2031 1464 2085 ποθεινὸν
1501 2034 1736 2101 ἡγεῖται,

145 2122 245 2174 καὶ
274 2121 350 2184 ὡς
382 2122 539 2190 μένον
566 2122 627 2173 τὸ
658 2121 1067 2192 παρερχόμενον
1102 2122 1342 2192 στέργει,
1387 2121 1568 2185 καθὼς
1592 2121 1741 2192 εἴρη-

142 2230 241 2264 ται
263 2229 278 2242 ·
319 2213 406 2274 Ὠς
443 2211 651 2263 ἑστῶτα
694 2211 1006 2279 ὲλογίσαπο
1027 2250 1041 2274 ,
1076 2212 1169 2264 καὶ
1196 2211 1296 2280 οὐχ
1321 2210 1397 2273 ὠς
1448 2209 1737 2279 φεύγοντα.

146 2307 265 2360 Καὶ
294 2305 455 2357 τοῦτό
482 2307 632 2357 ἐστιν
654 2307 686 2375 ἡ
718 2302 811 2356 τοῦ
836 2304 982 2357 θείου
1010 2304 1212 2375 ἔρωτος
1238 2304 1528 2367 ἔκπτωσις,
1555 2305 1619 2356 ὲκ
1644 2304 1738 2356 τοῦ

146 2397 400 2460 ἀπαθοῦς
436 2399 515 2460 είς
548 2398 638 2449 τὸν
672 2398 915 2468 ἐμπαθῆ,
941 2400 1006 2450 ὲκ
1021 2397 1114 2450 τοῦ
1149 2398 1295 2451 θείου
1319 2400 1398 2461 είς
1424 2398 1516 2450 τὸν
1551 2415 1739 2467 σωμα-

146 2488 325 2548 τικὸν,
368 2489 433 2539 ἐκ
459 2486 553 2539 τοῦ
603 2487 765 2541 άῢλου
804 2490 884 2550 εἰς
926 2488 1018 2542 τὸν
1061 2487 1246 2541 ἕνυλον
1275 2507 1287 2518 ·
1323 2487 1607 2559 ἀχώρητον
1634 2489 1741 2559 γάρ

148 2576 274 2627 ἐστι
300 2576 379 2646 τῷ
405 2577 516 2629 τῶν
542 2578 751 2630 πολλῶν
781 2578 975 2649 πλήθει
1006 2578 1067 2630 τὸ
1098 2580 1296 2631 ἑνιαῖον
1322 2577 1416 2630 τοῦ
1440 2578 1584 2630 θείου
1605 2578 1742 2649 ἐρω-

146 2683 267 2730 τος,
304 2670 397 2721 καὶ
427 2670 516 2723 διὰ
556 2670 733 2733 τοῦτο,
776 2671 853 2735 ὡς
881 2670 1301 2741 δυσχερέστερον
1337 2671 1429 2723 καὶ
1456 2670 1743 2742 διαϐεὸλη-

154 2758 326 2828 μένον
360 2762 454 2813 ἐπὶ
474 2760 568 2813 τοῦ
596 2760 753 2825 Θεοῦ,
776 2762 1030 2815 τάττεται
1062 2762 1196 2832 πρὸς
1228 2762 1289 2814 τὸ
1312 2762 1501 2827 ἀνάξαι
1532 2761 1744 2824 τούτοις

152 2852 237 2912 εἰς
262 2853 363 2922 τὴν
386 2852 480 2905 τοῦ
506 2852 675 2917 ὅντως
700 2852 900 2924 ἔρωτος
923 2854 1145 2923 γνῶσιν,
1173 2857 1265 2908 καὶ
1296 2854 1437 2908 ὥστε
1466 2854 1745 2924 συντόμως

148 2944 497 3015 ἀπολυθῆναι
521 2947 619 3017 τῆς
645 2945 896 3017 τοιαύτης
936 2949 1331 3019 διεψευσμένης
1357 2948 1515 3018 δόξης
1556 2950 1623 3001 ὲκ
1650 2948 1744 3000 τοῦ

149 3036 450 3102 γινώσκειν
486 3038 919 3111 διαϐεϐλημένην
957 3041 1057 3113 τὴν
1092 3040 1236 3107 λέξιν
1261 3040 1355 3093 τοῦ
1379 3041 1579 3112 ἔρωτος
1600 3079 1615 3102 ,
1653 3040 1746 3092 καὶ

150 3127 359 3196 ἥκιστα
383 3128 462 3199 τῷ
486 3128 605 3199 Θεῷ
640 3130 975 3201 πρέπουσαν.
1019 3132 1174 3184 Οὕτω
1207 3132 1317 3204 γὰρ
1340 3135 1435 3187 καὶ
1476 3136 1533 3186 ὲν
1562 3137 1628 3205 τῇ
1658 3136 1748 3187 οὺ-

156 3222 335 3291 ρανίῳ
364 3222 619 3293 ίεραρχίᾳ
649 3224 834 3292 φησὶν,
860 3224 942 3276 ὅτι
977 3223 1039 3276 τὸ
1066 3224 1265 3295 μᾶλλον
1291 3223 1632 3295 άπεμφαῖνον
1661 3227 1749 3279 εὐ-

148 3314 319 3384 χερές
360 3316 511 3367 ἐστιν
548 3315 640 3367 ἐπὶ
676 3315 811 3367 Θεοῦ
832 3316 1121 3384 λέγεσθαι,
1150 3318 1244 3370 καὶ
1277 3317 1439 3369 πλέον
1470 3316 1563 3370 τοῦ
1589 3312 1749 3390 ἦττον

149 3404 439 3471 τοιούτου,
467 3406 542 3469 ὡς
576 3406 932 3477 άπαγομένης
969 3407 1217 3462 ἐντεῦθεν
1252 3409 1352 3480 τῆς
1377 3407 1612 3473 διανοίας
1655 3410 1750 3462 εὐ-

150 3499 355 3564 κόλως,
383 3499 465 3551 δτι
490 3500 549 3551 οὐ
577 3498 737 3551 τοῦτό
767 3502 914 3553 ἐστιν
941 3503 969 3553 ό
997 3500 1148 3566 Θεὸς,
1174 3501 1310 3555 ἀλλὰ
1332 3502 1475 3555 κατά
1504 3519 1623 3555 τινα
1658 3502 1749 3555 λό-

152 3608 255 3660 γον
285 3590 492 3662 ὐψηλὸν
516 3590 658 3643 οὕτω
677 3592 913 3660 λέγεται.
941 3594 1037 3656 Τίς
1058 3592 1167 3664 γάρ
1194 3594 1480 3663 ὑπονοήσει
1503 3595 1594 3647 τὸν
1618 3594 1751 3649 Θεὸν

152 3683 419 3753 πάνθηροι
441 3722 455 3745 ,
484 3683 516 3753 ἦ
554 3683 780 3748 λέοντα;
819 3684 939 3749 Φῶς
983 3685 1038 3738 δὲ
1060 3726 1074 3750 ,
1101 3685 1134 3756 ἢ
1164 3685 1276 3757 πῦρ
1303 3727 1317 3752 ,
1348 3686 1380 3757 ἢ
1412 3685 1628 3757 πνεῦμα
1660 3688 1751 3740 ἐπὶ

154 3774 294 3826 Θεοῦ
330 3774 623 3844 λεγόμενον
651 3774 848 3845 μᾶλλον
887 3776 1070 3847 ἀπατᾷ
1105 3778 1206 3847 τὴν
1250 3776 1507 3843 διάνοιαν,
1543 3777 1751 3848 μήποτέ

152 3884 209 3918 τι
242 3866 453 3920 τούτων
480 3866 616 3920 ὲστί.
642 3867 747 3919 Τὸν
773 3868 933 3920 αὐτὸν
965 3869 1164 3939 τρόπον
1188 3869 1282 3922 καὶ
1308 3871 1402 3922 ἐπὶ
1424 3867 1518 3922 τοῦ
1549 3867 1751 3939 ἔρωτος

152 3958 259 4027 τῆς
302 3957 587 4027 ἀγάπης⁶’
631 3958 724 4010 ἐπὶ
753 3958 851 4027 μὲν
894 3958 1029 4011 Θεοῦ
1067 3958 1130 4011 τὸ
1149 3959 1404 4030 δυσχερὲς
1436 3960 1605 4031 ὄνομα
1655 3962 1749 4015 τοῦ

151 4049 364 4119 ἔρωτος
408 4051 662 4103 τάττεται
692 4091 706 4113 ,
747 4052 832 4120 ἐφ’
874 4050 1033 4122 ἡμῶν
1067 4051 1157 4117 δὲ,
1192 4051 1321 4105 ἔνθα
1359 4054 1451 4105 καὶ
1478 4052 1677 4107 ἄτοπόν
1698 4072 1750 4107 τι

157 4141 425 4204 πολλάκις
445 4136 513 4212 ἦν
534 4141 783 4212 οίηθῆναί
811 4161 963 4206 τινας
986 4143 1096 4195 τῶν
1127 4144 1483 4217 χαμαιζήλων
1510 4148 1603 4199 καὶ
1630 4165 1753 4218 μοχ-

155 4230 365 4301 θηρῶν,
394 4233 426 4302 ή
451 4232 729 4303 ἀγάπησις
756 4233 973 4302 λέγεται
1018 4235 1412 4306 εὐφημότερον,
1445 4237 1585 4289 κατά
1610 4237 1671 4289 τὸ
1692 4240 1750 4290 ὲν

153 4327 223 4394 τῇ
252 4323 445 4396 πρώτῃ
479 4326 588 4378 τῶν
624 4327 919 4381 Βασιλειῶν
956 4328 1105 4399 παρά
1143 4328 1240 4382 τοῦ
1276 4327 1440 4383 Δαυῖδ
1472 4331 1607 4402 πρὸς
1641 4332 1752 4385 Ἰω-

157 4414 346 4487 νάθαμ
389 4416 700 4487 λεγόμενον.
748 4420 900 4472 Ἐπεὶ
944 4424 1057 4485 τοῖς
1096 4421 1272 4490 ὀρθῶς
1314 4423 1571 4476 ἀκούουσι
1616 4424 1751 4496 πρὸς

1845 1947 2063 2007 appetat
2111 1949 2167 1993 et
2207 1939 2274 1991 ad
2324 1936 2595 1993 fervorem
2632 1936 2749 2003 ejus
2792 1936 3121 2002 incalescat,
3170 1938 3427 2007 quoniam

1845 2031 2158 2085 istiusmodi
2184 2032 2425 2085 calorem
2460 2046 2523 2083 ac
2556 2041 2763 2083 motum
2790 2030 3012 2096 inserit;
3045 2045 3233 2083 verum
3275 2043 3429 2084 mens

1844 2139 1874 2177 a
1913 2139 2044 2178 vero
2089 2123 2303 2191 judicio
2355 2124 2619 2186 aberrat,
2688 2132 2742 2175 et
2786 2136 2881 2192 per
2928 2119 3428 2191 concupiscentiam

1844 2219 2140 2285 avertitur,
2176 2228 2232 2273 et
2267 2218 2319 2272 id
2348 2218 2493 2285 quod
2544 2217 2851 2269 secundum
2886 2224 3136 2269 naturam
3170 2215 3294 2269 odio
3336 2216 3437 2268 ha-

1846 2312 2083 2365 bendum
2118 2320 2234 2376 est,
2265 2310 2552 2364 existimat
2587 2308 3010 2362 desideramlmn
3044 2322 3166 2361 esse
3189 2348 3202 2370 ,
3225 2317 3279 2361 et
3309 2316 3432 2361 tan-

1846 2419 2008 2472 quam
2059 2404 2187 2471 quid
2239 2416 2566 2471 permanens
2614 2401 2666 2455 id
2717 2400 2861 2469 quod
2907 2399 3285 2453 transitorium
3327 2408 3433 2463 est,

1847 2494 2219 2563 amplectitur,
2279 2496 2422 2548 sicut
2455 2495 2661 2547 dictum
2703 2501 2822 2555 est,
2868 2492 2994 2561 quia
3031 2501 3287 2557 tanquam
3326 2499 3437 2545 sta-

1848 2587 2009 2640 bilem
2044 2587 2287 2649 amahat,
2321 2595 2377 2639 et
2410 2601 2514 2639 non
2551 2594 2808 2653 tanquam
2841 2582 3114 2651 fugai-em.
3138 2582 3205 2635 Et
3235 2582 3325 2636 hic
3352 2592 3435 2635 est

1847 2676 2020 2730 divini
2053 2678 2255 2730 amoris
2286 2676 2493 2745 lapsus,
2523 2692 2592 2729 ex
2627 2673 2953 2742 itnpassibili
2997 2674 3049 2727 in
3091 2673 3434 2742 passibilcm,

1848 2785 1915 2823 ex
1954 2770 2139 2823 divino
2188 2770 2240 2822 in
2289 2784 2651 2836 corporeum,
2696 2782 2763 2820 ex
2796 2767 3150 2819 immateriali
3182 2767 3233 2820 in
3272 2776 3437 2820 mate-

1850 2861 2077 2924 rialem;
2117 2858 2256 2929 vulgi
2296 2859 2442 2913 enim
2481 2859 2635 2911 turba
2690 2873 2795 2910 non
2851 2858 2995 2926 capit
3038 2859 3261 2911 unicum
3305 2856 3435 2909 illud

1849 2950 2019 3004 divini
2051 2949 2274 3013 amoris,
2317 2958 2371 3002 et
2416 2949 2640 3011 idcirco,
2665 2956 2922 3015 tanquam
2955 2948 3005 3000 id
3058 2949 3202 3016 quod
3244 2948 3435 3001 durius

1849 3046 1921 3098 sit
1962 3054 2017 3097 et
2064 3044 2236 3113 magis
2272 3056 2540 3107 exosum,
2588 3044 2653 3095 de
2704 3041 2811 3095 Deo
2861 3040 3101 3110 ponitur,
3150 3054 3210 3093 ut
3246 3040 3435 3110 vulgus

1774 3166 1817 3224 ο
1853 3136 2005 3189 hisce
2036 3135 2089 3188 in
2133 3134 2246 3187 veri
2294 3133 2495 3187 amoris
2519 3132 2884 3199 cognitionem
2916 3132 3243 3195 adducatur,
3270 3140 3436 3199 utque

1851 3226 2178 3295 compendio
2210 3228 2277 3279 ab
2326 3225 2632 3279 istiusmodi
2668 3224 2802 3277 falsa
2831 3225 3090 3289 opinione
3138 3223 3433 3287 liberetur,

1856 3320 1982 3373 dum
2021 3317 2311 3387 intelligit,
2343 3318 2509 3371 etiam
2543 3331 2767 3371 exosum
2812 3316 2947 3370 alias
3000 3316 3203 3369 amoris
3240 3330 3435 3369 nomen

1854 3424 1911 3469 et
1956 3412 2138 3467 inﬁma
2189 3426 2419 3490 quaeque
2466 3411 2564 3480 ipsi
2617 3411 2727 3465 Deo
2780 3421 3115 3478 competere.
3160 3408 3252 3463 Sic
3286 3409 3434 3464 enim

1853 3505 2017 3558 etiam
2050 3505 2105 3558 in
2137 3502 2344 3558 Caelesti
2374 3503 2674 3555 hierarchia
2700 3502 2775 3555 ait
2800 3517 2814 3553 :
2844 3519 2863 3552 ι
2892 3501 2944 3555 |d
2975 3502 3115 3570 quod
3146 3502 3318 3569 magis
3338 3501 3437 3555 ab-

1854 3610 2045 3648 somnn
2086 3604 2173 3649 est
2205 3604 2508 3664 opportune
2534 3597 2601 3647 de
2626 3593 2736 3648 Deo
2762 3593 2891 3656 dici,
2919 3607 3094 3662 eoque
3132 3594 3300 3663 magis
3322 3608 3432 3663 quo

1854 3686 2015 3738 vilius
2037 3686 2260 3752 existit;
2287 3686 2542 3754 quoniam
2586 3685 2714 3738 hinc
2747 3684 2906 3739 facile
2938 3701 3089 3739 mens
3120 3686 3432 3747 abducitur,

1856 3789 1915 3831 ut
1939 3778 2167 3848 cogitet,
2198 3778 2365 3831 Deum
2391 3793 2495 3831 non
2522 3792 2643 3832 esse
2661 3777 2987 3841 istiusmodi,
3012 3778 3101 3831 sed
3125 3777 3429 3831 secundum

1855 3870 2141 3925 sublimem
2164 3870 2399 3939 aliquem
2433 3886 2650 3925 sensum
2684 3870 2765 3924 sic
2784 3870 3061 3939 appellari.
3078 3889 3096 3922 ι
3116 3871 3250 3937 Quis
3276 3871 3423 3925 enitn

1854 3962 2172 4032 Opinabitur
2208 3961 2373 4015 Deum
2408 3963 2733 4030 pantheram
2758 3977 2878 4016 esse
2906 3962 2993 4017 vel
3032 3962 3286 4017 leonem?
3316 3962 3430 4018 Lux

1853 4067 2035 4107 autem
2069 4054 2151 4109 vel
2183 4053 2329 4121 ignis
2366 4053 2451 4108 vel
2495 4054 2723 4123 spiritus
2753 4070 2874 4108 cum
2913 4056 2977 4108 de
3012 4056 3120 4109 Deo
3151 4056 3433 4119 dicuntur,

1852 4146 2069 4201 facilius
2126 4156 2365 4201 mentem
2413 4146 2673 4202 aberrare
2720 4145 2962 4214 faciunt,
3008 4161 3075 4201 ne
3119 4146 3261 4201 forte
3302 4148 3433 4216 quid

1856 4245 2050 4297 horum
2096 4242 2184 4297 sit.
2222 4242 2423 4295 Eodem
2460 4241 2619 4295 modo
2653 4241 2820 4296 etiam
2852 4243 2918 4295 de
2967 4258 3153 4296 amore
3195 4255 3260 4295 ac
3298 4242 3435 4297 dile-

1854 4334 2064 4398 ctione;
2111 4334 2163 4385 in
2190 4332 2300 4385 Deo
2328 4332 2548 4400 quidem
2577 4347 2802 4386 exosum
2836 4332 2965 4386 illud
2998 4347 3198 4386 nomen
3226 4333 3430 4387 amoris

1855 4427 2097 4496 ponitur,
2132 4426 2186 4478 in
2235 4427 2389 4480 nobis
2419 4437 2625 4490 autem,
2676 4427 2765 4479 ubi
2816 4440 3189 4493 saepenumero
3230 4426 3430 4495 aliquid

153 4510 268 4562 τῶν
307 4510 470 4580 ἱερῶν
519 4510 781 4580 θεολόγων
809 4513 1189 4585 ταύτοδύναμα
1228 4517 1508 4570 τάττονται
1547 4516 1615 4570 τά
1655 4517 1746 4569 δύο

1854 4520 2150 4573 absurdum
2196 4520 2447 4573 homines
2480 4528 2645 4572 terrae
2689 4518 2832 4571 atlixi
2871 4519 3138 4587 suspicari
3190 4528 3432 4587 possent,

154 4603 335 4655 ταῦτα
362 4604 600 4673 ὀνόματα
623 4608 702 4669 εἰς
736 4606 835 4671 τὰς
875 4607 1023 4671 θείας
1046 4608 1429 4680 ὲκφαντορίας,
1462 4611 1555 4664 καὶ
1600 4609 1750 4679 δηλοῖ

1853 4612 2073 4665 dilectio
2119 4612 2354 4676 dicitur;
2420 4611 2563 4679 quod
2616 4626 2809 4663 nomen
2861 4611 3144 4664 honestius
3196 4611 3428 4671 videtur,

155 4692 256 4763 τὴν
308 4693 551 4747 ἑνοποιὸν
594 4695 686 4747 καὶ
729 4698 1104 4769 συγκρατικὴν
1151 4697 1376 4769 δύναμιν
1412 4702 1471 4753 ἐν
1517 4700 1594 4771 τῷ
1629 4700 1746 4771 Θεῷ

1851 4704 2006 4774 juxta
2047 4702 2175 4757 illud
2216 4704 2359 4771 quod
2406 4704 2459 4755 in
2503 4704 2681 4772 primo
2721 4703 2928 4771 Regum
2960 4718 2990 4755 ιι
3015 4701 3215 4757 Davide
3243 4706 3309 4756 ad
3334 4701 3430 4756 Jo-

157 4784 595 4855 προῡφεστῶσαν
619 4827 633 4850 ,
662 4786 749 4839 διὰ
784 4788 847 4840 τὸ
910 4788 1074 4842 καλὸν
1111 4790 1206 4843 καὶ
1238 4791 1459 4860 ἀγαθὸν,
1498 4792 1585 4846 ἴνα
1616 4810 1747 4862 συγ-

158 4874 455 4944 κιρνῶνται
483 4876 684 4947 δηλαδὴ
706 4878 774 4930 τὰ
806 4878 984 4931 πάντα
1008 4878 1083 4943 ὡς
1110 4880 1322 4951 ἐρῶντα
1342 4922 1356 4945 ,
1382 4882 1556 4951 τούτῳ
1583 4883 1647 4953 δὴ
1672 4883 1750 4953 τῷ

158 4964 280 5035 Θεῷ
306 4966 384 5029 ὡς
413 4966 679 5037 ἐρωμένῳ
709 4967 860 5039 καλῷ
900 4970 994 5022 καὶ
1018 4970 1226 5043 ἀγαθῷ,
1258 4974 1351 5026 καὶ
1378 4975 1442 5026 ἐκ
1482 4974 1576 5027 τοῦ
1613 4976 1748 5029 Θεοῦ

158 5056 509 5127 ἐνδιδομένην
528 5056 615 5111 διὰ
632 5058 693 5111 τὸ
715 5058 879 5113 καλὸν
902 5060 1063 5114 πάλιν
1087 5064 1181 5115 καὶ
1204 5064 1427 5131 ἀγαθὸν,
1453 5066 1538 5118 ἴνα
1563 5066 1750 5137 δηλον-

158 5148 242 5200 ἁτι
288 5147 427 5219 πρὸς
466 5147 669 5219 ἄλληλα
694 5150 763 5203 τὰ
790 5151 886 5221 μὲν
915 5154 1158 5223 ὁμοταγῆ
1187 5156 1510 5225 συνέχωνται
1544 5156 1618 5220 ὡς
1648 5155 1749 5210 ὰνά

162 5239 329 5310 μέρος
356 5239 570 5311 ἐρῶντά
593 5258 652 5293 τε
676 5241 771 5295 καὶ
794 5242 1045 5314 ὲρώμενα
1064 5262 1075 5274 ’
1104 5245 1171 5298 τά
1198 5246 1253 5298 δὲ
1288 5247 1479 5317 πρῶτα
1514 5248 1650 5319 πρὸς
1681 5250 1749 5303 τά

159 5333 433 5403 ὑφειμένα
468 5336 703 5388 κινοῖντο
748 5338 842 5390 κα)⁵
879 5337 1055 5409 ὲρῷεν
1099 5339 1303 5393 τούτων
1351 5344 1747 5415 προνοούμενα,

160 5427 247 5478 ἵνα
277 5424 353 5489 ὡς
379 5426 547 5479 ἑαυτὰ
570 5428 798 5481 κάκεῖνα
830 5431 1098 5501 ποιήσωσι
1118 5448 1131 5461 θ
1169 5432 1237 5485 τὰ
1262 5432 1319 5485 δὲ
1352 5435 1749 5509 καταδεέστερα

162 5517 299 5589 πρὸς
325 5517 395 5569 τά
417 5518 695 5591 ὑπέρτερα
719 5522 1076 5593 ἀγαπητικῶς
1094 5523 1266 5595 ἔχοιεν
1287 5528 1748 5599 ὲπιστρεφόμενα,

163 5610 251 5663 lvd
277 5611 529 5680 κάκεῖνα,
570 5612 645 5677 ὡς
672 5613 1015 5688 δυνατὸν,τῆς
1059 5617 1364 5690 ὑπερτέρας
1406 5619 1571 5686 ἕξεως
1612 5622 1748 5677 ἁπο-

163 5719 423 5757 Ααυωσιν.

1852 4794 2075 4847 natham
2108 4792 2331 4847 dicitur.
2365 4793 2499 4847 Cum
2552 4804 2731 4846 autem
2775 4793 2826 4846 in
2874 4795 3050 4849 sacris
3076 4794 3142 4849 de
3171 4796 3279 4850 Deo
3317 4810 3434 4848 ser-

1853 4886 2106 4941 monibus
2144 4901 2172 4937 a
2200 4896 2349 4939 recte
2381 4885 2749 4939 sentientibus
2783 4888 2888 4939 duo
2915 4887 3031 4941 haec
3066 4888 3311 4952 nomina,
3334 4903 3433 4941 ceu

1852 4978 2261 5049 :cqnipollcntia
2296 4977 2499 5031 divinis
2524 4979 3023 5046 esplanationibus,
3044 4981 3430 5043 adhibeantur,

1852 5083 1907 5126 et
1936 5071 2189 5125 unificam
2220 5071 2519 5139 quamdam
2567 5071 2826 5126 virtutem
2868 5087 2961 5125 seu
2991 5072 3278 5142 copulandi
3322 5076 3430 5127 vim

1853 5164 2320 5235 significent,qua:
2343 5164 2396 5218 in
2418 5164 2528 5219 Deo
2552 5165 2872 5233 przeexistit,
2898 5176 3118 5235 propter
3146 5166 3431 5236 pulchrum

1851 5269 1907 5311 et
1935 5258 2159 5320 bonum,
2234 5266 2292 5311 ut
2322 5258 2578 5311 nimirum
2610 5273 2730 5327 quae
2756 5258 2967 5314 ordinis
3003 5267 3128 5313 sunt
3163 5258 3429 5325 ejusdem,

1854 5350 2004 5405 velut
2043 5350 2290 5405 virissim
2344 5349 2580 5402 amantia
2614 5360 2668 5403 et
2698 5358 2911 5415 amata,
2954 5364 3015 5404 se
3049 5359 3234 5403 mutuo
3280 5364 3433 5402 com.

1855 5442 2199 5511 plectantur;
2224 5441 2401 5510 prima
2428 5456 2559 5496 vero
2584 5441 2844 5497 inferiora
2874 5450 3134 5497 moveant
3153 5450 3430 5505 etament,

1854 5534 1921 5588 iis
1943 5533 2302 5602 providendo,
2326 5542 2383 5587 ut
2406 5533 2495 5588 illa
2522 5535 2605 5590 sui
2640 5535 2839 5590 similia
2869 5531 3121 5600 eﬂiciant;
3168 5533 3429 5587 inferiora

1856 5638 1985 5677 vero
2017 5622 2083 5677 ad
2123 5623 2407 5693 superiora
2445 5624 2761 5680 amabiliter
2792 5624 2984 5679 aﬂecta
3012 5632 3428 5689 convertantur,

1854 5726 1911 5767 ut
1959 5724 2011 5770 et
2056 5714 2183 5780 illa,
2215 5716 2396 5785 quoad
2441 5716 2559 5772 fieri
2599 5726 2811 5788 potest,
2846 5716 3186 5787 superiorem
3226 5722 3429 5771 statum

1854 5819 2279 5877 consequantur.
