3866 6234
462 352 567 409 775

1625 346 1684 403 S.
1722 344 2028 403 DlONYSll
2064 346 2535 403 AREOI’AGlT/E

3636 348 3738 404 776

531 469 721 541 §XIl1.
764 469 856 526 Est
894 480 1159 542 prteterea
1200 466 1419 521 divinus
1440 482 1601 522 amor
1629 469 1963 529 exstaticus;
2004 484 2027 522 ιι

2213 466 2240 537 §
2272 469 2415 520 Xlll.
2460 468 2648 519 Ἔστιν
2693 468 2722 518 ό
2757 465 2899 530 θεῖος
2935 466 3077 538 ἔρως
3118 468 3214 521 καὶ
3238 467 3601 531 ἐκστατικός·
3654 466 3742 528 ἐξ-

453 577 515 617 se
555 562 687 631 ipsis
718 562 864 617 enim
913 562 1182 617 excedere
1227 560 1357 615 facit
1404 560 1565 632 ἀοι
1600 569 1871 625 amantes,
1900 560 2030 614 dum

451 656 639 708 vivunt
684 664 739 707 et
778 663 1068 707 moventur
1117 671 1222 708 non
1270 655 1412 725 ipsi,
1464 655 1559 707 sed
1594 652 1645 707 in
1695 652 1830 721 ips's
1862 654 1896 707 ii
1935 652 2030 722 qui

450 757 720 800 amantur.
748 748 811 800 Et
837 748 951 801 hmc
983 748 1264 801 declarant
1330 746 1415 799 illa
1441 762 1562 816 qua
1588 748 1844 815 praedicta
1880 756 2029 810 sunt,

449 842 622 909 magis
650 851 828 894 autem
863 857 1090 909 magnus
1118 841 1210 892 ille
1239 840 1463 904 Paulus,
1499 841 1687 895 divino
1715 840 1819 894 hoc
1844 855 2033 895 amore

448 941 760 999 correptus,
804 934 955 985 aiens
981 950 994 986 :
1032 930 1157 985 Vivo
1185 948 1279 1000 ego
1299 930 1416 1000 jam
1467 947 1569 984 non
1612 947 1727 1001 ego,
1759 934 1881 987 vivit
1912 950 2031 986 vero

448 1030 501 1078 in
548 1041 629 1077 me
675 1024 988 1087 Christus‘,
1039 1034 1298 1092 tanquam
1348 1040 1511 1077 verus
1560 1034 1795 1091 amator,
1841 1033 1898 1079 et
1938 1025 2029 1093 qui

446 1114 705 1178 excessit,
740 1122 799 1168 ttt
852 1116 968 1183 ipse
1016 1124 1273 1179 testatur,
1318 1131 1348 1169 a
1394 1132 1456 1171 se.
1505 1116 1645 1172 Deo:
1686 1126 1742 1171 et
1791 1133 2029 1178 rursum.

448 1207 615 1260 veluti
644 1207 883 1261 vicissim
914 1222 943 1259 a
977 1222 1233 1276 supremo
1269 1208 1379 1262 Deo
1405 1210 1628 1277 provide
1656 1219 1891 1270 amatus.
1922 1225 2029 1263 non

450 1315 627 1363 suam,
657 1299 751 1352 sed
798 1300 965 1353 amati
993 1301 1165 1355 vitam
1216 1301 1443 1367 ducens,
1476 1303 1590 1356 ait:
1618 1302 1889 1372 Tanquam
1920 1320 2033 1356 mo-

445 1390 664 1452 rientes,
708 1401 756 1443 et
799 1407 917 1444 ecce
967 1392 1255 1446 vivimus“.
1299 1392 1434 1446 Nam
1463 1395 1771 1448 audendum
1802 1403 1889 1448 est
1929 1394 2033 1450 hoc

444 1482 610 1534 etiam
633 1489 893 1550 tanquam
915 1497 1104 1537 verum
1133 1484 1341 1547 dicere,
1362 1486 1507 1554 quod
1538 1485 1771 1555 ipsemet
1787 1488 2030 1543 omnium

447 1570 611 1636 Deus,
644 1582 866 1643 propter
905 1589 1195 1629 excessum
1225 1575 1513 1639 bonitatis,
1544 1587 1699 1632 extra
1725 1595 1783 1632 se
1814 1595 1910 1648 per
1938 1596 2030 1633 re-

447 1678 569 1717 runt
604 1666 973 1733 providentias
1001 1667 1255 1727 exsistat.
1287 1679 1343 1722 et
1371 1669 1425 1723 in
1456 1670 1757 1726 istiusmodi
1791 1673 2034 1728 bonitate

445 1755 546 1809 sibi
571 1758 723 1823 quasi
751 1758 1128 1828 complaceat;
1174 1762 1252 1815 ait
1295 1766 1441 1815 enim
1466 1776 1482 1815 :
1510 1762 1576 1816 Et
1625 1765 1750 1833 quid
1782 1766 1896 1818 volo
1932 1768 2031 1819 nisi

2135 559 2433 634 ίστησιγὰρ
2450 557 2659 612 ἑαυτῶν
2680 558 2806 622 τοὺς
2834 558 3098 628 ἐρῶντας,
3116 560 3192 624 ὡς
3216 559 3315 631 ζῇν
3336 561 3432 615 καὶ
3464 563 3739 617 κινεῖσθαι

2137 649 2239 701 ούκ
2280 647 2543 710 ἐκείνους,
2593 647 2708 700 ἀλλ’
2756 649 2815 699 ἐν
2856 648 3041 711 αὐτοῖς
3073 650 3199 713 τοὺς
3250 652 3595 722 ἐρωμένους.
3635 654 3743 707 Καὶ

2134 739 2358 812 δηλοῦσι
2391 740 2459 793 τὰ
2514 740 2882 810 προλεχοέντα
2902 781 2916 804 ,
2949 741 3146 811 μᾶλλον
3169 743 3225 796 δὲ
3261 744 3289 796 6
3318 745 3495 815 μέγας
3525 746 3739 807 Παῦλος

2136 833 2214 903 τῷ
2252 834 2381 903 θείῳ
2413 832 2589 903 τούτῳ
2627 835 2991 905 κατεχόμενος
3040 835 3234 905 ἔρωτι,
3261 838 3356 890 καὶ
3387 838 3571 907 λέγων
3592 858 3607 869 ·
3649 840 3739 893 Ζῶ
3770 828 3785 865 έ

2135 923 2249 991 ἐγὼ
2285 922 2505 985 οὐκέτι,
2536 922 2603 990 ζῇ
2626 923 2693 976 δὲ
2714 925 2784 977 ἐν
2808 925 2937 993 ἐμοὶ
2962 927 3235 993 Χριστὸς,
3264 928 3339 992 ὡς
3370 929 3585 1001 ἀληθὴς
3613 934 3741 1003 ἐρα·

2139 1016 2286 1087 στὴξν
2314 1017 2405 1069 καὶ
2428 1015 2738 1086 ἐξεστηκὼς
2764 1020 2883 1071 κατ’
2911 1019 3073 1072 αὑτὸν
3095 1018 3339 1088 λέγοντα,
3370 1024 3472 1076 καὶ
3512 1024 3741 1095 ἐξεστη-

2137 1112 2293 1174 κότες
2329 1110 2479 1180 Θεῷ·
2506 1112 2598 1164 καὶ
2626 1112 2787 1165 πάλιν
2830 1113 2905 1176 ὠς
2932 1113 3035 1166 ἀνὰ
3069 1113 3234 1185 μέρος
3268 1114 3553 1187 ἐρώμενος
3588 1120 3740 1187 παρά

2134 1204 2228 1257 τοῦ
2252 1204 2553 1275 ὑπερτέρου
2578 1205 2715 1258 Θεοῦ
2747 1208 3144 1277 προνοητικῶς,
3183 1208 3243 1261 ού
3276 1210 3386 1274 ζῶν
3404 1212 3514 1281 τὴν
3538 1212 3740 1265 ἑαυτοῦ

2138 1294 2303 1365 ζωὴν,
2346 1294 2483 1349 ἀλλὰ
2522 1296 2619 1367 τὴν
2649 1296 2742 1350 τοῦ
2768 1298 3037 1366 ἐραστοῦ,
3087 1300 3178 1353 ὅτε
3207 1300 3391 1369 λέγει·
3434 1303 3538 1369 Ὠς
3583 1305 3741 1357 ἀπο-

2136 1385 2508 1452 θνήσκοντες
2528 1425 2543 1449 ,
2572 1387 2671 1441 καὶ
2705 1387 2835 1441 ἰδοὺ
2887 1387 3094 1457 ζῶμεν.
3122 1390 3434 1462 Τολμητέον
3476 1396 3592 1466 γὰρ
3646 1397 3742 1449 καὶ

2134 1478 2294 1532 τοῦτο
2333 1479 2409 1543 ὡς
2444 1479 2697 1550 ἀληθινὸν
2744 1482 2921 1534 εἰπεῖν
2963 1481 3045 1533 ὅτι
3082 1483 3175 1535 καὶ
3198 1485 3360 1549 αὐτὸς
3394 1487 3421 1537 6
3451 1487 3566 1539 τῶν
3602 1489 3742 1543 ὅλων

2136 1570 2268 1635 Θεὸς
2306 1573 2694 1645 δι’ύπερὸολὴν
2732 1573 3100 1644 ἀγαθότητος,
3138 1575 3241 1641 ἔξω
3271 1579 3470 1631 ἐαυτοῦ
3526 1580 3740 1648 γίνεται

2136 1668 2254 1728 ταῖς
2283 1666 2363 1729 είς
2393 1666 2462 1718 τὰ
2496 1667 2625 1720 ὄντα
2657 1669 2939 1739 προνοίαις
2961 1710 2977 1733 ,
3006 1670 3101 1722 καὶ
3135 1664 3248 1722 οἷον
3289 1668 3548 1737 θέλγεται
3580 1674 3641 1723 ἐν
3674 1676 3737 1743 τῇ

2136 1759 2362 1832 τοιαύτῃ
2406 1760 2705 1831 ὰγαθότητι
2727 1778 2741 1792 ·
2760 1762 2907 1829 λέγει
2944 1762 3053 1833 γάρ
3073 1778 3086 1791 ⁸
3112 1762 3295 1815 Καὶτί
3318 1762 3499 1821 θέλω,
3544 1766 3599 1815 εί
3620 1764 3735 1831 ἤδη

444 1856 502 1903 ut
534 1852 859 1904 accendatur
879 1860 905 1881 '
929 1852 953 1905 ἲ
994 1851 1059 1904 Ει
1094 1867 1215 1905 cum
1249 1853 1317 1906 sit
1344 1867 1409 1907 ex
1438 1855 1692 1909 omnibus
1721 1866 2027 1925 exemptus,

2135 1851 2416 1921 ἀναφθιῇ
2448 1855 2555 1907 Καὶ
2588 1856 2653 1907 ἐκ
2690 1854 2785 1907 τοῦ
2821 1856 2961 1926 ὑπὲρ
2990 1857 3167 1909 πάντα
3197 1855 3367 1925 ἐξῃρη
3377 1854 3547 1925 μένου
3577 1858 3738 1909 ἀνεκ-

442 1945 513 1997 ad
570 1945 751 1997 omnia
809 1945 1128 2005 deducitur,
1175 1945 1316 1998 unde
1354 1946 1521 1999 etiam
1559 1945 1796 1999 Zelotetn
1852 1947 2027 2015 ipsum

445 2038 740 2107 appellant,
787 2047 847 2091 ut
877 2038 966 2105 qui
1013 2038 1240 2090 multum
1280 2038 1330 2091 in
1363 2038 1563 2092 divinis
1588 2040 1753 2093 rebus
1783 2055 2028 2095 amorem

443 2130 719 2191 ostendat,
746 2139 802 2182 et
831 2128 985 2197 quasi
1015 2127 1083 2181 ad
1114 2127 1197 2180 sui
1237 2127 1575 2182 desiderium
1610 2132 1837 2197 excitet;
1857 2130 2029 2199 quod-

444 2238 550 2290 que
579 2222 665 2274 illa
698 2237 817 2290 quae
863 2221 931 2273 ab
974 2223 1089 2290 ipso
1119 2224 1503 2277 desiderantur
1534 2236 1597 2277 ac
1642 2232 2028 2290 procurentur,

443 2315 794 2370 aumtlatione
828 2317 987 2385 digna
1014 2319 1128 2371 sint
1160 2326 1213 2371 et
1245 2318 1427 2371 beata.
1464 2316 1574 2370 Nisi
1609 2318 1753 2369 enim
1783 2316 1909 2369 talia
1943 2330 2031 2371 es-

443 2417 587 2467 sent.
622 2424 966 2477 nequaquam
1011 2408 1403 2479 indignaretur
1429 2410 1572 2478 quod
1612 2412 1681 2462 alt
1711 2410 1826 2476 ipso
1856 2408 2029 2465 decli-

444 2508 607 2563 nent,
650 2508 704 2551 ιιι
754 2501 877 2553 aliis
916 2515 975 2555 se
1023 2504 1343 2575 adiungant.
1403 2503 1469 2557 Et
1500 2504 1832 2564 universim,
1876 2519 2032 2558 amor

442 2588 652 2658 pulchri
700 2601 813 2653 est;
856 2607 982 2645 cum
1029 2595 1174 2647 enim
1214 2595 1441 2665 pulcher
1506 2598 1600 2659 sit,
1649 2606 1797 2650 amat
1846 2597 2031 2651 istius-

444 2682 589 2735 modi
620 2684 932 2752 pulchrum,
959 2696 1013 2740 et
1044 2688 1092 2740 itt
1127 2687 1357 2756 pulchro
1387 2698 1593 2750 manet,
1624 2697 1678 2741 et
1707 2687 2031 2743 diﬂ'unditur

442 2780 835 2828 consumendo.
871 2774 1151 2845 Siquidem
1182 2795 1399 2832 amores
1438 2796 1755 2849 corporum,
1786 2798 1908 2835 cum
1944 2797 2031 2835 re-

444 2879 563 2915 rum
619 2865 731 2918 sint
773 2865 1065 2930 lluxarum,
1104 2884 1207 2921 nott
1252 2884 1412 2923 secus
1454 2886 1517 2924 ac
1561 2874 1709 2926 verni
1746 2873 1907 2927 ﬂores
1938 2875 2031 2927 de-

442 2955 643 3022 lluunt;
683 2974 899 3012 amores
950 2975 1079 3014 vero
1140 2959 1309 3013 divini
1362 2978 1657 3032 rerumque
1693 2966 2026 3029 divinarum,

445 3058 701 3117 tanquam
740 3056 1208 3119 pertnanentium,
1237 3054 1339 3123 ipsi
1374 3070 1592 3125 quoque
1621 3067 1944 3124 permanent
1974 3059 2024 3111 itt

442 3157 756 3211 possessore
784 3161 902 3212 suo,
929 3155 983 3199 et
1013 3146 1404 3214 pulchricausa
1435 3149 1705 3202 exsisumt
1726 3167 1740 3216 ;
1765 3152 2023 3219 quoniam

440 3250 597 3288 arnor
632 3236 723 3290 ille
754 3248 840 3291 est
880 3239 945 3290 ad
996 3251 1173 3291 amata
1202 3240 1657 3308 eondeeoranda,
1684 3258 1821 3296 neve
1851 3253 2023 3297 mate-

444 3328 537 3380 rize
567 3329 802 3383 colluvie
832 3339 1291 3399 conspurcentur.

514 3422 707 3493 μιν.
750 3425 959 3489 Quaerit
1030 3426 1119 3479 hic
1163 3426 1365 3493 etiam,
1418 3427 1605 3495 utquid
1661 3427 1894 3498 theologi
1928 3428 2027 3483 ali-

441 3516 657 3583 quando
687 3518 904 3585 quidem
958 3532 1202 3571 amorem
1249 3534 1311 3573 ac
1344 3520 1733 3586 dilectionem,
1784 3522 2028 3591 quando-

440 3623 547 3676 que
584 3624 711 3663 vero
758 3611 1049 3665 amabilem
1105 3628 1167 3667 ac
1217 3613 1538 3682 diligibiletn
1591 3613 1796 3667 dicant.
1844 3614 1911 3667 Et
1950 3630 2028 3668 re-

441 3700 657 3756 solvens
698 3704 1087 3771 quaestionem,
1123 3706 1229 3769 ait,
1277 3706 1419 3773 quod
1471 3706 1726 3774 quidem,
1764 3717 2026 3775 tanquam

441 3803 640 3847 auctor
672 3810 737 3848 ac
769 3796 985 3861 genitor
1018 3797 1222 3849 amoris
1254 3796 1459 3861 divini,
1489 3812 1644 3849 amor
1678 3799 2022 3867 appelletur;

442 3887 496 3938 in
523 3895 787 3953 quantum
823 3901 952 3941 vero
981 3886 1097 3955 ipse
1129 3896 1214 3940 est
1251 3888 1304 3940 id
1339 3889 1485 3956 quod
1517 3897 1756 3949 amatur,
1780 3888 2029 3942 amabilis

442 3978 695 4041 dicatur;
723 3986 773 4032 et
804 3980 1103 4032 sccundum
1140 3980 1267 4033 illttd
1298 3982 1522 4049 quidem
1556 3991 1804 4033 movetur
1830 3981 1895 4033 ad
1922 3981 2027 4033 alia

441 4070 700 4133 amanda,
725 4070 1023 4125 secundum
1058 4074 1159 4127 hoc
1190 4089 1319 4125 vero
1354 4083 1531 4126 movet
1560 4073 1661 4125 alia
1690 4074 1756 4125 ad
1783 4088 2025 4125 amori-tn

439 4178 626 4217 suum.
664 4164 758 4217 Vel
790 4165 1043 4219 amabilis
1077 4165 1301 4232 dicitur,
1349 4164 1474 4235 quia
1501 4166 1612 4217 vim
1654 4165 1820 4218 habet
1851 4164 2029 4218 addu-

439 4259 598 4311 cendi
645 4273 710 4313 ac
753 4259 1008 4313 movendi
1061 4259 1127 4311 ad
1174 4260 1495 4311 atnatoriam
1537 4258 1589 4311 iu
1642 4259 1844 4327 spiritu
1896 4272 2028 4312 con-

437 4351 803 4416 iunctionem,
837 4351 889 4404 id
919 4351 1168 4420 estquod
1206 4350 1366 4419 hujus
1418 4351 1687 4405 mediator
1712 4361 1764 4404 et
1802 4353 2030 4421 ipsemet

440 4445 768 4500 conciliator
801 4444 872 4498 sit
918 4446 1155 4505 amoris,
1192 4459 1300 4513 quo
1346 4460 1374 4497 a
1426 4445 1538 4497 suis
1595 4444 1867 4498 creaturis
1900 4446 2028 4497 ada-

2133 1946 2405 2015 φοιτήτως
2433 1948 2526 1999 ἐπὶ
2557 1947 2733 2001 πάντα
2760 1949 3064 2017 κατάγεται
3084 1967 3096 1979 ·
3119 1949 3199 2002 διὸ
3228 1952 3322 2003 καὶ
3349 1950 3621 2021 Ζηλωτὴν
3652 1952 3739 2003 αύ-

2131 2033 2225 2084 τὺν
2254 2033 2511 2087 καλοῦσιν
2530 2075 2543 2097 ,
2584 2034 2660 2099 ὼς
2690 2035 2824 2090 πολὺ
2868 2038 3260 2091 ἀποδεικνύντα
3282 2039 3375 2092 τὸν
3397 2041 3482 2103 εἰς
3512 2042 3581 2092 τὰ
3620 2041 3737 2093 θεία

2132 2121 2309 2192 ἔρωτα
2331 2163 2345 2187 ,
2393 2125 2487 2177 καὶ
2512 2124 2588 2189 ὡς
2622 2126 2955 2198 διεγερτικδν
2995 2129 3093 2199 τῆς
3137 2129 3379 2197 ἐφέσεως
3412 2132 3611 2194 αὑτοῦ,
3646 2132 3737 2184 καὶ

2130 2216 2213 2269 ὅτι
2246 2218 2313 2270 τὰ
2351 2218 2616 2288 ἐφιέμενα
2642 2219 2735 2271 καὶ
2758 2222 3131 2292 προνοούμενα
3165 2224 3295 2294 παρ’
3318 2224 3493 2276 αὐτοῦ
3522 2225 3734 2294 ζηλωτὰ

2132 2308 2227 2361 καὶ
2259 2311 2503 2380 μακάριά
2534 2314 2690 2364 εἰσιν.
2724 2313 2785 2365 El
2822 2312 2931 2385 γὰρ
2965 2314 3038 2385 μὴ
3072 2310 3211 2385 ἦσαν
3238 2315 3488 2378 τοιαῦτα,
3528 2318 3632 2368 οὐκ
3675 2318 3737 2369 ἂν

2130 2402 2453 2471 ἐζηλοτύπει
2492 2404 2631 2475 πρὸς
2660 2403 2832 2457 ταῦτα
2855 2447 2867 2467 ,
2896 2408 2979 2459 ὅτι
3012 2407 3351 2460 ἐκκλίνουσιν
3392 2409 3569 2461 αὑτοῦ
3594 2451 3609 2471 ,
3648 2411 3738 2461 καὶ

2132 2492 2312 2557 ἄλλοις
2346 2495 2747 2565 προστίθενται.
2793 2499 2902 2551 Καὶ
2944 2500 3117 2563 ὅλως,
3167 2501 3196 2551 6
3232 2499 3375 2570 ἔρως
3412 2500 3520 2553 τοῦ
3569 2501 3737 2554 καλοῦ

2131 2588 2246 2639 ἐστι
2271 2604 2283 2615 ·
2321 2587 2481 2651 καλὸς
2504 2590 2612 2660 γὰρ
2638 2588 2712 2641 ὣν
2729 2631 2743 2653 ,
2772 2592 2870 2661 ἐρᾷ
2895 2590 2989 2644 τοῦ
3036 2590 3275 2645 τοιούτου
3312 2592 3487 2645 καλοῦ
3512 2634 3527 2655 ,
3558 2594 3656 2645 καὶ
3683 2595 3739 2645 ἐν

2131 2678 2207 2748 τῷ
2232 2678 2381 2749 καλῷ
2426 2681 2574 2750 μένει
2611 2682 2703 2734 καὶ
2728 2682 3042 2754 διακέχυται
3076 2682 3492 2754 δαπανώμενος.
3536 2687 3601 2737 ΟΞ
3630 2686 3738 2758 γὰρ

2134 2772 2403 2841 σωμάτων
2424 2772 2647 2843 ἔρωτες,
2674 2775 2860 2846 ἐπειδὴ
2887 2776 3119 2846 ῥεόντων
3153 2776 3315 2837 είσὶν,
3359 2776 3453 2831 [aa
3487 2780 3587 2831 καὶ
3615 2780 3741 2851 ἠρι-

2130 2865 2240 2927 νοῖς
2270 2863 2610 2935 διαρρέουσιν
2638 2866 2851 2919 ἄνθεσιν
2872 2884 2884 2896 ·
2922 2870 2970 2920 oi
3013 2868 3070 2920 δὲ
3114 2867 3247 2921 θεῖοι
3277 2869 3371 2921 καὶ
3399 2869 3517 2921 τῶν
3550 2870 3737 2935 θείων,

2128 2955 2203 3018 ὡς
2241 2957 2512 3025 μενόντων
2550 2958 2777 3021 τούτων,
2818 2976 2845 3010 ο
2888 2977 2963 3011 τω
2987 2960 3227 3012 κάκεῖνοι
3266 2960 3537 3030 μένουσιν
3568 2965 3627 3014 ἐν
3660 2962 3738 3031 τῲ

2128 3048 2327 3119 ἔχοντι,
2366 3052 2460 3103 καί¹
2480 3051 2567 3104 διὰ
2588 3051 2651 3105 τὸ
2672 3052 2835 3105 καλὸν
2857 3053 3093 3120 γίνονται
3116 3070 3129 3082 '
3154 3054 3242 3105 ἴνα
3269 3054 3380 3123 γᾶρ
3406 3054 3741 3126 καλλοποιη-

2129 3141 2265 3194 θῶσι
2307 3142 2375 3195 τὰ
2425 3142 2711 3214 ἐρώμενα,
2753 3147 2846 3198 καὶ
2888 3146 2961 3216 μὴ
3000 3143 3457 3216 ἐμπεριληφθῶσι
3508 3148 3591 3219 τῷ
3637 3150 3738 3218 τῆς

2132 3232 2265 3307 ὕλης
2294 3236 2491 3306 αἴσχει,
2520 3238 2548 3288 6
2572 3236 2710 3308 ἔρως
2740 3237 2965 3305 γίνεται.

2203 3426 2230 3497 §
2264 3425 2403 3479 XIV.
2460 3426 2742 3481 Ἐντεῦθεν
2782 3429 3015 3498 ἀπορεῖ,
3068 3428 3161 3480 καὶ
3193 3428 3245 3479 τί
3280 3428 3489 3498 δήποτε
3529 3430 3579 3480 οἱ
3616 3427 3738 3479 θεο-

2128 3519 2280 3588 λόγοι
2306 3520 2435 3575 ποτέ
2460 3520 2559 3591 μὲν
2584 3519 2763 3591 ἔρωτα
2789 3522 2881 3574 καὶ
2899 3521 3122 3590 ἀγάπην
3146 3520 3308 3572 αὑτὸν
3326 3520 3581 3588 λέγουσι,
3611 3522 3740 3573 ποτέ

2128 3612 2184 3665 δὲ
2219 3612 2444 3683 ἐραστὸν
2476 3612 2569 3665 καὶ
2600 3612 2899 3683 ἀγαπητόν.
2949 3614 3059 3665 Kal.
3088 3612 3228 3664 λύων
3274 3612 3426 3679 λέγει
3448 3652 3463 3674 ,
3511 3614 3630 3675 ὅτι,
3665 3614 3738 3676 ὡς

2134 3702 2233 3773 μὲν
2269 3703 2439 3767 αἴτιος
2471 3703 2567 3755 καὶ
2591 3704 2871 3774 γεννήτωρ
2898 3704 2990 3756 τοῦ
3018 3704 3164 3755 θείου
3198 3703 3402 3773 ἔρωτος
3424 3743 3436 3763 ,
3470 3704 3620 3770 ἔρως
3648 3705 3737 3755 λέ-

2130 3811 2284 3862 γεται
2304 3811 2316 3825 ’
2342 3794 2417 3855 ὼς
2450 3795 2505 3847 δὲ
2542 3794 2704 3857 αὐτὸς
2733 3794 2809 3847 ὢν
2831 3795 2891 3848 τὸ
2918 3795 3170 3866 ἐραστὸν,
3206 3795 3437 3866 ἐραστὺν
3473 3795 3737 3863 λέγεται,

2104 3888 2223 3941 ικαὶ
2246 3888 2363 3940 κατ’
2390 3890 2568 3940 ἐκεῖνο
2610 3886 2711 3956 μὲν
2758 3889 2988 3940 κινεῖται
3019 3890 3097 3951 είς
3125 3888 3186 3940 τὸ
3215 3887 3323 3940 τῶν
3356 3887 3543 3940 ἄλλων
3578 3892 3735 3959 ἐρᾷν,

2131 3977 2271 4029 κατὰ
2317 3977 2479 4030 τοῦτο
2524 3978 2581 4031 δέ
2624 3980 2765 4031 κινεί
2802 3979 2869 4031 τὰ
2900 3978 3035 4032 ἄλλα
3069 3982 3148 4042 εἰς
3182 3978 3240 4031 τὸ
3269 3980 3403 4050 ἐρᾷν
3435 3981 3635 4033 αὑτοῦ.
3668 3982 3737 4033 'H

2130 4070 2357 4141 ἐραστὴν
2388 4070 2604 4139 λέγεται
2626 4112 2639 4134 ,
2667 4071 2801 4123 διότι
2846 4072 3229 4143 προαγωγικδν
3251 4113 3264 4134 ,
3312 4074 3407 4125 καὶ
3442 4075 3739 4146 κινητικὸν

2130 4160 2324 4212 ἐαυτοῦ
2356 4163 2470 4214 ἐστι
2507 4162 2643 4231 πρὸς
2673 4165 2941 4234 ἐρωτικὴν
2990 4165 3280 4230 συνάξειαν
3314 4165 3415 4234 τὴν
3450 4168 3516 4217 ἐν
3563 4168 3736 4219 πνεύ-

2133 4271 2284 4323 ματι,
2320 4254 2568 4307 τουτέστι
2599 4257 2823 4326 μεσίτης
2846 4258 3069 4327 ταύτης,
3099 4258 3193 4311 καὶ
3219 4257 3352 4328 πρὸς
3382 4259 3583 4311 ἑαυτὸν
3609 4277 3736 4313 συν-

2130 4347 2410 4416 αρμοστής
2450 4349 2567 4399 ἐστι
2614 4347 2710 4401 τοῦ
2758 4349 2990 4418 ἐρᾶσθαι
3040 4351 3201 4403 αὐτὸν
3262 4349 3368 4401 ύπδ
3416 4350 3532 4402 τῶν
3586 4353 3733 4405 ἰδίων

2130 4440 2471 4510 ποιημάτιον.
2498 4441 2794 4511 Κινητικὸν
2823 4443 2879 4494 δέ
2912 4460 3104 4513 φησιν,
3132 4444 3206 4506 ὡς
3230 4444 3489 4495 κινοῦντα
3520 4446 3730 4497 ἕκαστα

441 4550 645 4593 matur.
687 4538 829 4593 Dicit
876 4550 1057 4591 autem
1103 4538 1305 4591 habere
1342 4540 1447 4590 vim
1498 4538 1785 4597 movendi.
1840 4538 2021 4606 utqui

2133 4533 2272 4585 κατὰ
2297 4533 2388 4585 τὸν
2414 4536 2612 4587 οἰκεῖον
2644 4535 2799 4603 λόγον
2829 4536 2963 4606 πρὸς
2988 4538 3152 4590 αὑτὸν
3183 4538 3641 4608 ἐπιστρέφεσθαι.
3661 4540 3730 4590 Τὸ

440 4632 654 4701 singula
715 4643 933 4685 moveat
965 4632 1261 4686 secundum
1296 4630 1575 4698 propriam
1618 4632 1920 4693 rationem,
1964 4641 2026 4683 ut

443 4725 513 4775 ad
559 4724 737 4792 ipsum
783 4734 1200 4779 convertantur.
1254 4721 1430 4777 Porro
1480 4739 1674 4779 nomen
1727 4725 1857 4778 illud
1898 4740 2021 4794 pro-

442 4816 717 4869 ductionis
761 4831 855 4869 seu
908 4817 1348 4884 prostitutionis,
1401 4817 1506 4870 etsi
1568 4817 1708 4885 apud
1765 4817 2023 4885 profanos

444 4923 557 4961 rem
592 4908 857 4975 impuram
890 4908 1187 4973 significet.
1214 4908 1377 4979 402
1406 4918 1784 4963 verumtamen
1832 4909 1918 4961 hic
1952 4910 2027 4961 tli-

441 5005 517 5053 cit
546 5002 995 5055 intercessionem
1023 5001 1453 5054 conciliatricetn
1486 5000 1703 5053 nuiouis
1728 5017 1853 5054 eum
1890 5001 2021 5062 Deo,

440 5100 497 5144 et
539 5092 640 5145 hoc
688 5094 847 5144 modo
900 5093 1118 5159 quidem
1153 5092 1407 5146 amabilis
1434 5093 1671 5158 dicitur;
1708 5107 1863 5146 amor
1892 5107 2024 5145 vero

441 5200 633 5239 rursus
660 5194 716 5237 et
740 5184 981 5247 dilectio,
1022 5194 1282 5255 tanquam
1311 5187 1392 5239 vis
1436 5188 1657 5246 motrix,
1710 5192 1765 5239 et
1800 5199 2019 5239 sursum

443 5279 511 5332 ad
548 5292 607 5333 se
645 5279 868 5330 trahens
919 5278 1049 5330 illud
1088 5278 1230 5345 quod
1276 5277 1450 5331 solum
1496 5287 1550 5330 et
1590 5293 1686 5345 per
1726 5291 1783 5329 se
1820 5277 2021 5329 bonum

442 5380 555 5433 est,
591 5379 645 5424 et
667 5370 813 5439 quod
842 5369 956 5439 ipse
985 5371 1055 5423 sit
1086 5369 1455 5423 tnaniiestatio
1485 5386 1565 5422 sut
1602 5368 1773 5436 ipsius
1804 5384 1903 5437 per
1934 5385 2022 5423 se-

443 5469 640 5535 ipsum,
679 5464 825 5519 nullo
852 5465 961 5519 alio
1012 5465 1307 5529 mediante,
1341 5481 1441 5519 nec
1470 5465 1687 5518 aliunde
1712 5478 1897 5517 amore
1922 5463 2021 5517 ali-

442 5572 552 5627 quo
607 5556 965 5622 adveniente,
1011 5558 1112 5610 nisi
1156 5572 1184 5609 a
1238 5572 1297 5611 se
1344 5556 1461 5624 ipso
1507 5556 1559 5609 in
1610 5556 1876 5622 scipsum;
1914 5552 2020 5607 tale

443 5650 591 5703 enim
631 5659 716 5702 est
754 5649 804 5702 id
851 5649 995 5717 quod
1043 5664 1139 5720 per
1182 5665 1241 5705 se
1293 5650 1577 5721 pulchrum
1608 5659 1708 5703 est.
1745 5648 2016 5714 Quemad-

602 5825 618 5860 ι
659 5822 849 5890 Gal.n,
875 5824 964 5880 20.
1056 5844 1080 5871 ιι
1115 5832 1157 5887 ιι
1182 5831 1306 5886 Cor.
1346 5844 1418 5892 vr,
1447 5826 1502 5883 9.
1584 5838 1605 5863 ν
1637 5828 1769 5883 Luc.
1811 5846 1915 5897 ιιι,
1981 5832 2031 5884 9.

2128 4625 2184 4677 δέ
2213 4626 2313 4695 τῆς
2356 4628 2739 4697 προαγωγείας
2770 4628 2963 4699 ὄνομα,
2998 4632 3045 4681 εί
3072 4632 3164 4682 καὶ
3190 4631 3338 4701 παρὰ
3366 4634 3486 4695 τοῖς
3527 4632 3728 4696 ἔξωθεν

2128 4720 2359 4789 πρᾶγμα
2396 4720 2649 4790 σημαίνει
2674 4721 2775 4773 ούκ
2802 4722 3017 4789 εύαγές,
3043 4722 3157 4775 ἀλλ’
3183 4723 3420 4775 ἐνταῦθα
3449 4724 3555 4796 τὴν
3600 4726 3727 4795 πρό-

2130 4810 2281 4873 ξενον
2305 4810 2405 4878 τῆς
2443 4814 2501 4863 ἐν
2526 4811 2644 4881 Θεῷ
2687 4812 2935 4876 ὲνώσεως
2967 4814 3244 4882 μεσιτείαν
3271 4816 3429 4883 φησι,
3460 4818 3560 4869 καὶ
3588 4818 3723 4869 οὕτω

2131 4903 2229 4972 μὲν
2254 4903 2483 4974 ἐραστὺν
2518 4903 2769 4971 λέγεται·
2806 4905 2946 4975 ἔρως
2983 4906 3039 4959 δέ
3064 4904 3225 4959 πάλιν
3254 4908 3348 4958 καὶ
3380 4906 3579 4979 ἀγάπη
3600 4952 3613 4972 ,
3652 4910 3720 4970 t1»;

2128 4997 2381 5067 κινητική
2411 5014 2493 5059 τις
2522 4996 2751 5066 δύναμις
2787 4999 2870 5065 ἐφ’
2921 4997 3116 5068 ἑαυτὴν
3149 4998 3431 5065 ἀνάγουσα
3464 5002 3531 5054 τὸ
3570 5002 3722 5072 μόνον

2128 5089 2223 5141 καὶ
2265 5089 2333 5141 δι’
2364 5090 2524 5143 ἐαυτὸ
2550 5091 2781 5158 ἀγαθὸν,
2827 5092 2920 5144 καὶ
2952 5092 3034 5143 δτι
3072 5091 3335 5159 ἐκφανσίς
3372 5094 3527 5147 ἐστιν
3569 5095 3723 5156 αὐτὶ,

2126 5182 2321 5235 ἑαυτοῦ
2344 5184 2413 5236 δι’
2445 5184 2636 5236 ἑαυτοῦ
2663 5225 2678 5248 ,
2709 5184 2810 5237 οὐκ
2847 5184 3007 5237 ἄλλου
3043 5185 3441 5255 μεσιτεύοντος,
3474 5186 3599 5239 οὺδέ
3638 5187 3726 5239 ἆ).-

2127 5274 2280 5328 λοθεν
2320 5277 2692 5347 ἐπερχομένου
2724 5276 2818 5329 τοῦ
2858 5277 3094 5347 ἔρωτος,
3140 5276 3254 5328 ἀλλ’
3289 5278 3386 5328 ἀπ’
3432 5276 3601 5329 αὐτοῦ
3656 5280 3727 5336 εἰς

2129 5368 2290 5419 αὐτόν
2311 5384 2324 5397 ⁸
2364 5368 2604 5421 τοιοῦτον
2628 5368 2737 5438 γὰρ
2758 5369 2820 5421 τὸ
2856 5369 2923 5422 δι’
2955 5368 3115 5420 ἑαυτὸ
3144 5367 3327 5420 καλόν.
3358 5369 3577 5438 Ὧσπρ
3624 5366 3727 5434 γὰρ

2126 5462 2342 5532 ἐρῶμεν
2371 5463 2471 5533 τῆς
2499 5463 2592 5516 τοῦ
2626 5464 2839 5534 μέλιτος
2872 5460 3229 5532 γλυκύτητος,
3262 5462 3363 5513 οὐκ
3391 5461 3615 5513 ἄλλοθεν
3650 5478 3723 5511 γ’-

2126 5557 2377 5628 νούμενοι
2408 5562 2455 5613 εἰ
2484 5560 2557 5630 μὴ
2588 5559 2716 5629 παρ’
2746 5561 2931 5619 αὑτοῦ,
2957 5560 3053 5613 καὶ
3082 5560 3142 5611 ού
3170 5558 3238 5609 δι’
3261 5556 3393 5609 ἄλλο
3424 5559 3470 5607 εἰ
3498 5555 3573 5625 μὴ
3598 5561 3705 5605 κατ

2124 5647 2297 5719 αὐτὴν
2364 5650 2463 5723 τὴν
2495 5650 2805 5722 γλυκύτητα
2826 5668 2839 5681 ο
2872 5653 2966 5704 καὶ
2998 5649 3086 5704 διὰ
3128 5647 3288 5701 τοῦτο
3324 5645 3714 5715 manare;
