3866 6234
162 271 277 327 7‘77

746 270 835 326 DE
869 270 1126 327 DIVINIS
1159 269 1561 333 NOMINlBUS,
1595 269 1749 327 CAP.
1787 270 1880 327 iV.
1902 300 1972 311 --
2004 268 2355 325 PARAPHR.
2390 269 2865 328 PACHYMERA‘].

3349 275 3449 330 778

162 390 321 443 ἐστιν
352 390 385 460 ἡ
415 386 691 459 γλυκύτης
721 391 836 452 τοῖς
860 387 1183 457 ἁγνοοῦσιν’
1212 388 1261 439 εἰ
1287 385 1398 457 γὰρ
1427 386 1557 457 παρ’
1589 385 1764 439 ἄλλων

1885 385 2101 439 modum
2150 384 2295 437 enim
2346 383 2523 439 mellis
2591 384 2933 439 dulcedinem
2983 400 3263 450 amamus,
3339 404 3451 441 non

163 484 337 537 τινῶν
367 482 693 554 ὲκιωύμεθα
720 484 801 546 είς
831 481 1012 543 τοῦτο,
1042 481 1185 551 τάχα
1219 478 1287 533 ἂν
1311 480 1376 532 ἐκ
1403 478 1610 533 τούτων
1633 480 1770 550 εἴχο-

166 592 279 646 μεν
310 574 490 643 λέγειν
509 592 584 637 τι,
616 575 710 628 καὶ
733 576 782 627 οἱ
808 571 1134 642 ἀγνοοῦντες
1160 575 1225 626 ἐκ
1256 570 1464 625 τούτων
1491 570 1763 625 συνίεσαν.

164 667 337 721 Οῦτω
374 666 485 719 νόει
522 668 617 720 καὶ
645 667 739 720 ἐπὶ
778 664 875 719 τοῦ
916 664 1060 719 θείου
1091 665 1186 718 καὶ
1216 664 1385 728 ὅντως
1426 662 1766 735 γλυκασμοῦ,

165 758 255 810 ὅτι
283 756 347 822 ἐξ
376 757 543 811 αὐτοῦ
583 760 612 811 6
648 758 819 829 ἔρωςο
854 756 950 811 καὶ
977 756 1110 810 αὑτό
1138 758 1255 809 ἐστι
1284 755 1345 809 τὸ
1382 756 1633 827 ἐραστὸν,
1675 757 1770 810 καὶ

165 850 242 903 δι’
273 850 466 914 αὑτοῦ,
502 851 595 904 καὶ
626 849 749 903 καθ’
779 850 935 914 αὐτὸ,
954 850 1050 903 καὶ
1079 848 1139 901 ού
1171 847 1239 901 δι’
1271 846 1426 901 ἄλλο’
1454 847 1768 921 ἐξῃρημένη

168 945 289 1015 γάρ
324 945 445 996 ἐστι
486 944 706 997 πάντων
737 944 773 1014 ἡ
796 942 1025 1012 τοιαύτη
1051 941 1248 1004 ἐνωσις
1267 980 1281 1005 ,
1324 926 1418 992 καὶ
1465 939 1611 1009 ἁπλῆ
1632 980 1646 1003 ,
1678 942 1772 993 καὶ

169 1036 291 1089 ἀπ’
312 1034 479 1088 αὐτοῦ
519 1034 615 1087 τοῦ
647 1033 880 1103 ἐραστοῦ
920 1032 1237 1103 κινουμένη.
1282 1033 1551 1103 Ἀναρχον
1591 1031 1647 1085 δὲ
1678 1032 1774 1084 καὶ

170 1127 540 1197 ἀτελεύτητον
561 1126 653 1180 τὸν
680 1125 823 1179 θεῖον
844 1124 1023 1197 ἔρωτα
1051 1124 1220 1194 λέγει,
1245 1123 1322 1188 ὡς
1347 1126 1412 1176 ἐκ
1439 1122 1535 1176 τοῦ
1564 1124 1773 1192 ἀγαθοῦ

172 1219 463 1291 προϊόντα,
494 1218 590 1270 καὶ
621 1217 759 1288 πρὸς
790 1217 852 1269 τὸ
878 1216 1081 1284 ἀγαθὸν
1112 1216 1607 1286 ἐπαναστρέφοντα·
1632 1216 1774 1268 κατὰ

172 1311 374 1382 σχῆμα
404 1308 665 1363 κυκλικὸν
704 1308 857 1379 (ἐπεὶ
890 1307 983 1360 καὶ
1011 1308 1045 1378 ἡ
1073 1305 1169 1359 τοῦ
1210 1305 1412 1359 κύκλου
1443 1306 1677 1378 γραμμὴ
1711 1306 1771 1359 ού

171 1404 462 1477 γνώριμον
483 1402 605 1473 ὄψει
628 1400 752 1455 ὅθεν
780 1400 986 1472 ἤρξατο
1015 1440 1030 1465 ,
1070 1399 1166 1452 καὶ
1203 1391 1266 1451 οῦ
1304 1398 1595 1469 κατέληξε)
1617 1414 1629 1426 ·
1681 1401 1777 1453 καί

172 1500 292 1572 γὰρ
317 1498 376 1565 ἐξ
403 1495 569 1551 αὐτοῦ
594 1498 627 1568 ή
657 1493 895 1564 τάγαθοῦ
939 1493 1156 1562 ἔφεσις,
1192 1494 1285 1546 καὶ
1324 1494 1405 1555 εἰς
1434 1492 1568 1545 αὐτὸ
1614 1490 1776 1546 πάλιν

170 1592 304 1663 ὁρᾷ,
337 1594 395 1645 ἐν
425 1587 573 1659 αύτῷ
599 1588 657 1641 δέ
678 1589 796 1640 ἐστι
818 1587 912 1640 καὶ
948 1586 1098 1656 μένει
1124 1585 1186 1637 τὸ
1208 1586 1341 1655 ἐρᾷν
1364 1584 1465 1654 τῆς
1495 1584 1776 1655 συμφυοῦς

175 1682 544 1754 ἀγαθότητος,
588 1678 812 1733 καὶτῶν
836 1676 974 1748 πρὸς
995 1676 1057 1729 τὸ
1085 1674 1288 1745 ἀγαθὸν
1322 1675 1771 1746 ἀνατεινομένων.

1872 476 2089 532 aliunde
2145 478 2274 531 moti
2320 491 2485 547 quam
2531 477 2601 531 ab
2663 480 2777 547 ipsa
2812 518 2829 545 ,
2888 494 2988 533 nec
3042 492 3266 549 propter
3308 481 3453 535 aliud

1871 584 2038 639 quam
2098 569 2245 623 illam
2327 570 2623 639 ipsammet
2676 570 3055 637 dulcedinem,
3120 585 3455 643 quapropter

1871 662 2036 715 etiam
2070 660 2473 728 inexplicabilis
2498 670 2584 716 est
2617 661 2849 718 dulcedo
2880 664 3028 718 illam
3054 665 3451 735 ignorantibus;

1873 753 1920 808 si
1960 753 2108 808 enim
2156 756 2226 808 ab
2271 753 2395 808 aliis
2436 753 2764 823 quibusdam
2816 757 2885 809 ad
2936 756 3041 811 hoc
3079 772 3452 819 moveremur,

1874 845 2063 914 utique
2092 860 2157 900 ex
2188 845 2273 900 his
2296 846 2500 915 aliquid
2526 847 2710 902 dicere
2763 863 3044 917 possemus
3063 892 3078 917 ,
3108 852 3250 907 unde
3284 851 3453 907 etiam

1878 938 2195 1008 ignorantes
2239 952 2655 1007 cognoscerent.
2709 940 2804 995 Sic
2839 942 3019 1013 cogita
3064 945 3230 998 etiam
3272 946 3324 999 iu
3374 945 3459 998 di-

1880 1034 2005 1085 vina
2025 1045 2263 1100 veraque
2281 1030 2567 1086 dulcedine
2587 1047 2827 1086 amorem
2858 1048 2922 1086 ex
2951 1033 3063 1105 ipsa
3093 1036 3380 1094 exsistere.
3403 1048 3458 1090 et

1878 1127 2054 1193 ipsam
2086 1140 2210 1180 esse
2240 1125 2533 1179 amabilem
2563 1142 2685 1180 cum
2728 1138 2953 1196 propter
2987 1143 3068 1193 se,
3104 1139 3214 1183 tum
3253 1145 3350 1198 per
3375 1147 3453 1195 se,

1876 1226 1931 1272 et
1980 1232 2084 1271 non
2134 1228 2361 1286 propter
2410 1217 2594 1283 aliud,
2648 1234 2771 1271 nam
2832 1219 3143 1275 istiusmodi
3208 1222 3339 1276 uuio
3390 1223 3459 1275 ali

1876 1309 2131 1364 omnibus
2161 1319 2412 1379 exempta
2446 1320 2552 1375 est,
2618 1320 2675 1365 et
2718 1313 2974 1381 simplex,
3019 1314 3178 1367 etab
3224 1314 3459 1383 ipsumet

1877 1399 2095 1453 amabili
2134 1410 2303 1455 mota.
2359 1400 2529 1455 Porro
2566 1403 2699 1457 dicit
2752 1418 2993 1458 amorem
3041 1404 3185 1459 hunc
3211 1402 3458 1460 divinqu

1876 1490 2150 1561 principio
2181 1492 2397 1562 linoque
2420 1510 2631 1557 carere,
2664 1505 2855 1565 utpote
2904 1510 2969 1550 ex
3008 1496 3153 1553 bono
3181 1497 3461 1567 prodeun-

1879 1593 1985 1638 tem
2007 1625 2022 1649 ,
2048 1593 2103 1640 et
2133 1586 2199 1641 ad
2234 1587 2436 1640 bonum
2467 1602 2526 1642 se
2557 1598 2966 1644 convertentem
2989 1634 3004 1658 ,
3051 1593 3353 1647 secundum
3392 1593 3457 1646 li-

1878 1693 2072 1747 guram
2135 1679 2463 1734 circularem
2538 1682 3031 1752 (quemadmodum
3084 1701 3262 1756 neque
3314 1687 3456 1741 linea

190 1774 428 1844 Ἑφεξῆς
451 1774 632 1844 τίθησι
663 1771 759 1824 καὶ
784 1768 1090 1842 μαρτυρίαν
1112 1767 1223 1822 τῶν
1252 1767 1562 1839 λεγομένων
1590 1770 1658 1821 ἐκ
1679 1767 1775 1821 τοῦ

1885 1769 2072 1824 circuli
2113 1771 2368 1840 cognosci
2395 1780 2569 1841 potest
2593 1776 2737 1829 unde
2765 1776 3092 1848 incmperit‘,
3125 1753 3209 1833 vel
3243 1780 3331 1833 ubi
3363 1780 3462 1834 de-

178 1867 336 1922 θείου
366 1869 431 1920 Ίε
440 1866 649 1938 ροθέου.

1885 1861 2062 1931 sierit)
2087 1864 2291 1917 etenim
2326 1879 2395 1917 ex
2422 1866 2539 1934 ipso
2564 1867 2691 1921 boni
2718 1868 3077 1934 desiderium,
3107 1882 3162 1925 et
3191 1872 3257 1925 ad
3283 1872 3460 1943 ipsmn

182 1963 387 2016 iterum
442 1960 653 2025 tendit;
715 1957 769 2012 in
823 1955 942 2025 ipso
970 1969 1103 2009 vero
1155 1964 1238 2009 est
1280 1963 1337 2009 et
1394 1964 1579 2009 manet
1618 1970 1776 2009 amor
1831 1965 2044 2025 agnata:
2089 1957 2379 2023 bonitatis,
2439 1962 2796 2032 onmiumque
2835 1964 2903 2019 ad
2934 1966 3131 2020 bonum
3173 1965 3276 2021 hoc
3318 1966 3465 2037 aspi-

179 2054 452 2110 rantium.
482 2052 689 2107 Deinde
711 2049 936 2119 apponit
958 2049 1122 2102 etiam
1157 2048 1530 2103 testimonium
1560 2062 1749 2103 eorum
1783 2062 1905 2117 qua:
1932 2049 2079 2104 dicta
2114 2059 2244 2105 sunt
2273 2064 2342 2105 ex
2370 2051 2495 2107 divo
2526 2052 2842 2110 Hierotlteo.

831 2164 1141 2233 Ἰεροθέου.

254 2279 422 2357 ςΧν.
454 2280 778 2351 Ἐπίστησον
802 2278 955 2343 ὅπως
979 2279 1008 2331 6
1043 2277 1217 2349 μέγας
1257 2276 1516 2347 Ἶερόθεος
1543 2275 1611 2330 τὰ
1646 2276 1777 2346 περὶ

182 2375 281 2429 τοῦ
312 2372 601 2429 ἐπαινετοῦ
631 2372 834 2445 ἔρωτος
859 2371 1058 2442 ἄριστα
1091 2370 1400 2440 φιλοσοφεῖο
1435 2370 1651 2442 πρῶτον
1677 2371 1776 2441 μὲν

181 2469 333 2523 θεῖον
368 2466 531 2520 αὑτὸν
559 2465 733 2534 λέγων
750 2503 765 2529 ,
795 2464 985 2535 ἐπειδὴ
1017 2463 1110 2516 καὶ
1134 2462 1347 2534 πρῶτον
1374 2461 1546 2516 αἴτιον
1574 2461 1777 2534 ἔρωτος

182 2562 215 2613 6
242 2559 376 2622 Θεός
396 2561 546 2612 ἐστιν
575 2556 932 2630 ἐξῃρημένως
959 2556 1053 2609 καὶ
1086 2554 1363 2619 ἀναιτίως.
1387 2554 1574 2626 Είγὰρ
1596 2552 1779 2626 ὀέρως

183 2650 353 2714 αὐτός
377 2652 525 2703 ἐστιν
550 2651 583 2721 ἡ
612 2650 800 2720 ἀγάπη
825 2689 841 2713 ,
864 2649 941 2714 ὡς
964 2650 1306 2722 προείρηται,
1345 2650 1653 2722 γέγραπται
1681 2648 1739 2704 δέ
1759 2666 1774 2680 ·

188 2744 323 2796 Ὅτι
355 2746 386 2797 ὀ
418 2742 562 2808 Θεὸς
588 2742 788 2813 ἀγάπη
812 2743 945 2797 ἐστὶ
964 2783 978 2806 ,
1018 2742 1263 2814 δηλονότι
1294 2743 1509 2797 πάντων
1536 2740 1781 2806 ἐνοποιὺς

186 2834 353 2905 ἔρως,
378 2834 497 2905 ἦτοι
518 2833 708 2905 ἀγάπη
740 2837 769 2889 6
790 2835 925 2900 Θεός
948 2836 1116 2889 ἐστιν.
1150 2833 1392 2888 Ἐκεῖθεν
1420 2830 1514 2888 οῦν
1544 2833 1782 2905 μεταϐα-

184 2925 359 2989 τικῶς
383 2925 629 2998 πρόεισιν
658 2926 746 2978 ἐπ’
766 2926 1030 2995 ἀγγέλους
1048 2965 1063 2989 ,
1095 2925 1219 2979 ὅθεν
1258 2926 1353 2980 καὶ
1373 2923 1663 2994 ἀγγελικὸν
1691 2924 1784 2976 αύ-

186 3017 283 3072 τόν
315 3034 500 3088 φησιν,
536 3015 665 3070 ἔνθα
691 3016 926 3087 μάλιστα
951 3016 1046 3069 καὶ
1075 3015 1167 3069 τὸν
1205 3016 1304 3087 τῆς
1347 3014 1597 3087 ἐνότητος
1624 3012 1777 3086 εὖροι

2522 2166 2819 2222 Hierothei.

1953 2275 2126 2349 μιν.
2181 2276 2424 2334 Observa
2468 2295 2633 2350 quam
2688 2281 2950 2351 prmclare
3000 2298 3229 2354 magnus
3272 2285 3467 2342 Hiero-

1883 2367 2043 2423 theus
2078 2366 2147 2423 de
2195 2369 2454 2425 laudabili
2504 2386 2692 2427 amore
2733 2372 3007 2439 disserat,
3063 2376 3301 2444 primum
3340 2381 3468 2447 qui-

1884 2460 2007 2514 dem
2037 2461 2280 2515 divinurn
2328 2464 2504 2533 ipsum
2549 2478 2837 2534 asserens,
2864 2467 3125 2537 quoniam
3177 2468 3321 2524 Deus
3350 2473 3401 2541 ip
3420 2487 3467 2526 .e

1882 2554 2093 2621 primus
2125 2563 2320 2609 auctor
2343 2563 2429 2610 est
2472 2556 2711 2629 amoris,
2749 2557 2909 2629 idque
2952 2574 3051 2628 per
3082 2561 3463 2618 excellentiam

1884 2651 1940 2696 et
1980 2645 2097 2698 sine
2126 2656 2313 2698 causa.
2361 2642 2417 2699 Si
2445 2624 2779 2701 euim’atnor
2819 2624 3219 2718 ipse'charitas
3249 2660 3349 2710 est.
3385 2652 3463 2706 uti

1886 2735 2244 2802 praedictum,
2288 2736 2552 2806 scriptum
2606 2738 2679 2792 sit
2724 2749 2951 2797 autem:
2996 2740 3264 2806 Quoniam
3325 2743 3463 2798 Deus

1885 2826 2121 2882 charitas
2148 2838 2223 2882 est
2247 2841 2297 2893 κ,
2334 2828 2386 2883 id
2416 2838 2501 2884 est
2527 2844 2686 2883 amor
2711 2832 2956 2886 onmium
2983 2834 3251 2902 uniﬂcus,
3281 2837 3467 2906 utique

1886 2919 2129 2974 cliaritas
2162 2920 2302 2975 Deus
2346 2929 2448 2975 est.
2492 2920 2697 2977 lsthinc
2739 2923 2904 2991 igitur
2931 2940 3029 2994 per
3073 2932 3467 2997 transgressio-

1886 3025 2012 3065 nem
2059 3013 2404 3083 progreditur
2437 3013 2507 3068 ad
2550 3013 2809 3084 angelos,
2843 3016 2988 3071 unde
3036 3018 3210 3086 ipsum
3248 3034 3466 3089 quoque

184 3126 277 3174 τις
302 3109 370 3162 ἂν
396 3108 573 3181 ἔρωτα
604 3108 747 3161 θεῖον
766 3124 779 3137 ·
811 3106 965 3161 οὐδὲν
994 3106 1106 3179 γὰρ
1134 3106 1463 3178 ἀσύμφωνον
1490 3106 1524 3177 ἢ
1562 3105 1778 3159 στασιά-

1886 3103 2191 3171 angelicum
2218 3107 2385 3173 dicit,
2408 3108 2496 3161 ubi
2524 3109 2764 3164 maxime
2797 3109 2921 3179 quis
2954 3110 3187 3179 reperiat
3216 3112 3463 3167 divinum

188 3202 285 3268 ζον
317 3202 436 3256 ἐστὶ
461 3200 592 3273 παρ’
619 3201 823 3266 αὐτοῖς.
867 3197 1002 3255 Εἶτα
1033 3200 1151 3272 μετ’
1179 3199 1443 3270 ἀγγέλους
1469 3199 1563 3253 καὶ
1599 3197 1785 3269 νοερόν

189 3312 361 3367 φησιν
386 3294 586 3367 ἔρωτα,
627 3294 876 3348 τουτέστι
904 3293 1054 3367 παρὰ
1090 3293 1259 3358 θείοις
1287 3292 1514 3364 ἀνδράσι
1542 3293 1654 3356 τοῖς
1681 3291 1785 3361 τῆς

200 3386 534 3458 Ἐκκλησίας
547 3385 770 3458 δηλαδὴ,
784 3386 923 3457 πρὸς
947 3383 1042 3449 οὓς
1062 3385 1091 3438 6
1118 3383 1328 3447 Παῦλός
1350 3396 1536 3454 φησιν·
1555 3382 1689 3435 Ἵνα
1716 3380 1784 3435 τὸ

186 3479 341 3535 αὐτὸ
361 3478 595 3548 λέγητε·
626 3480 722 3532 καὶ
744 3480 773 3532 6
800 3477 1009 3549 Κύριος
1031 3492 1046 3507 ⁸
1074 3477 1208 3532 Ἵνα
1233 3475 1385 3530 ὦσιν
1410 3475 1500 3530 ἕν.
1528 3469 1662 3527 Εἶτα
1689 3471 1787 3526 καὶ

189 3571 347 3643 παρὰ
368 3574 482 3634 τοῖς
509 3569 691 3635 ἄλλοις
721 3568 1033 3641 ἀνθρώποις
1052 3610 1067 3631 ,
1092 3570 1150 3622 ἐν
1175 3562 1257 3631 οἷς
1280 3568 1309 3621 6
1336 3565 1464 3638 περὶ
1495 3564 1675 3635 φιλίας
1699 3561 1786 3616 λό-

188 3679 288 3731 γος
336 3660 487 3715 ἐστι·
519 3659 610 3715 τὸν
649 3659 759 3732 γὰρ
795 3658 935 3713 κατὰ
980 3658 1081 3723 τὰς
1118 3656 1342 3727 λογικὰς
1383 3654 1567 3727 ψυχὰς
1605 3652 1785 3725 ἔρωτα

188 3751 378 3823 νοερὸν
407 3745 550 3815 εἷπε,
588 3748 821 3820 ψυχικὸν
843 3750 902 3803 δὲ
924 3748 1187 3802 ἐκάλεσεν
1216 3747 1395 3819 ἔρωτα
1417 3745 1509 3799 τὸν
1529 3745 1639 3799 τῶν
1661 3744 1785 3797 ἀλό-

186 3859 325 3913 γων.
367 3842 464 3895 Ἐκ
503 3840 615 3914 γὰρ
655 3842 755 3913 τῆς
796 3841 1067 3912 ἐρωτικῆς
1110 3838 1315 3910 ταύτης
1359 3837 1645 3909 δυνάμεως
1690 3837 1784 3890 καὶ

188 3934 375 4007 πτηνὰ
401 3934 665 4007 ἀγεληδὸν
696 3936 953 3989 ἴπτανται
970 3974 985 3999 ,
1012 3935 1106 3989 καὶ
1134 3933 1299 4000 πεζὰ,
1328 3933 1424 3987 καὶ
1454 3932 1628 4003 νηκτὰ
1657 3949 1773 3987 συν-

187 4028 469 4099 νέμονται.
496 4028 726 4081 Φυσικὸν
752 4026 932 4101 ἔρωτά
960 4043 1094 4099 φησι
1115 4026 1207 4079 τὸν
1258 4025 1368 4079 τῶν
1391 4024 1652 4096 ἐμψύχων
1692 4025 1786 4077 καὶ

187 4120 553 4192 ἀναισθήτων,
590 4121 684 4174 καὶ
709 4120 856 4185 ίδίως
885 4118 995 4172 τῶν
1024 4117 1364 4190 ἀναισθήτων
1392 4116 1535 4170 κατὰ
1562 4116 1661 4189 τὴν
1687 4117 1783 4169 ἐκ-

187 4216 353 4288 τικὴν
378 4214 795 4287 ἐπιτηδειότητα
830 4211 1083 4285 ἐρώντων
1122 4210 1218 4265 τοῦ
1254 4208 1589 4283 δημιουργοῦ
1609 4207 1697 4263 διὰ
1722 4208 1785 4262 τὸ

191 4308 286 4361 ὑπ’
336 4305 501 4361 αὑτοῦ
526 4306 847 4360 συνεστάναι
866 4322 880 4336 ο
912 4305 1055 4358 κατὰ
1075 4303 1186 4376 γὰρ
1215 4302 1316 4375 τὴν
1339 4301 1576 4373 φυσικὴν
1602 4300 1784 4356 αὐτῶν

190 4400 430 4472 κίνησιν,
461 4400 557 4453 καὶ
584 4401 727 4455 αὐτὰ
756 4399 895 4472 πρὸς
926 4399 1018 4451 τὸν
1046 4396 1179 4451 Θεὸν
1212 4397 1612 4467 ἐπέστραπται.

1888 3197 2039 3251 illum
2093 3212 2339 3253 amorem
2394 3200 2656 3266 unitatis;
2728 3203 2863 3257 nihil
2914 3204 3060 3258 enim
3128 3206 3270 3271 apud
3320 3206 3467 3275 ipsus

1888 3289 2168 3345 dissonum
2194 3300 2291 3345 aut
2319 3293 2663 3349 seditiosum.
2696 3292 2906 3351 Deinde
2940 3306 3064 3364 post
3101 3296 3348 3367 angelos,
3377 3299 3463 3352 in-

1888 3380 2223 3451 telligentem
2269 3395 2489 3452 quoque
2523 3398 2766 3437 amorem
2797 3396 3235 3454 commemorat,
3283 3387 3337 3442 id
3383 3397 3469 3444 est

1887 3474 1978 3542 qui
2011 3474 2143 3529 insit
2166 3475 2299 3529 viris
2329 3475 2530 3529 divinis
2566 3475 2843 3542 Ecclesiae,
2876 3478 2943 3532 ad
2982 3492 3120 3547 quos
3148 3478 3350 3535 Paulus
3386 3481 3466 3535 ait

1889 3573 1946 3617 ut
1991 3564 2131 3618 idem
2167 3565 2357 3618 dicatis
2384 3573 2447 3632 ῖς
2497 3574 2553 3620 et
2602 3566 2866 3621 Dominus
2905 3584 2921 3621 :
2966 3565 3031 3621 Ut
3079 3568 3188 3622 sint
3230 3585 3396 3622 unum
3415 3578 3465 3624 ι.

1888 3656 2082 3712 Postea
2119 3659 2286 3713 etiam
2334 3660 2401 3713 de
2445 3659 2567 3713 aliis
2598 3658 2913 3715 hominibus
2950 3660 3044 3731 qui
3074 3662 3331 3716 amicitiaa
3370 3677 3464 3716 ra-

1887 3749 2087 3803 tionem
2118 3749 2281 3821 M3
2318 3749 2555 3815 habent;
2583 3766 2707 3805 nam
2748 3766 2993 3807 amorem
3035 3751 3129 3821 qui
3160 3760 3244 3807 est
3270 3767 3467 3807 secun-

1885 3840 2015 3894 dum
2067 3845 2281 3896 animas
2322 3841 2650 3908 rationales,
2700 3842 3093 3913 intelligentem
3136 3844 3463 3906 nominavit,

1885 3931 2177 3986 animalem
2249 3947 2380 3987 vero
2430 3935 2651 3989 vocavit
2711 3949 2955 3989 antorem
3024 3935 3331 3988 brutorum.
3384 3932 3465 3989 Ex

1885 4027 2146 4079 amatoria
2192 4025 2298 4081 hac
2338 4027 2543 4082 virtute
2572 4034 2629 4082 et
2665 4026 2914 4082 volucres
2953 4026 3221 4097 gregatim
3251 4026 3462 4087 volant,

1882 4124 1941 4171 et
1967 4117 2252 4171 terrestria
2276 4117 2633 4189 natatiliaque
2661 4120 3088 4190 conjunguntur.
3116 4116 3289 4173 Porro
3312 4131 3466 4171 amo-

1886 4222 2002 4263 rem
2054 4209 2360 4266 naturalem
2406 4223 2567 4267 vocat
2600 4211 2755 4266 illum
2787 4227 2969 4267 rerum
3000 4212 3368 4266 animatarum
3408 4218 3466 4264 et

1885 4316 2049 4358 sensu
2079 4303 2412 4369 carentium,
2431 4318 2557 4359 cum
2588 4320 2750 4361 sensu
2780 4303 3027 4359 carentia
3051 4304 3216 4357 etiam
3239 4302 3463 4372 proprie

1887 4394 2249 4450 habitudiuali
2321 4398 2625 4468 aptitudine
2675 4397 2993 4452 Creatorem
3064 4404 3282 4457 ament,
3334 4410 3455 4464 pru-

192 4508 379 4567 pterea
404 4499 550 4567 quod
578 4500 645 4553 ab
681 4497 799 4567 ipso
845 4497 1112 4565 producta
1143 4496 1289 4559 siut;
1321 4506 1449 4546 nam
1514 4491 1814 4545 secundum
1850 4492 2157 4547 naturalem
2212 4508 2370 4549 suum
2437 4502 2643 4548 motum
2695 4494 2859 4548 etiam
2911 4492 3142 4562 ipsamet
3184 4491 3265 4557 ad
3294 4489 3460 4547 Deum

192 4601 614 4650 convertuntur.

808 4703 919 4759 Τοῦ
956 4704 1164 4758 αὐτοῦ.

265 4819 294 4891 §
334 4818 472 4873 XVI.
532 4814 756 4888 Ἐπειδὴ
782 4819 848 4871 ἐκ
872 4814 969 4870 τοῦ
1012 4816 1214 4870 ἐνιαίου
1247 4818 1341 4872 καὶ
1369 4818 1538 4883 ὅντως
1576 4818 1779 4891 ἔρωτος

193 4913 285 4967 τοῦ
327 4910 464 4966 Θεοῦ
496 4910 727 4974 πολλοὺς
768 4908 977 4982 ἔρωτας
1015 4909 1407 4981 συνετάξαμεν,
1450 4912 1579 4975 τοὺς
1611 4911 1780 4979 ἀγγε-

194 5007 399 5070 λικοὺς,
434 5005 563 5068 τοὺς
589 5004 831 5075 νοεροῦς,
866 5001 995 5068 τοὺς
1019 5002 1305 5075 ψυχικοίκ,
1329 5005 1458 5069 τοὺς
1489 5004 1777 5074 φυσικοὺς,

196 5096 361 5170 (οῦτοι
389 5100 499 5170 γάρ
524 5100 662 5152 εἰσιν
682 5096 730 5150 οἱ
759 5098 856 5169 μὲν
893 5098 1175 5168 ὲγκόσμιοι
1196 5138 1211 5162 ,
1242 5098 1293 5150 oi
1331 5097 1389 5150 δέ
1414 5098 1776 5169 ὑπερκόσμιοι

195 5191 416 5262 ἔρωτες,
432 5182 507 5243 ὧν
529 5188 886 5259 ὑπερέχουσιν
900 5189 958 5241 αἱ
978 5187 1086 5241 τῶν
1101 5188 1307 5260 νοερῶν
1328 5205 1387 5241 τε
1409 5187 1503 5241 καί⁵
1526 5187 1779 5258 νοητῶν·)

196 5282 329 5355 φέρε
375 5281 739 5351 συνελίξωμεν
778 5279 1025 5343 ἅπαντας
1062 5280 1156 5333 ἐπὶ
1182 5279 1273 5333 τὸν
1309 5279 1530 5352 Πατέρα
1574 5278 1776 5332 αὐτῶν.

1810 4701 1860 4761 D

2526 4694 2804 4765 Ejusdem.

1960 4812 1989 4884 §
2040 4811 2180 4867 XVI.
2227 4811 2494 4877 Quoniam
2557 4826 2623 4865 ex
2690 4825 2798 4863 uno
2844 4824 2911 4865 ac
2956 4824 3085 4864 vero
3128 4825 3314 4865 amore
3368 4812 3460 4867 Dei

1886 4906 2088 4960 multos
2106 4919 2322 4959 amores
2346 4904 2816 4968 coordiuavimus,
2836 4902 3137 4972 angelicas,
3158 4903 3462 4975 intelligen-

1888 5004 1998 5059 tes,
2048 4993 2332 5056 animales,
2383 4991 2667 5047 naturales
2712 4991 3008 5061 (siquidem
3050 4988 3248 5045 horum
3293 4989 3459 5059 aliqui

1889 5089 2192 5143 mundiales
2236 5094 2386 5147 sunt.
2418 5084 2509 5140 alii
2543 5099 2674 5141 vero
2714 5098 2934 5139 amores
2962 5082 3456 5153 supramundiales,

1886 5182 2029 5237 inter
2057 5195 2195 5251 quos
2243 5180 2661 5250 intelligentium
2702 5187 2760 5233 et
2807 5177 3239 5247 intelligihilium
3275 5176 3458 5228 ext-el-

1883 5273 2048 5341 lunt),
2086 5273 2318 5342 agedum
2348 5286 2541 5326 omnes
2586 5270 2653 5325 ad
2684 5269 3003 5325 eorumdem
3036 5267 3255 5323 Patrem
3288 5265 3456 5320 colle-

195 5373 510 5445 Σημείωσαι
530 5373 609 5434 δὲ,
641 5374 721 5426 ὅτι
748 5373 911 5445 νοερά
941 5374 1047 5425 εἰσι
1072 5372 1140 5426 τὰ
1164 5371 1411 5437 νοοῦντα,
1443 5360 1683 5444 νοητὰδέ
1708 5370 1778 5423 τὰ

1885 5367 2009 5419 clim
2046 5366 2390 5419 reducamus.
2433 5363 2570 5418 Nota
2600 5371 2808 5429 autem,
2844 5359 3201 5430 intelligentia
3233 5372 3357 5412 esse
3388 5371 3453 5410 ea

193 5468 493 5537 νοούμενα·
543 5465 638 5517 καὶ
682 5464 1103 5536 ὑπερϐαίνονται
1146 5462 1216 5516 τὰ
1259 5463 1421 5533 νοερὰ
1471 5461 1623 5533 παρὰ
1666 5460 1777 5514 τῶν

1885 5473 2002 5527 quae
2046 5456 2381 5525 intelligunt,
2421 5451 2782 5524 intelligihilia
2822 5464 2952 5505 vero
2996 5465 3059 5504 ea
3088 5464 3207 5518 quze
3252 5448 3453 5502 intelli-

198 5555 423 5629 νοητῶν,
453 5554 577 5610 ὅθεν
618 5558 713 5610 καὶ
744 5557 919 5628 τροφή
961 5557 1078 5609 ἐστι
1102 5555 1211 5609 τῶν
1233 5554 1499 5613 νοούντων
1523 5555 1593 5607 τὰ
1618 5552 1773 5607 νοού-

267 5746 298 5780 ι
326 5733 343 5790 Ι
371 5732 530 5789 Joan.
560 5748 635 5799 tv,
676 5732 733 5799 8,
773 5731 1007 5787 lectione
1033 5733 1207 5795 varia.
1234 5733 1314 5788 Cl'.
1357 5731 1417 5787 P.
1451 5730 1831 5787 Sabaliervct.
1858 5727 2121 5782 Italicam.
2198 5733 2227 5773 7
2252 5723 2453 5793 Philip.
2486 5738 2548 5788 tt,
2582 5721 2635 5775 2.

436 5831 691 5892 Parnm.
747 5830 864 5890 GR.
924 5828 1033 5891 Ill.

1880 5558 2106 5619 guntur,
2143 5556 2199 5604 et
2230 5546 2592 5617 intelligentia
2620 5544 2689 5599 ab
2714 5542 3151 5612 intelligibilibus
3180 5540 3453 5610 superari,

2726 5731 2747 5758 ι
2780 5732 2935 5776 Joan.
2969 5736 3100 5780 xvu,
3136 5717 3229 5771 2|.

3139 5812 3214 5873 25
