3866 6234
363 214 465 271 779

1540 212 1593 265 S.
1635 207 1934 265 DlONYSIl
1972 207 2452 269 ΜΠΞΟΡΑΟΙΤΕΔ

3540 215 3648 271 781'

364 331 512 386 unde
545 328 712 385 etiam
743 327 835 384 llla
862 342 987 398 quae
1029 325 1403 396 intelliguntur
1448 322 1604 377 cibus
1632 332 1759 377 sunt
1790 321 1935 376 intel-

2056 338 2212 391 μενα.
2246 320 2325 373 Td:
2356 320 2486 391 γοῦν
2516 322 2677 393 νοερά
2710 323 2811 395 ἐρᾷ
2840 324 2948 377 τῶν
2979 325 3184 398 νοητῶν
3206 329 3650 401 ἐπιστρεπτικῶς

360 424 672 495 llgentium.
708 420 895 492 Itaque
944 419 1307 491 intelligentia
1355 424 1543 474 amant
1582 415 1947 487 intelligibilia

359 530 588 587 prorsus
619 514 975 580 conversive;
1008 509 1370 581 intelligibilia
1402 524 1532 563 vero
1563 509 1728 563 etiam
1756 515 1949 562 amant

362 607 752 680 intelligentia,
800 605 893 661 sed
944 604 1240 676 provisive,
1294 602 1400 657 illis
1435 602 1587 656 utilia
1640 601 1948 656 communi-

361 701 561 755 cando.
608 699 663 753 In
725 697 978 753 confesso
1032 695 1198 765 igitur
1254 705 1340 749 est
1384 708 1601 748 amores
1642 691 1946 749 istiusmodi

358 767 640 861 superare
668 789 982 845 sensitivos.
1028 785 1297 842 Ceterum
1343 786 1459 841 haec
1490 785 1855 855 intelligibilia
1892 795 1948 840 et

364 883 729 954 intelligentia
761 897 826 937 ex
862 879 1284 952 participatione
1317 880 1430 934 veri
1475 879 1601 933 boni
1633 878 1763 933 talia
1794 877 1942 935 Tacta

360 983 513 1039 sunt,
545 973 646 1043 ipsi
680 980 862 1026 autem
894 984 1113 1025 amores
1143 984 1241 1039 per
1267 983 1326 1024 se
1359 968 1752 1040 intelligibiles,
1774 970 1942 1024 divini

362 1077 510 1122 sunt.
546 1066 703 1121 Sicut
732 1063 878 1119 enim
922 1062 1068 1117 aliud
1098 1071 1183 1116 est
1216 1062 1416 1116 bonum
1448 1077 1543 1131 per
1573 1061 1949 1132 participatioc

363 1173 511 1224 nem,
542 1168 599 1212 et
640 1156 787 1210 aliud
831 1156 1033 1209 bonum
1074 1150 1431 1225 simpliciter;
1464 1154 1544 1208 sic
1580 1154 1745 1207 etiam
1796 1154 1945 1209 aliud

362 1264 447 1309 est
480 1251 827 1323 intelligibile
856 1251 1044 1317 alicui,
1079 1260 1139 1306 ut
1176 1251 1323 1321 quod
1360 1249 1429 1304 ab
1459 1248 1550 1302 illo
1580 1246 1941 1317 intelligitur;

358 1355 417 1400 et
459 1344 605 1400 aliud
639 1344 791 1415 quod
844 1342 1167 1413 simpliciter
1210 1348 1295 1395 est
1340 1337 1705 1409 intelligibile,
1747 1352 1854 1392 non
1886 1344 1946 1389 ut

357 1447 575 1510 tempus
623 1447 720 1491 aut
774 1437 927 1491 locus
963 1436 1101 1505 (haec
1146 1435 1290 1489 enim
1342 1433 1509 1488 etiam
1559 1428 1940 1501 intelligibilia,

360 1546 482 1584 rum
510 1546 616 1583 non
637 1529 749 1584 sint
776 1526 1107 1594 sensibilia),
1139 1528 1233 1579 sed
1256 1522 1399 1592 quod
1424 1522 1494 1575 sit
1523 1519 1831 1575 intellectus
1861 1518 1946 1571 in-

2051 416 2291 481 πάντως,
2320 418 2424 489 ἐρᾷ
2448 417 2504 470 δὲ
2536 417 2632 471 καὶ
2660 417 2727 471 τὰ
2751 418 2915 491 νοητά
2950 419 3059 473 τῶν
3086 421 3307 493 νοερῶν,
3341 424 3481 478 ἀλλά
3506 444 3638 498 προ.

2051 510 2317 582 νοητικῶς
2344 510 2421 581 τῷ
2464 512 2801 582 μεταδιδόναι
2828 513 2927 583 τῆς
2976 512 3263 583 ὠφελείας.
3315 516 3645 587 Ὁμολογοὺ-

2054 621 2216 675 μενον
2259 599 2352 658 οὖν
2380 606 2549 667 ἐστιν.
2582 606 2664 659 ὅτι
2699 609 2748 659 οἱ
2778 606 2887 661 τῶν
2915 607 3169 662 τοιούτων
3211 609 3414 681 ἔρωτες
3446 613 3649 683 ὑπερε-

2051 695 2211 748 στᾶσι
2253 694 2361 747 τῶν
2405 694 2702 767 αἰσθητῶν.
2761 695 2919 748 Ἀλλά
2958 697 3131 749 ταῦτα
3163 700 3261 769 μὲν
3286 701 3353 753 τὰ
3383 704 3559 771 νοητά
3586 720 3646 754 τε

2049 788 2145 841 καὶ
2189 789 2372 862 νοερὰ,
2418 791 2483 843 ἐκ
2527 789 2765 860 μετοχῆς
2809 788 2904 842 τοῦ
2950 790 3120 855 ὅντως
3164 791 3371 860 ἀγαθοῦ
3416 795 3645 849 τοιαῦτα

2049 883 2397 954 γεγένηνται,
2435 883 2485 936 οἱ
2522 883 2580 935 δὲ
2618 882 2936 953 αὐτονόητοι
2966 882 3190 954 ἔρωτες,
3220 887 3267 936 οἱ
3315 885 3453 939 θεῖοί
3484 891 3643 942 εἰσιν.

2052 972 2263 1046 Ὥσπερ
2292 974 2401 1045 γάρ
2430 974 2559 1029 ἄλλο
2596 974 2718 1027 ἐστὶ
2742 973 2804 1027 τὸ
2842 972 2983 1027 κατὰ
3014 976 3244 1047 μετοχὴν
3273 977 3507 1045 ἀγαθὸν,
3550 981 3645 1032 καὶ

2047 1063 2177 1118 ἄλλο
2202 1064 2263 1117 τὸ
2294 1065 2480 1128 ἁπλῶς
2519 1064 2725 1133 ἀγαθόν
2745 1082 2757 1095 ’
2793 1064 2964 1129 οὕτως
2990 1066 3109 1119 ἐστὶ
3149 1068 3243 1120 καὶ
3266 1067 3393 1122 ἄλλο
3432 1070 3497 1122 τό
3536 1088 3643 1123 τινι

2049 1153 2260 1223 νοητὸν,
2286 1154 2381 1208 ἅτε
2408 1154 2698 1225 νοούμενον
2738 1156 2831 1208 ὑπ’
2853 1156 3038 1219 αὐτοῦ,
3072 1158 3165 1210 καὶ
3188 1158 3313 1212 ἄλλο
3356 1160 3422 1212 τὸ
3456 1162 3645 1225 ἁπλῶς

2047 1246 2255 1319 νοητὸν,
2281 1247 2379 1318 οὐχ
2416 1247 2492 1312 ὼς
2516 1250 2543 1302 6
2583 1244 2794 1320 χρόνος,
2824 1250 2856 1321 ἢ
2887 1251 2915 1301 6
2946 1250 3130 1314 τόπος,
3168 1252 3377 1327 (νοητῷ
3405 1254 3523 1326 γὰρ
3549 1260 3644 1311 καὶ

2045 1339 2237 1403 ταῦτα,
2265 1341 2387 1393 ἐπεὶ
2412 1342 2485 1411 μὴ
2514 1342 2792 1412 αἰσθητὰ),
2820 1341 2956 1394 ἀλλά
2986 1341 3111 1406 νοῦς
3136 1344 3244 1396 τῶν
3270 1347 3507 1416 νοητῶν,
3549 1351 3645 1402 καὶ

2047 1426 2174 1492 ζῶν,
2202 1429 2294 1481 καὶ
2320 1428 2453 1499 ζωὴ,
2495 1429 2591 1482 καὶ
2616 1429 2885 1501 ἐνέργεια.
2946 1431 3079 1483 Ἀπὸ
3106 1432 3236 1500 γοῦν
3262 1435 3373 1488 τῶν
3426 1438 3643 1491 πολλῶν

2045 1520 2267 1591 ἐρώτων
2291 1521 2371 1584 είς
2397 1520 2490 1573 δύο
2524 1524 2798 1593 συναιρεῖν
2824 1522 3097 1593 ἐρωτικὰς
3119 1523 3349 1578 καθόλου
3375 1526 3643 1599 δυνάμεις

363 1621 745 1692 telligibilium,
779 1628 834 1673 et
875 1620 1091 1683 vivens,
1142 1626 1198 1671 et
1229 1617 1368 1678 vita,
1401 1622 1456 1668 et
1488 1612 1758 1683 Operatio.
1785 1609 1935 1665 Vires

2048 1613 2315 1684 βούλεται,
2348 1612 2448 1675 τάς
2478 1630 2537 1666 τε
2564 1613 2761 1684 νοητὰς
2786 1615 2879 1666 καὶ
2914 1614 3014 1678 τὰς
3056 1616 3267 1686 νοεράς,
3314 1612 3390 1670 ὧν
3429 1637 3645 1691 προκα-

361 1718 545 1786 itaque
569 1711 867 1767 amatorias
885 1726 915 1765 a
942 1709 1130 1765 multis
1156 1706 1439 1761 amoribus
1463 1706 1530 1759 ad
1556 1705 1694 1760 duos
1720 1702 1935 1760 omnino

2044 1708 2233 1777 τάρχει
2286 1706 2563 1777 πάντωςὴ
2620 1708 2821 1772 παντὸς
2865 1708 3122 1761 ἐπέκεινα
3170 1712 3399 1781 ἄσχετος
3465 1716 3639 1768 αἰτία.

359 1808 609 1866 contrahi
646 1807 817 1877 cupit,
850 1811 960 1859 tam
1002 1801 1383 1871 intelligibiles
1434 1814 1600 1869 quam
1636 1799 1945 1868 intelligen-

361 1913 467 1970 tes,
515 1901 716 1971 quibus
757 1897 1015 1954 omnibus
1064 1902 1291 1965 prwstat
1332 1900 1387 1947 et
1429 1889 1699 1946 antecellit
1740 1890 1945 1945 incom-

356 1990 746 2064 prehensibilis
794 1988 886 2043 illa
920 1986 1103 2041 omnis
1147 1984 1351 2038 amoris
1395 1998 1583 2037 causa.
1631 1983 1946 2049 lncompre-

359 2082 686 2141 lieusibilem
732 2094 858 2135 vero
887 2093 1110 2133 causam
1142 2086 1303 2130 vocat
1328 2075 1438 2129 vim
1475 2074 1735 2139 creandi;
1768 2073 1943 2143 siqui-

359 2178 487 2233 dem
533 2177 648 2231 hac
678 2173 793 2229 sola
830 2172 974 2226 valet
1006 2170 1079 2233 id,
1112 2170 1256 2238 quod
1300 2166 1529 2222 ell'ectus
1560 2166 1857 2221 materialis
1889 2174 1944 2219 et

358 2267 607 2323 turmalis
632 2278 688 2321 et
719 2262 921 2330 ﬁnalis,
948 2262 1075 2317 dum
1098 2258 1259 2316 ellicit
1292 2274 1417 2329 quae
1449 2258 1523 2312 illi
1554 2259 1824 2313 videntur.
1859 2258 1941 2312 Ad

363 2357 508 2413 hanc
545 2356 711 2426 igitur
740 2348 1354 2423 incompreliensibilem
1380 2358 1435 2403 et
1460 2347 1785 2403 efﬁcientem
1811 2364 1941 2403 cau-

360 2463 502 2514 sam,
539 2447 592 2501 in
628 2444 975 2502 commodum
1002 2440 1451 2510 uniuscujusque,
1481 2440 1723 2495 omnium
1759 2440 1943 2495 totalis

360 2556 520 2595 amor
576 2538 916 2602 extenditur,
971 2532 1191 2589 totalem
1234 2530 1398 2604 404
1454 2546 1696 2586 amorem
1738 2546 1942 2587 vocans

361 2633 559 2697 illum,
613 2630 703 2700 qui
761 2642 828 2683 ex
884 2628 1139 2681 omnibus
1184 2624 1607 2695 particularibus
1658 2625 1940 2679 amoribus

359 2724 621 2779 collectus
702 2730 816 2787 est;
882 2720 1024 2774 Deus
1076 2728 1255 2772 autem
1309 2716 1491 2773 totalis
1550 2726 1606 2771 et
1654 2716 1943 2786 particula-

363 2817 442 2871 ris
488 2830 643 2869 amor
669 2812 901 2874 exsistit,
952 2811 1005 2865 in
1053 2820 1315 2880 quantum
1368 2824 1532 2863 causa
1559 2817 1643 2863 est
1683 2818 1737 2863 et
1767 2809 1941 2862 omni-

361 2910 463 2963 bus
523 2907 731 2978 praebet
785 2904 1107 2959 amatorium
1164 2902 1562 2971 quodammodo
1625 2902 1933 2955 humorem.

2049 1800 2312 1868 Ἀτχετον
2342 1799 2397 1851 δὲ
2415 1800 2592 1852 αἰτίαν
2613 1799 2710 1870 τὴν
2735 1801 3129 1875 δημιουργικὴν
3153 1822 3334 1873 φησιν·
3362 1807 3505 1879 αὑτὴ
3532 1809 3641 1882 γὰρ

2046 1894 2138 1944 καὶ
2173 1893 2305 1964 μόνη
2338 1895 2720 1965 κεχωρισμένη
2754 1897 2874 1950 ἐστὶ
2907 1898 3001 1951 τοῦ
3036 1900 3506 1969 ἀποτελέσματος,
3540 1903 3639 1972 τῆς

2047 1982 2255 2054 ὑλικῆς,
2288 1986 2380 2037 καὶ
2406 1986 2503 2055 τῆς
2531 1985 2758 2056 είδικῆς,
2791 1989 2885 2042 καὶ
2911 1991 3009 2061 τῆς
3039 1992 3275 2063 τελικῆς,
3304 1993 3365 2044 ἐν
3390 1993 3476 2063 τῷ
3504 1995 3643 2047 ἀπο-

2044 2074 2333 2145 τελέσματι
2368 2078 2709 2149 φαινόμενον.
2738 2080 2881 2151 Πρὸς
2912 2081 3114 2152 ταύτην
3154 2079 3245 2136 οῦν
3274 2083 3373 2155 τὴν
3402 2085 3640 2154 ἄσχετον

2045 2168 2139 2219 καὶ
2167 2169 2454 2240 ποιητικὴν
2485 2171 2685 2234 αἰτίαν,
2734 2174 3059 2245 προσφόρως
3087 2176 3322 2246 ἑκάστῳ,
3365 2179 3393 2229 6
3426 2179 3499 2229 ἐκ
3530 2178 3639 2230 τῶν

2045 2261 2296 2313 ἁπάντων
2319 2262 2496 2326 όλικὸς
2521 2262 2659 2334 ἔρως
2686 2264 3039 2331 ἀνατείνεται,
3059 2267 3235 2321 όλικὸν
3256 2269 3442 2339 ἔρωτα
3460 2271 3639 2339 λέγων

2042 2351 2133 2403 τὸν
2170 2353 2235 2403 ἐκ
2261 2352 2475 2404 πάντων
2507 2354 2614 2407 τῶν
2656 2356 2895 2426 μερικῶν
2924 2358 3306 2428 συναγόμενον.
3351 2360 3519 2413 Ἐστι
3547 2363 3642 2413 καὶ

2043 2444 2071 2495 6
2096 2442 2226 2507 Θεὸς
2257 2443 2433 2508 ὁλικὸς
2462 2448 2556 2499 καὶ
2590 2449 2813 2518 μερικὸς
2863 2449 3022 2520 ἔρως,
3054 2450 3128 2513 ὼς
3165 2452 3338 2515 αἴτιος
3366 2455 3468 2505 καὶ
3503 2456 3639 2506 πᾶσι

2058 2536 2314 2607 χορηγῶν
2343 2538 2481 2591 κατά
2517 2540 2617 2611 τὴν
2660 2541 2889 2593 ἑκάστου
2925 2542 3150 2613 δύναμιν
3188 2545 3492 2615 ἐρωτικὴν,
3526 2541 3637 2599 οἷον

2042 2627 2360 2701 ἀπόρροιαν.
2394 2630 2518 2695 Πῶς
2559 2628 2650 2686 οὖν
2679 2635 2706 2685 6
2734 2633 2865 2697 Θεὸς
2894 2635 2988 2687 καὶ
3016 2635 3075 2687 τὸ
3103 2636 3221 2687 ὂλον
3251 2637 3343 2689 καὶ
3368 2636 3432 2688 τὸ
3468 2638 3639 2709 μέρος

2043 2719 2448 2791 ἀνεκφοιτήτως
2502 2722 2679 2793 ἐαυτῷ
2730 2721 2906 2776 συνὼν
2946 2721 3082 2777 εἶναι
3128 2724 3366 2787 δύναται,
3414 2729 3487 2779 ἐκ
3541 2728 3638 2780 τοῦ

2045 2813 2417 2883 σπερματικοῦ
2451 2813 2609 2883 λόγου
2644 2817 2813 2885 σαφὲς
2846 2818 3076 2886 γίνεται’
3112 2820 3239 2871 ὅταν
3280 2818 3381 2888 μὲν
3414 2820 3533 2890 γὰρ
3577 2821 3639 2872 τὸ

2044 2904 2263 2976 σπέρμα
2292 2906 2601 2971 ἀδιακόπως
2627 2908 2763 2979 ὁμοῦ
2796 2912 2874 2973 είς
2906 2912 3005 2981 τὴν
3038 2914 3251 2983 μήτραν
3279 2912 3634 2984 καταϐληθῇ,

360 3000 643 3067 Quomodo
694 2997 862 3069 igitur
895 2996 1036 3051 Deus
1068 3003 1239 3049 totum
1289 3004 1345 3048 et
1378 3008 1527 3063 pars,
1560 2994 1680 3048 sine
1711 3007 1932 3064 egressu

2042 2995 2098 3048 ἒν
2136 2996 2481 3050 ἀποτελεῖται
2517 2997 2785 3069 ἔμϐρυον·
2821 3001 2915 3053 ἐὰν
2940 3003 2996 3055 δὲ
3030 3002 3258 3073 μερισθῇ
3298 3006 3363 3056 τὸ
3395 3006 3637 3076 σπέρμα

361 3097 464 3152 sibi
503 3107 741 3165 przesens
764 3105 886 3147 esse
915 3090 1105 3159 possit,
1142 3104 1207 3143 ex
1248 3087 1554 3143 seminandi
1592 3088 1803 3143 ratione
1834 3102 1934 3157 pa-

357 3197 437 3243 tet
481 3203 496 3239 :
547 3183 767 3254 quando
819 3181 965 3235 enim
1021 3193 1208 3235 semen
1268 3178 1476 3247 absque
1526 3177 1931 3247 interruptione

356 3276 520 3334 simul
562 3276 615 3329 in
671 3272 955 3328 matricem
1005 3269 1296 3334 deciderit,
1352 3282 1492 3323 unus
1545 3269 1767 3338 quidam
1818 3283 1935 3323 em-

356 3373 494 3443 bryo
525 3368 827 3431 formatur;
879 3364 925 3419 si
960 3377 1092 3417 vero
1138 3375 1321 3417 semen
1375 3360 1427 3414 in
1460 3360 1642 3415 varias
1688 3364 1934 3418 matricis

355 3462 578 3519 cellulas
620 3458 920 3522 dividatur,
966 3452 1227 3525 quaelibet
1256 3466 1387 3520 pars
1427 3450 1701 3521 integrum
1729 3452 1932 3507 format

365 3556 751 3625 embryonem;
793 3549 903 3605 erit
943 3557 1125 3601 autem
1168 3542 1392 3599 seminis
1430 3558 1557 3612 pars
1608 3558 1713 3597 una
1746 3559 1929 3612 nasus,

354 3647 524 3702 altera
572 3642 784 3705 oculus,
829 3648 885 3694 et
929 3637 1009 3693 sic
1057 3636 1337 3706 deinceps,
1405 3634 1701 3703 omniaque
1752 3634 1932 3704 perle-

2035 3087 2115 3149 είς
2144 3085 2435 3158 διαφόρους
2475 3087 2732 3151 κύστιδας
2771 3090 2869 3160 τῆς
2904 3092 3137 3161 μήτρας,
3184 3091 3413 3145 ἕκαστον
3464 3094 3637 3163 μέρος

2035 3180 2329 3252 ὁλόκληρον
2360 3181 2597 3254 ἔμϐρυον
2628 3185 3007 3254 ἀποτεμείται·
3046 3184 3196 3238 ἔσται
3220 3181 3310 3237 οὖν
3334 3184 3432 3238 τοῦ
3461 3188 3639 3257 σπέρ-

2036 3288 2210 3342 ματος
2236 3272 2298 3325 τὸ
2325 3273 2421 3343 μὲν
2450 3274 2556 3343 ῥὶς,
2583 3275 2643 3327 τὸ
2685 3275 2743 3328 δὲ
2773 3276 3071 3346 ὀφθαλμὸς,
3103 3278 3198 3329 καὶ
3233 3276 3301 3329 τὰ
3344 3276 3504 3347 ἑξῆς,
3539 3280 3638 3333 καὶ

2037 3363 2215 3416 πάντα
2242 3363 2444 3419 τέλεια.
2478 3366 2702 3437 Ὄμοιόν
2742 3385 2793 3420 τι
2826 3367 3127 3439 θεωρητέον
3154 3368 3292 3422 κατά
3328 3371 3635 3439 ἀναλογίαν

2037 3456 2289 3529 καὶπερὶ
2326 3456 2417 3510 τὸν
2460 3458 2773 3513 παντέλειον
2801 3459 2959 3513 νοῦν·
3001 3461 3095 3533 ὅλη
3139 3462 3249 3534 γὰρ
3290 3464 3326 3533 ἡ
3369 3465 3637 3536 ἐνέργεια

2037 3553 2282 3624 περιέχει
2310 3555 2405 3607 καὶ
2431 3553 2499 3607 τά
2542 3554 2682 3627 μέρη
2699 3574 2711 3586 ·
2759 3557 2856 3609 καὶ
2884 3556 3056 3620 οὕτως
3083 3559 3111 3610 ὁ
3134 3557 3265 3622 Θεὸς
3308 3560 3406 3612 καὶ
3445 3561 3635 3625 ὀλικὸς

2039 3643 2131 3695 καὶ
2156 3644 2380 3715 μερικὸς
2403 3644 2539 3715 ἔρως
2564 3645 2700 3700 ἐστί.

353 3746 469 3793 cta.
516 3733 708 3789 Simile
757 3730 1036 3800 quidpiam
1089 3727 1548 3783 considerandum
1591 3726 1757 3780 etiam
1824 3744 1922 3798 per
1953 3736 2362 3803 praportionem
2404 3738 2471 3791 de
2531 3750 2712 3794 mente
2744 3739 3009 3809 perfecta,
3072 3756 3197 3795 nam
3256 3750 3339 3797 tot
3379 3741 3633 3798 efﬁcacia

352 3826 739 3897 complectitur
787 3823 954 3877 etiam
996 3832 1181 3891 partes
1224 3838 1239 3876 :
1285 3821 1366 3876 sic
1410 3819 1575 3875 etiam
1627 3820 1771 3875 Deus
1823 3831 1931 3876 tam
1967 3827 2151 3882 totalis
2182 3844 2343 3897 quam
2377 3831 2621 3899 partialis
2644 3847 2799 3885 amor
2827 3843 2930 3886 est.

1006 3912 1282 3982 Ejusdem.
1766 3978 1775 3985 .

426 4012 456 4086 ε
504 4008 670 4066 XVII.
716 4010 865 4064 Duas
930 4008 1096 4076 igitur
1146 4007 1379 4063 virtutes
1430 4009 1729 4062 amatorias
1767 4024 1930 4078 supra

349 4105 529 4160 dictas
557 4101 787 4174 agedum
816 4100 870 4153 in
914 4114 1078 4152 unum
1107 4099 1445 4170 colligentes,
1476 4099 1721 4155 dicamus
1769 4116 1929 4155 unam

357 4211 482 4253 esse
510 4192 819 4263 simplicem
846 4190 1133 4258 virtutem,
1165 4206 1286 4260 quae
1316 4207 1382 4246 ex
1410 4194 1725 4262 semetipsa,
1756 4204 1808 4247 et
1836 4209 1932 4263 per

352 4286 729 4355 semetipsam,
771 4289 827 4337 et
869 4296 976 4336 non
1013 4294 1112 4349 per
1159 4281 1316 4335 aliam
1359 4282 1600 4351 aliquam
1645 4284 1926 4350 virtutem,

347 4389 410 4434 et
435 4380 489 4434 in
523 4377 821 4445 semetipsa
853 4385 1106 4430 movetur

352 4473 646 4542 semetipsa
677 4471 733 4523 in
777 4467 1127 4537 semetipsam
1174 4466 1474 4522 revolvitur
1515 4482 1687 4537 usque
1725 4468 1792 4523 ad
1829 4482 1927 4524 ex-

354 4564 687 4619 tremitatem
732 4574 943 4625 rerum,
989 4569 1044 4613 et
1089 4574 1157 4613 ex
1204 4559 1308 4613 hac
1352 4559 1406 4612 in
1452 4559 1827 4630 semetipsam.
1861 4560 1930 4615 Et

352 4664 479 4725 post
511 4658 625 4709 haec
648 4653 875 4724 exponit
905 4660 1131 4707 sanctus
1161 4650 1247 4705 hic
1278 4651 1638 4720 quorumdam
1670 4653 1929 4721 quaestio-

354 4765 506 4815 nem,
532 4757 616 4803 est
658 4754 842 4802 autem
875 4746 989 4802 fere
1035 4754 1147 4801 tota
1179 4744 1466 4814 gentilium
1498 4753 1556 4799 et
1597 4743 1929 4801 Manichaeo-

355 4860 495 4898 rum.

427 4935 456 5007 ς
487 4931 673 4987 XVIII.
712 4931 804 4986 Ait
828 4931 1036 5001 itaque,
1062 4929 1447 4985 nonneminem
1471 4927 1709 4998 objicere
1731 4943 1922 4998 posse:

354 5024 415 5083 Si
441 5027 641 5080 bonum
666 5021 925 5077 omnibus
951 5030 1037 5077 est
1059 5020 1293 5075 amabile
1320 5020 1471 5088 (nam
1498 5020 1551 5074 id
1579 5019 1756 5088 ipsum
1782 5020 1925 5088 quod

353 5135 461 5176 non
505 5123 592 5173 est
639 5110 771 5167 illud
816 5111 1049 5180 expetit,
1093 5124 1201 5164 non
1241 5124 1340 5164 ens
1388 5123 1590 5167 vocans
1637 5108 1925 5163 informem

350 5210 675 5274 materiam;
712 5206 854 5262 idem
878 5202 1024 5259 enim
1048 5210 1131 5256 est
1152 5203 1354 5257 bonum
1379 5212 1543 5271 atque
1572 5200 1923 5255 formiﬁcum.

348 5298 812 5368 Quemadmodum
850 5297 1017 5367 igitur
1048 5293 1278 5348 materia
1306 5293 1565 5358 formam,
1596 5293 1677 5347 sic
1703 5293 1755 5347 id
1781 5296 1925 5362 quod

350 5411 455 5446 non
500 5400 583 5446 est
634 5391 801 5444 Deum
826 5387 1051 5458 expetit.
1103 5386 1358 5454 Quinimo
1386 5387 1531 5455 quod
1576 5400 1683 5440 non
1729 5396 1832 5451 est,
1868 5388 1922 5441 in

351 5484 460 5536 lleo
482 5497 643 5550 supra
666 5481 966 5536 essentiam
990 5481 1213 5544 dicitur,
1239 5478 1507 5546 siquidem
1542 5487 1598 5532 et
1618 5480 1922 5548 quantitate

350 5587 404 5628 et
432 5576 605 5630 forma
650 5583 707 5629 et
756 5575 930 5644 ﬁgura
960 5583 1153 5639 caret;
1200 5582 1253 5628 et
1301 5572 1446 5627 Deus
1487 5580 1573 5626 est
1604 5587 1709 5627 non
1748 5586 1918 5642 terra,

338 5678 458 5717 «non
489 5679 650 5731 aqua,
684 5676 791 5719 non
826 5663 983 5735 ignis,
1009 5664 1102 5720 sed
1133 5678 1294 5735 supra
1325 5663 1440 5718 haec
1464 5662 1644 5719 omnia
1668 5677 1917 5732 Superes-

2664 3924 2771 3977 Τοῦ
2798 3926 3003 3979 αὐτοῦ.

2103 4011 2132 4083 ς
2172 4010 2333 4067 XVII.
2380 4012 2491 4076 Τάς
2520 4012 2651 4082 γοῦν
2690 4014 2896 4068 ἄνωθεν
2928 4016 3186 4087 ῥηθείσας
3222 4018 3507 4089 ἐρωτικὰς
3535 4022 3632 4075 δύο

2035 4102 2315 4173 δυνάμεις,
2350 4105 2450 4173 ἄγε
2492 4107 2573 4169 εἰς
2611 4104 2669 4158 ἓν
2700 4106 3043 4175 συνάγοντες,
3085 4108 3351 4178 εἴπωμεν,
3397 4110 3484 4165 ὅτι
3528 4114 3631 4182 μία

2036 4196 2185 4248 ἐστὶν
2214 4197 2247 4266 ἡ
2276 4196 2418 4269 ἁπλῆ
2450 4196 2755 4270 δύναμις,ή
2788 4199 2847 4265 ἐξ
2892 4199 3061 4269 αὐτῆς
3102 4201 3379 4273 κινητικὴ,
3430 4206 3533 4256 καὶ
3560 4206 3628 4258 δι’

2036 4286 2258 4357 ἐαυτῆς,
2294 4288 2389 4341 καὶ
2429 4288 2490 4341 οὑ
2536 4289 2604 4341 δι’
2648 4288 2815 4360 ἄλλης
2855 4290 3000 4353 τινὸς
3045 4290 3349 4361 δυνάμεως,
3406 4294 3507 4347 καὶ
3539 4296 3627 4363 ἐφ’

1155 4389 1172 4428 :
1213 4373 1665 4444 inegressibiliter
1693 4376 1837 4429 enim
1863 4390 1933 4431 ex

2042 4376 2266 4446 ἑαυτῆς·
2310 4377 2714 4448 ἀνεκφοιτήτως
2741 4377 2851 4449 γάρ
2881 4379 2960 4441 είς
3004 4378 3199 4449 ἑαυτὴν
3230 4379 3625 4434 ἀνακυκλοῦσα

2032 4466 2089 4532 ἐξ
2107 4468 2306 4539 ἐαυτῆς
2333 4468 2492 4540 μέχρι
2512 4467 2605 4521 τοῦ
2632 4468 2741 4521 τῶν
2758 4468 2924 4522 ὄντων
2952 4470 3202 4540 ἐσχάτου,
3228 4470 3320 4522 καὶ
3338 4472 3403 4523 ἐκ
3423 4473 3623 4526 τούτου

2032 4559 2110 4622 είς
2153 4560 2370 4631 ἑαυτήν.
2421 4559 2533 4613 Καὶ
2577 4561 2714 4631 μετά
2755 4559 2927 4613 ταῦτα
2969 4560 3241 4613 ἐκτίθεται
3276 4563 3304 4613 6
3341 4561 3504 4630 ἅγιος
3547 4566 3623 4628 (ut;

2031 4649 2140 4703 ἀπό
2163 4669 2322 4705 τινων
2350 4653 2581 4722 ἀπορίαν
2600 4654 2720 4707 τινά
2744 4670 2757 4682 ·
2803 4652 2919 4705 ἐστι
2941 4652 2997 4705 δὲ
3026 4653 3086 4705 τὸ
3112 4654 3217 4706 πᾶν
3242 4654 3387 4707 κατά
3425 4656 3620 4728 Ἐλλή-

2032 4760 2137 4795 νων
2168 4745 2261 4797 καὶ
2289 4744 2626 4817 Μανιχαίων.

2101 4926 2128 4997 §
2172 4927 2361 4983 XVIII.
2407 4929 2544 5000 Φησὶ
2594 4929 2747 4997 γοῦν,
2790 4930 2870 4983 ὅτι
2901 4928 3033 4999 φαίη
3078 4945 3162 4990 τις
3203 4928 3298 4980 ἀν’
3351 4928 3417 4980 Εἰ
3446 4931 3620 4982 πᾶσίν

2029 5018 2175 5070 ἐστιν
2206 5018 2433 5089 ἐραστὸν
2458 5020 2520 5072 τὸ
2541 5020 2743 5088 ἀγαθὸν
2774 5020 2888 5090 (καὶ
2912 5019 3044 5072 αὐτὸ
3064 5018 3174 5090 γὰρ
3194 5019 3257 5071 τὸ
3282 5017 3359 5090 μὴ
3384 5018 3445 5072 ὃν
3470 5020 3621 5087 ἐφίε-

2026 5125 2117 5162 ται
2137 5110 2348 5173 τούτου,
2374 5110 2446 5181 μὴ
2473 5110 2531 5163 ὃν
2551 5106 2728 5180 λέγων
2750 5111 2848 5182 τὴν
2876 5111 3110 5165 ἀνείδεον
3136 5110 3270 5180 ὓλην
3290 5127 3303 5139 ·
3333 5111 3472 5163 αὐτὸ
3502 5111 3616 5181 γάρ

2027 5202 2145 5253 ἐστι
2183 5202 2243 5254 τὸ
2283 5202 2485 5269 ἀγαθὸν
2528 5202 2589 5255 τὸ
2624 5203 2908 5257 είδοποιόν.
2966 5203 3052 5266 Ὠς
3111 5201 3245 5271 γοῦν
3292 5203 3326 5272 ἡ
3377 5202 3480 5273 ὕλη
3516 5201 3613 5253 τοῦ

2026 5292 2217 5357 εἴδους,
2259 5292 2401 5347 οὕτω
2442 5294 2503 5347 τὸ
2549 5294 2623 5365 μὴ
2668 5294 2729 5347 ὃν
2772 5294 2866 5347 τοῦ
2897 5293 3054 5347 Θείου
3099 5293 3332 5362 ἐφίεται.
3380 5294 3497 5345 Καὶ
3532 5293 3614 5345 ἔτι

2027 5384 2364 5454 ὑπερουσίως
2402 5385 2615 5453 λέγεται
2638 5385 2701 5437 τὸ
2734 5385 2807 5456 μὴ
2850 5385 2908 5437 ὂν
2935 5384 3029 5437 ἐπὶ
3053 5378 3211 5447 Θεοῦ,
3245 5384 3455 5446 ἄποσος
3501 5383 3610 5453 γὰρ

2025 5478 2118 5530 καὶ
2144 5477 2383 5540 ἀνείδεος
2410 5479 2503 5530 καὶ
2526 5478 2949 5549 ἀσχημάτιστος,
2979 5478 3072 5531 καὶ
3100 5476 3160 5530 οὐ
3191 5476 3287 5545 γῆ,
3312 5475 3414 5548 οὐχ
3439 5474 3608 5545 ὕδωρ,

2022 5573 2082 5624 οὐ
2132 5570 2264 5643 πῦρ,
2307 5575 2335 5626 6
2374 5572 2505 5637 Θεός
2549 5575 2716 5639 ἐστιν,
2762 5574 3101 5645 ὑπερουσίως
3146 5572 3201 5625 δὲ
3245 5571 3390 5643 ὑπὲρ
3433 5570 3609 5623 ταῦτα

2024 5663 2256 5734 πάντα·)
2294 5665 2339 5717 εί
2386 5660 2479 5717 οὖν
2526 5664 2704 5719 πάντα
2743 5665 2836 5717 τοῦ
2885 5662 3089 5732 ἀγαθοῦ
3133 5661 3371 5733 ἐφίεται,
3570 5664 3607 5731 ἡ
