3866 6234
271 304 373 363 781

846 309 936 365 DE
967 311 1228 368 DlVlNlS
1255 310 1657 379 NOMINIBUS,
1691 311 1843 369 CAP.
1882 311 1970 367 IV.
2005 344 2075 354 —
2107 311 2455 371 PARAPIIR.
2493 315 2969 379 PACHYMERE.

3434 324 3539 380 789.

264 422 521 495 δαιμονία
539 423 747 497 πληθὺς
760 426 860 480 οὑκ
885 428 1097 498 ἐφίεται
1113 447 1129 497 ;
1148 428 1421 502 Πρότερον
1446 430 1503 484 δὲ
1522 431 1848 504 σημειωτέον

1971 427 2343 499 sentialiter),
2374 429 2441 494 si,
2469 429 2718 499 inquam,
2766 432 2952 487 omnia
2998 432 3198 487 bonum
3247 444 3534 505 appetunt.

266 515 404 587 περὶ
428 515 520 568 τοῦ
561 516 636 588 μὴ
678 517 848 583 ὄντος,
875 521 957 573 ὅτι
995 522 1155 575 τοῦτο
1173 522 1235 576 τὸ
1259 522 1334 595 μὴ
1358 523 1419 577 ὃν
1445 524 1495 577 οἱ
1525 524 1744 578 παλαιοὶ
1780 523 1856 596 μὴ

267 607 435 678 μόνον
458 608 694 663 ἀνείδεον
726 609 857 683 ’ὑλην
890 612 1179 681 ἐκάλεσαν,
1215 614 1351 669 ἀλλά
1389 615 1485 668 καὶ
1510 614 1736 687 ἔσχατον
1770 613 1855 671 αἴ-

264 713 420 768 σχος.
450 699 684 769 Λέγεται
711 701 768 755 δὲ
795 702 870 773 μὴ
892 702 952 757 ὃν
978 706 1012 777 ή
1040 703 1140 777 ὑλη
1164 705 1262 777 οὑχ
1285 706 1368 760 ὅτι
1400 706 1676 772 παντελῶς
1700 708 1855 763 οὐδέν

261 791 439 855 ἐστιν,
474 792 588 845 ἀλλ’
622 793 706 845 ὅτι
738 793 815 865 μὴ
849 794 967 848 ὲστί
997 814 1050 849 τι
1078 797 1188 851 τῶν
1210 798 1410 852 ὄντων·
1444 801 1721 871 παρῆκται
1756 802 1854 872 μὲν

261 881 381 953 γάρ
404 885 470 935 ἐκ
491 884 566 955 μὴ
599 883 769 937 ὄντων
803 885 909 939 ὑπὸ
942 886 1037 940 τοῦ
1072 889 1207 942 Θεοῦ
1232 890 1325 943 καὶ
1358 893 1391 962 ὴ
1428 891 1525 962 ύλη
1548 908 1560 921 ο
1586 891 1701 945 ἀλλ’
1732 894 1851 963 οὑχ,

258 972 344 1038 ῶς
377 992 520 1039 τινες
556 976 845 1041 ὑπέλαϐον,
872 979 1110 1044 ἀνείδεος
1131 981 1226 1034 καὶ
1256 983 1666 1054 ἀσχημάτιστος
1686 1003 1698 1015 ·
1731 985 1853 1039 ὅθεν

255 1067 390 1121 οὐδὲ
418 1068 561 1140 ἀρχὴ
594 1068 703 1122 τῶν
746 1070 1022 1141 αἰσθητῶν
1055 1074 1089 1144 ή
1124 1072 1248 1144 ὑλη,
1290 1073 1425 1128 άλλά
1473 1075 1672 1146 μᾶλλον
1718 1095 1854 1147 συμ-

258 1160 589 1233 πληρωτικὴ
640 1161 844 1216 τούτων
890 1165 986 1217 καὶ
1036 1165 1261 1236 ἔσχατόν
1294 1183 1346 1218 τι
1383 1166 1476 1219 καὶ
1529 1167 1849 1239 ὑποστάθμη

257 1252 379 1305 τῶν
400 1254 590 1307 ὄντων.
616 1256 724 1308 Καὶ
751 1256 813 1309 τὸ
848 1256 1105 1329 αἰσθητὸν
1131 1259 1232 1312 οὑκ
1262 1260 1390 1313 ἄνευ
1423 1261 1521 1329 μὲν
1552 1260 1681 1332 ὑλης
1711 1262 1849 1325 ἐστὶ,

255 1347 515 1414 κρεῖττον
549 1347 604 1399 δὲ
638 1348 737 1419 τῆς
766 1348 919 1420 ὕλης,
967 1349 1142 1414 εἴδους
1177 1353 1424 1406 ὁπωσοῦν
1462 1353 1717 1424 μετέχον·
1759 1352 1851 1405 οὑ-

252 1436 461 1489 δέποτε
508 1432 600 1490 οῦν
644 1438 986 1511 δειχθήσεται
1032 1443 1065 1512 ή
1103 1441 1200 1513 ὑλη
1244 1442 1367 1514 δίχα
1408 1444 1504 1497 τοῦ
1551 1446 1725 1511 εἴδους
1758 1447 1854 1500 καὶ

255 1526 376 1578 τῶν
413 1528 746 1599 ποιοτήτων·
790 1530 921 1584 πότε
956 1530 1065 1603 γὰρ
1096 1534 1284 1602 γέγονε
1314 1533 1373 1586 τὸ
1413 1535 1524 1607 πῦρ
1561 1536 1688 1589 ἄνευ
1723 1536 1850 1609 θερ-

263 1618 504 1690 μότητος
546 1620 579 1691 ἧ
616 1623 814 1690 φωτὸς,
856 1624 889 1695 ἢ
927 1625 987 1678 τὸ
1023 1625 1167 1699 ὕδωρ
1216 1626 1345 1681 ἀνευ
1377 1627 1715 1699 ψυχρότητος
1759 1630 1852 1683 καὶ

261 1710 565 1782 ὑγρότητος
598 1713 806 1767 καὶτοῦ
838 1714 1183 1780 κυανίζοντος
1214 1717 1541 1789 χρώματος;
1574 1720 1671 1773 Διά
1694 1720 1853 1774 τοῦτο

1958 518 2232 587 quomodo
2282 517 2442 573 turba
2492 519 2804 574 daemonum
2838 536 2945 576 non
2974 518 3107 577 illud
3134 524 3379 593 expetit?
3411 525 3535 580 Pri-

1957 626 2106 665 mum
2152 621 2336 666 autem
2382 613 2785 668 observandum
2816 615 2965 669 circa
3012 630 3118 669 non
3163 631 3283 683 ens,
3316 629 3532 674 veteres

1958 702 2091 757 illud
2120 718 2224 757 non
2247 718 2344 757 ens
2367 717 2473 757 non
2499 702 2674 758 solum
2704 704 2995 761 informem
3019 708 3526 771 materiam,verum

1958 793 2125 848 etiam
2148 803 2451 848 extremam
2483 795 2883 863 turpitudinem
2922 797 3249 867 appellasse.
3300 797 3527 857 Materia

1957 894 2139 939 autem
2179 885 2384 939 dicitur
2408 901 2517 940 non
2545 902 2663 951 ens,
2696 903 2801 941 non
2834 891 2976 957 quod
3001 890 3225 944 omnino
3261 891 3396 947 nihil
3429 893 3528 957 sit,

1955 976 2206 1046 sed’quod
2230 991 2335 1031 non
2362 978 2431 1030 sit
2456 977 2661 1047 aliquid
2686 994 2866 1034 rerum
2898 981 3280 1035 exststentium
3304 998 3321 1046 ;
3353 984 3528 1053 siqui-

1955 1067 2079 1123 dem
2108 1083 2176 1121 ex
2204 1083 2308 1122 non
2348 1068 2568 1124 entibus
2597 1069 2762 1124 etiam
2790 1070 2905 1139 ipsa
2936 1073 3165 1126 materia
3193 1088 3222 1126 a
3260 1073 3371 1128 Deo
3402 1088 3530 1143 pro-

1955 1160 2117 1214 ducta
2161 1157 2286 1223 fuit,
2334 1158 2428 1214 sed
2470 1176 2597 1223 non,
2654 1170 2717 1216 ut
2764 1162 2929 1231 aliqui
2978 1162 3367 1231 opinabantur,
3409 1166 3532 1219 sine

1954 1251 2128 1304 forma
2174 1258 2229 1304 et
2261 1250 2484 1320 figura:
2528 1252 2758 1321 ideoque
2806 1252 2969 1325 405
3017 1256 3242 1309 materia
3289 1269 3396 1310 non
3445 1266 3535 1311 est

1955 1341 2283 1410 principium
2337 1343 2645 1408 sensilium,
2678 1346 2774 1400 sed
2826 1346 3009 1415 petius
3056 1361 3244 1401 eorum
3285 1349 3528 1419 comple-

1954 1446 2227 1502 mentum,
2252 1447 2308 1491 et
2351 1447 2661 1492 extremum
2703 1439 2835 1509 quid
2876 1455 2942 1495 ac
2986 1438 3402 1496 fundamentum
3431 1456 3531 1497 en-

1955 1529 2111 1582 tium.
2145 1529 2209 1582 Et
2236 1530 2377 1596 quod
2423 1530 2683 1585 sensibile
2709 1540 2813 1597 est,
2862 1546 2969 1585 non
2998 1532 3118 1587 sine
3162 1533 3388 1588 materia
3420 1542 3531 1600 est,

1952 1621 2047 1674 sed
2072 1634 2193 1673 cum
2220 1621 2291 1673 sit
2318 1621 2678 1689 pnestantius
2705 1623 2834 1691 quid
2863 1624 3112 1688 materia,
3138 1623 3367 1678 formam
3393 1639 3532 1695 quo-

1952 1726 2060 1780 quo
2085 1712 2245 1767 modo
2276 1713 2573 1781 participat
2603 1730 2618 1779 ;
2670 1730 2947 1785 nunquam
2994 1718 3161 1788 igitur
3206 1720 3527 1775 ostendetur

254 1804 361 1856 καὶ
401 1805 544 1876 λόγῳ
591 1806 843 1879 θεωρητή
880 1810 1028 1861 ἐστιν
1077 1812 1110 1881 ή
1151 1810 1272 1883 ὑλη,
1313 1812 1411 1867 καὶ
1455 1814 1556 1866 οὑκ
1596 1813 1846 1885 αἰσθήσει

1953 1808 2182 1859 materia
2224 1806 2342 1861 sine
2373 1805 2549 1861 forma
2592 1817 2647 1860 et
2673 1807 3073 1877 qualitatibus:
3118 1812 3340 1880 quando
3385 1815 3531 1870 enim

257 1897 463 1969 ληπτὴ,
495 1899 588 1952 καὶ
622 1900 759 1971 νόθῳ
781 1901 1025 1973 λογισμῷ
1054 1903 1564 1976 καταλαμϐάνεσθαι
1596 1906 1844 1974 λέγεται·

263 1989 390 2042 τόδε
421 1991 558 2055 ἐστὶ,
589 1990 828 2059 λέγεται,
866 1993 979 2046 ἀλλ’
1013 1994 1096 2047 ὅτι
1130 1996 1248 2048 τόδε
1284 1997 1384 2050 οὑκ
1416 1997 1550 2063 ἔστι,
1588 2001 1767 2070 χεῖρον
1793 2000 1849 2052 δὲ

257 2082 502 2136 πάντων.
536 2083 694 2136 Οὕτω
728 2083 838 2156 γὰρ
879 2087 973 2138 καὶ
1003 2088 1096 2139 ἐπὶ
1130 2087 1224 2140 τοῦ
1263 2090 1397 2143 Θεοῦ
1434 2091 1695 2163 λέγομεν·
1734 2093 1849 2146 ἀλλ’

254 2171 445 2224 ἐκεῖσε
475 2176 721 2244 κρεῖττον
764 2177 984 2229 πάντων
1020 2178 1220 2248 φαμὲν,
1257 2182 1350 2234 καὶ
1392 2182 1754 2254 ὑπερουσίως.
1786 2187 1849 2239 Εἰ

256 2264 397 2334 γοῦν
427 2264 570 2319 οὑτω
597 2265 792 2332 ταῦτα,
832 2268 950 2333 πῶς
981 2272 1014 2342 ἡ
1054 2273 1307 2343 δαιμονία
1336 2274 1545 2345 πληθὺς
1575 2277 1670 2330 τοῦ
1714 2277 1851 2347 ἀγα-

256 2362 359 2417 θοῦ
378 2366 476 2417 οὑκ
491 2365 720 2434 ἐφίεται,
745 2367 1172 2421 ἀποπεπωκυῖα
1188 2368 1265 2432 δὲ,
1285 2368 1469 2421 κακῶν
1485 2369 1737 2423 ἁπάντων
1760 2371 1852 2422 καὶ

256 2457 430 2527 ἑαυτῇ
448 2457 667 2521 καὶτοῖς
693 2459 1081 2529 κακυνομένοις
1098 2458 1243 2512 αἰτία
1257 2459 1484 2528 γίνεται;
1508 2459 1631 2524 Πῶς
1647 2460 1722 2525 δὲ,
1747 2478 1851 2514 πα-

258 2545 532 2618 ραχθεῖσα
566 2547 631 2599 ἐκ
662 2546 757 2599 τοῦ
793 2547 1021 2616 ἀγαθοῦ,
1063 2549 1164 2601 οὑκ
1198 2548 1345 2602 ἐστιν
1386 2549 1725 2621 άγαθοειδὴς,
1756 2568 1851 2621 με-

256 2638 541 2708 τασχοῦσα
560 2638 656 2692 τοῦ
671 2640 730 2692 οὑ
740 2639 949 2704 σιωδῶς
979 2641 1073 2694 καὶ
1095 2644 1155 2694 οὑ
1175 2642 1315 2695 κατὰ
1344 2641 1573 2713 μετοχὴν
1604 2642 1811 2711 ἀγαθοῦ
1832 2659 1847 2708 ;

254 2730 328 2783 τὰ
371 2731 479 2802 γὰρ
523 2731 722 2798 ἔξωθεν
756 2733 1135 2805 ἀγαθυνόμενα
1180 2738 1245 2804 τῇ
1296 2735 1425 2805 περὶ
1478 2735 1611 2788 αὑτὸ
1663 2735 1850 2805 ἐφέσει

253 2824 555 2897 ἀγαθοειδῆ
594 2826 862 2896 λέγονται,
901 2829 994 2882 καὶ
1042 2828 1142 2882 οὑκ
1184 2828 1508 2899 αὐτόχρημα
1546 2828 1760 2895 ἀγαθά·
1814 2828 1847 2898 ἢ

256 2919 383 2983 πῶς
415 2921 620 2989 ἀγαθὸν
660 2922 903 2991 γεγονὸς,
944 2922 1233 2994 ἠλλοιώθη,
1267 2922 1341 2994 μὴ
1368 2922 1463 2975 τοῦ
1503 2922 1708 2993 ἀγαθοῦ
1755 2926 1848 2977 ὲκ-

252 3012 618 3082 νικήσαντοςς
660 3014 770 3066 Καὶ
799 3013 853 3065 τί
888 3015 1004 3066 ἐστι
1038 3013 1099 3066 τὸ
1132 3016 1359 3086 κινῆσαν
1412 3014 1584 3085 αὐτὴν
1626 3017 1705 3079 εἰς
1753 3032 1850 3068 κα-

255 3104 410 3168 κίαν,
508 3105 725 3175 μᾶλλον,
746 3106 830 3170 τίς
856 3107 888 3177 ἡ
922 3106 1063 3179 ἀρχὴ
1086 3106 1277 3159 τούτου
1303 3123 1317 3170 ;
1352 3106 1472 3160 οὑδὲ
1497 3106 1607 3177 γὰρ
1628 3107 1845 3174 εὐαγὲς,

1953 1897 2057 1951 fuit
2083 1898 2223 1969 ignis
2254 1898 2374 1953 sine
2411 1898 2593 1953 calore
2620 1910 2713 1953 aut
2742 1900 2972 1967 lumine,
3000 1901 3086 1955 vel
3110 1917 3248 1971 aqua
3281 1905 3401 1960 sine
3428 1908 3527 1959 fri—

1953 2003 2083 2059 gore
2104 1997 2157 2043 et
2185 1988 2514 2045 humiditale
2536 2000 2591 2044 et
2621 1991 2859 2045 caeruleo
2884 1992 3100 2048 colore?
3130 1994 3335 2050 Idcirco
3359 1999 3525 2052 etiam

1953 2082 2067 2137 dixi
2112 2083 2398 2136 materiam
2443 2084 2655 2138 ratione
2700 2085 2936 2155 concipi,
2982 2095 3036 2140 et
3082 2101 3187 2140 non
3224 2102 3384 2143 sensu
3431 2105 3528 2158 ap-

1954 2175 2235 2244 prehendi,
2266 2190 2366 2229 nec
2396 2189 2503 2229 non
2530 2177 2827 2246 impropria
2857 2193 2950 2233 seu
2981 2178 3264 2249 illegitima
3310 2184 3525 2238 ratione

1953 2266 2168 2336 concipi
2199 2268 2518 2335 perhibetur
2549 2284 2561 2318 :
2594 2266 2675 2321 sic
2701 2269 2866 2320 etiam
2899 2272 3042 2336 quod
3077 2270 3177 2322 hoc
3199 2269 3270 2322 sit
3301 2269 3525 2335 dicitur,

1953 2358 2049 2412 sed
2081 2358 2227 2427 quod
2259 2358 2393 2413 illud
2424 2374 2530 2413 non
2560 2360 2655 2427 sit,
2681 2360 2883 2429 quippe
2913 2362 3040 2429 quid
3070 2362 3223 2432 pejus
3251 2365 3525 2420 omnibus.

1951 2447 2168 2501 Etenim
2198 2449 2279 2504 sic
2310 2451 2478 2504 etiam
2510 2449 2576 2503 de
2611 2450 2720 2504 Deo
2755 2448 3007 2512 dicimus,
3046 2465 3232 2504 verum
3265 2462 3396 2507 tunc
3436 2468 3528 2507 as-

1953 2544 2210 2611 serimus,
2234 2546 2410 2615 ipsum
2455 2545 2586 2614 quid
2630 2545 2887 2600 omnibus
2933 2560 3057 2600 esse
3097 2547 3314 2615 melius,
3365 2549 3529 2619 idque

1954 2641 2511 2710 superessentialiter.
2552 2638 2611 2694 Si
2652 2641 2838 2711 itaque
2872 2642 2989 2695 hzec
3030 2642 3106 2695 ita
3156 2657 3216 2697 se
3268 2643 3529 2709 habeant,

1956 2734 2231 2800 quomodo
2259 2734 2415 2787 turba
2445 2732 2754 2788 daemonum
2798 2736 2997 2788 bonum
3042 2751 3148 2789 non
3175 2738 3401 2803 expetit,
3431 2740 3529 2792 sed

1955 2839 1985 2877 a
2020 2839 2120 2879 suo
2159 2835 2306 2880 statu
2337 2826 2615 2896 prolapsa,
2654 2838 2765 2881 tam
2793 2826 2896 2881 sibi
2928 2828 3028 2896 ipsi
3059 2842 3220 2896 quam
3253 2828 3375 2885 aliis
3404 2846 3533 2896 per-

1953 2917 2127 2971 versis
2163 2917 2430 2980 malorum
2455 2919 2699 2974 omnium
2742 2932 2908 2973 causa
2943 2921 3208 2974 exsistit?
3244 2920 3530 2988 Quomodo

1954 3021 2163 3074 autem,
2191 3026 2312 3066 cum
2344 3013 2607 3081 producta
2630 3011 2702 3066 sit
2728 3025 2797 3066 ex
2815 3012 2979 3077 bono,
3001 3012 3127 3066 boni
3158 3012 3329 3067 forma
3356 3024 3528 3078 caret,

1953 3102 2232 3171 particeps
2255 3105 2529 3158 exsistens
2558 3102 2675 3171 ejus
2697 3104 2787 3174 qui
2808 3102 3173 3159 essentialiter
3188 3114 3243 3160 et
3271 3121 3375 3160 non
3401 3122 3532 3177 par-

255 3195 357 3249 δύο
388 3163 565 3267 ἀρχάς
613 3199 810 3261 εἰπεῖν,
852 3163 1159 3262 κατάιὶέοὺς
1204 3163 1588 3269 Μανιχαίουις..
1614 3200 1677 3253 Εἰ
1726 3163 1783 3252 δὲ
1818 3201 1847 3251 ὁ

1954 3194 2270 3264 ticipatione
2305 3197 2478 3251 bonus
2518 3197 2646 3251 est?
2696 3213 2822 3251 nam
2856 3212 2978 3267 qua:
3020 3199 3363 3253 extrinsecus
3408 3198 3529 3265 ejus

256 3288 465 3357 ἀγαθὸς
489 3289 731 3361 παρῆξεν
756 3290 945 3362 αὑτὴν,
967 3290 1084 3355 πῶς
1107 3290 1378 3363 ἠϐουλήθη
1403 3291 1561 3344 τοῦτο
1588 3293 1844 3364 ποιῆσαις

254 3382 291 3453 ἤ
322 3382 625 3453 βουληθεὶς,
662 3385 778 3450 πῶς
808 3386 1046 3457 ἠδυνήθη
1071 3403 1085 3450 ;
1131 3388 1218 3450 Ὠς
1244 3388 1352 3459 γὰρ
1382 3388 1442 3441 τὸ
1467 3387 1580 3460 πῦρ
1613 3390 1847 3462 φυσικὴν

254 3477 566 3547 ἀδυναμίαν
602 3478 714 3549 ἔχει
747 3478 883 3549 πρὸς
908 3480 969 3533 τὸ
1002 3480 1216 3552 ψύχειν,
1254 3484 1347 3535 καὶ
1384 3483 1442 3535 οὑ
1472 3482 1628 3552 ψύξει
1669 3483 1770 3538 κᾶν
1799 3484 1852 3537 εί

255 3584 312 3619 τι
340 3569 433 3620 καὶ
455 3568 713 3641 γένηται·
750 3569 892 3622 οὑτω
922 3572 1016 3625 καὶ
1036 3570 1097 3623 τὸ
1128 3573 1433 3641 αὑτάγαθον
1462 3573 1695 3646 φυσικὴν
1725 3575 1850 3627 ἀδυ-

255 3659 462 3729 ναμίαν
520 3660 634 3731 ἔχει
678 3662 817 3735 πρὸς
861 3664 921 3717 τὸ
967 3665 1136 3719 κακὸν
1171 3665 1431 3738 παράξαι.
1480 3666 1605 3730 Πῶς
1650 3666 1707 3720 δὲ
1752 3668 1848 3720 καὶ

258 3751 520 3822 προνοίας
540 3752 707 3825 οὔσης
732 3756 826 3808 καὶ
865 3756 1239 3828 κυϐερνώσης,
1267 3760 1354 3828 ἐφ’
1384 3752 1428 3827 ᾧ
1463 3759 1641 3813 πάντα
1674 3762 1732 3814 ὲν
1768 3761 1847 3831 τῷ

256 3840 454 3911 ἀγαθῷ
483 3843 681 3912 μένειν,
720 3844 835 3897 ἐστι
863 3844 924 3898 τὸ
954 3845 1145 3910 κακὸν,
1184 3846 1217 3917 ἦ
1258 3846 1542 3917 γινόμενον
1568 3863 1582 3911 ;
1623 3846 1655 3918 ἢ
1687 3847 1842 3900 εἵπου

257 3933 358 3985 καὶ
381 3933 637 4005 ἐγενήθη,
678 3934 751 4006 μὴ
784 3936 1176 4008 ἀναιρούμενον
1199 3954 1212 4002 ;
1237 3938 1331 3990 καὶ
1360 3936 1479 4001 πῶς
1516 3939 1685 4002 ἐστιν,
1714 3936 1845 4006 ἀφέ-

260 4026 424 4097 μενόν
457 4045 511 4080 τι
544 4028 639 4081 τοῦ
669 4029 897 4098 ἀγαθοῦ,
933 4028 1027 4082 τοῦ
1066 4028 1239 4083 κακοῦ
1274 4028 1557 4098 ὲφίεσθαι;

1950 3288 2226 3343 desiderio
2256 3289 2398 3343 bona
2435 3288 2575 3344 facta
2620 3299 2771 3357 sunt,
2801 3290 3134 3344 bonifortnia
3164 3291 3443 3357 dicuntur,
3474 3300 3531 3346 et

1952 3394 2061 3433 non
2090 3394 2287 3450 reapse
2326 3381 2490 3443 bona,
2524 3390 2615 3434 aut
2642 3380 2917 3449 quomodo
2943 3379 3085 3434 bona
3125 3378 3293 3445 facta,
3323 3390 3529 3433 mutata

1949 3479 2033 3526 est
2064 3472 2208 3525 bono
2234 3470 2463 3525 minime
2485 3469 2828 3541 superante?
2857 3470 3066 3537 Ecquid
3093 3478 3177 3524 est
3200 3470 3343 3538 quod
3378 3469 3525 3522 illam

1959 3564 2129 3617 movit
2152 3563 2219 3618 ad
2246 3562 2533 3629 malitiam,
2559 3563 2643 3617 vel
2668 3563 2872 3633 potius,
2907 3563 3183 3631 quodnam
3224 3563 3340 3633 ejus
3379 3564 3529 3632 priu-

1956 3654 2195 3723 cipium?
2243 3668 2421 3723 neque
2457 3655 2603 3709 enim
2648 3653 2968 3723 religiosum
3009 3656 3080 3709 sit
3117 3653 3225 3708 duo
3258 3654 3528 3724 principia

1954 3756 2217 3814 statuere,
2262 3748 2564 3801 secundum
2607 3746 2960 3801 Manicbazos.
3012 3746 3072 3800 Si
3119 3755 3299 3800 autem
3351 3746 3529 3800 bonus

1954 3840 2127 3910 ipsam
2159 3839 2440 3909 produxit,
2471 3838 2744 3908 quomodo
2770 3838 2942 3893 voluit
2980 3839 3087 3893 hoc
3119 3838 3298 3892 facere
3322 3837 3345 3890 ?
3372 3837 3453 3891 vel
3481 3838 3528 3891 si

1953 3931 2148 3998 voluit,
2173 3932 2446 4001 quomodo
2472 3931 2693 4001 potuit?
2716 3930 3187 3997 Quemadmodum
3217 3929 3361 3984 enim
3387 3931 3530 3999 ignis

1956 4024 2262 4081 naturalem
2292 4024 2674 4093 impotentiam
2701 4023 2861 4076 habet
2886 4021 2953 4075 ad
2977 4020 3446 4092 frigefaciendnm,
3478 4031 3534 4075 et

256 4118 525 4187 quidquid
553 4118 647 4173 fiat
674 4135 779 4173 non
811 4119 1155 4189 refrigerabit
1181 4136 1196 4184 ;
1226 4118 1305 4173 sic
1329 4119 1492 4173 etiam
1524 4122 1700 4189 ipsum
1729 4134 1826 4186 per
1886 4132 1945 4172 se
2004 4118 2207 4171 bonum
2265 4114 2574 4169 naturalem
2606 4113 2979 4183 impotentiam
3019 4113 3183 4166 habet
3208 4114 3278 4167 ad
3318 4111 3528 4168 facien-

257 4212 393 4266 dum
424 4212 651 4266 malum.
684 4213 966 4279 Quomodo
994 4226 1147 4277 vero,
1179 4214 1346 4268 etiam
1377 4221 1626 4266 exstante
1668 4219 1832 4279 atquc
1867 4209 2051 4263 omnia
2082 4208 2422 4279 gubernante
2450 4204 2823 4270 Providentia,
2867 4221 2974 4274 qua
3006 4214 3204 4260 cuncta
3259 4206 3314 4259 in
3377 4207 3527 4259 bono

256 4315 637 4376 perseverant.
688 4306 888 4360 malum
931 4316 1036 4370 est,
1089 4305 1173 4360 vel
1224 4306 1319 4360 fit?
1365 4306 1447 4359 vel
1501 4306 1549 4359 si
1586 4320 1822 4373 unquam
1856 4303 2055 4358 factum
2086 4302 2180 4366 sit,
2207 4317 2313 4354 non
2367 4316 2398 4354 e
2454 4299 2634 4353 medio
2695 4298 2970 4353 sublatum
3003 4297 3125 4353 est?
3158 4308 3213 4353 et
3252 4299 3532 4367 quomodo

257 4400 540 4470 quidpiam
568 4400 757 4456 relicto
789 4402 949 4465 bono,
976 4401 1177 4456 malum
1211 4400 1417 4470 expetit
1442 4400 1465 4452 ?

330 4497 360 4569 §
409 4495 547 4549 XIX.
608 4497 695 4549 'Ev
726 4496 908 4567 ταὺτῷ
938 4496 1231 4567 γυμνάζων
1268 4497 1361 4549 τὸν
1408 4494 1566 4564 λόγον
1597 4494 1725 4564 περὶ
1755 4490 1848 4545 τοῦ

2032 4486 2063 4559 §
2116 4486 2261 4542 XIX.
2296 4484 2504 4555 Stylum
2552 4483 2641 4538 hic
2689 4482 2838 4537 circa
2879 4481 3083 4534 malum
3117 4479 3443 4549 simpliciter
3474 4488 3532 4534 et

256 4588 435 4643 κακοῦ
464 4588 671 4652 ἁπλῶς,
697 4590 789 4641 καὶ
811 4589 871 4641 οὑ
904 4590 1031 4660 περὶ
1052 4588 1161 4642 τῶν
1188 4586 1577 4660 δαιμόνων,καὶ
1601 4585 1847 4639 ἀναλύων

254 4683 361 4746 τὰς
396 4680 630 4753 ἀπορίας
678 4680 845 4751 φησι·
888 4681 961 4732 Τὸ
1007 4680 1176 4734 κακὸν
1224 4678 1347 4733 οὑτε
1393 4681 1459 4731 ὲκ
1496 4678 1588 4731 τοῦ
1640 4676 1847 4747 ἀγαθοῦ

259 4774 530 4848 μέλλομεν
558 4776 736 4827 εἰπεῖν
766 4774 1133 4846 παραχθῆναι,
1164 4771 1285 4825 οὔτε
1316 4775 1381 4825 ἐκ
1414 4771 1508 4825 τοῦ
1548 4772 1718 4826 κακοῦ
1741 4789 1752 4801 ·
1783 4774 1847 4825 ὲκ

259 4867 361 4937 μὲν
390 4864 485 4919 τοῦ
515 4864 722 4934 ἀγαθοῦ
756 4865 857 4918 οὑκ
884 4865 1052 4929 ἔστιν,
1077 4866 1160 4918 ὅτι
1187 4866 1280 4918 καὶ
1301 4864 1432 4917 αὑτὸ
1460 4862 1684 4935 ἔμελλεν
1710 4859 1847 4916 εἶναι

254 4960 317 5012 οὑ
351 4958 522 5012 κακόν
548 4975 561 4987 ·
600 4958 675 5021 ὡς
710 4957 820 5029 γὰρ
852 4957 911 5010 οὑ
958 4956 1128 5029 πυρὸς
1160 4957 1223 5010 τὸ
1261 4956 1476 5027 ψύχειν,
1514 4956 1686 5020 οὕτως
1725 4957 1847 5009 οὐδὲ

254 5050 467 5121 ἀγαθοῦ
494 5049 557 5102 τὸ
594 5049 1083 5120 παράγειν’κακόν.
1124 5049 1293 5102 Πάλιν
1330 5048 1386 5100 δὲ
1432 5051 1497 5102 ἐκ
1541 5048 1634 5101 τοῦ
1670 5048 1845 5102 κακοῦ

254 5149 359 5202 οὑκ
392 5147 561 5211 ἔστιν,
593 5147 676 5199 ὃτι
709 5144 898 5217 ὥσπερ
925 5143 1003 5214 τῷ
1029 5143 1216 5214 ἀγαθῷ
1246 5151 1406 5211 φύσις
1433 5143 1550 5195 ἐστὶ
1579 5143 1847 5216 παράγειν

255 5241 354 5295 καὶ
390 5238 615 5304 σώζειν·
654 5238 796 5291 οὕτω
824 5236 902 5307 τῷ
930 5235 1086 5305 κακῷ
1124 5235 1365 5306 φθείρειν
1402 5235 1498 5291 καὶ
1534 5234 1843 5288 ἀπολλύειν.

254 5333 324 5388 Τί
363 5327 490 5397 οῦν;
524 5332 667 5385 εἴποι
700 5348 784 5395 τις
810 5348 823 5359 ·
858 5330 931 5382 Ἢ
961 5329 1140 5383 τοίνυν
1172 5330 1273 5382 οὑκ
1295 5328 1411 5381 ἔστι
1438 5327 1623 5380 λοιπὸν
1654 5328 1715 5380 τὸ
1745 5345 1846 5380 κα-

254 5425 376 5486 κὸν,
398 5422 432 5494 ἢ
454 5422 514 5476 ὃν
545 5422 657 5494 ἔχει
681 5420 804 5474 τινά
834 5423 1031 5492 μοῖραν
1051 5418 1146 5472 τοῦ
1173 5417 1402 5487 ἀγαθοῦ,
1446 5417 1566 5471 καθ’
1604 5417 1670 5488 ἢν
1707 5416 1846 5478 ὅλως

252 5516 395 5572 ἐστί.
447 5515 615 5571 Πάλιν
648 5510 741 5569 οῦν
774 5511 1163 5585 ἀμφοτέρωθεν
1194 5512 1417 5583 ἀπορία.
1470 5510 1533 5563 Ei
1601 5510 1698 5580 μὲν
1748 5509 1847 5561 οὑκ

253 5611 408 5665 εστιν
444 5610 581 5674 ὅλως
628 5608 690 5662 τὸ
724 5608 893 5661 κακὸν
916 5648 932 5672 ,
990 5605 1170 5678 μέλλει
1207 5603 1345 5659 εἶναι
1380 5605 1413 5674 ἡ
1454 5602 1622 5674 ἀρετὴ
1672 5603 1765 5656 καὶ
1812 5603 1845 5672 ἡ

251 5701 427 5756 κακία
454 5700 671 5763 ταὺτὸν,
695 5699 834 5768 ὅπερ
869 5692 1222 5767 παρακατιὼν
1245 5692 1456 5763 τίθησιν
1475 5708 1487 5720 ·
1522 5692 1569 5743 εί
1609 5690 1665 5743 δέ
1705 5689 1845 5751 ἐστι,

249 5795 323 5851 τὰ
352 5793 408 5848 δὲ
441 5793 572 5847 ὄντα
605 5793 780 5847 πάντα
821 5790 913 5845 τοῦ
951 5789 1115 5844 καλοῦ
1142 5788 1406 5858 ἐφίενται,
1441 5786 1534 5839 καὶ
1564 5783 1667 5837 εἴτι
1698 5782 1846 5852 γίνε-

1959 4596 2066 4636 ηοη
2113 4580 2260 4634 circa
2302 4583 2578 4632 daemones
2624 4589 2914 4637 exercens,
2947 4577 3015 4643 {et
3057 4573 3334 4628 resolvens
3382 4588 3531 4640 (ptas-

1960 4672 2190 4735 stiones,
2217 4669 2295 4723 ait
2323 4670 2557 4723 :Malum
2589 4683 2762 4738 neque
2788 4683 2854 4722 ex
2883 4668 3024 4722 bono
3051 4667 3293 4721 dicemus
3323 4667 3529 4734 produ-

1950 4774 2099 4819 ctum
2132 4779 2272 4828 esse,
2322 4775 2503 4831 neque
2536 4774 2603 4815 ex
2638 4759 2821 4824 malo;
2872 4759 3143 4828 siquidem
3190 4773 3295 4812 non
3339 4767 3526 4813 estex

1950 4859 2115 4923 bono,
2154 4857 2280 4926 quia
2310 4855 2449 4908 alias
2482 4856 2661 4923 ipsum.
2702 4866 2921 4922 quoque
2951 4866 3058 4906 non
3090 4861 3242 4906 esset
3288 4852 3527 4916 malum;

1949 4946 2405 5019 quemadmodum
2437 4947 2582 5000 enim
2617 4945 2757 5013 ignis
2787 4959 2891 5000 non
2935 4953 3020 4999 est
3063 4942 3415 5015 refrigerare.
3445 4945 3527 5001 sic

1956 5055 2133 5111 neque
2182 5042 2310 5096 boni
2369 5042 2571 5094 malum
2616 5041 2942 5109 producere.
2973 5039 3207 5093 Rursum
3247 5051 3379 5093 vero
3419 5054 3527 5095 non

1952 5144 2129 5188 estex
2179 5133 2344 5197 malo,
2398 5133 2656 5201 quoniam
2709 5133 2854 5188 sicut
2904 5132 3031 5188 boni
3077 5131 3357 5203 406cm
3400 5148 3525 5201 prn-

1950 5228 2149 5281 ducere
2178 5241 2243 5279 ac
2281 5240 2527 5290 servare,
2557 5226 2639 5280 sic
2668 5226 2837 5280 etiam
2871 5226 3000 5279 mali
3042 5235 3128 5279 est
3171 5239 3523 5291 corrumpere

1949 5334 2016 5375 ac
2046 5320 2298 5389 perdere.
2344 5318 2486 5385 Quid
2539 5317 2748 5387 igitur?
2779 5316 2928 5371 dicet
2965 5316 3186 5386 aliquis.
3218 5314 3316 5371 Vel
3357 5315 3525 5383 igitur

1949 5425 2057 5464 non
2079 5418 2163 5465 est
2187 5409 2389 5464 malum
2407 5409 2703 5478 reliquum,
2729 5404 2813 5464 vel
2836 5408 3107 5464 exsisteus
3128 5407 3293 5462 habet
3309 5416 3521 5475 partem

1951 5501 2188 5570 aliquam
2216 5503 2367 5567 boni,
2391 5502 2691 5556 secundum
2718 5513 2882 5569 quam
2909 5500 3133 5554 omnino
3152 5506 3257 5554 est.
3282 5497 3524 5552 Rursum

1949 5595 2424 5666 oritur_utrinque
2460 5591 2712 5664 quaestio.
2748 5590 2806 5648 Si
2846 5607 3079 5661 namque
3125 5606 3229 5647 non
3271 5599 3355 5647 est
3398 5603 3523 5643 om-

1950 5688 2080 5741 nino
2104 5687 2327 5749 malum,
2359 5687 2532 5740 virtus
2561 5693 2617 5740 et
2648 5684 2855 5738 malitia
2883 5686 3012 5753 quid
3043 5699 3208 5737 unum
3232 5692 3414 5740 erunt.
3447 5684 3521 5734 uti

1953 5781 2004 5835 in
2038 5795 2327 5851 progressu
2364 5779 2561 5847 tradit;
2598 5779 2642 5835 si
2677 5787 2859 5833 autem
2892 5790 2997 5846 est,
3027 5788 3082 5834 ct
3121 5794 3182 5832 ea
3227 5794 3348 5846 qua:
3376 5786 3526 5840 sunt,
