3866 6234
319 331 428 389 785

945 328 989 383 E
1025 324 1280 382 DIVIMS
1312 318 1717 383 NOMINIBUS,
1747 315 1903 374 CAP.
1941 314 2031 370 ιν.
2065 343 2136 354 -—
2168 298 3018 400 PARAPIIR..PACHY.\IERE.

3483 295 3584 351 786

313 450 583 522 τιτίθησιν
610 449 798 521 ἕτερον
839 446 1099 517 λογισμὸν
1137 442 1518 517 ἀληθέστερον,
1568 440 1661 494 καί
1714 452 1897 510 φησιν,

2003 444 2126 485 nem
2166 427 2367 491 facere,
2398 425 2561 479 aliam
2595 420 2826 492 Opponit
2855 419 3124 472 rationem
3174 412 3467 477 veriorem,
3522 421 3580 466 et

513 503 767 616 κακὸν,Ιῇ
790 503 984 605 κακὸν,
1000 503 1273 609 ὀὐδεμίαν
1297 503 1513 605 γένεσιν
1527 535 1691 597 ποιεῖ,
1727 503 1897 602 μόνον

2001 523 2099 591 ait,
2135 523 2336 577 malum
2361 537 2467 592 qua
2493 517 2693 573 malum
2724 514 2791 569 ad
2825 512 3027 567 nullam
3061 508 3468 582 generationem
3494 503 3578 558 fa-

311 637 377 690 δὲ
402 636 634 709 φθείρει,
652 636 777 689 ὅσον
791 633 853 687 τὸ
869 632 955 687 ἐπ’
975 629 1143 702 αὐτῷ,
1159 628 1256 701 τὴν
1270 627 1378 681 τῶν
1394 626 1562 680 ὄντων
1582 624 1897 679 ὑπόστασιν.

313 732 385 784 Ei
432 729 491 783 δὲ
538 729 686 798 λέγοι
706 744 791 791 τις
841 725 973 779 αὐτὸ
1020 721 1422 794 γενεσιουργὸν,
1466 718 1600 771 διότι
1631 719 1665 788 ἡ
1713 715 1901 787 ἑτέρου

313 822 497 894 φθορὰ
525 820 758 893 θατέρου
782 816 997 888 γένεσίς
1021 817 1190 880 ἐστιν,
1216 813 1541 885 ἀποκριτέον
1560 853 1575 876 ,
1604 810 1680 874 ὡς
1720 809 1819 880 οὐχ
1865 802 1901 883 ᾖ

313 913 534 986 φθείρει
558 913 743 966 δίδωσι
763 910 863 983 τὴν
883 909 1095 979 γένεσιν
1112 925 1125 937 ·
1154 906 1267 960 ἀλλ’
1294 906 1322 977 ἡ
1350 905 1447 976 μὲν
1472 902 1646 974 φθορά
1668 901 1899 973 φθείρει,

311 1009 367 1061 εί
396 1006 455 1060 δέ
476 1022 541 1075 γε
569 1005 668 1058 καὶ
688 1002 901 1073 γίνεταί
921 1019 995 1068 τι,
1023 1003 1089 1054 ὲκ
1122 996 1219 1052 τοῦ
1267 994 1472 1066 ἀγαθοῦ
1513 995 1723 1065 γίνεται
1747 1034 1763 1058 ,
1807 991 1903 1047 καὶ

310 1101 469 1155 ἔσται
492 1099 554 1152 τὸ
588 1097 777 1152 κακόν.
808 1095 1119 1166 Σημείωσαι
1136 1092 1245 1165 γὰρ
1264 1093 1347 1146 ὅτι
1386 1089 1463 1142 ἔτι
1505 1086 1776 1160 γυμνάζει
1808 1086 1903 1141 τὸν

309 1193 493 1261 λόγον,
521 1190 617 1243 καὶ
641 1187 729 1242 διὰ
749 1186 905 1240 τοῦτο
925 1185 1095 1254 λέγει,
1125 1183 1239 1237 ἐστι
1266 1182 1359 1236 καὶ
1379 1180 1480 1233 οὐκ
1505 1178 1670 1231 ἐστιν.
1708 1178 1901 1229 Ἔσται

309 1286 496 1339 τοίνυν
518 1284 580 1337 τὸ
601 1282 770 1337 κακὸν
793 1278 969 1350 φθορά
997 1278 1095 1350 μὲν
1109 1276 1174 1331 δι’
1190 1276 1350 1331 ἑαυτό
1368 1293 1380 1305 ο
1406 1272 1495 1329 διὰ
1519 1271 1581 1325 τὸ
1606 1261 1808 1341 ἀγαθὸν
1821 1270 1899 1334 δὲ,

312 1375 718 1447 γενεσιουργόν.
756 1374 867 1428 Καὶ
888 1374 956 1427 δι’
983 1371 1146 1426 ἑαυτὸ
1175 1370 1272 1441 μὲν
1294 1366 1419 1421 οὔτε
1456 1365 1536 1430 ὃν,
1561 1364 1685 1418 οὔτε
1732 1362 1902 1417 ὄντων

313 1467 601 1539 ποιητικόν
629 1468 746 1520 ἐστι
767 1483 781 1496 ·
818 1466 988 1520 κακὸν
1008 1464 1118 1536 γὰρ
1138 1462 1219 1529 ὃν,
1245 1459 1363 1524 πῶς
1390 1458 1456 1513 ἂν
1480 1455 1704 1527 συσταίη
1733 1451 1864 1506 ποτὲ
1883 1490 1899 1515 ,

312 1561 410 1613 καὶ
441 1559 605 1613 πόθεν
627 1559 781 1629 σχοίη
801 1556 900 1629 τὴν
924 1554 1179 1627 ὓπαρξιν,
1206 1552 1461 1623 στέρησις
1488 1549 1546 1604 ὸν
1570 1565 1585 1615 ;
1637 1546 1735 1601 Διά
1759 1546 1816 1599 δὲ
1841 1549 1903 1598 τὸ

282 1720 290 1725 γ
310 1658 540 1727 ἀγαθὸν,
570 1659 666 1712 καὶ
685 1657 745 1711 ὃν
772 1658 864 1711 καὶ
883 1655 1104 1727 ἀγαθῶν
1121 1654 1401 1727 ποιητικόν
1416 1654 1582 1705 ἐστιν’
1598 1648 1658 1703 ὃν
1677 1648 1795 1721 μὲν,
1819 1646 1902 1700 ὅτι

308 1749 505 1802 τούτου
530 1747 964 1821 ὑποχωροῦντος,
988 1748 1166 1800 ἐκεῖνο
1188 1744 1514 1817 ἐμφαίνεται
1536 1759 1549 1773 °
1592 1737 1812 1811 ἀγαθῶν
1844 1735 1902 1790 δὲ

312 1842 621 1915 ποιητικὸν,
645 1842 727 1894 ὅτι
755 1843 814 1895 έν
845 1840 925 1912 τῷ
961 1839 1203 1912 φθείρειν
1226 1837 1386 1893 τοῦτο
1421 1835 1520 1908 τὴν
1558 1835 1901 1904 είδοπεποιη-

314 1936 487 2008 μένην
502 1933 710 1999 οὐσίαν,
726 1933 1104 2001 ἀντεισάγεται
1122 1927 1261 1996 εἶδος
1276 1931 1364 1984 ἓτε
1372 1946 1461 2002 ρον
1474 1929 1574 2000 τῆς
1596 1927 1727 1999 ὕλης
1746 1928 1905 1980 ἐνυπ-

311 2028 615 2100 αρχούσης,
657 2027 752 2081 καὶ
776 2025 866 2079 διὰ
904 2024 966 2078 τὸ
1004 2023 1210 2093 ἀγαθὸν
1264 2020 1563 2093 δεχομένης
1615 2019 1716 2089 τὴν
1768 2016 1905 2071 είδο-

313 2119 536 2190 ποίησιν
554 2135 569 2149 ο
604 2116 803 2189 μᾶλλον
823 2116 880 2170 δὲ
903 2117 1030 2169 ἐπεὶ
1044 2114 1322 2178 ἀκώλυτός
1346 2116 1495 2168 ἐστιν
1517 2114 1576 2166 ὲν
1605 2114 1718 2175 τοῖς
1739 2109 1903 2175 θείοις

308 2212 516 2282 λογίοις
531 2213 564 2285 ἠ
580 2211 641 2279 ὲξ
661 2208 1014 2281 ἐπιλογισμοῦ
1036 2207 1144 2261 τῶν
1164 2206 1567 2279 ἀκριϐεστέρων
1584 2203 1899 2276 παράδοσις.

310 2304 390 2358 Τὸ
416 2306 544 2369 πᾶν,
571 2303 740 2372 λέγει,
766 2301 860 2357 τοῦ
886 2300 1092 2371 ἀγαθοῦ
1126 2303 1265 2367 ἐστι,
1288 2299 1470 2363 καθὼς
1496 2299 1592 2352 καὶ
1620 2313 1904 2369 παρακατ-

315 2396 414 2451 ιὼν
471 2397 765 2463 ἀποδείξει.
792 2394 919 2459 Πῶς
948 2393 1058 2466 γάρ
1089 2392 1243 2446 ἔσται
1289 2392 1351 2445 τὸ
1380 2391 1511 2445 αὐτὸ
1568 2390 1663 2444 καὶ
1700 2387 1903 2458 ἀγαθὸν

309 2486 391 2551 ὡς
413 2489 479 2541 ὲκ
498 2486 593 2541 τοῦ
623 2487 862 2560 φθείρειν
886 2483 1180 2558 προξενοῦν
1217 2485 1450 2554 γένεσιν,
1476 2483 1570 2537 καὶ
1613 2480 1782 2537 κακὸν
1826 2480 1903 2544 ὡς

311 2579 536 2651 φθεῖρον
556 2597 570 2645 ;
595 2580 719 2633 οὐδὲ
748 2578 858 2649 γὰρ
884 2576 980 2631 τοῦ
1004 2576 1169 2631 αὐτοῦ
1193 2577 1288 2631 καί
1311 2578 1430 2641 ἐνὸς
1454 2575 1775 2648 πράγματος
1806 2573 1903 2626 αία

311 2673 459 2728 κατὰ
488 2674 549 2727 τὸ
572 2674 703 2727 αὐτὸ
728 2672 979 2745 δύναμις,
1006 2672 1101 2727 καὶ
1131 2670 1309 2742 φθορά
1353 2672 1473 2724 ἐστι
1507 2669 1604 2722 καὶ
1650 2667 1861 2737 γένεσις
1884 2683 1898 2697 ο

308 2766 454 2838 ὅπερ
485 2765 795 2837 συμϐαίνει,
826 2765 985 2838 εἴπερ
1010 2762 1303 2835 δεξαίμεθα
1328 2802 1344 2827 ,
1399 2762 1481 2815 ὅτι
1521 2759 1751 2831 δύναμίς
1784 2761 1902 2812 ἐστι

308 2857 375 2911 τὸ
400 2858 570 2911 κακὸν
609 2858 733 2913 καθ’
761 2857 963 2931 ἑαυτὴν
1011 2856 1086 2930 μὴ
1124 2855 1457 2927 φθείρουσα,
1512 2852 1654 2907 κατά
1700 2850 1904 2923 συμϐε-

311 2954 486 3025 ϐηκὸς
511 2955 569 3009 δὲ
589 2956 690 3028 τὴν
724 2955 939 3025 γένεσιν
986 2953 1323 3026 παρέχουσα.
1360 2949 1487 3014 Πῶς
1525 2947 1635 3020 γὰρ
1667 2948 1767 3017 τῆς
1793 2946 1902 3000 τῶν

310 3048 574 3102 ἐναντίων
603 3048 874 3120 κινήσεως
903 3045 1001 3118 μία
1021 3044 1117 3097 καὶ
1145 3046 1179 3115 ή
1218 3042 1356 3113 αὐτὴ
1376 3041 1526 3095 ἔσται
1546 3040 1769 3110 δύναμις
1793 3055 1808 3105 ;
1837 3039 1902 3092 Εί

309 3138 423 3209 γὰρ
446 3140 541 3193 καὶ
573 3142 602 3193 ὸ
634 3138 819 3211 ίατρὸς
848 3138 1067 3207 λέγεται
1092 3134 1318 3206 δύναμιν
1350 3133 1494 3203 ἔχειν
1533 3131 1780 3201 ὑγιάσαι,
1805 3131 1900 3184 καὶ

308 3232 544 3303 δύναμιν
562 3230 707 3302 ἔχειν
735 3231 891 3285 νόσον
922 3231 1250 3302 παρασχεῖν,
1272 3227 1333 3280 τὸ
1366 3226 1464 3298 μὲν
1487 3224 1609 3279 καθ’
1639 3223 1772 3277 αὑτὸ
1791 3262 1806 3287 ,
1836 3222 1900 3276 τὸ

307 3324 372 3378 δε
397 3323 537 3377 κατά
565 3322 914 3396 συμϐεϐηκὸς
938 3324 1006 3394 τῇ
1038 3319 1275 3391 ἀπουσίᾳ
1311 3319 1405 3372 καὶ
1442 3316 1522 3388 τῷ
1562 3316 1639 3389 μὴ
1675 3314 1900 3370 ὲπισκέ-
1984 3344 1985 3347 η

307 3414 549 3485 ψασθαι·
586 3414 792 3469 καὶτὸν
822 3413 1166 3487 κυϐερνήτην
1206 3411 1279 3483 μὴ
1320 3411 1479 3482 μόνον
1526 3408 1770 3481 παρόντα
1801 3408 1901 3478 τῆς

311 3506 590 3579 σωτηρίας
612 3506 708 3577 τῆς
738 3503 869 3570 νεὼς
890 3503 1211 3576 αἰτιώμεθα,
1240 3502 1377 3557 ἀλλά
1414 3501 1509 3556 καὶ
1555 3500 1763 3555 ἀπόντα
1800 3500 1901 3570 τῆς

307 3597 611 3661 ἀπωλείας.
641 3598 709 3650 '0
729 3592 839 3670 γὰρ
880 3596 1053 3669 παρὸν
1085 3593 1385 3666 αἰτιώμεθα
1427 3590 1614 3656 τοῦδε,
1661 3590 1827 3661 φησὶν
1872 3590 1901 3642 ὁ

323 3688 722 3760 Ἀριστοτέλης,
744 3688 905 3741 τοῦτο
924 3689 1019 3742 καὶ
1040 3687 1179 3741 ἀπὸν
1198 3685 1498 3757 αἰτιώμεθα
1516 3682 1609 3737 τοῦ
1630 3680 1895 3736 ἐναντίου.

322 3784 487 3838 Ἀλλά
511 3782 924 3856 προϋπόκειται,
945 3782 1028 3835 ὅτι
1049 3780 1273 3851 δύναμίς
1294 3780 1379 3843 τίς
1407 3781 1554 3832 ἐστιν
1582 3779 1641 3831 ἐν
1666 3775 1895 3840 τούτοις,

308 3881 374 3937 ὲν
400 3878 597 3948 ἐκείνῳ
625 3878 723 3949 μὲν
746 3875 840 3930 τοῦ
863 3876 1109 3944 ὑγιάσαι,
1140 3877 1201 3929 ὲν
1242 3873 1418 3945 τούτῳ
1455 3872 1513 3925 δὲ
1550 3869 1645 3924 τοῦ
1683 3870 1857 3923 σῶσαι
1880 3909 1894 3933 ,

306 3964 586 4041 ἧστινοςή
616 3967 854 4021 ἀπουσία
880 3965 1142 4020 τάναντία
1168 3964 1400 4038 παρέχει
1418 3980 1431 3993 ·
1480 3963 1576 4016 καὶ
1613 3961 1736 4015 καθ’
1767 3960 1899 4014 αὐτὸ

310 4062 416 4134 μὲν
440 4061 510 4115 τά
534 4059 656 4115 καθ’
687 4059 799 4125 egw
827 4057 1087 4127 γίνονται,
1113 4056 1182 4110 τὰ
1207 4056 1265 4109 δὲ
1293 4053 1434 4108 κατά
1467 4052 1726 4124 στέρησιν
1756 4050 1897 4106 κατά

308 4153 691 4225 συμϐεϐηκός·
720 4154 901 4206 ἐκεῖσε
925 4152 982 4204 δὲ
1007 4152 1039 4222 ἡ
1078 4149 1177 4221 μὲν
1210 4147 1466 4220 στέρησις
1504 4146 1567 4199 τὸ
1615 4144 1737 4198 καθ’
1766 4143 1898 4197 αὑτὸ

307 4244 447 4317 ἔχει,
474 4246 507 4316 ἡ
534 4245 591 4298 δὲ
620 4244 733 4311 ἕξις
757 4244 819 4296 τὸ
842 4243 983 4297 κατὰ
1012 4239 1379 4314 συμϐεϐηκός.
1418 4239 1515 4303 Τίς
1537 4233 1632 4292 οὖν
1654 4238 1688 4308 ή
1731 4236 1897 4290 δύνα-

311 4365 408 4420 μις
435 4346 594 4418 αῦτη,
625 4347 659 4417 ἡ
687 4343 830 4399 κατά
849 4344 1106 4415 στέρησιν
1138 4340 1502 4411 συνισταμένη
1524 4378 1539 4403 ,
1583 4339 1705 4410 ἥτις
1742 4338 1896 4391 ἐστὶν

308 4443 372 4494 ὲν
396 4439 474 4511 τῷ
496 4438 645 4508 αὐτῷ
676 4438 771 4490 καὶ
814 4435 990 4509 φθορά
1047 4435 1141 4489 καὶ
1162 4434 1411 4503 γένεσιςς
1460 4431 1595 4485 Οὐδὲ
1634 4430 1746 4502 γὰρ
1795 4429 1896 4500 τῆς

306 4533 517 4605 φθορᾶς
542 4534 575 4603 ἡ
600 4530 852 4602 στέρησις
872 4528 1084 4598 γένεσίς
1108 4529 1276 4590 ἐστιν,
1296 4526 1410 4579 ἀλλ’
1434 4526 1468 4597 ἡ
1498 4524 1598 4595 τῆς
1619 4522 1891 4594 γενέσεως
1924 4540 1970 4596 D

305 4623 519 4679 καὶτοῦ
554 4620 692 4677 εἶναι
726 4623 980 4695 στέρησις
1004 4621 1209 4693 φθορά⁶
1243 4619 1419 4689 οὐδὲή
1452 4618 1552 4689 τῆς
1582 4617 1891 4688 στερήσεως

303 4716 546 4770 ἀπουσία
568 4711 736 4785 εἶδος,
764 4714 877 4767 ἀλλ’
904 4716 937 4785 ὴ
960 4713 1055 4766 τοῦ
1106 4712 1279 4776 εἴδους
1327 4710 1562 4765 ἀπουσία
1593 4708 1769 4781 φθορά
1799 4706 1893 4760 καὶ

307 4806 586 4878 στέρησις.
619 4806 717 4860 Διά
748 4807 940 4870 τοῦτο,
980 4806 1102 4859 ἐπεὶ
1134 4806 1228 4859 καὶ
1266 4804 1329 4857 τὸ
1373 4802 1546 4857 κακὸν
1582 4800 1893 4871 αὐτοφθορά

302 4902 448 4964 ἐστι,
470 4900 531 4953 τὸ
551 4900 607 4953 δὲ
630 4901 831 4971 ἀγαθὸν
853 4898 1213 4969 αὑτοδύναμις
1240 4898 1320 4961 είς
1373 4897 1587 4965 γένεσιν
1617 4935 1632 4961 ,
1675 4894 1795 4958 πῶς
1824 4892 1891 4947 ἂν

302 4989 395 5060 εἴη
425 4992 459 5061 ἡ
503 4990 816 5063 αὐτοφθορά
857 4989 1253 5060 αὑτοδύναμις,
1303 4988 1379 5052 ώς
1423 4986 1682 5041 δύνασθαι
1722 4985 1891 5057 αὐτὴν

302 5082 485 5133 ποιεῖν
513 5097 566 5133 τι
591 5096 606 5146 ;
649 5080 788 5133 Ἀλλ’
812 5080 1011 5133 εἰδέναι
1036 5079 1161 5150 χρὴ,
1201 5081 1285 5132 ὅτι
1310 5079 1433 5132 ἐπεὶ
1456 5078 1518 5130 τὸ
1566 5077 1887 5142 αὐτόκακον,

280 5169 703 5242 ἀύτοάμετρον,
734 5172 828 5224 καὶ
850 5170 1241 5233 αὑτοανείδεον,
1270 5170 1365 5223 καὶ⁵
1391 5166 1567 5238 ἑαυτῷ
1594 5168 1762 5221 κακὸν
1798 5168 1890 5219 οὐ-

302 5263 499 5328 σιῶδές
524 5266 693 5329 ὲστιν,
720 5264 780 5317 οὺ
821 5265 928 5337 μὴν
951 5264 1123 5333 ἑτέρῳ
1145 5262 1311 5316 κακόν
1335 5278 1349 5292 ο
1394 5260 1554 5314 τοῦτο
1597 5260 1708 5332 γὰρ
1749 5255 1890 5325 εἶδός

299 5360 456 5413 ἐστιν
485 5350 596 5409 οἷον
621 5357 717 5409 καὶ
761 5355 1108 5428 συμϐεϐηκὸς
1152 5353 1368 5416 κακίας.
1417 5354 1628 5423 Ὥσπερ
1675 5352 1837 5407 πάλιν
1861 5355 1890 5405 ὁ

299 5447 440 5510 Θεὸς
454 5446 810 5518 αὑτόμετρον,
846 5448 941 5499 καὶ
974 5443 1391 5508 αὐτοειδοποιὸν,
1420 5445 1514 5497 καὶ
1555 5443 1889 5512 αὐτοάγαθον

298 5538 583 5603 οὐσιῶδες,
609 5540 668 5591 οὐ
709 5539 816 5609 μὴν
843 5538 907 5590 τὸ
938 5540 998 5591 ὲν
1042 5537 1214 5609 ἑτέρῳ
1260 5536 1460 5606 ἀγαθόν
1483 5554 1498 5567 ·
1546 5537 1891 5608 συμϐεϐηκὸς

299 5630 416 5703 γὰρ
439 5632 614 5684 τοῦτο.
663 5631 835 5684 Τοῦτο
872 5631 1049 5684 τοίνυν
1068 5630 1131 5683 τὸ
1153 5630 1456 5683 αὐτόκακον
1493 5628 1615 5682 οῦτε
1644 5629 1724 5692 ὃν,
1766 5628 1890 5682 οὔτε

297 5724 588 5796 ποιητικόν
612 5726 780 5789 ἐστιν,
811 5725 914 5779 οὐκ
940 5726 997 5778 ὲν
1020 5724 1253 5797 ὑπάρξει
1277 5725 1385 5777 τινὶ
1401 5724 1671 5793 φαίνεται,
1698 5722 1813 5776 ἀλλ’
1831 5727 1890 5775 ὲν

303 5817 663 5887 παρεισδύσει
685 5821 745 5873 ὲν
772 5821 840 5889 τῇ
861 5818 955 5873 τοῦ
1003 5817 1231 5893 ἀγαθοῦ,
1256 5820 1529 5891 στερήσει.
1579 5818 1689 5871 Καὶ
1734 5817 1889 5871 τοῦτό

2002 632 2146 685 cere,
2172 616 2265 670 sed
2298 624 2508 668 tantum
2540 621 2918 678 corrumpere,
2961 613 3228 675 quantum
3259 616 3326 657 ex
3358 615 3418 656 se
3469 611 3577 665 est,

2004 724 2187 764 rerum
2215 704 2648 761 subsistentiam.
2701 700 2758 755 Si
2791 699 2916 769 quis
2971 707 3156 751 autem
3219 694 3445 760 dixerit,
3480 692 3581 747 hoc

2005 795 2120 865 ipso
2152 795 2496 865 generationi
2535 790 2877 854 subservire,
2918 787 3065 857 quod
3112 784 3338 840 alterius
3386 800 3581 840 corru-

2003 888 2114 957 ptio
2140 886 2367 941 alterius
2390 885 2669 957 generatio
2690 883 2943 945 exsistat,
2982 877 3438 948 respondendum,
3471 891 3578 931 non

2005 979 2059 1034 in
2115 989 2382 1050 quantum
2438 976 2742 1047 corrumpit
2803 977 2939 1030 dare
2988 973 3438 1045 generationem;
3486 973 3581 1027 sed

2004 1069 2279 1139 corruptio
2300 1067 2521 1139 quidem
2554 1066 2883 1136 corrumpit,
2913 1064 2960 1121 si
3011 1063 3141 1135 quid
3180 1074 3363 1118 autem
3403 1064 3583 1134 gigni-

2007 1167 2114 1227 tur,
2145 1175 2211 1214 ex
2241 1159 2386 1215 bono
2417 1158 2685 1230 gignitur,
2711 1168 2764 1212 ct
2787 1157 2893 1212 erit
2915 1156 3140 1211 malum.
3175 1155 3414 1211 Observa
3436 1155 3583 1209 enim

2003 1253 2150 1321 quod
2180 1252 2362 1307 adhuc
2393 1252 2673 1306 examinet
2703 1249 2995 1317 rationem,
3052 1257 3108 1304 et
3136 1248 3345 1304 idcirco
3396 1248 3580 1303 dicat:

2004 1344 2100 1399 Est
2119 1352 2175 1398 et
2204 1360 2313 1399 non
2334 1353 2439 1400 est.
2464 1346 2643 1413 Atque
2671 1343 2809 1397 adeo
2839 1340 3038 1396 malum
3065 1357 3129 1397 ex
3156 1358 3214 1397 se
3236 1341 3455 1411 quidem
3477 1340 3586 1397 erit

2004 1435 2305 1506 corruptio,
2334 1434 2612 1490 subservit
2649 1442 2830 1489 autem
2861 1434 3198 1504 generationi
3233 1449 3330 1502 per
3358 1432 3413 1486 id
3437 1433 3585 1503 quod

2004 1528 2205 1583 bonum
2231 1538 2336 1582 est.
2370 1527 2552 1597 Etper
2578 1542 2640 1582 se
2668 1527 2888 1597 quidem
2919 1541 3097 1596 neque
3134 1541 3223 1580 res
3277 1533 3385 1589 est,
3410 1538 3586 1593 neque
3680 1585 3684 1591 ,

2006 1634 2097 1674 res
2156 1619 2437 1689 producit;
2492 1634 2615 1673 cum
2668 1621 2813 1673 enim
2877 1617 2949 1671 sit
3005 1616 3240 1681 malum,
3302 1614 3581 1686 quomodo

2005 1710 2271 1765 consistat
2293 1724 2551 1779 unquam,
2574 1718 2630 1764 et
2647 1709 2790 1764 unde
2811 1709 3012 1764 habeat
3033 1707 3437 1774 exsistentiam,
3458 1722 3584 1762 cum

1933 1817 1975 1878 Β
2004 1800 2075 1855 sit
2107 1800 2380 1870 privatio?
2402 1800 2506 1856 Per
2526 1800 2729 1857 bonum
2767 1811 2948 1855 autem
2996 1811 3049 1855 et
3096 1816 3187 1855 res
3219 1809 3326 1867 est,
3358 1808 3414 1855 et
3441 1800 3585 1855 bona

2005 1890 2278 1961 producit.
2340 1890 2473 1955 Res,
2514 1891 2784 1961 inquam,
2817 1890 3079 1959 quoniam
3128 1891 3234 1946 hoc
3292 1890 3585 1947 recedente

2008 1980 2140 2037 illud
2171 1990 2427 2051 apparet;
2444 1983 2587 2039 bona
2600 1994 2725 2036 vero
2740 1982 3008 2050 producit,
3044 1984 3171 2055 quia
3188 1982 3317 2038 dum
3336 1984 3438 2038 hoc
3453 1997 3583 2038 cor-

2006 2076 2212 2146 rumpit
2233 2074 2595 2130 substantiam
2625 2073 2942 2139 formatam,
2973 2073 3443 2129 subintroducitur
3476 2075 3582 2128 alia

2004 2167 2178 2225 forma
2223 2169 2470 2222 materia:
2511 2166 2913 2234 inexsistentis,
2944 2176 2999 2221 et
3028 2180 3124 2237 per
3146 2167 3344 2222 bonum
3379 2166 3585 2221 forma-

2008 2261 2207 2317 tionem
2260 2260 2647 2330 suscipientis;
2685 2258 2989 2329 praesertim
3032 2273 3155 2313 cum
3204 2259 3365 2313 obvia
3405 2259 3478 2314 sit
3526 2261 3585 2315 in

2005 2351 2202 2407 divinis
2229 2351 2473 2406 oraculis
2514 2365 2584 2405 ex
2611 2365 2794 2404 rerum
2831 2350 3232 2420 przecipuarum
3284 2365 3583 2407 enumera-

2006 2449 2153 2501 tione
2175 2442 2344 2515 408
2377 2442 2621 2499 traditio.
2654 2441 2770 2498 Hoc
2817 2443 3154 2508 universum,
3209 2443 3413 2513 inquit,
3446 2443 3580 2499 boni

2002 2546 2108 2604 est,
2164 2542 2311 2593 sicut
2346 2538 2405 2594 in
2460 2554 2753 2611 progressu
2806 2539 3237 2596 demonstrabit.
3299 2539 3586 2606 Quomodo

2004 2631 2148 2688 enim
2174 2630 2225 2686 id
2249 2632 2422 2702 ipsum
2442 2634 2547 2688 erit
2571 2642 2626 2687 et
2654 2634 2879 2696 bonum,
2926 2632 2983 2687 in
3036 2639 3301 2701 quantum
3330 2647 3583 2687 corrum-

2002 2727 2182 2797 pendo
2208 2736 2493 2796 promovet
2515 2727 2951 2798 generationem,
2976 2734 3033 2781 et
3062 2725 3288 2793 malum,
3318 2725 3374 2779 in
3402 2739 3585 2795 quan-

2008 2830 2119 2875 tum
2155 2821 2492 2893 corrumpit?
2531 2835 2710 2892 neque
2739 2822 2885 2877 enim
2911 2820 3158 2890 ejusdem
3194 2829 3251 2875 et
3300 2819 3465 2874 anius
3504 2817 3586 2873 rei

2002 2912 2177 2968 virtus
2204 2913 2365 2967 unica
2394 2914 2698 2970 secundum
2735 2914 2876 2968 idem
2902 2922 2956 2967 et
2979 2914 3260 2984 corruptio
3298 2922 3383 2967 est
3412 2919 3466 2967 et
3486 2925 3585 2980 εον

2004 3005 2251 3071 neratio;
2278 3007 2420 3075 quod
2446 3006 2633 3076 utique
2659 3005 2949 3074 contingit,
2980 3004 3026 3060 si
3047 3005 3439 3071 concedamus,
3471 3017 3584 3056 ina-

2003 3094 2115 3152 lum
2144 3111 2265 3152 esse
2291 3098 2550 3153 virtutem
2584 3111 2707 3167 qua:
2729 3096 3032 3152 secundum
3069 3111 3129 3151 se
3169 3111 3276 3151 non
3327 3111 3585 3151 corrum-

1926 3176 1969 3235 C
2002 3196 2115 3256 pat,
2146 3201 2243 3257 per
2278 3188 2539 3243 accidens
2588 3196 2770 3243 autem
2826 3188 3238 3256 generationem
3293 3186 3577 3241 exhibeat.

2005 3279 2286 3347 Quomodo
2314 3281 2460 3336 enim
2494 3290 2676 3336 motus
2702 3281 3109 3336 contrariorum
3143 3295 3247 3334 una
3279 3278 3586 3350 eademque

2002 3373 2085 3428 vis
2112 3373 2261 3428 erit?
2293 3388 2419 3427 nam
2448 3373 2495 3428 si
2518 3373 2688 3427 etiam
2727 3373 2974 3428 medicus
3003 3374 3213 3427 dicatur
3241 3372 3445 3428 habere
3469 3371 3581 3426 vim

2002 3464 2255 3532 sanandi,
2280 3475 2335 3519 et
2362 3463 2567 3519 habere
2594 3465 2702 3518 vim
2736 3464 2983 3520 morbum
3032 3463 3349 3519 conferendi
3376 3502 3393 3529 ,
3429 3462 3582 3518 'illud

2001 3556 2221 3627 quidem
2256 3570 2354 3626 per
2384 3570 2466 3624 se,
2510 3558 2615 3612 hoc
2641 3568 2822 3610 autem
2880 3570 2982 3627 per
3011 3556 3270 3611 accidens
3294 3596 3311 3625 ,
3355 3566 3585 3627 prepter

2002 3650 2311 3704 absentiam
2344 3648 2432 3703 vel
2458 3645 3045 3714 inadvertentiam;'et
3076 3649 3428 3720 gubernatori
3468 3664 3583 3706 non

2001 3741 2175 3799 solum
2212 3745 2467 3814 praesenti
2498 3742 2733 3798 salutem
2767 3743 2919 3798 navis
2971 3747 3302 3800 ascribimus
3328 3786 3345 3812 ,
3388 3759 3583 3800 verum

2000 3836 2168 3891 etiam
2210 3838 2423 3892 absenti
2478 3837 2864 3909 perditionem.
2923 3836 3081 3905 Quod
3134 3838 3278 3892 enim
3335 3854 3585 3908 praesens

2000 3927 2163 3998 hujus
2182 3942 2401 3982 causam
2443 3929 2700 3995 dicimus,
2732 3929 2909 3999 inquit
2939 3930 3284 3999 Aristoteles,
3326 3933 3380 3989 id
3414 3934 3585 3991 etiam

2000 4023 2201 4076 absens
2230 4022 2499 4076 contrarii
2529 4037 2753 4078 causam
2778 4026 3101 4080 asserimus.
3134 4025 3242 4082 Sed
3265 4042 3586 4098 praesuppo—

2000 4115 2149 4168 nitur
2180 4115 2235 4168 in
2268 4114 2354 4168 bis
2378 4114 2459 4169 vis
2486 4114 2670 4185 aliqua
2693 4154 2710 4183 ,
2743 4115 2800 4169 in
2824 4116 2916 4171 illo
2949 4117 3170 4188 quidem
3211 4120 3441 4173 curandi
3475 4158 3490 4184 ,
3521 4119 3575 4173 in

2000 4206 2104 4260 hoc
2132 4213 2316 4260 autem
2344 4206 2626 4271 servandi,
2653 4205 2813 4276 cujus
2849 4207 3099 4262 absentia
3128 4211 3408 4264 contraria
3439 4226 3589 4280 prm-.

1999 4305 2140 4352 stet:
2176 4312 2240 4352 ac
2269 4312 2368 4367 per
2389 4311 2450 4352 se
2478 4299 2699 4367 quidem
2731 4299 2823 4354 illa
2878 4302 3015 4355 ﬁunt
3069 4303 3370 4357 secundum
3423 4305 3581 4359 habi-

2002 4401 2141 4466 turn,
2160 4391 2275 4444 bazc
2300 4404 2431 4445 vero
2456 4390 2756 4446 secundum
2781 4393 3143 4461 privationem
3173 4409 3268 4464 per
3291 4396 3577 4451 accidens:

2001 4491 2075 4545 ibi
2098 4500 2279 4546 autem
2306 4490 2542 4560 privatio
2593 4506 2652 4545 se
2704 4490 2870 4545 habet
2923 4507 3020 4561 per
3050 4507 3140 4557 se,
3185 4492 3403 4549 habitus
3450 4510 3579 4551 vero

1998 4600 2095 4654 per
2123 4584 2397 4640 accidens.
2428 4584 2690 4651 Quaenam
2726 4583 2910 4652 itaque
2942 4586 3060 4640 haec
3094 4586 3176 4641 vis
3204 4588 3310 4652 sit,
3334 4602 3456 4658 qua:
3484 4604 3576 4643 se-

1995 4679 2233 4734 cundum
2268 4678 2630 4748 privationem
2664 4676 2953 4743 subsistat,
3010 4693 3131 4748 qua:
3167 4678 3219 4732 in
3273 4681 3468 4734 eodem
3506 4682 3586 4741 sit,

1994 4780 2051 4826 et
2071 4771 2349 4842 corruptio
2374 4782 2431 4826 et
2458 4770 2780 4839 generatio?
2815 4769 3003 4840 Neque
3032 4772 3178 4826 enim
3203 4773 3577 4842 corruptionis

1993 4865 2230 4935 privatio
2252 4864 2534 4933 generatio
2561 4872 2664 4928 est,
2696 4862 2789 4918 sed
2808 4863 3175 4933 generationis
3206 4876 3263 4919 et
3296 4865 3571 4921 exsistet:-

1996 4964 2084 5017 tite
2108 4963 2344 5031 privatio
2363 4961 2643 5030 corruptio
2671 4970 2791 5026 est;
2825 4976 2999 5030 neque
3028 4961 3355 5031 privationis
3378 4963 3577 5017 absen-

1998 5057 2068 5112 tia
2102 5057 2278 5111 forma
2307 5066 2413 5121 est,
2439 5058 2534 5112 sed
2562 5056 2749 5111 formae
2778 5054 3029 5111 absentia
3074 5058 3359 5127 corruptio
3383 5068 3470 5113 est
3516 5068 3574 5111 et

1993 5151 2244 5221 privatio.
2293 5152 2634 5219 QuaprOpter
2688 5166 2814 5205 cum
2880 5150 3049 5205 etiam
3106 5151 3309 5204 malum
3359 5166 3455 5219 per
3510 5166 3570 5205 se

1993 5246 2273 5315 corruptio
2294 5246 2386 5307 sit,
2413 5245 2612 5298 bonum
2641 5254 2823 5297 autem
2852 5258 2951 5312 per
2995 5257 3054 5297 se
3084 5242 3263 5297 valeat
3294 5242 3361 5295 ad
3400 5255 3565 5311 gene-

1993 5341 2287 5406 rationem,
2332 5339 2605 5409 quomodo
2626 5353 2722 5409 per
2754 5352 2813 5392 se
2838 5338 3117 5407 corruptio
3150 5338 3222 5390 sit
3245 5351 3341 5404 per
3368 5351 3429 5390 se
3453 5336 3569 5388 vir-

1994 5445 2102 5499 tus,
2136 5446 2196 5489 ut
2223 5435 2395 5504 possit
2416 5434 2622 5503 aliquid
2656 5433 2879 5488 facere?
2907 5431 3014 5486 Sed
3061 5431 3366 5497 sciendum,
3417 5431 3573 5498 quod.

1992 5527 2565 5596 cumpersemalum,
2594 5541 2692 5594 per
2721 5541 2780 5581 se
2836 5526 3182 5587 immensum,
3232 5537 3332 5593 per
3376 5538 3437 5576 se
3484 5523 3572 5575 in-

1996 5624 2189 5690 forme,
2211 5635 2265 5679 et
2291 5638 2349 5678 se
2378 5623 2493 5693 ipso
2514 5620 2879 5678 cssentialiter
2908 5618 3107 5673 malum
3128 5618 3219 5682 sit,
3247 5632 3354 5671 non
3380 5626 3563 5672 autem

1993 5737 2091 5792 per
2118 5722 2351 5775 alterum
2387 5715 2622 5780 malum;
2655 5717 2759 5770 hoc
2783 5715 2926 5769 enim
2959 5713 3132 5767 forma
3181 5721 3286 5775 est,
3320 5720 3374 5764 et
3407 5709 3566 5777 quasi

1998 5814 2251 5871 accidens
2292 5814 2531 5868 malitiae.
2577 5812 2730 5867 Sicut
2760 5808 2960 5863 iterum
2993 5806 3134 5861 Deus
3167 5821 3263 5874 per
3303 5817 3589 5878 sewtnette.
