3866 6234
410 338 513 391 787
1573 334 1631 392 S.
1667 334 1969 393 DIONYSII
2002 333 2467 395 AREOPAGITE
2550 376 2556 383 ι
3541 348 3632 405 τ88

408 469 559 518 sura,
585 468 680 522 per
703 467 761 509 se
792 451 1021 509 formam
1058 453 1324 517 tribuens.
1354 462 1406 509 et
1431 468 1528 522 per
1555 466 1613 508 se
1661 454 1862 509 bonum
1894 469 1948 509 es

2050 500 2053 517 ,
2084 456 2231 508 ἐστιν
2253 456 2282 509 ὃ
2308 455 2456 524 λέγει
2480 458 2509 510 ό
2536 456 2707 527 μέγας
2738 456 2983 526 θεολόγος
3006 458 3300 531 Γρηγόριος
3320 458 3397 529 τῇ
3413 460 3516 515 τοῦ
3538 477 3629 514 xa-

408 545 640 600 seutiale
670 554 777 612 est,
808 560 913 601 non
952 556 1136 602 autem
1158 548 1211 601 in
1234 548 1407 602 altero
1434 547 1669 613 bonum;
1698 547 1804 604 hoc
1834 548 1948 604 enin

2079 547 2195 603 λοῦ
2416 548 2540 612 Πῶς
2565 548 2741 602 τοίνυν
2758 550 2819 603 τὸ
2842 551 3027 615 κακὸν,
3054 553 3129 623 μὴ
3144 552 3224 617 ὸν,
3241 553 3627 623 παμισδὺεται,

406 637 682 692 accidens.
709 637 857 693 Istud
906 638 1093 709 itaque
1122 654 1221 710 per
1279 653 1340 693 se
1397 640 1599 693 malum
1646 654 1822 709 neque
1871 652 1948 698 est

2079 641 2324 712 ἐκτίθησι
2349 641 2700 715 πλατύτερον,
2730 644 2824 697 καὶ
2846 644 2909 697 τὸ
2931 646 3041 698 πᾶν
3067 646 3312 716 ἐπινέμει
3336 646 3413 717 τῷ
3432 645 3625 715 ἀγαθῷ.

415 742 594 798 neque
622 727 808 784 eﬂicax
838 738 943 795 est,
977 743 1079 785 nec
1100 738 1328 799 apparet
1358 730 1409 784 in
1434 730 1614 799 aliqua
1638 730 1948 788 exsistentia

2078 735 2152 788 Τὸ
2174 734 2306 804 γοῦν
2328 736 2548 805 ἀγαθὸν,
2578 739 2635 790 ἐν
2659 734 2741 801 οἷς
2770 738 2868 809 μὲν
2888 738 3086 803 τελέως
3106 740 3392 812 ἐγγένηται
3412 781 3428 805 ,
3469 741 3627 812 ἀμιγῆ

404 821 501 876 sed
535 822 590 877 in
625 822 944 893 irreptione,
973 823 1025 878 in
1050 822 1177 878 boni
1226 824 1553 894 privatione.
1608 825 1678 879 Et
1729 825 1831 880 hoc
1868 837 1945 881 est

2078 829 2221 881 ποιεῖ
2239 829 2332 882 καὶ
2356 828 2627 900 ὁλόκληρα
2644 830 2824 898 ἀγαθά
2841 847 2854 860 ·
2885 828 2966 895 οἷς
2991 832 3048 885 δὲ
3088 828 3251 904 ἧττον
3268 873 3284 897 ,
3338 836 3627 905 μεμιγμένα

402 915 546 984 quod
569 932 797 986 magnus
829 916 918 971 ille
950 917 1234 987 theologus
1282 916 1576 988 Gregorius
1614 918 1693 973 ait
1748 935 1869 975 esse
1915 920 1948 973 ξι

2077 918 2213 989 πρὸς
2240 918 2301 971 τὸ
2322 919 2507 972 κακόν.
2539 920 2614 972 Οὑ
2647 920 2750 991 μὴν
2775 920 2831 974 δέ
2866 922 2983 973 ἐστι
3020 921 3083 974 τὸ
3128 923 3297 975 κακὸν
3341 924 3461 976 καθ’
3486 924 3622 987 αὑτὸ,

406 1009 527 1061 boni
561 1009 707 1078 fuga.
740 1008 1021 1075 Quomodo
1046 1009 1427 1080 igiturmalum
1460 1010 1683 1080 irrepat,
1712 1026 1834 1067 cum
1866 1029 1948 1068 no:

2074 1006 2209 1060 ἀλλά
2236 1007 2322 1061 διὰ
2347 1008 2445 1079 τὴν
2495 1008 2588 1062 τοῦ
2622 1010 2843 1078 -ἀγαθοῦ
2871 1011 3105 1082 ἔλλειψιν
3127 1029 3142 1042 ·
3188 1014 3418 1085 ἐπείπερ
3466 1014 3499 1084 ή
3545 1014 3626 1067 διὰ

405 1099 499 1163 sit,
528 1096 701 1153 fusius
730 1100 972 1168 exponit,
1000 1110 1055 1154 et
1081 1109 1253 1154 totum
1279 1102 1426 1155 bono
1456 1101 1948 1159 attribuit.'Bonun

2075 1101 2293 1155 πάντων
2318 1102 2557 1169 φοιτῶσα
2580 1103 2846 1175 παντελὴς
2879 1104 3146 1174 ἀγαθότης
3174 1106 3234 1158 οὑ
3276 1106 3435 1177 μέχρι
3467 1106 3624 1177 μόνων

402 1187 568 1261 409
596 1190 776 1259 itaque
802 1190 1220 1261 quibuscunque
1243 1191 1462 1261 quidem
1516 1191 1760 1261 perfecte
1805 1191 1970 1259 inest,

401 1286 587 1338 eadem
619 1283 953 1353 impermista
993 1294 1049 1339 et
1097 1284 1309 1354 integra
1344 1284 1482 1338 bona
1537 1284 1744 1349 reddit;
1770 1283 1970 1353 quibus

398 1392 531 1431 vero
552 1377 729 1431 minus
752 1378 915 1442 inest,
943 1377 1199 1445 permista
1226 1386 1350 1429 sunt
1374 1374 1531 1429 malo.
1562 1373 1759 1427 Malum
1786 1384 1967 1429 tamen

398 1484 508 1524 non
546 1480 628 1522 est
653 1484 748 1537 per
772 1483 853 1533 se,
886 1468 982 1523 sed
1011 1483 1108 1537 per
1130 1466 1257 1523 boni
1300 1466 1594 1533 defectum,
1625 1466 1969 1537 quandoqui-

395 1559 518 1614 dem
544 1560 633 1614 illa
669 1557 908 1629 perfecta
938 1560 1174 1625 bonitas,
1199 1576 1317 1629 quae
1344 1574 1439 1627 per
1462 1559 1642 1612 omnia
1668 1575 1746 1627 se,
1766 1558 1965 1613 diﬂ'un-

395 1653 494 1716 dit,
530 1666 635 1706 non
670 1652 843 1707 solum
878 1667 1050 1721 usque
1080 1652 1147 1705 ad
1180 1651 1432 1706 caelestes
1457 1667 1521 1707 ac
1546 1653 1759 1707 divinas
1790 1652 1963 1705 virtu-

394 1753 477 1798 tes
506 1744 784 1814 pertingit,
816 1745 909 1798 sed
937 1744 1004 1797 ad
1042 1755 1323 1799 extremas
1362 1758 1532 1813 usque
1574 1746 1740 1799 etiam
1790 1755 1964 1799 terre-

2073 1195 2241 1262 χωρεῖ
2262 1193 2372 1245 τῶν
2398 1194 2663 1264 οὐρανίων
2690 1196 2783 1247 καὶ
2806 1194 2965 1247 θείων
2991 1195 3269 1265 δυνάμεων
3287 1236 3302 1260 ,
3332 1196 3444 1247 ἀλλ’
3464 1198 3622 1248 ἐκτεί-

2070 1300 2219 1336 νεται
2248 1284 2375 1356 ἀχρι
2403 1286 2495 1338 καὶ
2545 1285 2653 1337 τῶν
2678 1286 2921 1356 ἐσχάτων
2966 1288 3059 1339 καὶ
3103 1286 3210 1339 τῶν
3262 1288 3497 1356 γηΐνων·
3544 1287 3621 1341 διὰ

2068 1360 2227 1428 τοῦτο
2252 1377 2359 1446 γὰρ
2382 1378 2475 1429 καὶ
2503 1379 2535 1447 η
2566 1377 2637 1447 γῆ
2661 1376 2754 1429 τοῦ
2778 1376 2911 1430 Θεοῦ
2937 1377 3151 1445 λέγεται
3176 1379 3480 1431 ὑποπόδιον.
3527 1380 3622 1431 Καὶ

2067 1472 2178 1532 τοῖς
2207 1469 2303 1539 μὲν
2325 1468 2498 1532 ἀλλως
2522 1469 2616 1521 καὶ
2646 1468 2819 1533 ἄλλως
2845 1470 2964 1522 κατ’
2990 1469 3239 1522 ἐπίτασιν
3276 1486 3337 1521 τε
3377 1471 3471 1523 καὶ
3505 1470 3621 1537 ὑφε-

2069 1573 2172 1621 σιν,
2200 1559 2312 1622 τοῖς
2334 1558 2389 1610 δὲ
2416 1559 2663 1627 ἐσχάτοις
2688 1557 2827 1611 κατά
2866 1557 3088 1627 ἔσχατον
3113 1558 3381 1628 ἀπήχημα
3408 1559 3620 1629 πάρεστι

2064 1648 2317 1717 τάγαθόν.
2358 1650 2446 1713 Ὠς
2477 1650 2585 1720 γάρ
2610 1650 2839 1719 ἔφημεν,
2870 1650 3067 1703 ὑπόθου
3099 1650 3219 1704 τινὰ
3252 1651 3441 1721 βοῆσαι
3471 1651 3617 1721 μέγα,

2065 1738 2159 1791 καὶ
2212 1738 2304 1791 τὸν
2358 1740 2453 1809 μὲν
2509 1742 2675 1808 ἐγγὺς
2723 1742 3005 1811 ἱστάμενον
3070 1744 3163 1796 καὶ
3226 1743 3532 1813 ἐρρωμένον
3567 1742 3619 1794 τὸ

395 1850 601 1904 nasque
625 1837 1003 1907 protenditur;
1038 1838 1299 1906 quoniam
1339 1836 1545 1892 idcirco
1588 1838 1752 1891 etiam
1812 1848 1948 1893 terra

2062 1833 2399 1897 ἀκουστικὸν,
2424 1832 2551 1903 ὃλην
2575 1833 2828 1897 δέξασθαι
2848 1836 2945 1906 τὴν
2972 1834 3098 1905 βοὴν
3115 1875 3132 1900 ,
3174 1836 3299 1899 τοὺς
3318 1836 3376 1888 δὲ
3405 1836 3621 1905 ἀφεστη-

394 1930 599 1984 dicitur
627 1931 922 1985 scabellum
954 1932 1045 1985 Dei
1063 1943 1110 1983 ι.
1134 1931 1310 1999 Atque
1329 1930 1450 1984 aliis
1467 1930 1689 1999 quidem
1705 1931 1861 1986 aliter
1878 1943 1965 1987 at-

392 2036 498 2090 que
519 2021 679 2077 aliter
694 2026 987 2076 secundum
1004 2022 1363 2079 intentionem
1382 2035 1433 2077 et
1452 2022 1851 2085 remissionem,
1867 2038 1963 2077 ex-

393 2112 581 2167 tremis
609 2128 738 2167 vero
761 2113 1055 2166 secundum
1087 2124 1385 2167 extremam
1414 2115 1568 2183 quasi
1594 2114 1958 2169 resouantiam

388 2207 544 2260 adest
574 2208 795 2259 bonum.
822 2206 1135 2259 Sicutenim
1160 2205 1419 2271 diximus,
1447 2221 1688 2275 suppone
1722 2207 1961 2274 aliquem

388 2298 499 2353 alte
515 2297 828 2363 vociferari,
852 2312 914 2352 ac
941 2298 1176 2351 vicinum
1201 2299 1418 2368 quidem
1446 2300 1743 2368 audituque
1770 2300 1957 2353 valen-

388 2399 497 2445 tem
524 2399 692 2445 totam
718 2404 905 2443 vocem
934 2390 1206 2457 excipere,
1240 2401 1477 2445 remotos
1504 2401 1682 2445 autem
1711 2407 1809 2460 pro
1840 2401 1955 2445 rata

388 2484 661 2539 distantia:
690 2483 1389 2552 portione,remotissimum
1419 2498 1547 2537 vero
1569 2482 1954 2538 obscurissime

389 2588 649 2644 tanquam
722 2575 1082 2629 resonantiam
1141 2576 1429 2645 quamdam
1507 2575 1753 2629 ultimam
1803 2576 1954 2631 vocis

388 2667 789 2737 quodammodo
806 2668 1118 2737 percipere;
1150 2669 1253 2721 nisi
1273 2668 1416 2723 enim
1442 2668 1543 2723 hoc
1569 2671 1726 2723 modo
1748 2671 1951 2723 bonum

384 2758 821 2828 participaretur,
856 2758 1044 2825 utique
1074 2758 1411 2812 divinissima
1453 2759 1804 2825 exsisterent,
1825 2774 1945 2829 quse

388 2850 809 2903 novissimorum
834 2850 991 2903 [nodo
1014 2849 1259 2903 ordinem
1284 2860 1485 2904 tenent.
1504 2850 1748 2916 Quonam
1768 2862 1947 2904 autem

382 2950 547 3011 pacto
585 2940 870 3009 oportebat
922 2938 1207 3009 aequaliter
1237 2939 1419 2993 omnia
1471 2939 1667 2993 bonum
1727 2943 1950 3010 partici-

382 3048 535 3104 pare,
568 3048 691 3087 cum
714 3032 968 3101 quaelibet
995 3031 1061 3086 ad
1099 3031 1362 3101 aequalem
1396 3031 1522 3087 boni
1579 3034 1948 3103 participatio-

381 3139 504 3179 nem
537 3139 645 3178 non
673 3123 781 3178 sint
830 3119 1284 3177 accommodata?
1312 3120 1465 3175 Nunc
1498 3131 1677 3175 autem
1723 3122 1836 3176 haec
1863 3130 1946 3176 est

2063 1926 2226 1989 κότας
2269 1925 2543 1993 ἀναλόγως
2579 1929 2643 1997 τῇ
2686 1928 2995 1993 διαστάσει,
3036 1927 3128 1982 τὸν
3166 1928 3222 1981 δὲ
3261 1928 3405 1981 πάνυ
3450 1928 3618 1999 πόρρω

2062 2017 2411 2088 ἀμυδρότατα
2435 2017 2510 2081 ὡς
2534 2018 2719 2088 ἀπηχή
2730 2035 2896 2087 ματος
2921 2019 3149 2072 ὑστάτου
3178 2017 3360 2081 ποσῶς
3384 2016 3616 2071 αἰσθάνε-

2062 2108 2217 2162 σθαι’
2251 2111 2298 2162 εί
2325 2109 2433 2179 γάρ
2464 2110 2536 2181 μὴ
2577 2110 2748 2173 οὑτως
2783 2112 2817 2180 ἡ
2856 2110 2949 2163 τοῦ
3001 2109 3203 2178 ἀγαθοῦ
3248 2109 3502 2179 μετουσία
3536 2097 3613 2178 ἦν,

2056 2197 2195 2272 ἦσαν
2227 2206 2293 2255 ἂν
2317 2202 2384 2256 τὰ
2412 2201 2661 2256 θειότατα
2688 2202 2783 2272 τὴν
2811 2202 2922 2256 τῶν
2946 2204 3185 2273 ἐσχάτων
3225 2202 3381 2268 τάξιν
3423 2202 3611 2271 έχοντα.

2059 2292 2183 2356 Πῶς
2204 2293 2260 2346 δὲ
2286 2293 2392 2346 ἔδει
2424 2294 2602 2347 πάντα
2650 2294 2845 2364 ἐπίσης
2884 2294 3131 2365 δέχεσθαι
3169 2294 3231 2346 τὸ
3275 2292 3511 2360 ἀγαθὸν,
3551 2290 3614 2360 μὴ

2055 2384 2183 2437 ὄντα
2210 2385 2404 2456 ἐπίσης
2427 2387 2562 2457 πρὸς
2588 2386 2745 2439 τοῦτο
2769 2387 3083 2457 ἐπιτήδεια;
3112 2385 3225 2439 Νῦν
3250 2386 3306 2438 δὲ
3330 2384 3487 2439 τοῦτό
3512 2386 3614 2435 ἐστι

2054 2478 2115 2531 τὸ
2142 2478 2474 2549 ὑπερϐάλλον
2502 2480 2601 2549 τῆς
2620 2479 2714 2532 τοῦ
2745 2479 2947 2547 ἀγαθοῦ
2973 2481 3273 2550 δυνάμεως,
3299 2480 3384 2531 ὅτι
3425 2479 3515 2530 καὶ
3555 2476 3613 2528 τὰ

2054 2570 2389 2640 ἐστερημένα
2410 2572 2509 2623 οὑκ
2532 2572 2704 2625 ἀλλων
2730 2571 2849 2624 οὑδὲ
2876 2571 2993 2624 κατ’
3020 2572 3147 2624 ἀλλο
3181 2590 3254 2637 τι,
3305 2570 3442 2625 ἀλλά
3489 2567 3611 2621 κατὰ

2052 2663 2151 2734 τὴν
2176 2662 2338 2715 αὑτοῦ
2372 2664 2625 2734 στέρησιν
2647 2664 2930 2734 ἐνδυναμοί
2974 2664 3112 2717 κατά
3156 2664 3333 2726 τοῦτο,
3380 2664 3518 2716 κατά
3560 2663 3613 2715 τὸ

2050 2755 2186 2819 ὅλως
2212 2755 2373 2809 αὑτοῦ
2400 2757 2662 2826 μετέχειν.
2690 2757 2800 2809 Καὶ
2821 2756 2977 2810 τοῦτό
3000 2760 3115 2809 ἐστι
3160 2757 3238 2809 τό’
3268 2758 3340 2810 τὰ
3361 2756 3613 2810 ἀδύνατα

2050 2847 2211 2914 παρὰ
2234 2845 2562 2913 ἀνθρώποις
2580 2846 2809 2901 δυνατὰ
2826 2849 2986 2916 παρὰ
3002 2848 3082 2913 τῷ
3096 2848 3235 2913 Θεῷ.
3265 2849 3329 2901 El.
3353 2848 3459 2919 χρὴ
3474 2848 3525 2899 δὲ
3545 2849 3613 2899 εξ·

2049 2941 2171 2993 πεῖν
2206 2938 2701 3009 παῤῥησιασμένον,
2728 2941 2810 2993 ὄτι
2836 2941 2928 2995 καὶ
2953 2941 3020 2993 τὰ
3055 2940 3333 3011 μαχόμενα
3369 2940 3530 3010 αὑτῷ,
3550 2942 3606 3008 τῇ

2049 3031 2213 3085 αὑτοῦ
2238 3032 2464 3101 δυνάμει
2492 3031 2586 3084 καὶ
2610 3031 2723 3085 ἐστι
2746 3032 2841 3085 καὶ
2883 3034 3174 3103 μάχονται·
3216 3032 3469 3103 ἀνέχεται
3514 3032 3611 3100 γὰρ

2046 3124 2142 3178 καὶ
2171 3124 2507 3195 ἁμαρτωλῶν
2530 3128 2559 3179 ό
2583 3125 2734 3189 Θεὸς,
2762 3124 2896 3180 ἀλλὰ
2933 3126 3028 3179 καὶ
3052 3124 3259 3177 πολλῶν
3306 3125 3609 3195 μαχομένων

379 3216 636 3285 potentiae
661 3216 787 3271 boni
821 3224 1083 3284 praestans
1108 3214 1427 3285 magnitudo
1454 3251 1470 3277 ,
1498 3213 1639 3281 quod
1669 3213 1836 3266 etiam
1863 3213 1947 3267 sui

2050 3219 2163 3279 τοῖς
2189 3215 2351 3279 θείοις
2383 3215 2547 3268 αὑτοῦ
2576 3215 2873 3286 θελήμασι·
2929 3217 3025 3268 καὶ
3050 3215 3206 3269 τοῦτό
3258 3217 3379 3269 ἐστι
3412 3216 3472 3268 τὸ
3507 3217 3608 3274 τοῖς

378 3309 621 3378 expertia
657 3324 760 3363 non
790 3308 933 3373 aliis,
972 3323 1148 3377 neque
1189 3307 1351 3362 aliter
1383 3323 1541 3375 quam
1570 3319 1667 3375 per
1691 3306 1771 3360 sui
1828 3306 1945 3374 pri-

381 3402 652 3455 vationem
686 3400 1000 3454 corroboret
1043 3400 1109 3453 ad
1136 3400 1310 3467 ipsum
1359 3398 1580 3452 omnino
1613 3398 1948 3465 participan-

379 3488 529 3547 dum.
564 3492 627 3546 Et
648 3492 748 3545 hoc
778 3502 882 3556 est,
903 3492 1047 3560 quod
1078 3506 1197 3561 qua:
1222 3490 1576 3559 impossibilia
1610 3498 1736 3544 sunt
1767 3489 1946 3543 homi-

378 3584 560 3648 nibus,
612 3584 891 3653 possibilia
941 3584 1054 3638 sint
1108 3583 1239 3638 Deo.
1284 3582 1439 3648 Quod
1493 3582 1538 3636 si
1582 3582 1946 3636 conﬁdentius

378 3677 560 3731 dicere
586 3675 765 3741 liceat,
792 3675 880 3729 illa
913 3676 1076 3729 etiam
1108 3690 1232 3746 qua:
1266 3675 1367 3743 ipsi
1399 3683 1715 3744 repugnant,
1742 3674 1943 3743 ipsius-

380 3776 490 3823 met
524 3768 575 3820 vi
600 3775 799 3822 etsunt
823 3779 875 3821 et
906 3777 1186 3837 pugnant;
1226 3768 1461 3821 sustinet
1503 3768 1647 3820 enim
1692 3778 1943 3836 peccato-

380 3872 469 3911 res
497 3856 658 3923 Deus,
709 3856 817 3911 imo
846 3858 1110 3926 plurimos
1156 3858 1354 3911 divinis
1412 3858 1525 3911 suis
1574 3857 1943 3913 voluntatibus

378 3957 777 4016 repugnantes;
807 3957 862 4003 et
889 3949 989 4002 hoc
1020 3958 1102 4003 est
1129 3949 1271 4018 quod
1303 3948 1472 4017 ipsius
1507 3948 1730 4017 judiciis
1758 3964 1941 4003 reser-

376 4052 561 4095 vatum
582 4050 684 4105 est,
703 4042 827 4094 dum
859 4040 1110 4107 dicimus,
1132 4042 1328 4111 quibus
1347 4043 1569 4113 judiciis
1603 4042 1751 4097 novit
1778 4042 1941 4109 Deus,

378 4132 480 4187 hoc
509 4131 591 4200 ﬁt,
625 4141 679 4186 et
709 4133 811 4187 hoc
839 4146 944 4185 non
988 4133 1067 4186 ﬁt.
1098 4133 1373 4199 Quinimo,
1407 4146 1463 4187 ut
1508 4135 1819 4187 summatim
1856 4137 1940 4190 di-

377 4240 523 4289 cam,
553 4238 615 4279 ea
643 4238 762 4293 qua:
793 4231 917 4277 sunt
945 4223 1147 4289 omnia,
1180 4223 1230 4276 in
1257 4233 1519 4292 quantum
1550 4225 1689 4278 bona
1716 4233 1863 4284 sunt.
1888 4233 1944 4280 et

375 4326 523 4381 sunt,
557 4325 612 4370 et
651 4318 789 4371 bona
825 4330 894 4369 ex
941 4315 1084 4369 bono
1111 4320 1277 4380 sunt;
1335 4316 1387 4368 in
1445 4327 1707 4384 quantum
1758 4327 1940 4371 autem

375 4410 517 4462 bono
550 4410 758 4476 privata
804 4415 951 4474 sunt,
986 4422 1091 4461 non
1122 4409 1281 4461 modo
1313 4422 1416 4461 non
1458 4410 1599 4462 bona
1627 4419 1792 4474 sunt,
1848 4410 1944 4463 sed

379 4516 446 4553 ne
470 4501 740 4554 exsistunt
767 4499 1008 4567 quidem.
1035 4497 1172 4551 Hinc
1197 4497 1463 4566 intelliges
1487 4497 1651 4553 etiam
1680 4498 1810 4552 illud
1828 4500 1941 4553 Ab-

376 4592 476 4643 dize
526 4593 797 4659 propheta:
836 4590 1041 4644 dictum
1090 4589 1157 4643 de
1202 4591 1625 4661 peccatoribus:
1666 4589 1735 4643 Et
1782 4599 1937 4643 erunt

374 4681 525 4750 quasi
562 4698 665 4735 non
697 4683 801 4734 sint
827 4681 877 4736 δ.
902 4680 1052 4747 Quod
1081 4682 1247 4735 etiam
1287 4681 1339 4734 iu
1371 4679 1613 4749 profanis
1634 4680 1810 4737 locum
1841 4685 1939 4737 ha-

376 4774 487 4838 bet,
531 4780 589 4826 ut
620 4774 675 4827 in
704 4772 962 4839 Homero,
993 4788 1047 4827 ν.
1077 4788 1129 4843 g.
1156 4787 1279 4827 cum
1311 4774 1433 4841 quis
1476 4772 1719 4843 loquitur
1750 4778 1815 4829 de
1842 4776 1939 4830 bo-

376 4865 461 4917 nis
489 4878 720 4932 quorum
743 4865 870 4918 olim
896 4866 1168 4934 particeps
1222 4867 1472 4931 exstitit,
1524 4867 1717 4935 quibus
1778 4869 1939 4923 modo

375 4955 617 5025 privatus
674 4963 777 5021 est,
836 4956 881 5009 si
938 4958 1147 5025 quando
1194 4959 1416 5025 fuerint.
1465 4957 1619 5013 Unde
1666 4960 1939 5028 colligitur

372 5046 593 5102 omnino
641 5046 842 5099 malum
888 5060 1009 5101 esse
1063 5048 1205 5115 quod
1254 5049 1474 5104 omnino
1527 5050 1797 5119 privatum
1848 5062 1936 5107 est

378 5139 543 5201 bono,
566 5145 622 5190 ut
652 5135 793 5203 quod
816 5149 914 5188 nec
935 5147 1074 5201 erat,
1128 5153 1227 5191 nec
1267 5150 1375 5204 est,
1424 5153 1523 5194 nec
1557 5155 1681 5195 esse
1734 5151 1933 5209 potest.

382 5227 661 5298 Suppone.
689 5227 887 5296 inquit,
911 5229 1109 5282 bonum
1141 5242 1261 5283 esse
1291 5230 1567 5298 habitum;
1608 5234 1775 5306 5.10
1811 5250 1937 5289 nam

380 5319 507 5373 licet
533 5320 673 5373 Deus
694 5320 765 5371 sit
793 5320 1388 5387 supersubstantialiter
1412 5332 1467 5376 et
1495 5338 1591 5391 per
1618 5340 1679 5379 se
1707 5327 1933 5392 bonum,

376 5420 431 5461 et
458 5407 751 5463 essentiale
784 5408 1009 5475 bonum,
1041 5417 1217 5464 tamen
1260 5412 1312 5465 in
1362 5415 1718 5486 participibus
1767 5418 1932 5472 etiam

376 5500 576 5555 bonum
601 5510 686 5555 est
714 5502 1011 5555 secundum
1036 5503 1321 5568 quemdam
1346 5505 1613 5561 habitum.
1652 5509 1809 5564 Ponit
1833 5511 1935 5563 ita-

379 5603 483 5659 que
509 5592 741 5660 aliquam
774 5592 989 5661 quidem
1019 5606 1234 5647 rttauere
1262 5594 1315 5647 in
1352 5595 1561 5665 habitu,
1610 5602 1774 5656 etiam
1806 5603 1939 5657 deli-

487 5776 511 5802 ⁸
544 5764 644 5819 lsa.
682 5786 827 5835 LXVI,
856 5771 905 5822 l.
982 5772 1009 5811 δ
1046 5772 1183 5828 Abd.
1214 5772 1298 5827 16.

2048 3307 2212 3361 αὑτοῦ
2237 3308 2734 3378 παραπεμπόμενον
2754 3308 3003 3378 κρίμασι,
3032 3308 3293 3376 λεγόντων
3320 3311 3354 3377 η
3362 3308 3474 3377 μῶν
3492 3324 3503 3335 ·
3523 3302 3607 3366 Οἷς

2050 3397 2310 3469 κρίμασιν
2331 3393 2436 3449 οἶδε
2463 3398 2615 3461 Θεὸς,
2644 3398 2804 3451 τοῦτο
2829 3399 3057 3466 γίνεται,
3085 3401 3178 3453 καὶ
3201 3399 3359 3452 τοῦτο
3394 3400 3452 3452 οὑ
3479 3399 3609 3465 γίνεο

2045 3506 2154 3541 ται.
2182 3488 2394 3542 Μᾶλλον
2415 3490 2493 3553 δὲ,
2518 3491 2604 3545 ἴνα
2627 3490 2905 3543 συλλαϐὼν
2929 3493 3069 3545 εῐπω
3092 3531 3107 3556 ,
3138 3491 3205 3544 τά
3250 3492 3383 3545 ὅντα
3422 3492 3604 3553 πάντα,

2047 3580 2166 3633 καθ’
2194 3581 2316 3633 ὅσον
2343 3582 2520 3649 ἀγαθά
2543 3584 2679 3648 ἐστι,
2737 3586 2831 3637 καὶ
2863 3584 3000 3650 ἐστι,
3053 3585 3145 3637 καὶ
3192 3583 3373 3651 ἀγαθά
3420 3586 3484 3636 ἐκ
3522 3580 3605 3633 τοῦ

2046 3673 2249 3740 ἀγαθοῦ
2278 3675 2395 3725 ἐστι
2415 3691 2427 3703 ο
2459 3674 2578 3726 καθ’
2595 3676 2718 3728 ὅσον
2742 3675 2800 3728 δὲ
2824 3676 3143 3747 ἐστέρηνται
3168 3673 3262 3727 τοῦ
3297 3673 3519 3743 ἀγαθοῦ,
3540 3672 3605 3741 μὴ

2049 3766 2209 3836 μόνον
2235 3766 2335 3819 οὑκ
2357 3766 2553 3835 ἀγαθὰ,
2585 3768 2701 3820 ἀλλ’
2728 3768 2848 3820 οὑδὲ
2880 3768 3009 3821 ὅντα
3060 3768 3228 3820 ἐστίν.
3267 3766 3458 3820 Ἔνθεν
3494 3766 3603 3836 νοή-

2048 3874 2161 3921 σεις
2183 3858 2358 3910 καὶτὸ
2384 3859 2532 3929 παρά
2573 3859 2777 3912 Ἀὅδιοὺ
2804 3859 2882 3929 τῷ
2910 3864 3158 3930 προφήτῃ
3184 3859 3468 3929 είρημένον
3493 3858 3605 3926 περὶ

2044 3947 2149 4000 τῶν
2178 3948 2513 4020 ἁμαρτωλῶν
2536 3965 2549 3978 ’
2580 3950 2689 4001 Καὶ
2721 3952 2961 4001 ἔσονται
2992 3950 3069 4013 ὡς
3095 3947 3180 4017 μὴ
3212 3948 3399 4013 ὄντες.
3443 3949 3601 3999 Ὅπου

2044 4056 2109 4107 γε
2136 4041 2228 4092 καὶ
2253 4038 2398 4109 παρά
2432 4042 2542 4102 τοῖς
2577 4038 2771 4104 ἔξωθεν
2797 4039 2955 4091 τοῦτο
2974 4038 3205 4107 λέγεται,
3239 4038 3314 4101 ὡς
3361 4037 3506 4107 παρὰ
3534 4035 3603 4104 τῷ

2057 4132 2295 4201 Ὁμήρῳ,
2321 4133 2379 4184 ἐν
2411 4126 2491 4194 οἷς
2518 4131 2660 4198 λέγει
2688 4150 2769 4194 τις
2798 4130 3050 4201 περὶτῶν
3070 4124 3143 4183 ὧν
3162 4134 3218 4183 ἐν
3238 4130 3492 4201 μετουσίᾳ
3508 4130 3601 4180 πά-

2044 4224 2128 4279 λαι
2149 4224 2325 4279 καλῶν
2346 4225 2606 4292 ἐγεγόνει,
2630 4224 2725 4277 καὶ¹
2739 4224 2832 4275 νῦν
2856 4224 3057 4277 τούτων
3074 4224 3383 4295 ἐστέρηται,
3405 4226 3459 4277 ει
3473 4239 3601 4276 ποτε

2043 4317 2124 4386 ἦν
2141 4333 2227 4386 γε.
2263 4316 2537 4370 Ἐντεῦθεν
2557 4316 2923 4383 συλλογίζεται
2950 4316 3105 4368 ὅτιτὸ
3127 4315 3404 4378 παντελῶς
3424 4314 3598 4373 κακὸν,

2041 4408 2116 4473 ὡς
2168 4409 2527 4480 ἐστερημένον
2558 4407 2835 4470 παντελῶς
2858 4407 2951 4459 τοῦ
2978 4406 3205 4475 ἀγαθοῦ,
3228 4406 3350 4459 οὔτε
3369 4402 3456 4478 ἦν,
3488 4404 3599 4458 οὔτε

2043 4502 2209 4563 ἐστὶν,
2236 4500 2359 4552 οὔτε
2387 4495 2522 4551 εἶναι
2544 4498 2782 4551 δύναται.
2805 4498 2912 4549 Καί
2942 4499 3220 4567 φησιν,ὅτι
3256 4497 3483 4551 ’Υπόθου
3501 4493 3599 4558 ἐξιν

2041 4596 2101 4647 τὸ
2133 4594 2364 4662 ἀγαθόν’
2398 4594 2500 4645 κᾶν
2528 4592 2635 4663 γὰρ
2659 4593 2997 4663 ὑπερουσίως
3035 4593 3129 4645 καὶ
3160 4591 3465 4659 αὑτάγαθόν
3494 4593 3596 4642 ἐστι

2039 4688 2100 4740 τὸ
2125 4688 2298 4747 Θεῖον,
2323 4687 2416 4738 καὶ
2437 4688 2494 4738 οὑ
2505 4686 2691 4749 σιῶδες
2718 4686 2939 4753 ἀγαθὸν,
2958 4684 3092 4737 ἀλλὰ
3120 4684 3213 4737 καὶ
3238 4684 3331 4737 ἐπὶ
3347 4685 3460 4746 τοῖς
3479 4698 3594 4752 μετ-

2042 4780 2223 4850 έχουσι
2248 4779 2307 4831 τὸ
2333 4778 2535 4846 ἀγαθὸν
2561 4779 2700 4831 κατὰ
2727 4778 2838 4841 ἕξιν
2885 4778 3007 4829 τινά
3032 4779 3167 4829 ἐστι.
3204 4776 3397 4846 Τίθησι
3436 4774 3596 4827 τοίνυν

2040 4872 2161 4924 τινὰ
2199 4872 2295 4942 μὲν
2330 4872 2555 4942 μένοντα
2576 4871 2633 4921 ἐν
2656 4873 2720 4940 τῇ
2748 4870 2856 4934 ἕξει
2877 4910 2892 4933 ,
2943 4870 3034 4921 καὶ
3080 4868 3475 4938 ἀπολειπούσης
3510 4866 3595 4934 τῆς

2042 4963 2239 5027 ἕξεως,
2279 4963 2355 5027 ὡς
2403 4964 2502 5033 τῆς
2541 4962 2635 5014 τοῦ
2683 4963 2851 5030 πυρὸς
2898 4961 3249 5032 θερμότητος,
3289 4960 3357 5015 τά
3381 4962 3594 5032 θερμαν-

2042 5053 2199 5107 θέντα
2225 5054 2423 5125 θερμὰ,
2458 5056 2550 5107 καὶ
2572 5055 2668 5124 τῆς
2700 5052 3034 5124 ψυχρότητος
3056 5054 3151 5122 τῆς
3178 5053 3352 5123 χιόνος
3371 5092 3386 5117 ,
3421 5052 3485 5105 τὰ
3506 5050 3593 5120 ψυ-

2043 5147 2341 5217 χρανθέντα
2360 5147 2559 5218 ψυχρά.
2590 5146 2699 5199 Καὶ
2728 5145 2886 5199 πάλιν
2910 5146 3063 5207 ἄλλα,
3096 5146 3239 5216 ἅπερ
3272 5146 3373 5198 οὑκ
3398 5147 3453 5197 ἐν
3479 5141 3591 5213 μεθ-

2045 5237 2153 5303 έξει
2210 5237 2338 5289 ὄντα
2391 5238 2552 5290 τινῶν
2598 5237 2799 5303 ἕξεων,
2848 5238 2996 5306 ὅμως
3031 5235 3293 5300 σώζονται
3346 5237 3438 5289 καί
3479 5237 3587 5287 εἰσι.

2046 5328 2192 5379 Ιιόσα
2214 5327 2322 5398 γὰρ
2341 5327 2543 5399 ἀμοιρα
2568 5326 2733 5397 ζωῆς,
2763 5329 2903 5382 πόσα
2932 5327 3023 5381 νοῦ
3051 5366 3065 5391 ,
3116 5327 3229 5382 ἀλλ’
3276 5330 3423 5398 ὅμως
3467 5323 3587 5385 εἰσὶν

2045 5419 2179 5472 λίθοι
2198 5422 2292 5473 καὶ
2317 5420 2477 5488 φυτὰ,
2500 5422 2593 5473 καὶ
2607 5421 2674 5473 τά
2699 5419 3049 5491 παραπλήσια
3072 5436 3085 5484 ;
3118 5419 3266 5472 Ἐλθὲ
3299 5420 3393 5471 καί
3414 5417 3492 5470 ἐπ’
3508 5415 3578 5467 αὑ-

2039 5512 2131 5563 τὸν
2163 5512 2253 5564 τὸν
2282 5512 2431 5565 Θεόν·
2452 5513 2637 5576 οὐσίας
2659 5511 2995 5586 ἐξῃρημένος
3012 5512 3149 5575 ἐστὶ,
3171 5512 3263 5564 καὶ
3282 5510 3423 5563 ἐστιν
3439 5510 3582 5577 ὑπερ-

2045 5602 2247 5667 οὑσιος.
2278 5604 2385 5659 Καὶ
2433 5604 2646 5670 ἁπλῶς,
2668 5606 2761 5659 ἐπὶ
2782 5607 2882 5677 μὲν
2908 5605 3017 5661 τῶν
3044 5604 3216 5660 ἄλλων
3235 5643 3250 5668 ,
3286 5605 3319 5676 ἢ
3347 5598 3581 5657 ἀπελθού-
