3866 6234
258 270 375 329 789

845 270 931 327 DE
966 266 1221 328 DlVlNlS
1251 269 1654 337 NOMINIBUS,
1689 268 1843 327 CAP.
1880 266 2041 323 lV.-—-
2075 262 2423 319 PARAPllR.
2459 260 2789 318 PACIIYME
2803 260 2941 317 ΗΕ.

3420 252 3521 315 790

259 409 372 462 σης
396 391 497 461 τῆς
519 390 703 458 ἕξεως,
726 392 764 464 ἢ
797 393 934 464 μηδὲ
957 392 1337 463 ἐγγινομένης,
1367 386 1506 444 εἶναι
1530 408 1583 443 τι
1606 388 1701 444 καὶ
1726 388 1850 457 ὑφίφ

1964 385 2142 437 cicnte
2173 381 2385 447 habitu,
2420 382 2562 435 sicut
2590 380 2876 438 deficiente
2901 377 3085 435 calore
3108 377 3529 448 ignis(maurnt)

259 486 507 542 σπασθαι
527 486 767 550 δύναται,
796 487 857 539 τὸ
881 487 939 540 δὲ
964 486 1105 540 κατά
1138 487 1316 541 πάντα
1334 485 1429 539 τοῦ
1454 484 1659 554 ἀγαθοῦ
1698 486 1854 537 ὲστε-

264 579 533 653 ρημένον,
566 580 643 645 ὡς
667 577 803 636 εἶναι
829 581 1156 646 αύτόκακον,
1192 581 1293 633 ούκ
1320 574 1458 632 εἶναι
1480 576 1660 640 ποσῶς
1698 575 1857 628 δύνα-

260 691 381 728 1ται.
408 673 601 745 Τίθησι
627 674 758 743 γοῦν
785 673 1135 745 παράδειγμα
1159 671 1249 725 τὸν
1276 670 1591 731 ἀκόλαστον,
1619 668 1677 732 ὃς
1703 665 1856 738 ἐντῷ

259 764 453 819 κακοῦ.
471 764 716 835 μετέχειν
739 762 861 816 οὗτε
889 763 1057 824 ἐστὶν,
1082 759 1203 814 οὗτε
1232 761 1400 823 ὅντως
1421 757 1697 827 ἐπιθυμεῖ,
1728 750 1855 825 (οἷος

258 857 429 929 γάρὸ
457 856 597 928 ἔρως
623 897 637 921 ,
679 854 905 909 τοιαῦτα
946 854 1040 909 καὶ
1086 853 1155 907 τά
1203 850 1443 924 ὲραστά)
1470 850 1590 904 κατ’
1626 849 1756 902 αὐτὸ
1799 847 1856 903 δὲ

258 949 423 1020 ὅμως
447 948 507 1001 τὸ
538 948 640 1018 τῆς
665 946 909 1011 ὲνὼσεως
944 946 1038 1001 καὶ
1073 945 1253 1015 φιλίας
1276 943 1463 1014 σχῆμα
1512 941 1725 1013 μετέχει
1762 940 1854 994 τοῦ

260 1040 501 1110 ἀγαθοῦ,
537 1042 586 1093 εί
619 1041 713 1094 καὶ
745 1038 1016 1115 μὴ’ὅντος,
1053 1037 1189 1092 ἀλλά
1213 1036 1307 1090 τοῦ
1331 1036 1614 1099 δοκοῦντος
1638 1052 1651 1064 ·
1698 1033 1857 1088 τοῦτο

261 1135 381 1205 γάρ
407 1136 521 1186 ἐστι
557 1132 619 1185 τὸ
644 1132 883 1203 ἀμυδρὸν
917 1132 1016 1202 τῆς
1036 1130 1203 1184 ὄντων
1231 1128 1411 1199 φιλίας
1434 1128 1721 1201 ἀπήχημα.
1746 1125 1857 1185 Καὶ

260 1224 399 1296 ἀντῷ
427 1224 583 1295 θυμῷ
610 1222 999 1295 ἀποχρώμενος
1038 1223 1281 1294 μετέχειν
1327 1221 1544 1289 λέγεται
1582 1218 1677 1272 τοῦ
1717 1219 1855 1288 ἀγα-

261 1317 366 1370 θοῦ
385 1318 442 1370 ὲν
456 1314 532 1387 τῷ
549 1316 685 1387 πρὸς
707 1316 991 1389 διόρθωσιν
1026 1315 1288 1369 κινεῖσθαι
1310 1314 1419 1367 τῶν
1442 1313 1741 1366 δοκούντων
1759 1328 1857 1363 κα-

262 1410 405 1467 κῶν.
429 1409 585 1463 Οῦτω
616 1409 719 1468 καὶ,
742 1411 770 1462 ό
805 1409 905 1479 τῆς
937 1408 1205 1475 κακίστης
1241 1405 1388 1475 ζωῆς
1426 1403 1710 1473 ἐφιέμενος
1760 1418 1855 1472 με-

260 1503 421 1573 τέχει
443 1500 537 1555 τοῦ
565 1500 771 1569 ἀγαθοῦ
807 1501 865 1558 sv
897 1499 975 1569 τῷ
1008 1499 1107 1568 τῆς
1138 1498 1403 1567 δοκούσης
1440 1493 1587 1565 αὐτῷ
1627 1493 1855 1565 ἀρίστης

263 1593 422 1663 ζωῆς
454 1593 723 1663 ἐφίεσθαι.
762 1591 925 1645 Καὶὸ
954 1590 1016 1643 τὸ
1039 1588 1207 1643 κακὸν
1243 1589 1299 1641 δὲ
1337 1585 1537 1659 μετιὼν
1574 1587 1632 1637 ἐν
1660 1582 1736 1654 τῷ
1772 1582 1857 1634 δο-

262 1691 389 1743 κεῖν
422 1686 583 1739 καλὸν
635 1687 809 1738 ποιεῖν
869 1683 1084 1755 μετέχει
1133 1681 1227 1736 τοῦ
1283 1679 1507 1749 ἀγαθοῦ.
1549 1677 1750 1739 Ὥστε,
1791 1675 1855 1729 ἂν

261 1780 449 1849 πάντη
472 1780 532 1833 τὸ
565 1779 767 1848 ἀγαθὸν
806 1750 1033 1851 ἀνέλῃς,
1070 1776 1278 1838 ἀνεῖλες
1314 1775 1407 1828 καὶ
1448 1774 1640 1827 πάντα.
1691 1772 1852 1824 Ὥστε
1888 1750 1929 1805 Β

260 1875 365 1929 καὶ
397 1873 458 1927 τὸ
482 1875 545 1926 ὲκ
571 1872 777 1944 φθορᾶς
792 1871 1035 1940 γίνεσθαι
1051 1870 1284 1938 γένεσιν,
1313 1869 1341 1921 ὃ
1360 1868 1613 1939 ἀνωτέρω
1648 1865 1853 1934 έλεγεν,

259 1965 370 2018 οὐκ
394 1963 507 2016 ἔστι
532 1964 702 2017 κακοῦ
724 1963 974 2035 δύναμις,
1014 1961 1124 2016 ἀλλ’
1148 1961 1351 2030 ἀγαθοῦ
1380 1961 1599 2030 ἥττονος
1626 1958 1854 2029 ἐπικρά-

257 2071 446 2125 τησις.
484 2055 693 2125 ’Ὠσπερ
727 2055 821 2108 καὶ
857 2056 890 2125 ἡ
928 2053 1109 2121 ὑγίεια
1134 2050 1287 2117 τάξις
1333 2051 1446 2103 ἐστὶ
1496 2050 1589 2103 καὶ
1639 2066 1851 2121 συμμε-

258 2146 398 2217 τρία
427 2144 535 2198 τῶν
556 2148 827 2216 κράσεων,
862 2146 895 2217 ἡ
929 2145 987 2198 δὲ
1018 2144 1171 2207 νόσος
1194 2142 1427 2213 ἔλλειψις
1466 2144 1563 2214 τῆς
1598 2143 1853 2213 τοιαύτης

259 2236 494 2301 τάξεως,
518 2237 660 2308 πλὴν
688 2238 746 2290 δὲ
778 2238 837 2291 οὐ
874 2237 1072 2308 πάσης,
1098 2235 1231 2290 ἀλλά
1249 2254 1392 2300 τινος
1410 2253 1423 2266 ·
1448 2238 1495 2288 εί
1521 2235 1630 2307 γὰρ
1648 2237 1850 2306 πάσης,

263 2324 612 2397 φθαρήσεται
636 2327 701 2380 ἂν
726 2327 786 2380 τὸ
821 2326 979 2391 ζῶον,
1003 2328 1094 2380 καὶ
1118 2326 1319 2398 ήνόσος
1346 2328 1443 2398 οὐχ
1465 2328 1848 2399 ὑποστήσεται.

268 2419 431 2473 Ἐστι
495 2420 676 2472 τοίνυν
733 2422 767 2493 ἡ
810 2420 965 2484 νόσος
1012 2421 1246 2474 ἀπουσία
1293 2422 1526 2489 ὑγιείας,
1597 2421 1852 2474 σύστασιν

264 2509 470 2581 ἔχουσα
499 2510 596 2582 τὴν
642 2512 931 2583 ἐλαχίστην
969 2512 1159 2578 τάξιν·
1214 2513 1280 2567 ἂν
1315 2512 1389 2585 μὴ
1437 2513 1547 2585 γάρ
1596 2513 1852 2589 ἀποφύγῃ

266 2604 471 2671 ὑγίεια,
497 2605 597 2658 οὐκ
621 2605 686 2659 ἂν
721 2605 945 2676 συσταίη
971 2609 1002 2677 ἡ
1031 2605 1202 2669 νόσος,
1228 2606 1681 2677 παρυφισταμένη
1704 2604 1852 2676 ὲντῷ

264 2695 368 2767 τὴν
403 2695 516 2760 ἕξιν
546 2696 982 2755 άποδιίστασθαι.
1005 2697 1127 2752 ούδὲ
1142 2700 1417 2770 νικωμένη
1441 2699 1547 2752 ὑπὸ
1577 2699 1678 2769 τῆς
1695 2699 1849 2752 νόσου

263 2790 301 2859 ἡ
330 2787 512 2857 ὑγίεια
543 2788 763 2843 ἄπεισιν
782 2789 954 2843 ὀὕτω
988 2790 1097 2862 γὰρ
1130 2788 1356 2862 ἀνεῖχεν
1381 2795 1414 2864 ἡ
1444 2794 1597 2858 νόσος
1621 2798 1715 2849 καὶ
1756 2795 1851 2867 τὴν

268 2880 584 2951 πρωτίστην
600 2880 773 2947 τάξιν.
814 2881 952 2933 Ἀλλ’
991 2884 1023 2953 ἡ
1048 2883 1146 2953 τῆς
1186 2882 1395 2950 ὑγιείας
1419 2883 1672 2955 στέρησις
1696 2887 1850 2950 νόσος

266 2969 391 3027 ἐστί
409 2988 421 3001 ·
446 2971 532 3025 διὰ
551 2971 711 3027 τοῦτο
733 2973 841 3045 γάρ
873 2967 995 3027 εἶπε
1036 2976 1129 3028 καὶ
1163 2977 1660 3046 παρυφισταμένη
1685 2994 1698 3007 ·
1729 2980 1849 3032 οὐδὲ

266 3063 384 3134 γὰρ
416 3062 529 3134 ἔχει
589 3064 884 3118 ὑπόστασιν
913 3106 928 3130 ,
984 3066 1097 3119 ἀλλ’
1125 3060 1234 3120 οἷον
1293 3070 1709 3137 παρυπόστασιν
1791 3073 1850 3125 ἐν
1876 3092 1919 3150 C

262 3156 347 3225 τῷ
367 3156 466 3226 τὴν
498 3154 709 3224 ὑγίειαν
734 3157 970 3221 ἀπεῖναι,
993 3156 1179 3228 ὥσπερ
1210 3159 1271 3211 τὸ
1297 3159 1485 3224 σκότος
1517 3163 1582 3231 τῇ
1618 3161 1710 3214 τοῦ
1739 3179 1848 3231 φω-

262 3249 363 3312 τὸς
401 3249 747 3320 ύποχωρήσει
783 3249 1211 3320 παρυφίσταται.
1254 3251 1328 3303 Τὸ
1366 3250 1497 3319 γοῦν
1535 3253 1709 3323 πάντη
1757 3252 1849 3306 τοῦ

265 3334 478 3403 ἀγαθοῦ
511 3336 737 3406 ἄμοιρον
756 3338 856 3390 ούκ
885 3338 998 3392 ἔστι
1017 3379 1032 3403 ,
1065 3340 1125 3391 τὸ
1147 3340 1204 3392 δὲ
1242 3340 1468 3411 μετέχον
1496 3344 1588 3395 καὶ
1622 3342 1848 3411 ἀγαθοῦ,

264 3422 412 3475 κατά
443 3423 505 3476 τὸ
528 3425 749 3492 ἀγαθὸν,
787 3428 884 3480 καὶ
904 3428 1022 3481 καθ’
1043 3429 1166 3482 ὅσον
1197 3429 1411 3501 μετέχει
1440 3431 1534 3484 τοῦ
1560 3433 1787 3501 ἀγαθοῦ,
1816 3434 1849 3505 ἦ

268 3514 474 3585 μᾶλλον
496 3515 529 3587 ἦ
554 3510 716 3588 ἧττόν
750 3520 887 3581 ἐστι,
912 3522 1004 3573 καὶ
1027 3523 1213 3586 ἐντοῖς
1237 3519 1385 3578 οῦσίν
1411 3526 1578 3579 ἐστιν.
1622 3527 1853 3597 Ὁμοίως

264 3604 433 3658 πάλιν
455 3607 548 3660 καὶ
579 3606 674 3659 ἐπὶ
704 3606 797 3660 τοῦ
825 3608 955 3660 αὐτὸ
989 3606 1126 3663 εἶναι
1148 3610 1291 3663 κατὰ
1313 3611 1584 3681 ἀπόφασιν
1608 3630 1621 3643 ο
1648 3614 1709 3666 τὸ
1742 3614 1851 3687 γὰρ

268 3696 498 3771 μηδαμῆ
532 3698 797 3769 μηδαμῶς
818 3698 908 3764 ὃν,
934 3699 1071 3770 ὅπερ
1106 3699 1171 3752 ἂν
1211 3699 1305 3753 καὶ
1339 3699 1549 3770 λέγοιτο
1594 3704 1687 3756 καὶ
1721 3707 1852 3760 αύτὸ

262 3785 406 3842 εἶναι
429 3790 569 3843 κατά
593 3790 886 3860 ἀπόφασιν,
911 3792 1010 3844 οὐκ
1033 3791 1205 3847 ἔσται.
1243 3792 1315 3847 Τὸ
1346 3792 1400 3846 δὲ
1434 3794 1511 3865 πῆ
1542 3794 1639 3865 μὲν
1664 3794 1742 3857 ὃν,
1775 3795 1849 3864 πῆ

262 3880 324 3933 δὲ
358 3880 432 3952 μὴ
456 3880 535 3946 ὃν,
565 3881 686 3935 καθ’
713 3884 837 3936 ὅσον
870 3881 965 3938 τοῦ
999 3883 1168 3947 ὅντως
1226 3882 1378 3948 ὄντος
1430 3884 1847 3948 ἀποπέπτωκεν,

262 3974 370 4026 οὐκ
399 3973 513 4027 ἐστι
544 3976 637 4027 καὶ
661 3976 719 4027 ὲν
746 3974 825 4046 τῷ
855 3976 1035 4039 ποσῶς
1063 3971 1203 4030 εἶναι
1223 4016 1238 4041 ,
1272 3978 1365 4031 καὶ
1396 3976 1456 4030 τὸ
1490 3977 1564 4050 μὴ
1596 3978 1654 4030 ὃν
1681 3976 1849 4030 αὐτοῦ

263 4067 753 4135 διακρατεῖταικαὶ
795 4067 1155 4133 διασώζεται·
1205 4070 1364 4123 τοῦτο
1413 4069 1522 4142 γὰρ
1564 4070 1721 4139 ἔλεγε
1757 4069 1851 4124 καὶ

264 4158 555 4229 πρότερον,
581 4160 664 4212 ὅτι
694 4159 789 4213 καὶ
836 4158 903 4212 τὰ
950 4161 1290 4232 ὲστερημένα
1330 4162 1562 4232 δυναμοῖ
1604 4162 1745 4217 κατά
1790 4165 1852 4218 τὸ

262 4250 407 4314 ὅλως
429 4246 584 4303 εἶναι.
618 4251 690 4303 Τὸ
715 4248 845 4316 γοῦν
867 4251 1045 4321 πάντη
1075 4253 1245 4306 κακὸν
1275 4252 1376 4305 οὐκ
1406 4251 1521 4306 ἔστι
1546 4269 1559 4282 ο
1610 4254 1745 4306 τὸδὲ
1775 4254 1850 4325 πῆ

268 4346 373 4421 μὲν
402 4345 622 4415 ἀγαθὸν,
646 4347 720 4418 πῆ
744 4346 802 4400 δὲ
823 4347 924 4400 οὐκ
945 4346 1166 4417 ἀγαθὸν,
1193 4347 1352 4401 τοῦτό
1380 4349 1495 4401 ἐστι
1515 4348 1577 4401 τό
1617 4365 1721 4401 τινι
1750 4366 1850 4418 μα-

1957 475 2134 528 calida
2177 488 2296 541 qua:
2328 472 2593 527 calefacta
2616 481 2763 540 sunt,
2798 482 2864 541 et,
2896 470 3101 540 frigore
3131 470 3273 524 nivis
3306 468 3530 539 frigida,

1957 581 2075 634 quae
2102 562 2387 635 frigefacta
2420 573 2568 618 sunt.
2604 563 2673 617 Et
2703 578 2920 618 rursum
2945 561 3053 623 alia
3080 570 3227 624 sunt,
3258 575 3377 627 quae
3404 563 3529 613 dum

1957 661 2168 730 aliquos
2187 658 2407 713 habitus
2436 674 2541 711 non
2568 656 2923 729 participant,
2952 665 3130 709 tamen
3156 662 3450 709 servantur
3476 661 3533 708 et

1957 752 2251 806 exsistunt.
2280 748 2422 812 Ouot
2448 752 2592 803 enim
2614 764 2702 804 res
2729 758 2855 802 sunt
2873 748 2997 807 vita:
3020 747 3325 815 mentisque
3341 760 3534 815 exper-

1958 856 2061 908 tes,
2094 855 2337 897 attamen
2390 853 2536 908 sunt,
2581 841 2811 910 lapides,
2836 851 2890 895 et
2921 841 3143 910 stirpes,
3191 849 3246 894 et
3292 836 3532 894 similia?

1957 937 2091 992 Veni
2122 937 2284 991 etiam
2314 936 2381 990 ad
2414 936 2591 1003 ipsum
2632 934 2832 999 Deum;
2859 948 2889 987 a
2915 934 3220 988 substantia
3246 940 3533 999 exemptus

1958 1039 2060 1095 est,
2094 1038 2149 1084 et
2179 1038 2264 1084 est
2290 1026 2862 1098 supersubstantialis.
2887 1026 2951 1079 Et
2975 1024 3301 1095 simpliciter
3328 1026 3380 1078 in
3411 1022 3533 1079 aliis

1956 1121 2199 1190 quidem,
2237 1119 2322 1176 vel
2349 1119 2573 1174 absente
2614 1119 2778 1173 etiam
2824 1115 3013 1170 babitn
3048 1115 3133 1170 vel
3183 1131 3290 1172 non
3343 1114 3532 1179 insito,

1957 1229 2079 1270 esse
2118 1215 2319 1285 aliquid
2352 1224 2409 1271 et
2435 1213 2737 1268 subsistere
2762 1220 2969 1283 potest;
3004 1211 3148 1279 quod
3192 1222 3323 1263 vero
3353 1207 3535 1262 omni-

1959 1308 2118 1361 modo
2145 1308 2287 1361 bono
2312 1307 2584 1374 privatum
2612 1313 2718 1368 est,
2764 1314 3019 1372 tanquam
3049 1317 3145 1371 per
3192 1315 3251 1356 se
3303 1299 3532 1361 malum,

1960 1415 2299 1468 nequaquam
2344 1399 2607 1453 exsistere
2637 1405 2835 1466 potest.
2874 1396 3035 1449 [’onit
3081 1395 3246 1464 igitur
3296 1391 3532 1461 exempli

1958 1493 2133 1562 gratia
2164 1492 2639 1562 intemperantem,
2672 1490 2767 1560 qui
2799 1498 3069 1559 quatenus
3114 1487 3235 1540 mali
3265 1486 3535 1554 particeps

1958 1594 2061 1647 est,
2096 1599 2274 1654 neque
2291 1592 2395 1650 est,
2424 1598 2599 1651 neque
2623 1582 2846 1635 omnino
2875 1580 3169 1649 quidquam
3199 1576 3535 1646 concupiscit

1959 1675 2169 1744 (qualis
2204 1674 2348 1729 enim
2384 1690 2538 1727 amor
2571 1686 2678 1737 est,
2706 1672 2832 1726 talia
2865 1679 2919 1726 et
2962 1671 3053 1725 illa
3086 1686 3205 1740 quae
3241 1668 3531 1739 amantur)

1958 1765 2119 1820 simul
2146 1775 2324 1819 tamen
2351 1765 2646 1820 secundum
2679 1765 2966 1833 quamdam
3006 1762 3227 1818 unionis
3253 1772 3308 1816 et
3341 1760 3533 1815 amici-

1958 1855 2045 1907 tiae
2075 1854 2315 1922 speciem
2340 1854 2465 1909 boni
2498 1853 2771 1923 particeps
2793 1854 3030 1919 exsistit,
3061 1855 3105 1909 si
3128 1868 3233 1907 non
3261 1853 3532 1908 exsistan-

1958 1944 2051 2011 tis,
2110 1945 2301 2000 saltem
2359 1946 2701 2016 appar-cutis;
2745 1947 2849 2001 hoc
2897 1947 3042 2000 enim
3101 1955 3187 2000 est
3236 1946 3531 1999 obscurum

1956 2040 2227 2108 quoddam
2255 2054 2444 2093 eorum
2477 2054 2597 2109 quae
2643 2048 2769 2093 sunt
2799 2039 3058 2093 amicitia:
3095 2038 3414 2106 vestigium.
3464 2037 3533 2091 Et

1955 2133 2047 2200 qui
2072 2132 2355 2187 iracundia
2384 2130 2653 2198 abutitur,
2683 2132 2964 2202 particeps
2997 2145 3115 2186 esse
3148 2131 3276 2186 boni
3308 2131 3531 2193 dicitur,

1956 2226 2009 2281 in
2040 2236 2303 2295 quantum
2336 2236 2583 2282 movetur
2626 2226 2695 2279 ad
2725 2225 3047 2295 corrigenda
3076 2226 3163 2279 illa
3195 2240 3314 2296 quat
3343 2226 3534 2280 viden-

1957 2331 2047 2374 tur
2076 2320 2241 2373 mala.
2283 2320 2373 2374 Sic
2413 2320 2535 2374 etis
2576 2320 2667 2389 qui
2720 2319 3071 2374 deterrimam
3098 2320 3264 2373 vitam
3305 2320 3532 2389 expetit,

1954 2413 2080 2467 huni
2113 2414 2383 2482 particeps
2413 2413 2649 2478 exsistit,
2674 2413 2727 2466 in
2760 2422 3026 2483 quantum
3058 2415 3208 2482 cupit
3244 2413 3409 2466 vitam
3436 2426 3534 2482 0p-

1958 2505 2143 2559 titnatn
2176 2506 2278 2576 ipsi
2312 2506 2507 2560 visam.
2573 2506 2637 2560 Et
2688 2506 2778 2575 qui
2824 2507 3021 2560 malum
3072 2506 3425 2577 aggreditur,
3476 2507 3533 2560 iu

1954 2607 2217 2667 quantum
2250 2598 2466 2652 videtur
2494 2600 2697 2652 bonum
2727 2614 2914 2668 agere,
2955 2599 3159 2652 bonum
3212 2599 3530 2668 participat.

1951 2686 2029 2743 lta
2063 2699 2122 2741 ut
2147 2687 2191 2742 si
2220 2689 2443 2744 omnino
2466 2689 2667 2743 bonum
2700 2689 2990 2744 sustuleris
3016 2729 3032 2754 ,
3067 2690 3249 2744 omnia
3296 2689 3534 2745 sustule—

1954 2784 2050 2837 ris.
2078 2784 2143 2837 Et
2173 2785 2318 2852 quod
2343 2800 2410 2837 ex
2439 2783 2794 2852 corruptione
2819 2783 2913 2837 ﬁat
2941 2784 3243 2854 generatio,
3268 2784 3344 2837 uti
3372 2796 3535 2852 supe-

1954 2876 2068 2931 rius
2097 2877 2252 2940 dixit,
2279 2891 2386 2931 non
2425 2886 2508 2931 est
2536 2876 2660 2929 mali
2692 2878 2792 2940 vis,
2824 2876 2919 2929 sed
2951 2874 3177 2929 minoris
3207 2874 3333 2929 boni
3359 2874 3526 2928 victo-

1954 2969 2054 3023 ria.
2090 2968 2245 3023 Sicut
2275 2969 2438 3024 etiam
2473 2969 2677 3024 sanitas
2708 2970 2846 3023 ordo
2871 2978 2957 3024 est
2978 2979 3033 3024 et
3064 2970 3538 3024 commensuratio

1956 3062 2260 3132 temperiei,
2304 3061 2529 3116 morbus
2569 3075 2698 3116 vero
2724 3059 2968 3115 defectus
3021 3060 3330 3115 istiusmodi
3380 3061 3526 3117 ordi-

1954 3157 2062 3221 nis,
2092 3164 2469 3209 verumtamen
2502 3170 2609 3208 non
2643 3154 2907 3221 universi,
2950 3154 3045 3210 sed
3080 3153 3351 3224 alicujus:
3399 3171 3528 3208 nam

1954 3247 1997 3300 si
2028 3246 2274 3302 defectus
2300 3253 2446 3301 esset
2474 3246 2716 3300 universi
2746 3246 2978 3311 ordinis,
3021 3245 3221 3299 animal
3252 3245 3529 3311 interiret,

1952 3346 2007 3392 ct
2037 3338 2256 3394 morbus
2288 3354 2395 3393 non
2446 3336 2789 3392 subsisteret.
2819 3335 2917 3390 Est
2951 3336 3136 3406 itaque
3180 3336 3406 3391 morbus
3434 3337 3533 3390 ab-

1953 3431 2129 3486 sentia
2157 3430 2435 3493 sanitatis,
2470 3446 2569 3500 pro
2602 3439 2744 3485 statu
2770 3429 2977 3484 habens
3004 3431 3287 3484 minimam
3314 3431 3530 3485 consti-

1955 3524 2261 3588 tutionem;
2318 3522 2423 3577 nisi
2483 3522 2628 3578 enim
2681 3524 2889 3579 sanitas
2934 3526 3263 3594 aufugeret,
3307 3523 3532 3577 morbus

1953 3630 2059 3667 non
2101 3613 2441 3681 subsisteret,
2475 3615 2565 3684 qui
2599 3615 2852 3670 consistit
2900 3615 2954 3668 in
2990 3614 3207 3670 defectu
3260 3612 3531 3668 constitu-

1956 3704 2157 3772 tionis,
2199 3720 2374 3773 neque
2407 3706 2614 3758 sanitas
2643 3721 2672 3759 a
2716 3696 2923 3759 morbo
2970 3712 3222 3773 superata
3276 3701 3551 3767 abesset;

1955 3811 2080 3849 nam
2128 3796 2209 3850 sic
2241 3797 2405 3850 etiam
2459 3796 2682 3851 morbus
2727 3799 2963 3867 primum
2999 3796 3247 3850 ordinem
3277 3793 3551 3859 haberem,

1952 3887 2153 3941 Verum
2184 3888 2409 3941 morbus
2440 3898 2523 3942 est
2567 3888 2801 3956 privatio
2832 3886 3337 3958 sanitatis,ridcirco
3362 3886 3529 3939 etiam

1953 3977 2088 4031 dixit
2120 3979 2581 4051 παρυφισταμένη
2609 3978 2695 4049 (id
2721 3988 2805 4033 est
2835 3979 2963 4048 quid
2999 3979 3181 4032 minus
3204 3992 3367 4047 quam
3400 3975 3543 4037 subs.

1953 4068 2229 4137 sistens;)
2266 4069 2535 4139 siquidem
2569 4084 2679 4123 non
2720 4069 2885 4124 habet
2931 4054 3368 4136 subsistentiam,
3432 4068 3531 4129 sed

1953 4162 2107 4229 quasi
2133 4163 2542 4218 subsistentiam
2559 4163 2721 4243 411
2746 4165 2799 4220 in
2824 4166 2929 4220 hoc
2950 4165 3093 4235 quod
3120 4165 3263 4220 absit
3285 4164 3528 4227 sanitas;

1953 4253 2096 4310 sicut
2116 4255 2354 4310 tenebrae
2370 4256 2510 4311 lueis
2529 4238 2909 4315 subtractione
2928 4257 3331 4326 quodammodo
3352 4255 3534 4310 subsi-

1954 4356 2127 4401 stunt.
2149 4347 2742 4419 Quoditaqueomnino
2766 4351 2893 4405 boni
2915 4360 3225 4420 expersest,
3267 4364 3373 4404 non
3408 4350 3531 4416 exi-

262 4438 501 4509 χόμενον
527 4437 737 4509 ἀγαθῷ,
769 4442 1052 4510 κρατεῖται
1077 4438 1135 4490 δὲ
1170 4438 1263 4492 καὶ
1283 4438 1415 4490 αὐτὸ
1438 4440 1532 4491 καὶ
1569 4438 1850 4508 συνέχεται

1960 4438 2085 4505 stit;
2115 4441 2257 4508 quod
2287 4450 2468 4495 autem
2506 4439 2635 4495 boni
2665 4442 2938 4517 particeps
2971 4449 3076 4509 est,
3102 4442 3401 4497 secundum
3429 4441 3529 4494 bo-

262 4529 420 4600 παρά
440 4529 533 4582 τοῦ
558 4526 761 4599 ἀγαθοῦ
782 4534 848 4602 τῇ
875 4531 1057 4595 ποσῶς
1087 4533 1349 4603 μετουσίᾳ
1370 4533 1435 4585 αὑ
1446 4530 1561 4584 τοῦ.
1592 4531 1712 4584 Κᾶν
1740 4530 1851 4602 γάρ

260 4624 368 4694 τὴν
394 4623 595 4676 δειλίαν
630 4624 823 4688 εἴποις,
858 4624 962 4678 κᾶν
982 4625 1043 4677 τὸ
1073 4624 1290 4695 θράσος,
1314 4624 1496 4695 ἔχουσι
1541 4624 1633 4677 καὶ
1677 4623 1850 4677 ταῦτα

259 4717 324 4783 ἐξ
354 4716 559 4784 ἀγαθοῦ
608 4720 800 4789 μοῖραν
821 4734 835 4747 ο
861 4719 893 4789 ἡ
922 4718 1020 4788 μὲν
1058 4717 1119 4770 τὸ
1166 4716 1522 4789 προνοητικὸν
1557 4716 1651 4769 καὶ
1698 4715 1847 4784 φιλό-

259 4807 426 4873 ζωον,
450 4808 511 4860 τὸ
536 4807 593 4861 δὲ
614 4807 883 4878 τολμηρὸν
928 4808 1022 4860 καὶ
1068 4810 1205 4881 πρὸς
1237 4809 1363 4871 τοὺς
1399 4805 1676 4869 κινδύνους
1711 4807 1851 4858 ἕτοι-

262 4916 389 4972 μον.
429 4900 615 4972 Πάντη
648 4901 756 4974 γάρ
801 4902 1126 4966 ἀπελθόντος
1174 4901 1269 4955 τοῦ
1308 4900 1618 4971 ἀγαθοῦ,τὸ
1649 4902 1848 4953 ἐναπο-

264 4994 461 5064 μεῖναν
488 4990 612 5045 οὔτε
645 4992 873 5046 καθόλου
904 4992 1107 5061 ἀγαθὸν
1147 4994 1320 5056 ἔσται,
1342 4992 1466 5046 οὔτε
1492 4992 1701 5064 μικτὸν,
1724 4989 1847 5045 οὔτε

264 5084 379 5155 μὴν
410 5084 731 5139 αύτόκακον.
758 5084 838 5137 Τά
878 5084 1008 5155 γοῦν
1048 5086 1142 5138 δύο
1182 5084 1520 5157 παρέδραμε.
1569 5083 1693 5146 Πῶς
1740 5081 1849 5150 γὰρ

259 5177 493 5231 καθόλου
518 5177 670 5231 ἔσται
694 5179 915 5247 ἀγαθὸν,
947 5178 1006 5244 ἐξ
1048 5173 1216 5249 οὗπερ
1253 5176 1460 5248 ἀπῆλθε
1496 5175 1556 5228 τὸ
1591 5172 1846 5235 παντελὲς

256 5272 500 5343 ἀγαθόν;
535 5270 651 5336 πῶς
674 5272 730 5325 δὲ
756 5271 917 5325 πάλιν
932 5271 1232 5324 αὐτόκακον
1258 5269 1429 5334 ἔσται,
1457 5268 1644 5339 ἐπειδὴ
1672 5267 1848 5321 πάντα

257 5369 332 5423 τὰ
365 5366 495 5420 ὄντα
516 5365 610 5419 τοῦ
638 5365 845 5434 ἀγαθοῦ
880 5365 1175 5437 μετέχοντά
1197 5366 1303 5418 εἰσι
1327 5380 1342 5429 ;
1372 5362 1529 5415 τοῦτο
1558 5362 1615 5415 δὲ
1644 5379 1845 5416 παντε-

260 5460 376 5524 λῶς
408 5460 603 5531 ἀπέχει
622 5459 716 5513 τοῦ
747 5458 974 5528 ἀγαθοῦ.
1006 5457 1080 5511 Τὸ
1104 5457 1183 5522 δὲ,
1214 5458 1295 5511 ὅτι
1324 5457 1384 5510 ού
1418 5456 1609 5528 μικτὸν
1650 5457 1847 5510 ἐναπο-

254 5553 612 5626 λειφθήσεται
631 5554 692 5607 ὲν
717 5555 783 5624 τῇ
812 5550 1065 5606 παντελεῖ
1091 5550 1325 5623 ἀπουσίᾳ
1338 5548 1433 5605 τοῦ
1457 5547 1684 5619 ἀγαθοῦ,
1709 5548 1846 5602 ἀπο-

257 5653 507 5712 δείκνυσι
529 5653 705 5723 λέγων
734 5653 907 5718 οὕτως
933 5670 946 5682 ·
981 5655 1045 5707 Εἰ
1072 5651 1337 5724 δώσομεν,
1368 5653 1525 5706 ὃτιὲν
1556 5653 1621 5723 τῇ
1643 5668 1841 5705 παντε-

258 5746 349 5800 λεῖ
372 5747 613 5815 ἀπουσίᾳ
640 5747 734 5803 τοῦ
760 5746 965 5818 ἀγαθοῦ
990 5747 1048 5801 τὸ
1071 5748 1431 5819 ἐναπομεῖναν
1461 5746 1629 5798 κακὸν
1655 5744 1842 5809 ἀτελές

1954 4544 2104 4594 num,
2131 4539 2186 4584 et
2212 4531 2263 4584 in
2280 4540 2541 4599 quantum
2568 4531 2695 4587 boni
2716 4532 2990 4601 particeps
3016 4541 3121 4597 est,
3149 4531 3430 4601 velmajus
3446 4533 3540 4589 vel.

1953 4622 2132 4675 minus
2149 4623 2281 4691 quid
2296 4624 2531 4691 exsistit,
2544 4625 2677 4695 et'in
2696 4624 2856 4678 rebus
2872 4634 2975 4678 est.
2994 4624 3171 4679 Simili
3187 4624 3346 4678 modo
3359 4625 3529 4681 etiam

1952 4715 2009 4771 in
2028 4730 2092 4769 eo
2109 4717 2252 4786 quod
2270 4717 2469 4771 dicitur
2488 4718 2660 4787 ipsum
2680 4732 2798 4772 esse
2816 4733 2913 4787 per
2928 4718 3343 4779 ailirmationem
3366 4736 3381 4785 ;
3404 4736 3528 4786 nam

1950 4808 2094 4875 quod
2124 4821 2464 4876 nequaquam
2489 4823 2718 4878 usquam
2736 4817 2842 4874 est,
2878 4809 3092 4865 tametsi
3124 4812 3287 4864 etiam
3316 4810 3530 4869 dicente

1953 4908 2038 4952 tur
2072 4899 2245 4975 ipsum
2269 4914 2388 4955 esse
2414 4914 2510 4969 per
2535 4900 2978 4969 afﬁrmationem,
3002 4917 3353 4977 nequaquam
3393 4904 3522 4965 erit.

1950 4992 2103 5057 Quod
2125 5002 2310 5047 autem
2360 4994 2559 5063 partim
2587 4996 2807 5073 quidem
2846 5005 2953 5060 est,
2988 4997 3197 5073 partim
3222 5012 3353 5050 vero
3411 5012 3523 5053 non

1948 5094 2054 5150 est,
2087 5086 2141 5140 id
2163 5094 2431 5155 quatenus
2455 5089 2523 5140 ab
2563 5071 2803 5158 eo‘quod
2835 5103 2963 5145 vere
2992 5071 3077 5145 est
3125 5090 3351 5152 decidit,
3407 5106 3516 5144 non

1947 5187 2032 5233 est
2065 5180 2233 5235 etiam
2262 5180 2346 5235 vel
2383 5180 2606 5250 aliquali
2647 5180 2833 5248 modo,
2865 5192 2922 5243 et
2952 5196 3187 5240 non-ens
3214 5181 3385 5250 ipsius
3427 5199 3521 5235 su-

1945 5283 2177 5349 peratur
2200 5284 2361 5343 atque
2384 5284 2661 5342 servatur;
2704 5290 2832 5330 nam
2868 5275 2970 5331 hoc
3008 5274 3196 5340 etiam,
3224 5275 3522 5343 priusdixit

1946 5366 2091 5435 quod
2126 5367 2289 5420 etiam
2325 5367 2661 5435 privationes
2684 5367 3210 5422 roboretsecundum
3240 5366 3384 5436 quod
3403 5381 3525 5419 om-

1946 5459 2076 5514 nino
2128 5468 2275 5514 sunt.
2319 5459 2472 5528 Quod
2525 5461 2710 5531 itaque
2764 5474 2991 5529 prorsus
3026 5460 3226 5512 malum
3260 5468 3365 5522 est,
3413 5472 3517 5514 nec

1945 5560 2031 5607 est
2085 5552 2348 5622 quidem:
2384 5553 2529 5622 quod
2565 5562 2743 5607 autem
2787 5553 2985 5624 partim
3029 5551 3249 5620 quidem
3290 5550 3516 5616 bonum,

1946 5645 2144 5714 partim
2211 5659 2341 5700 vero
2413 5661 2521 5700 non
2589 5646 2793 5701 bonum
2859 5656 2963 5710 est,
3018 5645 3122 5699 hoc
3192 5642 3351 5697 alicui
3416 5644 3519 5697 bo-

1946 5756 2017 5797 no
2061 5740 2398 5805 adversatur,
2451 5749 2821 5795 verumtamen
2889 5746 3173 5806 superatur
3236 5744 3289 5789 ct
3345 5739 3518 5790 conti-
