3866 6234
352 283 448 341 791

1525 280 1583 337 S.
1619 276 1920 335 DlONYSll
1956 276 2418 334 ΑΒΕΟΡΑΕΙΤᾸΞ

3522 270 3638 326 799.

350 410 511 455 netur
560 414 589 452 a
654 398 795 456 bono
885 395 1102 467 aliquali
1158 395 1276 465 ejus
1326 396 1767 467 participatione.
1816 394 1931 449 Etsi

2045 396 2185 450 ἐστιν
2211 394 2433 463 ἀγαθὸν,
2470 392 2622 465 μένει
2646 390 2832 447 λοιπὸν
2857 392 2915 446 ὲν
2951 389 3098 462 αὐτῷ
3130 407 3185 445 τι
3223 389 3459 459 ἀγαθόν·
3508 390 3635 444 ἀλλ’

350 492 499 545 enim
548 490 1046 561 pusillanlmitatem
1101 500 1283 543 autem
1347 488 1635 543 audaciam
1694 487 1923 551 dixeris,

353 582 559 636 habent
607 583 767 637 etiam
828 583 943 636 haec
1002 582 1307 650 portionem
1359 580 1596 651 aliquam
1645 581 1797 644 boni,
1838 578 1927 633 illa

352 675 574 745 quidem
631 675 1030 743 providentiam
1068 682 1125 728 et
1165 689 1409 728 amorem
1461 674 1607 740 vitae,
1652 675 1764 729 haec
1802 688 1931 729 vero

352 768 735 824 s'rcnuitatem
773 778 825 821 et
864 767 931 822 ad
961 765 1203 836 pericula
1241 768 1747 837 promptitudiuem.
1783 767 1931 822 Βοιιο

354 859 501 913 enim
529 874 753 927 prorsus
781 859 1102 926 decedente,
1128 858 1182 914 id
1207 859 1353 928 quod
1391 869 1631 915 remanet
1664 875 1765 916 nec
1813 876 1932 915 om-

354 951 484 1004 nino
516 952 714 1006 bonum
745 952 871 1013 erit,
908 964 1088 1021 neque
1129 950 1376 1015 mistum,
1428 967 1604 1022 neque
1632 953 1799 1007 etiam
1833 968 1932 1022 per

355 1058 415 1099 se
446 1042 667 1097 malum.
716 1043 830 1098 Duo
872 1042 1039 1113 igitur
1087 1053 1395 1113 percurret.
1453 1043 1736 1112 Quomodo
1783 1048 1930 1103 enim

353 1138 578 1193 omnino
614 1138 721 1193 erit
758 1137 986 1200 bonum,
1041 1153 1070 1193 a
1104 1155 1215 1209 quo
1263 1140 1504 1196 decessit
1556 1140 1929 1196 Omnimodum

2033 486 2125 544 οὖν
2155 492 2213 542 ὲν
2235 492 2302 561 τῇ
2328 488 2582 543 παντελεῖ
2595 487 2831 559 ἀπουσίᾳ
2855 487 2949 541 τοῦ
2981 486 3187 556 ἀγαθοῦ
3212 487 3386 540 καὶτὸ
3414 485 3639 539 τέλειον

2033 582 2206 637 καὶτὸ
2229 581 2417 646 ἀτελὲς
2440 580 2708 645 ἀπέσται,
2747 580 2841 633 καὶ
2882 579 2999 643 πῶς
3040 578 3189 632 ἔσται
3233 577 3393 631 τοῦτο
3434 577 3639 641 ἀτελὲς

2033 675 2238 744 ἀγαθόν
2262 692 2276 742 ;
2299 675 2421 728 τότε
2447 674 2557 747 γὰρ
2602 674 2761 746 μόνον
2803 673 3103 743 ὀφθήσεται
3150 670 3213 724 τδ
3241 670 3410 724 κακὸν
3433 670 3639 734 ἀτελὲς

2033 769 2257 838 ἀγαθὸν,
2290 769 2379 822 ὅτε
2396 768 2456 821 οὐ
2480 767 2688 837 γίνεται
2717 766 2983 837 παντελὴς
3009 763 3243 819 ἀπουσία
3272 763 3366 816 τοῦ
3389 761 3637 832 ἀγαθοῦ.

2048 860 2207 914 Ἀλλά
2228 859 2289 914 τὸ
2310 858 2547 913 τοιοῦτον
2570 860 2684 922 τοῖς
2703 857 2801 929 μὲν
2825 856 2934 911 τῶν
2957 854 3178 925 ἀγαθῶν
3190 855 3264 919 ὡς
3281 855 3449 907 κακὸν
3470 856 3643 906 ὲνανο

2034 953 2264 1018 τιοῦται,
2290 953 2401 1006 τῶν
2432 952 2489 1006 δὲ
2509 952 2585 1017 ὡς
2606 950 2808 1022 ἀγαθὸν
2847 949 3140 1022 ἐξήρτηται
3159 966 3176 982 ·
3219 946 3491 1020 μάχεσθαι
3519 953 3639 1016 γάρ

2033 1047 2092 1100 ὲν
2121 1047 2255 1100 πᾶσι
2276 1046 2344 1100 τά
2367 1045 2506 1100 αὐτά
2533 1043 2674 1099 κατά
2697 1043 2764 1098 τά
2786 1045 2926 1098 αὐτά
2945 1041 3225 1097 ἀδύνατον.
3264 1042 3380 1094 Οὐκ
3417 1041 3534 1110 ἀρα
3574 1039 3639 1091 ὃν

2034 1139 2097 1192 τὸ
2125 1138 2449 1193 αὐτόκακον.

354 1230 588 1285 bonum?
649 1232 923 1299 quomodo
955 1246 1087 1286 vero
1164 1233 1359 1287 iterum
1407 1246 1506 1301 per
1533 1247 1590 1287 se
1624 1232 1824 1287 malum
1880 1232 2007 1296 erit,
2046 1247 2170 1286 cum
2199 1233 2380 1286 omnia
2420 1248 2541 1301 quae
2572 1241 2700 1287 sunt
2752 1233 2955 1285 bonum
2985 1226 3351 1301 participem?
3382 1228 3490 1281 hoc
3524 1239 3637 1276 au-

357 1330 463 1375 tem
495 1321 806 1375 omnimodo
834 1320 988 1375 abest
1029 1336 1058 1376 a
1087 1322 1248 1377 bono.
1280 1322 1434 1389 Quod
1467 1338 1599 1379 vero
1622 1338 1799 1393 neque
1855 1325 2077 1379 mistum
2110 1324 2241 1394 quid
2274 1325 2555 1379 residuum
2609 1325 2718 1379 erit
2754 1325 2807 1380 in
2860 1323 3174 1378 omnimoda
3239 1319 3365 1375 boni
3426 1319 3639 1372 absen-

356 1426 451 1477 ua,
481 1415 720 1467 ostendit
751 1415 829 1467 sic
878 1412 1068 1471 dicens
1112 1433 1127 1470 :
1177 1414 1235 1469 Si
1286 1416 1480 1471 demus
1536 1417 1591 1471 in
1633 1418 1947 1473 omnimoda
2010 1418 2136 1473 boni
2193 1417 2466 1484 absentia,
2502 1417 2703 1473 malum
2754 1418 2898 1487 quod
2954 1423 3199 1472 remanet
3242 1410 3640 1482 imperfectum

354 1504 705 1559 essebonum
758 1506 996 1560 manebit
1030 1506 1083 1561 in
1117 1507 1235 1577 ipso
1271 1508 1549 1564 residuum
1596 1508 1815 1578 aliquod
1843 1511 2075 1578 bonum;
2130 1510 2279 1579 atqui
2330 1508 2387 1564 in
2454 1509 2767 1565 onmimoda
2823 1509 2950 1563 boni
3007 1506 3277 1569 absentia,
3314 1514 3429 1558 tam
3480 1500 3640 1570 quod

354 1591 655 1663 perfectum
704 1609 865 1661 quam
901 1594 1041 1663 quod
1083 1595 1465 1666 imperfectum
1508 1607 1593 1653 est
1625 1598 1824 1664 aberit,
1876 1598 2147 1668 quomodo
2192 1613 2322 1669 ergo
2359 1599 2467 1653 erit
2506 1598 2611 1653 hoc
2657 1597 3031 1668 imperfectum
3055 1594 3295 1651 bonum?
3323 1604 3457 1648 tunc
3484 1591 3641 1645 enim

356 1697 566 1741 tantum
594 1688 877 1756 apparebit
909 1688 1105 1743 malum
1149 1691 1529 1761 imperfectum
1562 1693 1785 1759 bonum,
1822 1694 2038 1764 quando
2073 1709 2179 1747 non
2218 1703 2301 1749 est
2328 1692 2642 1747 omnimoda
2668 1691 2797 1748 boni
2826 1691 3097 1745 absentia.
3123 1688 3229 1743 Sed
3285 1688 3339 1742 id
3372 1686 3527 1756 quod
3552 1694 3642 1739 est

356 1778 648 1849 ejusmodi,
677 1781 999 1849 quibusdam
1028 1781 1246 1851 quidem
1274 1784 1431 1839 bonis
1457 1794 1714 1856 tanquam
1741 1788 1939 1842 malum
1965 1785 2367 1853 adversabitur,
2421 1786 2490 1841 ab
2524 1786 2647 1841 aliis
2679 1793 2861 1838 autem
2904 1793 3161 1852 tanquam
3198 1780 3399 1834 bonum
3430 1777 3640 1833 eximi-

357 1885 479 1939 tur;
519 1883 791 1944 nequeunt
822 1877 963 1930 enim
999 1877 1185 1933 eadem
1216 1879 1523 1933 secundum
1554 1881 1743 1936 eadem
1781 1882 1926 1938 inter
1946 1883 2076 1939 sein
2100 1882 2351 1937 omnibus
2375 1896 2635 1951 pugnare.
2660 1878 2775 1935 Non
2799 1891 2931 1946 ergo
2948 1876 3167 1931 exsistit
3193 1889 3363 1944 perse
3399 1873 3637 1928 malum.

443 1968 644 2043 εχχι.
688 1970 828 2037 Quin
865 1987 930 2025 ne
955 1972 1171 2041 quidem
1223 1983 1308 2029 est
1353 1975 1406 2029 in
1463 1978 1648 2043 rebus,
1715 1979 1791 2033 uti
1839 1977 1935 2032 de-

2116 1978 2144 2053 §
2178 1976 2322 2031 XXI.
2384 1977 2523 2032 Ἀλλ’
2545 1977 2667 2031 οὐδὲ
2692 1978 2750 2031 ὲν
2784 1977 2897 2041 τοῖς
2939 1970 3088 2028 υῦσίν
3125 1975 3260 2035 ἐστι,
3288 1968 3478 2033 καθὼς
3508 1970 3641 2023 ἀπο-

358 2062 690 2118 monstrabit
730 2078 828 2131 per
881 2063 1254 2135 syllogismum
1313 2066 1935 2142 hypotheticum,412

357 2155 745 2224 conjunctione
768 2155 1119 2224 disjunctiva.
1152 2158 1210 2212 Si
1234 2158 1378 2212 enim
1411 2159 1465 2213 in
1496 2160 1659 2217 rebus
1684 2164 1937 2217 omnibus

357 2245 430 2298 sit
458 2247 685 2310 bonum,
725 2245 925 2299 malum
956 2245 1040 2301 vel
1065 2245 1119 2299 in
1155 2247 1316 2302 rebus
1347 2263 1455 2303 non
1486 2250 1615 2315 erit,
1642 2250 1729 2305 vel
1768 2251 1813 2305 si
1842 2251 1937 2318 sit,

358 2338 413 2391 in
445 2336 586 2392 bono
609 2348 723 2401 est;
759 2338 853 2393 sed
878 2338 978 2393 hoc
1009 2338 1347 2409 impossibile
1376 2350 1461 2396 est
1492 2350 1550 2395 ut
1574 2342 1644 2397 sit
1675 2342 1729 2397 in
1755 2344 1929 2409 bono;

357 2447 490 2500 ergo
527 2431 778 2500 sequitur
807 2430 935 2486 illud
964 2432 1138 2501 prius,
1190 2435 1335 2502 quod
1394 2451 1499 2490 non
1532 2435 1604 2491 sit
1644 2436 1842 2490 malum
1883 2436 1936 2493 in

362 2525 547 2577 rebus.
596 2522 952 2591 Assumptum
1006 2524 1194 2594 itaque
1237 2526 1526 2580 conﬁrmat
1567 2527 1637 2583 ab
1667 2528 1936 2597 exemplo,

360 2616 590 2670 dicens:
617 2612 803 2684 Neque
834 2616 975 2670 enim
1008 2616 1061 2672 in
1088 2616 1212 2688 igne
1239 2616 1417 2688 frigus
1439 2629 1547 2685 est,
1601 2634 1700 2674 nec
1740 2620 1940 2687 depra-

360 2708 510 2761 vatio
540 2708 592 2762 in
624 2720 690 2761 eo
717 2707 862 2777 quod
891 2708 1057 2763 etiam
1093 2708 1295 2762 malum
1320 2710 1519 2764 bonum
1556 2710 1752 2766 reddit.
1783 2710 1938 2777 Quod

360 2800 405 2852 si
450 2800 579 2867 erit,
630 2798 901 2867 quomodo
931 2798 1035 2853 erit
1074 2799 1127 2853 in
1171 2799 1310 2854 hoc?
1366 2802 1415 2878 si,
1461 2802 1680 2872 quidem
1723 2818 1791 2858 ex
1822 2805 1940 2874 ipso

362 2890 765 2961 quodammodo
811 2894 1095 2960 subsistat,
1124 2892 1418 2949 absurdum
1452 2895 1503 2950 id
1532 2905 1637 2961 est,
1665 2913 1767 2951 non
1793 2898 1937 2951 enim

359 2992 529 3052 potest
570 2984 729 3037 arbor
756 2986 892 3039 bona
924 2985 1093 3039 malos
1120 2986 1326 3055 fructus
1354 2986 1527 3055 facere
1559 2998 1609 3055 ε,
1641 2988 1939 3047 Secundum

360 3083 549 3128 sancta
586 3074 897 3145 Evangelia.
947 3076 1134 3147 Neque
1161 3078 1323 3131 etiam
1347 3092 1378 3132 e
1405 3087 1597 3132 contra
1641 3079 1842 3133 bonum
1870 3095 1940 3136 ex

361 3164 506 3219 malo
536 3174 638 3230 est,
672 3166 932 3236 quoniam
966 3168 1018 3222 id
1051 3167 1316 3223 absonum
1355 3179 1409 3224 et
1454 3169 1787 3239 impossibile
1832 3180 1937 3227 est.

362 3257 459 3311 Sin
490 3268 671 3314 autem
699 3274 807 3315 non
841 3275 906 3315 ex
939 3261 1077 3330 ipso,
1107 3276 1176 3315 ex
1203 3260 1307 3314 alia
1341 3262 1588 3330 profecto
1623 3279 1783 3318 causa
1811 3265 1941 3319 sub-

2035 2069 2200 2136 δείξει
2259 2069 2327 2125 δι’
2371 2066 2695 2122 ὑποθετικοῦ
2751 2063 3109 2136 συλλογισμοῦ
3165 2062 3309 2117 κατὰ
3359 2062 3459 2115 τὸν
3514 2060 3638 2113 δια-

2037 2161 2321 2228 ζευκτικὸν
2361 2162 2677 2233 σύνδεσμον.
2712 2160 2776 2213 El
2820 2159 2930 2233 γὰρ
2966 2161 3025 2212 ὲν
3077 2158 3209 2211 πᾶσι
3248 2157 3363 2220 τοῖς
3403 2150 3534 2208 οὖσι
3582 2152 3643 2206 τὸ

2036 2255 2240 2325 ἀγαθὸν
2263 2295 2277 2321 ,
2318 2255 2380 2308 τὸ
2408 2255 2576 2309 κακὸν
2609 2254 2642 2326 ἢ
2672 2255 2731 2308 ὲν
2758 2256 2870 2318 τοῖς
2895 2249 3046 2306 οὖσιν
3073 2252 3174 2305 οὐκ
3204 2250 3381 2312 ἔσται,
3419 2247 3455 2320 ἢ
3478 2248 3543 2301 ὂν
3569 2249 3630 2300 ὲν

2035 2348 2114 2419 τῷ
2139 2347 2329 2420 ἀγαθῷ
2355 2351 2503 2403 ἐστιν
2520 2366 2533 2379 ο
2559 2346 2697 2403 ἀλλά
2726 2346 2833 2418 μὴν
2858 2345 3016 2399 τοῦτο
3042 2343 3324 2407 ἀδύνατον,
3363 2342 3451 2394 ὅτι
3482 2340 3637 2393 ἐστὶν

2037 2442 2096 2496 ὲν
2122 2441 2203 2513 τῷ
2227 2440 2435 2512 ἀγαθῷ-
2465 2441 2527 2494 τὸ
2554 2441 2818 2512 πρότερον
2841 2440 2970 2511 ἀρα,
2998 2438 3081 2489 ὅτι
3107 2436 3207 2489 οὐκ
3231 2435 3349 2488 ἐστι
3370 2434 3436 2487 τὸ
3465 2432 3641 2486 κακὸν

2037 2527 2097 2581 ὲν
2123 2531 2238 2593 τοῖς
2269 2525 2409 2583 οὖσι.
2459 2528 2569 2600 Τὴν
2609 2528 2739 2598 γοῦν
2776 2526 3079 2599 πρόσληψιν
3119 2521 3529 2587 κατασκευάζει
3575 2525 3644 2575 ὲκ

2038 2620 2501 2693 παραδείγματος,
2527 2620 2700 2689 λέγων
2723 2636 2736 2650 ·
2770 2621 2893 2673 Ὅτι
2918 2620 3011 2673 καὶ
3035 2617 3143 2690 γάρ
3167 2617 3287 2669 οὐδὲ
3314 2618 3374 2668 ὲν
3391 2614 3475 2686 τῷ
3504 2614 3643 2684 πυρὶ

2036 2713 2099 2766 τὸ
2127 2712 2354 2784 ψυχρὸν,
2390 2712 2511 2765 οὐδὲ
2547 2713 2608 2766 τὸ
2647 2710 2977 2765 κακύνεσθαι
3017 2712 3075 2763 ὲν
3118 2708 3196 2779 τῷ
3236 2709 3329 2761 καὶ
3368 2706 3433 2758 τὸ
3464 2704 3641 2758 κακὸν

2040 2805 2384 2875 ἀγαθύνοντι.
2437 2806 2501 2859 El
2536 2804 2645 2877 γὰρ
2694 2803 2868 2869 ἐσται,
2912 2802 3031 2866 πῶς
3069 2801 3220 2854 ἔσται
3245 2801 3301 2852 ὲν
3331 2797 3556 2868 toﬁ-up;
3588 2797 3639 2848 εί

2042 2899 2143 2971 μὲν
2186 2898 2262 2962 ὼς
2299 2896 2359 2962 ἐξ
2399 2896 2563 2950 αὑτοῦ
2601 2895 2841 2950 ὑποστὰν
2880 2894 3098 2957 ἄτοπον,
3139 2893 3212 2945 οὐ
3243 2889 3501 2944 δύναται
3529 2888 3641 2958 γάρ

2037 2989 2262 3058 ἀγαθὸν
2284 2986 2536 3056 δένδρον
2558 2985 2823 3055 καρποὺς
2840 2982 3144 3053 πονηροὺς
3164 2980 3379 3046 ποιεῖν,
3402 2980 3558 3033 κατά
3572 2980 3643 3033 τά

2038 3080 2162 3153 ίερά
2186 3079 2512 3150 Εὑαγγέλια.
2543 3077 2678 3133 Οὐδὲ
2707 3077 2813 3149 μὴν
2832 3076 2894 3129 τὸ
2915 3072 3203 3139 ἀνάπαλιν,
3232 3073 3310 3125 ὅτι
3335 3071 3397 3123 τὸ
3422 3071 3639 3139 ἀγαθὸν

2038 3178 2105 3232 ἐκ
2128 3176 2222 3230 τοῦ
2247 3174 2439 3229 κακοῖν
2466 3173 2561 3228 καὶ
2584 3171 2741 3225 τοῦτο
2766 3169 2875 3242 γὰρ
2902 3169 3100 3223 ἄτοπον
3124 3167 3217 3221 καὶ
3250 3164 3541 3219 ἀδύνατον.
3580 3164 3643 3217 Ei

2037 3270 2097 3325 δὲ
2122 3270 2224 3323 οὐκ
2249 3266 2308 3334 ἐξ
2333 3264 2520 3330 αὑτοῦ,
2560 3264 2618 3331 ὲξ
2645 3263 2810 3335 ἄλλης
2835 3260 3075 3333 δηλονότι
3100 3258 3276 3321 αἰτίας
3314 3257 3641 3326 ὑφίσταται,

361 3351 544 3419 sistet,
570 3363 626 3407 et
651 3368 779 3408 ecce
808 3355 914 3407 duo
940 3352 1207 3424 principia
1246 3365 1301 3408 et
1327 3371 1525 3409 causae.
1562 3349 1715 3410 Nulla
1752 3368 1935 3411 autem

2045 3363 2135 3416 καὶ
2163 3361 2272 3416 ἰδοὺ
2297 3359 2391 3415 δύο
2416 3359 2582 3431 ἀρχαὶ
2607 3357 2698 3411 καὶ
2722 3355 2911 3409 αἰτίαι.
2941 3354 3098 3407 Πᾶσα
3121 3352 3179 3404 δὲ
3204 3350 3335 3415 δυάς
3362 3350 3469 3402 οὐκ
3490 3349 3641 3401 ἔστιν

363 3442 599 3512 dualitas
629 3443 949 3513 principiat,
994 3443 1091 3499 sed
1116 3445 1295 3500 unitas
1334 3461 1552 3516 quoque
1598 3448 1702 3501 erit
1733 3448 1939 3518 princi-

362 3530 510 3600 pium
548 3533 843 3589 dualitatis.
870 3531 999 3589 Hac
1027 3543 1205 3590 autem
1230 3536 1409 3589 omnia
1448 3537 1703 3591 dicuntur
1748 3547 1939 3593 contra

365 3622 716 3686 Manichanos.
768 3625 894 3695 quia
937 3626 1170 3682 dualitas
1221 3642 1329 3681 non
1377 3629 1701 3698 principiat,
1756 3630 1941 3685 unitas

366 3726 549 3768 antem
578 3716 755 3769 omnis
786 3716 1070 3773 dualitatis
1112 3719 1438 3788 principium
1467 3721 1701 3775 exsistit.
1735 3722 1943 3775 Rursus

371 3808 693 3873 absurdum,
732 3824 795 3861 ex
831 3824 938 3862 uno
973 3817 1028 3863 et
1050 3810 1239 3864 eodem
1278 3810 1704 3875 duocontraria,
1736 3809 1941 3866 bonum

367 3913 423 3956 et
449 3901 675 3967 malum,
723 3901 1020 3971 proﬁcisci,
1074 3910 1128 3955 et
1162 3902 1487 3972 principium
1527 3918 1632 3957 non
1660 3917 1780 3957 esse
1809 3904 1943 3957 sim-

369 3995 519 4063 piex,
549 3995 643 4047 sed
672 3993 904 4063 duplex;
931 3994 1143 4065 sibique
1179 3996 1262 4048 vel
1295 3995 1645 4061 contrariari,
1685 3995 1739 4049 in
1769 4012 1944 4065 quau-

370 4097 484 4141 tam
514 4088 788 4141 contraria
818 4087 1102 4155 producit;
1133 4086 1215 4141 vel
1239 4087 1536 4153 immutari,
1563 4097 1620 4142 ut
1652 4088 1787 4142 alias
1822 4089 1945 4159 qui-

368 4181 493 4233 dem
525 4180 792 4249 producat
817 4178 1042 4245 bonum,
1068 4178 1202 4231 alias
1224 4193 1352 4233 vero
1376 4178 1719 4233 immutatum
1745 4180 1945 4248 produ-

365 4284 454 4328 cat
482 4273 707 4328 Inalum.
738 4271 895 4340 Quod
937 4271 983 4326 si
1034 4272 1116 4325 vel
1152 4288 1316 4325 unum
1352 4272 1645 4327 absurdum
1688 4274 1818 4328 hinc
1852 4287 1942 4327 se-

364 4374 589 4433 quatur,
621 4363 751 4434 quid
801 4363 1002 4432 urique
1031 4370 1191 4417 erunt
1218 4363 1331 4429 ipsa
1362 4361 1665 4433 principia?
1712 4378 1781 4417 an
1818 4379 1943 4417 rur-

366 4473 458 4511 sus
508 4458 613 4511 duo
665 4454 984 4511 contraria?
1027 4455 1122 4507 sed
1178 4453 1228 4506 id
1266 4452 1561 4507 absurdum
1608 4462 1736 4509 est:
1765 4470 1943 4526 neque

363 4551 510 4605 enim
541 4551 643 4604 sibi
678 4562 870 4605 mutuo
900 4549 1080 4603 inesse
1108 4557 1354 4617 possunt,
1387 4562 1562 4617 neque
1589 4547 1942 4603 sibiinvicem

368 4658 702 4712 repugnare;
739 4658 862 4697 nam
896 4642 976 4696 sic
1000 4657 1069 4696 ne
1098 4639 1239 4695 Deus
1268 4638 1488 4710 quidem
1514 4640 1628 4710 ipse
1660 4640 1946 4696 incolumis

368 4736 499 4799 erit,
536 4744 589 4789 et
619 4736 687 4790 ab
721 4734 927 4789 insultu
958 4733 1313 4802 molestiaque
1340 4732 1495 4788 liber.
1520 4732 1725 4788 Deinde
1748 4745 1942 4790 cuncta
1969 4719 2022 4780 D

368 4837 535 4885 erunt
577 4829 887 4883 inordinata
938 4828 1365 4897 pugnantiaque,
1418 4843 1541 4883 cum
1579 4827 1685 4883 alia
1723 4829 1944 4899 quidem

370 4923 470 4977 sub
502 4924 628 4985 hoc,
662 4921 768 4974 alia
797 4935 926 4974 vero
951 4920 1051 4974 sub
1088 4920 1192 4974 isto
1220 4920 1518 4977 exsistant:
1552 4924 1647 4977 sed
1686 4923 1789 4979 hoc
1827 4924 1945 4979 ﬁeri

369 5016 584 5085 nequit,
614 5011 869 5082 quoniam
904 5011 1102 5065 bonum
1120 5013 1410 5067 amicitiam
1436 5013 1783 5080 conciliat,et
1804 5015 1947 5071 Deus

367 5123 471 5179 pax
527 5105 642 5175 ipsa
693 5103 1030 5169 celebratur;
1106 5103 1311 5160 idcirco
1347 5106 1511 5159 etiam
1574 5108 1760 5161 omnia
1803 5108 1945 5164 bona

367 5212 609 5253 consona
650 5205 773 5251 sunt
823 5193 989 5264 (sicut
1020 5194 1155 5247 mala
1184 5196 1402 5262 pariunt
1422 5195 1776 5258 divisionem;
1820 5215 1945 5259 nam

369 5293 560 5358 κακὸν,
591 5291 643 5346 id
670 5299 754 5344 est
782 5289 991 5353 vitium,
1033 5303 1061 5341 a
1085 5287 1253 5359 χάζω,
1274 5290 1324 5343 id
1350 5299 1436 5344 est
1461 5291 1588 5359 vito,
1613 5292 1726 5346 sive
1742 5294 1945 5360 recedo,

368 5400 566 5439 nomen
600 5381 788 5452 habet)
813 5391 868 5435 et
891 5396 959 5434 ex
983 5395 1089 5433 una
1122 5381 1231 5434 vita
1264 5381 1445 5435 divina
1478 5392 1771 5453 pr0pagata
1796 5395 1945 5451 sunt,

367 5489 423 5533 et
449 5480 517 5532 ad
555 5492 722 5532 unum
756 5479 959 5531 bonum
995 5476 1237 5529 tendunt.
1263 5472 1379 5527 Non
1419 5475 1580 5546 igitur
1613 5476 1665 5529 in
1691 5477 1819 5539 Deo,
1848 5491 1950 5530 nec

369 5571 499 5639 quid
540 5570 806 5633 divinum,
854 5582 952 5623 nec
993 5583 1058 5621 ex
1108 5566 1217 5621 Deo
1264 5566 1464 5620 malum
1506 5577 1628 5632 est;
1685 5566 1771 5621 vel
1803 5567 1947 5621 enim

372 5680 477 5719 non
503 5664 676 5719 bonus
702 5674 757 5717 et
799 5663 880 5716 sic
903 5678 967 5716 ex
1003 5662 1122 5732 ipso
1155 5662 1353 5716 malum
1382 5671 1495 5725 est;
1528 5659 1608 5715 vel
1641 5659 1780 5715 bona
1811 5661 1947 5716 facit.

447 5764 467 5792 ο
505 5753 695 5808 Matth.
728 5769 822 5822 vn,
851 5754 935 5809 l8.

2044 3454 2208 3525 ἀρχήο
2237 3454 2271 3523 ἡ
2301 3450 2466 3522 μονὰς
2487 3449 2595 3521 γὰρ
2622 3448 2773 3501 ἔσται
2799 3444 3013 3515 καὶτῆς
3038 3442 3227 3506 δυάδος
3248 3442 3415 3512 ἀρχή.
3446 3439 3643 3492 Ταῦτα

2044 3545 2101 3598 δὲ
2128 3545 2304 3599 πάντα
2329 3541 2470 3597 κατά
2496 3540 2813 3611 Μανιχαίων
2835 3538 3106 3606 λέγονται,
3148 3535 3271 3588 ἐπεὶ
3314 3535 3349 3607 ἡ
3374 3531 3515 3599 δυὰς
3542 3534 3643 3587 οὐκ

2044 3634 2208 3707 ἀρχὴ,
2238 3632 2404 3705 μονὰς
2426 3632 2483 3685 δὲ
2510 3630 2689 3702 πάσης
2713 3628 2902 3692 δυάδος
2928 3626 3093 3699 ἀρχή.
3121 3624 3292 3679 Πάλιν
3327 3624 3540 3677 ἄτοπον
3584 3621 3645 3687 ἐξ

2047 3728 2165 3790 ἑνὸς
2192 3726 2286 3779 καὶ
2310 3723 2404 3777 τοῦ
2426 3720 2591 3777 αὐτοῦ
2617 3721 2710 3775 δύο
2734 3719 2973 3784 ἐναντία,
2998 3718 3061 3771 τὸ
3087 3717 3288 3787 ἀγαθὸν
3329 3716 3428 3769 καὶ
3452 3716 3519 3769 τὸ
3545 3734 3644 3769 κα-

2046 3818 2161 3883 κὸν,
2214 3818 2482 3888 προϊέναι,
2530 3815 2605 3880 ὡς
2647 3813 2895 3868 ἐντεῦθεν
2936 3812 3027 3866 καὶ
3064 3811 3160 3883 τὴν
3188 3810 3362 3883 ἀρχὴν
3386 3806 3533 3863 εἶναι
3566 3810 3639 3881 μὴ

2047 3908 2244 3979 ἁπλῆν,
2286 3906 2424 3961 ἀλλά
2449 3907 2662 3978 δυοειδῆ
2680 3923 2693 3937 ·
2739 3906 2835 3959 καὶ
2858 3905 2891 3975 ἢ
2918 3904 3163 3957 ἐναντίαν
3189 3904 3377 3973 ἑαυτῇ,
3404 3902 3551 3954 καθὸ
3575 3901 3642 3953 τά

2046 4001 2265 4055 ἐναντία
2314 4002 2597 4072 «potat-at-
2640 3999 2674 4073 ἢ
2719 3999 3113 4071 ἠλλοιωμένην,
3165 3996 3240 4060 ὡς
3289 3994 3483 4048 ἄλλοτε
3542 3995 3642 4067 μὲν

2046 4092 2318 4162 παράγειν
2340 4090 2401 4142 τὸ
2424 4089 2647 4159 ἀγαθὸν,
2669 4087 2857 4143 ἀλλοτε
2878 4087 2934 4139 δὲ
2955 4083 3335 4139 ἀλλοιωθεῖσαν
3360 4084 3641 4153 παράγειν

2044 4184 2106 4236 τὸ
2130 4182 2317 4237 κακόν.
2341 4183 2405 4236 Εἰ
2432 4179 2524 4237 οὖν
2549 4181 2609 4234 τὸ
2633 4181 2691 4233 ἒν
2715 4180 2912 4234 ἄτοπον
2940 4177 3027 4231 διά
3045 4176 3238 4242 ταῦτα,
3261 4175 3315 4227 τί
3341 4173 3407 4246 δὴ
3431 4169 3549 4228 εἶεν
3575 4170 3639 4227 ἄν

2045 4278 2100 4330 αἱ
2126 4275 2291 4347 ἀρχαί
2316 4292 2330 4341 ;
2367 4276 2463 4329 καὶ
2488 4274 2651 4328 πάλιν
2685 4271 2779 4327 δύο
2805 4269 3055 4335 ὲναντία;
3100 4268 3213 4323 ἀλλ’
3236 4267 3438 4321 ἄτοπον
3461 4283 3479 4297 ·
3511 4267 3639 4320 οὔτε

2044 4368 2154 4442 γὰρ
2179 4371 2237 4423 ὲν
2264 4368 2524 4439 ἀλλήλαις
2549 4363 2689 4419 εἶναι
2724 4364 2926 4427 ταύτας
2952 4362 3119 4428 εἰκὸς,
3162 4360 3285 4414 οὕτε
3322 4360 3431 4431 μὴν
3461 4376 3638 4432 μαχο-

2048 4460 2217 4532 μένας
2259 4457 2537 4530 ἀλλήλαις’
2580 4454 2807 4527 καὶγὰρ
2831 4454 2983 4506 ἔσται
3013 4452 3107 4505 καὶ
3132 4451 3161 4502 ὁ
3195 4448 3326 4514 Θεὸς
3353 4449 3457 4501 οὐκ
3492 4448 3637 4519 ἀπή-

2049 4568 2185 4624 μων,
2211 4550 2304 4604 xui.
2329 4551 2429 4603 οὐκ
2450 4548 2605 4612 ἐκτὸς
2627 4545 2887 4619 ἐπηρείας
2911 4545 3005 4597 καὶ
3025 4540 3379 4613 ἐνοχλήσεως.
3401 4541 3636 4592 Ἔπειτα

2047 4644 2202 4698 ἔσται
2230 4643 2411 4699 πάντα
2437 4642 2648 4696 ἄτακτα
2674 4640 2768 4693 καὶ
2792 4638 3091 4709 μαχόμενα,
3111 4636 3181 4689 τὰ
3207 4636 3304 4707 μὲν
3325 4634 3435 4686 ὑπὸ
3453 4633 3633 4697 τοῦτο,

2046 4737 2117 4796 τὰ
2154 4738 2211 4791 δὲ
2252 4737 2357 4790 ὑπὸ
2383 4734 2541 4788 τοῦτο
2569 4733 2727 4786 ὄντα·
2759 4731 2896 4785 ἀλλά
2919 4731 3076 4784 τοῦτο
3118 4730 3401 4793 ἀδύνατον,
3452 4729 3634 4798 φιλίας

2046 4826 2156 4898 γὰρ
2195 4825 2257 4878 τὸ
2295 4823 2499 4893 ἀγαθὸν
2541 4821 2883 4895 μεταδίδωσι,
2930 4820 3023 4873 καὶ
3065 4820 3388 4890 αὐτοειρήνη
3431 4821 3461 4872 ὁ
3505 4820 3634 4881 65b;

2049 4921 2297 4991 ὑμνεῖται
2317 4935 2330 4947 ·
2362 4917 2441 4971 διὸ
2484 4917 2579 4969 καὶ
2603 4916 2778 4968 πάντα
2803 4912 2873 4965 τὰ
2898 4910 3076 4981 ἀγαθά
3104 4911 3401 4982 ὲναρμόνια
3443 4911 3545 4981 (ὡς
3571 4910 3635 4963 τὰ

2048 5009 2196 5065 κακά
2222 5007 2547 5062 σκεδαστικά
2566 5023 2579 5035 ”
2624 5004 2790 5057 κακὸν
2822 5001 2929 5073 γὰρ
2956 5000 3063 5055 ἀπὸ
3099 5000 3196 5053 τοῦ
3234 4998 3390 5069 χὰζω
3416 5002 3479 5053 τὸ
3507 5002 3635 5053 ὑπο-

2049 5103 2212 5176 χωρῶ
2236 5102 2454 5171 λέγεται
2478 5100 2515 5170 ·)
2541 5098 2635 5153 καὶ
2663 5099 2790 5169 μιᾶς
2806 5094 2948 5167 ζωῆς
2972 5095 3071 5165 τῆς
3097 5094 3245 5158 θείας
3273 5093 3629 5163 ἐκγονάὲστι,

2051 5196 2147 5250 καὶ
2173 5195 2308 5266 πρὸς
2335 5194 2395 5248 ἓν
2425 5192 2658 5246 τείνουσι
2694 5189 2756 5242 τὸ
2780 5188 3013 5257 ἀγαθόν.
3058 5188 3222 5240 ’Ὥστε
3248 5186 3373 5239 οὔτε
3404 5188 3465 5238 ὲν
3492 5185 3630 5256 Θεῷ,

2052 5290 2174 5344 οὔτε
2199 5289 2399 5354 ἔνθεον,
2441 5286 2563 5341 οὔτε
2590 5287 2653 5338 ὲκ
2678 5281 2812 5337 Θεοῦ
2835 5281 2896 5335 τὸ
2923 5280 3089 5334 κακόν
3113 5298 3125 5310 ·
3153 5280 3187 5351 ἢ
3212 5279 3322 5350 γάρ
3363 5280 3469 5332 οὐκ
3505 5280 3633 5347 ἀγα-

2053 5382 2141 5446 θὸς
2172 5381 2285 5453 (καὶ
2308 5380 2481 5441 οὕτως
2523 5376 2583 5441 ἐξ
2620 5374 2829 5429 ἐκείνου
2873 5371 2992 5425 ἐστὶ
3028 5371 3090 5424 τὸ
3116 5372 3328 5442 κακζν),
3371 5370 3406 5441 ἢ
3436 5370 3633 5438 ἁγαθο-

2052 5476 2214 5539 ποιεῖ,
2241 5475 2335 5526 καὶ
2357 5474 2457 5526 οὐκ
2489 5473 2554 5524 ὲκ
2594 5467 2785 5521 τούτου
2822 5467 2991 5521 ἐστίν.
3028 5464 3162 5519 Οὐδὲ
3208 5462 3318 5535 γὰρ
3360 5464 3497 5516 ποτὲ
3536 5463 3633 5533 μὲν

2053 5566 2254 5636 ἀγαθὸν
2283 5562 2536 5637 παράξει,
2563 5562 2693 5617 ποτὲ
2718 5561 2775 5616 δὲ
2802 5559 2971 5613 κακόν
2989 5575 3003 5589 ο
3049 5557 3332 5612 ἀλλοίωσιν
3370 5557 3484 5627 γὰρ
3511 5555 3628 5610 πεί-

2055 5678 2222 5724 σεται,
2253 5660 2344 5713 καί
2370 5656 2539 5712 ταῦτα
2568 5655 2688 5728 περῖ
2719 5654 2851 5710 αὐτὸ
2876 5653 2936 5707 τὸ
2962 5651 3253 5716 θειότατον,
3290 5650 3390 5723 τὴν
3428 5650 3624 5705 αἰτίαν.
