3866 6234
221 309 337 368 793

796 315 884 371 DE
918 314 1173 372 DlVlNlS
1208 312 1614 379 NOMlNlBUS,
1650 312 1940 385 CAPXJV.
1975 348 2047 360 —
2078 313 2430 371 PARAPIlR.
2464 313 2944 372 PACHYMEBIE.

3409 310 3506 369 79-!

214 429 292 483 Et
319 430 376 483 δὲ
392 429 577 502 ἕτερόν
599 433 717 484 ἐστι
742 432 895 499 Θεὸς,
922 434 1016 488 καὶ
1041 434 1230 505 ἕτερον
1253 435 1311 487 έν
1338 430 1489 503 αύτῷ
1512 433 1546 503 ἡ
1572 427 1668 485 τοῦ
1683 431 1796 500 ἀγα

1922 442 1979 488 et
2012 433 2093 489 sic
2128 447 2195 488 ex
2230 433 2347 502 ipso
2383 448 2489 488 non
2522 442 2627 487 est.
2653 430 2844 502 Neque
2870 431 3036 486 etiam
3070 430 3366 500 aliquando
3388 436 3513 498 qui-

208 519 324 575 θοῦ
360 522 613 595 ῦπαρξις,
641 524 785 579 κατά
817 526 1163 597 συμϐεϐηκὸς
1208 525 1276 581 ἂν
1311 524 1399 597 εῐη
1427 525 1488 578 τὸ
1513 524 1715 595 ἀγαθὸν
1738 522 1817 596 τῷ

205 610 364 684 Θεῷ·
386 612 525 666 ὥστε
548 614 640 668 καὶ
667 616 797 669 ποτὲ
822 617 921 687 μὲν
944 615 1096 670 ἔσται
1123 616 1257 680 Θεὸς
1284 615 1423 687 έχων
1444 613 1507 669 τὸ
1529 613 1819 686 γνώρισμα

204 703 324 775 τῆς
352 704 649 776 θειότητος,
674 707 932 776 τάγαθὸν,
959 708 1089 761 ποτὲ
1117 707 1174 762 δὲ
1199 708 1301 761 οὐκ
1327 706 1501 772 ἔσται,
1530 705 1819 761 ἀποϐαλὼν

205 797 376 851 αὐτό.
396 798 504 852 Καὶ
523 801 571 852 εί
592 799 805 871 μεθέξει
830 799 924 853 τοῦ
950 799 1179 870 ἀγαθοῦ,
1197 799 1256 868 eg
1272 799 1461 872 ἐτέρου
1488 797 1706 872 μεθέξει
1723 799 1817 853 καὶ

206 889 380 954 ποτὲ,
395 891 524 944 ποτὲ
538 890 594 944 δὲ
608 891 667 943 οὐ
685 890 920 962 μεθέξει,
947 891 1084 945 ἀλλά
1104 891 1199 946 τοῦ
1220 891 1393 946 κακοῦ
1421 891 1655 963 μεθέξει·
1675 890 1818 945 ὥστε

205 985 321 1037 καὶ
348 983 591 1055 μετέχων
604 984 699 1037 τοῦ
720 983 945 1054 ἀγαθοῦ,
966 985 1027 1038 τὸ
1048 984 1249 1055 ἀγαθὸν
1262 983 1517 1057 παράξει,
1546 982 1622 1056 μὴ
1653 983 1816 1056 μετέ-

206 1092 336 1143 χων
362 1074 419 1128 δὲ
435 1074 648 1139 τούτου,
661 1075 723 1129 τὸ
739 1075 926 1140 κακὸν,
943 1076 1081 1147 ὅπερ
1097 1074 1316 1129 ἄτοπον.
1337 1075 1452 1129 Οὐκ
1467 1073 1575 1147 ἄρα
1596 1076 1661 1131 ὲκ
1680 1074 1817 1129 Θεοῦ

201 1166 246 1237 ἢ
278 1170 339 1221 ἐν
359 1166 479 1239 Θεῷ
494 1167 554 1221 τὸ
576 1167 765 1234 κακὸν,
782 1166 905 1222 οὕτε
930 1166 1137 1234 ἀπλῶς,
1158 1166 1282 1222 οὔτε
1304 1167 1448 1221 κατά
1465 1185 1587 1223 τινα
1602 1166 1816 1240 χρόνον.

1923 524 2047 580 dem
2078 525 2278 581 bonum
2306 526 2587 594 producet,
2642 525 2934 593 aliquando
2986 535 3113 578 vero
3153 522 3393 591 malum;
3429 526 3511 580 sic

1925 615 2076 670 enim
2097 614 2459 669 mulationem
2486 622 2770 685 pateretur
2789 614 2952 668 etiam
2976 612 3121 668 circa
3147 612 3199 667 id
3222 614 3363 683 quod
3394 628 3512 668 om-

1925 707 2074 765 nium
2126 718 2211 762 est
2244 706 2674 770 divinissimum,
2720 705 2933 761 scilicet
2968 720 3212 762 causam.
3267 706 3325 761 Si
3379 722 3511 763 vero

1925 800 2056 871 quid
2097 801 2244 856 aliud
2270 800 2343 856 sit
2375 799 2540 864 Deus,
2572 807 2626 854 et
2654 797 2803 853 aliud
2834 798 2889 852 in
2921 798 3039 868 ipso
3075 798 3205 854 boni
3252 798 3511 854 substan-

1922 892 2020 959 tia,
2047 893 2235 962 utique
2267 907 2362 962 per
2392 890 2652 947 accidens
2685 889 2739 944 in
2766 889 2877 944 Deo
2898 890 3101 944 bonum
3136 890 3271 957 erit;
3328 899 3383 946 et
3420 891 3503 947 sic

1921 983 2217 1053 aliquando
2247 982 2466 1051 quidem
2498 978 2662 1053 513
2700 979 2840 1035 Deus
2870 981 2976 1035 erit
3002 981 3213 1036 habens
3244 982 3299 1036 in
3328 997 3387 1036 se
3412 997 3509 1036 no-

1923 1083 2034 1130 tam
2066 1073 2390 1138 divinitatis,
2414 1073 2626 1129 scilicet
2656 1073 2883 1135 bonum,
2916 1071 3212 1142 aliquando
3240 1088 3369 1128 vero
3398 1089 3506 1127 non

1922 1165 2049 1235 erit,
2072 1166 2271 1221 bonum
2304 1165 2585 1233 abjiciens.
2614 1163 2769 1232 Quod
2791 1165 2835 1218 si
2861 1164 3150 1234 participet
3178 1165 3405 1228 bonum,
3435 1180 3504 1219 ex

205 1259 333 1315 alio
362 1262 715 1332 participahit
744 1272 797 1318 et
826 1261 1149 1331 aliquando,
1172 1263 1500 1333 quandoque
1535 1276 1664 1318 vero
1689 1277 1795 1318 non
1830 1260 2215 1332 participabit,
2261 1260 2358 1315 sed
2423 1259 2552 1313 mali
2604 1257 2880 1327 particeps
2927 1256 3069 1324 erit;
3111 1266 3165 1313 et
3190 1257 3270 1311 sic
3302 1259 3502 1312 bonum

200 1353 443 1422 quidem
473 1353 809 1425 participans
839 1353 1068 1420 bonum,
1101 1370 1207 1410 non
1236 1354 1576 1425 participans
1619 1362 1802 1408 autem
1827 1352 2092 1423 producet
2142 1352 2381 1419 malum,
2415 1350 2562 1415 quod
2616 1358 2700 1405 est
2736 1349 3063 1407 absurdum.
3138 1348 3255 1404 Non
3312 1349 3503 1421 itaque

199 1458 287 1498 ex
333 1445 466 1503 Deo.
502 1442 585 1498 vel
630 1444 684 1498 in
711 1444 823 1500 Deo
859 1444 1087 1509 malum,
1138 1460 1319 1514 neque
1348 1444 1594 1511 omnino,
1632 1459 1811 1513 neque
1838 1452 1992 1500 certo
2020 1451 2290 1511 tempore.

292 1534 320 1607 §
348 1534 511 1589 XXII.
556 1536 678 1589 Ἔτι
703 1536 761 1589 δὲ
786 1535 894 1589 οὐδ’
920 1538 979 1591 έν
1004 1535 1259 1606 ἀγγέλοις
1284 1538 1401 1591 ἐστὶ
1427 1535 1490 1591 τὸ
1526 1535 1697 1591 κακόν
1714 1553 1728 1567 ·
1779 1537 1810 1589 ὁ

1990 1535 2019 1608 §
2046 1534 2211 1593 XXII.
2254 1535 2397 1603 Quin
2417 1549 2485 1592 ne
2509 1535 2562 1590 in
2587 1533 2799 1606 angelis
2820 1535 3040 1604 quidem
3063 1543 3151 1590 est
3174 1534 3398 1602 malum,
3425 1537 3501 1591 si-

196 1626 327 1699 γὰρ
354 1626 584 1696 ἄγγελος
609 1627 770 1682 εἰκών
794 1624 1028 1684 ὲστι“τοῦ
1055 1630 1213 1694 Θεοῦ,
1231 1630 1411 1683 έκεῖνο
1437 1627 1512 1685 ὢν
1538 1627 1796 1700 δευτέρως

1914 1628 2132 1698 quidem
2163 1626 2403 1711 angelus
2433 1627 2614 1697 imago
2651 1626 2747 1683 Dei
2772 1638 2877 1693 est,
2913 1627 2965 1682 id
3004 1628 3186 1696 ipsum
3226 1628 3499 1684 exsistens

198 1719 364 1773 κατά
395 1719 635 1791 μέθεξιν,
671 1721 809 1793 ὅπερ
846 1720 1076 1793 πρώτως
1112 1721 1233 1776 κατ’
1260 1722 1441 1776 αἰτίαν
1465 1721 1527 1774 τὸ
1553 1721 1813 1791 ἀγγελλό-

202 1826 404 1880 μενον,
444 1810 751 1882 φανέρωσις
787 1810 881 1865 τοῦ
910 1811 1150 1881 ἀφανοῦς
1191 1810 1387 1882 φωτὸς,
1428 1812 1523 1865 καὶ
1548 1811 1814 1885 ἔσοπτρον

194 1904 601 1970 διειδέστατον,
630 1904 1008 1977 είσδεχόμενον
1032 1904 1132 1972 τὰς
1151 1905 1254 1977 τῆς
1278 1904 1612 1977 ὡραιότητος
1636 1906 1813 1977 ἐμφά-

201 2011 333 2059 σεις
358 2012 375 2028 ο
405 1995 498 2049 καὶ
524 1994 743 2067 ἀμιγῶς
770 1996 906 2068 πρὸς
942 1996 1004 2050 τὸ
1031 1996 1222 2063 κακὸν,
1270 1997 1437 2069 ῆγουν
1478 1996 1811 2067 ἀγαθοεῶὦς

195 2083 538 2155 ἀναλάμπον
582 2086 642 2139 έν
679 2085 857 2157 ἑαυτῷ
894 2084 958 2140 τὸ
983 2086 1187 2156 ἀγαθὸν
1222 2086 1325 2158 τῆς
1351 2086 1587 2159 κρυφίοις
1612 2086 1770 2157 σιγῆς
1792 2103 1806 2117 ⁸

194 2177 315 2233 οὐκ
340 2179 447 2251 ἀρα
473 2179 599 2232 οὐδὲ
634 2181 694 2233 ὲν
718 2179 971 2249 ἀγγέλοις
995 2181 1114 2234 ἐστὶ
1137 2180 1200 2234 τὸ
1226 2179 1417 2234 κακόν.
1473 2180 1562 2233 Ἐν
1598 2178 1810 2244 ἀδύτοις

192 2268 271 2323 δὲ
298 2269 475 2343 σιγὴν,
514 2269 616 2343 τὴν
644 2270 797 2325 θείαν
834 2270 970 2342 φησὶ
992 2270 1360 2343 κρυφιότητα·
1411 2271 1671 2341 σιγῶνται
1699 2270 1809 2340 γὰρ

197 2361 310 2414 καὶ
330 2360 401 2414 τά
425 2360 598 2433 ἄτιμα
619 2360 685 2415 δι’
708 2361 1063 2433 αἰσχρότητα,
1092 2361 1347 2431 σιγῶνται
1376 2363 1434 2417 δὲ
1459 2364 1552 2417 καὶ
1568 2361 1637 2416 τὰ
1664 2361 1799 2414 ἐντι-

202 2471 294 2526 μα
328 2455 424 2507 καὶ
444 2453 515 2507 ea:
538 2453 659 2508 θεῖα
681 2453 769 2509 διὰ
793 2453 1106 2525 τιμιότητα,
1133 2453 1342 2508 καὶτοῦ
1374 2455 1448 2527 μὴ
1476 2453 1619 2526 ἔχειν
1643 2453 1807 2524 ἐξαγ-

197 2546 395 2617 γεῖλαι
419 2545 598 2600 ταῦτα
622 2548 681 2600 ὲν
716 2545 930 2611 ἀδύτοις
952 2546 1181 2617 κείμενα
1203 2562 1218 2577 ο
1246 2547 1381 2600 ὅπου
1403 2546 1526 2612 νοῦς
1551 2547 1610 2600 οὐ
1641 2547 1807 2601 διεισ-

195 2637 380 2702 δύνει,
404 2638 509 2692 κᾶν
536 2637 655 2691 λίαν
682 2636 921 2709 καθαρὸς
956 2632 1014 2712 ᾖ,
1040 2637 1135 2690 καὶ
1168 2636 1237 2690 δι’
1264 2637 1531 2709 ἀγιὸτητα
1562 2636 1807 2693 διαϐατιι-

199 2731 476 2795 κώτατος.
517 2728 655 2783 Ἀλλ’
679 2729 823 2784 εἴποι
844 2747 949 2796 τις,
975 2730 1058 2783 ὅτι
1082 2731 1242 2783 κακοὶ
1267 2731 1316 2783 οί
1342 2730 1588 2798 ἄγγελοι,
1611 2728 1688 2794 ὠς
1712 2745 1805 2783 κο-

198 2824 475 2879 λαστικοί.
524 2823 656 2878 Λύει
703 2823 834 2894 γοῦν
877 2822 976 2895 τὴν
1020 2823 1294 2877 ἀντίθεσιν
1353 2822 1799 2893 φιλοσοφώτατα·

201 2912 430 2985 πρῶτον
477 2913 574 2985 μὲν
600 2912 710 2967 ἀπὸ
739 2912 849 2966 τῶν
878 2912 1071 2985 ἱερέων
1111 2911 1222 2967 τῶν
1261 2913 1635 2985 ἀπειργόντων
1674 2913 1802 2979 τοὺς

199 3005 464 3071 ἀναξίους
484 3004 596 3060 τῶν
623 3004 783 3060 θείων
811 3006 1126 3078 μυστηρίων
1149 3022 1163 3036 ’
1193 3004 1384 3059 ἔπειτα
1408 3006 1578 3076 λέγει,
1605 3006 1687 3061 ὅτι
1710 3005 1804 3060 οῦ-
1826 3036 1870 3096 c

195 3117 271 3154 τε
320 3099 453 3154 αὐτὸ
493 3098 556 3154 τὸ
598 3098 923 3163 κολάζεσθαί
960 3118 1104 3165 τινα,
1154 3099 1356 3155 κακόνο
1386 3100 1667 3167 παίδευσις
1689 3102 1799 3175 γάρ

196 3194 348 3256 ἐστι,
373 3192 468 3245 καὶ
489 3193 524 3265 ὴ
551 3192 833 3257 παίδευσις
872 3192 1098 3262 ἀγαθὸν,
1124 3192 1249 3247 οὗτε
1275 3195 1323 3247 οἱ
1348 3192 1668 3260 κολάζοντες
1693 3213 1797 3249 κα-

198 3282 315 3336 κοί·
341 3282 558 3356 εἴρηται
577 3284 707 3355 γάρ’
734 3286 816 3339 Οὐ
844 3285 957 3354 γὰρ
974 3283 1105 3353 είκῆ
1134 3284 1250 3354 τὴν
1269 3285 1579 3356 μάχαιραν
1606 3284 1794 3356 φορεῖ·

198 3373 491 3441 διάκονος
542 3374 656 3446 γάρ
690 3375 823 3429 ἐστι
868 3374 1017 3429 Θεοῦ
1040 3377 1129 3442 εἰς
1165 3375 1354 3446 ὀργὴν
1389 3377 1471 3443 τῷ
1511 3376 1577 3431 τὸ
1608 3378 1797 3433 κακὸν

200 3466 578 3533 πράσσοντι.
604 3468 807 3523 Λοιπὸν
830 3467 1103 3523 εἰσϐάλλει
1124 3470 1203 3533 εἰς
1227 3468 1326 3541 τὴν
1359 3469 1513 3525 λύσιν
1535 3471 1636 3543 τῆς
1664 3488 1797 3543 προ-

200 3558 472 3630 κειμένης
494 3560 747 3634 ἀπορίας,
770 3560 863 3615 καί
889 3577 1072 3631 φησιν,
1098 3562 1179 3615 ὅτι
1206 3562 1327 3615 οὐδὲ
1353 3564 1401 3616 οἱ
1425 3562 1677 3634 δαίμονες
1699 3563 1801 3634 φύ-

201 3667 292 3703 σει
331 3652 514 3705 κακοί.
556 3630 728 3706 Τοῦτο
753 3651 903 3722 ,γοῦν
945 3654 1010 3705 ὲκ
1048 3652 1311 3709 πλειόνων
1356 3657 1793 3721 κατασκευάζειο

198 3742 430 3815 πρῶτον
481 3745 601 3815 μὲν,
653 3745 772 3810 πῶς
810 3745 1036 3818 ἔμελλον
1089 3748 1435 3819 παραχθῆναι
1480 3748 1541 3815 ἐξ
1587 3750 1795 3819 ἀγαθοῦ

199 3834 460 3906 ποιητοῦ,
500 3836 597 3889 καὶ⁸
618 3835 766 3902 ἄλλο,
795 3836 878 3890 ὅτι
919 3837 1013 3890 καὶ
1039 3836 1099 3902 ἐξ
1120 3838 1337 3905 ἀγαθῶν
1362 3840 1691 3910 μετέϐαλον;
1739 3843 1796 3896 αἱ

197 3926 341 3996 γοῦν
372 3927 491 3980 κατ’
516 3925 801 3980 ἀλλοίωσιν
827 3929 1119 3999 μεταϐολαὶ
1162 3932 1223 3984 ού
1262 3932 1382 3985 κατ’
1414 3932 1602 3987 οὐσίαν
1632 3935 1794 4000 εἰσιν,

197 4014 350 4070 ἀλλά
397 4015 541 4069 κατὰ
580 4017 643 4070 τὸ
699 4018 874 4083 ποιὸν,
926 4018 1117 4092 ὥσπερ
1172 4024 1227 4075 αἱ
1270 4022 1411 4076 κατὰ
1439 4023 1669 4097 αὔξησιν
1701 4027 1798 4080 καὶ

202 4108 458 4178 μείωσιν,
501 4108 643 4162 κατά
676 4109 736 4163 τὸ
770 4111 935 4164 ποσόν
954 4129 967 4143 ·
1002 4114 1036 4184 ἡ
1062 4112 1117 4166 δὲ
1141 4115 1263 4169 κατ’
1287 4116 1475 4171 οὐσίαν
1501 4118 1794 4192 μεταϐολὴ,

196 4198 238 4269 ἢ
266 4199 520 4271 γέννησίς
552 4202 720 4266 ἐστιν,
747 4200 781 4272 ἢ
811 4201 1006 4275 φθορά.
1051 4204 1204 4258 Ἐπεὶ
1249 4202 1341 4260 οὖν
1382 4207 1537 4273 ὄντες
1565 4209 1798 4281 μετέϐα-

196 4292 318 4357 λον,
347 4292 473 4357 έδει,
503 4296 550 4347 εί
580 4294 701 4347 κατ’
724 4294 913 4349 οὐσίαν
943 4297 1259 4368 μετέϐαλον,
1284 4299 1575 4372 φθαρῆναι,
1606 4304 1796 4368 καὶείς

1916 1716 2217 1770 secundum
2267 1710 2742 1786 participationem
2800 1717 3045 1773 secundo
3097 1718 3311 1783 ordine,
3353 1719 3499 1790 quod

1915 1806 2221 1862 secundum
2244 1821 2467 1863 causam
2493 1815 2580 1862 est
2601 1807 2654 1862 id
2677 1810 2822 1878 quod
2850 1808 3169 1865 enuntiatur
3191 1810 3390 1880 primo,
3409 1827 3497 1865 ar-

1914 1899 2040 1954 cani
2092 1898 2315 1955 luminis
2364 1899 2665 1957 deelaratio
2710 1910 2768 1957 et
2794 1900 3073 1972 speculum
3117 1902 3495 1973 purissimum,

1912 1994 2218 2048 venustatis
2265 1993 2477 2064 species
2530 1994 2832 2065 excipiens,
2884 2005 2939 2051 et
2974 2011 3005 2050 a
3035 1996 3181 2053 malo
3211 1997 3498 2069 impolluta

1913 2087 2031 2142 sive
2065 2086 2450 2143 bonil’ormiter
2476 2086 2531 2141 in
2560 2087 2858 2158 semetipso
2890 2088 3236 2160 resplendere
3284 2089 3495 2146 faciens

1912 2179 2099 2231 arcani
2126 2176 2272 2234 illius
2289 2179 2490 2234 silentii
2518 2179 2843 2247 bonitatem;
2867 2195 2997 2252 ergo
3014 2180 3177 2237 etiam
3203 2180 3257 2236 in
3289 2182 3498 2253 angelis

1911 2282 2019 2323 non
2068 2278 2152 2324 est
2195 2270 2419 2324 malum.
2479 2268 2768 2326 Silentium
2799 2281 2982 2327 autem
3031 2273 3177 2343 quod
3219 2274 3273 2328 in
3321 2275 3497 2346 adytis

1909 2368 2014 2424 est,
2049 2370 2212 2415 vocat
2234 2361 2474 2416 divinum
2511 2362 2646 2417 illud
2681 2378 2977 2429 arcanum;
3015 2364 3287 2433 siquidem
3327 2366 3380 2421 id
3416 2367 3497 2422 si-

1908 2450 2025 2506 lent
2054 2467 2144 2507 res
2170 2452 2312 2507 viles
2338 2460 2562 2523 prepter
2590 2469 2745 2509 suam
2774 2453 3203 2522 deformitatem,
3243 2470 3333 2511 res
3365 2472 3498 2513 vero

1907 2544 2165 2613 pretiosae
2194 2558 2260 2599 ac
2287 2544 2486 2599 divina:
2510 2545 2640 2600 illud
2670 2546 2835 2602 silent
2860 2559 3085 2617 propter
3121 2547 3240 2617 ejus
3270 2562 3498 2604 venera-

1908 2635 2136 2700 tionem,
2169 2636 2423 2707 quodque
2455 2652 2560 2692 non
2595 2637 2814 2694 valeant
2843 2639 3133 2695 enuntiare
3165 2640 3256 2694 illa
3281 2654 3402 2712 quae
3438 2640 3496 2695 in

1905 2725 2087 2796 adytis
2114 2724 2304 2792 latent,
2334 2740 2444 2795 quo
2474 2740 2630 2782 mens
2657 2726 2807 2781 nulla
2834 2735 3108 2797 penetrat,
3140 2725 3495 2797 quantumvis

1906 2833 2043 2888 pura
2078 2819 2170 2886 sit,
2218 2827 2274 2875 et
2324 2828 2554 2888 propter
2597 2819 2944 2875 sanctitatem
2988 2818 3492 2889 perspicacissima.

1902 2910 2068 2981 Atqui
2125 2911 2271 2967 dicet
2322 2912 2519 2981 aliquis
2557 2911 2733 2966 malos
2776 2924 2902 2966 esse
2954 2910 3175 2981 angelos
3218 2912 3363 2980 quod
3393 2926 3497 2982 pu-

1904 3003 2077 3057 niant.
2130 3001 2282 3058 Hanc
2328 3002 2693 3072 objectionem
2752 3003 3158 3074 sapientissime
3218 3002 3493 3071 dissolvit,

1907 3095 2143 3167 primum
2201 3110 2231 3148 a
2288 3095 2691 3163 sacerdotibus,
2747 3096 2841 3166 qui
2880 3095 3136 3168 indignos
3198 3111 3229 3151 a
3288 3096 3494 3153 divinis

1910 3187 2186 3259 mysteriis
2210 3197 2429 3254 arcent;
2464 3187 2661 3242 deinde
2688 3188 2843 3252 dicit,
2868 3203 2934 3242 ne
2975 3188 3031 3243 id
3062 3189 3239 3259 ipsum
3271 3188 3492 3258 quidem

1909 3285 2113 3339 malum
2166 3299 2309 3348 esse,
2365 3285 2557 3354 punire
2604 3283 2870 3354 aliquem,
2918 3286 3178 3356 quoniam
3222 3283 3493 3340 correctio

1907 3386 2014 3441 est,
2051 3376 2321 3431 correctio
2351 3383 2531 3430 autem
2566 3373 2727 3440 bona,
2754 3391 2931 3447 neque
2966 3377 3058 3448 qui
3089 3377 3323 3447 puniunt
3360 3375 3489 3429 mali

1906 3478 2059 3537 sunt,
2094 3469 2300 3524 dictum
2334 3478 2417 3523 est
2442 3467 2589 3522 enim
2622 3482 2634 3515 τ
2685 3467 2810 3523 Νοη
2850 3471 2989 3525 enim
3036 3471 3150 3524 sine
3178 3486 3341 3523 causa
3368 3470 3490 3539 gla—

1904 3562 2053 3616 dium
2075 3570 2281 3631 portat;
2315 3560 2411 3615 Dei
2432 3562 2570 3614 enim
2595 3562 2843 3615 minister
2881 3577 2981 3627 est,
3033 3562 3227 3617 vindex
3264 3563 3322 3615 in
3349 3563 3489 3614 iram

1903 3654 1952 3707 ei
2006 3653 2096 3723 qui
2147 3653 2284 3707 male
2341 3653 2447 3723 agit
2485 3651 2536 3706 ἀ.
2589 3652 2855 3707 Caeterum
2906 3653 3234 3709 solutionem
3289 3668 3489 3724 propo-

1905 3745 2027 3799 sitae
2052 3745 2369 3813 quaestionis
2396 3746 2764 3815 prosequitur,
2788 3755 2841 3799 et
2867 3747 2961 3815 ait,
2990 3762 3091 3801 nec
3118 3747 3265 3816 ipsos
3286 3750 3487 3801 dmino-

1905 3853 2004 3892 nes
2052 3847 2247 3892 natura
2300 3837 2472 3893 malos
2524 3853 2669 3893 esse.
2722 3838 2837 3893 Hoc
2882 3855 2950 3895 ex
2978 3841 3225 3911 pluribus
3258 3844 3482 3913 probat:

1902 3932 2137 4000 primum
2167 3929 2409 4000 quidem,
2433 3933 2706 4001 quomodo
2737 3933 2976 4005 alioquin
3005 3950 3034 3988 a
3069 3936 3487 3993 bonoCreatore

1904 4021 2134 4088 conditi,
2185 4031 2241 4075 et
2280 4022 2427 4077 aliud
2468 4024 2596 4090 sint,
2639 4025 2900 4095 quoniam
2948 4040 3013 4078 ex
3057 4025 3214 4080 bonis
3255 4025 3487 4081 mutati?

1906 4113 2240 4168 mutationes
2263 4114 2408 4168 enim
2441 4129 2562 4184 quae.
2585 4124 2709 4170 sunt
2745 4115 3046 4169 secundum
3076 4115 3481 4184 alterationem,

1902 4223 2010 4264 non
2067 4220 2197 4264 sunt
2242 4211 2545 4265 secundum
2601 4210 2988 4274 substantiam,
3041 4211 3134 4265 sed
3183 4213 3483 4267 secundum

1902 4300 2248 4370 qualitatem,
2282 4303 2425 4356 sicut
2451 4302 2553 4357 illae
2576 4318 2697 4372 quae
2728 4312 2855 4356 sunt
2882 4303 3184 4357 secundum
3217 4319 3483 4374 augmen-

196 4386 265 4439 τὸ
298 4385 376 4457 μὴ
409 4385 469 4439 ὃν
497 4386 671 4441 ἐλθεῖν
692 4406 707 4418 ·
750 4389 866 4442 ἀλλ’
896 4390 1005 4443 ἰδού
1033 4392 1172 4444 εἰσιν
1194 4391 1375 4445 οὐσίαι
1406 4394 1579 4460 ἀῦλοι,
1624 4398 1672 4450 εἰ
1703 4399 1795 4452 καὶ

1909 4402 2017 4448 tum
2045 4404 2133 4448 aut
2158 4395 2591 4461 decrementum,
2617 4397 2911 4449 secundum
2938 4397 3336 4465 quantitatem;
3362 4413 3480 4450 tnu-

199 4479 328 4532 κατ’
356 4477 514 4530 ἄλλον
538 4479 739 4549 τρόπον
765 4480 867 4533 ούκ
889 4475 1030 4534 εἶναι
1061 4481 1328 4551 λέγονται,
1355 4484 1490 4538 καθὸ
1512 4487 1693 4541 κακοί.
1717 4488 1792 4543 Σὺ

197 4568 259 4621 δὲ
288 4568 616 4638 σημείωσαι,
646 4569 729 4622 ὅτι
754 4569 882 4624 ἄλλο
902 4571 1020 4623 ἐστὶ
1042 4570 1104 4624 τὸ
1122 4573 1203 4635 εἰς
1220 4573 1282 4626 τὸ
1314 4574 1389 4646 μὴ
1417 4574 1477 4628 ὃν
1496 4576 1671 4631 ἐλθεῖν
1700 4578 1796 4631 καὶ

198 4659 503 4731 φθαρῆναι,
534 4662 631 4715 καὶ
652 4662 781 4716 ἀλλο
805 4663 878 4736 μὴ
910 4659 1049 4718 εἷναί
1072 4683 1145 4718 τι.
1185 4666 1273 4731 Ὠς
1293 4666 1404 4738 γὰρ
1425 4669 1459 4739 ἡ
1487 4668 1719 4737 γένεσις,
1758 4672 1793 4743 ἡ

199 4754 307 4822 μὲν
338 4753 524 4818 ἀπλῶς
552 4754 721 4821 ἐστιν,
744 4755 819 4819 ὼς
841 4758 875 4827 ἡ
900 4758 1019 4809 κατ’
1050 4758 1238 4812 οὐσίαν
1256 4777 1271 4792 ο
1302 4762 1337 4833 ὴ
1359 4761 1415 4814 δὲ
1445 4763 1586 4817 κατά
1619 4781 1691 4830 τι,
1718 4765 1795 4829 ὡς

197 4849 234 4917 ὴ
265 4846 391 4898 κατ’
412 4844 719 4911 ἀλλοίωσιν,
765 4845 907 4899 οὕτω
940 4849 1033 4901 καὶ
1062 4851 1094 4920 ή
1141 4848 1338 4922 φθορὰ,
1371 4853 1403 4923 ἡ
1449 4854 1546 4924 μὲν
1585 4854 1790 4920 ἀπλῶς,

195 4939 234 5009 ἡ
279 4938 401 4990 κατ’
430 4937 649 5003 οὐσίαν,
700 4938 735 5008 ἡ
764 4936 822 4991 δὲ
851 4940 993 4993 κατά
1020 4957 1094 5005 τι,
1128 4943 1161 5012 ή
1192 4942 1312 4995 κατ’
1341 4943 1643 5000 ἀλλοίωσιν.
1682 4946 1794 5018 Τὴν

195 5028 337 5099 γοῦν
402 5028 757 5100 ἀλλοιωτικὴν
824 5030 1030 5103 φθορὰν
1100 5035 1462 5101 πεπονθότες,
1544 5038 1645 5091 οὐκ
1712 5036 1792 5091 εἷ-

196 5137 291 5174 ναι
339 5118 621 5187 λέγονται·
645 5118 744 5190 τὴν
788 5121 843 5174 δὲ
891 5123 1011 5175 κατ’
1036 5124 1218 5179 οὐσίαν
1254 5126 1328 5197 μὴ
1372 5128 1610 5197 γνόντες,
1641 5129 1794 5201 (ἀθά-

196 5226 353 5264 νατοι
378 5208 533 5283 γάρ,)
583 5210 643 5263 ού
697 5210 946 5281 λέγονται
986 5215 1259 5289 φθαρῆναι
1300 5222 1395 5274 καὶ
1427 5223 1506 5286 είς
1534 5222 1596 5276 τὸ
1627 5223 1703 5297 μὴ
1731 5224 1792 5280 ὃν

198 5303 295 5357 έλθ
304 5303 405 5355 εἰν.

1901 4480 2034 4535 latio
2065 4492 2246 4536 autem
2277 4482 2576 4537 secundum
2624 4483 3012 4549 substantiam,
3050 4484 3331 4552 generatio
3363 4494 3480 4550 ,est,

1901 4572 1986 4627 vel
2034 4575 2336 4643 corruptio.
2386 4574 2520 4629 Cum
2554 4575 2739 4645 itaque
2779 4576 2972 4631 mutati
3010 4577 3142 4642 sint,
3188 4579 3482 4647 oportebat

1866 4698 1871 4703 ο
1898 4683 2017 4735 eos,
2043 4667 2089 4722 si
2122 4669 2426 4723 secundum
2457 4669 2823 4725 substantiam
2850 4671 3040 4724 mutati
3074 4681 3279 4738 essent,
3310 4672 3482 4725 inter-

1899 4761 2000 4826 ire,
2040 4770 2097 4816 et
2128 4761 2182 4814 in
2207 4761 2436 4816 nihilum
2471 4762 2652 4830 abire;
2685 4762 2779 4818 sed
2819 4778 2951 4818 ecce
2987 4772 3117 4818 sunt
3157 4766 3480 4819 substantia:

1900 4854 2310 4921 immateriales,
2346 4855 2560 4909 tametsi
2594 4855 2894 4911 secundum
2926 4856 3093 4909 alium
3140 4859 3358 4910 modum
3404 4857 3482 4912 die

1897 4956 2095 5001 cantur
2119 4961 2226 5000 non
2255 4960 2402 5010 esse,
2444 4945 2498 4999 in
2528 4957 2793 5015 quantum
2840 4948 2966 5002 mali
3000 4957 3149 5003 sunt.
3186 4947 3265 5003 Tu
3297 4959 3477 5004 autem

1895 5037 2181 5093 considera
2203 5036 2371 5109 414
2392 5040 2536 5107 quod
2577 5038 2723 5093 aliud
2764 5040 2859 5103 sit,
2890 5040 2943 5094 in
2978 5040 3207 5094 nihilum
3237 5043 3392 5097 abire
3412 5056 3479 5096 ac

1894 5132 2147 5201 interire,
2204 5142 2261 5187 et
2302 5133 2448 5187 aliud
2488 5148 2593 5187 non
2626 5149 2748 5188 esse
2782 5134 3080 5205 quidpiam.
3130 5135 3284 5189 Sicut
3328 5134 3475 5189 enim

1894 5226 2173 5295 generatio
2219 5225 2325 5281 alia
2361 5224 2586 5296 'quidem
2627 5227 2861 5298 simplex
2916 5237 3038 5291 est,
3089 5237 3148 5281 ut
3180 5227 3475 5281 secundum

1894 5319 2291 5385 substantiam;
2331 5319 2436 5372 alia
2469 5333 2600 5373 vero
2646 5321 2939 5372 scentulum
2975 5317 3106 5388 quid
3155 5326 3259 5382 est,
3302 5330 3361 5371 ut
3386 5332 3475 5372 sc-

197 5395 441 5451 cundum
483 5394 892 5467 alterationem;
924 5401 996 5456 ita
1031 5404 1195 5459 etiam
1240 5409 1540 5478 corruptio,
1568 5410 1670 5467 alia
1699 5422 1783 5468 est
1815 5412 2161 5484 simpliciter,
2201 5429 2323 5482 quae
2361 5413 2661 5467 secundum
2733 5413 3129 5479 substantiam;
3186 5412 3291 5466 alia
3341 5425 3474 5467 vero

198 5491 505 5547 semiudum
533 5492 685 5561 quid,
711 5508 832 5563 quae
866 5501 1167 5555 secundum
1193 5502 1599 5563 alterationem.
1651 5508 1807 5576 Quod
1838 5510 2023 5581 itaque
2065 5511 2475 5581 corruptionem
2531 5510 2877 5566 alterativam
2928 5508 3219 5573 subierint,
3278 5508 3474 5562 dicun-

202 5595 295 5640 tur
322 5600 428 5677 non
451 5600 602 5651 esse;
636 5603 757 5642 cum
794 5599 978 5646 autem
1020 5594 1171 5650 illam
1208 5600 1508 5658 secundum
1532 5601 1897 5661 substantiam
1928 5605 2239 5677 ignorarint
2272 5605 2552 5676 (quoniam
2587 5604 2930 5662 immortales
2960 5604 3110 5675 sunt)
3146 5618 3250 5659 non
3278 5603 3470 5657 dicun-

203 5688 295 5734 tur
323 5676 547 5734 interire
572 5688 627 5733 et
660 5682 713 5735 in
750 5683 977 5741 nihilum
1008 5687 1173 5746 abire.

349 5792 373 5833 ει
405 5793 562 5852 Rom.
597 5812 718 5865 xm,
742 5797 798 5855 4.
