  <div class='ocr_page' id='page_1' title='image "/cluster/home/n/w/nwhite01/storage/ocr_20150623/3/nnc1.0046978666/442.png"; bbox 0 0 3866 6234; ppageno 0'>
   <div class='ocr_carea' id='block_1_1' title="bbox 58 372 216 429">
    <p class='ocr_par' dir='ltr' id='par_1_1' title="bbox 58 372 216 429">
     <span class='ocr_line' id='line_1_1' title="bbox 58 372 216 429; baseline 0.013 -2"><span class='ocrx_word' id='word_1_1' title='bbox 58 372 216 429; x_wconf 77' lang='grc' dir='ltr'><strong>Ἷ97</strong></span> 
     </span>
    </p>
   </div>
   <div class='ocr_carea' id='block_1_2' title="bbox 691 344 2805 435">
    <p class='ocr_par' dir='ltr' id='par_1_2' title="bbox 691 344 2805 435">
     <span class='ocr_line' id='line_1_2' title="bbox 691 344 2805 435; baseline -0.004 -10"><span class='ocrx_word' id='word_1_2' title='bbox 691 370 779 425; x_wconf 89' lang='lat' dir='ltr'><strong>DE</strong></span> <span class='ocrx_word' id='word_1_3' title='bbox 811 369 1070 428; x_wconf 79' lang='lat' dir='ltr'><strong>DIVINIS</strong></span> <span class='ocrx_word' id='word_1_4' title='bbox 1101 366 1497 435; x_wconf 82' lang='lat' dir='ltr'><strong>NOMINIBUS,</strong></span> <span class='ocrx_word' id='word_1_5' title='bbox 1532 365 1689 423; x_wconf 87' lang='lat' dir='ltr'><strong>CAP.</strong></span> <span class='ocrx_word' id='word_1_6' title='bbox 1724 344 1814 422; x_wconf 69' lang='lat' dir='ltr'><strong>IV.</strong></span> <span class='ocrx_word' id='word_1_7' title='bbox 1849 394 1919 411; x_wconf 63' lang='grc' dir='ltr'><strong>-η</strong></span> <span class='ocrx_word' id='word_1_8' title='bbox 1951 360 2299 421; x_wconf 75' lang='lat' dir='ltr'><strong>PARAPHR.</strong></span> <span class='ocrx_word' id='word_1_9' title='bbox 2335 361 2805 421; x_wconf 62' lang='lat' dir='ltr'><strong>PACHYMERIE.</strong></span> 
     </span>
    </p>
   </div>
   <div class='ocr_carea' id='block_1_3' title="bbox 3275 355 3374 413">
    <p class='ocr_par' dir='ltr' id='par_1_3' title="bbox 3275 355 3374 413">
     <span class='ocr_line' id='line_1_3' title="bbox 3275 355 3374 413; baseline 0 0"><span class='ocrx_word' id='word_1_10' title='bbox 3275 355 3374 413; x_wconf 84' lang='lat'><strong>798</strong></span> 
     </span>
    </p>
   </div>
   <div class='ocr_carea' id='block_1_4' title="bbox 70 452 1709 578">
    <p class='ocr_par' dir='ltr' id='par_1_4' title="bbox 70 503 1703 578">
     <span class='ocr_line' id='line_1_4' title="bbox 70 503 1703 578; baseline -0.004 -15"><span class='ocrx_word' id='word_1_11' title='bbox 70 508 561 572; x_wconf 75' lang='grc' dir='ltr'>κόντων.’Ᾱλλως</span> <span class='ocrx_word' id='word_1_12' title='bbox 592 525 653 562; x_wconf 92' lang='grc' dir='ltr'><strong>τε</strong></span> <span class='ocrx_word' id='word_1_13' title='bbox 679 525 693 538; x_wconf 89' lang='grc'><strong>·</strong></span> <span class='ocrx_word' id='word_1_14' title='bbox 719 508 784 561; x_wconf 91' lang='grc' dir='ltr'>Τί</span> <span class='ocrx_word' id='word_1_15' title='bbox 810 507 871 561; x_wconf 85' lang='grc' dir='ltr'><strong>τὸ</strong></span> <span class='ocrx_word' id='word_1_16' title='bbox 892 510 949 561; x_wconf 86' lang='grc' dir='ltr'><strong>ἐν</strong></span> <span class='ocrx_word' id='word_1_17' title='bbox 974 505 1190 578; x_wconf 83' lang='grc' dir='ltr'>δαίμοσι</span> <span class='ocrx_word' id='word_1_18' title='bbox 1216 504 1384 560; x_wconf 85' lang='grc' dir='ltr'>κακόν</span> <span class='ocrx_word' id='word_1_19' title='bbox 1408 520 1425 572; x_wconf 90' lang='grc'><strong>;</strong></span> <span class='ocrx_word' id='word_1_20' title='bbox 1451 503 1594 558; x_wconf 85' lang='grc' dir='ltr'>είποι</span> <span class='ocrx_word' id='word_1_21' title='bbox 1616 519 1703 567; x_wconf 87' lang='grc' dir='ltr'><strong>τις</strong></span> 
     </span>
    </p>
   </div>
   <div class='ocr_carea' id='block_1_5' title="bbox 1810 452 3373 578">
    <p class='ocr_par' dir='ltr' id='par_1_5' title="bbox 1810 452 3373 549">
     <span class='ocr_line' id='line_1_5' title="bbox 1810 452 3373 549; baseline -0.004 -16"><span class='ocrx_word' id='word_1_22' title='bbox 1810 481 1966 537; x_wconf 90' lang='lat' dir='ltr'><strong>modo</strong></span> <span class='ocrx_word' id='word_1_23' title='bbox 1999 496 2059 538; x_wconf 87' lang='lat' dir='ltr'><strong>se</strong></span> <span class='ocrx_word' id='word_1_24' title='bbox 2093 480 2315 546; x_wconf 86' lang='lat' dir='ltr'><strong>habere,</strong></span> <span class='ocrx_word' id='word_1_25' title='bbox 2351 479 2632 549; x_wconf 85' lang='lat' dir='ltr'><strong>proprium</strong></span> <span class='ocrx_word' id='word_1_26' title='bbox 2665 486 2755 533; x_wconf 84' lang='lat' dir='ltr'><strong>est</strong></span> <span class='ocrx_word' id='word_1_27' title='bbox 2786 474 2945 539; x_wconf 88' lang='lat' dir='ltr'><strong>boni;</strong></span> <span class='ocrx_word' id='word_1_28' title='bbox 2981 452 3237 545; x_wconf 84' lang='lat' dir='ltr'><strong>quoniam</strong></span> <span class='ocrx_word' id='word_1_29' title='bbox 3274 474 3373 527; x_wconf 67' lang='grc' dir='ltr'>θο-</span> 
     </span>
    </p>
   </div>
   <div class='ocr_carea' id='block_1_6' title="bbox 69 595 1701 674">
    <p class='ocr_par' dir='ltr' id='par_1_6' title="bbox 69 595 1701 674">
     <span class='ocr_line' id='line_1_6' title="bbox 69 595 1701 674; baseline -0.005 -19"><span class='ocrx_word' id='word_1_30' title='bbox 69 602 165 655; x_wconf 78' lang='grc' dir='ltr'>ἄν</span> <span class='ocrx_word' id='word_1_31' title='bbox 188 620 205 632; x_wconf 91' lang='grc'><strong>·</strong></span> <span class='ocrx_word' id='word_1_32' title='bbox 240 602 425 674; x_wconf 82' lang='grc' dir='ltr'>Θυμὺς</span> <span class='ocrx_word' id='word_1_33' title='bbox 453 602 645 671; x_wconf 74' lang='grc' dir='ltr'>ἄλογος</span> <span class='ocrx_word' id='word_1_34' title='bbox 682 599 950 672; x_wconf 78' lang='grc' dir='ltr'>(εὓρηται</span> <span class='ocrx_word' id='word_1_35' title='bbox 976 598 1086 671; x_wconf 82' lang='grc' dir='ltr'><strong>γὰρ</strong></span> <span class='ocrx_word' id='word_1_36' title='bbox 1124 600 1182 651; x_wconf 87' lang='grc' dir='ltr'><strong>ἐν</strong></span> <span class='ocrx_word' id='word_1_37' title='bbox 1201 600 1335 670; x_wconf 76' lang='grc' dir='ltr'>ἡμῖν</span> <span class='ocrx_word' id='word_1_38' title='bbox 1362 597 1457 650; x_wconf 71' lang='grc' dir='ltr'><strong>καὶ</strong></span> <span class='ocrx_word' id='word_1_39' title='bbox 1486 595 1701 665; x_wconf 74' lang='grc' dir='ltr'>ἐλλογΟς</span> 
     </span>
    </p>
   </div>
   <div class='ocr_carea' id='block_1_7' title="bbox 67 686 1702 763">
    <p class='ocr_par' dir='ltr' id='par_1_7' title="bbox 67 686 1702 763">
     <span class='ocr_line' id='line_1_7' title="bbox 67 686 1702 763; baseline -0.004 -18"><span class='ocrx_word' id='word_1_40' title='bbox 67 694 117 745; x_wconf 80' lang='grc' dir='ltr'><strong>ὁ</strong></span> <span class='ocrx_word' id='word_1_41' title='bbox 166 691 327 744; x_wconf 84' lang='grc' dir='ltr'>κα.τά</span> <span class='ocrx_word' id='word_1_42' title='bbox 354 691 448 745; x_wconf 90' lang='grc' dir='ltr'><strong>τοῦ</strong></span> <span class='ocrx_word' id='word_1_43' title='bbox 476 689 673 763; x_wconf 79' lang='grc' dir='ltr'>ἐχθροῦ</span> <span class='ocrx_word' id='word_1_44' title='bbox 709 692 806 744; x_wconf 73' lang='grc' dir='ltr'><strong>καὶ</strong></span> <span class='ocrx_word' id='word_1_45' title='bbox 832 691 932 763; x_wconf 83' lang='grc' dir='ltr'>τῆς</span> <span class='ocrx_word' id='word_1_46' title='bbox 963 688 1298 763; x_wconf 85' lang='grc' dir='ltr'>ἀμαρτίας·)</span> <span class='ocrx_word' id='word_1_47' title='bbox 1342 688 1438 742; x_wconf 75' lang='grc' dir='ltr'><strong>καὶ</strong></span> <span class='ocrx_word' id='word_1_48' title='bbox 1476 686 1702 758; x_wconf 83' lang='grc' dir='ltr'>ἀνόητος</span> 
     </span>
    </p>
   </div>
   <div class='ocr_carea' id='block_1_8' title="bbox 70 778 1704 855">
    <p class='ocr_par' dir='ltr' id='par_1_8' title="bbox 70 778 1704 855">
     <span class='ocr_line' id='line_1_8' title="bbox 70 778 1704 855; baseline -0.002 -18"><span class='ocrx_word' id='word_1_49' title='bbox 70 783 387 855; x_wconf 75' lang='grc' dir='ltr'>ἐπιθυμία</span> <span class='ocrx_word' id='word_1_50' title='bbox 423 782 669 855; x_wconf 77' lang='grc' dir='ltr'>(εὓρηται</span> <span class='ocrx_word' id='word_1_51' title='bbox 708 782 817 854; x_wconf 88' lang='grc' dir='ltr'>γὰρ</span> <span class='ocrx_word' id='word_1_52' title='bbox 846 784 942 837; x_wconf 76' lang='grc' dir='ltr'><strong>καὶ</strong></span> <span class='ocrx_word' id='word_1_53' title='bbox 985 784 1072 836; x_wconf 80' lang='grc' dir='ltr'>ἐπ’</span> <span class='ocrx_word' id='word_1_54' title='bbox 1099 782 1277 846; x_wconf 78' lang='grc' dir='ltr'>ἄλλοις</span> <span class='ocrx_word' id='word_1_55' title='bbox 1316 779 1581 851; x_wconf 84' lang='grc' dir='ltr'>ἐπιθυμία</span> <span class='ocrx_word' id='word_1_56' title='bbox 1618 778 1704 833; x_wconf 75' lang='grc' dir='ltr'>ἐν·</span> 
     </span>
    </p>
   </div>
   <div class='ocr_carea' id='block_1_9' title="bbox 75 869 1703 944">
    <p class='ocr_par' dir='ltr' id='par_1_9' title="bbox 75 869 1703 944">
     <span class='ocr_line' id='line_1_9' title="bbox 75 869 1703 944; baseline -0.002 -16"><span class='ocrx_word' id='word_1_57' title='bbox 75 892 240 938; x_wconf 76' lang='grc' dir='ltr'>νους</span> <span class='ocrx_word' id='word_1_58' title='bbox 259 891 274 905; x_wconf 78' lang='grc' dir='ltr'><strong>ο</strong></span> <span class='ocrx_word' id='word_1_59' title='bbox 318 875 632 944; x_wconf 77' lang='grc' dir='ltr'><strong>Ἐπιθυμίᾳ</strong></span> <span class='ocrx_word' id='word_1_60' title='bbox 662 875 1032 943; x_wconf 79' lang='grc' dir='ltr'>ἐπεθύμησα,</span> <span class='ocrx_word' id='word_1_61' title='bbox 1056 874 1171 939; x_wconf 83' lang='grc' dir='ltr'>καὶ,</span> <span class='ocrx_word' id='word_1_62' title='bbox 1202 871 1356 940; x_wconf 81' lang='grc' dir='ltr'>ἀνὴρ</span> <span class='ocrx_word' id='word_1_63' title='bbox 1378 869 1703 942; x_wconf 78' lang='grc' dir='ltr'><strong>ἐπιθυμιῶν</strong></span> 
     </span>
    </p>
   </div>
   <div class='ocr_carea' id='block_1_10' title="bbox 76 963 1699 1037">
    <p class='ocr_par' dir='ltr' id='par_1_10' title="bbox 76 963 1699 1037">
     <span class='ocr_line' id='line_1_10' title="bbox 76 963 1699 1037; baseline -0.001 -19"><span class='ocrx_word' id='word_1_64' title='bbox 76 966 220 1019; x_wconf 80' lang='grc' dir='ltr'><strong>τῶν</strong></span> <span class='ocrx_word' id='word_1_65' title='bbox 255 964 585 1037; x_wconf 80' lang='grc' dir='ltr'><strong>κρειττόνων</strong></span> <span class='ocrx_word' id='word_1_66' title='bbox 618 968 647 1019; x_wconf 83' lang='grc' dir='ltr'>ὁ</span> <span class='ocrx_word' id='word_1_67' title='bbox 684 964 931 1037; x_wconf 85' lang='grc' dir='ltr'>Δανιήλ·)</span> <span class='ocrx_word' id='word_1_68' title='bbox 968 966 1065 1019; x_wconf 75' lang='grc' dir='ltr'><strong>καὶ</strong></span> <span class='ocrx_word' id='word_1_69' title='bbox 1107 963 1375 1035; x_wconf 82' lang='grc' dir='ltr'><strong>φαντασία</strong></span> <span class='ocrx_word' id='word_1_70' title='bbox 1402 963 1699 1036; x_wconf 85' lang='grc' dir='ltr'><strong>προπετὴς,</strong></span> 
     </span>
    </p>
   </div>
   <div class='ocr_carea' id='block_1_11' title="bbox 77 1050 1700 1129">
    <p class='ocr_par' dir='ltr' id='par_1_11' title="bbox 77 1050 1700 1129">
     <span class='ocr_line' id='line_1_11' title="bbox 77 1050 1700 1129; baseline -0.002 -17"><span class='ocrx_word' id='word_1_71' title='bbox 77 1060 305 1113; x_wconf 71' lang='grc' dir='ltr'>ὲκεῖνα</span> <span class='ocrx_word' id='word_1_72' title='bbox 351 1056 783 1129; x_wconf 76' lang='grc' dir='ltr'>φανταζομένους</span> <span class='ocrx_word' id='word_1_73' title='bbox 812 1050 887 1111; x_wconf 83' lang='grc' dir='ltr'>ὧν</span> <span class='ocrx_word' id='word_1_74' title='bbox 910 1075 1039 1111; x_wconf 88' lang='grc' dir='ltr'>ποτε</span> <span class='ocrx_word' id='word_1_75' title='bbox 1068 1058 1148 1121; x_wconf 84' lang='grc' dir='ltr'><strong>είς</strong></span> <span class='ocrx_word' id='word_1_76' title='bbox 1173 1056 1285 1124; x_wconf 72' lang='grc' dir='ltr'>ἕξιν</span> <span class='ocrx_word' id='word_1_77' title='bbox 1314 1056 1416 1109; x_wconf 81' lang='grc' dir='ltr'><strong>οὐκ</strong></span> <span class='ocrx_word' id='word_1_78' title='bbox 1450 1055 1700 1109; x_wconf 76' lang='grc' dir='ltr'>ἐλεύσον-</span> 
     </span>
    </p>
   </div>
   <div class='ocr_carea' id='block_1_12' title="bbox 75 1149 1701 1221">
    <p class='ocr_par' dir='ltr' id='par_1_12' title="bbox 75 1149 1701 1221">
     <span class='ocr_line' id='line_1_12' title="bbox 75 1149 1701 1221; baseline -0.001 -17"><span class='ocrx_word' id='word_1_79' title='bbox 75 1169 196 1205; x_wconf 76' lang='grc' dir='ltr'><strong>ται</strong></span> <span class='ocrx_word' id='word_1_80' title='bbox 228 1168 243 1181; x_wconf 90' lang='grc'><strong>·</strong></span> <span class='ocrx_word' id='word_1_81' title='bbox 292 1150 407 1203; x_wconf 78' lang='grc' dir='ltr'>ἐστι</span> <span class='ocrx_word' id='word_1_82' title='bbox 457 1149 567 1221; x_wconf 78' lang='grc' dir='ltr'>γὰρ</span> <span class='ocrx_word' id='word_1_83' title='bbox 604 1151 696 1202; x_wconf 74' lang='grc' dir='ltr'>καὶ</span> <span class='ocrx_word' id='word_1_84' title='bbox 728 1150 996 1219; x_wconf 83' lang='grc' dir='ltr'>φαντασία</span> <span class='ocrx_word' id='word_1_85' title='bbox 1030 1150 1091 1203; x_wconf 84' lang='grc' dir='ltr'><strong>οὐ</strong></span> <span class='ocrx_word' id='word_1_86' title='bbox 1139 1150 1419 1220; x_wconf 83' lang='grc' dir='ltr'>προπετὴς</span> <span class='ocrx_word' id='word_1_87' title='bbox 1439 1191 1453 1215; x_wconf 96' lang='grc'><strong>,</strong></span> <span class='ocrx_word' id='word_1_88' title='bbox 1482 1149 1602 1203; x_wconf 81' lang='grc' dir='ltr'>καθ’</span> <span class='ocrx_word' id='word_1_89' title='bbox 1632 1150 1701 1221; x_wconf 80' lang='grc' dir='ltr'>ἢν</span> 
     </span>
    </p>
   </div>
   <div class='ocr_carea' id='block_1_13' title="bbox 78 1234 1701 1310">
    <p class='ocr_par' dir='ltr' id='par_1_13' title="bbox 78 1234 1701 1310">
     <span class='ocr_line' id='line_1_13' title="bbox 78 1234 1701 1310; baseline -0.001 -18"><span class='ocrx_word' id='word_1_90' title='bbox 78 1238 473 1310; x_wconf 77' lang='grc' dir='ltr'>ἐφαπτόμεθα</span> <span class='ocrx_word' id='word_1_91' title='bbox 517 1239 625 1293; x_wconf 89' lang='grc' dir='ltr'><strong>τῶν</strong></span> <span class='ocrx_word' id='word_1_92' title='bbox 661 1240 828 1293; x_wconf 75' lang='grc' dir='ltr'>ὄντων</span> <span class='ocrx_word' id='word_1_93' title='bbox 876 1240 970 1293; x_wconf 75' lang='grc' dir='ltr'><strong>καὶ</strong></span> <span class='ocrx_word' id='word_1_94' title='bbox 1009 1238 1269 1294; x_wconf 83' lang='grc' dir='ltr'>δυνατῶν.</span> <span class='ocrx_word' id='word_1_95' title='bbox 1310 1239 1463 1292; x_wconf 78' lang='grc' dir='ltr'>Ἐπεὶ</span> <span class='ocrx_word' id='word_1_96' title='bbox 1502 1234 1595 1292; x_wconf 77' lang='grc' dir='ltr'><strong>οὖν</strong></span> <span class='ocrx_word' id='word_1_97' title='bbox 1631 1238 1701 1291; x_wconf 75' lang='grc' dir='ltr'><strong>τά</strong></span> 
     </span>
    </p>
   </div>
   <div class='ocr_carea' id='block_1_14' title="bbox 77 1328 1701 1401">
    <p class='ocr_par' dir='ltr' id='par_1_14' title="bbox 77 1328 1701 1401">
     <span class='ocr_line' id='line_1_14' title="bbox 77 1328 1701 1401; baseline -0.002 -17"><span class='ocrx_word' id='word_1_98' title='bbox 77 1332 367 1396; x_wconf 75' lang='grc' dir='ltr'>τοιαῦτα,</span> <span class='ocrx_word' id='word_1_99' title='bbox 419 1330 529 1383; x_wconf 82' lang='grc' dir='ltr'>εἴτε</span> <span class='ocrx_word' id='word_1_100' title='bbox 574 1348 659 1394; x_wconf 89' lang='grc' dir='ltr'><strong>τις</strong></span> <span class='ocrx_word' id='word_1_101' title='bbox 709 1330 853 1384; x_wconf 79' lang='grc' dir='ltr'>εἴποι</span> <span class='ocrx_word' id='word_1_102' title='bbox 893 1329 963 1382; x_wconf 81' lang='grc' dir='ltr'>τὰ</span> <span class='ocrx_word' id='word_1_103' title='bbox 1009 1330 1242 1401; x_wconf 87' lang='grc' dir='ltr'>κρείττω</span> <span class='ocrx_word' id='word_1_104' title='bbox 1284 1330 1378 1382; x_wconf 64' lang='grc' dir='ltr'><strong>καὶ¹</strong></span> <span class='ocrx_word' id='word_1_105' title='bbox 1412 1328 1561 1400; x_wconf 84' lang='grc' dir='ltr'><strong>παρά</strong></span> <span class='ocrx_word' id='word_1_106' title='bbox 1588 1330 1701 1393; x_wconf 85' lang='grc' dir='ltr'>τοῖς</span> 
     </span>
    </p>
   </div>
   <div class='ocr_carea' id='block_1_15' title="bbox 78 1421 1700 1496">
    <p class='ocr_par' dir='ltr' id='par_1_15' title="bbox 78 1421 1700 1496">
     <span class='ocr_line' id='line_1_15' title="bbox 78 1421 1700 1496; baseline -0.004 -17"><span class='ocrx_word' id='word_1_107' title='bbox 78 1424 346 1494; x_wconf 77' lang='grc' dir='ltr'>ἀγαθοῖς</span> <span class='ocrx_word' id='word_1_108' title='bbox 376 1424 662 1496; x_wconf 80' lang='grc' dir='ltr'>ἀνδράσιν,</span> <span class='ocrx_word' id='word_1_109' title='bbox 692 1424 801 1477; x_wconf 76' lang='grc' dir='ltr'>εἴτε</span> <span class='ocrx_word' id='word_1_110' title='bbox 828 1423 896 1477; x_wconf 82' lang='grc' dir='ltr'>τὰ</span> <span class='ocrx_word' id='word_1_111' title='bbox 940 1422 1106 1495; x_wconf 89' lang='grc' dir='ltr'>χείρω</span> <span class='ocrx_word' id='word_1_112' title='bbox 1149 1423 1243 1476; x_wconf 64' lang='grc' dir='ltr'><strong>κα.)⁹</strong></span> <span class='ocrx_word' id='word_1_113' title='bbox 1270 1422 1422 1493; x_wconf 77' lang='grc' dir='ltr'>παρὰ</span> <span class='ocrx_word' id='word_1_114' title='bbox 1446 1425 1558 1485; x_wconf 90' lang='grc' dir='ltr'>τοῖς</span> <span class='ocrx_word' id='word_1_115' title='bbox 1587 1421 1700 1474; x_wconf 87' lang='grc' dir='ltr'>δαί-</span> 
     </span>
    </p>
   </div>
   <div class='ocr_carea' id='block_1_16' title="bbox 85 1514 1696 1589">
    <p class='ocr_par' dir='ltr' id='par_1_16' title="bbox 85 1514 1696 1589">
     <span class='ocr_line' id='line_1_16' title="bbox 85 1514 1696 1589; baseline -0.003 -19"><span class='ocrx_word' id='word_1_116' title='bbox 85 1535 317 1588; x_wconf 80' lang='grc' dir='ltr'>μοσιν,</span> <span class='ocrx_word' id='word_1_117' title='bbox 363 1519 447 1587; x_wconf 86' lang='grc' dir='ltr'>ἐφ’</span> <span class='ocrx_word' id='word_1_118' title='bbox 477 1517 676 1589; x_wconf 79' lang='grc' dir='ltr'>ἐτέρων</span> <span class='ocrx_word' id='word_1_119' title='bbox 722 1514 877 1579; x_wconf 79' lang='grc' dir='ltr'>ζώων</span> <span class='ocrx_word' id='word_1_120' title='bbox 919 1515 1239 1569; x_wconf 78' lang='grc' dir='ltr'>συστατικαὶ</span> <span class='ocrx_word' id='word_1_121' title='bbox 1273 1515 1530 1585; x_wconf 86' lang='grc' dir='ltr'>δυνάμεις</span> <span class='ocrx_word' id='word_1_122' title='bbox 1572 1514 1696 1579; x_wconf 76' lang='grc' dir='ltr'>εἰσὶ,</span> 
     </span>
    </p>
   </div>
   <div class='ocr_carea' id='block_1_17' title="bbox 83 1605 1692 1681">
    <p class='ocr_par' dir='ltr' id='par_1_17' title="bbox 83 1605 1692 1681">
     <span class='ocr_line' id='line_1_17' title="bbox 83 1605 1692 1681; baseline -0.002 -20"><span class='ocrx_word' id='word_1_123' title='bbox 83 1610 204 1661; x_wconf 65' lang='grc' dir='ltr'>καὶ</span> <span class='ocrx_word' id='word_1_124' title='bbox 252 1610 355 1680; x_wconf 74' lang='grc' dir='ltr'><strong>οὐχ</strong></span> <span class='ocrx_word' id='word_1_125' title='bbox 397 1611 430 1681; x_wconf 78' lang='grc' dir='ltr'>ἡ</span> <span class='ocrx_word' id='word_1_126' title='bbox 474 1606 586 1673; x_wconf 73' lang='grc' dir='ltr'>ἕξις</span> <span class='ocrx_word' id='word_1_127' title='bbox 626 1606 865 1673; x_wconf 78' lang='grc' dir='ltr'>τούτων,</span> <span class='ocrx_word' id='word_1_128' title='bbox 910 1607 1025 1661; x_wconf 87' lang='grc' dir='ltr'>ἀλλ’</span> <span class='ocrx_word' id='word_1_129' title='bbox 1074 1609 1107 1678; x_wconf 81' lang='grc' dir='ltr'><strong>ἡ</strong></span> <span class='ocrx_word' id='word_1_130' title='bbox 1156 1605 1432 1678; x_wconf 85' lang='grc' dir='ltr'>ἀναίρεσις</span> <span class='ocrx_word' id='word_1_131' title='bbox 1481 1605 1692 1677; x_wconf 80' lang='grc' dir='ltr'>φθορά’</span> 
     </span>
    </p>
   </div>
   <div class='ocr_carea' id='block_1_18' title="bbox 82 1697 1699 1775">
    <p class='ocr_par' dir='ltr' id='par_1_18' title="bbox 82 1697 1699 1775">
     <span class='ocr_line' id='line_1_18' title="bbox 82 1697 1699 1775; baseline -0.005 -18"><span class='ocrx_word' id='word_1_132' title='bbox 82 1703 494 1774; x_wconf 82' lang='grc' dir='ltr'>ἀναιρεθέντος</span> <span class='ocrx_word' id='word_1_133' title='bbox 521 1702 629 1775; x_wconf 81' lang='grc' dir='ltr'><strong>γὰρ</strong></span> <span class='ocrx_word' id='word_1_134' title='bbox 656 1701 751 1755; x_wconf 91' lang='grc' dir='ltr'><strong>τοῦ</strong></span> <span class='ocrx_word' id='word_1_135' title='bbox 781 1700 952 1772; x_wconf 85' lang='grc' dir='ltr'>θυμοῦ</span> <span class='ocrx_word' id='word_1_136' title='bbox 973 1741 987 1766; x_wconf 95' lang='grc'><strong>,</strong></span> <span class='ocrx_word' id='word_1_137' title='bbox 1015 1698 1114 1772; x_wconf 76' lang='grc' dir='ltr'>τῆς</span> <span class='ocrx_word' id='word_1_138' title='bbox 1145 1698 1445 1768; x_wconf 75' lang='grc' dir='ltr'>φαντασίας</span> <span class='ocrx_word' id='word_1_139' title='bbox 1471 1698 1565 1750; x_wconf 73' lang='grc' dir='ltr'><strong>καὶ</strong></span> <span class='ocrx_word' id='word_1_140' title='bbox 1597 1697 1699 1767; x_wconf 78' lang='grc' dir='ltr'>τῆς</span> 
     </span>
    </p>
   </div>
   <div class='ocr_carea' id='block_1_19' title="bbox 85 1789 1698 1867">
    <p class='ocr_par' dir='ltr' id='par_1_19' title="bbox 85 1789 1698 1867">
     <span class='ocr_line' id='line_1_19' title="bbox 85 1789 1698 1867; baseline -0.004 -17"><span class='ocrx_word' id='word_1_141' title='bbox 85 1796 436 1867; x_wconf 78' lang='grc' dir='ltr'>ἐπιθυμίας,</span> <span class='ocrx_word' id='word_1_142' title='bbox 471 1796 591 1849; x_wconf 75' lang='grc' dir='ltr'>οὐδὲ</span> <span class='ocrx_word' id='word_1_143' title='bbox 626 1796 762 1861; x_wconf 78' lang='grc' dir='ltr'>ζῶον</span> <span class='ocrx_word' id='word_1_144' title='bbox 797 1795 949 1848; x_wconf 81' lang='grc' dir='ltr'>ἔσται</span> <span class='ocrx_word' id='word_1_145' title='bbox 968 1811 979 1823; x_wconf 90' lang='grc'><strong>·</strong></span> <span class='ocrx_word' id='word_1_146' title='bbox 1005 1793 1093 1847; x_wconf 79' lang='grc' dir='ltr'>διὰ</span> <span class='ocrx_word' id='word_1_147' title='bbox 1115 1793 1289 1847; x_wconf 89' lang='grc' dir='ltr'>ταῦτα</span> <span class='ocrx_word' id='word_1_148' title='bbox 1309 1792 1368 1846; x_wconf 81' lang='grc' dir='ltr'><strong>οὐ</strong></span> <span class='ocrx_word' id='word_1_149' title='bbox 1396 1792 1542 1845; x_wconf 89' lang='grc' dir='ltr'><strong>κακά</strong></span> <span class='ocrx_word' id='word_1_150' title='bbox 1567 1789 1698 1844; x_wconf 89' lang='grc' dir='ltr'>ταῦ-</span> 
     </span>
    </p>
   </div>
   <div class='ocr_carea' id='block_1_20' title="bbox 83 1882 1698 1959">
    <p class='ocr_par' dir='ltr' id='par_1_20' title="bbox 83 1882 1698 1959">
     <span class='ocr_line' id='line_1_20' title="bbox 83 1882 1698 1959; baseline -0.006 -16"><span class='ocrx_word' id='word_1_151' title='bbox 83 1908 194 1954; x_wconf 81' lang='grc' dir='ltr'><strong>τα,</strong></span> <span class='ocrx_word' id='word_1_152' title='bbox 240 1889 385 1943; x_wconf 83' lang='grc' dir='ltr'>ὥστε</span> <span class='ocrx_word' id='word_1_153' title='bbox 415 1888 536 1942; x_wconf 79' lang='grc' dir='ltr'>οὐδὲ</span> <span class='ocrx_word' id='word_1_154' title='bbox 564 1891 621 1943; x_wconf 86' lang='grc' dir='ltr'><strong>ἐν</strong></span> <span class='ocrx_word' id='word_1_155' title='bbox 645 1890 757 1952; x_wconf 87' lang='grc' dir='ltr'>τοῖς</span> <span class='ocrx_word' id='word_1_156' title='bbox 784 1887 1003 1959; x_wconf 85' lang='grc' dir='ltr'>δαίμοσι</span> <span class='ocrx_word' id='word_1_157' title='bbox 1032 1884 1308 1949; x_wconf 82' lang='grc' dir='ltr'>παντελῶς</span> <span class='ocrx_word' id='word_1_158' title='bbox 1338 1883 1485 1937; x_wconf 87' lang='grc' dir='ltr'><strong>κακά</strong></span> <span class='ocrx_word' id='word_1_159' title='bbox 1519 1883 1594 1947; x_wconf 80' lang='grc' dir='ltr'>ὡς</span> <span class='ocrx_word' id='word_1_160' title='bbox 1624 1882 1698 1953; x_wconf 81' lang='grc' dir='ltr'><strong>μὴ</strong></span> 
     </span>
    </p>
   </div>
   <div class='ocr_carea' id='block_1_21' title="bbox 87 1972 1703 2058">
    <p class='ocr_par' dir='ltr' id='par_1_21' title="bbox 87 1972 1703 2058">
     <span class='ocr_line' id='line_1_21' title="bbox 87 1972 1703 2058; baseline -0.004 -19"><span class='ocrx_word' id='word_1_161' title='bbox 87 1986 433 2058; x_wconf 74' lang='grc' dir='ltr'>φθαρτικὰ·</span> <span class='ocrx_word' id='word_1_162' title='bbox 494 1986 593 2039; x_wconf 78' lang='grc' dir='ltr'><strong>οὐκ</strong></span> <span class='ocrx_word' id='word_1_163' title='bbox 650 1984 757 2056; x_wconf 82' lang='grc' dir='ltr'><strong>ἀρα</strong></span> <span class='ocrx_word' id='word_1_164' title='bbox 782 1985 942 2038; x_wconf 74' lang='grc' dir='ltr'>κακοὶ</span> <span class='ocrx_word' id='word_1_165' title='bbox 988 1981 1131 2036; x_wconf 80' lang='grc' dir='ltr'>κατὰ</span> <span class='ocrx_word' id='word_1_166' title='bbox 1171 1980 1350 2051; x_wconf 88' lang='grc' dir='ltr'>φύσιν,</span> <span class='ocrx_word' id='word_1_167' title='bbox 1382 1978 1495 2032; x_wconf 86' lang='grc' dir='ltr'>ἀλλ’</span> <span class='ocrx_word' id='word_1_168' title='bbox 1543 1972 1703 2052; x_wconf 78' lang='grc' dir='ltr'><strong>ᾗοὺκ</strong></span> 
     </span>
    </p>
   </div>
   <div class='ocr_carea' id='block_1_22' title="bbox 86 2070 1705 2146">
    <p class='ocr_par' dir='ltr' id='par_1_22' title="bbox 86 2070 1705 2146">
     <span class='ocr_line' id='line_1_22' title="bbox 86 2070 1705 2146; baseline -0.006 -15"><span class='ocrx_word' id='word_1_169' title='bbox 86 2079 254 2132; x_wconf 63' lang='grc' dir='ltr'>εἰσιν</span> <span class='ocrx_word' id='word_1_170' title='bbox 276 2077 494 2146; x_wconf 86' lang='grc' dir='ltr'>ἀγαθοί.</span> <span class='ocrx_word' id='word_1_171' title='bbox 523 2077 633 2131; x_wconf 75' lang='grc' dir='ltr'>Καὶ</span> <span class='ocrx_word' id='word_1_172' title='bbox 662 2078 762 2129; x_wconf 83' lang='grc' dir='ltr'>οὐκ</span> <span class='ocrx_word' id='word_1_173' title='bbox 791 2074 1057 2146; x_wconf 84' lang='grc' dir='ltr'>ὴλλοιώθη</span> <span class='ocrx_word' id='word_1_174' title='bbox 1088 2072 1296 2135; x_wconf 83' lang='grc' dir='ltr'>τούτοις</span> <span class='ocrx_word' id='word_1_175' title='bbox 1324 2072 1385 2124; x_wconf 84' lang='grc' dir='ltr'><strong>τὸ</strong></span> <span class='ocrx_word' id='word_1_176' title='bbox 1408 2070 1558 2124; x_wconf 81' lang='grc' dir='ltr'>δοθὲν</span> <span class='ocrx_word' id='word_1_177' title='bbox 1574 2070 1705 2139; x_wconf 84' lang='grc' dir='ltr'>ἀγα-</span> 
     </span>
    </p>
   </div>
   <div class='ocr_carea' id='block_1_23' title="bbox 88 2162 1703 2240">
    <p class='ocr_par' dir='ltr' id='par_1_23' title="bbox 88 2162 1703 2240">
     <span class='ocr_line' id='line_1_23' title="bbox 88 2162 1703 2240; baseline -0.006 -17"><span class='ocrx_word' id='word_1_178' title='bbox 88 2172 201 2223; x_wconf 86' lang='grc' dir='ltr'><strong>θὸν</strong></span> <span class='ocrx_word' id='word_1_179' title='bbox 245 2171 493 2240; x_wconf 77' lang='grc' dir='ltr'>χάρισμα</span> <span class='ocrx_word' id='word_1_180' title='bbox 515 2210 530 2235; x_wconf 98' lang='grc'><strong>,</strong></span> <span class='ocrx_word' id='word_1_181' title='bbox 568 2169 757 2240; x_wconf 86' lang='grc' dir='ltr'>ῶσπερ</span> <span class='ocrx_word' id='word_1_182' title='bbox 782 2168 921 2238; x_wconf 89' lang='grc' dir='ltr'>τάχα</span> <span class='ocrx_word' id='word_1_183' title='bbox 952 2168 1031 2230; x_wconf 84' lang='grc' dir='ltr'><strong>είς</strong></span> <span class='ocrx_word' id='word_1_184' title='bbox 1058 2165 1417 2237; x_wconf 83' lang='grc' dir='ltr'>μεταμέλειαν</span> <span class='ocrx_word' id='word_1_185' title='bbox 1457 2162 1703 2225; x_wconf 74' lang='grc' dir='ltr'>ἐλθόντος</span> 
     </span>
    </p>
   </div>
   <div class='ocr_carea' id='block_1_24' title="bbox 86 2253 1698 2329">
    <p class='ocr_par' dir='ltr' id='par_1_24' title="bbox 86 2253 1698 2329">
     <span class='ocr_line' id='line_1_24' title="bbox 86 2253 1698 2329; baseline -0.006 -15"><span class='ocrx_word' id='word_1_186' title='bbox 86 2261 201 2314; x_wconf 80' lang='grc' dir='ltr'><strong>τοῦ</strong></span> <span class='ocrx_word' id='word_1_187' title='bbox 257 2261 429 2327; x_wconf 89' lang='grc' dir='ltr'>Θεοῦ,</span> <span class='ocrx_word' id='word_1_188' title='bbox 476 2263 559 2315; x_wconf 85' lang='grc' dir='ltr'>ὃτι</span> <span class='ocrx_word' id='word_1_189' title='bbox 603 2260 776 2324; x_wconf 73' lang='grc' dir='ltr'>οὕτως</span> <span class='ocrx_word' id='word_1_190' title='bbox 815 2260 1010 2324; x_wconf 78' lang='grc' dir='ltr'>αὐτοὺς</span> <span class='ocrx_word' id='word_1_191' title='bbox 1048 2259 1306 2329; x_wconf 84' lang='grc' dir='ltr'>ἐτίμησε,</span> <span class='ocrx_word' id='word_1_192' title='bbox 1356 2255 1429 2329; x_wconf 85' lang='grc' dir='ltr'><strong>μὴ</strong></span> <span class='ocrx_word' id='word_1_193' title='bbox 1458 2253 1698 2325; x_wconf 77' lang='grc' dir='ltr'>γένοιτοῑ</span> 
     </span>
    </p>
   </div>
   <div class='ocr_carea' id='block_1_25' title="bbox 90 2351 1703 2422">
    <p class='ocr_par' dir='ltr' id='par_1_25' title="bbox 90 2351 1703 2422">
     <span class='ocr_line' id='line_1_25' title="bbox 90 2351 1703 2422; baseline -0.003 -12"><span class='ocrx_word' id='word_1_194' title='bbox 90 2357 229 2411; x_wconf 84' lang='grc' dir='ltr'>ἀλλ’</span> <span class='ocrx_word' id='word_1_195' title='bbox 265 2357 421 2409; x_wconf 75' lang='grc' dir='ltr'>αὐτοὶ</span> <span class='ocrx_word' id='word_1_196' title='bbox 444 2356 537 2409; x_wconf 91' lang='grc' dir='ltr'><strong>τοῦ</strong></span> <span class='ocrx_word' id='word_1_197' title='bbox 563 2355 685 2409; x_wconf 83' lang='grc' dir='ltr'>ὅλου</span> <span class='ocrx_word' id='word_1_198' title='bbox 728 2354 1187 2408; x_wconf 85' lang='grc' dir='ltr'>ἀποπεπτώκασιν</span> <span class='ocrx_word' id='word_1_199' title='bbox 1227 2352 1454 2422; x_wconf 81' lang='grc' dir='ltr'>ἀγαθοῦ,</span> <span class='ocrx_word' id='word_1_200' title='bbox 1500 2351 1703 2422; x_wconf 81' lang='grc' dir='ltr'>μύσαν-</span> 
     </span>
    </p>
   </div>
   <div class='ocr_carea' id='block_1_26' title="bbox 90 2440 1702 2517">
    <p class='ocr_par' dir='ltr' id='par_1_26' title="bbox 90 2440 1702 2517">
     <span class='ocr_line' id='line_1_26' title="bbox 90 2440 1702 2517; baseline -0.007 -12"><span class='ocrx_word' id='word_1_201' title='bbox 90 2469 200 2515; x_wconf 82' lang='grc' dir='ltr'><strong>τες</strong></span> <span class='ocrx_word' id='word_1_202' title='bbox 232 2449 415 2503; x_wconf 79' lang='grc' dir='ltr'>αὐτῶν</span> <span class='ocrx_word' id='word_1_203' title='bbox 441 2448 540 2512; x_wconf 79' lang='grc' dir='ltr'><strong>τάς</strong></span> <span class='ocrx_word' id='word_1_204' title='bbox 565 2445 937 2517; x_wconf 84' lang='grc' dir='ltr'>ἀγαθοπτικάς</span> <span class='ocrx_word' id='word_1_205' title='bbox 965 2445 1242 2516; x_wconf 87' lang='grc' dir='ltr'>δυνάμεις,</span> <span class='ocrx_word' id='word_1_206' title='bbox 1276 2441 1458 2506; x_wconf 86' lang='grc' dir='ltr'>καθὼς</span> <span class='ocrx_word' id='word_1_207' title='bbox 1479 2440 1702 2512; x_wconf 76' lang='grc' dir='ltr'>ἔχεικαὶ</span> 
     </span>
    </p>
   </div>
   <div class='ocr_carea' id='block_1_27' title="bbox 91 2532 1704 2613">
    <p class='ocr_par' dir='ltr' id='par_1_27' title="bbox 91 2532 1704 2613">
     <span class='ocr_line' id='line_1_27' title="bbox 91 2532 1704 2613; baseline -0.006 -17"><span class='ocrx_word' id='word_1_208' title='bbox 91 2543 165 2596; x_wconf 84' lang='grc' dir='ltr'><strong>τὸ</strong></span> <span class='ocrx_word' id='word_1_209' title='bbox 211 2543 349 2613; x_wconf 81' lang='grc' dir='ltr'>περὶ</span> <span class='ocrx_word' id='word_1_210' title='bbox 391 2541 486 2594; x_wconf 90' lang='grc' dir='ltr'><strong>τοῦ</strong></span> <span class='ocrx_word' id='word_1_211' title='bbox 538 2539 753 2611; x_wconf 85' lang='grc' dir='ltr'>Ἰσραὴλ</span> <span class='ocrx_word' id='word_1_212' title='bbox 794 2538 1114 2611; x_wconf 76' lang='grc' dir='ltr'>εἰρημένον·</span> <span class='ocrx_word' id='word_1_213' title='bbox 1159 2534 1303 2602; x_wconf 85' lang='grc' dir='ltr'>Τοὺς</span> <span class='ocrx_word' id='word_1_214' title='bbox 1358 2532 1704 2603; x_wconf 64' lang='grc' dir='ltr'>ὀφθαλμοὺς</span> 
     </span>
    </p>
   </div>
   <div class='ocr_carea' id='block_1_28' title="bbox 94 2625 1704 2703">
    <p class='ocr_par' dir='ltr' id='par_1_28' title="bbox 94 2625 1704 2703">
     <span class='ocr_line' id='line_1_28' title="bbox 94 2625 1704 2703; baseline -0.007 -14"><span class='ocrx_word' id='word_1_215' title='bbox 94 2635 319 2690; x_wconf 77' lang='grc' dir='ltr'>αὐτῶν</span> <span class='ocrx_word' id='word_1_216' title='bbox 357 2633 745 2703; x_wconf 76' lang='grc' dir='ltr'>ἐκάμμυσαν,</span> <span class='ocrx_word' id='word_1_217' title='bbox 788 2632 886 2685; x_wconf 81' lang='grc' dir='ltr'>καὶ</span> <span class='ocrx_word' id='word_1_218' title='bbox 928 2630 1052 2697; x_wconf 78' lang='grc' dir='ltr'>τοῖς</span> <span class='ocrx_word' id='word_1_219' title='bbox 1100 2628 1208 2682; x_wconf 75' lang='grc' dir='ltr'><strong>ὠσὶ</strong></span> <span class='ocrx_word' id='word_1_220' title='bbox 1250 2626 1485 2695; x_wconf 80' lang='grc' dir='ltr'>βαρέως</span> <span class='ocrx_word' id='word_1_221' title='bbox 1523 2625 1704 2694; x_wconf 80' lang='grc' dir='ltr'>ἤχου-</span> 
     </span>
    </p>
   </div>
   <div class='ocr_carea' id='block_1_29' title="bbox 95 2716 1700 2796">
    <p class='ocr_par' dir='ltr' id='par_1_29' title="bbox 95 2716 1700 2796">
     <span class='ocr_line' id='line_1_29' title="bbox 95 2716 1700 2796; baseline -0.009 -14"><span class='ocrx_word' id='word_1_222' title='bbox 95 2744 259 2792; x_wconf 82' lang='grc' dir='ltr'>σαν,</span> <span class='ocrx_word' id='word_1_223' title='bbox 292 2724 378 2796; x_wconf 83' lang='grc' dir='ltr'>μή</span> <span class='ocrx_word' id='word_1_224' title='bbox 417 2740 561 2779; x_wconf 80' lang='grc' dir='ltr'>ποτε</span> <span class='ocrx_word' id='word_1_225' title='bbox 601 2722 1031 2792; x_wconf 73' lang='grc' dir='ltr'>ἑπιστρέψωσι,</span> <span class='ocrx_word' id='word_1_226' title='bbox 1060 2719 1157 2773; x_wconf 79' lang='grc' dir='ltr'>καὶ</span> <span class='ocrx_word' id='word_1_227' title='bbox 1186 2718 1435 2788; x_wconf 81' lang='grc' dir='ltr'>ὶάσωμαι</span> <span class='ocrx_word' id='word_1_228' title='bbox 1458 2716 1700 2781; x_wconf 83' lang='grc' dir='ltr'>αὐτούς.</span> 
     </span>
    </p>
   </div>
   <div class='ocr_carea' id='block_1_30' title="bbox 102 2808 1704 2885">
    <p class='ocr_par' dir='ltr' id='par_1_30' title="bbox 102 2808 1704 2885">
     <span class='ocr_line' id='line_1_30' title="bbox 102 2808 1704 2885; baseline -0.007 -13"><span class='ocrx_word' id='word_1_229' title='bbox 102 2820 219 2873; x_wconf 76' lang='grc' dir='ltr'><strong>Διὰ</strong></span> <span class='ocrx_word' id='word_1_230' title='bbox 249 2817 411 2871; x_wconf 90' lang='grc' dir='ltr'>τοῦτο</span> <span class='ocrx_word' id='word_1_231' title='bbox 438 2816 531 2870; x_wconf 77' lang='grc' dir='ltr'><strong>καὶ</strong></span> <span class='ocrx_word' id='word_1_232' title='bbox 562 2816 642 2869; x_wconf 76' lang='grc' dir='ltr'><strong>ἔτι</strong></span> <span class='ocrx_word' id='word_1_233' title='bbox 665 2816 883 2885; x_wconf 88' lang='grc' dir='ltr'>λέγεται</span> <span class='ocrx_word' id='word_1_234' title='bbox 908 2814 936 2866; x_wconf 86' lang='grc' dir='ltr'>ὁ</span> <span class='ocrx_word' id='word_1_235' title='bbox 962 2811 1136 2867; x_wconf 81' lang='grc' dir='ltr'>Σατὰν</span> <span class='ocrx_word' id='word_1_236' title='bbox 1170 2810 1477 2880; x_wconf 84' lang='grc' dir='ltr'>Ἐωσφόρος</span> <span class='ocrx_word' id='word_1_237' title='bbox 1495 2825 1508 2838; x_wconf 84' lang='grc'><strong>·</strong></span> <span class='ocrx_word' id='word_1_238' title='bbox 1533 2808 1627 2861; x_wconf 78' lang='grc' dir='ltr'><strong>καὶ</strong></span> <span class='ocrx_word' id='word_1_239' title='bbox 1645 2808 1704 2861; x_wconf 86' lang='grc' dir='ltr'><strong>ἐν</strong></span> 
     </span>
    </p>
   </div>
   <div class='ocr_carea' id='block_1_31' title="bbox 102 2901 1705 2980">
    <p class='ocr_par' dir='ltr' id='par_1_31' title="bbox 102 2901 1705 2980">
     <span class='ocr_line' id='line_1_31' title="bbox 102 2901 1705 2980; baseline -0.008 -15"><span class='ocrx_word' id='word_1_240' title='bbox 102 2912 505 2980; x_wconf 71' lang='grc' dir='ltr'>Εὑαγγελίοιςο</span> <span class='ocrx_word' id='word_1_241' title='bbox 560 2907 888 2977; x_wconf 78' lang='grc' dir='ltr'>Ἐθεώρουν</span> <span class='ocrx_word' id='word_1_242' title='bbox 912 2904 1019 2959; x_wconf 83' lang='grc' dir='ltr'>τὸν</span> <span class='ocrx_word' id='word_1_243' title='bbox 1061 2901 1339 2958; x_wconf 78' lang='grc' dir='ltr'>Σατανᾶν</span> <span class='ocrx_word' id='word_1_244' title='bbox 1379 2903 1459 2969; x_wconf 87' lang='grc' dir='ltr'>ὡς</span> <span class='ocrx_word' id='word_1_245' title='bbox 1482 2902 1705 2967; x_wconf 81' lang='grc' dir='ltr'>ἀστρα-</span> 
     </span>
    </p>
   </div>
   <div class='ocr_carea' id='block_1_32' title="bbox 99 2990 1705 3072">
    <p class='ocr_par' dir='ltr' id='par_1_32' title="bbox 99 2990 1705 3072">
     <span class='ocr_line' id='line_1_32' title="bbox 99 2990 1705 3072; baseline -0.009 -14"><span class='ocrx_word' id='word_1_246' title='bbox 99 3004 245 3072; x_wconf 78' lang='grc' dir='ltr'><strong>πὴν</strong></span> <span class='ocrx_word' id='word_1_247' title='bbox 276 3004 348 3056; x_wconf 78' lang='grc' dir='ltr'>ἐκ</span> <span class='ocrx_word' id='word_1_248' title='bbox 381 3003 487 3057; x_wconf 86' lang='grc' dir='ltr'><strong>τοῦ</strong></span> <span class='ocrx_word' id='word_1_249' title='bbox 516 2999 774 3070; x_wconf 71' lang='grc' dir='ltr'>οὐρανοῦ</span> <span class='ocrx_word' id='word_1_250' title='bbox 801 2997 1086 3052; x_wconf 79' lang='grc' dir='ltr'>πεσόντα.</span> <span class='ocrx_word' id='word_1_251' title='bbox 1114 2996 1251 3067; x_wconf 73' lang='grc' dir='ltr'>Περὶ</span> <span class='ocrx_word' id='word_1_252' title='bbox 1292 2993 1401 3065; x_wconf 86' lang='grc' dir='ltr'>γὰρ</span> <span class='ocrx_word' id='word_1_253' title='bbox 1427 2993 1525 3063; x_wconf 85' lang='grc' dir='ltr'><strong>τὴν</strong></span> <span class='ocrx_word' id='word_1_254' title='bbox 1552 2990 1705 3057; x_wconf 78' lang='grc' dir='ltr'>τάξιν</span> 
     </span>
    </p>
   </div>
   <div class='ocr_carea' id='block_1_33' title="bbox 102 3084 1706 3167">
    <p class='ocr_par' dir='ltr' id='par_1_33' title="bbox 102 3084 1706 3167">
     <span class='ocr_line' id='line_1_33' title="bbox 102 3084 1706 3167; baseline -0.008 -17"><span class='ocrx_word' id='word_1_255' title='bbox 102 3095 302 3150; x_wconf 81' lang='grc' dir='ltr'>αὐτῶν</span> <span class='ocrx_word' id='word_1_256' title='bbox 343 3097 443 3167; x_wconf 88' lang='grc' dir='ltr'><strong>τὴν</strong></span> <span class='ocrx_word' id='word_1_257' title='bbox 474 3092 771 3164; x_wconf 76' lang='grc' dir='ltr'>ἀγγελικὴν</span> <span class='ocrx_word' id='word_1_258' title='bbox 806 3091 900 3145; x_wconf 74' lang='grc' dir='ltr'><strong>καὶ</strong></span> <span class='ocrx_word' id='word_1_259' title='bbox 927 3087 1190 3159; x_wconf 87' lang='grc' dir='ltr'>φωτοειδῆ</span> <span class='ocrx_word' id='word_1_260' title='bbox 1232 3088 1332 3159; x_wconf 89' lang='grc' dir='ltr'><strong>τὴν</strong></span> <span class='ocrx_word' id='word_1_261' title='bbox 1360 3084 1586 3152; x_wconf 80' lang='grc' dir='ltr'>ἀταξίαν</span> <span class='ocrx_word' id='word_1_262' title='bbox 1610 3084 1706 3137; x_wconf 74' lang='grc' dir='ltr'>καὶ</span> 
     </span>
    </p>
   </div>
   <div class='ocr_carea' id='block_1_34' title="bbox 102 3174 1704 3259">
    <p class='ocr_par' dir='ltr' id='par_1_34' title="bbox 102 3174 1704 3259">
     <span class='ocr_line' id='line_1_34' title="bbox 102 3174 1704 3259; baseline -0.007 -18"><span class='ocrx_word' id='word_1_263' title='bbox 102 3188 212 3259; x_wconf 83' lang='grc' dir='ltr'><strong>τὴν</strong></span> <span class='ocrx_word' id='word_1_264' title='bbox 240 3186 447 3257; x_wconf 80' lang='grc' dir='ltr'>φθορὰν</span> <span class='ocrx_word' id='word_1_265' title='bbox 473 3186 627 3257; x_wconf 79' lang='grc' dir='ltr'>ἔσχον</span> <span class='ocrx_word' id='word_1_266' title='bbox 666 3186 732 3237; x_wconf 84' lang='grc' dir='ltr'><strong>ἐκ</strong></span> <span class='ocrx_word' id='word_1_267' title='bbox 776 3182 1169 3253; x_wconf 82' lang='grc' dir='ltr'>προαιρέσεως,</span> <span class='ocrx_word' id='word_1_268' title='bbox 1202 3176 1384 3242; x_wconf 89' lang='grc' dir='ltr'>καθὼς</span> <span class='ocrx_word' id='word_1_269' title='bbox 1426 3176 1518 3229; x_wconf 75' lang='grc' dir='ltr'><strong>καὶ</strong></span> <span class='ocrx_word' id='word_1_270' title='bbox 1556 3174 1704 3246; x_wconf 82' lang='grc' dir='ltr'>παρὰ</span> 
     </span>
    </p>
   </div>
   <div class='ocr_carea' id='block_1_35' title="bbox 102 3264 1704 3350">
    <p class='ocr_par' dir='ltr' id='par_1_35' title="bbox 102 3264 1704 3350">
     <span class='ocr_line' id='line_1_35' title="bbox 102 3264 1704 3350; baseline -0.009 -18"><span class='ocrx_word' id='word_1_271' title='bbox 102 3277 471 3350; x_wconf 78' lang='grc' dir='ltr'>τῷἹεζεκιὴλ</span> <span class='ocrx_word' id='word_1_272' title='bbox 488 3276 743 3348; x_wconf 78' lang='grc' dir='ltr'>εὓρηται·</span> <span class='ocrx_word' id='word_1_273' title='bbox 778 3272 1038 3343; x_wconf 68' lang='grc' dir='ltr'>Ἐερθάρη</span> <span class='ocrx_word' id='word_1_274' title='bbox 1058 3273 1094 3340; x_wconf 71' lang='grc' dir='ltr'>ἡ</span> <span class='ocrx_word' id='word_1_275' title='bbox 1113 3267 1411 3338; x_wconf 80' lang='grc' dir='ltr'>ἐπιστήμη</span> <span class='ocrx_word' id='word_1_276' title='bbox 1439 3283 1555 3321; x_wconf 91' lang='grc' dir='ltr'><strong>σου</strong></span> <span class='ocrx_word' id='word_1_277' title='bbox 1582 3264 1704 3320; x_wconf 86' lang='grc' dir='ltr'>σὺν</span> 
     </span>
    </p>
   </div>
   <div class='ocr_carea' id='block_1_36' title="bbox 106 3357 1705 3438">
    <p class='ocr_par' dir='ltr' id='par_1_36' title="bbox 106 3357 1705 3438">
     <span class='ocr_line' id='line_1_36' title="bbox 106 3357 1705 3438; baseline -0.011 -12"><span class='ocrx_word' id='word_1_278' title='bbox 106 3371 196 3437; x_wconf 81' lang='grc' dir='ltr'>τῷ</span> <span class='ocrx_word' id='word_1_279' title='bbox 221 3371 439 3424; x_wconf 64' lang='grc' dir='ltr'>κάλλει</span> <span class='ocrx_word' id='word_1_280' title='bbox 468 3385 607 3433; x_wconf 89' lang='grc' dir='ltr'>σου,</span> <span class='ocrx_word' id='word_1_281' title='bbox 635 3366 875 3438; x_wconf 82' lang='grc' dir='ltr'>δηλονότι</span> <span class='ocrx_word' id='word_1_282' title='bbox 895 3366 929 3435; x_wconf 87' lang='grc' dir='ltr'><strong>ἡ</strong></span> <span class='ocrx_word' id='word_1_283' title='bbox 953 3362 1245 3433; x_wconf 89' lang='grc' dir='ltr'>φωτοειδὴς</span> <span class='ocrx_word' id='word_1_284' title='bbox 1275 3360 1386 3427; x_wconf 75' lang='grc' dir='ltr'>ἕξις</span> <span class='ocrx_word' id='word_1_285' title='bbox 1414 3358 1507 3412; x_wconf 74' lang='grc' dir='ltr'>καὶ</span> <span class='ocrx_word' id='word_1_286' title='bbox 1545 3359 1578 3428; x_wconf 85' lang='grc' dir='ltr'><strong>ὴ</strong></span> <span class='ocrx_word' id='word_1_287' title='bbox 1606 3357 1705 3426; x_wconf 87' lang='grc' dir='ltr'>ἀγ-</span> 
     </span>
    </p>
   </div>
   <div class='ocr_carea' id='block_1_37' title="bbox 104 3447 1707 3533">
    <p class='ocr_par' dir='ltr' id='par_1_37' title="bbox 104 3447 1707 3533">
     <span class='ocr_line' id='line_1_37' title="bbox 104 3447 1707 3533; baseline -0.01 -17"><span class='ocrx_word' id='word_1_288' title='bbox 104 3461 508 3533; x_wconf 85' lang='grc' dir='ltr'>γελοπρέπεια.</span> <span class='ocrx_word' id='word_1_289' title='bbox 538 3459 663 3523; x_wconf 90' lang='grc' dir='ltr'>Πῶς</span> <span class='ocrx_word' id='word_1_290' title='bbox 689 3458 746 3510; x_wconf 87' lang='grc' dir='ltr'>δὲ</span> <span class='ocrx_word' id='word_1_291' title='bbox 766 3456 861 3509; x_wconf 91' lang='grc' dir='ltr'><strong>τοῦ</strong></span> <span class='ocrx_word' id='word_1_292' title='bbox 889 3456 961 3528; x_wconf 89' lang='grc' dir='ltr'><strong>μὴ</strong></span> <span class='ocrx_word' id='word_1_293' title='bbox 986 3455 1154 3518; x_wconf 82' lang='grc' dir='ltr'>ὅντως</span> <span class='ocrx_word' id='word_1_294' title='bbox 1178 3451 1472 3523; x_wconf 80' lang='grc' dir='ltr'>ἐφιέμενοι,</span> <span class='ocrx_word' id='word_1_295' title='bbox 1499 3447 1592 3503; x_wconf 91' lang='grc' dir='ltr'><strong>τοῦ</strong></span> <span class='ocrx_word' id='word_1_296' title='bbox 1616 3466 1707 3502; x_wconf 89' lang='grc' dir='ltr'>κα-</span> 
     </span>
    </p>
   </div>
   <div class='ocr_carea' id='block_1_38' title="bbox 106 3541 1706 3622">
    <p class='ocr_par' dir='ltr' id='par_1_38' title="bbox 106 3541 1706 3622">
     <span class='ocr_line' id='line_1_38' title="bbox 106 3541 1706 3622; baseline -0.011 -13"><span class='ocrx_word' id='word_1_297' title='bbox 106 3556 214 3610; x_wconf 86' lang='grc' dir='ltr'><strong>κοῦ</strong></span> <span class='ocrx_word' id='word_1_298' title='bbox 253 3554 529 3622; x_wconf 81' lang='grc' dir='ltr'>ἐφίενται,</span> <span class='ocrx_word' id='word_1_299' title='bbox 558 3551 592 3621; x_wconf 80' lang='grc' dir='ltr'><strong>ἢ</strong></span> <span class='ocrx_word' id='word_1_300' title='bbox 617 3549 895 3621; x_wconf 85' lang='grc' dir='ltr'>δηλονότι,</span> <span class='ocrx_word' id='word_1_301' title='bbox 930 3546 1156 3617; x_wconf 84' lang='grc' dir='ltr'>ἀλήθειά</span> <span class='ocrx_word' id='word_1_302' title='bbox 1198 3547 1346 3597; x_wconf 85' lang='grc' dir='ltr'>ἐστιν</span> <span class='ocrx_word' id='word_1_303' title='bbox 1376 3545 1404 3595; x_wconf 88' lang='grc' dir='ltr'>ὁ</span> <span class='ocrx_word' id='word_1_304' title='bbox 1433 3542 1564 3604; x_wconf 84' lang='grc' dir='ltr'>Θεὸς</span> <span class='ocrx_word' id='word_1_305' title='bbox 1610 3541 1706 3593; x_wconf 80' lang='grc' dir='ltr'><strong>καὶ</strong></span> 
     </span>
    </p>
   </div>
   <div class='ocr_carea' id='block_1_39' title="bbox 105 3632 1704 3714">
    <p class='ocr_par' dir='ltr' id='par_1_39' title="bbox 105 3632 1704 3714">
     <span class='ocr_line' id='line_1_39' title="bbox 105 3632 1704 3714; baseline -0.009 -14"><span class='ocrx_word' id='word_1_306' title='bbox 105 3648 213 3712; x_wconf 77' lang='grc' dir='ltr'><strong>ὃν;</strong></span> <span class='ocrx_word' id='word_1_307' title='bbox 256 3646 320 3699; x_wconf 83' lang='grc' dir='ltr'><strong>τὸ</strong></span> <span class='ocrx_word' id='word_1_308' title='bbox 361 3645 420 3698; x_wconf 86' lang='grc' dir='ltr'><strong>δέ</strong></span> <span class='ocrx_word' id='word_1_309' title='bbox 449 3646 512 3714; x_wconf 82' lang='grc' dir='ltr'>τῇ</span> <span class='ocrx_word' id='word_1_310' title='bbox 555 3641 782 3713; x_wconf 86' lang='grc' dir='ltr'>ἀληθείᾳ</span> <span class='ocrx_word' id='word_1_311' title='bbox 824 3638 1198 3708; x_wconf 82' lang='grc' dir='ltr'>ἀντικείμενον</span> <span class='ocrx_word' id='word_1_312' title='bbox 1230 3632 1423 3700; x_wconf 78' lang='grc' dir='ltr'>ψεῦδος</span> <span class='ocrx_word' id='word_1_313' title='bbox 1447 3672 1460 3697; x_wconf 89' lang='grc'><strong>,</strong></span> <span class='ocrx_word' id='word_1_314' title='bbox 1495 3632 1616 3686; x_wconf 74' lang='grc' dir='ltr'>οὔτε</span> <span class='ocrx_word' id='word_1_315' title='bbox 1645 3633 1704 3687; x_wconf 81' lang='grc' dir='ltr'>ὅν</span> 
     </span>
    </p>
   </div>
   <div class='ocr_carea' id='block_1_40' title="bbox 107 3724 1698 3805">
    <p class='ocr_par' dir='ltr' id='par_1_40' title="bbox 107 3724 1698 3805">
     <span class='ocr_line' id='line_1_40' title="bbox 107 3724 1698 3805; baseline -0.009 -13"><span class='ocrx_word' id='word_1_316' title='bbox 107 3743 290 3803; x_wconf 81' lang='grc' dir='ltr'>ἐστιν,</span> <span class='ocrx_word' id='word_1_317' title='bbox 310 3735 415 3801; x_wconf 77' lang='grc' dir='ltr'>ἔξω</span> <span class='ocrx_word' id='word_1_318' title='bbox 437 3734 546 3805; x_wconf 81' lang='grc' dir='ltr'><strong>γὰρ</strong></span> <span class='ocrx_word' id='word_1_319' title='bbox 574 3733 669 3786; x_wconf 89' lang='grc' dir='ltr'><strong>τοῦ</strong></span> <span class='ocrx_word' id='word_1_320' title='bbox 702 3732 837 3785; x_wconf 87' lang='grc' dir='ltr'>Θεοῦ</span> <span class='ocrx_word' id='word_1_321' title='bbox 869 3728 1169 3793; x_wconf 82' lang='grc' dir='ltr'>παντελῶς,</span> <span class='ocrx_word' id='word_1_322' title='bbox 1211 3725 1336 3779; x_wconf 70' lang='grc' dir='ltr'>οὔτε</span> <span class='ocrx_word' id='word_1_323' title='bbox 1375 3724 1539 3779; x_wconf 83' lang='grc' dir='ltr'>εἰκὼν</span> <span class='ocrx_word' id='word_1_324' title='bbox 1567 3725 1698 3798; x_wconf 87' lang='grc' dir='ltr'>ἀλη-</span> 
     </span>
    </p>
   </div>
   <div class='ocr_carea' id='block_1_41' title="bbox 107 3815 1711 3897">
    <p class='ocr_par' dir='ltr' id='par_1_41' title="bbox 107 3815 1711 3897">
     <span class='ocr_line' id='line_1_41' title="bbox 107 3815 1711 3897; baseline -0.01 -13"><span class='ocrx_word' id='word_1_325' title='bbox 107 3831 292 3893; x_wconf 83' lang='grc' dir='ltr'>θείας.</span> <span class='ocrx_word' id='word_1_326' title='bbox 327 3826 547 3897; x_wconf 79' lang='grc' dir='ltr'>Ἐπειδὴ</span> <span class='ocrx_word' id='word_1_327' title='bbox 568 3826 622 3878; x_wconf 79' lang='grc' dir='ltr'>δὲ</span> <span class='ocrx_word' id='word_1_328' title='bbox 650 3824 827 3878; x_wconf 82' lang='grc' dir='ltr'>πείθει</span> <span class='ocrx_word' id='word_1_329' title='bbox 856 3820 1008 3885; x_wconf 86' lang='grc' dir='ltr'>τινάς</span> <span class='ocrx_word' id='word_1_330' title='bbox 1034 3815 1172 3872; x_wconf 75' lang='grc' dir='ltr'>εἷναί</span> <span class='ocrx_word' id='word_1_331' title='bbox 1213 3835 1286 3885; x_wconf 92' lang='grc' dir='ltr'><strong>τι,</strong></span> <span class='ocrx_word' id='word_1_332' title='bbox 1320 3816 1470 3871; x_wconf 80' lang='grc' dir='ltr'>ἔσται</span> <span class='ocrx_word' id='word_1_333' title='bbox 1501 3834 1711 3869; x_wconf 81' lang='grc' dir='ltr'>σκοτει-</span> 
     </span>
    </p>
   </div>
   <div class='ocr_carea' id='block_1_42' title="bbox 105 3908 1709 3990">
    <p class='ocr_par' dir='ltr' id='par_1_42' title="bbox 105 3908 1709 3990">
     <span class='ocr_line' id='line_1_42' title="bbox 105 3908 1709 3990; baseline -0.011 -12"><span class='ocrx_word' id='word_1_334' title='bbox 105 3924 205 3979; x_wconf 81' lang='grc' dir='ltr'><strong>νὸν</strong></span> <span class='ocrx_word' id='word_1_335' title='bbox 233 3922 328 3974; x_wconf 75' lang='grc' dir='ltr'>καὶ</span> <span class='ocrx_word' id='word_1_336' title='bbox 352 3918 590 3990; x_wconf 80' lang='grc' dir='ltr'>ἀμυδρὸν</span> <span class='ocrx_word' id='word_1_337' title='bbox 622 3915 732 3971; x_wconf 90' lang='grc' dir='ltr'><strong>τῶν</strong></span> <span class='ocrx_word' id='word_1_338' title='bbox 753 3912 1001 3969; x_wconf 85' lang='grc' dir='ltr'>ὁπωσοῦν</span> <span class='ocrx_word' id='word_1_339' title='bbox 1026 3910 1196 3964; x_wconf 79' lang='grc' dir='ltr'>ὄντων</span> <span class='ocrx_word' id='word_1_340' title='bbox 1220 3909 1437 3963; x_wconf 81' lang='grc' dir='ltr'>εἴδωλον</span> <span class='ocrx_word' id='word_1_341' title='bbox 1455 3926 1469 3939; x_wconf 81' lang='grc'><em>’</em></span> <span class='ocrx_word' id='word_1_342' title='bbox 1500 3908 1586 3962; x_wconf 86' lang='grc' dir='ltr'><strong>διὸ</strong></span> <span class='ocrx_word' id='word_1_343' title='bbox 1615 3910 1709 3961; x_wconf 64' lang='grc' dir='ltr'><strong>καὶ⁹</strong></span> 
     </span>
    </p>
   </div>
   <div class='ocr_carea' id='block_1_43' title="bbox 107 4000 1711 4085">
    <p class='ocr_par' dir='ltr' id='par_1_43' title="bbox 107 4000 1711 4085">
     <span class='ocr_line' id='line_1_43' title="bbox 107 4000 1711 4085; baseline -0.01 -17"><span class='ocrx_word' id='word_1_344' title='bbox 107 4013 377 4085; x_wconf 79' lang='grc' dir='ltr'>ἐνεργείᾳ</span> <span class='ocrx_word' id='word_1_345' title='bbox 401 4012 549 4064; x_wconf 75' lang='grc' dir='ltr'>ἐστὶν</span> <span class='ocrx_word' id='word_1_346' title='bbox 574 4008 793 4062; x_wconf 75' lang='grc' dir='ltr'>εἴδωλον</span> <span class='ocrx_word' id='word_1_347' title='bbox 815 4048 830 4073; x_wconf 95' lang='grc'><strong>,</strong></span> <span class='ocrx_word' id='word_1_348' title='bbox 863 4006 957 4059; x_wconf 76' lang='grc' dir='ltr'>καὶ</span> <span class='ocrx_word' id='word_1_349' title='bbox 987 4002 1237 4075; x_wconf 75' lang='grc' dir='ltr'>ἐνεργείᾳ</span> <span class='ocrx_word' id='word_1_350' title='bbox 1276 4001 1490 4071; x_wconf 80' lang='grc' dir='ltr'>ψεῦδος,</span> <span class='ocrx_word' id='word_1_351' title='bbox 1522 4000 1711 4053; x_wconf 85' lang='grc' dir='ltr'>τουτέ-</span> 
     </span>
    </p>
   </div>
   <div class='ocr_carea' id='block_1_44' title="bbox 111 4089 1711 4173">
    <p class='ocr_par' dir='ltr' id='par_1_44' title="bbox 111 4089 1711 4173">
     <span class='ocr_line' id='line_1_44' title="bbox 111 4089 1711 4173; baseline -0.011 -14"><span class='ocrx_word' id='word_1_352' title='bbox 111 4122 238 4159; x_wconf 85' lang='grc' dir='ltr'>στιν</span> <span class='ocrx_word' id='word_1_353' title='bbox 267 4101 538 4173; x_wconf 80' lang='grc' dir='ltr'>ἀληθινῶς</span> <span class='ocrx_word' id='word_1_354' title='bbox 565 4101 660 4154; x_wconf 74' lang='grc' dir='ltr'><strong>καὶ</strong></span> <span class='ocrx_word' id='word_1_355' title='bbox 700 4098 867 4162; x_wconf 79' lang='grc' dir='ltr'>ὅντως</span> <span class='ocrx_word' id='word_1_356' title='bbox 898 4094 1091 4167; x_wconf 73' lang='grc' dir='ltr'>ψεῦδος</span> <span class='ocrx_word' id='word_1_357' title='bbox 1117 4134 1132 4159; x_wconf 90' lang='grc'><strong>,</strong></span> <span class='ocrx_word' id='word_1_358' title='bbox 1178 4093 1299 4146; x_wconf 80' lang='grc' dir='ltr'>ὅθεν</span> <span class='ocrx_word' id='word_1_359' title='bbox 1330 4092 1423 4145; x_wconf 68' lang='grc' dir='ltr'><strong>καὶ</strong></span> <span class='ocrx_word' id='word_1_360' title='bbox 1461 4089 1711 4162; x_wconf 72' lang='grc' dir='ltr'>ἐνεργείᾳ</span> 
     </span>
    </p>
   </div>
   <div class='ocr_carea' id='block_1_45' title="bbox 114 4181 1711 4269">
    <p class='ocr_par' dir='ltr' id='par_1_45' title="bbox 114 4181 1711 4269">
     <span class='ocr_line' id='line_1_45' title="bbox 114 4181 1711 4269; baseline -0.011 -21"><span class='ocrx_word' id='word_1_361' title='bbox 114 4197 198 4269; x_wconf 83' lang='grc' dir='ltr'><strong>μὴ</strong></span> <span class='ocrx_word' id='word_1_362' title='bbox 236 4196 318 4247; x_wconf 85' lang='grc' dir='ltr'>ὃν.</span> <span class='ocrx_word' id='word_1_363' title='bbox 347 4194 556 4263; x_wconf 81' lang='grc' dir='ltr'>Ὥσπερ</span> <span class='ocrx_word' id='word_1_364' title='bbox 582 4188 671 4245; x_wconf 77' lang='grc' dir='ltr'>οὖν</span> <span class='ocrx_word' id='word_1_365' title='bbox 694 4191 786 4243; x_wconf 71' lang='grc' dir='ltr'><strong>ἐπὶ</strong></span> <span class='ocrx_word' id='word_1_366' title='bbox 822 4187 931 4242; x_wconf 89' lang='grc' dir='ltr'><strong>τῶν</strong></span> <span class='ocrx_word' id='word_1_367' title='bbox 972 4184 1182 4257; x_wconf 72' lang='grc' dir='ltr'>ψευδῶς</span> <span class='ocrx_word' id='word_1_368' title='bbox 1211 4184 1380 4237; x_wconf 79' lang='grc' dir='ltr'>ὄντων</span> <span class='ocrx_word' id='word_1_369' title='bbox 1420 4182 1481 4235; x_wconf 88' lang='grc' dir='ltr'><strong>τὸ</strong></span> <span class='ocrx_word' id='word_1_370' title='bbox 1515 4181 1711 4269; x_wconf 75' lang='grc' dir='ltr'>ψεῦδος</span> 
     </span>
    </p>
   </div>
   <div class='ocr_carea' id='block_1_46' title="bbox 111 4268 1708 4354">
    <p class='ocr_par' dir='ltr' id='par_1_46' title="bbox 111 4268 1708 4354">
     <span class='ocr_line' id='line_1_46' title="bbox 111 4268 1708 4354; baseline -0.013 -15"><span class='ocrx_word' id='word_1_371' title='bbox 111 4282 431 4354; x_wconf 84' lang='grc' dir='ltr'>ἀναιρεθὲν,</span> <span class='ocrx_word' id='word_1_372' title='bbox 461 4283 640 4335; x_wconf 77' lang='grc' dir='ltr'>πᾶσαν</span> <span class='ocrx_word' id='word_1_373' title='bbox 666 4280 766 4350; x_wconf 91' lang='grc' dir='ltr'><strong>τὴν</strong></span> <span class='ocrx_word' id='word_1_374' title='bbox 792 4276 976 4331; x_wconf 81' lang='grc' dir='ltr'>οὐσίαν</span> <span class='ocrx_word' id='word_1_375' title='bbox 1003 4272 1097 4327; x_wconf 90' lang='grc' dir='ltr'><strong>τοῦ</strong></span> <span class='ocrx_word' id='word_1_376' title='bbox 1131 4272 1453 4343; x_wconf 88' lang='grc' dir='ltr'>πράγματος</span> <span class='ocrx_word' id='word_1_377' title='bbox 1478 4268 1708 4338; x_wconf 86' lang='grc' dir='ltr'>ἀναιρεῖ·</span> 
     </span>
    </p>
   </div>
   <div class='ocr_carea' id='block_1_47' title="bbox 110 4356 1714 4441">
    <p class='ocr_par' dir='ltr' id='par_1_47' title="bbox 110 4356 1714 4441">
     <span class='ocr_line' id='line_1_47' title="bbox 110 4356 1714 4441; baseline -0.012 -11"><span class='ocrx_word' id='word_1_378' title='bbox 110 4377 269 4431; x_wconf 74' lang='grc' dir='ltr'>οὕτω</span> <span class='ocrx_word' id='word_1_379' title='bbox 299 4375 393 4427; x_wconf 74' lang='grc' dir='ltr'><strong>καὶ</strong></span> <span class='ocrx_word' id='word_1_380' title='bbox 420 4376 448 4426; x_wconf 85' lang='grc' dir='ltr'>ὁ</span> <span class='ocrx_word' id='word_1_381' title='bbox 473 4372 567 4425; x_wconf 87' lang='grc' dir='ltr'><strong>τοῦ</strong></span> <span class='ocrx_word' id='word_1_382' title='bbox 598 4370 824 4441; x_wconf 79' lang='grc' dir='ltr'>ψεύδους</span> <span class='ocrx_word' id='word_1_383' title='bbox 852 4366 1014 4439; x_wconf 85' lang='grc' dir='ltr'>ἐρῶν,</span> <span class='ocrx_word' id='word_1_384' title='bbox 1045 4366 1121 4428; x_wconf 89' lang='grc' dir='ltr'>ὼς</span> <span class='ocrx_word' id='word_1_385' title='bbox 1145 4365 1194 4416; x_wconf 83' lang='grc' dir='ltr'>οἱ</span> <span class='ocrx_word' id='word_1_386' title='bbox 1221 4362 1494 4432; x_wconf 89' lang='grc' dir='ltr'>δαίμονες,</span> <span class='ocrx_word' id='word_1_387' title='bbox 1520 4358 1613 4411; x_wconf 90' lang='grc' dir='ltr'><strong>τοῦ</strong></span> <span class='ocrx_word' id='word_1_388' title='bbox 1639 4356 1714 4428; x_wconf 90' lang='grc' dir='ltr'><strong>μὴ</strong></span> 
     </span>
    </p>
   </div>
   <div class='ocr_carea' id='block_1_48' title="bbox 113 4449 1712 4539">
    <p class='ocr_par' dir='ltr' id='par_1_48' title="bbox 113 4449 1712 4539">
     <span class='ocr_line' id='line_1_48' title="bbox 113 4449 1712 4539; baseline -0.013 -17"><span class='ocrx_word' id='word_1_389' title='bbox 113 4470 277 4531; x_wconf 71' lang='grc' dir='ltr'>ὄντος</span> <span class='ocrx_word' id='word_1_390' title='bbox 305 4468 408 4539; x_wconf 78' lang='grc' dir='ltr'>ἐρᾷ</span> <span class='ocrx_word' id='word_1_391' title='bbox 432 4507 447 4530; x_wconf 95' lang='grc'><strong>,</strong></span> <span class='ocrx_word' id='word_1_392' title='bbox 475 4465 569 4517; x_wconf 71' lang='grc' dir='ltr'><strong>καὶ</strong></span> <span class='ocrx_word' id='word_1_393' title='bbox 600 4465 658 4516; x_wconf 85' lang='grc' dir='ltr'><strong>ἐν</strong></span> <span class='ocrx_word' id='word_1_394' title='bbox 688 4460 765 4532; x_wconf 83' lang='grc' dir='ltr'>τῷ</span> <span class='ocrx_word' id='word_1_395' title='bbox 804 4459 938 4524; x_wconf 80' lang='grc' dir='ltr'>ὖντι,</span> <span class='ocrx_word' id='word_1_396' title='bbox 960 4456 1238 4510; x_wconf 79' lang='grc' dir='ltr'>τουτέστιν</span> <span class='ocrx_word' id='word_1_397' title='bbox 1277 4456 1335 4507; x_wconf 86' lang='grc' dir='ltr'><strong>ἐν</strong></span> <span class='ocrx_word' id='word_1_398' title='bbox 1372 4455 1439 4523; x_wconf 81' lang='grc' dir='ltr'>τῇ</span> <span class='ocrx_word' id='word_1_399' title='bbox 1465 4449 1712 4521; x_wconf 75' lang='grc' dir='ltr'>ἀληθείᾳ,</span> 
     </span>
    </p>
   </div>
   <div class='ocr_carea' id='block_1_49' title="bbox 114 4543 1792 4634">
    <p class='ocr_par' dir='ltr' id='par_1_49' title="bbox 114 4543 1792 4634">
     <span class='ocr_line' id='line_1_49' title="bbox 114 4543 1792 4634; baseline -0.013 -19"><span class='ocrx_word' id='word_1_400' title='bbox 114 4563 225 4633; x_wconf 76' lang='grc' dir='ltr'><strong>οὐχ</strong></span> <span class='ocrx_word' id='word_1_401' title='bbox 257 4561 514 4631; x_wconf 74' lang='grc' dir='ltr'>ἕστηκεν.</span> <span class='ocrx_word' id='word_1_402' title='bbox 558 4557 620 4610; x_wconf 89' lang='grc' dir='ltr'><strong>Οἱ</strong></span> <span class='ocrx_word' id='word_1_403' title='bbox 648 4551 741 4609; x_wconf 82' lang='grc' dir='ltr'><strong>οῦν</strong></span> <span class='ocrx_word' id='word_1_404' title='bbox 767 4553 1040 4624; x_wconf 85' lang='grc' dir='ltr'>δαίμονες,</span> <span class='ocrx_word' id='word_1_405' title='bbox 1068 4548 1212 4603; x_wconf 86' lang='grc' dir='ltr'><strong>καθά</strong></span> <span class='ocrx_word' id='word_1_406' title='bbox 1238 4563 1399 4619; x_wconf 90' lang='grc' dir='ltr'>φησιν</span> <span class='ocrx_word' id='word_1_407' title='bbox 1425 4548 1454 4599; x_wconf 83' lang='grc' dir='ltr'>ὁ</span> <span class='ocrx_word' id='word_1_408' title='bbox 1490 4543 1713 4614; x_wconf 85' lang='grc' dir='ltr'>Κύριος,</span> <span class='ocrx_word' id='word_1_409' title='bbox 1745 4579 1792 4634; x_wconf 79' lang='lat' dir='ltr'><strong>D</strong></span> 
     </span>
    </p>
   </div>
   <div class='ocr_carea' id='block_1_50' title="bbox 114 4635 1715 4726">
    <p class='ocr_par' dir='ltr' id='par_1_50' title="bbox 114 4635 1715 4726">
     <span class='ocr_line' id='line_1_50' title="bbox 114 4635 1715 4726; baseline -0.014 -17"><span class='ocrx_word' id='word_1_410' title='bbox 114 4656 356 4726; x_wconf 65' lang='grc' dir='ltr'>ψεῦσται</span> <span class='ocrx_word' id='word_1_411' title='bbox 382 4651 554 4713; x_wconf 76' lang='grc' dir='ltr'>ὄντες,</span> <span class='ocrx_word' id='word_1_412' title='bbox 572 4651 665 4702; x_wconf 73' lang='grc' dir='ltr'><strong>καὶ</strong></span> <span class='ocrx_word' id='word_1_413' title='bbox 688 4646 922 4717; x_wconf 85' lang='grc' dir='ltr'>πατέρες</span> <span class='ocrx_word' id='word_1_414' title='bbox 947 4642 1042 4696; x_wconf 91' lang='grc' dir='ltr'><strong>τοῦ</strong></span> <span class='ocrx_word' id='word_1_415' title='bbox 1067 4640 1315 4712; x_wconf 75' lang='grc' dir='ltr'>ψεύδους,</span> <span class='ocrx_word' id='word_1_416' title='bbox 1338 4638 1433 4691; x_wconf 90' lang='grc' dir='ltr'><strong>τοῦ</strong></span> <span class='ocrx_word' id='word_1_417' title='bbox 1463 4636 1537 4709; x_wconf 85' lang='grc' dir='ltr'><strong>μὴ</strong></span> <span class='ocrx_word' id='word_1_418' title='bbox 1564 4635 1715 4700; x_wconf 79' lang='grc' dir='ltr'>ὄντος</span> 
     </span>
    </p>
   </div>
   <div class='ocr_carea' id='block_1_51' title="bbox 115 4740 992 4819">
    <p class='ocr_par' dir='ltr' id='par_1_51' title="bbox 115 4740 992 4819">
     <span class='ocr_line' id='line_1_51' title="bbox 115 4740 992 4819; baseline -0.014 -17"><span class='ocrx_word' id='word_1_419' title='bbox 115 4749 393 4819; x_wconf 77' lang='grc' dir='ltr'>ἐφίενται,</span> <span class='ocrx_word' id='word_1_420' title='bbox 418 4746 512 4799; x_wconf 72' lang='grc' dir='ltr'><strong>καὶ</strong></span> <span class='ocrx_word' id='word_1_421' title='bbox 532 4741 704 4796; x_wconf 87' lang='grc' dir='ltr'>κακοῦ</span> <span class='ocrx_word' id='word_1_422' title='bbox 730 4740 992 4809; x_wconf 89' lang='grc' dir='ltr'>ἐφίενται.</span> 
     </span>
    </p>
   </div>
   <div class='ocr_carea' id='block_1_52' title="bbox 120 4822 1754 4906">
    <p class='ocr_par' dir='ltr' id='par_1_52' title="bbox 120 4822 1754 4906">
     <span class='ocr_line' id='line_1_52' title="bbox 120 4822 1754 4906; baseline -0.015 -11"><span class='ocrx_word' id='word_1_423' title='bbox 120 4850 297 4896; x_wconf 79' lang='lat' dir='ltr'><strong>tenue</strong></span> <span class='ocrx_word' id='word_1_424' title='bbox 318 4852 500 4892; x_wconf 90' lang='lat' dir='ltr'><strong>rerum</strong></span> <span class='ocrx_word' id='word_1_425' title='bbox 520 4848 737 4906; x_wconf 87' lang='lat' dir='ltr'><strong>quoquo</strong></span> <span class='ocrx_word' id='word_1_426' title='bbox 762 4831 925 4887; x_wconf 91' lang='lat' dir='ltr'><strong>modo</strong></span> <span class='ocrx_word' id='word_1_427' title='bbox 947 4826 1334 4885; x_wconf 81' lang='lat' dir='ltr'><strong>exsistcntium</strong></span> <span class='ocrx_word' id='word_1_428' title='bbox 1364 4822 1754 4881; x_wconf 87' lang='lat' dir='ltr'><strong>simulacrum;</strong></span> 
     </span>
    </p>
   </div>
   <div class='ocr_carea' id='block_1_53' title="bbox 1804 565 3374 636">
    <p class='ocr_par' dir='ltr' id='par_1_53' title="bbox 1804 565 3374 636">
     <span class='ocr_line' id='line_1_53' title="bbox 1804 565 3374 636; baseline -0.006 -10"><span class='ocrx_word' id='word_1_429' title='bbox 1804 588 1932 626; x_wconf 90' lang='lat' dir='ltr'><strong>num</strong></span> <span class='ocrx_word' id='word_1_430' title='bbox 1983 581 2068 628; x_wconf 87' lang='lat' dir='ltr'><strong>est</strong></span> <span class='ocrx_word' id='word_1_431' title='bbox 2121 571 2560 628; x_wconf 84' lang='lat' dir='ltr'><strong>conservativum</strong></span> <span class='ocrx_word' id='word_1_432' title='bbox 2611 568 2934 636; x_wconf 86' lang='lat' dir='ltr'><strong>identitatis,</strong></span> <span class='ocrx_word' id='word_1_433' title='bbox 2983 569 3130 623; x_wconf 90' lang='lat' dir='ltr'><strong>sicut</strong></span> <span class='ocrx_word' id='word_1_434' title='bbox 3173 565 3374 620; x_wconf 87' lang='lat' dir='ltr'><strong>malum</strong></span> 
     </span>
    </p>
   </div>
   <div class='ocr_carea' id='block_1_54' title="bbox 1802 657 3371 731">
    <p class='ocr_par' dir='ltr' id='par_1_54' title="bbox 1802 657 3371 731">
     <span class='ocr_line' id='line_1_54' title="bbox 1802 657 3371 731; baseline -0.006 -13"><span class='ocrx_word' id='word_1_435' title='bbox 1802 665 2212 720; x_wconf 81' lang='lat' dir='ltr'><strong>destructivum.</strong></span> <span class='ocrx_word' id='word_1_436' title='bbox 2249 664 2407 731; x_wconf 83' lang='lat' dir='ltr'><strong>Quod</strong></span> <span class='ocrx_word' id='word_1_437' title='bbox 2455 664 2503 719; x_wconf 91' lang='lat' dir='ltr'><strong>si</strong></span> <span class='ocrx_word' id='word_1_438' title='bbox 2548 677 2660 717; x_wconf 88' lang='lat' dir='ltr'><strong>non</strong></span> <span class='ocrx_word' id='word_1_439' title='bbox 2710 675 2927 730; x_wconf 87' lang='lat' dir='ltr'><strong>semper</strong></span> <span class='ocrx_word' id='word_1_440' title='bbox 2972 658 3097 714; x_wconf 89' lang='lat' dir='ltr'><strong>mali</strong></span> <span class='ocrx_word' id='word_1_441' title='bbox 3147 657 3371 721; x_wconf 90' lang='lat' dir='ltr'><strong>fuerint,</strong></span> 
     </span>
    </p>
   </div>
   <div class='ocr_carea' id='block_1_55' title="bbox 1801 755 3379 825">
    <p class='ocr_par' dir='ltr' id='par_1_55' title="bbox 1801 755 3379 825">
     <span class='ocr_line' id='line_1_55' title="bbox 1801 755 3379 825; baseline -0.004 -13"><span class='ocrx_word' id='word_1_442' title='bbox 1801 771 1924 812; x_wconf 88' lang='lat' dir='ltr'><strong>cum</strong></span> <span class='ocrx_word' id='word_1_443' title='bbox 1961 759 2304 825; x_wconf 87' lang='lat' dir='ltr'><strong>reperiantur</strong></span> <span class='ocrx_word' id='word_1_444' title='bbox 2333 757 2458 813; x_wconf 90' lang='lat' dir='ltr'><strong>boni</strong></span> <span class='ocrx_word' id='word_1_445' title='bbox 2487 770 2612 811; x_wconf 87' lang='lat' dir='ltr'><strong>esse</strong></span> <span class='ocrx_word' id='word_1_446' title='bbox 2642 755 2837 816; x_wconf 89' lang='lat' dir='ltr'><strong>creati,</strong></span> <span class='ocrx_word' id='word_1_447' title='bbox 2874 767 2983 808; x_wconf 89' lang='lat' dir='ltr'><strong>non</strong></span> <span class='ocrx_word' id='word_1_448' title='bbox 3026 759 3155 806; x_wconf 86' lang='lat' dir='ltr'><strong>sunt</strong></span> <span class='ocrx_word' id='word_1_449' title='bbox 3182 759 3379 805; x_wconf 87' lang='lat' dir='ltr'><strong>natura</strong></span> 
     </span>
    </p>
   </div>
   <div class='ocr_carea' id='block_1_56' title="bbox 1801 843 3379 918">
    <p class='ocr_par' dir='ltr' id='par_1_56' title="bbox 1801 843 3379 918">
     <span class='ocr_line' id='line_1_56' title="bbox 1801 843 3379 918; baseline -0.004 -15"><span class='ocrx_word' id='word_1_450' title='bbox 1801 849 1965 913; x_wconf 88' lang='lat' dir='ltr'><strong>mali,</strong></span> <span class='ocrx_word' id='word_1_451' title='bbox 2007 849 2099 904; x_wconf 90' lang='lat' dir='ltr'><strong>sed</strong></span> <span class='ocrx_word' id='word_1_452' title='bbox 2134 859 2403 918; x_wconf 91' lang='lat' dir='ltr'><strong>quatenus</strong></span> <span class='ocrx_word' id='word_1_453' title='bbox 2447 857 2575 903; x_wconf 90' lang='lat' dir='ltr'><strong>sunt</strong></span> <span class='ocrx_word' id='word_1_454' title='bbox 2624 855 2680 900; x_wconf 88' lang='lat' dir='ltr'><strong>et</strong></span> <span class='ocrx_word' id='word_1_455' title='bbox 2726 846 2916 899; x_wconf 86' lang='lat' dir='ltr'><strong>vivunt</strong></span> <span class='ocrx_word' id='word_1_456' title='bbox 2963 853 3019 900; x_wconf 92' lang='lat' dir='ltr'><strong>et</strong></span> <span class='ocrx_word' id='word_1_457' title='bbox 3066 843 3379 912; x_wconf 80' lang='lat' dir='ltr'><strong>intelligunt</strong></span> 
     </span>
    </p>
   </div>
   <div class='ocr_carea' id='block_1_57' title="bbox 1797 936 3380 1009">
    <p class='ocr_par' dir='ltr' id='par_1_57' title="bbox 1797 936 3380 1009">
     <span class='ocr_line' id='line_1_57' title="bbox 1797 936 3380 1009; baseline -0.002 -18"><span class='ocrx_word' id='word_1_458' title='bbox 1797 940 2095 1009; x_wconf 71' lang='lat' dir='ltr'><strong>participes</strong></span> <span class='ocrx_word' id='word_1_459' title='bbox 2124 950 2253 993; x_wconf 91' lang='lat' dir='ltr'><strong>sunt</strong></span> <span class='ocrx_word' id='word_1_460' title='bbox 2281 940 2427 1004; x_wconf 88' lang='lat' dir='ltr'><strong>boni,</strong></span> <span class='ocrx_word' id='word_1_461' title='bbox 2465 954 2626 1009; x_wconf 86' lang='lat' dir='ltr'><strong>quam</strong></span> <span class='ocrx_word' id='word_1_462' title='bbox 2654 937 2845 1007; x_wconf 77' lang='lat' dir='ltr'><strong>utique</strong></span> <span class='ocrx_word' id='word_1_463' title='bbox 2869 936 3037 991; x_wconf 90' lang='lat' dir='ltr'><strong>vitam</strong></span> <span class='ocrx_word' id='word_1_464' title='bbox 3070 937 3234 991; x_wconf 87' lang='lat' dir='ltr'><strong>etiam</strong></span> <span class='ocrx_word' id='word_1_465' title='bbox 3280 950 3380 1004; x_wconf 79' lang='lat' dir='ltr'><strong>ap-</strong></span> 
     </span>
    </p>
   </div>
   <div class='ocr_carea' id='block_1_58' title="bbox 1800 1026 3376 1105">
    <p class='ocr_par' dir='ltr' id='par_1_58' title="bbox 1800 1026 3376 1105">
     <span class='ocr_line' id='line_1_58' title="bbox 1800 1026 3376 1105; baseline -0.004 -17"><span class='ocrx_word' id='word_1_466' title='bbox 1800 1041 2021 1105; x_wconf 89' lang='lat' dir='ltr'><strong>petunt;</strong></span> <span class='ocrx_word' id='word_1_467' title='bbox 2050 1034 2143 1087; x_wconf 91' lang='lat' dir='ltr'><strong>sed</strong></span> <span class='ocrx_word' id='word_1_468' title='bbox 2167 1034 2421 1088; x_wconf 87' lang='lat' dir='ltr'><strong>dicuntur</strong></span> <span class='ocrx_word' id='word_1_469' title='bbox 2453 1031 2607 1097; x_wconf 88' lang='lat' dir='ltr'><strong>mali,</strong></span> <span class='ocrx_word' id='word_1_470' title='bbox 2631 1040 2900 1102; x_wconf 87' lang='lat' dir='ltr'><strong>quatenus</strong></span> <span class='ocrx_word' id='word_1_471' title='bbox 2931 1029 2984 1082; x_wconf 94' lang='lat' dir='ltr'><strong>in</strong></span> <span class='ocrx_word' id='word_1_472' title='bbox 3018 1026 3249 1083; x_wconf 87' lang='lat' dir='ltr'><strong>naturali</strong></span> <span class='ocrx_word' id='word_1_473' title='bbox 3277 1041 3376 1081; x_wconf 87' lang='lat' dir='ltr'><strong>sua</strong></span> 
     </span>
    </p>
   </div>
   <div class='ocr_carea' id='block_1_59' title="bbox 1802 1118 3379 1187">
    <p class='ocr_par' dir='ltr' id='par_1_59' title="bbox 1802 1118 3379 1187">
     <span class='ocr_line' id='line_1_59' title="bbox 1802 1118 3379 1187; baseline -0.003 -9"><span class='ocrx_word' id='word_1_474' title='bbox 1802 1125 2015 1181; x_wconf 81' lang='lat' dir='ltr'><strong>actione</strong></span> <span class='ocrx_word' id='word_1_475' title='bbox 2042 1124 2406 1187; x_wconf 87' lang='lat' dir='ltr'><strong>infirmantur,</strong></span> <span class='ocrx_word' id='word_1_476' title='bbox 2443 1132 2497 1177; x_wconf 89' lang='lat' dir='ltr'><strong>et</strong></span> <span class='ocrx_word' id='word_1_477' title='bbox 2530 1138 2559 1177; x_wconf 90' lang='lat' dir='ltr'><strong>a</strong></span> <span class='ocrx_word' id='word_1_478' title='bbox 2596 1123 2759 1177; x_wconf 88' lang='lat' dir='ltr'><strong>rebus</strong></span> <span class='ocrx_word' id='word_1_479' title='bbox 2792 1121 2893 1176; x_wconf 89' lang='lat' dir='ltr'><strong>sibi</strong></span> <span class='ocrx_word' id='word_1_480' title='bbox 2930 1118 3379 1175; x_wconf 84' lang='lat' dir='ltr'><strong>convenientibus</strong></span> 
     </span>
    </p>
   </div>
   <div class='ocr_carea' id='block_1_60' title="bbox 1802 1209 3378 1283">
    <p class='ocr_par' dir='ltr' id='par_1_60' title="bbox 1802 1209 3378 1283">
     <span class='ocr_line' id='line_1_60' title="bbox 1802 1209 3378 1283; baseline -0.004 -13"><span class='ocrx_word' id='word_1_481' title='bbox 1802 1215 2083 1271; x_wconf 83' lang='lat' dir='ltr'><strong>deficiunt.</strong></span> <span class='ocrx_word' id='word_1_482' title='bbox 2109 1214 2248 1282; x_wconf 86' lang='lat' dir='ltr'><strong>Quid</strong></span> <span class='ocrx_word' id='word_1_483' title='bbox 2280 1228 2434 1280; x_wconf 86' lang='lat' dir='ltr'><strong>vero,</strong></span> <span class='ocrx_word' id='word_1_484' title='bbox 2462 1213 2607 1269; x_wconf 84' lang='lat' dir='ltr'><strong>dicet</strong></span> <span class='ocrx_word' id='word_1_485' title='bbox 2633 1213 2848 1283; x_wconf 82' lang='lat' dir='ltr'><strong>aliquis,</strong></span> <span class='ocrx_word' id='word_1_486' title='bbox 2885 1222 3146 1282; x_wconf 63' lang='lat' dir='ltr'><strong>praeterea</strong></span> <span class='ocrx_word' id='word_1_487' title='bbox 3177 1209 3378 1264; x_wconf 89' lang='lat' dir='ltr'><strong>malum</strong></span> 
     </span>
    </p>
   </div>
   <div class='ocr_carea' id='block_1_61' title="bbox 1802 1302 3375 1374">
    <p class='ocr_par' dir='ltr' id='par_1_61' title="bbox 1802 1302 3375 1374">
     <span class='ocr_line' id='line_1_61' title="bbox 1802 1302 3375 1374; baseline -0.005 -10"><span class='ocrx_word' id='word_1_488' title='bbox 1802 1310 1855 1364; x_wconf 92' lang='lat' dir='ltr'><strong>in</strong></span> <span class='ocrx_word' id='word_1_489' title='bbox 1888 1307 2264 1364; x_wconf 67' lang='lat' dir='ltr'><strong>dmmonibus?</strong></span> <span class='ocrx_word' id='word_1_490' title='bbox 2305 1307 2481 1362; x_wconf 90' lang='lat' dir='ltr'><strong>Furor</strong></span> <span class='ocrx_word' id='word_1_491' title='bbox 2529 1305 2862 1360; x_wconf 81' lang='lat' dir='ltr'><strong>irrationalis</strong></span> <span class='ocrx_word' id='word_1_492' title='bbox 2901 1304 3196 1374; x_wconf 83' lang='lat' dir='ltr'><strong>(invenitur</strong></span> <span class='ocrx_word' id='word_1_493' title='bbox 3228 1302 3375 1357; x_wconf 90' lang='lat' dir='ltr'><strong>enim</strong></span> 
     </span>
    </p>
   </div>
   <div class='ocr_carea' id='block_1_62' title="bbox 1800 1396 3379 1464">
    <p class='ocr_par' dir='ltr' id='par_1_62' title="bbox 1800 1396 3379 1464">
     <span class='ocr_line' id='line_1_62' title="bbox 1800 1396 3379 1464; baseline -0.003 -11"><span class='ocrx_word' id='word_1_494' title='bbox 1800 1401 1963 1454; x_wconf 86' lang='lat' dir='ltr'><strong>etiam</strong></span> <span class='ocrx_word' id='word_1_495' title='bbox 2000 1401 2052 1453; x_wconf 92' lang='lat' dir='ltr'><strong>in</strong></span> <span class='ocrx_word' id='word_1_496' title='bbox 2079 1399 2234 1454; x_wconf 88' lang='lat' dir='ltr'><strong>nobis</strong></span> <span class='ocrx_word' id='word_1_497' title='bbox 2262 1400 2343 1452; x_wconf 90' lang='lat' dir='ltr'><strong>ira</strong></span> <span class='ocrx_word' id='word_1_498' title='bbox 2376 1398 2687 1464; x_wconf 84' lang='lat' dir='ltr'><strong>rationalis,</strong></span> <span class='ocrx_word' id='word_1_499' title='bbox 2730 1407 2790 1451; x_wconf 89' lang='lat' dir='ltr'><strong>ut</strong></span> <span class='ocrx_word' id='word_1_500' title='bbox 2833 1406 3025 1452; x_wconf 86' lang='lat' dir='ltr'><strong>contra</strong></span> <span class='ocrx_word' id='word_1_501' title='bbox 3077 1396 3286 1449; x_wconf 85' lang='lat' dir='ltr'><strong>hostem</strong></span> <span class='ocrx_word' id='word_1_502' title='bbox 3322 1404 3379 1448; x_wconf 90' lang='lat' dir='ltr'><strong>et</strong></span> 
     </span>
    </p>
   </div>
   <div class='ocr_carea' id='block_1_63' title="bbox 1799 1489 3378 1564">
    <p class='ocr_par' dir='ltr' id='par_1_63' title="bbox 1799 1489 3378 1564">
     <span class='ocr_line' id='line_1_63' title="bbox 1799 1489 3378 1564; baseline -0.003 -16"><span class='ocrx_word' id='word_1_503' title='bbox 1799 1492 2101 1564; x_wconf 88' lang='lat' dir='ltr'><strong>peccatum)</strong></span> <span class='ocrx_word' id='word_1_504' title='bbox 2126 1502 2179 1546; x_wconf 88' lang='lat' dir='ltr'><strong>et</strong></span> <span class='ocrx_word' id='word_1_505' title='bbox 2199 1491 2641 1560; x_wconf 84' lang='lat' dir='ltr'><strong>concupiscentia</strong></span> <span class='ocrx_word' id='word_1_506' title='bbox 2663 1493 2884 1545; x_wconf 88' lang='lat' dir='ltr'><strong>demens</strong></span> <span class='ocrx_word' id='word_1_507' title='bbox 2902 1490 3188 1560; x_wconf 88' lang='lat' dir='ltr'><strong>(siquidem</strong></span> <span class='ocrx_word' id='word_1_508' title='bbox 3215 1489 3378 1543; x_wconf 90' lang='lat' dir='ltr'><strong>etiam</strong></span> 
     </span>
    </p>
   </div>
   <div class='ocr_carea' id='block_1_64' title="bbox 1800 1580 3379 1652">
    <p class='ocr_par' dir='ltr' id='par_1_64' title="bbox 1800 1580 3379 1652">
     <span class='ocr_line' id='line_1_64' title="bbox 1800 1580 3379 1652; baseline -0.003 -14"><span class='ocrx_word' id='word_1_509' title='bbox 1800 1585 1854 1639; x_wconf 89' lang='lat' dir='ltr'><strong>in</strong></span> <span class='ocrx_word' id='word_1_510' title='bbox 1886 1584 2002 1637; x_wconf 85' lang='lat' dir='ltr'><strong>aliis</strong></span> <span class='ocrx_word' id='word_1_511' title='bbox 2032 1584 2268 1652; x_wconf 82' lang='lat' dir='ltr'><strong>prudens</strong></span> <span class='ocrx_word' id='word_1_512' title='bbox 2296 1582 2743 1652; x_wconf 80' lang='lat' dir='ltr'><strong>concupiscentia</strong></span> <span class='ocrx_word' id='word_1_513' title='bbox 2783 1582 3053 1651; x_wconf 87' lang='lat' dir='ltr'><strong>reperitur</strong></span> <span class='ocrx_word' id='word_1_514' title='bbox 3083 1600 3096 1635; x_wconf 91' lang='lat'><strong>:</strong></span> <span class='ocrx_word' id='word_1_515' title='bbox 3156 1580 3379 1634; x_wconf 81' lang='lat' dir='ltr'><strong>Deside-</strong></span> 
     </span>
    </p>
   </div>
   <div class='ocr_carea' id='block_1_65' title="bbox 1800 1671 3381 1740">
    <p class='ocr_par' dir='ltr' id='par_1_65' title="bbox 1800 1671 3381 1740">
     <span class='ocr_line' id='line_1_65' title="bbox 1800 1671 3381 1740; baseline -0.002 -11"><span class='ocrx_word' id='word_1_516' title='bbox 1800 1677 1878 1729; x_wconf 81' lang='lat' dir='ltr'><strong>rio</strong></span> <span class='ocrx_word' id='word_1_517' title='bbox 1913 1675 2207 1728; x_wconf 78' lang='lat' dir='ltr'><strong>desideravi</strong></span> <span class='ocrx_word' id='word_1_518' title='bbox 2243 1673 2285 1740; x_wconf 71' lang='grc' dir='ltr'>τ,</span> <span class='ocrx_word' id='word_1_519' title='bbox 2320 1682 2411 1732; x_wconf 90' lang='lat' dir='ltr'><strong>et:</strong></span> <span class='ocrx_word' id='word_1_520' title='bbox 2444 1672 2542 1727; x_wconf 83' lang='lat' dir='ltr'><strong>Vir</strong></span> <span class='ocrx_word' id='word_1_521' title='bbox 2570 1674 2949 1727; x_wconf 77' lang='lat' dir='ltr'><strong>desideriorum</strong></span> <span class='ocrx_word' id='word_1_522' title='bbox 2984 1675 3249 1727; x_wconf 90' lang='lat' dir='ltr'><strong>bonorum</strong></span> <span class='ocrx_word' id='word_1_523' title='bbox 3276 1671 3381 1726; x_wconf 84' lang='lat' dir='ltr'><strong>Da-</strong></span> 
     </span>
    </p>
   </div>
   <div class='ocr_carea' id='block_1_66' title="bbox 1801 1764 3381 1836">
    <p class='ocr_par' dir='ltr' id='par_1_66' title="bbox 1801 1764 3381 1836">
     <span class='ocr_line' id='line_1_66' title="bbox 1801 1764 3381 1836; baseline -0.003 -15"><span class='ocrx_word' id='word_1_524' title='bbox 1801 1766 1986 1835; x_wconf 68' lang='lat' dir='ltr'><strong>uicl‘)</strong></span> <span class='ocrx_word' id='word_1_525' title='bbox 2023 1780 2077 1821; x_wconf 89' lang='lat' dir='ltr'><strong>et</strong></span> <span class='ocrx_word' id='word_1_526' title='bbox 2111 1767 2429 1836; x_wconf 79' lang='lat' dir='ltr'><strong>imaginatio</strong></span> <span class='ocrx_word' id='word_1_527' title='bbox 2466 1781 2705 1836; x_wconf 60' lang='lat' dir='ltr'><strong>praeceps</strong></span> <span class='ocrx_word' id='word_1_528' title='bbox 2729 1806 2743 1831; x_wconf 90' lang='lat'><strong>,</strong></span> <span class='ocrx_word' id='word_1_529' title='bbox 2782 1767 2906 1820; x_wconf 90' lang='lat' dir='ltr'><strong>dum</strong></span> <span class='ocrx_word' id='word_1_530' title='bbox 2945 1765 3035 1819; x_wconf 84' lang='lat' dir='ltr'><strong>illa</strong></span> <span class='ocrx_word' id='word_1_531' title='bbox 3076 1764 3381 1835; x_wconf 81' lang='lat' dir='ltr'><strong>imaginan-</strong></span> 
     </span>
    </p>
   </div>
   <div class='ocr_carea' id='block_1_67' title="bbox 1731 1849 3379 1929">
    <p class='ocr_par' dir='ltr' id='par_1_67' title="bbox 1731 1849 3379 1929">
     <span class='ocr_line' id='line_1_67' title="bbox 1731 1849 3379 1929; baseline -0.001 -18"><span class='ocrx_word' id='word_1_532' title='bbox 1731 1849 1772 1904; x_wconf 88' lang='grc' dir='ltr'><strong>Β</strong></span> <span class='ocrx_word' id='word_1_533' title='bbox 1804 1868 1891 1912; x_wconf 91' lang='lat' dir='ltr'><strong>tur</strong></span> <span class='ocrx_word' id='word_1_534' title='bbox 1924 1875 2042 1929; x_wconf 75' lang='lat' dir='ltr'><strong>qua:</strong></span> <span class='ocrx_word' id='word_1_535' title='bbox 2091 1873 2367 1927; x_wconf 83' lang='lat' dir='ltr'><strong>nunquam</strong></span> <span class='ocrx_word' id='word_1_536' title='bbox 2436 1857 2713 1912; x_wconf 82' lang='lat' dir='ltr'><strong>habebunt</strong></span> <span class='ocrx_word' id='word_1_537' title='bbox 2760 1858 3047 1923; x_wconf 78' lang='lat' dir='ltr'><strong>effectum;</strong></span> <span class='ocrx_word' id='word_1_538' title='bbox 3100 1866 3186 1911; x_wconf 87' lang='lat' dir='ltr'><strong>est</strong></span> <span class='ocrx_word' id='word_1_539' title='bbox 3234 1856 3379 1909; x_wconf 90' lang='lat' dir='ltr'><strong>enim</strong></span> 
     </span>
    </p>
   </div>
   <div class='ocr_carea' id='block_1_68' title="bbox 1802 1948 3381 2017">
    <p class='ocr_par' dir='ltr' id='par_1_68' title="bbox 1802 1948 3381 2017">
     <span class='ocr_line' id='line_1_68' title="bbox 1802 1948 3381 2017; baseline -0.004 -14"><span class='ocrx_word' id='word_1_540' title='bbox 1802 1949 1964 2003; x_wconf 89' lang='lat' dir='ltr'><strong>etiam</strong></span> <span class='ocrx_word' id='word_1_541' title='bbox 2000 1948 2312 2016; x_wconf 79' lang='lat' dir='ltr'><strong>imaginatio</strong></span> <span class='ocrx_word' id='word_1_542' title='bbox 2341 1948 2565 2001; x_wconf 89' lang='lat' dir='ltr'><strong>minime</strong></span> <span class='ocrx_word' id='word_1_543' title='bbox 2594 1961 2855 2017; x_wconf 71' lang='lat' dir='ltr'><strong>praeceps,</strong></span> <span class='ocrx_word' id='word_1_544' title='bbox 2883 1962 2988 2016; x_wconf 89' lang='lat' dir='ltr'><strong>qua</strong></span> <span class='ocrx_word' id='word_1_545' title='bbox 3020 1962 3081 2001; x_wconf 90' lang='lat' dir='ltr'><strong>ea</strong></span> <span class='ocrx_word' id='word_1_546' title='bbox 3112 1961 3230 2014; x_wconf 68' lang='lat' dir='ltr'><strong>qua:</strong></span> <span class='ocrx_word' id='word_1_547' title='bbox 3255 1953 3381 2000; x_wconf 89' lang='lat' dir='ltr'><strong>sunt</strong></span> 
     </span>
    </p>
   </div>
   <div class='ocr_carea' id='block_1_69' title="bbox 1802 2037 3382 2109">
    <p class='ocr_par' dir='ltr' id='par_1_69' title="bbox 1802 2037 3382 2109">
     <span class='ocr_line' id='line_1_69' title="bbox 1802 2037 3382 2109; baseline -0.003 -15"><span class='ocrx_word' id='word_1_548' title='bbox 1802 2050 1858 2094; x_wconf 89' lang='lat' dir='ltr'><strong>et</strong></span> <span class='ocrx_word' id='word_1_549' title='bbox 1889 2039 2005 2093; x_wconf 84' lang='lat' dir='ltr'><strong>fieri</strong></span> <span class='ocrx_word' id='word_1_550' title='bbox 2041 2048 2271 2108; x_wconf 90' lang='lat' dir='ltr'><strong>possunt</strong></span> <span class='ocrx_word' id='word_1_551' title='bbox 2302 2039 2646 2109; x_wconf 82' lang='lat' dir='ltr'><strong>attingimus.</strong></span> <span class='ocrx_word' id='word_1_552' title='bbox 2672 2039 2805 2092; x_wconf 81' lang='lat' dir='ltr'><strong>Cum</strong></span> <span class='ocrx_word' id='word_1_553' title='bbox 2844 2039 3029 2105; x_wconf 90' lang='lat' dir='ltr'><strong>itaque</strong></span> <span class='ocrx_word' id='word_1_554' title='bbox 3061 2037 3176 2091; x_wconf 76' lang='lat' dir='ltr'><strong>lucc</strong></span> <span class='ocrx_word' id='word_1_555' title='bbox 3216 2037 3289 2090; x_wconf 90' lang='lat' dir='ltr'><strong>ita</strong></span> <span class='ocrx_word' id='word_1_556' title='bbox 3323 2051 3382 2089; x_wconf 88' lang='lat' dir='ltr'><strong>se</strong></span> 
     </span>
    </p>
   </div>
   <div class='ocr_carea' id='block_1_70' title="bbox 1804 2127 3382 2200">
    <p class='ocr_par' dir='ltr' id='par_1_70' title="bbox 1804 2127 3382 2200">
     <span class='ocr_line' id='line_1_70' title="bbox 1804 2127 3382 2200; baseline -0.003 -17"><span class='ocrx_word' id='word_1_557' title='bbox 1804 2130 2063 2195; x_wconf 85' lang='lat' dir='ltr'><strong>habeant,</strong></span> <span class='ocrx_word' id='word_1_558' title='bbox 2091 2132 2205 2184; x_wconf 87' lang='lat' dir='ltr'><strong>sive</strong></span> <span class='ocrx_word' id='word_1_559' title='bbox 2238 2131 2362 2200; x_wconf 90' lang='lat' dir='ltr'><strong>quis</strong></span> <span class='ocrx_word' id='word_1_560' title='bbox 2400 2131 2539 2184; x_wconf 89' lang='lat' dir='ltr'><strong>bona</strong></span> <span class='ocrx_word' id='word_1_561' title='bbox 2575 2130 2719 2184; x_wconf 82' lang='lat' dir='ltr'><strong>dicat</strong></span> <span class='ocrx_word' id='word_1_562' title='bbox 2753 2130 2816 2183; x_wconf 90' lang='lat' dir='ltr'><strong>de</strong></span> <span class='ocrx_word' id='word_1_563' title='bbox 2860 2129 2991 2182; x_wconf 88' lang='lat' dir='ltr'><strong>viris</strong></span> <span class='ocrx_word' id='word_1_564' title='bbox 3026 2129 3232 2199; x_wconf 86' lang='lat' dir='ltr'><strong>probis,</strong></span> <span class='ocrx_word' id='word_1_565' title='bbox 3267 2127 3382 2180; x_wconf 86' lang='lat' dir='ltr'><strong>sive</strong></span> 
     </span>
    </p>
   </div>
   <div class='ocr_carea' id='block_1_71' title="bbox 1803 2220 3382 2289">
    <p class='ocr_par' dir='ltr' id='par_1_71' title="bbox 1803 2220 3382 2289">
     <span class='ocr_line' id='line_1_71' title="bbox 1803 2220 3382 2289; baseline -0.003 -12"><span class='ocrx_word' id='word_1_566' title='bbox 1803 2224 1949 2277; x_wconf 86' lang='lat' dir='ltr'><strong>mala</strong></span> <span class='ocrx_word' id='word_1_567' title='bbox 1987 2228 2056 2277; x_wconf 90' lang='lat' dir='ltr'><strong>de</strong></span> <span class='ocrx_word' id='word_1_568' title='bbox 2110 2223 2469 2289; x_wconf 64' lang='lat' dir='ltr'><strong>daemonibus,</strong></span> <span class='ocrx_word' id='word_1_569' title='bbox 2526 2223 2579 2277; x_wconf 90' lang='lat' dir='ltr'><strong>in</strong></span> <span class='ocrx_word' id='word_1_570' title='bbox 2638 2221 2761 2277; x_wconf 84' lang='lat' dir='ltr'><strong>aliis</strong></span> <span class='ocrx_word' id='word_1_571' title='bbox 2816 2230 2995 2275; x_wconf 91' lang='lat' dir='ltr'><strong>tamen</strong></span> <span class='ocrx_word' id='word_1_572' title='bbox 3054 2220 3382 2274; x_wconf 86' lang='lat' dir='ltr'><strong>animalibus</strong></span> 
     </span>
    </p>
   </div>
   <div class='ocr_carea' id='block_1_72' title="bbox 1802 2315 3382 2383">
    <p class='ocr_par' dir='ltr' id='par_1_72' title="bbox 1802 2315 3382 2383">
     <span class='ocr_line' id='line_1_72' title="bbox 1802 2315 3382 2383; baseline -0.004 -12"><span class='ocrx_word' id='word_1_573' title='bbox 1802 2322 1931 2371; x_wconf 87' lang='lat' dir='ltr'><strong>sunt</strong></span> <span class='ocrx_word' id='word_1_574' title='bbox 1976 2315 2207 2370; x_wconf 81' lang='lat' dir='ltr'><strong>virtutes</strong></span> <span class='ocrx_word' id='word_1_575' title='bbox 2248 2315 2641 2383; x_wconf 68' lang='lat' dir='ltr'><strong>conslitutivaa,</strong></span> <span class='ocrx_word' id='word_1_576' title='bbox 2690 2325 2746 2369; x_wconf 90' lang='lat' dir='ltr'><strong>et</strong></span> <span class='ocrx_word' id='word_1_577' title='bbox 2790 2329 3134 2383; x_wconf 85' lang='lat' dir='ltr'><strong>nequaquam</strong></span> <span class='ocrx_word' id='word_1_578' title='bbox 3188 2315 3382 2366; x_wconf 87' lang='lat' dir='ltr'><strong>horum</strong></span> 
     </span>
    </p>
   </div>
   <div class='ocr_carea' id='block_1_73' title="bbox 1806 2402 3383 2470">
    <p class='ocr_par' dir='ltr' id='par_1_73' title="bbox 1806 2402 3383 2470">
     <span class='ocr_line' id='line_1_73' title="bbox 1806 2402 3383 2470; baseline -0.004 -9"><span class='ocrx_word' id='word_1_579' title='bbox 1806 2406 2055 2470; x_wconf 87' lang='lat' dir='ltr'><strong>habitus,</strong></span> <span class='ocrx_word' id='word_1_580' title='bbox 2088 2406 2181 2459; x_wconf 89' lang='lat' dir='ltr'><strong>sed</strong></span> <span class='ocrx_word' id='word_1_581' title='bbox 2212 2404 2415 2459; x_wconf 88' lang='lat' dir='ltr'><strong>ablatio</strong></span> <span class='ocrx_word' id='word_1_582' title='bbox 2443 2414 2526 2460; x_wconf 89' lang='lat' dir='ltr'><strong>est</strong></span> <span class='ocrx_word' id='word_1_583' title='bbox 2556 2402 2839 2469; x_wconf 82' lang='lat' dir='ltr'><strong>interitus;</strong></span> <span class='ocrx_word' id='word_1_584' title='bbox 2876 2404 3056 2458; x_wconf 84' lang='lat' dir='ltr'><strong>ablata</strong></span> <span class='ocrx_word' id='word_1_585' title='bbox 3093 2404 3237 2458; x_wconf 88' lang='lat' dir='ltr'><strong>enim</strong></span> <span class='ocrx_word' id='word_1_586' title='bbox 3269 2403 3383 2456; x_wconf 86' lang='lat' dir='ltr'><strong>ira-</strong></span> 
     </span>
    </p>
   </div>
   <div class='ocr_carea' id='block_1_74' title="bbox 1802 2495 3384 2568">
    <p class='ocr_par' dir='ltr' id='par_1_74' title="bbox 1802 2495 3384 2568">
     <span class='ocr_line' id='line_1_74' title="bbox 1802 2495 3384 2568; baseline -0.003 -15"><span class='ocrx_word' id='word_1_587' title='bbox 1802 2499 2021 2563; x_wconf 80' lang='lat' dir='ltr'><strong>cundia,</strong></span> <span class='ocrx_word' id='word_1_588' title='bbox 2058 2496 2442 2565; x_wconf 84' lang='lat' dir='ltr'><strong>imaginatione</strong></span> <span class='ocrx_word' id='word_1_589' title='bbox 2467 2495 2632 2568; x_wconf 68' lang='grc'><strong>416</strong></span> <span class='ocrx_word' id='word_1_590' title='bbox 2675 2508 2730 2551; x_wconf 90' lang='lat' dir='ltr'><strong>et</strong></span> <span class='ocrx_word' id='word_1_591' title='bbox 2761 2496 3206 2565; x_wconf 85' lang='lat' dir='ltr'><strong>concupiscentia</strong></span> <span class='ocrx_word' id='word_1_592' title='bbox 3234 2536 3249 2561; x_wconf 88' lang='lat'><strong>,</strong></span> <span class='ocrx_word' id='word_1_593' title='bbox 3281 2508 3384 2548; x_wconf 89' lang='lat' dir='ltr'><strong>nec</strong></span> 
     </span>
    </p>
   </div>
   <div class='ocr_carea' id='block_1_75' title="bbox 1804 2587 3380 2657">
    <p class='ocr_par' dir='ltr' id='par_1_75' title="bbox 1804 2587 3380 2657">
     <span class='ocr_line' id='line_1_75' title="bbox 1804 2587 3380 2657; baseline 0 -15"><span class='ocrx_word' id='word_1_594' title='bbox 1804 2589 1980 2657; x_wconf 84' lang='lat' dir='ltr'><strong>ipsum</strong></span> <span class='ocrx_word' id='word_1_595' title='bbox 2008 2588 2208 2640; x_wconf 90' lang='lat' dir='ltr'><strong>animal</strong></span> <span class='ocrx_word' id='word_1_596' title='bbox 2231 2589 2375 2653; x_wconf 90' lang='lat' dir='ltr'><strong>erit;</strong></span> <span class='ocrx_word' id='word_1_597' title='bbox 2411 2598 2745 2657; x_wconf 88' lang='lat' dir='ltr'><strong>quapropter</strong></span> <span class='ocrx_word' id='word_1_598' title='bbox 2772 2587 2885 2641; x_wconf 74' lang='lat' dir='ltr'><strong>[nec</strong></span> <span class='ocrx_word' id='word_1_599' title='bbox 2923 2603 3029 2641; x_wconf 92' lang='lat' dir='ltr'><strong>non</strong></span> <span class='ocrx_word' id='word_1_600' title='bbox 3065 2600 3192 2642; x_wconf 91' lang='lat' dir='ltr'><strong>sunt</strong></span> <span class='ocrx_word' id='word_1_601' title='bbox 3218 2587 3380 2654; x_wconf 85' lang='lat' dir='ltr'><strong>mala,</strong></span> 
     </span>
    </p>
   </div>
   <div class='ocr_carea' id='block_1_76' title="bbox 1807 2677 3384 2748">
    <p class='ocr_par' dir='ltr' id='par_1_76' title="bbox 1807 2677 3384 2748">
     <span class='ocr_line' id='line_1_76' title="bbox 1807 2677 3384 2748; baseline 0.001 -17"><span class='ocrx_word' id='word_1_602' title='bbox 1807 2689 1970 2748; x_wconf 78' lang='lat' dir='ltr'><strong>atque</strong></span> <span class='ocrx_word' id='word_1_603' title='bbox 2000 2680 2138 2732; x_wconf 89' lang='lat' dir='ltr'><strong>adeo</strong></span> <span class='ocrx_word' id='word_1_604' title='bbox 2168 2680 2329 2732; x_wconf 84' lang='lat' dir='ltr'><strong>etiam</strong></span> <span class='ocrx_word' id='word_1_605' title='bbox 2363 2678 2415 2733; x_wconf 90' lang='lat' dir='ltr'><strong>in</strong></span> <span class='ocrx_word' id='word_1_606' title='bbox 2452 2679 2790 2733; x_wconf 61' lang='lat' dir='ltr'><strong>daemonibus</strong></span> <span class='ocrx_word' id='word_1_607' title='bbox 2830 2692 2936 2731; x_wconf 91' lang='lat' dir='ltr'><strong>non</strong></span> <span class='ocrx_word' id='word_1_608' title='bbox 2974 2678 3196 2732; x_wconf 87' lang='lat' dir='ltr'><strong>omnino</strong></span> <span class='ocrx_word' id='word_1_609' title='bbox 3242 2677 3384 2732; x_wconf 80' lang='lat' dir='ltr'><strong>mala</strong></span> 
     </span>
    </p>
   </div>
   <div class='ocr_carea' id='block_1_77' title="bbox 1806 2767 3387 2838">
    <p class='ocr_par' dir='ltr' id='par_1_77' title="bbox 1806 2767 3387 2838">
     <span class='ocr_line' id='line_1_77' title="bbox 1806 2767 3387 2838; baseline 0.001 -15"><span class='ocrx_word' id='word_1_610' title='bbox 1806 2776 1965 2833; x_wconf 88' lang='lat' dir='ltr'><strong>sunt,</strong></span> <span class='ocrx_word' id='word_1_611' title='bbox 2006 2768 2205 2838; x_wconf 87' lang='lat' dir='ltr'><strong>quippe</strong></span> <span class='ocrx_word' id='word_1_612' title='bbox 2252 2768 2372 2823; x_wconf 92' lang='lat' dir='ltr'><strong>illos</strong></span> <span class='ocrx_word' id='word_1_613' title='bbox 2413 2784 2519 2822; x_wconf 89' lang='lat' dir='ltr'><strong>non</strong></span> <span class='ocrx_word' id='word_1_614' title='bbox 2574 2768 2978 2835; x_wconf 86' lang='lat' dir='ltr'><strong>interimentia;</strong></span> <span class='ocrx_word' id='word_1_615' title='bbox 3040 2782 3147 2822; x_wconf 90' lang='lat' dir='ltr'><strong>non</strong></span> <span class='ocrx_word' id='word_1_616' title='bbox 3200 2767 3387 2838; x_wconf 83' lang='lat' dir='ltr'><strong>itaque</strong></span> 
     </span>
    </p>
   </div>
   <div class='ocr_carea' id='block_1_78' title="bbox 1807 2859 3384 2928">
    <p class='ocr_par' dir='ltr' id='par_1_78' title="bbox 1807 2859 3384 2928">
     <span class='ocr_line' id='line_1_78' title="bbox 1807 2859 3384 2928; baseline 0.001 -17"><span class='ocrx_word' id='word_1_617' title='bbox 1807 2859 1932 2912; x_wconf 81' lang='lat' dir='ltr'><strong>ntali</strong></span> <span class='ocrx_word' id='word_1_618' title='bbox 1961 2867 2087 2913; x_wconf 88' lang='lat' dir='ltr'><strong>sunt</strong></span> <span class='ocrx_word' id='word_1_619' title='bbox 2121 2860 2413 2914; x_wconf 83' lang='lat' dir='ltr'><strong>secundum</strong></span> <span class='ocrx_word' id='word_1_620' title='bbox 2444 2868 2714 2924; x_wconf 79' lang='lat' dir='ltr'><strong>naturain,</strong></span> <span class='ocrx_word' id='word_1_621' title='bbox 2763 2859 2860 2913; x_wconf 86' lang='lat' dir='ltr'><strong>sed</strong></span> <span class='ocrx_word' id='word_1_622' title='bbox 2898 2859 2950 2913; x_wconf 92' lang='lat' dir='ltr'><strong>in</strong></span> <span class='ocrx_word' id='word_1_623' title='bbox 2987 2868 3249 2928; x_wconf 86' lang='lat' dir='ltr'><strong>quantum</strong></span> <span class='ocrx_word' id='word_1_624' title='bbox 3276 2873 3384 2913; x_wconf 88' lang='lat' dir='ltr'><strong>non</strong></span> 
     </span>
    </p>
   </div>
   <div class='ocr_carea' id='block_1_79' title="bbox 1806 2950 3383 3020">
    <p class='ocr_par' dir='ltr' id='par_1_79' title="bbox 1806 2950 3383 3020">
     <span class='ocr_line' id='line_1_79' title="bbox 1806 2950 3383 3020; baseline -0.002 -14"><span class='ocrx_word' id='word_1_625' title='bbox 1806 2960 1934 3006; x_wconf 81' lang='lat' dir='ltr'><strong>sunt</strong></span> <span class='ocrx_word' id='word_1_626' title='bbox 1965 2952 2112 3007; x_wconf 90' lang='lat' dir='ltr'><strong>boni.</strong></span> <span class='ocrx_word' id='word_1_627' title='bbox 2148 2951 2336 3020; x_wconf 82' lang='lat' dir='ltr'><strong>Neque</strong></span> <span class='ocrx_word' id='word_1_628' title='bbox 2362 2952 2587 3017; x_wconf 87' lang='lat' dir='ltr'><strong>bonum,</strong></span> <span class='ocrx_word' id='word_1_629' title='bbox 2628 2950 2770 3018; x_wconf 87' lang='lat' dir='ltr'><strong>quod</strong></span> <span class='ocrx_word' id='word_1_630' title='bbox 2802 2951 2913 3004; x_wconf 92' lang='lat' dir='ltr'><strong>illis</strong></span> <span class='ocrx_word' id='word_1_631' title='bbox 2942 2966 3260 3005; x_wconf 81' lang='lat' dir='ltr'><strong>concessum</strong></span> <span class='ocrx_word' id='word_1_632' title='bbox 3279 2960 3383 3017; x_wconf 89' lang='lat' dir='ltr'><strong>est,</strong></span> 
     </span>
    </p>
   </div>
   <div class='ocr_carea' id='block_1_80' title="bbox 1808 3042 3382 3113">
    <p class='ocr_par' dir='ltr' id='par_1_80' title="bbox 1808 3042 3382 3113">
     <span class='ocr_line' id='line_1_80' title="bbox 1808 3042 3382 3113; baseline 0 -16"><span class='ocrx_word' id='word_1_633' title='bbox 1808 3044 2024 3113; x_wconf 88' lang='lat' dir='ltr'><strong>penitus</strong></span> <span class='ocrx_word' id='word_1_634' title='bbox 2051 3056 2361 3111; x_wconf 87' lang='lat' dir='ltr'><strong>perversum</strong></span> <span class='ocrx_word' id='word_1_635' title='bbox 2396 3054 2503 3106; x_wconf 92' lang='lat' dir='ltr'><strong>est,</strong></span> <span class='ocrx_word' id='word_1_636' title='bbox 2546 3044 2699 3111; x_wconf 87' lang='lat' dir='ltr'><strong>quasi</strong></span> <span class='ocrx_word' id='word_1_637' title='bbox 2739 3042 2881 3096; x_wconf 86' lang='lat' dir='ltr'><strong>forte</strong></span> <span class='ocrx_word' id='word_1_638' title='bbox 2923 3043 3188 3111; x_wconf 66' lang='lat' dir='ltr'><strong>paeniteat</strong></span> <span class='ocrx_word' id='word_1_639' title='bbox 3214 3043 3382 3097; x_wconf 86' lang='lat' dir='ltr'><strong>Deum</strong></span> 
     </span>
    </p>
   </div>
   <div class='ocr_carea' id='block_1_81' title="bbox 1810 3134 3385 3206">
    <p class='ocr_par' dir='ltr' id='par_1_81' title="bbox 1810 3134 3385 3206">
     <span class='ocr_line' id='line_1_81' title="bbox 1810 3134 3385 3206; baseline -0.001 -17"><span class='ocrx_word' id='word_1_640' title='bbox 1810 3137 1955 3206; x_wconf 93' lang='lat' dir='ltr'><strong>quod</strong></span> <span class='ocrx_word' id='word_1_641' title='bbox 1990 3136 2063 3188; x_wconf 89' lang='lat' dir='ltr'><strong>ita</strong></span> <span class='ocrx_word' id='word_1_642' title='bbox 2089 3135 2209 3188; x_wconf 91' lang='lat' dir='ltr'><strong>illos</strong></span> <span class='ocrx_word' id='word_1_643' title='bbox 2241 3134 2564 3201; x_wconf 87' lang='lat' dir='ltr'><strong>honorarit,</strong></span> <span class='ocrx_word' id='word_1_644' title='bbox 2604 3134 2779 3196; x_wconf 82' lang='lat' dir='ltr'><strong>absit;</strong></span> <span class='ocrx_word' id='word_1_645' title='bbox 2819 3134 2915 3188; x_wconf 90' lang='lat' dir='ltr'><strong>sed</strong></span> <span class='ocrx_word' id='word_1_646' title='bbox 2963 3134 3177 3204; x_wconf 86' lang='lat' dir='ltr'><strong>ipsimet</strong></span> <span class='ocrx_word' id='word_1_647' title='bbox 3207 3150 3235 3186; x_wconf 92' lang='lat' dir='ltr'><strong>a</strong></span> <span class='ocrx_word' id='word_1_648' title='bbox 3273 3142 3385 3189; x_wconf 90' lang='lat' dir='ltr'><strong>toto</strong></span> 
     </span>
    </p>
   </div>
   <div class='ocr_carea' id='block_1_82' title="bbox 1731 3199 3387 3295">
    <p class='ocr_par' dir='ltr' id='par_1_82' title="bbox 1731 3199 3387 3295">
     <span class='ocr_line' id='line_1_82' title="bbox 1731 3199 3387 3295; baseline -0.001 -13"><span class='ocrx_word' id='word_1_649' title='bbox 1731 3199 1774 3258; x_wconf 64' lang='grc' dir='ltr'>α</span> <span class='ocrx_word' id='word_1_650' title='bbox 1806 3227 1950 3282; x_wconf 91' lang='lat' dir='ltr'><strong>bono</strong></span> <span class='ocrx_word' id='word_1_651' title='bbox 1976 3226 2359 3289; x_wconf 88' lang='lat' dir='ltr'><strong>desciverunt,</strong></span> <span class='ocrx_word' id='word_1_652' title='bbox 2400 3228 2677 3295; x_wconf 81' lang='lat' dir='ltr'><strong>potentias</strong></span> <span class='ocrx_word' id='word_1_653' title='bbox 2722 3240 2850 3280; x_wconf 87' lang='lat' dir='ltr'><strong>suas</strong></span> <span class='ocrx_word' id='word_1_654' title='bbox 2876 3226 3002 3280; x_wconf 90' lang='lat' dir='ltr'><strong>boni</strong></span> <span class='ocrx_word' id='word_1_655' title='bbox 3035 3225 3235 3281; x_wconf 81' lang='lat' dir='ltr'><strong>visivas</strong></span> <span class='ocrx_word' id='word_1_656' title='bbox 3261 3224 3387 3280; x_wconf 76' lang='lat' dir='ltr'><strong>odio</strong></span> 
     </span>
    </p>
   </div>
   <div class='ocr_carea' id='block_1_83' title="bbox 1809 3316 3389 3387">
    <p class='ocr_par' dir='ltr' id='par_1_83' title="bbox 1809 3316 3389 3387">
     <span class='ocr_line' id='line_1_83' title="bbox 1809 3316 3389 3387; baseline -0.003 -14"><span class='ocrx_word' id='word_1_657' title='bbox 1809 3321 2105 3382; x_wconf 85' lang='lat' dir='ltr'><strong>habentes,</strong></span> <span class='ocrx_word' id='word_1_658' title='bbox 2147 3316 2300 3384; x_wconf 80' lang='lat' dir='ltr'><strong>juxta</strong></span> <span class='ocrx_word' id='word_1_659' title='bbox 2349 3317 2400 3370; x_wconf 90' lang='lat' dir='ltr'><strong>id</strong></span> <span class='ocrx_word' id='word_1_660' title='bbox 2436 3318 2580 3385; x_wconf 89' lang='lat' dir='ltr'><strong>quod</strong></span> <span class='ocrx_word' id='word_1_661' title='bbox 2625 3318 2693 3372; x_wconf 93' lang='lat' dir='ltr'><strong>de</strong></span> <span class='ocrx_word' id='word_1_662' title='bbox 2734 3316 2932 3387; x_wconf 79' lang='lat' dir='ltr'><strong>pepulo</strong></span> <span class='ocrx_word' id='word_1_663' title='bbox 2974 3318 3272 3373; x_wconf 85' lang='lat' dir='ltr'><strong>Israelitico</strong></span> <span class='ocrx_word' id='word_1_664' title='bbox 3299 3317 3389 3372; x_wconf 76' lang='lat' dir='ltr'><strong>di-</strong></span> 
     </span>
    </p>
   </div>
   <div class='ocr_carea' id='block_1_84' title="bbox 1808 3409 3385 3480">
    <p class='ocr_par' dir='ltr' id='par_1_84' title="bbox 1808 3409 3385 3480">
     <span class='ocr_line' id='line_1_84' title="bbox 1808 3409 3385 3480; baseline -0.002 -15"><span class='ocrx_word' id='word_1_665' title='bbox 1808 3421 1953 3465; x_wconf 86' lang='lat' dir='ltr'><strong>ctum</strong></span> <span class='ocrx_word' id='word_1_666' title='bbox 1980 3420 2105 3465; x_wconf 84' lang='lat' dir='ltr'><strong>est:</strong></span> <span class='ocrx_word' id='word_1_667' title='bbox 2139 3409 2333 3464; x_wconf 78' lang='lat' dir='ltr'><strong>Oculos</strong></span> <span class='ocrx_word' id='word_1_668' title='bbox 2366 3426 2487 3465; x_wconf 78' lang='lat' dir='ltr'><strong>suos</strong></span> <span class='ocrx_word' id='word_1_669' title='bbox 2519 3412 2847 3477; x_wconf 83' lang='lat' dir='ltr'><strong>clauserunt,</strong></span> <span class='ocrx_word' id='word_1_670' title='bbox 2871 3421 2917 3465; x_wconf 87' lang='lat' dir='ltr'><strong>et</strong></span> <span class='ocrx_word' id='word_1_671' title='bbox 2949 3411 3167 3465; x_wconf 79' lang='lat' dir='ltr'><strong>auribus</strong></span> <span class='ocrx_word' id='word_1_672' title='bbox 3206 3410 3385 3480; x_wconf 81' lang='lat' dir='ltr'><strong>gravi-</strong></span> 
     </span>
    </p>
   </div>
   <div class='ocr_carea' id='block_1_85' title="bbox 1807 3504 3389 3574">
    <p class='ocr_par' dir='ltr' id='par_1_85' title="bbox 1807 3504 3389 3574">
     <span class='ocr_line' id='line_1_85' title="bbox 1807 3504 3389 3574; baseline -0.002 -16"><span class='ocrx_word' id='word_1_673' title='bbox 1807 3512 1887 3558; x_wconf 84' lang='lat' dir='ltr'><strong>ter</strong></span> <span class='ocrx_word' id='word_1_674' title='bbox 1936 3504 2260 3569; x_wconf 81' lang='lat' dir='ltr'><strong>audierunt,</strong></span> <span class='ocrx_word' id='word_1_675' title='bbox 2318 3504 2595 3574; x_wconf 82' lang='lat' dir='ltr'><strong>nequando</strong></span> <span class='ocrx_word' id='word_1_676' title='bbox 2649 3514 3050 3570; x_wconf 82' lang='lat' dir='ltr'><strong>convertantur,</strong></span> <span class='ocrx_word' id='word_1_677' title='bbox 3101 3511 3149 3555; x_wconf 85' lang='lat' dir='ltr'><strong>et</strong></span> <span class='ocrx_word' id='word_1_678' title='bbox 3209 3518 3389 3555; x_wconf 67' lang='lat' dir='ltr'><strong>canem</strong></span> 
     </span>
    </p>
   </div>
   <div class='ocr_carea' id='block_1_86' title="bbox 1807 3596 3388 3651">
    <p class='ocr_par' dir='ltr' id='par_1_86' title="bbox 1807 3596 3388 3651">
     <span class='ocr_line' id='line_1_86' title="bbox 1807 3596 3388 3651; baseline -0.001 -2"><span class='ocrx_word' id='word_1_679' title='bbox 1807 3613 1894 3650; x_wconf 78' lang='lat' dir='ltr'><strong>eos</strong></span> <span class='ocrx_word' id='word_1_680' title='bbox 1917 3596 1968 3651; x_wconf 68' lang='grc' dir='ltr'>ιι.</span> <span class='ocrx_word' id='word_1_681' title='bbox 2003 3598 2206 3651; x_wconf 85' lang='lat' dir='ltr'><strong>Idcirco</strong></span> <span class='ocrx_word' id='word_1_682' title='bbox 2248 3599 2544 3651; x_wconf 90' lang='lat' dir='ltr'><strong>etiamnum</strong></span> <span class='ocrx_word' id='word_1_683' title='bbox 2605 3596 2839 3651; x_wconf 85' lang='lat' dir='ltr'><strong>Satanas</strong></span> <span class='ocrx_word' id='word_1_684' title='bbox 2888 3596 3106 3649; x_wconf 77' lang='lat' dir='ltr'><strong>Lueifer</strong></span> <span class='ocrx_word' id='word_1_685' title='bbox 3140 3596 3388 3648; x_wconf 87' lang='lat' dir='ltr'><strong>nomina-</strong></span> 
     </span>
    </p>
   </div>
   <div class='ocr_carea' id='block_1_87' title="bbox 1818 3682 3389 3757">
    <p class='ocr_par' dir='ltr' id='par_1_87' title="bbox 1818 3682 3389 3757">
     <span class='ocr_line' id='line_1_87' title="bbox 1818 3682 3389 3757; baseline -0.004 -18"><span class='ocrx_word' id='word_1_686' title='bbox 1818 3698 1931 3752; x_wconf 91' lang='lat' dir='ltr'><strong>tur,</strong></span> <span class='ocrx_word' id='word_1_687' title='bbox 1961 3699 2016 3743; x_wconf 90' lang='lat' dir='ltr'><strong>et</strong></span> <span class='ocrx_word' id='word_1_688' title='bbox 2062 3688 2115 3741; x_wconf 89' lang='lat' dir='ltr'><strong>in</strong></span> <span class='ocrx_word' id='word_1_689' title='bbox 2166 3686 2473 3757; x_wconf 82' lang='lat' dir='ltr'><strong>Evangeliis</strong></span> <span class='ocrx_word' id='word_1_690' title='bbox 2516 3687 2763 3741; x_wconf 89' lang='lat' dir='ltr'><strong>dicitur:</strong></span> <span class='ocrx_word' id='word_1_691' title='bbox 2822 3683 3071 3738; x_wconf 82' lang='lat' dir='ltr'><strong>Videbam</strong></span> <span class='ocrx_word' id='word_1_692' title='bbox 3131 3682 3389 3737; x_wconf 82' lang='lat' dir='ltr'><strong>Satanam</strong></span> 
     </span>
    </p>
   </div>
   <div class='ocr_carea' id='block_1_88' title="bbox 1810 3776 3383 3850">
    <p class='ocr_par' dir='ltr' id='par_1_88' title="bbox 1810 3776 3383 3850">
     <span class='ocr_line' id='line_1_88' title="bbox 1810 3776 3383 3850; baseline -0.004 -16"><span class='ocrx_word' id='word_1_693' title='bbox 1810 3782 1947 3834; x_wconf 79' lang='lat' dir='ltr'><strong>sicut</strong></span> <span class='ocrx_word' id='word_1_694' title='bbox 1978 3780 2159 3850; x_wconf 80' lang='lat' dir='ltr'><strong>fulgur</strong></span> <span class='ocrx_word' id='word_1_695' title='bbox 2206 3779 2270 3832; x_wconf 86' lang='lat' dir='ltr'><strong>de</strong></span> <span class='ocrx_word' id='word_1_696' title='bbox 2301 3778 2426 3832; x_wconf 71' lang='lat' dir='ltr'><strong>cazlo</strong></span> <span class='ocrx_word' id='word_1_697' title='bbox 2473 3780 2740 3832; x_wconf 79' lang='lat' dir='ltr'><strong>cadentem</strong></span> <span class='ocrx_word' id='word_1_698' title='bbox 2767 3779 2811 3830; x_wconf 74' lang='grc' dir='ltr'><strong>ί.</strong></span> <span class='ocrx_word' id='word_1_699' title='bbox 2855 3777 2912 3831; x_wconf 87' lang='lat' dir='ltr'><strong>lu</strong></span> <span class='ocrx_word' id='word_1_700' title='bbox 2947 3778 3193 3830; x_wconf 87' lang='lat' dir='ltr'><strong>ordinem</strong></span> <span class='ocrx_word' id='word_1_701' title='bbox 3235 3776 3383 3829; x_wconf 87' lang='lat' dir='ltr'><strong>enim</strong></span> 
     </span>
    </p>
   </div>
   <div class='ocr_carea' id='block_1_89' title="bbox 1811 3869 3392 3942">
    <p class='ocr_par' dir='ltr' id='par_1_89' title="bbox 1811 3869 3392 3942">
     <span class='ocr_line' id='line_1_89' title="bbox 1811 3869 3392 3942; baseline -0.005 -14"><span class='ocrx_word' id='word_1_702' title='bbox 1811 3887 1967 3928; x_wconf 85' lang='lat' dir='ltr'><strong>suum</strong></span> <span class='ocrx_word' id='word_1_703' title='bbox 2011 3871 2315 3942; x_wconf 81' lang='lat' dir='ltr'><strong>angelicum</strong></span> <span class='ocrx_word' id='word_1_704' title='bbox 2347 3886 2410 3926; x_wconf 91' lang='lat' dir='ltr'><strong>ac</strong></span> <span class='ocrx_word' id='word_1_705' title='bbox 2450 3870 2797 3925; x_wconf 86' lang='lat' dir='ltr'><strong>lucifonnem</strong></span> <span class='ocrx_word' id='word_1_706' title='bbox 2846 3869 3303 3923; x_wconf 85' lang='lat' dir='ltr'><strong>inordinationem</strong></span> <span class='ocrx_word' id='word_1_707' title='bbox 3334 3874 3392 3920; x_wconf 85' lang='lat' dir='ltr'><strong>et</strong></span> 
     </span>
    </p>
   </div>
   <div class='ocr_carea' id='block_1_90' title="bbox 1812 3960 3393 4034">
    <p class='ocr_par' dir='ltr' id='par_1_90' title="bbox 1812 3960 3393 4034">
     <span class='ocr_line' id='line_1_90' title="bbox 1812 3960 3393 4034; baseline -0.006 -13"><span class='ocrx_word' id='word_1_708' title='bbox 1812 3966 2101 4021; x_wconf 89' lang='lat' dir='ltr'><strong>interitum</strong></span> <span class='ocrx_word' id='word_1_709' title='bbox 2133 3978 2197 4018; x_wconf 79' lang='lat' dir='ltr'><strong>ex</strong></span> <span class='ocrx_word' id='word_1_710' title='bbox 2227 3964 2505 4034; x_wconf 89' lang='lat' dir='ltr'><strong>proposito</strong></span> <span class='ocrx_word' id='word_1_711' title='bbox 2534 3962 2895 4027; x_wconf 84' lang='lat' dir='ltr'><strong>invexerunt,</strong></span> <span class='ocrx_word' id='word_1_712' title='bbox 2927 3961 3069 4016; x_wconf 85' lang='lat' dir='ltr'><strong>sicut</strong></span> <span class='ocrx_word' id='word_1_713' title='bbox 3114 3960 3393 4028; x_wconf 88' lang='lat' dir='ltr'><strong>reperitur</strong></span> 
     </span>
    </p>
   </div>
   <div class='ocr_carea' id='block_1_91' title="bbox 1813 4052 3392 4128">
    <p class='ocr_par' dir='ltr' id='par_1_91' title="bbox 1813 4052 3392 4128">
     <span class='ocr_line' id='line_1_91' title="bbox 1813 4052 3392 4128; baseline -0.006 -15"><span class='ocrx_word' id='word_1_714' title='bbox 1813 4060 1954 4128; x_wconf 85' lang='lat' dir='ltr'><strong>apud</strong></span> <span class='ocrx_word' id='word_1_715' title='bbox 1978 4058 2316 4111; x_wconf 81' lang='lat' dir='ltr'><strong>Ezecltieletn</strong></span> <span class='ocrx_word' id='word_1_716' title='bbox 2342 4056 2369 4096; x_wconf 65' lang='grc' dir='ltr'>ι</span> <span class='ocrx_word' id='word_1_717' title='bbox 2398 4073 2413 4110; x_wconf 90' lang='lat'><strong>:</strong></span> <span class='ocrx_word' id='word_1_718' title='bbox 2458 4054 2721 4123; x_wconf 82' lang='lat' dir='ltr'><strong>Corrupta</strong></span> <span class='ocrx_word' id='word_1_719' title='bbox 2772 4064 2845 4107; x_wconf 75' lang='lat' dir='ltr'><strong>est</strong></span> <span class='ocrx_word' id='word_1_720' title='bbox 2894 4052 3111 4107; x_wconf 80' lang='lat' dir='ltr'><strong>scientia</strong></span> <span class='ocrx_word' id='word_1_721' title='bbox 3154 4063 3244 4104; x_wconf 86' lang='lat' dir='ltr'><strong>tua</strong></span> <span class='ocrx_word' id='word_1_722' title='bbox 3272 4067 3392 4104; x_wconf 82' lang='lat' dir='ltr'><strong>cum</strong></span> 
     </span>
    </p>
   </div>
   <div class='ocr_carea' id='block_1_92' title="bbox 1815 4145 3394 4227">
    <p class='ocr_par' dir='ltr' id='par_1_92' title="bbox 1815 4145 3394 4227">
     <span class='ocr_line' id='line_1_92' title="bbox 1815 4145 3394 4227; baseline -0.01 -17"><span class='ocrx_word' id='word_1_723' title='bbox 1815 4154 2211 4227; x_wconf 83' lang='lat' dir='ltr'><strong>pulchritudine</strong></span> <span class='ocrx_word' id='word_1_724' title='bbox 2246 4159 2358 4217; x_wconf 90' lang='lat' dir='ltr'><strong>tua,</strong></span> <span class='ocrx_word' id='word_1_725' title='bbox 2384 4151 2435 4204; x_wconf 90' lang='lat' dir='ltr'><strong>id</strong></span> <span class='ocrx_word' id='word_1_726' title='bbox 2465 4161 2548 4205; x_wconf 87' lang='lat' dir='ltr'><strong>est</strong></span> <span class='ocrx_word' id='word_1_727' title='bbox 2576 4146 2880 4202; x_wconf 84' lang='lat' dir='ltr'><strong>luciformis</strong></span> <span class='ocrx_word' id='word_1_728' title='bbox 2906 4145 3122 4199; x_wconf 85' lang='lat' dir='ltr'><strong>habitus</strong></span> <span class='ocrx_word' id='word_1_729' title='bbox 3152 4154 3207 4198; x_wconf 90' lang='lat' dir='ltr'><strong>et</strong></span> <span class='ocrx_word' id='word_1_730' title='bbox 3228 4158 3394 4210; x_wconf 80' lang='lat' dir='ltr'><strong>auge--</strong></span> 
     </span>
    </p>
   </div>
   <div class='ocr_carea' id='block_1_93' title="bbox 1816 4239 3393 4312">
    <p class='ocr_par' dir='ltr' id='par_1_93' title="bbox 1816 4239 3393 4312">
     <span class='ocr_line' id='line_1_93' title="bbox 1816 4239 3393 4312; baseline -0.011 -7"><span class='ocrx_word' id='word_1_731' title='bbox 1816 4251 1950 4305; x_wconf 92' lang='lat' dir='ltr'><strong>licus</strong></span> <span class='ocrx_word' id='word_1_732' title='bbox 1979 4249 2164 4304; x_wconf 85' lang='lat' dir='ltr'><strong>decor.</strong></span> <span class='ocrx_word' id='word_1_733' title='bbox 2204 4246 2488 4312; x_wconf 86' lang='lat' dir='ltr'><strong>Quomodo</strong></span> <span class='ocrx_word' id='word_1_734' title='bbox 2516 4254 2719 4308; x_wconf 84' lang='lat' dir='ltr'><strong>autem,</strong></span> <span class='ocrx_word' id='word_1_735' title='bbox 2754 4243 2878 4294; x_wconf 75' lang='lat' dir='ltr'><strong>dunt</strong></span> <span class='ocrx_word' id='word_1_736' title='bbox 2916 4241 2969 4293; x_wconf 88' lang='lat' dir='ltr'><strong>id</strong></span> <span class='ocrx_word' id='word_1_737' title='bbox 3006 4239 3147 4307; x_wconf 87' lang='lat' dir='ltr'><strong>quod</strong></span> <span class='ocrx_word' id='word_1_738' title='bbox 3174 4252 3279 4290; x_wconf 87' lang='lat' dir='ltr'><strong>non</strong></span> <span class='ocrx_word' id='word_1_739' title='bbox 3310 4244 3393 4289; x_wconf 87' lang='lat' dir='ltr'><strong>est</strong></span> 
     </span>
    </p>
   </div>
   <div class='ocr_carea' id='block_1_94' title="bbox 1815 4328 3394 4413">
    <p class='ocr_par' dir='ltr' id='par_1_94' title="bbox 1815 4328 3394 4413">
     <span class='ocr_line' id='line_1_94' title="bbox 1815 4328 3394 4413; baseline -0.011 -14"><span class='ocrx_word' id='word_1_740' title='bbox 1815 4352 2096 4413; x_wconf 82' lang='lat' dir='ltr'><strong>appetunt,</strong></span> <span class='ocrx_word' id='word_1_741' title='bbox 2124 4341 2325 4393; x_wconf 87' lang='lat' dir='ltr'><strong>tnalum</strong></span> <span class='ocrx_word' id='word_1_742' title='bbox 2362 4345 2655 4407; x_wconf 87' lang='lat' dir='ltr'><strong>appetunt,</strong></span> <span class='ocrx_word' id='word_1_743' title='bbox 2698 4334 2802 4387; x_wconf 81' lang='lat' dir='ltr'><strong>nisi</strong></span> <span class='ocrx_word' id='word_1_744' title='bbox 2851 4333 2977 4401; x_wconf 89' lang='lat' dir='ltr'><strong>quia</strong></span> <span class='ocrx_word' id='word_1_745' title='bbox 3019 4332 3162 4384; x_wconf 88' lang='lat' dir='ltr'><strong>Deus</strong></span> <span class='ocrx_word' id='word_1_746' title='bbox 3190 4328 3394 4383; x_wconf 87' lang='lat' dir='ltr'><strong>veritas</strong></span> 
     </span>
    </p>
   </div>
   <div class='ocr_carea' id='block_1_95' title="bbox 1817 4421 3387 4501">
    <p class='ocr_par' dir='ltr' id='par_1_95' title="bbox 1817 4421 3387 4501">
     <span class='ocr_line' id='line_1_95' title="bbox 1817 4421 3387 4501; baseline -0.013 -8"><span class='ocrx_word' id='word_1_747' title='bbox 1817 4447 1899 4494; x_wconf 90' lang='lat' dir='ltr'><strong>est</strong></span> <span class='ocrx_word' id='word_1_748' title='bbox 1926 4446 1981 4491; x_wconf 89' lang='lat' dir='ltr'><strong>et</strong></span> <span class='ocrx_word' id='word_1_749' title='bbox 2017 4434 2155 4489; x_wconf 87' lang='lat' dir='ltr'><strong>ens?</strong></span> <span class='ocrx_word' id='word_1_750' title='bbox 2201 4430 2345 4501; x_wconf 88' lang='lat' dir='ltr'><strong>quod</strong></span> <span class='ocrx_word' id='word_1_751' title='bbox 2390 4438 2573 4483; x_wconf 89' lang='lat' dir='ltr'><strong>autem</strong></span> <span class='ocrx_word' id='word_1_752' title='bbox 2608 4425 2822 4480; x_wconf 88' lang='lat' dir='ltr'><strong>veritati</strong></span> <span class='ocrx_word' id='word_1_753' title='bbox 2864 4431 3126 4493; x_wconf 82' lang='lat' dir='ltr'><strong>repugnat</strong></span> <span class='ocrx_word' id='word_1_754' title='bbox 3171 4421 3387 4475; x_wconf 84' lang='lat' dir='ltr'><strong>menda-</strong></span> 
     </span>
    </p>
   </div>
   <div class='ocr_carea' id='block_1_96' title="bbox 1820 4517 3392 4598">
    <p class='ocr_par' dir='ltr' id='par_1_96' title="bbox 1820 4517 3392 4598">
     <span class='ocr_line' id='line_1_96' title="bbox 1820 4517 3392 4598; baseline -0.015 -10"><span class='ocrx_word' id='word_1_755' title='bbox 1820 4534 1961 4588; x_wconf 88' lang='lat' dir='ltr'><strong>cium</strong></span> <span class='ocrx_word' id='word_1_756' title='bbox 1983 4570 1999 4595; x_wconf 94' lang='lat'><strong>,</strong></span> <span class='ocrx_word' id='word_1_757' title='bbox 2054 4542 2230 4598; x_wconf 87' lang='lat' dir='ltr'><strong>neque</strong></span> <span class='ocrx_word' id='word_1_758' title='bbox 2275 4539 2373 4579; x_wconf 91' lang='lat' dir='ltr'><strong>eus</strong></span> <span class='ocrx_word' id='word_1_759' title='bbox 2408 4531 2490 4577; x_wconf 89' lang='lat' dir='ltr'><strong>est</strong></span> <span class='ocrx_word' id='word_1_760' title='bbox 2512 4561 2527 4587; x_wconf 94' lang='lat'><strong>,</strong></span> <span class='ocrx_word' id='word_1_761' title='bbox 2580 4520 2849 4589; x_wconf 86' lang='lat' dir='ltr'><strong>siquidem</strong></span> <span class='ocrx_word' id='word_1_762' title='bbox 2879 4517 3101 4571; x_wconf 91' lang='lat' dir='ltr'><strong>omnino</strong></span> <span class='ocrx_word' id='word_1_763' title='bbox 3129 4527 3212 4568; x_wconf 77' lang='grc' dir='ltr'><strong>εει</strong></span> <span class='ocrx_word' id='word_1_764' title='bbox 3238 4519 3392 4567; x_wconf 82' lang='lat' dir='ltr'><strong>extra</strong></span> 
     </span>
    </p>
   </div>
   <div class='ocr_carea' id='block_1_97' title="bbox 1822 4606 3396 4690">
    <p class='ocr_par' dir='ltr' id='par_1_97' title="bbox 1822 4606 3396 4690">
     <span class='ocr_line' id='line_1_97' title="bbox 1822 4606 3396 4690; baseline -0.014 -10"><span class='ocrx_word' id='word_1_765' title='bbox 1822 4627 2017 4689; x_wconf 88' lang='lat' dir='ltr'><strong>Deum,</strong></span> <span class='ocrx_word' id='word_1_766' title='bbox 2047 4636 2149 4676; x_wconf 90' lang='lat' dir='ltr'><strong>nec</strong></span> <span class='ocrx_word' id='word_1_767' title='bbox 2172 4620 2351 4690; x_wconf 80' lang='lat' dir='ltr'><strong>imago</strong></span> <span class='ocrx_word' id='word_1_768' title='bbox 2389 4615 2657 4670; x_wconf 88' lang='lat' dir='ltr'><strong>veritatis.</strong></span> <span class='ocrx_word' id='word_1_769' title='bbox 2686 4611 2819 4666; x_wconf 83' lang='lat' dir='ltr'><strong>Cum</strong></span> <span class='ocrx_word' id='word_1_770' title='bbox 2860 4618 3039 4662; x_wconf 85' lang='lat' dir='ltr'><strong>autem</strong></span> <span class='ocrx_word' id='word_1_771' title='bbox 3070 4606 3396 4677; x_wconf 87' lang='lat' dir='ltr'><strong>persuadeat</strong></span> 
     </span>
    </p>
   </div>
   <div class='ocr_carea' id='block_1_98' title="bbox 1822 4696 3397 4788">
    <p class='ocr_par' dir='ltr' id='par_1_98' title="bbox 1822 4696 3397 4788">
     <span class='ocr_line' id='line_1_98' title="bbox 1822 4696 3397 4788; baseline -0.015 -16"><span class='ocrx_word' id='word_1_772' title='bbox 1822 4716 2147 4788; x_wconf 82' lang='lat' dir='ltr'><strong>quibusdam</strong></span> <span class='ocrx_word' id='word_1_773' title='bbox 2182 4723 2407 4782; x_wconf 90' lang='lat' dir='ltr'><strong>prorsus</strong></span> <span class='ocrx_word' id='word_1_774' title='bbox 2438 4720 2558 4760; x_wconf 90' lang='lat' dir='ltr'><strong>esse</strong></span> <span class='ocrx_word' id='word_1_775' title='bbox 2593 4702 2820 4771; x_wconf 89' lang='lat' dir='ltr'><strong>aliquid,</strong></span> <span class='ocrx_word' id='word_1_776' title='bbox 2869 4702 3159 4756; x_wconf 88' lang='lat' dir='ltr'><strong>obscurum</strong></span> <span class='ocrx_word' id='word_1_777' title='bbox 3190 4696 3297 4751; x_wconf 91' lang='lat' dir='ltr'><strong>erit</strong></span> <span class='ocrx_word' id='word_1_778' title='bbox 3331 4709 3397 4749; x_wconf 87' lang='lat' dir='ltr'><strong>ac</strong></span> 
     </span>
    </p>
   </div>
   <div class='ocr_carea' id='block_1_99' title="bbox 1811 4789 3398 4882">
    <p class='ocr_par' dir='ltr' id='par_1_99' title="bbox 1811 4789 3398 4882">
     <span class='ocr_line' id='line_1_99' title="bbox 1811 4789 3398 4882; baseline -0.015 -16"><span class='ocrx_word' id='word_1_779' title='bbox 1811 4812 2069 4882; x_wconf 89' lang='lat' dir='ltr'><strong>quocirca</strong></span> <span class='ocrx_word' id='word_1_780' title='bbox 2102 4810 2270 4863; x_wconf 83' lang='lat' dir='ltr'><strong>etiam</strong></span> <span class='ocrx_word' id='word_1_781' title='bbox 2303 4800 2498 4858; x_wconf 69' lang='lat' dir='ltr'><strong>eﬂ’ectu</strong></span> <span class='ocrx_word' id='word_1_782' title='bbox 2542 4798 2893 4854; x_wconf 91' lang='lat' dir='ltr'><strong>simulacrum</strong></span> <span class='ocrx_word' id='word_1_783' title='bbox 2952 4802 3070 4860; x_wconf 89' lang='lat' dir='ltr'><strong>est,</strong></span> <span class='ocrx_word' id='word_1_784' title='bbox 3109 4798 3165 4845; x_wconf 88' lang='lat' dir='ltr'><strong>et</strong></span> <span class='ocrx_word' id='word_1_785' title='bbox 3204 4789 3398 4845; x_wconf 79' lang='lat' dir='ltr'><strong>eﬂ&#39;ectu</strong></span> 
     </span>
    </p>
   </div>
   <div class='ocr_carea' id='block_1_100' title="bbox 121 4878 3397 4997">
    <p class='ocr_par' dir='ltr' id='par_1_100' title="bbox 121 4878 3397 4997">
     <span class='ocr_line' id='line_1_100' title="bbox 121 4878 3397 4997; baseline -0.016 -9"><span class='ocrx_word' id='word_1_786' title='bbox 121 4932 353 4997; x_wconf 76' lang='lat' dir='ltr'><strong>falsum,</strong></span> <span class='ocrx_word' id='word_1_787' title='bbox 382 4921 448 4984; x_wconf 55' lang='lat' dir='ltr'><strong>&#39;id</strong></span> <span class='ocrx_word' id='word_1_788' title='bbox 470 4878 554 4984; x_wconf 53' lang='lat' dir='ltr'><strong>es:</strong></span> <span class='ocrx_word' id='word_1_789' title='bbox 582 4878 708 4982; x_wconf 49' lang='grc' dir='ltr'>νεῖ-ε</span> <span class='ocrx_word' id='word_1_790' title='bbox 734 4941 800 4980; x_wconf 89' lang='lat' dir='ltr'><strong>ac</strong></span> <span class='ocrx_word' id='word_1_791' title='bbox 837 4924 1059 4979; x_wconf 86' lang='lat' dir='ltr'><strong>realiter</strong></span> <span class='ocrx_word' id='word_1_792' title='bbox 1100 4919 1319 4985; x_wconf 85' lang='lat' dir='ltr'><strong>falsum,</strong></span> <span class='ocrx_word' id='word_1_793' title='bbox 1352 4925 1517 4985; x_wconf 88' lang='lat' dir='ltr'><strong>atque</strong></span> <span class='ocrx_word' id='word_1_794' title='bbox 1551 4912 1687 4967; x_wconf 89' lang='lat' dir='ltr'><strong>adeo</strong></span> <span class='ocrx_word' id='word_1_795' title='bbox 1715 4908 1878 4964; x_wconf 87' lang='lat' dir='ltr'><strong>etiam</strong></span> <span class='ocrx_word' id='word_1_796' title='bbox 1905 4904 2101 4959; x_wconf 83' lang='lat' dir='ltr'><strong>effectu</strong></span> <span class='ocrx_word' id='word_1_797' title='bbox 2149 4914 2259 4953; x_wconf 91' lang='lat' dir='ltr'><strong>non</strong></span> <span class='ocrx_word' id='word_1_798' title='bbox 2310 4909 2430 4997; x_wconf 82' lang='lat' dir='ltr'><strong>ens.</strong></span> <span class='ocrx_word' id='word_1_799' title='bbox 2478 4889 2943 4997; x_wconf 42' lang='lat' dir='ltr'><strong>Quemadm‘od&#39;u&#39;m</strong></span> <span class='ocrx_word' id='word_1_800' title='bbox 2976 4884 3142 4987; x_wconf 72' lang='lat' dir='ltr'><strong>igitur</strong></span> <span class='ocrx_word' id='word_1_801' title='bbox 3189 4882 3242 4935; x_wconf 91' lang='lat' dir='ltr'><strong>in</strong></span> <span class='ocrx_word' id='word_1_802' title='bbox 3288 4878 3397 4997; x_wconf 57' lang='lat' dir='ltr'><strong>fel:</strong></span> 
     </span>
    </p>
   </div>
   <div class='ocr_carea' id='block_1_101' title="bbox 123 4977 3399 5087">
    <p class='ocr_par' dir='ltr' id='par_1_101' title="bbox 123 4977 3399 5087">
     <span class='ocr_line' id='line_1_101' title="bbox 123 4977 3399 5087; baseline -0.017 -7"><span class='ocrx_word' id='word_1_803' title='bbox 123 5027 205 5081; x_wconf 84' lang='lat' dir='ltr'><strong>sis</strong></span> <span class='ocrx_word' id='word_1_804' title='bbox 258 4977 515 5087; x_wconf 57' lang='lat' dir='ltr'><strong>eniibus,</strong></span> <span class='ocrx_word' id='word_1_805' title='bbox 575 5021 621 5075; x_wconf 87' lang='lat' dir='ltr'><strong>si</strong></span> <span class='ocrx_word' id='word_1_806' title='bbox 672 5017 884 5073; x_wconf 81' lang='lat' dir='ltr'><strong>falsitas</strong></span> <span class='ocrx_word' id='word_1_807' title='bbox 952 5014 1272 5075; x_wconf 81' lang='lat' dir='ltr'><strong>auferatur,</strong></span> <span class='ocrx_word' id='word_1_808' title='bbox 1322 5022 1539 5064; x_wconf 88' lang='lat' dir='ltr'><strong>omnem</strong></span> <span class='ocrx_word' id='word_1_809' title='bbox 1584 5003 1661 5058; x_wconf 88' lang='lat' dir='ltr'><strong>rei</strong></span> <span class='ocrx_word' id='word_1_810' title='bbox 1716 4997 2079 5056; x_wconf 86' lang='lat' dir='ltr'><strong>substantiam</strong></span> <span class='ocrx_word' id='word_1_811' title='bbox 2128 4992 2340 5055; x_wconf 82' lang='lat' dir='ltr'><strong>aufert;</strong></span> <span class='ocrx_word' id='word_1_812' title='bbox 2389 4986 2464 5040; x_wconf 90' lang='lat' dir='ltr'><strong>ita</strong></span> <span class='ocrx_word' id='word_1_813' title='bbox 2504 4994 2744 5087; x_wconf 59' lang='lat' dir='ltr'><strong>quoque</strong></span> <span class='ocrx_word' id='word_1_814' title='bbox 2778 4977 3043 5083; x_wconf 72' lang='lat' dir='ltr'><strong>falsitatis</strong></span> <span class='ocrx_word' id='word_1_815' title='bbox 3081 4990 3298 5083; x_wconf 71' lang='lat' dir='ltr'><strong>amans,</strong></span> <span class='ocrx_word' id='word_1_816' title='bbox 3340 4981 3399 5027; x_wconf 87' lang='lat' dir='ltr'><strong>ut</strong></span> 
     </span>
    </p>
   </div>
   <div class='ocr_carea' id='block_1_102' title="bbox 124 5070 3396 5182">
    <p class='ocr_par' dir='ltr' id='par_1_102' title="bbox 124 5070 3396 5182">
     <span class='ocr_line' id='line_1_102' title="bbox 124 5070 3396 5182; baseline -0.016 -7"><span class='ocrx_word' id='word_1_817' title='bbox 124 5121 431 5182; x_wconf 72' lang='lat' dir='ltr'><strong>daamoues,</strong></span> <span class='ocrx_word' id='word_1_818' title='bbox 469 5070 614 5168; x_wconf 67' lang='lat' dir='ltr'><strong>ainat</strong></span> <span class='ocrx_word' id='word_1_819' title='bbox 649 5112 701 5166; x_wconf 91' lang='lat' dir='ltr'><strong>id</strong></span> <span class='ocrx_word' id='word_1_820' title='bbox 722 5111 865 5180; x_wconf 90' lang='lat' dir='ltr'><strong>quod</strong></span> <span class='ocrx_word' id='word_1_821' title='bbox 896 5123 1002 5163; x_wconf 92' lang='lat' dir='ltr'><strong>non</strong></span> <span class='ocrx_word' id='word_1_822' title='bbox 1033 5115 1135 5172; x_wconf 87' lang='lat' dir='ltr'><strong>est,</strong></span> <span class='ocrx_word' id='word_1_823' title='bbox 1166 5114 1218 5159; x_wconf 90' lang='lat' dir='ltr'><strong>et</strong></span> <span class='ocrx_word' id='word_1_824' title='bbox 1248 5105 1301 5157; x_wconf 92' lang='lat' dir='ltr'><strong>in</strong></span> <span class='ocrx_word' id='word_1_825' title='bbox 1333 5116 1399 5156; x_wconf 89' lang='lat' dir='ltr'><strong>eo</strong></span> <span class='ocrx_word' id='word_1_826' title='bbox 1421 5098 1561 5171; x_wconf 85' lang='lat' dir='ltr'><strong>quod</strong></span> <span class='ocrx_word' id='word_1_827' title='bbox 1602 5104 1707 5162; x_wconf 89' lang='lat' dir='ltr'><strong>est,</strong></span> <span class='ocrx_word' id='word_1_828' title='bbox 1739 5095 1793 5149; x_wconf 90' lang='lat' dir='ltr'><strong>id</strong></span> <span class='ocrx_word' id='word_1_829' title='bbox 1847 5100 1930 5146; x_wconf 88' lang='lat' dir='ltr'><strong>est</strong></span> <span class='ocrx_word' id='word_1_830' title='bbox 1962 5090 2019 5143; x_wconf 92' lang='lat' dir='ltr'><strong>in</strong></span> <span class='ocrx_word' id='word_1_831' title='bbox 2057 5088 2310 5147; x_wconf 87' lang='lat' dir='ltr'><strong>veritate,</strong></span> <span class='ocrx_word' id='word_1_832' title='bbox 2367 5094 2475 5133; x_wconf 91' lang='lat' dir='ltr'><strong>non</strong></span> <span class='ocrx_word' id='word_1_833' title='bbox 2520 5084 2649 5131; x_wconf 89' lang='lat' dir='ltr'><strong>stat.</strong></span> <span class='ocrx_word' id='word_1_834' title='bbox 2706 5074 2989 5182; x_wconf 63' lang='lat' dir='ltr'><strong>Daemones</strong></span> <span class='ocrx_word' id='word_1_835' title='bbox 3030 5071 3214 5182; x_wconf 65' lang='lat' dir='ltr'><strong>igitur,</strong></span> <span class='ocrx_word' id='word_1_836' title='bbox 3256 5070 3396 5123; x_wconf 89' lang='lat' dir='ltr'><strong>sicut</strong></span> 
     </span>
    </p>
   </div>
   <div class='ocr_carea' id='block_1_103' title="bbox 125 5165 3394 5271">
    <p class='ocr_par' dir='ltr' id='par_1_103' title="bbox 125 5165 3394 5271">
     <span class='ocr_line' id='line_1_103' title="bbox 125 5165 3394 5271; baseline -0.015 -4"><span class='ocrx_word' id='word_1_837' title='bbox 125 5214 209 5267; x_wconf 90' lang='lat' dir='ltr'><strong>ait</strong></span> <span class='ocrx_word' id='word_1_838' title='bbox 232 5165 520 5271; x_wconf 66' lang='lat' dir='ltr'><strong>Domitius,</strong></span> <span class='ocrx_word' id='word_1_839' title='bbox 562 5218 686 5259; x_wconf 89' lang='lat' dir='ltr'><strong>cum</strong></span> <span class='ocrx_word' id='word_1_840' title='bbox 725 5165 1017 5256; x_wconf 74' lang='lat' dir='ltr'><strong>mendaces</strong></span> <span class='ocrx_word' id='word_1_841' title='bbox 1057 5165 1168 5253; x_wconf 82' lang='lat' dir='ltr'><strong>sint</strong></span> <span class='ocrx_word' id='word_1_842' title='bbox 1225 5202 1281 5250; x_wconf 88' lang='lat' dir='ltr'><strong>et</strong></span> <span class='ocrx_word' id='word_1_843' title='bbox 1329 5165 1595 5247; x_wconf 77' lang='lat' dir='ltr'><strong>mendacii</strong></span> <span class='ocrx_word' id='word_1_844' title='bbox 1626 5198 1831 5258; x_wconf 87' lang='lat' dir='ltr'><strong>patres,</strong></span> <span class='ocrx_word' id='word_1_845' title='bbox 1860 5187 2123 5254; x_wconf 86' lang='lat' dir='ltr'><strong>appetunt</strong></span> <span class='ocrx_word' id='word_1_846' title='bbox 2164 5177 2215 5231; x_wconf 88' lang='lat' dir='ltr'><strong>id</strong></span> <span class='ocrx_word' id='word_1_847' title='bbox 2255 5173 2401 5244; x_wconf 87' lang='lat' dir='ltr'><strong>quod</strong></span> <span class='ocrx_word' id='word_1_848' title='bbox 2431 5185 2539 5226; x_wconf 91' lang='lat' dir='ltr'><strong>non</strong></span> <span class='ocrx_word' id='word_1_849' title='bbox 2573 5176 2676 5233; x_wconf 89' lang='lat' dir='ltr'><strong>est,</strong></span> <span class='ocrx_word' id='word_1_850' title='bbox 2718 5166 3029 5234; x_wconf 87' lang='lat' dir='ltr'><strong>malumque</strong></span> <span class='ocrx_word' id='word_1_851' title='bbox 3062 5165 3394 5219; x_wconf 86' lang='lat' dir='ltr'><strong>desiderant.</strong></span> 
     </span>
    </p>
   </div>
   <div class='ocr_carea' id='block_1_104' title="bbox 203 5348 1715 5439">
    <p class='ocr_par' dir='ltr' id='par_1_104' title="bbox 203 5348 1715 5439">
     <span class='ocr_line' id='line_1_104' title="bbox 203 5348 1715 5439; baseline -0.015 -17"><span class='ocrx_word' id='word_1_852' title='bbox 203 5367 235 5439; x_wconf 66' lang='grc' dir='ltr'><strong>ς</strong></span> <span class='ocrx_word' id='word_1_853' title='bbox 270 5363 455 5420; x_wconf 70' lang='lat' dir='ltr'><strong>XXIV.</strong></span> <span class='ocrx_word' id='word_1_854' title='bbox 486 5360 819 5417; x_wconf 80' lang='grc' dir='ltr'>Μεταϐαίνει</span> <span class='ocrx_word' id='word_1_855' title='bbox 843 5359 935 5412; x_wconf 79' lang='grc' dir='ltr'><strong>ἐπὶ</strong></span> <span class='ocrx_word' id='word_1_856' title='bbox 963 5357 1062 5420; x_wconf 72' lang='grc' dir='ltr'>τὰς</span> <span class='ocrx_word' id='word_1_857' title='bbox 1087 5351 1384 5424; x_wconf 86' lang='grc' dir='ltr'>λεγομένας</span> <span class='ocrx_word' id='word_1_858' title='bbox 1410 5350 1586 5414; x_wconf 81' lang='grc' dir='ltr'>κακὰς</span> <span class='ocrx_word' id='word_1_859' title='bbox 1611 5348 1715 5419; x_wconf 68' lang='grc' dir='ltr'><strong>ψυ-</strong></span> 
     </span>
    </p>
   </div>
   <div class='ocr_carea' id='block_1_105' title="bbox 132 5442 1715 5531">
    <p class='ocr_par' dir='ltr' id='par_1_105' title="bbox 132 5442 1715 5531">
     <span class='ocr_line' id='line_1_105' title="bbox 132 5442 1715 5531; baseline -0.014 -16"><span class='ocrx_word' id='word_1_860' title='bbox 132 5462 255 5531; x_wconf 73' lang='grc' dir='ltr'>χας,</span> <span class='ocrx_word' id='word_1_861' title='bbox 283 5456 577 5528; x_wconf 80' lang='grc' dir='ltr'>γυμνάζων</span> <span class='ocrx_word' id='word_1_862' title='bbox 602 5455 693 5507; x_wconf 85' lang='grc' dir='ltr'><strong>τὸν</strong></span> <span class='ocrx_word' id='word_1_863' title='bbox 717 5452 874 5521; x_wconf 84' lang='grc' dir='ltr'>λόγον</span> <span class='ocrx_word' id='word_1_864' title='bbox 902 5450 995 5503; x_wconf 74' lang='grc' dir='ltr'><strong>καὶ</strong></span> <span class='ocrx_word' id='word_1_865' title='bbox 1022 5449 1114 5501; x_wconf 78' lang='grc' dir='ltr'><strong>ἐπὶ</strong></span> <span class='ocrx_word' id='word_1_866' title='bbox 1140 5446 1367 5507; x_wconf 82' lang='grc' dir='ltr'>τούτων,</span> <span class='ocrx_word' id='word_1_867' title='bbox 1410 5445 1459 5495; x_wconf 83' lang='grc' dir='ltr'>εἰ</span> <span class='ocrx_word' id='word_1_868' title='bbox 1496 5442 1715 5495; x_wconf 88' lang='grc' dir='ltr'>δύναται</span> 
     </span>
    </p>
   </div>
   <div class='ocr_carea' id='block_1_106' title="bbox 132 5531 1717 5617">
    <p class='ocr_par' dir='ltr' id='par_1_106' title="bbox 132 5531 1717 5617">
     <span class='ocr_line' id='line_1_106' title="bbox 132 5531 1717 5617; baseline -0.012 -15"><span class='ocrx_word' id='word_1_869' title='bbox 132 5550 227 5602; x_wconf 74' lang='grc' dir='ltr'><strong>ἐπὶ</strong></span> <span class='ocrx_word' id='word_1_870' title='bbox 264 5547 469 5617; x_wconf 82' lang='grc' dir='ltr'>ταύτης</span> <span class='ocrx_word' id='word_1_871' title='bbox 489 5549 507 5565; x_wconf 76' lang='grc'><strong><em>⁸</em></strong></span> <span class='ocrx_word' id='word_1_872' title='bbox 536 5540 673 5597; x_wconf 86' lang='grc' dir='ltr'>εἷναί</span> <span class='ocrx_word' id='word_1_873' title='bbox 700 5558 821 5595; x_wconf 88' lang='grc' dir='ltr'>τινα</span> <span class='ocrx_word' id='word_1_874' title='bbox 847 5540 1034 5593; x_wconf 85' lang='grc' dir='ltr'>οὐσίαν</span> <span class='ocrx_word' id='word_1_875' title='bbox 1061 5537 1155 5590; x_wconf 72' lang='grc' dir='ltr'><strong>καὶ</strong></span> <span class='ocrx_word' id='word_1_876' title='bbox 1180 5536 1301 5589; x_wconf 80' lang='grc' dir='ltr'>καθ’</span> <span class='ocrx_word' id='word_1_877' title='bbox 1327 5534 1460 5587; x_wconf 84' lang='grc' dir='ltr'>αὐτὸ</span> <span class='ocrx_word' id='word_1_878' title='bbox 1482 5531 1577 5585; x_wconf 93' lang='grc' dir='ltr'><strong>τοῦ</strong></span> <span class='ocrx_word' id='word_1_879' title='bbox 1618 5548 1717 5584; x_wconf 85' lang='grc' dir='ltr'>κα-</span> 
     </span>
    </p>
   </div>
   <div class='ocr_carea' id='block_1_107' title="bbox 133 5626 1715 5712">
    <p class='ocr_par' dir='ltr' id='par_1_107' title="bbox 133 5626 1715 5712">
     <span class='ocr_line' id='line_1_107' title="bbox 133 5626 1715 5712; baseline -0.011 -17"><span class='ocrx_word' id='word_1_880' title='bbox 133 5642 253 5705; x_wconf 81' lang='grc' dir='ltr'>κοῦ,</span> <span class='ocrx_word' id='word_1_881' title='bbox 269 5640 364 5694; x_wconf 81' lang='grc' dir='ltr'><strong>καί</strong></span> <span class='ocrx_word' id='word_1_882' title='bbox 382 5656 564 5712; x_wconf 88' lang='grc' dir='ltr'>φησιν·</span> <span class='ocrx_word' id='word_1_883' title='bbox 585 5637 745 5689; x_wconf 80' lang='grc' dir='ltr'>Ἀλλά</span> <span class='ocrx_word' id='word_1_884' title='bbox 766 5635 851 5698; x_wconf 86' lang='grc' dir='ltr'><strong>τίς</strong></span> <span class='ocrx_word' id='word_1_885' title='bbox 872 5634 1014 5687; x_wconf 73' lang='grc' dir='ltr'>εἴποι</span> <span class='ocrx_word' id='word_1_886' title='bbox 1037 5629 1214 5701; x_wconf 75' lang='grc' dir='ltr'>ψυχὰς</span> <span class='ocrx_word' id='word_1_887' title='bbox 1238 5628 1447 5692; x_wconf 84' lang='grc' dir='ltr'>κακάς;</span> <span class='ocrx_word' id='word_1_888' title='bbox 1474 5626 1586 5679; x_wconf 77' lang='grc' dir='ltr'><strong>Καὶ</strong></span> <span class='ocrx_word' id='word_1_889' title='bbox 1610 5626 1715 5695; x_wconf 88' lang='grc' dir='ltr'><strong>μὴν</strong></span> 
     </span>
    </p>
   </div>
   <div class='ocr_carea' id='block_1_108' title="bbox 136 5717 1716 5807">
    <p class='ocr_par' dir='ltr' id='par_1_108' title="bbox 136 5717 1716 5807">
     <span class='ocr_line' id='line_1_108' title="bbox 136 5717 1716 5807; baseline -0.013 -18"><span class='ocrx_word' id='word_1_890' title='bbox 136 5734 170 5807; x_wconf 74' lang='grc' dir='ltr'>ἦ</span> <span class='ocrx_word' id='word_1_891' title='bbox 196 5738 254 5788; x_wconf 84' lang='grc' dir='ltr'><strong>ἐν</strong></span> <span class='ocrx_word' id='word_1_892' title='bbox 277 5733 355 5803; x_wconf 78' lang='grc' dir='ltr'>τῷ</span> <span class='ocrx_word' id='word_1_893' title='bbox 379 5729 725 5799; x_wconf 83' lang='grc' dir='ltr'>συγγίνεσθαι</span> <span class='ocrx_word' id='word_1_894' title='bbox 767 5728 974 5798; x_wconf 76' lang='grc' dir='ltr'>ἑτέροις</span> <span class='ocrx_word' id='word_1_895' title='bbox 1019 5726 1209 5786; x_wconf 87' lang='grc' dir='ltr'>κακοῖς</span> <span class='ocrx_word' id='word_1_896' title='bbox 1234 5721 1294 5774; x_wconf 85' lang='grc' dir='ltr'><strong>τὸ</strong></span> <span class='ocrx_word' id='word_1_897' title='bbox 1320 5720 1487 5773; x_wconf 84' lang='grc' dir='ltr'>κακὸν</span> <span class='ocrx_word' id='word_1_898' title='bbox 1513 5721 1545 5789; x_wconf 83' lang='grc' dir='ltr'>ἡ</span> <span class='ocrx_word' id='word_1_899' title='bbox 1571 5717 1716 5787; x_wconf 71' lang='grc' dir='ltr'>ψυχὴ</span> 
     </span>
    </p>
   </div>
   <div class='ocr_carea' id='block_1_109' title="bbox 216 5843 679 5901">
    <p class='ocr_par' dir='ltr' id='par_1_109' title="bbox 216 5843 679 5901">
     <span class='ocr_line' id='line_1_109' title="bbox 216 5843 679 5901; baseline -0.011 1"><span class='ocrx_word' id='word_1_900' title='bbox 216 5848 233 5887; x_wconf 74' lang='grc' dir='ltr'><strong>ί</strong></span> <span class='ocrx_word' id='word_1_901' title='bbox 266 5847 397 5901; x_wconf 84' lang='lat' dir='ltr'><strong>an.</strong></span> <span class='ocrx_word' id='word_1_902' title='bbox 430 5859 563 5899; x_wconf 68' lang='grc' dir='ltr'>χιιι.</span> <span class='ocrx_word' id='word_1_903' title='bbox 600 5843 679 5897; x_wconf 77' lang='lat' dir='ltr'><strong>l5.</strong></span> 
     </span>
    </p>
   </div>
   <div class='ocr_carea' id='block_1_110' title="bbox 782 5824 2091 5905">
    <p class='ocr_par' dir='ltr' id='par_1_110' title="bbox 782 5824 2091 5905">
     <span class='ocr_line' id='line_1_110' title="bbox 782 5824 2091 5905; baseline -0.009 -13"><span class='ocrx_word' id='word_1_904' title='bbox 782 5843 806 5881; x_wconf 70' lang='grc' dir='ltr'>ε</span> <span class='ocrx_word' id='word_1_905' title='bbox 838 5839 969 5894; x_wconf 87' lang='lat' dir='ltr'><strong>Dan.</strong></span> <span class='ocrx_word' id='word_1_906' title='bbox 1013 5854 1086 5905; x_wconf 80' lang='lat' dir='ltr'><strong>IX,</strong></span> <span class='ocrx_word' id='word_1_907' title='bbox 1115 5836 1204 5893; x_wconf 68' lang='lat'><strong>‘25.</strong></span> <span class='ocrx_word' id='word_1_908' title='bbox 1279 5836 1306 5876; x_wconf 73' lang='grc' dir='ltr'>ιι</span> <span class='ocrx_word' id='word_1_909' title='bbox 1344 5833 1413 5889; x_wconf 85' lang='lat' dir='ltr'><strong>ls.</strong></span> <span class='ocrx_word' id='word_1_910' title='bbox 1446 5849 1518 5897; x_wconf 75' lang='grc' dir='ltr'>γι,</span> <span class='ocrx_word' id='word_1_911' title='bbox 1554 5834 1628 5890; x_wconf 78' lang='lat'><strong>&#39;0.</strong></span> <span class='ocrx_word' id='word_1_912' title='bbox 1704 5831 1718 5869; x_wconf 68' lang='grc' dir='ltr'><strong>ί</strong></span> <span class='ocrx_word' id='word_1_913' title='bbox 1754 5827 1885 5883; x_wconf 87' lang='lat' dir='ltr'><strong>an.</strong></span> <span class='ocrx_word' id='word_1_914' title='bbox 1916 5843 1969 5893; x_wconf 63' lang='grc' dir='ltr'><strong>ε,</strong></span> <span class='ocrx_word' id='word_1_915' title='bbox 2006 5824 2091 5881; x_wconf 83' lang='grc'><strong>18.</strong></span> 
     </span>
    </p>
   </div>
   <div class='ocr_carea' id='block_1_111' title="bbox 1900 5333 3397 5412">
    <p class='ocr_par' dir='ltr' id='par_1_111' title="bbox 1900 5333 3397 5412">
     <span class='ocr_line' id='line_1_111' title="bbox 1900 5333 3397 5412; baseline -0.01 -18"><span class='ocrx_word' id='word_1_916' title='bbox 1900 5340 1929 5412; x_wconf 88' lang='lat'>§</span> <span class='ocrx_word' id='word_1_917' title='bbox 1958 5337 2149 5393; x_wconf 80' lang='lat' dir='ltr'><strong>XXIV.</strong></span> <span class='ocrx_word' id='word_1_918' title='bbox 2183 5335 2403 5391; x_wconf 87' lang='lat' dir='ltr'><strong>Transit</strong></span> <span class='ocrx_word' id='word_1_919' title='bbox 2448 5334 2515 5387; x_wconf 90' lang='lat' dir='ltr'><strong>ad</strong></span> <span class='ocrx_word' id='word_1_920' title='bbox 2547 5333 2720 5388; x_wconf 87' lang='lat' dir='ltr'><strong>dictas</strong></span> <span class='ocrx_word' id='word_1_921' title='bbox 2769 5345 2964 5401; x_wconf 90' lang='lat' dir='ltr'><strong>pravas</strong></span> <span class='ocrx_word' id='word_1_922' title='bbox 3009 5343 3246 5391; x_wconf 80' lang='lat' dir='ltr'><strong>animas,</strong></span> <span class='ocrx_word' id='word_1_923' title='bbox 3275 5341 3397 5381; x_wconf 90' lang='lat' dir='ltr'><strong>ser-</strong></span> 
     </span>
    </p>
   </div>
   <div class='ocr_carea' id='block_1_112' title="bbox 1823 5422 3395 5493">
    <p class='ocr_par' dir='ltr' id='par_1_112' title="bbox 1823 5422 3395 5493">
     <span class='ocr_line' id='line_1_112' title="bbox 1823 5422 3395 5493; baseline -0.01 -5"><span class='ocrx_word' id='word_1_924' title='bbox 1823 5446 2039 5488; x_wconf 89' lang='lat' dir='ltr'><strong>monem</strong></span> <span class='ocrx_word' id='word_1_925' title='bbox 2068 5430 2121 5484; x_wconf 92' lang='lat' dir='ltr'><strong>in</strong></span> <span class='ocrx_word' id='word_1_926' title='bbox 2149 5429 2215 5483; x_wconf 92' lang='lat' dir='ltr'><strong>iis</strong></span> <span class='ocrx_word' id='word_1_927' title='bbox 2245 5441 2532 5488; x_wconf 78' lang='lat' dir='ltr'><strong>exercens,</strong></span> <span class='ocrx_word' id='word_1_928' title='bbox 2571 5441 2638 5479; x_wconf 89' lang='lat' dir='ltr'><strong>an</strong></span> <span class='ocrx_word' id='word_1_929' title='bbox 2670 5425 2884 5493; x_wconf 90' lang='lat' dir='ltr'><strong>possint</strong></span> <span class='ocrx_word' id='word_1_930' title='bbox 2912 5424 2963 5476; x_wconf 91' lang='lat' dir='ltr'><strong>in</strong></span> <span class='ocrx_word' id='word_1_931' title='bbox 3003 5422 3071 5475; x_wconf 87' lang='lat' dir='ltr'><strong>iis</strong></span> <span class='ocrx_word' id='word_1_932' title='bbox 3115 5422 3281 5476; x_wconf 89' lang='lat' dir='ltr'><strong>etiam</strong></span> <span class='ocrx_word' id='word_1_933' title='bbox 3306 5434 3395 5473; x_wconf 81' lang='lat' dir='ltr'><strong>se-</strong></span> 
     </span>
    </p>
   </div>
   <div class='ocr_carea' id='block_1_113' title="bbox 1821 5511 3393 5587">
    <p class='ocr_par' dir='ltr' id='par_1_113' title="bbox 1821 5511 3393 5587">
     <span class='ocr_line' id='line_1_113' title="bbox 1821 5511 3393 5587; baseline -0.01 -8"><span class='ocrx_word' id='word_1_934' title='bbox 1821 5525 2056 5580; x_wconf 91' lang='lat' dir='ltr'><strong>cundum</strong></span> <span class='ocrx_word' id='word_1_935' title='bbox 2085 5520 2449 5576; x_wconf 88' lang='lat' dir='ltr'><strong>substantiam</strong></span> <span class='ocrx_word' id='word_1_936' title='bbox 2473 5518 2655 5587; x_wconf 88' lang='lat' dir='ltr'><strong>aliqua</strong></span> <span class='ocrx_word' id='word_1_937' title='bbox 2679 5533 2800 5571; x_wconf 89' lang='lat' dir='ltr'><strong>esse</strong></span> <span class='ocrx_word' id='word_1_938' title='bbox 2840 5515 2977 5569; x_wconf 88' lang='lat' dir='ltr'><strong>mala</strong></span> <span class='ocrx_word' id='word_1_939' title='bbox 3005 5552 3021 5580; x_wconf 94' lang='lat'><strong>,</strong></span> <span class='ocrx_word' id='word_1_940' title='bbox 3049 5520 3103 5568; x_wconf 88' lang='lat' dir='ltr'><strong>et</strong></span> <span class='ocrx_word' id='word_1_941' title='bbox 3131 5513 3208 5565; x_wconf 89' lang='lat' dir='ltr'><strong>ait</strong></span> <span class='ocrx_word' id='word_1_942' title='bbox 3237 5528 3252 5564; x_wconf 91' lang='lat'><strong>:</strong></span> <span class='ocrx_word' id='word_1_943' title='bbox 3285 5511 3393 5565; x_wconf 83' lang='lat' dir='ltr'><strong>Sed</strong></span> 
     </span>
    </p>
   </div>
   <div class='ocr_carea' id='block_1_114' title="bbox 1822 5604 3393 5688">
    <p class='ocr_par' dir='ltr' id='par_1_114' title="bbox 1822 5604 3393 5688">
     <span class='ocr_line' id='line_1_114' title="bbox 1822 5604 3393 5688; baseline -0.01 -16"><span class='ocrx_word' id='word_1_944' title='bbox 1822 5618 1947 5688; x_wconf 86' lang='lat' dir='ltr'><strong>quis</strong></span> <span class='ocrx_word' id='word_1_945' title='bbox 1986 5616 2132 5671; x_wconf 85' lang='lat' dir='ltr'><strong>dicat</strong></span> <span class='ocrx_word' id='word_1_946' title='bbox 2176 5615 2387 5667; x_wconf 86' lang='lat' dir='ltr'><strong>animas</strong></span> <span class='ocrx_word' id='word_1_947' title='bbox 2438 5625 2560 5665; x_wconf 88' lang='lat' dir='ltr'><strong>esse</strong></span> <span class='ocrx_word' id='word_1_948' title='bbox 2606 5608 2812 5662; x_wconf 85' lang='lat' dir='ltr'><strong>malas?</strong></span> <span class='ocrx_word' id='word_1_949' title='bbox 2845 5608 3057 5663; x_wconf 85' lang='lat' dir='ltr'><strong>Etenim</strong></span> <span class='ocrx_word' id='word_1_950' title='bbox 3098 5604 3180 5659; x_wconf 87' lang='lat' dir='ltr'><strong>vel</strong></span> <span class='ocrx_word' id='word_1_951' title='bbox 3209 5620 3276 5657; x_wconf 80' lang='lat' dir='ltr'><strong>ex</strong></span> <span class='ocrx_word' id='word_1_952' title='bbox 3302 5618 3393 5668; x_wconf 78' lang='lat' dir='ltr'><strong>eo,</strong></span> 
     </span>
    </p>
   </div>
   <div class='ocr_carea' id='block_1_115' title="bbox 1824 5696 3394 5779">
    <p class='ocr_par' dir='ltr' id='par_1_115' title="bbox 1824 5696 3394 5779">
     <span class='ocr_line' id='line_1_115' title="bbox 1824 5696 3394 5779; baseline -0.006 -16"><span class='ocrx_word' id='word_1_953' title='bbox 1824 5710 1965 5779; x_wconf 87' lang='lat' dir='ltr'><strong>quod</strong></span> <span class='ocrx_word' id='word_1_954' title='bbox 2004 5724 2129 5764; x_wconf 92' lang='lat' dir='ltr'><strong>cum</strong></span> <span class='ocrx_word' id='word_1_955' title='bbox 2177 5705 2301 5760; x_wconf 89' lang='lat' dir='ltr'><strong>aliis</strong></span> <span class='ocrx_word' id='word_1_956' title='bbox 2348 5703 2508 5758; x_wconf 85' lang='lat' dir='ltr'><strong>rebus</strong></span> <span class='ocrx_word' id='word_1_957' title='bbox 2544 5701 2703 5756; x_wconf 87' lang='lat' dir='ltr'><strong>malis</strong></span> <span class='ocrx_word' id='word_1_958' title='bbox 2739 5711 3003 5769; x_wconf 84' lang='lat' dir='ltr'><strong>versetur,</strong></span> <span class='ocrx_word' id='word_1_959' title='bbox 3050 5698 3248 5754; x_wconf 81' lang='lat' dir='ltr'><strong>malum</strong></span> <span class='ocrx_word' id='word_1_960' title='bbox 3274 5696 3394 5753; x_wconf 81' lang='lat' dir='ltr'><strong>ani-</strong></span> 
     </span>
    </p>
   </div>
   <div class='ocr_carea' id='block_1_116' title="bbox 2196 5819 2729 5899">
    <p class='ocr_par' dir='ltr' id='par_1_116' title="bbox 2196 5819 2729 5899">
     <span class='ocr_line' id='line_1_116' title="bbox 2196 5819 2729 5899; baseline -0.009 -21"><span class='ocrx_word' id='word_1_961' title='bbox 2196 5823 2244 5899; x_wconf 44' lang='grc' dir='ltr'><strong>ι-</strong></span> <span class='ocrx_word' id='word_1_962' title='bbox 2275 5820 2409 5893; x_wconf 82' lang='lat' dir='ltr'><strong>Cap.</strong></span> <span class='ocrx_word' id='word_1_963' title='bbox 2445 5835 2636 5890; x_wconf 81' lang='lat' dir='ltr'><strong>xxvm,</strong></span> <span class='ocrx_word' id='word_1_964' title='bbox 2675 5819 2729 5873; x_wconf 86' lang='lat'><strong>7.</strong></span> 
     </span>
    </p>
   </div>
  </div>
