3866 6234
510 294 613 351 799
1686 296 1742 351 S.
1782 292 2083 351 DlONYSli
2120 292 2579 350 AREOPAGITE
3708 299 3797 357 810

508 430 597 471 tua
635 414 881 479 habebit,
926 414 1009 470 vel
1040 415 1183 484 quod
1212 431 1241 470 a
1278 415 1574 485 semetipsa
1604 416 1934 485 depravetur
1970 435 1982 471 :
2022 417 2090 472 si-

2196 416 2327 482 ἕξει,
2359 414 2390 485 ἢ
2420 415 2513 483 ἀφ’
2540 414 2738 485 ἑαυτῆς
2764 413 3077 468 κακύνεται·
3109 414 3157 466 εί
3186 413 3285 484 μὲν
3319 414 3378 467 ὲν
3416 413 3502 485 τῷ
3534 415 3795 482 σίῦγγίνε-

505 505 724 576 qnidem
760 519 830 559 ex
864 508 1324 573 conversatione,
1379 509 1464 563 vel
1512 518 1572 564 ut
1620 508 1761 562 mala
1816 509 1981 563 simili
2030 526 2089 565 se

2195 508 2391 577 σθαι,ἢ
2419 507 2495 571 ὼς
2522 507 2666 578 κακὴ
2696 506 3027 576 συγγίνεται,
3054 504 3133 576 τῷ
3148 505 3319 576 ὁμοίῳ
3344 505 3793 577 προστρέχουσα,

505 598 789 667 cnnjungit
822 598 872 651 ci
900 614 1221 666 occurrens,
1254 601 1338 655 vel
1391 611 1446 655 ut
1497 602 1662 665 bona,
1707 617 1815 671 quo
1844 600 1986 657 forte
2015 603 2089 657 illi

2195 599 2224 671 ἢ
2253 600 2328 663 ὡς
2360 599 2559 671 ἀγαθὴ,
2590 599 2676 652 ἵνα
2700 600 2859 669 τυχὸν
2875 598 3154 671 ὠφελήσῃ,
3180 598 3323 652 κατὰ
3344 599 3407 652 rb
3429 602 3493 653 ἐν
3522 600 3616 669 τῷ
3647 601 3796 652 ’Διπ-

505 690 720 761 prosit,
762 691 919 759 juxta
961 693 1165 745 dictum
1201 694 1485 763 Apostoli:
1518 692 1719 748 Factus
1764 712 1880 749 sum
1911 697 1975 748 iis
1999 697 2090 764 qui

2195 690 2365 762 στόλῳ
2388 692 2679 762 λεγόμενον
2704 709 2716 721 °
2751 693 3079 761 Ἐγενόμην
3116 690 3238 756 τοῖς
3271 691 3532 761 ἀνόμοις
3558 693 3651 758 ὡς
3672 694 3794 745 ἆνε-

503 786 618 837 sine
640 785 750 853 lege
775 792 947 847 erant,
978 796 1230 856 tanquam
1261 788 1374 841 sine
1405 789 1515 857 lege
1550 786 1592 853 ι,
1630 796 1683 842 et
1705 789 1819 842 inec
1844 804 1949 842 non
1966 798 2094 843 sunt

507 875 669 939 mala,
704 876 959 943 quondam
985 890 1217 947 utraque
1248 888 1302 934 et
1338 879 1563 949 provide
1592 878 1757 951 417
1787 888 1841 935 et
1882 880 2089 935 saluta-

508 964 644 1019 riter
672 965 826 1030 fiunt,
865 965 994 1020 dum
1031 968 1289 1023 nimirum
1321 972 1501 1024 anima
1547 971 1728 1025 studet
1771 970 1852 1025 vel
1889 970 2089 1026 malum

510 1054 745 1120 evitare,
780 1054 863 1108 vel
916 1057 971 1108 in
1006 1055 1207 1110 bonum
1254 1069 1614 1113 commutare.
1668 1057 1803 1113 lllud
1852 1059 2089 1129 primum

507 1145 714 1213 itaque,
746 1150 891 1213 quod
926 1155 1186 1216 tanquam
1231 1149 1370 1203 mala
1400 1166 1522 1203 cum
1552 1150 1711 1206 malis
1741 1160 1932 1217 coeat,
1966 1166 2093 1221 pro-

507 1238 761 1291 videntia!
784 1252 1004 1307 qunque
1036 1253 1099 1293 ac
1130 1237 1325 1294 salutis
1355 1240 1622 1294 rationein
1665 1241 1849 1307 liabet,
1884 1241 2094 1296 scilicet

507 1332 824 1399 apparentis
863 1339 918 1383 et
960 1346 1070 1384 non
1121 1331 1347 1387 omnino
1392 1347 1574 1399 verm;
1623 1335 1878 1402 quoniam
1925 1349 2091 1405 prava

504 1422 686 1473 anima
742 1430 939 1485 curat,
973 1429 1032 1474 ut
1065 1430 1314 1475 servetur
1344 1423 1543 1477 malum
1576 1425 1625 1479 in
1670 1426 1737 1480 iis
1766 1425 2093 1495 quibuscum

505 1509 899 1579 congreditur:
934 1511 1036 1566 hoc
1070 1512 1231 1565 modo
1277 1514 1597 1582 aggreditur
1638 1514 1733 1584 qui
1778 1526 1999 1571 sanctos
2025 1518 2093 1573 ab

508 1600 665 1656 initio
696 1602 871 1671 cepit;
911 1604 1040 1675 quia
1067 1603 1168 1656 sub
1189 1602 1314 1659 boni
1338 1605 1520 1670 specie
1539 1607 1909 1674 congreditur,
1928 1617 1988 1662 ut
2012 1608 2099 1663 ni-

506 1694 705 1748 mirum
745 1698 950 1761 prosit,
988 1705 1043 1750 et
1074 1697 1152 1751 sic
1180 1707 1391 1753 noceat.
1419 1696 1670 1753 Praeterit
1716 1699 1803 1754 hic
1834 1700 2087 1769 alterum,

2186 801 2319 854 μος·
2356 784 2451 837 καὶ
2476 784 2647 837 ταῦτα
2670 785 2770 837 οὐκ
2796 784 2909 836 ἔστι
2934 783 3079 836 κακά
3097 823 3111 846 ,
3137 784 3259 837 ἐπεί
3283 784 3363 836 τοί
3390 802 3457 853 γε
3485 786 3599 837 καὶ
3627 784 3794 854 ἀμφό-

2190 892 2323 946 τερα
2351 875 2725 947 προνοητικῶς
2740 893 2799 929 τε
2826 878 2919 930 καὶ
2943 877 3224 941 σωστικῶς
3245 876 3515 946 γίνονται,
3540 895 3793 947 προνοου-

2196 966 2365 1036 μένης
2392 966 2493 1037 τῆς
2520 967 2697 1038 ψυχῆς
2727 960 2838 1020 οἷον
2865 967 2897 1038 ἥ
2925 966 3153 1037 φυλάξαι
3178 968 3240 1020 rb
3260 968 3452 1031 κακὸν,
3481 968 3524 1039 ἢ
3559 970 3794 1038 μεταὸα-

2192 1059 2303 1112 λεῖν
2348 1062 2427 1124 είς
2470 1060 2532 1113 rb
2570 1059 2793 1129 ἀγαθόν.
2824 1061 2977 1131 Ἔχει
3018 1060 3149 1129 γοῦν
3174 1062 3269 1114 καὶ
3291 1061 3352 1113 τὸ
3386 1062 3697 1131 πρότερον,
3722 1063 3791 1114 ὅτι

2196 1151 2508 1221 συγγίνεται
2531 1152 2607 1215 ὡς
2631 1152 2776 1223 κακὴ
2803 1155 2915 1216 τοῖς
2942 1155 3156 1217 κακοῖς,
3181 1152 3387 1206 ἔννοιαν
3410 1154 3692 1223 προνοίας
3712 1156 3793 1209 καὶ

2196 1246 2488 1317 σωτηρίας,
2533 1245 2863 1317 φαινομένης
2908 1246 2965 1298 δὲ
2987 1287 3001 1313 ,
3031 1246 3123 1299 καὶ
3153 1247 3227 1319 μὴ
3250 1246 3523 1317 ἀληθινῆς
3554 1246 3787 1310 πάντως,

2194 1338 2277 1391 ὅτι
2304 1335 2673 1408 προνοουμένη
2698 1339 2731 1406 ἡ
2762 1336 2905 1408 κακὴ
2927 1336 3106 1408 ψυχὴ,
3140 1337 3228 1391 ῖνα
3254 1335 3505 1407 σώζηται
3536 1337 3607 1390 rb
3635 1340 3790 1390 κακὸν

2195 1423 2278 1491 οἷς
2307 1426 2636 1496 συγγίνεται.
2670 1426 2770 1478 Διά
2803 1426 2960 1479 τοῦτο
2984 1428 3295 1496 συγγίνεται
3320 1429 3348 1480 ό
3383 1430 3447 1481 ὲν
3471 1431 3603 1492 τοῖς
3628 1429 3788 1497 ἁγίοις

2195 1519 2431 1592 ἀρχῆθεν
2453 1516 2653 1582 λαὸὼν,
2681 1518 2762 1571 ὃτι
2787 1517 2861 1582 ὠς
2885 1518 3062 1590 ἀγαθὴ
3091 1518 3400 1588 συγγίνεται
3421 1559 3437 1585 ,
3481 1521 3561 1572 ἵν’
3589 1520 3789 1589 (been,

2199 1629 2268 1686 σῃ
2288 1610 2486 1685 δηλαδὴ
2513 1612 2608 1664 καὶ
2647 1610 2737 1663 διὰ
2759 1610 2915 1664 τοῦτο
2947 1610 3271 1683 βλάπτηται·
3300 1611 3567 1684 παριδὼν
3588 1614 3653 1666 rb
3686 1614 3787 1665 ἓτε-

2202 1721 2292 1778 ρον
2315 1742 2331 1769 ,
2370 1703 2434 1757 τὸ
2469 1702 2544 1768 ὼς
2579 1701 2725 1774 κακὴ
2769 1702 3026 1766 πολλάκις
3066 1702 3371 1773 συγγίνεται
3414 1706 3542 1768 τοῖς
3582 1708 3782 1766 κακοῖς,

505 1786 650 1854 quod
700 1796 958 1856 tanquam
1008 1788 1149 1841 mala
1190 1804 1567 1857 saepenumero
1606 1805 1731 1845 cum
1775 1792 1934 1848 malis
1964 1808 2087 1848 con-

2195 1776 2713 1868 έπεξεργαζόμενος,
2741 1794 2824 1847 ὅτι
2850 1793 3013 1847 καλόν
3040 1796 3160 1847 ἐστι
3187 1794 3345 1848 τοῦτο
3375 1794 3526 1849 καθὸ
3561 1798 3783 1867 προνοεῖ-

504 1875 822 1945 grediatur,
874 1875 1113 1931 inferens
1173 1878 1277 1933 hoc
1326 1892 1450 1932 esse
1481 1877 1704 1943 bonum,
1736 1880 1790 1932 in
1825 1890 2087 1948 quantum

505 1968 573 2022 iis
602 1983 721 2037 quae
766 1969 974 2037 perdita
1022 1980 1148 2023 sunt
1194 1969 1486 2024 consulere
1530 1984 1596 2023 ac
1640 1971 1867 2025 salutem
1896 1969 2093 2027 afferre

504 2061 675 2128 cupit,
711 2061 927 2115 tametsi
965 2076 1074 2116 non
1108 2062 1308 2131 possit,
1337 2064 1432 2117 sed
1463 2063 1646 2132 p0tius
1683 2063 1915 2134 ipsamet
1962 2064 2092 2119 mali

504 2154 781 2223 particeps
830 2155 1113 2213 reddatur.
1158 2155 1240 2209 Ad
1283 2159 1586 2211 secundum
1617 2157 1721 2213 hoc
1761 2168 1967 2213 tantum
1995 2176 2093 2232 op-

506 2247 701 2316 ponit:
732 2246 887 2314 Quod
923 2248 969 2302 si
1003 2256 1263 2319 tanquam
1298 2248 1439 2304 bona
1468 2252 1827 2322 congreditur
1864 2264 1923 2309 ut
1962 2271 2093 2327 pro—

504 2347 596 2404 σοι,
625 2349 680 2394 et
708 2354 805 2409 per
862 2339 966 2395 hoc
1010 2352 1229 2404 noceat,
1273 2358 1381 2397 non
1416 2344 1533 2413 jam
1573 2350 1679 2399 boc
1730 2345 1953 2412 malum,
1995 2348 2090 2404 sed

505 2432 731 2496 bonum,
756 2442 810 2486 et
834 2446 898 2487 ex
934 2432 1076 2487 bono
1098 2434 1245 2503 quod
1272 2435 1439 2490 etiam
1475 2437 1677 2492 malum
1713 2438 1913 2493 bonum
1935 2440 2087 2498 facit.

506 2520 663 2588 Quod
701 2523 745 2578 si
780 2539 889 2577 non
925 2524 1055 2587 hoc,
1108 2526 1202 2578 sed
1248 2525 1480 2581 alterum
1527 2530 1914 2597 concedamus,
1947 2534 2091 2603 quod

505 2614 766 2669 uiinirum
816 2617 1003 2671 anima
1048 2618 1377 2689 depravetur
1414 2635 1444 2673 a
1485 2625 1817 2693 semetipsa,
1847 2638 2088 2693 quanam

505 2706 613 2762 alia
642 2720 700 2762 re
726 2707 1079 2777 depravetur,
1114 2725 1279 2779 quam
1304 2711 1615 2769 defectione
1656 2715 1962 2771 bonorum?
1986 2717 2093 2774 Ne-

504 2812 779 2866 quaquam
808 2813 940 2853 sane
968 2799 1025 2853 in
1050 2801 1337 2872 supposito
1365 2804 1551 2874 aliquo
1577 2805 1721 2859 malo
1741 2806 2089 2877 depravatur,

505 2888 651 2943 sicut
693 2888 1004 2959 exemplum
1050 2890 1181 2944 illud
1227 2895 1292 2946 de
1322 2908 1453 2949 aere
1494 2895 1688 2961 habet;
1730 2912 1908 2967 neque
1940 2901 2085 2956 enim

505 2980 710 3035 malum
741 2991 829 3037 est
867 2983 1052 3052 aliqua
1098 2985 1425 3052 subatautia,
1471 3000 1652 3057 neque
1684 2991 1956 3058 potentia,
1992 3007 2091 3046 ne-

504 3087 614 3143 que
662 3074 837 3141 actio,
888 3076 986 3131 sed
1024 3076 1275 3133 defectus
1316 3090 1371 3133 et
1402 3081 1648 3135 carentia
1692 3081 2086 3151 perfectionis:

505 3163 581 3218 ita
612 3180 714 3220 nos
763 3166 854 3235 qui
890 3178 1075 3223 mente
1121 3184 1187 3225 ac
1237 3171 1451 3226 ratione
1505 3172 1779 3242 regimur,
1825 3173 2092 3229 invadunt

508 3254 794 3323 passiones
835 3271 930 3327 per
971 3259 1245 3315 defectum
1291 3262 1605 3329 bonorum;
1638 3274 1691 3319 et
1728 3264 1931 3319 idcirco
1979 3279 2089 3321 non

501 3358 636 3408 sunt
667 3350 795 3419 ipsa:
840 3366 938 3421 per
986 3366 1047 3407 se
1079 3353 1269 3419 malae,
1307 3356 1361 3409 in
1386 3365 1650 3425 quantum
1698 3368 1825 3412 sunt
1857 3358 2086 3427 aliquid,

518 3443 615 3496 sed
646 3441 804 3497 mala:
850 3453 1010 3511 sunt,
1055 3449 1199 3517 quod
1228 3463 1335 3503 non
1364 3452 1475 3505 sint
1520 3451 1575 3504 in
1598 3452 1743 3506 bono
1786 3452 1880 3507 sed
1908 3454 1975 3507 ab
2001 3452 2091 3507 illo

506 3532 788 3589 deliciam.

581 3620 813 3698 §XXV.
862 3629 922 3684 ln
955 3630 1291 3687 animalibus
1337 3641 1519 3687 autem
1572 3634 1755 3689 brutis
1804 3636 2090 3705 passiones

507 3718 628 3773 ista:
662 3734 770 3774 non
795 3730 1009 3777 tantum
1050 3738 1161 3778 non
1198 3734 1328 3778 sunt
1360 3725 1517 3779 make
1558 3727 1884 3796 simpliciter
1910 3736 1965 3782 et
1996 3730 2094 3783 ab-

507 3812 706 3879 solute,
733 3814 867 3883 quiu
898 3816 1091 3882 etiam,
1127 3818 1175 3871 si
1204 3817 1323 3871 illas
1349 3818 1642 3875 abstuleris
1667 3821 1735 3877 ab
1766 3823 2092 3881 animalibus

507 3905 709 3973 quibus
753 3906 972 3971 insunt,
1012 3923 1082 3963 ne
1123 3909 1428 3965 istiusmodi
1456 3913 1675 3980 quidem
1718 3914 1975 3969 animalia
2010 3915 2093 3972 fu-

511 4008 635 4051 tura
665 3998 779 4052 sint
804 4000 991 4068 qualia
1014 4001 1302 4067 dicuntur;
1332 4002 1404 4056 ita
1440 4011 1519 4067 ut,
1550 4020 1672 4059 cum
1703 4017 1956 4061 naturam
1979 4023 2095 4064 ma-

508 4091 593 4159 gis
626 4104 965 4148 conservent
996 4110 1161 4165 quam
1198 4096 1538 4164 interimant,
1574 4114 1917 4170 nequaquam
1952 4102 2091 4156 mala

507 4186 653 4253 sint;
689 4186 957 4257 siquidem
991 4200 1201 4243 natura:
1234 4190 1519 4256 interitus,
1548 4190 1781 4247 defectio
1804 4203 1889 4248 est
1936 4196 2093 4251 liabi-

512 4288 665 4331 tuum
707 4279 1043 4333 naturalium
1077 4289 1131 4335 et
1172 4282 1450 4337 actionum
1497 4292 1660 4353 atque
1695 4284 1976 4340 virtutum.
2028 4288 2096 4343 Et

507 4385 631 4425 cum
661 4372 953 4440 generatio
981 4374 1205 4443 quidam
1235 4384 1417 4429 motus
1442 4376 1690 4441 exsistat,
1712 4379 1895 4431 omnis
1912 4389 2092 4434 autem

2195 1889 2317 1944 σθαι
2355 1890 2451 1945 καὶ
2488 1889 2682 1953 σώζειν
2722 1887 2865 1941 θέλει
2901 1886 2971 1939 τὰ
3004 1887 3371 1959 ἀπολλύμενα,
3416 1890 3468 1941 εξ
3498 1891 3602 1941 καὶ
3626 1891 3685 1941 οὐ
3706 1887 3782 1939 δύο

2192 2000 2384 2048 ναται,
2430 1981 2568 2037 ἀλλά
2598 1982 2798 2055 μᾶλλον
2838 1979 3216 2054 παραπολαύει
3256 1979 3351 2033 τοῦ
3388 1980 3608 2033 κακοῦ⁶
3662 1980 3783 2049 πρὸς

2191 2076 2254 2130 rb
2288 2075 2538 2148 δεύτερον
2580 2075 2740 2129 τοῦτο
2777 2075 2936 2147 μόνον
2970 2073 3223 2145 ἀπαντᾷ,
3250 2072 3366 2125 ὅτι’
3413 2073 3482 2125 Et
3512 2073 3596 2136 ὡς
3618 2072 3779 2141 ἀγαθὴ

2195 2166 2530 2236 συγγίνεται,
2560 2166 2626 2219 ἵν’
2655 2166 2938 2239 ὠφελήσῃ,
2967 2166 3060 2220 καὶ
3084 2164 3173 2218 διὰ
3194 2163 3353 2217 τοῦτο
3380 2163 3778 2234 ﬁlii-sterath

2192 2260 2362 2313 κακὸν
2383 2259 2565 2325 τοῦτο,
2601 2258 2718 2313 ἀλλ’
2746 2258 2974 2329 ἀγαθὸν,
3001 2259 3094 2312 καὶ
3119 2260 3185 2311 ὲκ
3208 2257 3451 2327 τάγαθοῦ
3487 2258 3592 2311 τοῦ
3621 2259 3710 2310 καὶ
3728 2256 3777 2307 τὸ

2192 2352 2363 2406 κακὸν
2402 2352 2784 2421 ἀγαθύνοντος.
2829 2352 2892 2404 El
2935 2350 2993 2404 δὲ
3022 2349 3097 2423 μὴ
3123 2349 3315 2415 οὕτως,
3346 2349 3497 2403 ἀλλά
3521 2351 3587 2403 rb
3610 2349 3779 2419 ἕτερον

2191 2446 2435 2519 δώσομεν
2456 2487 2470 2511 ,
2515 2447 2598 2499 ὅτι
2636 2446 2731 2516 ἀφ’
2770 2444 2969 2515 ἑαυτῆς
2993 2443 3285 2497 κακύνεται
3311 2446 3344 2516 ἡ
3369 2443 3530 2515 ψυχὴ
3551 2485 3567 2509 ,
3608 2446 3666 2495 ὲν
3688 2443 3777 2494 τίνι

2192 2536 2339 2609 ἄλλῳ
2384 2536 2677 2591 κακύνεται
2723 2536 2960 2599 πάντως,
3008 2535 3058 2588 εί
3090 2534 3164 2607 μὴ
3206 2537 3265 2587 ὲν
3303 2538 3368 2607 τῇ
3396 2534 3652 2605 ἐλλείψει
3684 2534 3778 2585 τῶν

2191 2632 2415 2703 ἀγαθῶν
2439 2649 2454 2699 ;
2479 2631 2553 2685 Οὐ
2582 2629 2688 2702 μὴν
2728 2628 2787 2683 δὲ
2823 2628 2881 2681 ἓν
2916 2644 3023 2682 τινι
3050 2628 3346 2681 ὑποστάσει
3374 2626 3459 2699 τῷ
3501 2626 3662 2697 κακῷ
3684 2644 3771 2679 κα-

2192 2728 2449 2789 κύνεται,
2492 2722 2674 2786 καθὼς
2715 2721 2809 2775 καὶ
2845 2720 2907 2774 rb
2934 2720 3064 2793 περὶ
3102 2720 3191 2774 τὸν
3218 2720 3356 2789 ἀέρα
3379 2719 3505 2790 ἔχει
3536 2719 3777 2789 παράδει-

2192 2834 2310 2889 γμα
2328 2834 2342 2847 ·
2372 2816 2494 2871 οὔτε
2522 2814 2632 2886 γὰρ
2656 2813 2812 2867 οὐσία
2836 2812 2920 2877 τίς
2946 2813 3061 2865 ἐστι
3080 2812 3141 2865 rb
3164 2810 3351 2877 κακὸν,
3376 2810 3511 2864 οὒτε
3540 2812 3772 2882 δύναμις,

2191 2909 2315 2965 οὔτε
2352 2908 2622 2978 ἐνέργεια,
2669 2907 2783 2961 ἀλλ’
2808 2905 3045 2976 ἔλλειψις
3072 2906 3167 2959 καὶ
3200 2905 3405 2978 ἐρημία
3434 2906 3545 2977 τῆς
3574 2903 3773 2957 τελειώ-

2195 3018 2332 3065 σεως
2347 3016 2361 3031 ⁶
2391 3001 2486 3055 καὶ
2506 2998 2591 3070 ἐφ’
2619 3000 2750 3070 ἡμῖν
2770 2997 2840 3052 τά
2863 2995 3010 3068 πάθη
3040 2996 3135 3050 ἅτε
3161 2994 3399 3065 λογικοῖς
3425 2991 3560 3049 οὖσι
3601 2997 3691 3049 καὶ
3712 2994 3772 3063 νῷ

2117 3119 2165 3184 c
2194 3092 2628 3166 κυὸερνωμιένοις
2647 3132 2663 3158 ,
2709 3090 2829 3144 κατ’
2860 3088 3096 3184 ἔλλειψιν
3123 3086 3241 3184 τῶν
3544 3088 3773 3184 ἐπεισέρ-

2192 3202 2395 3261 χονται·
2415 3187 2511 3240 καὶ
2535 3184 2624 3240 διὰ
2649 3182 2835 3247 τοῦτο,
2862 3181 2921 3235 οὐ
2946 3178 3093 3235 κακά
3120 3179 3242 3233 καθ’
3272 3179 3435 3246 αὐτὰ,
3464 3182 3555 3235 ὅτι
3582 3182 3685 3234 εἰσί
3708 3198 3767 3244 τι,

2191 3277 2339 3334 κακά
2360 3276 2438 3342 δὲ,
2463 3277 2546 3330 ὅτι
2568 3277 2668 3330 οὐκ
2690 3274 2828 3329 εἰσὶν
2869 3274 2928 3328 ἑν
2954 3271 3034 3344 τῷ
3062 3270 3271 3343 ἀγαθῷ,
3299 3270 3413 3327 ἀλλ’
3452 3275 3672 3328 ἐκείνου
3696 3273 3769 3325 ἑλ-

2191 3368 2489 3424 λείπονται.

2266 3642 2295 3716 ς
2328 3639 2496 3696 ΧΠ.
2534 3639 2659 3695 Ἐπὶ
2682 3639 2739 3694 δὲ
2764 3641 2875 3703 τοῖς
2901 3638 3114 3707 ἀλόγοις
3141 3634 3301 3701 ζώοις
3326 3633 3395 3689 τὰ
3424 3635 3585 3707 πάθη
3605 3630 3768 3687 τοσοῦ-

2190 3751 2281 3787 τον
2303 3733 2405 3787 οὐκ
2431 3732 2535 3786 εἰσὶ
2570 3732 2716 3785 κακὰ
2742 3731 2929 3795 ἁπλῶς
2953 3731 3047 3783 καὶ
3072 3728 3353 3795 ὁλοτελῶς,
3377 3727 3531 3782 ὥστε
3572 3730 3661 3782 καὶ
3691 3726 3769 3779 ἐὰν

2191 3825 2387 3898 ἀνέλῃς
2413 3823 2585 3881 ταῦτα
2606 3823 2715 3877 ἀπὸ
2736 3822 2844 3877 τῶν
2868 3822 3101 3893 ἐχόντων
3126 3820 3263 3874 αὐτὰ
3299 3819 3484 3886 ζώων,
3517 3822 3638 3874 οὐδὲ
3674 3819 3767 3882 ζῶα

2192 3917 2422 3973 τοιαῦτά
2460 3918 2597 3970 εἰσιν
2640 3910 2730 3970 οἶα
2768 3914 3049 3984 λέγονταιο
3096 3912 3261 3977 ὥστε,
3306 3913 3429 3965 ἐπεὶ
3462 3912 3666 3985 μᾶλλον
3688 3928 3768 3979 φυ-

2192 4010 2451 4065 λάσσουσι
2487 4009 2583 4062 καὶ
2624 4008 2685 4061 οὐ
2732 4007 3012 4078 φθείρουσι
3040 4005 3140 4079 τὴν
3164 4006 3344 4075 φύσιν,
3386 4005 3449 4057 οὐ
3684 4002 3764 4070 τῆς

2192 4103 2410 4174 φύσεως
2448 4101 2557 4175 γὰρ
2596 4100 2774 4173 φθορά
2818 4099 3052 4170 ἔλλειψις
3084 4099 3193 4152 τῶν
3229 4099 3481 4169 φυσικῶν
3506 4098 3667 4163 ἕξεων
3687 4096 3765 4148 καὶ

2194 4195 2482 4268 ἐνεργειῶν
2505 4194 2601 4248 καὶ
2626 4192 2911 4264 δυνάμεῶν
2935 4194 3069 4246 ἐστι.
3100 4193 3212 4246 Καὶ
3248 4192 3369 4245 ἐπεὶ
3391 4193 3551 4246 ἐστιν
3578 4194 3610 4263 ἡ
3635 4190 3763 4259 γένε-

2196 4306 2279 4353 σις
2304 4288 2535 4360 κίνησις,
2566 4288 2715 4340 πᾶσα
2739 4285 2794 4338 δὲ
2818 4285 3029 4357 κίνησις
3056 4286 3115 4338 ὲν
3150 4284 3324 4356 χρόνῳ
3355 4284 3479 4337 ἐστὶ
3507 4285 3601 4338 καὶ
3636 4282 3691 4345 ἐξ
3711 4278 3758 4331 οὐ

2196 4382 2404 4436 τελείου
2438 4383 2517 4445 είς
2541 4379 2603 4433 τὸ
2626 4378 3000 4449 τελειωθῆναι,
3024 4377 3145 4431 οὐδὲ
3179 4379 3239 4431 rb
3281 4377 3475 4443 ἀτελὲς
3504 4380 3609 4450 ἄρα
3636 4375 3757 4445 παρὰ

507 4472 685 4517 motus
724 4465 796 4517 sit
835 4463 889 4519 in
934 4472 1197 4534 tempore,
1239 4476 1294 4520 et
1336 4466 1641 4536 imperfecti
1675 4468 1743 4522 ad
1795 4467 2087 4539 perfectio-

2196 4474 2390 4546 φύσιν,
2426 4472 2541 4528 ἀλλ’
2590 4473 2742 4537 ἐντὸς
2770 4472 2869 4542 τῆς
2914 4468 3129 4539 φύσεώς
3174 4472 3291 4524 ἐστι
3332 4470 3437 4540 τῆς
3480 4468 3756 4538 πεφυκυίας

508 4569 654 4621 nem,
697 4557 881 4627 utique
922 4572 1020 4613 nec
1055 4558 1402 4627 imperfectio
1439 4571 1630 4615 contra
1677 4570 1930 4615 naturam
1965 4572 2084 4629 est,

505 4650 600 4700 sed
629 4649 680 4701 in
711 4660 907 4703 natura
949 4664 1071 4719 quae
1113 4652 1283 4720 exigit
1323 4653 1603 4722 suscipere
1650 4651 2082 4723 perfectionem;

507 4740 650 4793 unde
677 4756 893 4811 quoque
923 4743 1154 4810 ipsamet
1194 4744 1544 4813 imperfectio
1590 4760 1699 4801 non
1738 4754 1824 4801 est
1861 4747 2087 4802 omnino

507 4831 681 4897 nihil,
720 4848 843 4887 cum
883 4850 992 4889 non
1035 4836 1107 4890 sit
1153 4839 1377 4893 omnino
1424 4848 1615 4892 contra
1649 4847 1926 4894 naturam.
1973 4838 2086 4895 lloc

506 4931 687 4979 autent
715 4926 869 4992 dicit,
895 4937 953 4981 ut
978 4944 1143 4998 supra
1191 4930 1356 4986 dictis
1385 4947 1610 4986 sensum
1640 4932 1888 5002 adaptet;
1935 4933 2090 4990 dixe-

510 5027 596 5072 rat
628 5018 774 5073 euiiu
809 5019 913 5086 ibi,
951 5023 1095 5090 quod
1134 5023 1179 5077 si
1227 5024 1410 5078 anima
1450 5023 1818 5095 depravatur,
1872 5038 2091 5096 pertur-

507 5108 730 5166 batione
755 5112 1109 5180 depravatur;
1135 5117 1476 5185 perturbatio
1506 5126 1689 5172 autem
1720 5133 1825 5172 non
1843 5128 1940 5175 est
1968 5135 2090 5175 ma-

506 5205 619 5261 lum
657 5206 876 5277 aliqubd
906 5209 1232 5275 subsistens,
1274 5212 1369 5267 sed
1413 5211 1658 5267 defectus
1686 5211 1855 5285 418
1895 5223 1950 5269 et
1988 5231 2090 5270 va-

506 5302 685 5357 cuitas
707 5303 976 5358 bonorum
996 5303 1383 5375 perfectionis;
1405 5310 1518 5366 haec
1541 5320 1722 5366 autem
1746 5311 2088 5381 imperfectio

507 5410 593 5455 est
620 5415 636 5455 :
669 5402 813 5471 quod
850 5402 1038 5474 itaque
1089 5405 1469 5475 imperfectum
1505 5418 1610 5476 est,
1641 5423 1748 5464 non
1778 5417 1863 5464 est
1895 5416 2087 5464 contra

510 5505 805 5561 naturam,
857 5500 1297 5570 quandoquidem
1342 5504 1506 5559 etiam
1565 5520 1632 5560 ex
1692 5506 1797 5560 hoc
1844 5505 2089 5559 nondum

513 5588 811 5645 exsisteute
844 5592 1146 5662 perfectum
1196 5596 1327 5667 quid
1375 5595 1648 5669 gignatur.
1714 5595 1772 5652 Si
1819 5595 1986 5667 igitur
2034 5595 2089 5652 id

594 5765 614 5808 ι
651 5769 670 5824 l
702 5772 813 5828 Cor
862 5786 940 5841 tr,
969 5772 1057 5829 21.

2194 4566 2450 4634 δέξασθαι
2495 4565 2594 4637 τὴν
2638 4564 2979 4634 τελειότηταο
3028 4562 3151 4616 ὅθεν
3195 4562 3290 4615 καὶ
3333 4562 3398 4615 τὸ
3447 4563 3634 4624 ἀτελὲς
3675 4559 3752 4611 οὐκ

2196 4658 2311 4712 ἔστι
2362 4656 2639 4720 παντελῶς
2691 4655 2765 4727 μὴ
2796 4655 2888 4720 ὃν,
2936 4655 3059 4709 ἐπεὶ
3102 4656 3164 4707 οὐ
3217 4653 3395 4724 πάντη
3440 4653 3591 4726 παρὰ
3622 4650 3751 4720 φύσιν

2195 4752 2331 4806 ἐστί.
2367 4750 2537 4805 Τοῦτο
2568 4749 2623 4804 δὲ
2654 4748 2841 4817 λέγει,
2877 4746 3013 4819 πρὸς
3043 4746 3104 4800 rb
3136 4746 3247 4799 ἀνω
3282 4745 3634 4818 συναρμόζων
3672 4740 3747 4810 τὴν

2195 4845 2431 4898 ἔννοιαν·
2470 4841 2621 4911 ἔλεγε
2642 4840 2752 4912 γὰρ
2785 4842 2986 4903 ἐκεῖσε,
3021 4839 3102 4891 ὅτι
3135 4838 3185 4890 εί
3218 4836 3519 4891 κακὺνεται
3550 4837 3583 4907 ή
3611 4831 3744 4903 ψυχὴν

2197 4943 2255 4994 ὲν
2286 4938 2364 5011 τῷ
2396 4938 2556 4993 πάθει
2590 4935 2885 4990 κακύνεται
2904 4950 2917 4963 ’
2954 4932 3015 4985 τὸ
3045 4931 3103 4985 δὲ
3135 4931 3306 4995 πάθος
3338 4931 3445 4985 οὐκ
3491 4929 3743 4986 ὲνυπόπα-

2196 5050 2286 5087 τον
2319 5032 2485 5085 κακόν
2519 5033 2687 5094 ἐστιν,
2723 5027 2838 5081 ἀλλ’
2873 5025 3107 5095 ἔλλειψίς
3141 5028 3278 5089 ἐστι,
3315 5025 3414 5077 καὶ
3447 5022 3641 5095 ἐρημία
3665 5017 3742 5085 τῆς

2196 5126 2305 5181 τῶν
2337 5124 2555 5194 ἀγαθῶν
2587 5122 2924 5192 τελειότητος
2943 5136 2956 5151 ·
3007 5119 3145 5191 αὕτη
3178 5119 3235 5171 δὲ
3279 5118 3504 5173 ἀτέλεια
3535 5121 3637 5171 ἐστι
3657 5130 3668 5142 ’
3694 5109 3739 5161 τὸ

2196 5217 2326 5289 γοῦν
2371 5216 2558 5280 ἀτελὲς
2600 5216 2660 5268 οὺ
2708 5212 2860 5283 παρὰ
2910 5210 3070 5280 φύσιν
3119 5210 3299 5275 ἐστὶν,
3336 5211 3464 5263 ἐπεὶ
3496 5213 3556 5263 ὲκ
3583 5204 3739 5259 τούτου

2194 5313 2295 5367 οὐκ
2327 5311 2718 5380 ἐνυπάρχοντος
2749 5306 2811 5360 rb
2840 5306 3044 5359 τέλειον
3076 5306 3300 5373 γίνεται.
3336 5304 3403 5356 Εἰ
3438 5302 3565 5372 γοῦν
3591 5300 3642 5353 οὐ
3660 5310 3739 5347 πα-

2200 5406 2269 5480 ρὰ
2302 5403 2464 5477 φύσιν
2494 5401 2556 5455 rb
2586 5400 2797 5463 ἀτελὲς,
2832 5398 2890 5453 ὅν
2937 5400 3053 5452 ἐστι
3086 5394 3227 5450 κατὰ
3258 5394 3441 5459 τοῦτο,
3476 5394 3600 5447 διότι
3628 5384 3761 5465 κατ-ἂι

2199 5498 2361 5568 φύσιν
2413 5493 2580 5549 ἐστίν.
2628 5492 2693 5545 Ἥ
2716 5489 2846 5559 γοῦν
2898 5489 3049 5542 πᾶσα
3098 5487 3195 5557 τῆς
3249 5486 3557 5556 περικοπῆς
3595 5480 3735 5579 {vme

2199 5587 2420 5663 τοιαύτη
2462 5586 2641 5652 ἐστὶν,
2677 5584 2758 5638 ὅτι
2804 5583 2852 5635 εἰ
2899 5578 3189 5635 κακύνεται
3224 5580 3256 5648 ἡ
3290 5577 3459 5650 ψυχὴ,
3495 5581 3548 5631 ἐν
3575 5575 3637 5643 τῇ
3670 5572 3733 5622 ἑλ-
