3866 6234
106 328 220 387 80]

696 328 788 386 DE
819 330 1074 389 DlVlNlS
1106 326 1505 397 NOMINIBUS,
1539 329 1694 388 CAP.
1730 328 1822 386 iV.
1860 360 1929 369 —
1960 328 2307 387 PARAPHR.
2342 330 2817 392 PACHYMERI’E.

3281 339 3389 396 802

105 450 299 520 λείψει
329 447 440 503 τῶν
468 446 692 517 ἀγαθῶν
742 448 1035 505 κακύνεται
1054 488 1070 515 ,
1122 450 1216 504 καὶ
1247 449 1347 503 οὐκ
1390 448 1504 502 ἔστι
1535 447 1697 502 κακὸν

1809 445 1952 516 quod
1987 447 2363 517 imperfectum
2390 459 2475 506 est
2496 466 2607 507 non
2638 452 2711 508 sit
2741 462 2931 508 contra
2972 458 3248 521 naturam,
3283 457 3387 511 hoc

105 537 523 601 ὲνυπόστατον,
569 536 711 591 κατά
758 538 1224 608 ἀντιπαράστασιν
1267 539 1462 609 λέγων,
1513 539 1623 603 ὅτε,
1657 538 1707 590 εί

100 625 263 702 ἦσαν
307 631 401 683 ἐπὶ
447 631 603 696 πᾶσι,
652 632 749 685 καὶ
793 631 863 685 τὰ
908 630 1057 702 πάθη
1097 632 1261 686 κακά.
1302 632 1537 685 Ἔπειτα
1568 627 1707 684 κατά

102 721 394 787 ἔνστασιν,
427 722 512 777 ὅτι
543 723 606 776 οὐ
640 722 787 777 κακά
819 725 916 779 ὲπὶ
947 725 1145 779 πᾶσιν·
1181 724 1276 779 ἐπὶ
1307 724 1417 796 γὰρ
1446 726 1560 788 τοῖς
1583 722 1707 777 ἀλό-

100 832 240 883 γοις
288 814 411 869 τινὰ
454 816 661 871 τούτων
705 819 802 871 καὶ
848 815 1147 871 συστατικὰ
1176 817 1276 889 τῆς
1308 816 1523 887 φύσεώς
1566 819 1703 882 ἐστι,

104 907 215 959 καὶ
249 906 450 978 μᾶλλον
493 908 582 962 διὰ
621 908 779 964 τοῦτο
821 910 883 963 οὐ
917 909 1065 963 κακά
1094 911 1221 963 εἰσι.
1255 909 1456 963 Λοιπὸν
1489 912 1554 963 ὲκ
1584 908 1708 963 τού-

99 1012 227 1049 των
260 998 409 1052 ἐστὶν
438 998 711 1072 ἀπορῆσαι
731 1039 748 1067 ,
781 1000 864 1055 ὅτι
896 1001 992 1056 ὲπὶ
1026 1001 1124 1072 μὲν
1154 999 1261 1055 τῶν
1290 1000 1557 1069 λογικῶν,
1597 1000 1704 1054 ίδοὺ

100 1090 142 1159 ἡ
182 1087 443 1161 στέρησις
490 1089 587 1144 τοῦ
631 1091 839 1161 ἀγαθοῦ
863 1132 879 1157 ,
922 1092 986 1146 τὸ
1028 1092 1196 1147 κακόν
1248 1094 1428 1154 ἐστιν,
1461 1091 1494 1163 ἢ
1531 1090 1637 1164 μὴν
1669 1093 1705 1163 ή

98 1180 338 1235 ἀτέλεια
358 1197 370 1210 ’
404 1183 494 1235 ὅτε
539 1182 738 1255 δηλαδὴ
769 1184 831 1238 τὸ
861 1184 1065 1254 ἀγαθὸν
1094 1186 1156 1239 οὐ
1191 1188 1585 1258 προηγήσεται,
1619 1184 1708 1238 ἀλ-

98 1274 183 1329 λὰ
240 1277 390 1348 μένει
423 1279 457 1349 ἡ
501 1278 648 1351 ψυχὴ
697 1278 779 1333 ἔτι
822 1280 1052 1352 ἀτελής·
1103 1281 1197 1334 ἐπὶ
1238 1281 1297 1335 δὲ
1341 1280 1452 1334 τῶν
1494 1280 1705 1350 ἀλόγων

99 1367 309 1432 ζώων,
344 1370 466 1423 ἐπεὶ
496 1371 598 1423 οὐκ
640 1371 750 1425 εἱσι
787 1372 1012 1426 δεκτικὰ
1061 1371 1242 1442 λόγου,
1282 1373 1400 1437 πῶς
1432 1372 1701 1444 εῐποιμεν,

94 1460 198 1513 ὅτι
247 1461 389 1514 κατὰ
438 1462 703 1517 ἀπουσίαν
747 1462 842 1517 ⁴ιτοῦ
888 1464 1092 1533 ἀγαθοῦ
1136 1464 1206 1518 τὰ
1252 1464 1399 1536 πάθη
1431 1466 1707 1538 γίνονταιε

114 1553 685 1625 Ἀναγκασθησόμεθα
726 1555 908 1610 τοίνυν
955 1556 1205 1610 ἐντεῦθεν
1237 1558 1432 1622 εἰπεῖν,
1484 1558 1566 1611 ὅτι
1598 1557 1705 1611 εἰσὶ

98 1644 215 1698 καὶ
243 1644 391 1698 κακὰ
417 1645 538 1699 καθ’
572 1646 761 1713 ἑαυτὰ,
796 1647 892 1701 καὶ
921 1648 1042 1720 οὐχ)¹
1072 1652 1138 1720 τῇ
1167 1649 1260 1703 τοῦ
1294 1647 1498 1719 ἀγαθοῦ
1537 1650 1706 1703 ἀπου-

1808 538 1926 606 ipso
1970 553 2059 593 res
2087 549 2207 605 est,
2238 556 2347 611 quo
2402 545 2702 598 secundum
2752 555 3008 601 naturam
3049 554 3153 601 est.
3196 548 3387 605 Totius

1808 630 1991 699 itaque
2031 632 2299 688 orationis
2340 648 2535 689 sensus
2575 635 2894 702 concludit,
2926 637 3165 691 animam
3209 639 3254 694 si
3294 632 3389 694 ile-

1805 733 2103 791 pravetur,
2154 725 2425 781 bonorum
2464 727 2674 783 defectu
2716 729 3024 796 depravari,
3071 739 3235 800 atque
3268 748 3386 787 nia-

1805 811 1915 866 lum
1957 828 2063 868 non
2094 826 2218 870 esse
2266 816 2398 885 quid
2456 816 2792 882 subsistens;
2838 830 2936 886 per
2981 819 3382 888 oppositionem

1806 903 2025 967 dicens,
2071 905 2216 972 quod
2265 906 2310 960 si
2360 908 2611 963 omnibus
2647 909 2934 977 passiones
2985 920 3170 965 essent
3203 912 3383 967 malm.

1808 993 2011 1050 Deinde
2053 995 2149 1051 dat
2179 997 2516 1064 instantiam,
2550 1002 2690 1069 quod
2721 1015 2827 1055 non
2851 1002 3107 1057 omnibus
3132 1003 3242 1058 sint
3270 1020 3385 1058 ma-

1806 1089 1871 1145 lze
1904 1107 1920 1144 :
1963 1106 2090 1145 nam
2134 1090 2188 1145 in
2233 1092 2407 1147 brutis
2433 1094 2800 1162 quorumdam
2842 1104 3038 1149 natura
3063 1095 3212 1152 hisce
3249 1113 3383 1152 con-

1804 1190 1934 1248 stat,
1980 1193 2034 1238 et
2078 1183 2289 1240 idcirco
2320 1184 2506 1254 potius
2552 1201 2659 1240 non
2708 1186 2862 1241 malm
2899 1194 3052 1241 sunt.
3107 1186 3379 1243 Caeterum

1804 1276 1931 1331 hinc
1953 1284 2140 1332 manet
2168 1276 2390 1332 dubium
2420 1318 2435 1343 ,
2469 1280 2745 1347 quomodo
2774 1280 2826 1333 in
2861 1279 3070 1335 ratione
3097 1282 3382 1339 utentibus
3432 1336 3442 1348 ,

1804 1367 2040 1436 privatio
2073 1366 2242 1434 boni,
2276 1368 2360 1423 vel
2396 1370 2590 1423 saltem
2637 1370 2980 1440 imperfectio
3002 1411 3017 1436 ,
3051 1372 3250 1425 malum
3284 1375 3378 1439 sit,

1803 1458 2024 1526 quando
2051 1458 2312 1512 nimirum
2345 1461 2545 1514 bonum
2585 1476 2691 1515 non
2723 1469 3104 1529 promovetur,
3131 1464 3225 1517 sed
3256 1465 3380 1518 aui-

1804 1562 1890 1602 nta
1916 1558 2102 1604 manet
2129 1549 2482 1620 imperfecta;
2511 1552 2568 1605 in
2608 1552 2783 1607 brutis
2818 1562 3032 1616 autem,
3075 1568 3197 1607 cum
3227 1554 3380 1609 inca-

1802 1639 1955 1709 pacia
1983 1641 2094 1696 sint
2131 1640 2397 1707 rationis,
2427 1643 2702 1712 quomodo
2729 1642 2974 1698 dicemus
3004 1658 3099 1714 per
3126 1645 3253 1699 boni
3283 1647 3380 1701 ab-

99 1738 211 1810 σίᾳ
244 1739 719 1809 παρυφιστάμενα.
749 1740 820 1792 Ἦ
851 1738 1101 1811 λέγομεν,
1135 1740 1218 1793 ὅτι
1250 1742 1344 1794 καὶ
1370 1742 1587 1804 πάντως
1605 1740 1697 1793 οὐκ

1806 1731 2036 1786 sentiam
2064 1732 2350 1802 passiones
2393 1735 2703 1790 exsistere?
2734 1734 3005 1805 Cogemur
3051 1737 3235 1804 itaque
3287 1737 3379 1794 hic

96 1798 213 1884 £112:
243 1798 358 1893 τοῖς
389 1798 603 1899 ἀλόγοίς
638 1830 707 1885 τὰ
753 1798 936 1901 πάθη,
969 1798 1061 1885 τὸν
1090 1798 1262 1902 θυμὸν
1293 1830 1436 1899 λέγω
1467 1798 1583 1883 καὶ.⁷
1606 1828 1697 1901 τὴν

1807 1822 2008 1889 dicere,
2049 1798 2195 1894 quod
2224 1825 2334 1880 sint
2370 1826 2535 1880 etiam
2578 1798 2840 1897 quaedamv
2860 1826 2999 1881 mala
3029 1844 3124 1898 per
3147 1798 3232 1894 se,
3258 1844 3379 1898 quae

97 1920 433 1992 ἐπιθυμίαν,
466 1922 613 1976 κακὰ
640 1921 888 1976 ὁπωσοῦν
908 1922 1143 1993 τίθησιν,
1177 1922 1292 1976 ἀλλ’
1312 1922 1373 1976 οὐ
1406 1920 1576 1987 κακὰ,
1609 1922 1704 1975 καὶ

99 2013 323 2084 μᾶλλον
375 2014 669 2068 συστατικά
711 2014 821 2067 τῶν
868 2014 1102 2084 φύσεων.
1167 2015 1568 2087 Ἀναιρεθέντος
1612 2010 1704 2069 οῦν

95 2104 207 2157 τοῦ
242 2105 682 2177 ὲκλαμὸάνεσθαι
722 2106 792 2160 τὰ
830 2107 978 2179 πάθη
1014 2107 1160 2162 κακά
1206 2108 1300 2163 ἐπὶ
1330 2107 1438 2162 τῶν
1471 2108 1701 2177 ἀλόγων,

96 2198 421 2268 ἀναιρεῖται
454 2200 548 2252 καὶ
579 2199 612 2269 ἡ
645 2198 865 2271 ἀπορία·
901 2200 950 2253 εί
981 2199 1093 2273 γὰρ
1123 2201 1226 2254 οὐκ
1256 2201 1364 2254 sici
1395 2200 1563 2266 κακὰ,
1599 2218 1699 2254 πε-

101 2287 303 2357 ριττὸν
340 2287 521 2359 ζητεῖν
558 2291 607 2342 εί
639 2288 759 2344 καθ’
809 2288 878 2343 αὗ
891 2287 950 2343 ιὰ
996 2291 1143 2346 κακά
1174 2293 1300 2355 είσι,
1330 2292 1426 2345 καὶ
1457 2291 1516 2345 οὐ
1561 2290 1704 2345 κατά

96 2380 214 2451 τὴν
257 2378 354 2432 τοῦ
398 2379 606 2449 ἀγαθοῦ
636 2380 938 2435 ἀπουσίαν·
983 2382 1100 2435 ἔστι
1132 2381 1242 2456 γὰρ
1273 2382 1366 2437 τοῦ
1401 2378 1587 2446 ἁπλῶς
1618 2382 1704 2436 ὅν-

97 2489 225 2536 τος.
259 2472 536 2543 Ζητοῦμεν
569 2475 663 2527 καὶ
694 2475 775 2539 τὸ,
809 2474 841 2545 ἦ
866 2475 1038 2541 οὕτως
1061 2476 1094 2548 ἢ
1118 2476 1291 2540 οὕτως
1319 2476 1484 2530 ἐστίν·
1518 2476 1702 2541 ἁπλῶς

98 2562 161 2616 δὲ
206 2562 285 2635 μὴ
316 2562 466 2628 ὄντος
495 2563 733 2618 τοιοῦτον
754 2605 769 2631 ,
809 2568 1037 2641 περιττὴ
1071 2569 1166 2623 καὶ
1195 2568 1421 2639 ἀνόητος
1465 2568 1499 2638 ἡ
1533 2567 1701 2640 ζήτη-

103 2672 226 2720 σις.

181 2919 211 2992 §
246 2919 439 2976 XXVI.
487 2921 764 2978 Ἐκϐαλὼν
809 2923 873 2978 τὸ
922 2924 1092 2978 κακὸν
1123 2923 1231 2978 ἀπὸ
1278 2923 1386 2980 τῶν
1431 2925 1696 2996 ἀγγέλων,

101 3010 190 3063 ἔτι
217 3012 279 3064 δὲ
306 3010 367 3064 τὸ
396 3011 671 3076 παντελῶς
704 3012 872 3066 κακὸν
899 3012 995 3066 καὶ
1015 3012 1123 3067 ἀπὸ
1143 3012 1253 3066 τῶν
1282 3013 1440 3079 νοῶν,
1467 3016 1559 3068 καὶ
1591 3014 1700 3068 ἀπὸ

102 3105 220 3158 τῶν
251 3105 462 3176 ψυχῶν,
485 3108 580 3161 καὶ
610 3106 689 3160 ἔτι
714 3106 823 3160 ἀπὸ
855 3105 966 3159 τῶν
996 3106 1284 3178 δαιμόνων,
1316 3108 1412 3162 νῦν
1448 3108 1696 3163 ἐκϐάλλει

102 3196 245 3249 αὐτὸ
280 3198 377 3250 καὶ
408 3197 516 3252 ἀπὸ
544 3198 655 3251 τῶν
674 3197 871 3263 ἄλλων,
893 3197 988 3275 καὶ
1020 3198 1234 3270 πρῶτον
1266 3198 1374 3253 ἀπὸ
1402 3200 1501 3271 τῆς
1542 3200 1698 3254 καθο-

103 3289 270 3361 λικῆς
322 3287 429 3342 τῶν
476 3288 644 3343 ὅντων
688 3288 921 3359 φύσεως.
976 3291 1183 3356 Πάντες
1222 3291 1372 3361 γοῦν,
1407 3292 1603 3363 φησὶν,
1645 3296 1694 3348 oi

103 3381 218 3435 τῶν
256 3380 474 3450 φύσεων
504 3380 652 3450 λόγοι
689 3381 786 3434 καὶ
830 3382 1020 3448 αἰτίαι,
1054 3383 1173 3437 καθ’
1205 3382 1297 3447 οὒς
1318 3384 1570 3453 γεγόνασι
1601 3385 1695 3439 καί

104 3475 255 3537 είσι,
299 3470 452 3543 παρὰ
495 3472 595 3543 τῆς
639 3472 789 3536 θείας
843 3472 1057 3542 φύσεως
1089 3474 1455 3546 ὑπάρχουσιν’
1506 3474 1695 3544 ἥντινα

105 3565 345 3620 καθόλου
370 3564 545 3630 καλεῖ,
574 3565 762 3637 ἐπειδὴ
790 3564 851 3630 ὲξ
880 3566 1051 3636 αὐτῆς
1080 3565 1181 3635 ἔφυ
1204 3565 1274 3619 τὰ
1302 3566 1418 3619 ὅλα.
1450 3566 1617 3637 Ὅλην
1638 3564 1696 3619 δὲ

105 3658 299 3727 φύσιν,
330 3657 507 3711 πάντα
531 3657 601 3712 τὰ
625 3657 730 3711 ὑπὸ
757 3657 892 3711 Θεοῦ
925 3657 1233 3712 πλασθέντα
1265 3657 1543 3712 ἐκάλεσεν.
1584 3658 1693 3712 Οὐ-

100 3752 197 3805 δὲν
230 3746 328 3804 οὖν
354 3752 492 3815 ἐστι,
520 3750 705 3821 φησιν,
738 3753 797 3804 ὲν
823 3753 890 3823 τῇ
925 3750 1085 3821 φύσει
1119 3751 1258 3823 ὅπερ
1282 3749 1402 3805 ὅλον
1432 3751 1574 3815 ὅλοις
1597 3751 1696 3805 ἀν-

102 3845 368 3908 τίκειται,
404 3844 467 3896 τὸ
488 3845 597 3915 γάρ
625 3861 728 3898 τινι
758 3843 867 3898 τῶν
893 3843 1062 3897 ὅντων
1086 3843 1238 3915 παρὰ
1260 3844 1360 3915 τὴν
1396 3842 1559 3898 αὑτοῦ
1591 3841 1693 3912 φύ-

105 3952 195 3990 σιν
224 3936 402 4007 ὲτέρῳ
422 3936 538 3989 ἐστὶ
568 3935 747 4005 φύσις,
776 3935 931 3989 τοῦτο
970 3935 1029 3989 δὲ
1062 3935 1284 4004 ἀγαθὸν,
1320 3936 1353 4006 ή
1400 3933 1509 4005 γὰρ
1535 3933 1696 4003 φύσις

104 4028 261 4081 ἐστὶν
289 4027 435 4098 ἀρχὴ
466 4028 733 4098 κινήσεως
752 4027 845 4081 καὶ
871 4027 1107 4099 ἠρεμίας
1126 4044 1139 4057 ·
1171 4027 1232 4080 τὺ
1257 4027 1314 4081 δὲ
1338 4026 1519 4080 κινοῦν
1545 4029 1695 4081 ἐστιν

101 4122 132 4172 ὁ
155 4119 419 4189 ἀκίνητος
441 4118 617 4187 λόγος,
643 4120 677 4189 ἡ
703 4118 821 4172 θεία
849 4120 1030 4191 τέχνη.
1073 4119 1159 4182 Ὦς
1192 4117 1322 4188 γοῦν
1364 4121 1424 4172 ὲν
1457 4120 1568 4182 τοῖς
1603 4134 1696 4171 τε-

104 4213 321 4282 χνικοῖς
346 4209 749 4280 ἀποτελέσμασι
781 4209 906 4273 τοὺς
936 4209 1034 4280 τῆς
1071 4209 1263 4281 τέχνης
1293 4209 1483 4278 λόγους
1505 4212 1563 4263 ὲν
1600 4209 1698 4263 αὐ-

102 4300 222 4367 τοῖς
260 4300 443 4373 μένειν
466 4300 714 4372 λέγομεν,
758 4302 852 4355 καὶ
891 4300 1146 4365 πολλάκις
1183 4301 1467 4371 βλέποντες
1500 4301 1693 4367 ταῦτα,

107 4396 174 4447 Ὢ
221 4394 315 4447 οἷα
355 4393 551 4464 τέχνηι
608 4392 821 4463 φαμὲν,
859 4390 1230 4456 ὲκθειάζοντες
1273 4392 1334 4445 τὸ
1385 4392 1692 4464 ὁρώμενονο

1806 1930 1914 1970 non
1949 1917 2198 1971 oriantur
2230 1932 2294 1972 ex
2334 1919 2580 1973 absentia
2627 1920 2775 1974 boni.
2812 1920 2909 1976 Vel
2960 1923 3375 1991 respondemus,

1804 2009 1967 2060 etiam
1998 2007 2049 2061 in
2078 2007 2252 2063 brutis
2277 2008 2576 2063 istiusmodi
2602 2011 2917 2079 passiones,
2955 2019 3017 2065 ut
3038 2020 3170 2065 sunt
3194 2013 3289 2066 ira:
3320 2021 3376 2066 et

1804 2101 2283 2169 concupiscentiae,
2316 2102 2462 2156 nullo
2485 2103 2648 2158 modo
2678 2118 2800 2158 esse
2827 2105 3029 2170 malas,
3060 2105 3153 2159 sed
3196 2107 3374 2174 potius

1802 2203 1993 2245 eorum
2046 2201 2272 2247 naturas
2321 2194 2682 2248 constituere.
2730 2193 2785 2248 Si
2829 2204 3059 2266 negetur
3093 2196 3276 2267 itaque
3318 2197 3373 2251 in

1802 2281 1980 2338 brutis
2028 2287 2309 2353 passiones
2353 2299 2476 2340 esse
2505 2286 2698 2350 malas,
2734 2285 2956 2341 dubium
2991 2301 3210 2355 quoque
3234 2285 3376 2341 tolli-

1803 2382 1915 2441 tur;
1947 2376 1993 2430 si
2025 2377 2169 2430 enim
2197 2392 2305 2431 non
2354 2378 2465 2431 sint
2507 2377 2682 2442 malae,
2721 2378 3054 2448 superﬂuum
3099 2380 3204 2433 erit
3228 2395 3377 2448 qua:-

1802 2481 1927 2521 rere
1980 2483 2109 2522 num
2136 2483 2235 2538 per
2261 2483 2320 2523 se
2344 2469 2499 2522 malze
2529 2471 2657 2535 sint,
2682 2479 2737 2525 et
2773 2486 2879 2526 non
2920 2472 3218 2526 secundum
3248 2472 3373 2526 boni

1800 2565 2141 2629 absentiam;
2180 2572 2265 2619 est
2292 2564 2440 2617 enim
2481 2567 2627 2618 entis
2671 2566 3015 2636 simpliciter.
3068 2568 3374 2635 Quaerimus

1800 2655 1989 2718 etiam,
2022 2670 2089 2709 an
2116 2655 2197 2710 sic
2228 2671 2296 2709 an
2320 2655 2483 2711 aliter
2511 2673 2570 2712 se
2595 2659 2827 2722 habeat;
2847 2660 2914 2714 de
2935 2674 3000 2714 eo
3030 2670 3209 2715 autem
3231 2662 3375 2730 quod

1798 2745 2125 2815 simpliciter
2164 2761 2273 2802 non
2312 2756 2430 2813 est,
2475 2747 2781 2805 istiusmodi
2833 2752 3061 2820 quaestio
3105 2752 3375 2823 superﬂua

1799 2843 1885 2890 est
1908 2843 1963 2888 et
1989 2833 2276 2905 insipiens.

1867 2924 2110 2997 §XXVL
2140 2926 2240 2982 Ubi
2267 2925 2469 2981 malum
2504 2928 2574 2984 ab
2614 2927 2848 2998 angelis,
2892 2928 3027 2997 quin
3063 2937 3119 2984 et
3149 2929 3372 2985 omnino

1799 3017 2000 3073 malum
2032 3018 2201 3073 etiam
2237 3034 2268 3073 a
2299 3021 2578 3076 mentibus
2605 3029 2661 3075 et
2680 3020 2878 3073 animis
2906 3028 3072 3088 atque
3098 3022 3319 3090 insuper
3340 3035 3371 3074 a

1798 3108 2132 3165 daemonibus
2174 3113 2440 3177 removit,
2481 3126 2626 3167 nunc
2696 3112 2827 3166 illud
2868 3128 2896 3164 a
2954 3114 3117 3167 rebus
3157 3127 3374 3181 quoque

1799 3197 1921 3252 aliis
1942 3198 2184 3254 excludit
2206 3239 2221 3265 ,
2261 3209 2318 3255 et
2354 3203 2591 3272 primum
2624 3217 2653 3256 a
2705 3212 2900 3255 natura
2932 3217 3115 3258 rerum
3158 3209 3374 3258 univer-

1797 3288 1919 3343 sali.
1949 3289 2152 3346 Omnes
2187 3306 2345 3364 ergo,
2389 3293 2585 3363 inquit,
2640 3303 2963 3349 naturarum
3014 3295 3261 3352 rationes
3306 3313 3372 3354 ac

1796 3396 1998 3446 causre,
2023 3385 2321 3438 secundum
2352 3400 2489 3454 quas
2520 3385 2675 3440 facta:
2712 3395 2840 3441 sunt
2864 3394 2920 3440 et
2941 3388 3204 3455 existunt,
3234 3404 3262 3442 a
3291 3391 3375 3444 di-

1799 3475 1925 3528 vina
1967 3485 2162 3530 natura
2203 3477 2453 3531 existunt
2490 3495 2503 3531 :
2548 3493 2715 3548 quam
2771 3478 3140 3533 universalem
3189 3492 3370 3548 vocat,

1802 3566 1929 3635 quia
1960 3582 2027 3621 ex
2062 3567 2174 3637 ipsa
2202 3568 2455 3622 universa
2481 3569 2802 3638 procedunt.
2838 3568 3155 3625 Universam
3186 3583 3366 3629 autem

1798 3668 2073 3723 naturam,
2104 3669 2262 3713 vocat
2284 3661 2464 3713 omnia
2495 3675 2615 3729 quae
2638 3679 2665 3713 a
2698 3660 2808 3716 Deo
2837 3671 3019 3718 creata
3056 3665 3371 3721 sunt.Nibil

1798 3751 1983 3819 igitur,
2010 3752 2207 3820 inquit,
2232 3759 2320 3807 est
2354 3752 2407 3806 in
2456 3766 2636 3806 rerum
2668 3762 2863 3808 natura
2892 3755 3038 3824 quod
3070 3757 3367 3812 universim

1797 3844 2067 3899 universis
2094 3843 2487 3909 contrarietur;
2520 3844 2669 3914 quod
2699 3846 2844 3899 enim
2876 3847 3038 3902 alicui
3064 3849 3139 3903 rei
3176 3858 3368 3905 contra

1796 3946 2046 3990 naturam
2074 3945 2176 3996 est,
2207 3935 2362 4012 alteri
2408 3948 2492 3991 est
2528 3945 2749 4002 natura,
2789 3939 2893 3994 hoc
2921 3948 3102 3994 autem
3145 3942 3367 4008 bonum,

1796 4026 2067 4094 siquidem
2102 4034 2299 4081 natura
2349 4027 2676 4097 principium
2702 4039 2786 4083 est
2825 4039 3009 4085 motus
3051 4041 3107 4085 et
3132 4033 3369 4102 quietis;

1799 4116 1890 4171 ille
1915 4127 2094 4172 motus
2118 4127 2297 4171 autem
2327 4128 2414 4173 est
2445 4119 2583 4174 ratio
2627 4120 2918 4177 immobilis
2959 4130 3014 4176 et
3046 4139 3137 4178 ars
3160 4126 3367 4181 divina.

1798 4209 1953 4264 Sicut
1982 4210 2151 4279 igitur
2184 4210 2237 4263 in
2278 4209 2490 4266 eﬂ‘ectis
2532 4211 2911 4269 artiﬁcialibus
2965 4215 3206 4269 rationes
3238 4218 3373 4273 artis

1800 4317 2086 4359 remanere
2127 4301 2294 4374 419
2320 4302 2572 4367 dicimus,
2607 4314 2661 4358 et
2701 4319 3072 4374 saepenumero
3118 4324 3239 4361 cum
3274 4310 3372 4363 hos

1798 4394 2078 4449 cernimus
2099 4433 2113 4458 ,
2146 4394 2191 4449 Ο
2219 4394 2410 4447 miram
2447 4396 2656 4447 artem!
2690 4395 3065 4450 exclamamus
3087 4437 3101 4461 ,
3133 4398 3184 4451 id
3227 4400 3370 4466 quod

105 4486 257 4539 οὕτω
280 4485 377 4538 καὶ
402 4487 459 4538 ὲν
484 4487 595 4548 τοῖς
619 4486 863 4553 φυσικοῖς
887 4486 1049 4538 πᾶσιν
1074 4485 1124 4537 οἱ
1148 4483 1291 4553 λόγοι
1321 4484 1417 4555 τῆς
1446 4484 1697 4556 δημιουρ-

1802 4487 2055 4541 videmus
2080 4486 2455 4551 admirantes;
2502 4485 2582 4540 sic
2628 4485 2793 4539 etiam
2827 4486 2880 4540 iu
2924 4490 3088 4543 rebus
3117 4491 3372 4545 omnibus

105 4578 237 4647 γίας
275 4577 512 4649 μένουσι.
564 4576 689 4641 Πῶς
724 4577 853 4645 γοῦν
886 4576 1036 4630 ἔσται
1069 4579 1126 4630 ἐν
1169 4579 1235 4648 τῇ
1280 4576 1507 4629 καθόλου
1538 4574 1695 4645 φύσει

107 4687 161 4723 τι
189 4670 467 4735 ὲναντίον;
496 4670 604 4723 Καὶ
633 4671 681 4722 οἱ
710 4672 769 4723 ὲν
798 4673 911 4733 τοῖς
937 4670 1380 4742 δημιουργήμασι
1415 4669 1562 4738 λόγοι
1588 4668 1695 4721 τίνι

110 4762 632 4834 ὲναντιωθήσονταις
668 4761 757 4833 Τῷ
790 4764 983 4833 ποιητῇ
1008 4779 1022 4828 ;
1057 4762 1170 4816 ἀλλ’
1199 4763 1299 4815 οὐκ
1323 4762 1536 4831 εὐαγές.
1557 4761 1694 4815 Ἀλλ’

111 4858 365 4920 ἑαυτοῖςς
417 4855 511 4908 καί
557 4853 706 4907 οὐδέν
751 4871 806 4907 τι
852 4855 1210 4926 ὑποστήσεται
1265 4852 1499 4907 πώποτε.
1556 4853 1694 4906 Ἀλλ’

112 4949 261 5020 ἄλλῳ
305 4947 442 5013 τινί;
479 4947 574 5000 καὶ
602 4946 745 5000 ἔστιν
786 4946 968 5019 ἕτερον
995 4946 1145 5018 παρὰ
1174 4946 1267 5000 τοῦ
1300 4947 1527 5001 καθόλου
1559 4946 1697 5017 πρὸς

112 5044 140 5095 ὅ
163 5046 199 5114 ἡ
225 5042 376 5113 μάχη
406 5041 709 5112 γενήσεται.
738 5038 945 5093 Οὐκοῦν
971 5040 1070 5093 οὐκ
1105 5040 1219 5093 ἐστι
1258 5039 1320 5093 τὸ
1356 5041 1544 5105 κακὸν,
1575 5041 1696 5095 οὐδὲ

114 5138 173 5187 ὲν
209 5133 294 5204 τῷ
336 5131 582 5186 καθόλου.
629 5132 753 5194 Τοῖς
792 5132 849 5186 δὲ
894 5130 1011 5185 κατ’
1041 5127 1180 5195 εἶδος
1211 5131 1309 5202 τῆς
1336 5130 1697 5202 δημιουργίας

117 5228 170 5281 εί
204 5226 371 5283 τι.ἃν
398 5228 494 5282 καὶ
529 5228 818 5298 πρόσεστιν
864 5225 1125 5290 ἐναντίον,
1166 5224 1325 5278 τοῦτο
1357 5223 1507 5296 παρὰ
1536 5222 1697 5293 φύσιν

116 5321 357 5390 λέγεται,
392 5321 486 5373 καὶ
509 5322 569 5374 οὐ
604 5320 744 5374 κατὰ
772 5319 962 5388 φύσιν·
995 5318 1070 5383 ὡς
1103 5318 1164 5371 τὸ
1197 5316 1455 5389 φέρεσθαι
1493 5317 1606 5371 ἄνω
1636 5316 1699 5369 τὸ

120 5410 287 5482 ὕδωρ,
321 5412 413 5465 καὶ
450 5410 597 5464 κάτω
630 5410 689 5464 τὸ
722 5410 850 5482 πῦρ.
891 5408 1061 5462 Τοῦτο
1099 5408 1156 5462 δὲ
1206 5409 1458 5479 στερήσει
1486 5407 1699 5477 φύσεως

121 5503 351 5568 γίνεται·
386 5501 527 5555 ὥστε
548 5502 646 5554 οὐκ
672 5500 813 5554 ἔστιν
841 5501 872 5571 ἡ
909 5498 1067 5567 φύσις
1095 5497 1263 5550 κακὸν
1282 5537 1296 5561 ,
1327 5497 1461 5549 ἀλλά
1502 5496 1698 5568 μᾶλλον

122 5594 360 5665 ἐπήρειά
389 5610 474 5657 τις
512 5593 723 5664 φύσεως
759 5592 820 5646 τὸ
846 5591 1034 5657 κακὸν,
1067 5589 1095 5643 ὃ
1135 5589 1199 5661 δὴ
1245 5591 1339 5645 καὶ
1365 5588 1515 5660 παρά
1538 5588 1699 5659 φύσιν

123 5680 359 5752 λέγεται.

1798 4576 2141 4631 naturalibus
2166 4575 2467 4629 creationis
2494 4576 2735 4631 rationes
2768 4587 3109 4645 permanent.
3137 4578 3374 4644 Quorun-

1796 4668 1867 4723 do
1902 4667 2071 4736 igitur
2098 4666 2393 4735 quidquam
2450 4666 2716 4720 universae
2771 4678 2979 4722 naturae
3028 4670 3200 4737 possit
3249 4685 3373 4726 esse

1797 4756 2180 4811 contrarium?
2211 4756 2277 4809 Et
2326 4758 2569 4810 rationes
2605 4766 2982 4811 creaturarum
3023 4761 3111 4813 cui
3152 4772 3374 4817 contra~

1797 4850 1928 4904 riari
1966 4849 2213 4917 possint?
2240 4848 2601 4903 Creatoriue?
2625 4850 2719 4903 sed
2750 4852 2850 4905 hoc
2898 4852 3141 4920 impium.
3166 4853 3248 4908 An
3266 4856 3372 4913 sibi

1797 4942 1966 5014 ipsis?
1996 4950 2050 4995 et
2074 4942 2153 4997 sic
2178 4941 2310 4995 nihil
2338 4958 2576 5011 unquam
2616 4942 2899 4998 subsistet.
2930 4944 3014 4998 An
3046 4945 3203 5001 alteri
3253 4949 3371 5002 cui-

1797 5036 1979 5107 piam?
2017 5044 2073 5090 et
2116 5038 2221 5088 erit
2268 5034 2547 5089 diversum
2594 5038 2660 5090 ab
2692 5037 2946 5092 universo
2978 5053 3098 5092 cum
3130 5056 3238 5110 quo
3273 5056 3374 5110 pu-

1797 5127 2004 5197 gnabit.
2048 5126 2233 5194 Itaque
2280 5140 2386 5178 non
2435 5136 2521 5181 est
2549 5126 2749 5180 malum
2786 5130 2945 5181 etiam
2988 5128 3041 5182 in
3091 5132 3370 5187 universo.

1802 5219 1859 5274 Si
1887 5219 2015 5288 quid
2056 5228 2239 5274 autem
2269 5220 2431 5274 alicui
2460 5224 2760 5275 secundum
2813 5222 3048 5290 speciem
3070 5223 3372 5278 creationis

1799 5326 1915 5366 sua:
1937 5311 2146 5365 accidat
2172 5313 2539 5377 contrarium,
2563 5314 2615 5367 id
2649 5314 2850 5366 dicitur
2875 5322 3066 5366 contra
3095 5324 3369 5382 naturam,

1798 5412 1855 5459 et
1901 5418 2008 5457 non
2052 5405 2352 5457 secundum
2387 5413 2639 5457 naturam
2682 5405 2977 5469 accidere;
3027 5405 3167 5458 sicut
3212 5418 3264 5457 v.
3312 5419 3366 5473 ε.

1800 5510 1997 5567 aquam
2030 5495 2159 5549 ferri
2204 5510 2450 5563 sursum,
2497 5497 2677 5566 ignem
2723 5500 2995 5553 deorsum.
3044 5495 3155 5550 Hoc
3185 5505 3368 5551 autem

1799 5588 1859 5641 ﬁt
1892 5593 2099 5641 natura:
2134 5588 2460 5653 privatione,
2502 5589 2644 5640 unde
2670 5603 2774 5642 non
2799 5598 2883 5643 est
2912 5596 3099 5640 natura
3132 5586 3368 5653 malum,

1800 5679 1895 5733 sed
1934 5678 2117 5747 potius
2151 5676 2380 5733 ollensio
2431 5690 2638 5733 natura:
2665 5679 2795 5749 quid
2846 5678 3042 5734 malum
3086 5688 3188 5744 est,
3225 5678 3374 5747 quod

1800 5769 1963 5826 etiam
2002 5779 2194 5826 contra
2228 5781 2475 5826 naturam
2520 5771 2735 5827 dicitur.
