  <div class='ocr_page' id='page_1' title='image "/cluster/home/n/w/nwhite01/storage/ocr_20150623/3/nnc1.0046978666/445.png"; bbox 0 0 3866 6234; ppageno 0'>
   <div class='ocr_carea' id='block_1_1' title="bbox 497 273 604 330">
    <p class='ocr_par' dir='ltr' id='par_1_1' title="bbox 497 273 604 330">
     <span class='ocr_line' id='line_1_1' title="bbox 497 273 604 330; baseline 0 0"><span class='ocrx_word' id='word_1_1' title='bbox 497 273 604 330; x_wconf 70' lang='lat' dir='ltr'><strong>802i</strong></span> 
     </span>
    </p>
   </div>
   <div class='ocr_carea' id='block_1_2' title="bbox 1669 278 2569 339">
    <p class='ocr_par' dir='ltr' id='par_1_2' title="bbox 1669 278 2569 339">
     <span class='ocr_line' id='line_1_2' title="bbox 1669 278 2569 339; baseline 0.006 -5"><span class='ocrx_word' id='word_1_2' title='bbox 1669 278 1708 334; x_wconf 85' lang='lat' dir='ltr'><strong>S</strong></span> <span class='ocrx_word' id='word_1_3' title='bbox 1758 279 2059 337; x_wconf 72' lang='lat' dir='ltr'><strong>DIONYSII</strong></span> <span class='ocrx_word' id='word_1_4' title='bbox 2089 281 2569 339; x_wconf 61' lang='lat' dir='ltr'><strong>AREOPAGITIE&#39;</strong></span> 
     </span>
    </p>
   </div>
   <div class='ocr_carea' id='block_1_3' title="bbox 3672 290 3769 347">
    <p class='ocr_par' dir='ltr' id='par_1_3' title="bbox 3672 290 3769 347">
     <span class='ocr_line' id='line_1_3' title="bbox 3672 290 3769 347; baseline 0 -3"><span class='ocrx_word' id='word_1_5' title='bbox 3672 290 3769 347; x_wconf 63' lang='grc' dir='ltr'><strong>θοι</strong></span> 
     </span>
    </p>
   </div>
   <div class='ocr_carea' id='block_1_4' title="bbox 571 388 2072 478">
    <p class='ocr_par' dir='ltr' id='par_1_4' title="bbox 571 388 2068 463">
     <span class='ocr_line' id='line_1_4' title="bbox 571 388 2068 463; baseline 0.005 -19"><span class='ocrx_word' id='word_1_6' title='bbox 571 388 599 463; x_wconf 67' lang='grc' dir='ltr'><strong>ς</strong></span> <span class='ocrx_word' id='word_1_7' title='bbox 637 389 847 446; x_wconf 79' lang='lat' dir='ltr'><strong>XXVII.</strong></span> <span class='ocrx_word' id='word_1_8' title='bbox 900 390 1003 447; x_wconf 86' lang='lat' dir='ltr'><strong>Ubi</strong></span> <span class='ocrx_word' id='word_1_9' title='bbox 1035 400 1217 446; x_wconf 84' lang='lat' dir='ltr'><strong>autem</strong></span> <span class='ocrx_word' id='word_1_10' title='bbox 1261 390 1399 447; x_wconf 78' lang='lat' dir='ltr'><strong>dixit</strong></span> <span class='ocrx_word' id='word_1_11' title='bbox 1459 408 1565 449; x_wconf 90' lang='lat' dir='ltr'><strong>non</strong></span> <span class='ocrx_word' id='word_1_12' title='bbox 1591 407 1715 449; x_wconf 84' lang='lat' dir='ltr'><strong>esse</strong></span> <span class='ocrx_word' id='word_1_13' title='bbox 1753 396 1955 449; x_wconf 90' lang='lat' dir='ltr'><strong>malum</strong></span> <span class='ocrx_word' id='word_1_14' title='bbox 2009 396 2068 451; x_wconf 89' lang='lat' dir='ltr'><strong>in</strong></span> 
     </span>
    </p>
   </div>
   <div class='ocr_carea' id='block_1_5' title="bbox 2175 388 3766 478">
    <p class='ocr_par' dir='ltr' id='par_1_5' title="bbox 2248 396 3766 478">
     <span class='ocr_line' id='line_1_5' title="bbox 2248 396 3766 478; baseline 0.004 -28"><span class='ocrx_word' id='word_1_15' title='bbox 2248 397 2276 469; x_wconf 58' lang='grc' dir='ltr'>ᾗ</span> <span class='ocrx_word' id='word_1_16' title='bbox 2314 396 2523 452; x_wconf 76' lang='lat' dir='ltr'><strong>XXVII.</strong></span> <span class='ocrx_word' id='word_1_17' title='bbox 2556 398 2743 453; x_wconf 74' lang='grc' dir='ltr'>Εἰπὼν</span> <span class='ocrx_word' id='word_1_18' title='bbox 2780 399 2836 453; x_wconf 77' lang='grc' dir='ltr'>δὲ</span> <span class='ocrx_word' id='word_1_19' title='bbox 2872 400 2956 454; x_wconf 77' lang='grc' dir='ltr'><strong>ὅτι</strong></span> <span class='ocrx_word' id='word_1_20' title='bbox 2996 401 3098 456; x_wconf 89' lang='grc' dir='ltr'><strong>οὑκ</strong></span> <span class='ocrx_word' id='word_1_21' title='bbox 3135 401 3248 456; x_wconf 80' lang='grc' dir='ltr'>ἔστι</span> <span class='ocrx_word' id='word_1_22' title='bbox 3285 404 3348 457; x_wconf 78' lang='grc' dir='ltr'>τὸ</span> <span class='ocrx_word' id='word_1_23' title='bbox 3399 404 3589 459; x_wconf 78' lang='grc' dir='ltr'>κακὸν</span> <span class='ocrx_word' id='word_1_24' title='bbox 3619 406 3682 458; x_wconf 80' lang='grc' dir='ltr'>ὲν</span> <span class='ocrx_word' id='word_1_25' title='bbox 3710 410 3766 478; x_wconf 64' lang='grc' dir='ltr'>τῇ</span> 
     </span>
    </p>
   </div>
   <div class='ocr_carea' id='block_1_6' title="bbox 502 484 2078 553">
    <p class='ocr_par' dir='ltr' id='par_1_6' title="bbox 502 484 2078 553">
     <span class='ocr_line' id='line_1_6' title="bbox 502 484 2078 553; baseline 0.001 -14"><span class='ocrx_word' id='word_1_26' title='bbox 502 492 722 551; x_wconf 87' lang='lat' dir='ltr'><strong>natura,</strong></span> <span class='ocrx_word' id='word_1_27' title='bbox 752 493 916 553; x_wconf 82' lang='lat' dir='ltr'><strong>negat</strong></span> <span class='ocrx_word' id='word_1_28' title='bbox 942 484 1131 550; x_wconf 87' lang='lat' dir='ltr'><strong>etiam,</strong></span> <span class='ocrx_word' id='word_1_29' title='bbox 1164 485 1217 537; x_wconf 93' lang='lat' dir='ltr'><strong>in</strong></span> <span class='ocrx_word' id='word_1_30' title='bbox 1244 484 1561 553; x_wconf 79' lang='lat' dir='ltr'><strong>corporibus</strong></span> <span class='ocrx_word' id='word_1_31' title='bbox 1594 485 1930 540; x_wconf 78' lang='lat' dir='ltr'><strong>naturalibus</strong></span> <span class='ocrx_word' id='word_1_32' title='bbox 1958 499 2078 540; x_wconf 87' lang='lat' dir='ltr'><strong>esse</strong></span> 
     </span>
    </p>
   </div>
   <div class='ocr_carea' id='block_1_7' title="bbox 501 574 2075 647">
    <p class='ocr_par' dir='ltr' id='par_1_7' title="bbox 501 574 2075 647">
     <span class='ocr_line' id='line_1_7' title="bbox 501 574 2075 647; baseline 0.002 -18"><span class='ocrx_word' id='word_1_33' title='bbox 501 574 730 629; x_wconf 88' lang='lat' dir='ltr'><strong>malum.</strong></span> <span class='ocrx_word' id='word_1_34' title='bbox 763 574 1071 632; x_wconf 89' lang='lat' dir='ltr'><strong>Sicutenim</strong></span> <span class='ocrx_word' id='word_1_35' title='bbox 1089 575 1529 647; x_wconf 82' lang='lat' dir='ltr'><strong>pulchritudoeSt</strong></span> <span class='ocrx_word' id='word_1_36' title='bbox 1554 576 1923 631; x_wconf 87' lang='lat' dir='ltr'><strong>membrorum</strong></span> <span class='ocrx_word' id='word_1_37' title='bbox 1953 592 2075 632; x_wconf 90' lang='lat' dir='ltr'><strong>cum</strong></span> 
     </span>
    </p>
   </div>
   <div class='ocr_carea' id='block_1_8' title="bbox 502 662 2080 735">
    <p class='ocr_par' dir='ltr' id='par_1_8' title="bbox 502 662 2080 735">
     <span class='ocr_line' id='line_1_8' title="bbox 502 662 2080 735; baseline 0.001 -17"><span class='ocrx_word' id='word_1_38' title='bbox 502 664 647 719; x_wconf 88' lang='lat' dir='ltr'><strong>bono</strong></span> <span class='ocrx_word' id='word_1_39' title='bbox 683 662 892 729; x_wconf 89' lang='lat' dir='ltr'><strong>colore,</strong></span> <span class='ocrx_word' id='word_1_40' title='bbox 922 665 1235 734; x_wconf 76' lang='lat' dir='ltr'><strong>symmetria</strong></span> <span class='ocrx_word' id='word_1_41' title='bbox 1260 678 1354 717; x_wconf 79' lang='lat' dir='ltr'><strong>seu</strong></span> <span class='ocrx_word' id='word_1_42' title='bbox 1387 665 1685 735; x_wconf 75' lang='lat' dir='ltr'><strong>proportio,</strong></span> <span class='ocrx_word' id='word_1_43' title='bbox 1714 666 1793 720; x_wconf 90' lang='lat' dir='ltr'><strong>sic</strong></span> <span class='ocrx_word' id='word_1_44' title='bbox 1822 664 2080 720; x_wconf 80' lang='lat' dir='ltr'><strong>deformi-</strong></span> 
     </span>
    </p>
   </div>
   <div class='ocr_carea' id='block_1_9' title="bbox 503 755 2075 823">
    <p class='ocr_par' dir='ltr' id='par_1_9' title="bbox 503 755 2075 823">
     <span class='ocr_line' id='line_1_9' title="bbox 503 755 2075 823; baseline 0.002 -14"><span class='ocrx_word' id='word_1_45' title='bbox 503 763 590 809; x_wconf 88' lang='lat' dir='ltr'><strong>tas</strong></span> <span class='ocrx_word' id='word_1_46' title='bbox 623 763 709 809; x_wconf 79' lang='lat' dir='ltr'><strong>est</strong></span> <span class='ocrx_word' id='word_1_47' title='bbox 750 757 1063 809; x_wconf 82' lang='lat' dir='ltr'><strong>earumdem</strong></span> <span class='ocrx_word' id='word_1_48' title='bbox 1090 755 1478 823; x_wconf 74' lang='lat' dir='ltr'><strong>disproportio.</strong></span> <span class='ocrx_word' id='word_1_49' title='bbox 1514 755 1841 812; x_wconf 88' lang='lat' dir='ltr'><strong>Deformitas</strong></span> <span class='ocrx_word' id='word_1_50' title='bbox 1892 767 2075 812; x_wconf 87' lang='lat' dir='ltr'><strong>autem</strong></span> 
     </span>
    </p>
   </div>
   <div class='ocr_carea' id='block_1_10' title="bbox 504 846 2078 911">
    <p class='ocr_par' dir='ltr' id='par_1_10' title="bbox 504 846 2078 911">
     <span class='ocr_line' id='line_1_10' title="bbox 504 846 2078 911; baseline 0.001 -8"><span class='ocrx_word' id='word_1_51' title='bbox 504 863 614 903; x_wconf 88' lang='lat' dir='ltr'><strong>non</strong></span> <span class='ocrx_word' id='word_1_52' title='bbox 644 849 866 901; x_wconf 91' lang='lat' dir='ltr'><strong>omnino</strong></span> <span class='ocrx_word' id='word_1_53' title='bbox 890 846 1091 902; x_wconf 87' lang='lat' dir='ltr'><strong>malum</strong></span> <span class='ocrx_word' id='word_1_54' title='bbox 1139 857 1258 911; x_wconf 85' lang='lat' dir='ltr'><strong>est;</strong></span> <span class='ocrx_word' id='word_1_55' title='bbox 1312 862 1438 901; x_wconf 90' lang='lat' dir='ltr'><strong>nam</strong></span> <span class='ocrx_word' id='word_1_56' title='bbox 1466 847 1510 903; x_wconf 90' lang='lat' dir='ltr'><strong>si</strong></span> <span class='ocrx_word' id='word_1_57' title='bbox 1541 848 1852 903; x_wconf 90' lang='lat' dir='ltr'><strong>omnimoda</strong></span> <span class='ocrx_word' id='word_1_58' title='bbox 1890 848 2078 905; x_wconf 65' lang='lat' dir='ltr'><strong>formae</strong></span> 
     </span>
    </p>
   </div>
   <div class='ocr_carea' id='block_1_11' title="bbox 509 938 2077 1011">
    <p class='ocr_par' dir='ltr' id='par_1_11' title="bbox 509 938 2077 1011">
     <span class='ocr_line' id='line_1_11' title="bbox 509 938 2077 1011; baseline 0.001 -16"><span class='ocrx_word' id='word_1_59' title='bbox 509 939 827 1007; x_wconf 87' lang='lat' dir='ltr'><strong>ordinisque</strong></span> <span class='ocrx_word' id='word_1_60' title='bbox 856 938 1119 993; x_wconf 84' lang='lat' dir='ltr'><strong>resolutio</strong></span> <span class='ocrx_word' id='word_1_61' title='bbox 1143 940 1394 1003; x_wconf 80' lang='lat' dir='ltr'><strong>exsistat,</strong></span> <span class='ocrx_word' id='word_1_62' title='bbox 1426 940 1599 1010; x_wconf 91' lang='lat' dir='ltr'><strong>ipsum</strong></span> <span class='ocrx_word' id='word_1_63' title='bbox 1636 955 1853 1010; x_wconf 89' lang='lat' dir='ltr'><strong>quoque</strong></span> <span class='ocrx_word' id='word_1_64' title='bbox 1878 955 2077 1011; x_wconf 90' lang='lat' dir='ltr'><strong>corpus</strong></span> 
     </span>
    </p>
   </div>
   <div class='ocr_carea' id='block_1_12' title="bbox 503 1028 2075 1102">
    <p class='ocr_par' dir='ltr' id='par_1_12' title="bbox 503 1028 2075 1102">
     <span class='ocr_line' id='line_1_12' title="bbox 503 1028 2075 1102; baseline 0.001 -16"><span class='ocrx_word' id='word_1_65' title='bbox 503 1029 768 1086; x_wconf 85' lang='lat' dir='ltr'><strong>interibit.</strong></span> <span class='ocrx_word' id='word_1_66' title='bbox 799 1028 951 1095; x_wconf 86' lang='lat' dir='ltr'><strong>Quod</strong></span> <span class='ocrx_word' id='word_1_67' title='bbox 1002 1039 1179 1084; x_wconf 89' lang='lat' dir='ltr'><strong>autem</strong></span> <span class='ocrx_word' id='word_1_68' title='bbox 1213 1046 1412 1102; x_wconf 91' lang='lat' dir='ltr'><strong>corpus</strong></span> <span class='ocrx_word' id='word_1_69' title='bbox 1448 1031 1644 1085; x_wconf 70' lang='lat' dir='ltr'><strong>animae</strong></span> <span class='ocrx_word' id='word_1_70' title='bbox 1676 1046 1783 1087; x_wconf 82' lang='lat' dir='ltr'><strong>non</strong></span> <span class='ocrx_word' id='word_1_71' title='bbox 1816 1032 1888 1086; x_wconf 85' lang='lat' dir='ltr'><strong>sit</strong></span> <span class='ocrx_word' id='word_1_72' title='bbox 1910 1047 2075 1087; x_wconf 90' lang='lat' dir='ltr'><strong>causa</strong></span> 
     </span>
    </p>
   </div>
   <div class='ocr_carea' id='block_1_13' title="bbox 500 1122 2077 1191">
    <p class='ocr_par' dir='ltr' id='par_1_13' title="bbox 500 1122 2077 1191">
     <span class='ocr_line' id='line_1_13' title="bbox 500 1122 2077 1191; baseline 0.001 -14"><span class='ocrx_word' id='word_1_73' title='bbox 500 1122 724 1177; x_wconf 72' lang='lat' dir='ltr'><strong>malitiae</strong></span> <span class='ocrx_word' id='word_1_74' title='bbox 746 1122 889 1177; x_wconf 84' lang='lat' dir='ltr'><strong>sicut</strong></span> <span class='ocrx_word' id='word_1_75' title='bbox 917 1122 1160 1177; x_wconf 89' lang='lat' dir='ltr'><strong>nonnulli</strong></span> <span class='ocrx_word' id='word_1_76' title='bbox 1212 1124 1518 1191; x_wconf 81' lang='lat' dir='ltr'><strong>depravata:</strong></span> <span class='ocrx_word' id='word_1_77' title='bbox 1560 1122 1832 1191; x_wconf 88' lang='lat' dir='ltr'><strong>opinionis</strong></span> <span class='ocrx_word' id='word_1_78' title='bbox 1862 1133 2077 1179; x_wconf 81' lang='lat' dir='ltr'><strong>creato-</strong></span> 
     </span>
    </p>
   </div>
   <div class='ocr_carea' id='block_1_14' title="bbox 498 1214 2075 1281">
    <p class='ocr_par' dir='ltr' id='par_1_14' title="bbox 498 1214 2075 1281">
     <span class='ocr_line' id='line_1_14' title="bbox 498 1214 2075 1281; baseline -0.001 -12"><span class='ocrx_word' id='word_1_79' title='bbox 498 1228 616 1269; x_wconf 85' lang='lat' dir='ltr'><strong>rem</strong></span> <span class='ocrx_word' id='word_1_80' title='bbox 649 1214 1033 1278; x_wconf 87' lang='lat' dir='ltr'><strong>criminantur,</strong></span> <span class='ocrx_word' id='word_1_81' title='bbox 1092 1214 1439 1268; x_wconf 87' lang='lat' dir='ltr'><strong>manifestum</strong></span> <span class='ocrx_word' id='word_1_82' title='bbox 1470 1221 1552 1267; x_wconf 89' lang='lat' dir='ltr'><strong>est</strong></span> <span class='ocrx_word' id='word_1_83' title='bbox 1600 1228 1666 1267; x_wconf 81' lang='lat' dir='ltr'><strong>ex</strong></span> <span class='ocrx_word' id='word_1_84' title='bbox 1716 1214 2075 1281; x_wconf 70' lang='lat' dir='ltr'><strong>dmmonibus,</strong></span> 
     </span>
    </p>
   </div>
   <div class='ocr_carea' id='block_1_15' title="bbox 497 1306 2075 1377">
    <p class='ocr_par' dir='ltr' id='par_1_15' title="bbox 497 1306 2075 1377">
     <span class='ocr_line' id='line_1_15' title="bbox 497 1306 2075 1377; baseline 0.001 -16"><span class='ocrx_word' id='word_1_85' title='bbox 497 1307 591 1377; x_wconf 91' lang='lat' dir='ltr'><strong>qui</strong></span> <span class='ocrx_word' id='word_1_86' title='bbox 622 1322 746 1361; x_wconf 89' lang='lat' dir='ltr'><strong>cum</strong></span> <span class='ocrx_word' id='word_1_87' title='bbox 772 1307 1082 1377; x_wconf 88' lang='lat' dir='ltr'><strong>incorporei</strong></span> <span class='ocrx_word' id='word_1_88' title='bbox 1133 1309 1267 1372; x_wconf 88' lang='lat' dir='ltr'><strong>sint,</strong></span> <span class='ocrx_word' id='word_1_89' title='bbox 1325 1306 1533 1362; x_wconf 85' lang='lat' dir='ltr'><strong>malitia</strong></span> <span class='ocrx_word' id='word_1_90' title='bbox 1561 1306 1880 1373; x_wconf 86' lang='lat' dir='ltr'><strong>abundant;</strong></span> <span class='ocrx_word' id='word_1_91' title='bbox 1919 1308 2075 1363; x_wconf 89' lang='lat' dir='ltr'><strong>mali-</strong></span> 
     </span>
    </p>
   </div>
   <div class='ocr_carea' id='block_1_16' title="bbox 498 1400 2077 1470">
    <p class='ocr_par' dir='ltr' id='par_1_16' title="bbox 498 1400 2077 1470">
     <span class='ocr_line' id='line_1_16' title="bbox 498 1400 2077 1470; baseline 0.001 -16"><span class='ocrx_word' id='word_1_92' title='bbox 498 1401 576 1454; x_wconf 89' lang='lat' dir='ltr'><strong>tia</strong></span> <span class='ocrx_word' id='word_1_93' title='bbox 626 1401 772 1455; x_wconf 90' lang='lat' dir='ltr'><strong>enim</strong></span> <span class='ocrx_word' id='word_1_94' title='bbox 830 1401 1084 1455; x_wconf 86' lang='lat' dir='ltr'><strong>omnibus</strong></span> <span class='ocrx_word' id='word_1_95' title='bbox 1137 1400 1321 1470; x_wconf 87' lang='lat' dir='ltr'><strong>lapsus</strong></span> <span class='ocrx_word' id='word_1_96' title='bbox 1373 1400 1595 1470; x_wconf 90' lang='lat' dir='ltr'><strong>quidam</strong></span> <span class='ocrx_word' id='word_1_97' title='bbox 1642 1407 1727 1453; x_wconf 90' lang='lat' dir='ltr'><strong>est</strong></span> <span class='ocrx_word' id='word_1_98' title='bbox 1774 1412 1806 1452; x_wconf 94' lang='lat' dir='ltr'><strong>a</strong></span> <span class='ocrx_word' id='word_1_99' title='bbox 1846 1401 2077 1468; x_wconf 87' lang='lat' dir='ltr'><strong>propriis</strong></span> 
     </span>
    </p>
   </div>
   <div class='ocr_carea' id='block_1_17' title="bbox 496 1490 673 1545">
    <p class='ocr_par' dir='ltr' id='par_1_17' title="bbox 496 1490 673 1545">
     <span class='ocr_line' id='line_1_17' title="bbox 496 1490 673 1545; baseline 0.006 -1"><span class='ocrx_word' id='word_1_100' title='bbox 496 1490 673 1545; x_wconf 87' lang='lat' dir='ltr'><strong>bonis.</strong></span> 
     </span>
    </p>
   </div>
   <div class='ocr_carea' id='block_1_18' title="bbox 568 1577 2074 1652">
    <p class='ocr_par' dir='ltr' id='par_1_18' title="bbox 568 1577 2074 1652">
     <span class='ocr_line' id='line_1_18' title="bbox 568 1577 2074 1652; baseline 0.001 -18"><span class='ocrx_word' id='word_1_101' title='bbox 568 1577 853 1652; x_wconf 74' lang='lat' dir='ltr'><strong>§XXVllL</strong></span> <span class='ocrx_word' id='word_1_102' title='bbox 902 1578 1087 1649; x_wconf 84' lang='lat' dir='ltr'><strong>Neque</strong></span> <span class='ocrx_word' id='word_1_103' title='bbox 1122 1581 1351 1636; x_wconf 89' lang='lat' dir='ltr'><strong>materia</strong></span> <span class='ocrx_word' id='word_1_104' title='bbox 1404 1581 1605 1636; x_wconf 93' lang='lat' dir='ltr'><strong>malum</strong></span> <span class='ocrx_word' id='word_1_105' title='bbox 1633 1590 1737 1647; x_wconf 86' lang='lat' dir='ltr'><strong>est,</strong></span> <span class='ocrx_word' id='word_1_106' title='bbox 1770 1590 1828 1635; x_wconf 92' lang='lat' dir='ltr'><strong>ut</strong></span> <span class='ocrx_word' id='word_1_107' title='bbox 1856 1581 2074 1651; x_wconf 88' lang='lat' dir='ltr'><strong>quidam</strong></span> 
     </span>
    </p>
   </div>
   <div class='ocr_carea' id='block_1_19' title="bbox 498 1670 2078 1743">
    <p class='ocr_par' dir='ltr' id='par_1_19' title="bbox 498 1670 2078 1743">
     <span class='ocr_line' id='line_1_19' title="bbox 498 1670 2078 1743; baseline 0.001 -17"><span class='ocrx_word' id='word_1_108' title='bbox 498 1671 833 1727; x_wconf 78' lang='lat' dir='ltr'><strong>fabulantur.</strong></span> <span class='ocrx_word' id='word_1_109' title='bbox 860 1670 1104 1726; x_wconf 84' lang='lat' dir='ltr'><strong>Primum</strong></span> <span class='ocrx_word' id='word_1_110' title='bbox 1159 1672 1403 1742; x_wconf 88' lang='lat' dir='ltr'><strong>quidem,</strong></span> <span class='ocrx_word' id='word_1_111' title='bbox 1456 1674 1586 1743; x_wconf 90' lang='lat' dir='ltr'><strong>quia</strong></span> <span class='ocrx_word' id='word_1_112' title='bbox 1614 1690 1894 1743; x_wconf 90' lang='lat' dir='ltr'><strong>nunquam</strong></span> <span class='ocrx_word' id='word_1_113' title='bbox 1924 1690 2078 1742; x_wconf 85' lang='lat' dir='ltr'><strong>repe-</strong></span> 
     </span>
    </p>
   </div>
   <div class='ocr_carea' id='block_1_20' title="bbox 2179 488 3764 567">
    <p class='ocr_par' dir='ltr' id='par_1_20' title="bbox 2179 488 3764 567">
     <span class='ocr_line' id='line_1_20' title="bbox 2179 488 3764 567; baseline 0.006 -25"><span class='ocrx_word' id='word_1_114' title='bbox 2179 488 2361 559; x_wconf 80' lang='grc' dir='ltr'>φὺσει,</span> <span class='ocrx_word' id='word_1_115' title='bbox 2407 490 2570 559; x_wconf 74' lang='grc' dir='ltr'>φησὶν</span> <span class='ocrx_word' id='word_1_116' title='bbox 2616 492 2699 543; x_wconf 81' lang='grc' dir='ltr'><strong>δτι</strong></span> <span class='ocrx_word' id='word_1_117' title='bbox 2744 491 2865 544; x_wconf 85' lang='grc' dir='ltr'>οὐδὲ</span> <span class='ocrx_word' id='word_1_118' title='bbox 2915 494 2974 545; x_wconf 80' lang='grc' dir='ltr'>ὲν</span> <span class='ocrx_word' id='word_1_119' title='bbox 3015 497 3126 558; x_wconf 75' lang='grc' dir='ltr'>τοῖς</span> <span class='ocrx_word' id='word_1_120' title='bbox 3179 500 3427 563; x_wconf 83' lang='grc' dir='ltr'><strong>φυσικοῖς</strong></span> <span class='ocrx_word' id='word_1_121' title='bbox 3486 498 3764 567; x_wconf 82' lang='grc' dir='ltr'>σώμασιν.</span> 
     </span>
    </p>
   </div>
   <div class='ocr_carea' id='block_1_21' title="bbox 2181 582 3769 659">
    <p class='ocr_par' dir='ltr' id='par_1_21' title="bbox 2181 582 3769 659">
     <span class='ocr_line' id='line_1_21' title="bbox 2181 582 3769 659; baseline 0.006 -25"><span class='ocrx_word' id='word_1_122' title='bbox 2181 582 2393 653; x_wconf 83' lang='grc' dir='ltr'>Ὠσπερ</span> <span class='ocrx_word' id='word_1_123' title='bbox 2426 582 2535 654; x_wconf 84' lang='grc' dir='ltr'>γὰρ</span> <span class='ocrx_word' id='word_1_124' title='bbox 2564 582 2758 647; x_wconf 86' lang='grc' dir='ltr'>κάλλος</span> <span class='ocrx_word' id='word_1_125' title='bbox 2784 586 3094 656; x_wconf 78' lang='grc' dir='ltr'><strong>συμμετρία</strong></span> <span class='ocrx_word' id='word_1_126' title='bbox 3115 588 3232 641; x_wconf 75' lang='grc' dir='ltr'>ἐστὶ</span> <span class='ocrx_word' id='word_1_127' title='bbox 3283 588 3462 658; x_wconf 83' lang='grc' dir='ltr'>μελῶν</span> <span class='ocrx_word' id='word_1_128' title='bbox 3522 591 3657 659; x_wconf 83' lang='grc' dir='ltr'>μετ’</span> <span class='ocrx_word' id='word_1_129' title='bbox 3690 591 3769 643; x_wconf 79' lang='grc' dir='ltr'>εὑ-</span> 
     </span>
    </p>
   </div>
   <div class='ocr_carea' id='block_1_22' title="bbox 2180 672 3765 751">
    <p class='ocr_par' dir='ltr' id='par_1_22' title="bbox 2180 672 3765 751">
     <span class='ocr_line' id='line_1_22' title="bbox 2180 672 3765 751; baseline 0.006 -24"><span class='ocrx_word' id='word_1_130' title='bbox 2180 676 2390 746; x_wconf 77' lang='grc' dir='ltr'>χροίας,</span> <span class='ocrx_word' id='word_1_131' title='bbox 2422 676 2595 739; x_wconf 85' lang='grc' dir='ltr'>οὕτως</span> <span class='ocrx_word' id='word_1_132' title='bbox 2634 672 2820 746; x_wconf 78' lang='grc' dir='ltr'>αἶσχος</span> <span class='ocrx_word' id='word_1_133' title='bbox 2846 678 3195 751; x_wconf 84' lang='grc' dir='ltr'><strong>ἀσυμμετρία</strong></span> <span class='ocrx_word' id='word_1_134' title='bbox 3244 682 3351 735; x_wconf 87' lang='grc' dir='ltr'>τῶν</span> <span class='ocrx_word' id='word_1_135' title='bbox 3382 682 3584 735; x_wconf 81' lang='grc' dir='ltr'>αὐτῶν</span> <span class='ocrx_word' id='word_1_136' title='bbox 3636 685 3765 736; x_wconf 82' lang='grc' dir='ltr'>ἐστι.</span> 
     </span>
    </p>
   </div>
   <div class='ocr_carea' id='block_1_23' title="bbox 2179 763 3768 845">
    <p class='ocr_par' dir='ltr' id='par_1_23' title="bbox 2179 763 3768 845">
     <span class='ocr_line' id='line_1_23' title="bbox 2179 763 3768 845; baseline 0.004 -25"><span class='ocrx_word' id='word_1_137' title='bbox 2179 768 2253 820; x_wconf 87' lang='grc' dir='ltr'>Τὸ</span> <span class='ocrx_word' id='word_1_138' title='bbox 2274 768 2331 821; x_wconf 84' lang='grc' dir='ltr'>δὲ</span> <span class='ocrx_word' id='word_1_139' title='bbox 2358 763 2546 838; x_wconf 77' lang='grc' dir='ltr'>αἶσχος</span> <span class='ocrx_word' id='word_1_140' title='bbox 2569 769 2627 821; x_wconf 86' lang='grc' dir='ltr'><strong>οὑ</strong></span> <span class='ocrx_word' id='word_1_141' title='bbox 2663 770 2839 839; x_wconf 82' lang='grc' dir='ltr'><strong>πάντη</strong></span> <span class='ocrx_word' id='word_1_142' title='bbox 2870 771 3036 824; x_wconf 87' lang='grc' dir='ltr'>κακόν</span> <span class='ocrx_word' id='word_1_143' title='bbox 3054 788 3067 801; x_wconf 67' lang='grc' dir='ltr'>ι</span> <span class='ocrx_word' id='word_1_144' title='bbox 3113 773 3160 825; x_wconf 86' lang='grc' dir='ltr'><strong>εί</strong></span> <span class='ocrx_word' id='word_1_145' title='bbox 3193 773 3299 844; x_wconf 80' lang='grc' dir='ltr'><strong>γάρ</strong></span> <span class='ocrx_word' id='word_1_146' title='bbox 3325 774 3443 826; x_wconf 72' lang='grc' dir='ltr'>ἐστι</span> <span class='ocrx_word' id='word_1_147' title='bbox 3488 775 3768 845; x_wconf 65' lang='grc' dir='ltr'>παντελὴς</span> 
     </span>
    </p>
   </div>
   <div class='ocr_carea' id='block_1_24' title="bbox 2180 857 3765 937">
    <p class='ocr_par' dir='ltr' id='par_1_24' title="bbox 2180 857 3765 937">
     <span class='ocr_line' id='line_1_24' title="bbox 2180 857 3765 937; baseline 0.007 -27"><span class='ocrx_word' id='word_1_148' title='bbox 2180 857 2335 922; x_wconf 85' lang='grc' dir='ltr'><strong>λύσις</strong></span> <span class='ocrx_word' id='word_1_149' title='bbox 2354 858 2451 911; x_wconf 91' lang='grc' dir='ltr'><strong>τοῦ</strong></span> <span class='ocrx_word' id='word_1_150' title='bbox 2476 859 2650 923; x_wconf 75' lang='grc' dir='ltr'>εἴδους</span> <span class='ocrx_word' id='word_1_151' title='bbox 2686 861 2779 913; x_wconf 71' lang='grc' dir='ltr'>καὶ</span> <span class='ocrx_word' id='word_1_152' title='bbox 2806 860 2905 931; x_wconf 83' lang='grc' dir='ltr'>τῆς</span> <span class='ocrx_word' id='word_1_153' title='bbox 2925 861 3151 928; x_wconf 80' lang='grc' dir='ltr'>τάξεως,</span> <span class='ocrx_word' id='word_1_154' title='bbox 3195 866 3289 918; x_wconf 80' lang='grc' dir='ltr'>καὶ</span> <span class='ocrx_word' id='word_1_155' title='bbox 3334 867 3472 919; x_wconf 75' lang='grc' dir='ltr'>αὐτὸ</span> <span class='ocrx_word' id='word_1_156' title='bbox 3517 868 3587 920; x_wconf 82' lang='grc' dir='ltr'>τὸ</span> <span class='ocrx_word' id='word_1_157' title='bbox 3614 867 3765 937; x_wconf 71' lang='grc' dir='ltr'>σῶμα</span> 
     </span>
    </p>
   </div>
   <div class='ocr_carea' id='block_1_25' title="bbox 2178 950 3764 1028">
    <p class='ocr_par' dir='ltr' id='par_1_25' title="bbox 2178 950 3764 1028">
     <span class='ocr_line' id='line_1_25' title="bbox 2178 950 3764 1028; baseline 0.01 -27"><span class='ocrx_word' id='word_1_158' title='bbox 2178 950 2476 1020; x_wconf 81' lang='grc' dir='ltr'>οίχήσεται.</span> <span class='ocrx_word' id='word_1_159' title='bbox 2506 950 2626 1003; x_wconf 78' lang='grc' dir='ltr'><strong>Ὀτι</strong></span> <span class='ocrx_word' id='word_1_160' title='bbox 2648 950 2704 1003; x_wconf 82' lang='grc' dir='ltr'>δὲ</span> <span class='ocrx_word' id='word_1_161' title='bbox 2734 952 2854 1004; x_wconf 83' lang='grc' dir='ltr'>οὑδὲ</span> <span class='ocrx_word' id='word_1_162' title='bbox 2881 953 3080 1014; x_wconf 83' lang='grc' dir='ltr'>κακίας</span> <span class='ocrx_word' id='word_1_163' title='bbox 3112 954 3282 1009; x_wconf 74' lang='grc' dir='ltr'>αἴτιον</span> <span class='ocrx_word' id='word_1_164' title='bbox 3308 956 3367 1010; x_wconf 85' lang='grc' dir='ltr'>τὺ</span> <span class='ocrx_word' id='word_1_165' title='bbox 3404 958 3585 1028; x_wconf 77' lang='grc' dir='ltr'>σῶμα</span> <span class='ocrx_word' id='word_1_166' title='bbox 3603 958 3764 1027; x_wconf 67' lang='grc' dir='ltr'>ψυχῇ,</span> 
     </span>
    </p>
   </div>
   <div class='ocr_carea' id='block_1_26' title="bbox 2179 1043 3763 1124">
    <p class='ocr_par' dir='ltr' id='par_1_26' title="bbox 2179 1043 3763 1124">
     <span class='ocr_line' id='line_1_26' title="bbox 2179 1043 3763 1124; baseline 0.006 -26"><span class='ocrx_word' id='word_1_167' title='bbox 2179 1043 2362 1109; x_wconf 84' lang='grc' dir='ltr'>καθώς</span> <span class='ocrx_word' id='word_1_168' title='bbox 2389 1060 2533 1108; x_wconf 86' lang='grc' dir='ltr'>τινες</span> <span class='ocrx_word' id='word_1_169' title='bbox 2556 1044 2743 1109; x_wconf 82' lang='grc' dir='ltr'>κακῶς</span> <span class='ocrx_word' id='word_1_170' title='bbox 2784 1048 3017 1117; x_wconf 80' lang='grc' dir='ltr'>οἰόμενοι</span> <span class='ocrx_word' id='word_1_171' title='bbox 3045 1048 3323 1103; x_wconf 75' lang='grc' dir='ltr'><strong>αἰτιῶνται</strong></span> <span class='ocrx_word' id='word_1_172' title='bbox 3369 1051 3465 1105; x_wconf 84' lang='grc' dir='ltr'><strong>τὸν</strong></span> <span class='ocrx_word' id='word_1_173' title='bbox 3496 1053 3763 1124; x_wconf 82' lang='grc' dir='ltr'>δημιουρ-</span> 
     </span>
    </p>
   </div>
   <div class='ocr_carea' id='block_1_27' title="bbox 2179 1134 3764 1214">
    <p class='ocr_par' dir='ltr' id='par_1_27' title="bbox 2179 1134 3764 1214">
     <span class='ocr_line' id='line_1_27' title="bbox 2179 1134 3764 1214; baseline 0.008 -29"><span class='ocrx_word' id='word_1_174' title='bbox 2179 1134 2296 1203; x_wconf 85' lang='grc' dir='ltr'>γὸν,</span> <span class='ocrx_word' id='word_1_175' title='bbox 2336 1135 2494 1204; x_wconf 80' lang='grc' dir='ltr'>δῆλον</span> <span class='ocrx_word' id='word_1_176' title='bbox 2518 1137 2581 1189; x_wconf 78' lang='grc' dir='ltr'><strong>ἐκ</strong></span> <span class='ocrx_word' id='word_1_177' title='bbox 2602 1135 2711 1189; x_wconf 84' lang='grc' dir='ltr'><strong>τῶν</strong></span> <span class='ocrx_word' id='word_1_178' title='bbox 2741 1137 3028 1207; x_wconf 80' lang='grc' dir='ltr'><strong>δαιμόνων,</strong></span> <span class='ocrx_word' id='word_1_179' title='bbox 3056 1140 3110 1192; x_wconf 80' lang='grc' dir='ltr'>οἳ</span> <span class='ocrx_word' id='word_1_180' title='bbox 3148 1158 3309 1205; x_wconf 88' lang='grc' dir='ltr'>τινες,</span> <span class='ocrx_word' id='word_1_181' title='bbox 3342 1143 3645 1214; x_wconf 75' lang='grc' dir='ltr'><strong>ἀσώματοι</strong></span> <span class='ocrx_word' id='word_1_182' title='bbox 3683 1149 3764 1199; x_wconf 68' lang='grc' dir='ltr'><strong>ὅν-</strong></span> 
     </span>
    </p>
   </div>
   <div class='ocr_carea' id='block_1_28' title="bbox 2179 1227 3763 1310">
    <p class='ocr_par' dir='ltr' id='par_1_28' title="bbox 2179 1227 3763 1310">
     <span class='ocr_line' id='line_1_28' title="bbox 2179 1227 3763 1310; baseline 0.009 -31"><span class='ocrx_word' id='word_1_183' title='bbox 2179 1244 2289 1291; x_wconf 89' lang='grc' dir='ltr'>τες,</span> <span class='ocrx_word' id='word_1_184' title='bbox 2321 1227 2418 1298; x_wconf 83' lang='grc' dir='ltr'><strong>τὴν</strong></span> <span class='ocrx_word' id='word_1_185' title='bbox 2446 1229 2644 1283; x_wconf 83' lang='grc' dir='ltr'><strong>κακίαν</strong></span> <span class='ocrx_word' id='word_1_186' title='bbox 2672 1233 3115 1302; x_wconf 80' lang='grc' dir='ltr'>προσεκτήσαντο</span> <span class='ocrx_word' id='word_1_187' title='bbox 3136 1251 3149 1263; x_wconf 92' lang='grc'><strong>·</strong></span> <span class='ocrx_word' id='word_1_188' title='bbox 3172 1236 3265 1288; x_wconf 77' lang='grc' dir='ltr'><strong>ἐπὶ</strong></span> <span class='ocrx_word' id='word_1_189' title='bbox 3296 1239 3433 1290; x_wconf 84' lang='grc' dir='ltr'>πᾶσι</span> <span class='ocrx_word' id='word_1_190' title='bbox 3467 1238 3592 1310; x_wconf 72' lang='grc' dir='ltr'>γὰρ</span> <span class='ocrx_word' id='word_1_191' title='bbox 3615 1241 3763 1293; x_wconf 72' lang='grc' dir='ltr'>τοῦτό</span> 
     </span>
    </p>
   </div>
   <div class='ocr_carea' id='block_1_29' title="bbox 2180 1318 3759 1398">
    <p class='ocr_par' dir='ltr' id='par_1_29' title="bbox 2180 1318 3759 1398">
     <span class='ocr_line' id='line_1_29' title="bbox 2180 1318 3759 1398; baseline 0.009 -27"><span class='ocrx_word' id='word_1_192' title='bbox 2180 1318 2298 1372; x_wconf 76' lang='grc' dir='ltr'>ἐστι</span> <span class='ocrx_word' id='word_1_193' title='bbox 2369 1320 2570 1384; x_wconf 87' lang='grc' dir='ltr'>κακία,</span> <span class='ocrx_word' id='word_1_194' title='bbox 2640 1323 2674 1393; x_wconf 85' lang='grc' dir='ltr'>ἠ</span> <span class='ocrx_word' id='word_1_195' title='bbox 2748 1321 3065 1386; x_wconf 87' lang='grc' dir='ltr'>ἀπόπτωσις</span> <span class='ocrx_word' id='word_1_196' title='bbox 3138 1325 3247 1379; x_wconf 84' lang='grc' dir='ltr'><strong>τῶν</strong></span> <span class='ocrx_word' id='word_1_197' title='bbox 3333 1329 3566 1383; x_wconf 72' lang='grc' dir='ltr'>οἰκείων</span> <span class='ocrx_word' id='word_1_198' title='bbox 3634 1333 3759 1398; x_wconf 75' lang='grc' dir='ltr'>ἀγα-</span> 
     </span>
    </p>
   </div>
   <div class='ocr_carea' id='block_1_30' title="bbox 2182 1407 2309 1463">
    <p class='ocr_par' dir='ltr' id='par_1_30' title="bbox 2182 1407 2309 1463">
     <span class='ocr_line' id='line_1_30' title="bbox 2182 1407 2309 1463; baseline 0.024 -3"><span class='ocrx_word' id='word_1_199' title='bbox 2182 1407 2309 1463; x_wconf 85' lang='grc' dir='ltr'>θῶν.</span> 
     </span>
    </p>
   </div>
   <div class='ocr_carea' id='block_1_31' title="bbox 2253 1578 3755 1655">
    <p class='ocr_par' dir='ltr' id='par_1_31' title="bbox 2253 1578 3755 1655">
     <span class='ocr_line' id='line_1_31' title="bbox 2253 1578 3755 1655; baseline 0.005 -21"><span class='ocrx_word' id='word_1_200' title='bbox 2253 1580 2280 1652; x_wconf 79' lang='lat'>§</span> <span class='ocrx_word' id='word_1_201' title='bbox 2323 1578 2558 1637; x_wconf 74' lang='lat' dir='ltr'><strong>XXVIII.</strong></span> <span class='ocrx_word' id='word_1_202' title='bbox 2608 1582 2745 1636; x_wconf 77' lang='grc' dir='ltr'>Οὐδὲ</span> <span class='ocrx_word' id='word_1_203' title='bbox 2801 1582 2898 1655; x_wconf 90' lang='grc' dir='ltr'><strong>ὕλη</strong></span> <span class='ocrx_word' id='word_1_204' title='bbox 2943 1584 3002 1639; x_wconf 76' lang='grc' dir='ltr'>τὸ</span> <span class='ocrx_word' id='word_1_205' title='bbox 3048 1586 3236 1649; x_wconf 84' lang='grc' dir='ltr'>κακὸν,</span> <span class='ocrx_word' id='word_1_206' title='bbox 3291 1584 3365 1649; x_wconf 82' lang='grc' dir='ltr'>ὧς</span> <span class='ocrx_word' id='word_1_207' title='bbox 3422 1588 3570 1655; x_wconf 81' lang='grc' dir='ltr'>φασί</span> <span class='ocrx_word' id='word_1_208' title='bbox 3603 1605 3755 1650; x_wconf 80' lang='grc' dir='ltr'>τινες.</span> 
     </span>
    </p>
   </div>
   <div class='ocr_carea' id='block_1_32' title="bbox 2179 1672 3754 1747">
    <p class='ocr_par' dir='ltr' id='par_1_32' title="bbox 2179 1672 3754 1747">
     <span class='ocr_line' id='line_1_32' title="bbox 2179 1672 3754 1747; baseline 0.003 -22"><span class='ocrx_word' id='word_1_209' title='bbox 2179 1672 2402 1744; x_wconf 78' lang='grc' dir='ltr'>Πρῶτον</span> <span class='ocrx_word' id='word_1_210' title='bbox 2427 1673 2547 1743; x_wconf 84' lang='grc' dir='ltr'>μὲν,</span> <span class='ocrx_word' id='word_1_211' title='bbox 2592 1673 2673 1726; x_wconf 85' lang='grc' dir='ltr'>ὅτι</span> <span class='ocrx_word' id='word_1_212' title='bbox 2693 1675 2789 1738; x_wconf 84' lang='grc' dir='ltr'><strong>οὐχ</strong></span> <span class='ocrx_word' id='word_1_213' title='bbox 2832 1674 3183 1747; x_wconf 81' lang='grc' dir='ltr'>εὑρεθήσεται</span> <span class='ocrx_word' id='word_1_214' title='bbox 3208 1675 3427 1728; x_wconf 81' lang='grc' dir='ltr'>πώποτε</span> <span class='ocrx_word' id='word_1_215' title='bbox 3452 1680 3646 1746; x_wconf 80' lang='grc' dir='ltr'>γυμνὴ</span> <span class='ocrx_word' id='word_1_216' title='bbox 3673 1676 3754 1730; x_wconf 73' lang='grc' dir='ltr'><strong>τοῦ</strong></span> 
     </span>
    </p>
   </div>
   <div class='ocr_carea' id='block_1_33' title="bbox 497 1763 2072 1839">
    <p class='ocr_par' dir='ltr' id='par_1_33' title="bbox 497 1763 2072 1835">
     <span class='ocr_line' id='line_1_33' title="bbox 497 1763 2072 1835; baseline -0.002 -16"><span class='ocrx_word' id='word_1_217' title='bbox 497 1766 675 1819; x_wconf 86' lang='lat' dir='ltr'><strong>rietur</strong></span> <span class='ocrx_word' id='word_1_218' title='bbox 702 1763 971 1829; x_wconf 79' lang='lat' dir='ltr'><strong>informis,</strong></span> <span class='ocrx_word' id='word_1_219' title='bbox 1004 1778 1099 1820; x_wconf 83' lang='lat' dir='ltr'><strong>seu</strong></span> <span class='ocrx_word' id='word_1_220' title='bbox 1132 1765 1279 1820; x_wconf 91' lang='lat' dir='ltr'><strong>omni</strong></span> <span class='ocrx_word' id='word_1_221' title='bbox 1320 1763 1495 1819; x_wconf 91' lang='lat' dir='ltr'><strong>forma</strong></span> <span class='ocrx_word' id='word_1_222' title='bbox 1515 1763 1778 1835; x_wconf 84' lang='lat' dir='ltr'><strong>spoliata;</strong></span> <span class='ocrx_word' id='word_1_223' title='bbox 1812 1780 1933 1818; x_wconf 91' lang='lat' dir='ltr'><strong>cum</strong></span> <span class='ocrx_word' id='word_1_224' title='bbox 1966 1763 2072 1817; x_wconf 90' lang='lat' dir='ltr'><strong>for-</strong></span> 
     </span>
    </p>
   </div>
   <div class='ocr_carea' id='block_1_34' title="bbox 2175 1763 3755 1839">
    <p class='ocr_par' dir='ltr' id='par_1_34' title="bbox 2178 1766 3755 1839">
     <span class='ocr_line' id='line_1_34' title="bbox 2178 1766 3755 1839; baseline 0.002 -20"><span class='ocrx_word' id='word_1_225' title='bbox 2178 1766 2351 1830; x_wconf 69' lang='grc' dir='ltr'>εἴδους</span> <span class='ocrx_word' id='word_1_226' title='bbox 2390 1766 2655 1829; x_wconf 70' lang='grc' dir='ltr'>ἀνείδεοςο</span> <span class='ocrx_word' id='word_1_227' title='bbox 2686 1766 2820 1837; x_wconf 82' lang='grc' dir='ltr'><strong>μετά</strong></span> <span class='ocrx_word' id='word_1_228' title='bbox 2848 1767 3019 1832; x_wconf 73' lang='grc' dir='ltr'>εἴδους</span> <span class='ocrx_word' id='word_1_229' title='bbox 3055 1769 3131 1829; x_wconf 84' lang='grc' dir='ltr'><strong>δὲ,</strong></span> <span class='ocrx_word' id='word_1_230' title='bbox 3168 1768 3244 1831; x_wconf 84' lang='grc' dir='ltr'>ὡς</span> <span class='ocrx_word' id='word_1_231' title='bbox 3287 1768 3417 1837; x_wconf 90' lang='grc' dir='ltr'>γοῦν</span> <span class='ocrx_word' id='word_1_232' title='bbox 3457 1771 3755 1839; x_wconf 72' lang='grc' dir='ltr'>μετέχουσα</span> 
     </span>
    </p>
   </div>
   <div class='ocr_carea' id='block_1_35' title="bbox 497 1856 2071 1926">
    <p class='ocr_par' dir='ltr' id='par_1_35' title="bbox 497 1856 2071 1926">
     <span class='ocr_line' id='line_1_35' title="bbox 497 1856 2071 1926; baseline -0.002 -15"><span class='ocrx_word' id='word_1_233' title='bbox 497 1872 587 1912; x_wconf 86' lang='lat' dir='ltr'><strong>ma</strong></span> <span class='ocrx_word' id='word_1_234' title='bbox 640 1866 844 1921; x_wconf 91' lang='lat' dir='ltr'><strong>autem,</strong></span> <span class='ocrx_word' id='word_1_235' title='bbox 894 1866 954 1910; x_wconf 91' lang='lat' dir='ltr'><strong>ut</strong></span> <span class='ocrx_word' id='word_1_236' title='bbox 1010 1857 1286 1926; x_wconf 86' lang='lat' dir='ltr'><strong>particeps</strong></span> <span class='ocrx_word' id='word_1_237' title='bbox 1335 1856 1549 1921; x_wconf 71' lang='lat' dir='ltr'><strong>formae,</strong></span> <span class='ocrx_word' id='word_1_238' title='bbox 1612 1856 2071 1926; x_wconf 86' lang='lat' dir='ltr'><strong>pulchritudinem</strong></span> 
     </span>
    </p>
   </div>
   <div class='ocr_carea' id='block_1_36' title="bbox 494 1949 2075 2021">
    <p class='ocr_par' dir='ltr' id='par_1_36' title="bbox 494 1949 2075 2021">
     <span class='ocr_line' id='line_1_36' title="bbox 494 1949 2075 2021; baseline 0.001 -19"><span class='ocrx_word' id='word_1_239' title='bbox 494 1951 875 2021; x_wconf 85' lang='lat' dir='ltr'><strong>participatac</strong></span> <span class='ocrx_word' id='word_1_240' title='bbox 904 1958 1267 2006; x_wconf 75' lang='lat' dir='ltr'><strong>venustatem.</strong></span> <span class='ocrx_word' id='word_1_241' title='bbox 1319 1949 1416 2003; x_wconf 92' lang='lat' dir='ltr'><strong>Sin</strong></span> <span class='ocrx_word' id='word_1_242' title='bbox 1467 1964 1600 2003; x_wconf 74' lang='lat' dir='ltr'><strong>vero</strong></span> <span class='ocrx_word' id='word_1_243' title='bbox 1646 1950 1818 2018; x_wconf 87' lang='lat' dir='ltr'><strong>ipsam</strong></span> <span class='ocrx_word' id='word_1_244' title='bbox 1861 1964 1957 2018; x_wconf 91' lang='lat' dir='ltr'><strong>per</strong></span> <span class='ocrx_word' id='word_1_245' title='bbox 2015 1963 2075 2004; x_wconf 86' lang='lat' dir='ltr'><strong>se</strong></span> 
     </span>
    </p>
   </div>
   <div class='ocr_carea' id='block_1_37' title="bbox 496 2036 2076 2107">
    <p class='ocr_par' dir='ltr' id='par_1_37' title="bbox 496 2036 2076 2107">
     <span class='ocr_line' id='line_1_37' title="bbox 496 2036 2076 2107; baseline 0.001 -16"><span class='ocrx_word' id='word_1_246' title='bbox 496 2036 785 2091; x_wconf 82' lang='lat' dir='ltr'><strong>informem</strong></span> <span class='ocrx_word' id='word_1_247' title='bbox 821 2038 1253 2102; x_wconf 87' lang='lat' dir='ltr'><strong>consideremus,</strong></span> <span class='ocrx_word' id='word_1_248' title='bbox 1297 2037 1431 2092; x_wconf 86' lang='lat' dir='ltr'><strong>nihil</strong></span> <span class='ocrx_word' id='word_1_249' title='bbox 1470 2039 1766 2107; x_wconf 82' lang='lat' dir='ltr'><strong>patientem</strong></span> <span class='ocrx_word' id='word_1_250' title='bbox 1792 2047 1884 2091; x_wconf 92' lang='lat' dir='ltr'><strong>aut</strong></span> <span class='ocrx_word' id='word_1_251' title='bbox 1915 2040 2076 2094; x_wconf 86' lang='lat' dir='ltr'><strong>susti-</strong></span> 
     </span>
    </p>
   </div>
   <div class='ocr_carea' id='block_1_38' title="bbox 494 2130 2071 2201">
    <p class='ocr_par' dir='ltr' id='par_1_38' title="bbox 494 2130 2071 2201">
     <span class='ocr_line' id='line_1_38' title="bbox 494 2130 2071 2201; baseline 0.002 -19"><span class='ocrx_word' id='word_1_252' title='bbox 494 2139 739 2197; x_wconf 90' lang='lat' dir='ltr'><strong>nentem,</strong></span> <span class='ocrx_word' id='word_1_253' title='bbox 780 2131 1058 2200; x_wconf 88' lang='lat' dir='ltr'><strong>quomodo</strong></span> <span class='ocrx_word' id='word_1_254' title='bbox 1113 2131 1341 2185; x_wconf 87' lang='lat' dir='ltr'><strong>materia</strong></span> <span class='ocrx_word' id='word_1_255' title='bbox 1399 2130 1525 2184; x_wconf 90' lang='lat' dir='ltr'><strong>mali</strong></span> <span class='ocrx_word' id='word_1_256' title='bbox 1580 2131 1875 2199; x_wconf 88' lang='lat' dir='ltr'><strong>quidquam</strong></span> <span class='ocrx_word' id='word_1_257' title='bbox 1926 2141 2071 2201; x_wconf 90' lang='lat' dir='ltr'><strong>agat,</strong></span> 
     </span>
    </p>
   </div>
   <div class='ocr_carea' id='block_1_39' title="bbox 493 2222 2073 2292">
    <p class='ocr_par' dir='ltr' id='par_1_39' title="bbox 493 2222 2073 2292">
     <span class='ocr_line' id='line_1_39' title="bbox 493 2222 2073 2292; baseline 0.001 -16"><span class='ocrx_word' id='word_1_258' title='bbox 493 2237 617 2277; x_wconf 79' lang='lat' dir='ltr'><strong>cum</strong></span> <span class='ocrx_word' id='word_1_259' title='bbox 642 2237 710 2276; x_wconf 89' lang='lat' dir='ltr'><strong>ne</strong></span> <span class='ocrx_word' id='word_1_260' title='bbox 738 2222 794 2287; x_wconf 83' lang='lat' dir='ltr'><strong>id</strong></span> <span class='ocrx_word' id='word_1_261' title='bbox 839 2224 949 2292; x_wconf 89' lang='lat' dir='ltr'><strong>pati</strong></span> <span class='ocrx_word' id='word_1_262' title='bbox 975 2223 1194 2291; x_wconf 88' lang='lat' dir='ltr'><strong>quidem</strong></span> <span class='ocrx_word' id='word_1_263' title='bbox 1230 2223 1437 2291; x_wconf 85' lang='lat' dir='ltr'><strong>possit?</strong></span> <span class='ocrx_word' id='word_1_264' title='bbox 1464 2222 1617 2289; x_wconf 85' lang='lat' dir='ltr'><strong>Quod</strong></span> <span class='ocrx_word' id='word_1_265' title='bbox 1643 2225 1686 2278; x_wconf 93' lang='lat' dir='ltr'><strong>si</strong></span> <span class='ocrx_word' id='word_1_266' title='bbox 1721 2225 1885 2279; x_wconf 90' lang='lat' dir='ltr'><strong>etiam</strong></span> <span class='ocrx_word' id='word_1_267' title='bbox 1911 2226 2073 2289; x_wconf 91' lang='lat' dir='ltr'><strong>Deus,</strong></span> 
     </span>
    </p>
   </div>
   <div class='ocr_carea' id='block_1_40' title="bbox 494 2312 2077 2382">
    <p class='ocr_par' dir='ltr' id='par_1_40' title="bbox 494 2312 2077 2382">
     <span class='ocr_line' id='line_1_40' title="bbox 494 2312 2077 2382; baseline 0.001 -15"><span class='ocrx_word' id='word_1_268' title='bbox 494 2328 622 2367; x_wconf 82' lang='lat' dir='ltr'><strong>cum</strong></span> <span class='ocrx_word' id='word_1_269' title='bbox 650 2312 783 2367; x_wconf 88' lang='lat' dir='ltr'><strong>nihil</strong></span> <span class='ocrx_word' id='word_1_270' title='bbox 826 2312 935 2381; x_wconf 89' lang='lat' dir='ltr'><strong>pati</strong></span> <span class='ocrx_word' id='word_1_271' title='bbox 962 2316 1154 2381; x_wconf 89' lang='lat' dir='ltr'><strong>possit,</strong></span> <span class='ocrx_word' id='word_1_272' title='bbox 1194 2313 1379 2366; x_wconf 84' lang='lat' dir='ltr'><strong>omnia</strong></span> <span class='ocrx_word' id='word_1_273' title='bbox 1409 2312 1600 2380; x_wconf 77' lang='lat' dir='ltr'><strong>faciat,</strong></span> <span class='ocrx_word' id='word_1_274' title='bbox 1640 2328 1738 2382; x_wconf 89' lang='lat' dir='ltr'><strong>per</strong></span> <span class='ocrx_word' id='word_1_275' title='bbox 1776 2314 1829 2367; x_wconf 89' lang='lat' dir='ltr'><strong>id</strong></span> <span class='ocrx_word' id='word_1_276' title='bbox 1862 2316 2077 2369; x_wconf 79' lang='lat' dir='ltr'><strong>excedit</strong></span> 
     </span>
    </p>
   </div>
   <div class='ocr_carea' id='block_1_41' title="bbox 495 2404 2072 2473">
    <p class='ocr_par' dir='ltr' id='par_1_41' title="bbox 495 2404 2072 2473">
     <span class='ocr_line' id='line_1_41' title="bbox 495 2404 2072 2473; baseline 0.003 -16"><span class='ocrx_word' id='word_1_277' title='bbox 495 2404 724 2460; x_wconf 78' lang='lat' dir='ltr'><strong>effectus</strong></span> <span class='ocrx_word' id='word_1_278' title='bbox 783 2406 1084 2471; x_wconf 86' lang='lat' dir='ltr'><strong>naturales,</strong></span> <span class='ocrx_word' id='word_1_279' title='bbox 1133 2408 1235 2461; x_wconf 87' lang='lat' dir='ltr'><strong>etsi</strong></span> <span class='ocrx_word' id='word_1_280' title='bbox 1279 2422 1441 2463; x_wconf 90' lang='lat' dir='ltr'><strong>causa</strong></span> <span class='ocrx_word' id='word_1_281' title='bbox 1515 2412 1609 2473; x_wconf 85' lang='lat' dir='ltr'><strong>sit,</strong></span> <span class='ocrx_word' id='word_1_282' title='bbox 1667 2408 1762 2462; x_wconf 89' lang='lat' dir='ltr'><strong>sed</strong></span> <span class='ocrx_word' id='word_1_283' title='bbox 1814 2408 2072 2462; x_wconf 77' lang='lat' dir='ltr'><strong>ellicicns.</strong></span> 
     </span>
    </p>
   </div>
   <div class='ocr_carea' id='block_1_42' title="bbox 493 2496 2077 2571">
    <p class='ocr_par' dir='ltr' id='par_1_42' title="bbox 493 2496 2077 2571">
     <span class='ocr_line' id='line_1_42' title="bbox 493 2496 2077 2571; baseline -0.001 -19"><span class='ocrx_word' id='word_1_284' title='bbox 493 2496 672 2552; x_wconf 86' lang='lat' dir='ltr'><strong>Causa</strong></span> <span class='ocrx_word' id='word_1_285' title='bbox 720 2507 902 2552; x_wconf 89' lang='lat' dir='ltr'><strong>autem</strong></span> <span class='ocrx_word' id='word_1_286' title='bbox 945 2500 1262 2564; x_wconf 89' lang='lat' dir='ltr'><strong>materialis,</strong></span> <span class='ocrx_word' id='word_1_287' title='bbox 1314 2517 1432 2571; x_wconf 72' lang='lat' dir='ltr'><strong>qua:</strong></span> <span class='ocrx_word' id='word_1_288' title='bbox 1491 2502 1779 2557; x_wconf 73' lang='lat' dir='ltr'><strong>effectibus</strong></span> <span class='ocrx_word' id='word_1_289' title='bbox 1810 2510 2077 2557; x_wconf 85' lang='lat' dir='ltr'><strong>connatu-</strong></span> 
     </span>
    </p>
   </div>
   <div class='ocr_carea' id='block_1_43' title="bbox 494 2589 2075 2664">
    <p class='ocr_par' dir='ltr' id='par_1_43' title="bbox 494 2589 2075 2664">
     <span class='ocr_line' id='line_1_43' title="bbox 494 2589 2075 2664; baseline 0 -19"><span class='ocrx_word' id='word_1_290' title='bbox 494 2589 628 2646; x_wconf 89' lang='lat' dir='ltr'><strong>ralis</strong></span> <span class='ocrx_word' id='word_1_291' title='bbox 661 2601 764 2658; x_wconf 88' lang='lat' dir='ltr'><strong>est,</strong></span> <span class='ocrx_word' id='word_1_292' title='bbox 802 2592 937 2647; x_wconf 91' lang='lat' dir='ltr'><strong>nihil</strong></span> <span class='ocrx_word' id='word_1_293' title='bbox 969 2608 1210 2664; x_wconf 87' lang='lat' dir='ltr'><strong>unquam</strong></span> <span class='ocrx_word' id='word_1_294' title='bbox 1246 2594 1357 2663; x_wconf 86' lang='lat' dir='ltr'><strong>agit</strong></span> <span class='ocrx_word' id='word_1_295' title='bbox 1411 2596 1463 2649; x_wconf 90' lang='lat' dir='ltr'><strong>in</strong></span> <span class='ocrx_word' id='word_1_296' title='bbox 1519 2594 1751 2658; x_wconf 72' lang='lat' dir='ltr'><strong>effectis,</strong></span> <span class='ocrx_word' id='word_1_297' title='bbox 1793 2592 1896 2647; x_wconf 91' lang='lat' dir='ltr'><strong>nisi</strong></span> <span class='ocrx_word' id='word_1_298' title='bbox 1926 2592 2075 2660; x_wconf 86' lang='lat' dir='ltr'><strong>prius</strong></span> 
     </span>
    </p>
   </div>
   <div class='ocr_carea' id='block_1_44' title="bbox 494 2685 2077 2753">
    <p class='ocr_par' dir='ltr' id='par_1_44' title="bbox 494 2685 2077 2753">
     <span class='ocr_line' id='line_1_44' title="bbox 494 2685 2077 2753; baseline 0.001 -16"><span class='ocrx_word' id='word_1_299' title='bbox 494 2698 652 2753; x_wconf 87' lang='lat' dir='ltr'><strong>passa</strong></span> <span class='ocrx_word' id='word_1_300' title='bbox 682 2686 754 2740; x_wconf 91' lang='lat' dir='ltr'><strong>sit</strong></span> <span class='ocrx_word' id='word_1_301' title='bbox 784 2685 1245 2742; x_wconf 78' lang='lat' dir='ltr'><strong>informationem.</strong></span> <span class='ocrx_word' id='word_1_302' title='bbox 1279 2686 1403 2742; x_wconf 65' lang='lat' dir='ltr'><strong>Haac</strong></span> <span class='ocrx_word' id='word_1_303' title='bbox 1435 2696 1615 2742; x_wconf 90' lang='lat' dir='ltr'><strong>antem</strong></span> <span class='ocrx_word' id='word_1_304' title='bbox 1645 2687 1829 2741; x_wconf 89' lang='lat' dir='ltr'><strong>omnia</strong></span> <span class='ocrx_word' id='word_1_305' title='bbox 1854 2694 2077 2740; x_wconf 87' lang='lat' dir='ltr'><strong>sanctus</strong></span> 
     </span>
    </p>
   </div>
   <div class='ocr_carea' id='block_1_45' title="bbox 494 2775 2077 2849">
    <p class='ocr_par' dir='ltr' id='par_1_45' title="bbox 494 2775 2077 2849">
     <span class='ocr_line' id='line_1_45' title="bbox 494 2775 2077 2849; baseline 0.001 -19"><span class='ocrx_word' id='word_1_306' title='bbox 494 2776 584 2831; x_wconf 85' lang='lat' dir='ltr'><strong>hic</strong></span> <span class='ocrx_word' id='word_1_307' title='bbox 613 2775 765 2842; x_wconf 92' lang='lat' dir='ltr'><strong>dicit,</strong></span> <span class='ocrx_word' id='word_1_308' title='bbox 800 2778 926 2847; x_wconf 87' lang='lat' dir='ltr'><strong>quia</strong></span> <span class='ocrx_word' id='word_1_309' title='bbox 964 2780 1181 2847; x_wconf 87' lang='lat' dir='ltr'><strong>quidam</strong></span> <span class='ocrx_word' id='word_1_310' title='bbox 1234 2778 1545 2849; x_wconf 86' lang='lat' dir='ltr'><strong>philosophi</strong></span> <span class='ocrx_word' id='word_1_311' title='bbox 1596 2777 1875 2842; x_wconf 88' lang='lat' dir='ltr'><strong>dicebant,</strong></span> <span class='ocrx_word' id='word_1_312' title='bbox 1906 2792 1971 2832; x_wconf 82' lang='lat' dir='ltr'><strong>ex</strong></span> <span class='ocrx_word' id='word_1_313' title='bbox 2003 2779 2077 2831; x_wconf 86' lang='lat' dir='ltr'><strong>ir-</strong></span> 
     </span>
    </p>
   </div>
   <div class='ocr_carea' id='block_1_46' title="bbox 493 2870 2073 2940">
    <p class='ocr_par' dir='ltr' id='par_1_46' title="bbox 493 2870 2073 2940">
     <span class='ocr_line' id='line_1_46' title="bbox 493 2870 2073 2940; baseline 0 -17"><span class='ocrx_word' id='word_1_314' title='bbox 493 2870 805 2925; x_wconf 85' lang='lat' dir='ltr'><strong>rationalibi</strong></span> <span class='ocrx_word' id='word_1_315' title='bbox 834 2875 1031 2925; x_wconf 63' lang='lat' dir='ltr'><strong>animae</strong></span> <span class='ocrx_word' id='word_1_316' title='bbox 1078 2880 1233 2940; x_wconf 90' lang='lat' dir='ltr'><strong>parte</strong></span> <span class='ocrx_word' id='word_1_317' title='bbox 1282 2874 1524 2927; x_wconf 76' lang='lat' dir='ltr'><strong>materia:</strong></span> <span class='ocrx_word' id='word_1_318' title='bbox 1559 2871 1883 2939; x_wconf 89' lang='lat' dir='ltr'><strong>corporique</strong></span> <span class='ocrx_word' id='word_1_319' title='bbox 1921 2884 2073 2923; x_wconf 82' lang='lat' dir='ltr'><strong>com-</strong></span> 
     </span>
    </p>
   </div>
   <div class='ocr_carea' id='block_1_47' title="bbox 496 2966 2074 3038">
    <p class='ocr_par' dir='ltr' id='par_1_47' title="bbox 496 2966 2074 3038">
     <span class='ocr_line' id='line_1_47' title="bbox 496 2966 2074 3038; baseline -0.001 -16"><span class='ocrx_word' id='word_1_320' title='bbox 496 2969 678 3036; x_wconf 81' lang='lat' dir='ltr'><strong>mista,</strong></span> <span class='ocrx_word' id='word_1_321' title='bbox 712 2984 833 3023; x_wconf 91' lang='lat' dir='ltr'><strong>cum</strong></span> <span class='ocrx_word' id='word_1_322' title='bbox 862 2971 927 3023; x_wconf 91' lang='lat' dir='ltr'><strong>ad</strong></span> <span class='ocrx_word' id='word_1_323' title='bbox 985 2983 1107 3025; x_wconf 85' lang='lat' dir='ltr'><strong>eam</strong></span> <span class='ocrx_word' id='word_1_324' title='bbox 1152 2970 1338 3025; x_wconf 92' lang='lat' dir='ltr'><strong>anima</strong></span> <span class='ocrx_word' id='word_1_325' title='bbox 1397 2970 1706 3038; x_wconf 86' lang='lat' dir='ltr'><strong>adreperet,</strong></span> <span class='ocrx_word' id='word_1_326' title='bbox 1742 2967 1880 3021; x_wconf 88' lang='lat' dir='ltr'><strong>mala</strong></span> <span class='ocrx_word' id='word_1_327' title='bbox 1910 2966 2074 3037; x_wconf 86' lang='lat' dir='ltr'><strong>profi-</strong></span> 
     </span>
    </p>
   </div>
   <div class='ocr_carea' id='block_1_48' title="bbox 493 3060 2074 3129">
    <p class='ocr_par' dir='ltr' id='par_1_48' title="bbox 493 3060 2074 3129">
     <span class='ocr_line' id='line_1_48' title="bbox 493 3060 2074 3129; baseline -0.003 -11"><span class='ocrx_word' id='word_1_328' title='bbox 493 3061 652 3118; x_wconf 87' lang='lat' dir='ltr'><strong>cisci.</strong></span> <span class='ocrx_word' id='word_1_329' title='bbox 679 3060 911 3116; x_wconf 81' lang='lat' dir='ltr'><strong>Rursum</strong></span> <span class='ocrx_word' id='word_1_330' title='bbox 969 3062 1035 3116; x_wconf 89' lang='lat' dir='ltr'><strong>de</strong></span> <span class='ocrx_word' id='word_1_331' title='bbox 1083 3061 1308 3115; x_wconf 90' lang='lat' dir='ltr'><strong>materia</strong></span> <span class='ocrx_word' id='word_1_332' title='bbox 1357 3061 1637 3124; x_wconf 89' lang='lat' dir='ltr'><strong>decertat,</strong></span> <span class='ocrx_word' id='word_1_333' title='bbox 1670 3069 1726 3115; x_wconf 89' lang='lat' dir='ltr'><strong>et</strong></span> <span class='ocrx_word' id='word_1_334' title='bbox 1784 3074 2074 3129; x_wconf 88' lang='lat' dir='ltr'><strong>argumen-</strong></span> 
     </span>
    </p>
   </div>
   <div class='ocr_carea' id='block_1_49' title="bbox 494 3151 2077 3225">
    <p class='ocr_par' dir='ltr' id='par_1_49' title="bbox 494 3151 2077 3225">
     <span class='ocr_line' id='line_1_49' title="bbox 494 3151 2077 3225; baseline -0.002 -17"><span class='ocrx_word' id='word_1_335' title='bbox 494 3164 606 3209; x_wconf 90' lang='lat' dir='ltr'><strong>tum</strong></span> <span class='ocrx_word' id='word_1_336' title='bbox 636 3152 801 3225; x_wconf 66' lang='grc'><strong>420</strong></span> <span class='ocrx_word' id='word_1_337' title='bbox 838 3153 1040 3208; x_wconf 83' lang='lat' dir='ltr'><strong>format</strong></span> <span class='ocrx_word' id='word_1_338' title='bbox 1087 3167 1156 3207; x_wconf 79' lang='lat' dir='ltr'><strong>ex</strong></span> <span class='ocrx_word' id='word_1_339' title='bbox 1186 3152 1497 3221; x_wconf 63' lang='lat' dir='ltr'><strong>divisione.</strong></span> <span class='ocrx_word' id='word_1_340' title='bbox 1530 3151 1629 3206; x_wconf 77' lang='lat' dir='ltr'><strong>Vel</strong></span> <span class='ocrx_word' id='word_1_341' title='bbox 1689 3152 1871 3220; x_wconf 91' lang='lat' dir='ltr'><strong>itaque</strong></span> <span class='ocrx_word' id='word_1_342' title='bbox 1903 3153 2077 3206; x_wconf 89' lang='lat' dir='ltr'><strong>neuti-</strong></span> 
     </span>
    </p>
   </div>
   <div class='ocr_carea' id='block_1_50' title="bbox 493 3244 2075 3316">
    <p class='ocr_par' dir='ltr' id='par_1_50' title="bbox 493 3244 2075 3316">
     <span class='ocr_line' id='line_1_50' title="bbox 493 3244 2075 3316; baseline -0.001 -16"><span class='ocrx_word' id='word_1_343' title='bbox 493 3261 655 3316; x_wconf 90' lang='lat' dir='ltr'><strong>quam</strong></span> <span class='ocrx_word' id='word_1_344' title='bbox 714 3260 1048 3315; x_wconf 88' lang='lat' dir='ltr'><strong>nusquamve</strong></span> <span class='ocrx_word' id='word_1_345' title='bbox 1102 3253 1208 3311; x_wconf 85' lang='lat' dir='ltr'><strong>est,</strong></span> <span class='ocrx_word' id='word_1_346' title='bbox 1254 3254 1333 3309; x_wconf 32' lang='lat' dir='ltr'><strong>et,</strong></span> <span class='ocrx_word' id='word_1_347' title='bbox 1369 3253 1619 3298; x_wconf 91' lang='lat' dir='ltr'><strong>neutrum</strong></span> <span class='ocrx_word' id='word_1_348' title='bbox 1669 3244 1922 3309; x_wconf 89' lang='lat' dir='ltr'><strong>habebit;</strong></span> <span class='ocrx_word' id='word_1_349' title='bbox 1978 3252 2075 3298; x_wconf 85' lang='lat' dir='ltr'><strong>aut</strong></span> 
     </span>
    </p>
   </div>
   <div class='ocr_carea' id='block_1_51' title="bbox 494 3335 2073 3408">
    <p class='ocr_par' dir='ltr' id='par_1_51' title="bbox 494 3335 2073 3408">
     <span class='ocr_line' id='line_1_51' title="bbox 494 3335 2073 3408; baseline -0.003 -15"><span class='ocrx_word' id='word_1_350' title='bbox 494 3338 707 3408; x_wconf 84' lang='lat' dir='ltr'><strong>uspiam</strong></span> <span class='ocrx_word' id='word_1_351' title='bbox 733 3337 880 3392; x_wconf 89' lang='lat' dir='ltr'><strong>erit:</strong></span> <span class='ocrx_word' id='word_1_352' title='bbox 934 3347 991 3390; x_wconf 93' lang='lat' dir='ltr'><strong>at</strong></span> <span class='ocrx_word' id='word_1_353' title='bbox 1013 3350 1142 3391; x_wconf 85' lang='lat' dir='ltr'><strong>vero</strong></span> <span class='ocrx_word' id='word_1_354' title='bbox 1172 3349 1294 3405; x_wconf 66' lang='lat' dir='ltr'><strong>qua:</strong></span> <span class='ocrx_word' id='word_1_355' title='bbox 1325 3342 1473 3398; x_wconf 88' lang='lat' dir='ltr'><strong>sunt,</strong></span> <span class='ocrx_word' id='word_1_356' title='bbox 1508 3350 1575 3389; x_wconf 76' lang='lat' dir='ltr'><strong>ex</strong></span> <span class='ocrx_word' id='word_1_357' title='bbox 1618 3335 1729 3389; x_wconf 90' lang='lat' dir='ltr'><strong>Deo</strong></span> <span class='ocrx_word' id='word_1_358' title='bbox 1759 3344 1909 3403; x_wconf 88' lang='lat' dir='ltr'><strong>sunt,</strong></span> <span class='ocrx_word' id='word_1_359' title='bbox 1940 3345 1992 3391; x_wconf 91' lang='lat' dir='ltr'><strong>et</strong></span> <span class='ocrx_word' id='word_1_360' title='bbox 2022 3337 2073 3390; x_wconf 83' lang='lat' dir='ltr'><strong>id</strong></span> 
     </span>
    </p>
   </div>
   <div class='ocr_carea' id='block_1_52' title="bbox 492 3428 2071 3500">
    <p class='ocr_par' dir='ltr' id='par_1_52' title="bbox 492 3428 2071 3500">
     <span class='ocr_line' id='line_1_52' title="bbox 492 3428 2071 3500; baseline 0 -17"><span class='ocrx_word' id='word_1_361' title='bbox 492 3432 697 3500; x_wconf 81' lang='lat' dir='ltr'><strong>ipsum,</strong></span> <span class='ocrx_word' id='word_1_362' title='bbox 726 3431 929 3500; x_wconf 87' lang='lat' dir='ltr'><strong>quippe</strong></span> <span class='ocrx_word' id='word_1_363' title='bbox 949 3445 1017 3483; x_wconf 81' lang='lat' dir='ltr'><strong>ex</strong></span> <span class='ocrx_word' id='word_1_364' title='bbox 1051 3428 1182 3494; x_wconf 91' lang='lat' dir='ltr'><strong>Deo,</strong></span> <span class='ocrx_word' id='word_1_365' title='bbox 1216 3430 1417 3484; x_wconf 91' lang='lat' dir='ltr'><strong>bonum</strong></span> <span class='ocrx_word' id='word_1_366' title='bbox 1439 3436 1541 3483; x_wconf 89' lang='lat' dir='ltr'><strong>est.</strong></span> <span class='ocrx_word' id='word_1_367' title='bbox 1570 3428 1716 3483; x_wconf 86' lang='lat' dir='ltr'><strong>Alias</strong></span> <span class='ocrx_word' id='word_1_368' title='bbox 1747 3438 1925 3483; x_wconf 90' lang='lat' dir='ltr'><strong>autem</strong></span> <span class='ocrx_word' id='word_1_369' title='bbox 1950 3443 2071 3483; x_wconf 92' lang='lat' dir='ltr'><strong>cum</strong></span> 
     </span>
    </p>
   </div>
   <div class='ocr_carea' id='block_1_53' title="bbox 491 3519 2075 3590">
    <p class='ocr_par' dir='ltr' id='par_1_53' title="bbox 491 3519 2075 3590">
     <span class='ocr_line' id='line_1_53' title="bbox 491 3519 2075 3590; baseline -0.003 -13"><span class='ocrx_word' id='word_1_370' title='bbox 491 3522 599 3577; x_wconf 87' lang='lat' dir='ltr'><strong>duo</strong></span> <span class='ocrx_word' id='word_1_371' title='bbox 633 3522 765 3585; x_wconf 86' lang='lat' dir='ltr'><strong>sint,</strong></span> <span class='ocrx_word' id='word_1_372' title='bbox 804 3522 945 3577; x_wconf 90' lang='lat' dir='ltr'><strong>Deus</strong></span> <span class='ocrx_word' id='word_1_373' title='bbox 971 3531 1028 3575; x_wconf 87' lang='lat' dir='ltr'><strong>et</strong></span> <span class='ocrx_word' id='word_1_374' title='bbox 1066 3521 1319 3584; x_wconf 89' lang='lat' dir='ltr'><strong>materia,</strong></span> <span class='ocrx_word' id='word_1_375' title='bbox 1353 3520 1397 3573; x_wconf 89' lang='lat' dir='ltr'><strong>si</strong></span> <span class='ocrx_word' id='word_1_376' title='bbox 1446 3519 1678 3575; x_wconf 90' lang='lat' dir='ltr'><strong>alterum</strong></span> <span class='ocrx_word' id='word_1_377' title='bbox 1738 3530 2075 3590; x_wconf 89' lang='lat' dir='ltr'><strong>supponatur</strong></span> 
     </span>
    </p>
   </div>
   <div class='ocr_carea' id='block_1_54' title="bbox 495 3611 2075 3682">
    <p class='ocr_par' dir='ltr' id='par_1_54' title="bbox 495 3611 2075 3682">
     <span class='ocr_line' id='line_1_54' title="bbox 495 3611 2075 3682; baseline -0.001 -14"><span class='ocrx_word' id='word_1_378' title='bbox 495 3612 717 3677; x_wconf 86' lang='lat' dir='ltr'><strong>bonum,</strong></span> <span class='ocrx_word' id='word_1_379' title='bbox 747 3611 976 3667; x_wconf 87' lang='lat' dir='ltr'><strong>alterum</strong></span> <span class='ocrx_word' id='word_1_380' title='bbox 1019 3626 1151 3666; x_wconf 86' lang='lat' dir='ltr'><strong>vero</strong></span> <span class='ocrx_word' id='word_1_381' title='bbox 1182 3611 1408 3675; x_wconf 86' lang='lat' dir='ltr'><strong>malum,</strong></span> <span class='ocrx_word' id='word_1_382' title='bbox 1458 3612 1739 3682; x_wconf 80' lang='lat' dir='ltr'><strong>continget</strong></span> <span class='ocrx_word' id='word_1_383' title='bbox 1767 3611 1930 3665; x_wconf 85' lang='lat' dir='ltr'><strong>utvel</strong></span> <span class='ocrx_word' id='word_1_384' title='bbox 1979 3614 2075 3667; x_wconf 84' lang='lat' dir='ltr'><strong>bo-</strong></span> 
     </span>
    </p>
   </div>
   <div class='ocr_carea' id='block_1_55' title="bbox 492 3703 2071 3770">
    <p class='ocr_par' dir='ltr' id='par_1_55' title="bbox 492 3703 2071 3770">
     <span class='ocr_line' id='line_1_55' title="bbox 492 3703 2071 3770; baseline -0.001 -11"><span class='ocrx_word' id='word_1_385' title='bbox 492 3720 622 3759; x_wconf 85' lang='lat' dir='ltr'><strong>num</strong></span> <span class='ocrx_word' id='word_1_386' title='bbox 662 3704 860 3759; x_wconf 89' lang='lat' dir='ltr'><strong>malum</strong></span> <span class='ocrx_word' id='word_1_387' title='bbox 894 3705 1079 3769; x_wconf 77' lang='lat' dir='ltr'><strong>faciat,</strong></span> <span class='ocrx_word' id='word_1_388' title='bbox 1128 3703 1211 3757; x_wconf 80' lang='lat' dir='ltr'><strong>vel</strong></span> <span class='ocrx_word' id='word_1_389' title='bbox 1243 3713 1393 3758; x_wconf 90' lang='lat' dir='ltr'><strong>certe</strong></span> <span class='ocrx_word' id='word_1_390' title='bbox 1430 3703 1657 3769; x_wconf 90' lang='lat' dir='ltr'><strong>malum,</strong></span> <span class='ocrx_word' id='word_1_391' title='bbox 1690 3712 1958 3770; x_wconf 90' lang='lat' dir='ltr'><strong>quatenus</strong></span> <span class='ocrx_word' id='word_1_392' title='bbox 2003 3718 2071 3757; x_wconf 78' lang='lat' dir='ltr'><strong>ex</strong></span> 
     </span>
    </p>
   </div>
   <div class='ocr_carea' id='block_1_56' title="bbox 492 3793 2068 3859">
    <p class='ocr_par' dir='ltr' id='par_1_56' title="bbox 492 3793 2068 3859">
     <span class='ocr_line' id='line_1_56' title="bbox 492 3793 2068 3859; baseline -0.001 -9"><span class='ocrx_word' id='word_1_393' title='bbox 492 3795 644 3850; x_wconf 85' lang='lat' dir='ltr'><strong>bono</strong></span> <span class='ocrx_word' id='word_1_394' title='bbox 666 3804 770 3859; x_wconf 93' lang='lat' dir='ltr'><strong>est,</strong></span> <span class='ocrx_word' id='word_1_395' title='bbox 798 3795 1036 3859; x_wconf 92' lang='lat' dir='ltr'><strong>bonum;</strong></span> <span class='ocrx_word' id='word_1_396' title='bbox 1072 3793 1155 3849; x_wconf 78' lang='lat' dir='ltr'><strong>vel</strong></span> <span class='ocrx_word' id='word_1_397' title='bbox 1185 3809 1216 3849; x_wconf 90' lang='lat' dir='ltr'><strong>e</strong></span> <span class='ocrx_word' id='word_1_398' title='bbox 1241 3794 1481 3858; x_wconf 84' lang='lat' dir='ltr'><strong>diverso,</strong></span> <span class='ocrx_word' id='word_1_399' title='bbox 1522 3804 1579 3849; x_wconf 91' lang='lat' dir='ltr'><strong>ut</strong></span> <span class='ocrx_word' id='word_1_400' title='bbox 1629 3794 1831 3848; x_wconf 90' lang='lat' dir='ltr'><strong>malum</strong></span> <span class='ocrx_word' id='word_1_401' title='bbox 1870 3796 2068 3849; x_wconf 89' lang='lat' dir='ltr'><strong>bonum</strong></span> 
     </span>
    </p>
   </div>
   <div class='ocr_carea' id='block_1_57' title="bbox 491 3884 2067 3953">
    <p class='ocr_par' dir='ltr' id='par_1_57' title="bbox 491 3884 2067 3953">
     <span class='ocr_line' id='line_1_57' title="bbox 491 3884 2067 3953; baseline 0.003 -14"><span class='ocrx_word' id='word_1_402' title='bbox 491 3887 723 3953; x_wconf 88' lang='lat' dir='ltr'><strong>elliciat;</strong></span> <span class='ocrx_word' id='word_1_403' title='bbox 756 3893 837 3941; x_wconf 75' lang='lat' dir='ltr'><strong>vel</strong></span> <span class='ocrx_word' id='word_1_404' title='bbox 876 3889 1099 3951; x_wconf 87' lang='lat' dir='ltr'><strong>bonum,</strong></span> <span class='ocrx_word' id='word_1_405' title='bbox 1143 3894 1415 3953; x_wconf 86' lang='lat' dir='ltr'><strong>quatenus</strong></span> <span class='ocrx_word' id='word_1_406' title='bbox 1443 3901 1509 3939; x_wconf 83' lang='lat' dir='ltr'><strong>ex</strong></span> <span class='ocrx_word' id='word_1_407' title='bbox 1543 3884 1685 3939; x_wconf 90' lang='lat' dir='ltr'><strong>malo</strong></span> <span class='ocrx_word' id='word_1_408' title='bbox 1711 3894 1813 3951; x_wconf 90' lang='lat' dir='ltr'><strong>est,</strong></span> <span class='ocrx_word' id='word_1_409' title='bbox 1846 3887 2067 3943; x_wconf 86' lang='lat' dir='ltr'><strong>malum.</strong></span> 
     </span>
    </p>
   </div>
   <div class='ocr_carea' id='block_1_58' title="bbox 493 3976 2071 4044">
    <p class='ocr_par' dir='ltr' id='par_1_58' title="bbox 493 3976 2071 4044">
     <span class='ocr_line' id='line_1_58' title="bbox 493 3976 2071 4044; baseline 0.001 -12"><span class='ocrx_word' id='word_1_410' title='bbox 493 3977 550 4032; x_wconf 88' lang='lat' dir='ltr'><strong>Si</strong></span> <span class='ocrx_word' id='word_1_411' title='bbox 581 3992 687 4032; x_wconf 93' lang='lat' dir='ltr'><strong>non</strong></span> <span class='ocrx_word' id='word_1_412' title='bbox 714 3978 807 4030; x_wconf 89' lang='lat' dir='ltr'><strong>fiat</strong></span> <span class='ocrx_word' id='word_1_413' title='bbox 832 3977 1065 4031; x_wconf 86' lang='lat' dir='ltr'><strong>alterum</strong></span> <span class='ocrx_word' id='word_1_414' title='bbox 1112 3990 1181 4030; x_wconf 78' lang='lat' dir='ltr'><strong>ex</strong></span> <span class='ocrx_word' id='word_1_415' title='bbox 1230 3976 1433 4041; x_wconf 90' lang='lat' dir='ltr'><strong>altero,</strong></span> <span class='ocrx_word' id='word_1_416' title='bbox 1480 3978 1729 4044; x_wconf 87' lang='lat' dir='ltr'><strong>sequitur</strong></span> <span class='ocrx_word' id='word_1_417' title='bbox 1753 3978 1917 4031; x_wconf 88' lang='lat' dir='ltr'><strong>etiam</strong></span> <span class='ocrx_word' id='word_1_418' title='bbox 1965 3980 2071 4033; x_wconf 87' lang='lat' dir='ltr'><strong>duo</strong></span> 
     </span>
    </p>
   </div>
   <div class='ocr_carea' id='block_1_59' title="bbox 491 4067 2067 4140">
    <p class='ocr_par' dir='ltr' id='par_1_59' title="bbox 491 4067 2067 4140">
     <span class='ocr_line' id='line_1_59' title="bbox 491 4067 2067 4140; baseline -0.001 -13"><span class='ocrx_word' id='word_1_419' title='bbox 491 4086 615 4127; x_wconf 88' lang='lat' dir='ltr'><strong>esse</strong></span> <span class='ocrx_word' id='word_1_420' title='bbox 653 4070 950 4140; x_wconf 84' lang='lat' dir='ltr'><strong>principia,</strong></span> <span class='ocrx_word' id='word_1_421' title='bbox 983 4071 1127 4139; x_wconf 89' lang='lat' dir='ltr'><strong>quod</strong></span> <span class='ocrx_word' id='word_1_422' title='bbox 1161 4068 1309 4123; x_wconf 88' lang='lat' dir='ltr'><strong>dictu</strong></span> <span class='ocrx_word' id='word_1_423' title='bbox 1338 4067 1513 4126; x_wconf 83' lang='lat' dir='ltr'><strong>nefas.</strong></span> <span class='ocrx_word' id='word_1_424' title='bbox 1551 4070 1672 4124; x_wconf 69' lang='lat' dir='ltr'><strong>Haec</strong></span> <span class='ocrx_word' id='word_1_425' title='bbox 1719 4086 1846 4124; x_wconf 88' lang='lat' dir='ltr'><strong>vero</strong></span> <span class='ocrx_word' id='word_1_426' title='bbox 1875 4086 2067 4125; x_wconf 89' lang='lat' dir='ltr'><strong>neces-</strong></span> 
     </span>
    </p>
   </div>
   <div class='ocr_carea' id='block_1_60' title="bbox 491 4161 2067 4232">
    <p class='ocr_par' dir='ltr' id='par_1_60' title="bbox 491 4161 2067 4232">
     <span class='ocr_line' id='line_1_60' title="bbox 491 4161 2067 4232; baseline 0.001 -15"><span class='ocrx_word' id='word_1_427' title='bbox 491 4163 641 4217; x_wconf 88' lang='lat' dir='ltr'><strong>sario</strong></span> <span class='ocrx_word' id='word_1_428' title='bbox 669 4164 871 4217; x_wconf 89' lang='lat' dir='ltr'><strong>iterum</strong></span> <span class='ocrx_word' id='word_1_429' title='bbox 903 4164 967 4216; x_wconf 91' lang='lat' dir='ltr'><strong>ad</strong></span> <span class='ocrx_word' id='word_1_430' title='bbox 992 4178 1156 4216; x_wconf 90' lang='lat' dir='ltr'><strong>unum</strong></span> <span class='ocrx_word' id='word_1_431' title='bbox 1205 4163 1334 4230; x_wconf 91' lang='lat' dir='ltr'><strong>quid</strong></span> <span class='ocrx_word' id='word_1_432' title='bbox 1362 4172 1522 4217; x_wconf 89' lang='lat' dir='ltr'><strong>erunt</strong></span> <span class='ocrx_word' id='word_1_433' title='bbox 1575 4161 1911 4226; x_wconf 86' lang='lat' dir='ltr'><strong>reducenda,</strong></span> <span class='ocrx_word' id='word_1_434' title='bbox 1941 4165 2067 4232; x_wconf 88' lang='lat' dir='ltr'><strong>quia</strong></span> 
     </span>
    </p>
   </div>
   <div class='ocr_carea' id='block_1_61' title="bbox 488 4254 2067 4327">
    <p class='ocr_par' dir='ltr' id='par_1_61' title="bbox 488 4254 2067 4327">
     <span class='ocr_line' id='line_1_61' title="bbox 488 4254 2067 4327; baseline 0.001 -17"><span class='ocrx_word' id='word_1_435' title='bbox 488 4258 819 4327; x_wconf 84' lang='lat' dir='ltr'><strong>principium</strong></span> <span class='ocrx_word' id='word_1_436' title='bbox 854 4265 940 4311; x_wconf 89' lang='lat' dir='ltr'><strong>est</strong></span> <span class='ocrx_word' id='word_1_437' title='bbox 970 4257 1171 4319; x_wconf 88' lang='lat' dir='ltr'><strong>unitas,</strong></span> <span class='ocrx_word' id='word_1_438' title='bbox 1204 4270 1312 4310; x_wconf 90' lang='lat' dir='ltr'><strong>non</strong></span> <span class='ocrx_word' id='word_1_439' title='bbox 1352 4256 1608 4309; x_wconf 88' lang='lat' dir='ltr'><strong>dualitas.</strong></span> <span class='ocrx_word' id='word_1_440' title='bbox 1655 4254 1721 4308; x_wconf 79' lang='lat' dir='ltr'><strong>Et</strong></span> <span class='ocrx_word' id='word_1_441' title='bbox 1751 4256 1853 4310; x_wconf 92' lang='lat' dir='ltr'><strong>hoc</strong></span> <span class='ocrx_word' id='word_1_442' title='bbox 1882 4257 2067 4325; x_wconf 87' lang='lat' dir='ltr'><strong>quale-</strong></span> 
     </span>
    </p>
   </div>
   <div class='ocr_carea' id='block_1_62' title="bbox 491 4345 2062 4418">
    <p class='ocr_par' dir='ltr' id='par_1_62' title="bbox 491 4345 2062 4418">
     <span class='ocr_line' id='line_1_62' title="bbox 491 4345 2062 4418; baseline -0.003 -15"><span class='ocrx_word' id='word_1_443' title='bbox 491 4364 707 4418; x_wconf 89' lang='lat' dir='ltr'><strong>cunque</strong></span> <span class='ocrx_word' id='word_1_444' title='bbox 746 4350 967 4404; x_wconf 84' lang='lat' dir='ltr'><strong>tandem</strong></span> <span class='ocrx_word' id='word_1_445' title='bbox 1023 4348 1115 4414; x_wconf 87' lang='lat' dir='ltr'><strong>sit,</strong></span> <span class='ocrx_word' id='word_1_446' title='bbox 1147 4347 1336 4402; x_wconf 88' lang='lat' dir='ltr'><strong>eadem</strong></span> <span class='ocrx_word' id='word_1_447' title='bbox 1390 4346 1586 4400; x_wconf 86' lang='lat' dir='ltr'><strong>iterum</strong></span> <span class='ocrx_word' id='word_1_448' title='bbox 1620 4345 1851 4400; x_wconf 91' lang='lat' dir='ltr'><strong>dicenda</strong></span> <span class='ocrx_word' id='word_1_449' title='bbox 1876 4356 2062 4413; x_wconf 90' lang='lat' dir='ltr'><strong>erunt;</strong></span> 
     </span>
    </p>
   </div>
   <div class='ocr_carea' id='block_1_63' title="bbox 2176 1858 3753 1931">
    <p class='ocr_par' dir='ltr' id='par_1_63' title="bbox 2176 1858 3753 1931">
     <span class='ocr_line' id='line_1_63' title="bbox 2176 1858 3753 1931; baseline 0.001 -19"><span class='ocrx_word' id='word_1_450' title='bbox 2176 1858 2369 1922; x_wconf 77' lang='grc' dir='ltr'>εἴδους,</span> <span class='ocrx_word' id='word_1_451' title='bbox 2401 1861 2604 1930; x_wconf 83' lang='grc' dir='ltr'>κόσμου</span> <span class='ocrx_word' id='word_1_452' title='bbox 2639 1860 2854 1929; x_wconf 84' lang='grc' dir='ltr'>μετέχει</span> <span class='ocrx_word' id='word_1_453' title='bbox 2884 1861 2976 1913; x_wconf 74' lang='grc' dir='ltr'>καὶ</span> <span class='ocrx_word' id='word_1_454' title='bbox 3004 1861 3281 1931; x_wconf 86' lang='grc' dir='ltr'>καλλονῆς.</span> <span class='ocrx_word' id='word_1_455' title='bbox 3314 1863 3373 1914; x_wconf 82' lang='lat' dir='ltr'><strong>El</strong></span> <span class='ocrx_word' id='word_1_456' title='bbox 3396 1862 3457 1913; x_wconf 78' lang='grc' dir='ltr'><strong>δὲ</strong></span> <span class='ocrx_word' id='word_1_457' title='bbox 3493 1862 3753 1914; x_wconf 63' lang='grc' dir='ltr'>καθ’ὲαυ-</span> 
     </span>
    </p>
   </div>
   <div class='ocr_carea' id='block_1_64' title="bbox 2176 1948 3750 2021">
    <p class='ocr_par' dir='ltr' id='par_1_64' title="bbox 2176 1948 3750 2021">
     <span class='ocr_line' id='line_1_64' title="bbox 2176 1948 3750 2021; baseline 0.002 -21"><span class='ocrx_word' id='word_1_458' title='bbox 2176 1948 2274 2019; x_wconf 86' lang='grc' dir='ltr'>τὴν</span> <span class='ocrx_word' id='word_1_459' title='bbox 2326 1950 2606 2020; x_wconf 81' lang='grc' dir='ltr'>νοήσωμεν</span> <span class='ocrx_word' id='word_1_460' title='bbox 2651 1950 2853 2019; x_wconf 82' lang='grc' dir='ltr'>ταύτην</span> <span class='ocrx_word' id='word_1_461' title='bbox 2888 1951 3146 2013; x_wconf 82' lang='grc' dir='ltr'>ἀνείδεον,</span> <span class='ocrx_word' id='word_1_462' title='bbox 3196 1952 3360 2021; x_wconf 82' lang='grc' dir='ltr'>μηδὲν</span> <span class='ocrx_word' id='word_1_463' title='bbox 3392 1952 3687 2005; x_wconf 79' lang='grc' dir='ltr'>παθοῦσαν</span> <span class='ocrx_word' id='word_1_464' title='bbox 3722 1954 3750 2020; x_wconf 79' lang='grc' dir='ltr'><strong>ἧ</strong></span> 
     </span>
    </p>
   </div>
   <div class='ocr_carea' id='block_1_65' title="bbox 2178 2039 3747 2112">
    <p class='ocr_par' dir='ltr' id='par_1_65' title="bbox 2178 2039 3747 2112">
     <span class='ocr_line' id='line_1_65' title="bbox 2178 2039 3747 2112; baseline 0.002 -22"><span class='ocrx_word' id='word_1_465' title='bbox 2178 2039 2513 2109; x_wconf 83' lang='grc' dir='ltr'>πάσχουσαν,</span> <span class='ocrx_word' id='word_1_466' title='bbox 2548 2040 2663 2104; x_wconf 81' lang='grc' dir='ltr'><strong>πῶς</strong></span> <span class='ocrx_word' id='word_1_467' title='bbox 2699 2040 2896 2111; x_wconf 84' lang='grc' dir='ltr'>δυνατή</span> <span class='ocrx_word' id='word_1_468' title='bbox 2922 2043 3069 2093; x_wconf 74' lang='grc' dir='ltr'>ἐστιν</span> <span class='ocrx_word' id='word_1_469' title='bbox 3088 2044 3121 2112; x_wconf 81' lang='grc' dir='ltr'>ἠ</span> <span class='ocrx_word' id='word_1_470' title='bbox 3154 2040 3251 2110; x_wconf 89' lang='grc' dir='ltr'><strong>ὕλη</strong></span> <span class='ocrx_word' id='word_1_471' title='bbox 3280 2045 3458 2094; x_wconf 85' lang='grc' dir='ltr'>ποιεῖν</span> <span class='ocrx_word' id='word_1_472' title='bbox 3491 2044 3663 2095; x_wconf 79' lang='grc' dir='ltr'>κακόν</span> <span class='ocrx_word' id='word_1_473' title='bbox 3686 2060 3747 2101; x_wconf 80' lang='grc' dir='ltr'><strong>τι,</strong></span> 
     </span>
    </p>
   </div>
   <div class='ocr_carea' id='block_1_66' title="bbox 2178 2130 3749 2204">
    <p class='ocr_par' dir='ltr' id='par_1_66' title="bbox 2178 2130 3749 2204">
     <span class='ocr_line' id='line_1_66' title="bbox 2178 2130 3749 2204; baseline 0 -21"><span class='ocrx_word' id='word_1_474' title='bbox 2178 2131 2211 2201; x_wconf 82' lang='grc' dir='ltr'>ἠ</span> <span class='ocrx_word' id='word_1_475' title='bbox 2255 2130 2389 2201; x_wconf 80' lang='grc' dir='ltr'>μηδὲ</span> <span class='ocrx_word' id='word_1_476' title='bbox 2409 2131 2470 2185; x_wconf 75' lang='grc' dir='ltr'><strong>τὸ</strong></span> <span class='ocrx_word' id='word_1_477' title='bbox 2496 2132 2722 2201; x_wconf 84' lang='grc' dir='ltr'>πάσχειν</span> <span class='ocrx_word' id='word_1_478' title='bbox 2754 2131 2982 2201; x_wconf 78' lang='grc' dir='ltr'>ἔχουσα;</span> <span class='ocrx_word' id='word_1_479' title='bbox 3014 2132 3147 2185; x_wconf 82' lang='grc' dir='ltr'>Είδὲ</span> <span class='ocrx_word' id='word_1_480' title='bbox 3172 2134 3265 2186; x_wconf 80' lang='grc' dir='ltr'><strong>καὶ</strong></span> <span class='ocrx_word' id='word_1_481' title='bbox 3294 2134 3355 2185; x_wconf 86' lang='grc' dir='ltr'><strong>τὸ</strong></span> <span class='ocrx_word' id='word_1_482' title='bbox 3386 2133 3579 2193; x_wconf 82' lang='grc' dir='ltr'>Θεῖον,</span> <span class='ocrx_word' id='word_1_483' title='bbox 3604 2135 3749 2204; x_wconf 68' lang='grc' dir='ltr'>μηδὲν</span> 
     </span>
    </p>
   </div>
   <div class='ocr_carea' id='block_1_67' title="bbox 2179 2222 3749 2299">
    <p class='ocr_par' dir='ltr' id='par_1_67' title="bbox 2179 2222 3749 2299">
     <span class='ocr_line' id='line_1_67' title="bbox 2179 2222 3749 2299; baseline 0.002 -23"><span class='ocrx_word' id='word_1_484' title='bbox 2179 2222 2408 2293; x_wconf 84' lang='grc' dir='ltr'>πάσχειν</span> <span class='ocrx_word' id='word_1_485' title='bbox 2456 2222 2597 2293; x_wconf 75' lang='grc' dir='ltr'>ἕχον,</span> <span class='ocrx_word' id='word_1_486' title='bbox 2656 2225 2831 2277; x_wconf 85' lang='grc' dir='ltr'>πάντα</span> <span class='ocrx_word' id='word_1_487' title='bbox 2865 2226 3025 2287; x_wconf 84' lang='grc' dir='ltr'>ποιεῖ,</span> <span class='ocrx_word' id='word_1_488' title='bbox 3056 2224 3168 2277; x_wconf 83' lang='grc' dir='ltr'>ἀλλ’</span> <span class='ocrx_word' id='word_1_489' title='bbox 3192 2226 3368 2278; x_wconf 77' lang='grc' dir='ltr'>ἐκεῖνο</span> <span class='ocrx_word' id='word_1_490' title='bbox 3416 2225 3749 2299; x_wconf 74' lang='grc' dir='ltr'>ἐξῃρημένον</span> 
     </span>
    </p>
   </div>
   <div class='ocr_carea' id='block_1_68' title="bbox 2178 2313 3749 2385">
    <p class='ocr_par' dir='ltr' id='par_1_68' title="bbox 2178 2313 3749 2385">
     <span class='ocr_line' id='line_1_68' title="bbox 2178 2313 3749 2385; baseline 0.002 -19"><span class='ocrx_word' id='word_1_491' title='bbox 2178 2315 2295 2366; x_wconf 76' lang='grc' dir='ltr'>ἐστὶ</span> <span class='ocrx_word' id='word_1_492' title='bbox 2320 2313 2428 2366; x_wconf 82' lang='grc' dir='ltr'>τῶν</span> <span class='ocrx_word' id='word_1_493' title='bbox 2453 2314 2697 2381; x_wconf 75' lang='grc' dir='ltr'>φυσικῶν</span> <span class='ocrx_word' id='word_1_494' title='bbox 2718 2315 3191 2385; x_wconf 84' lang='grc' dir='ltr'>ἀποτελεσμάτων,</span> <span class='ocrx_word' id='word_1_495' title='bbox 3218 2316 3312 2369; x_wconf 77' lang='grc' dir='ltr'><strong>καὶ</strong></span> <span class='ocrx_word' id='word_1_496' title='bbox 3332 2318 3379 2369; x_wconf 75' lang='grc' dir='ltr'>εἰ</span> <span class='ocrx_word' id='word_1_497' title='bbox 3399 2317 3604 2377; x_wconf 78' lang='grc' dir='ltr'>αἴτιον,</span> <span class='ocrx_word' id='word_1_498' title='bbox 3630 2318 3749 2370; x_wconf 69' lang='grc' dir='ltr'>ἀλλὰ</span> 
     </span>
    </p>
   </div>
   <div class='ocr_carea' id='block_1_69' title="bbox 2178 2400 3749 2476">
    <p class='ocr_par' dir='ltr' id='par_1_69' title="bbox 2178 2400 3749 2476">
     <span class='ocr_line' id='line_1_69' title="bbox 2178 2400 3749 2476; baseline 0.005 -25"><span class='ocrx_word' id='word_1_499' title='bbox 2178 2400 2481 2470; x_wconf 85' lang='grc' dir='ltr'>ποιητικόν.</span> <span class='ocrx_word' id='word_1_500' title='bbox 2514 2400 2586 2452; x_wconf 84' lang='grc' dir='ltr'><strong>Τδ</strong></span> <span class='ocrx_word' id='word_1_501' title='bbox 2614 2402 2669 2454; x_wconf 85' lang='grc' dir='ltr'>δὲ</span> <span class='ocrx_word' id='word_1_502' title='bbox 2693 2402 2877 2457; x_wconf 86' lang='grc' dir='ltr'>ὑλικὸν</span> <span class='ocrx_word' id='word_1_503' title='bbox 2914 2403 3106 2467; x_wconf 78' lang='grc' dir='ltr'>αἴτιον,</span> <span class='ocrx_word' id='word_1_504' title='bbox 3134 2406 3191 2457; x_wconf 81' lang='grc' dir='ltr'>ὲν</span> <span class='ocrx_word' id='word_1_505' title='bbox 3210 2406 3321 2468; x_wconf 77' lang='grc' dir='ltr'>τοῖς</span> <span class='ocrx_word' id='word_1_506' title='bbox 3347 2406 3749 2476; x_wconf 74' lang='grc' dir='ltr'>ἀποτελέσμασι</span> 
     </span>
    </p>
   </div>
   <div class='ocr_carea' id='block_1_70' title="bbox 2179 2490 3751 2569">
    <p class='ocr_par' dir='ltr' id='par_1_70' title="bbox 2179 2490 3751 2569">
     <span class='ocr_line' id='line_1_70' title="bbox 2179 2490 3751 2569; baseline 0.006 -26"><span class='ocrx_word' id='word_1_507' title='bbox 2179 2493 2421 2562; x_wconf 76' lang='grc' dir='ltr'>πεφυκὸς</span> <span class='ocrx_word' id='word_1_508' title='bbox 2448 2490 2608 2557; x_wconf 76' lang='grc' dir='ltr'>εἶναι,</span> <span class='ocrx_word' id='word_1_509' title='bbox 2631 2496 2690 2547; x_wconf 88' lang='grc' dir='ltr'><strong>οὑ</strong></span> <span class='ocrx_word' id='word_1_510' title='bbox 2716 2495 2903 2565; x_wconf 82' lang='grc' dir='ltr'>δράσει</span> <span class='ocrx_word' id='word_1_511' title='bbox 2938 2496 3067 2549; x_wconf 83' lang='grc' dir='ltr'>ποτὲ</span> <span class='ocrx_word' id='word_1_512' title='bbox 3091 2496 3152 2548; x_wconf 84' lang='grc' dir='ltr'>τὸ</span> <span class='ocrx_word' id='word_1_513' title='bbox 3193 2498 3352 2569; x_wconf 74' lang='grc' dir='ltr'>τυχὸν</span> <span class='ocrx_word' id='word_1_514' title='bbox 3381 2500 3445 2550; x_wconf 83' lang='grc' dir='ltr'>ὲν</span> <span class='ocrx_word' id='word_1_515' title='bbox 3475 2501 3595 2563; x_wconf 56' lang='lat' dir='ltr'><strong>tot;</strong></span> <span class='ocrx_word' id='word_1_516' title='bbox 3630 2502 3751 2552; x_wconf 77' lang='grc' dir='ltr'>ἀπο-</span> 
     </span>
    </p>
   </div>
   <div class='ocr_carea' id='block_1_71' title="bbox 2177 2583 3744 2663">
    <p class='ocr_par' dir='ltr' id='par_1_71' title="bbox 2177 2583 3744 2663">
     <span class='ocr_line' id='line_1_71' title="bbox 2177 2583 3744 2663; baseline 0.006 -27"><span class='ocrx_word' id='word_1_517' title='bbox 2177 2583 2523 2654; x_wconf 78' lang='grc' dir='ltr'>τελέσμασιν,</span> <span class='ocrx_word' id='word_1_518' title='bbox 2568 2588 2617 2639; x_wconf 87' lang='grc' dir='ltr'><strong>εί</strong></span> <span class='ocrx_word' id='word_1_519' title='bbox 2660 2588 2733 2657; x_wconf 84' lang='grc' dir='ltr'>μὴ</span> <span class='ocrx_word' id='word_1_520' title='bbox 2760 2588 2921 2640; x_wconf 88' lang='grc' dir='ltr'>πάθοι</span> <span class='ocrx_word' id='word_1_521' title='bbox 2951 2589 3211 2660; x_wconf 85' lang='grc' dir='ltr'>πρότερον</span> <span class='ocrx_word' id='word_1_522' title='bbox 3255 2591 3355 2660; x_wconf 79' lang='grc' dir='ltr'><strong>τὴν</strong></span> <span class='ocrx_word' id='word_1_523' title='bbox 3396 2592 3744 2663; x_wconf 73' lang='grc' dir='ltr'>εἰδοποίησιν.</span> 
     </span>
    </p>
   </div>
   <div class='ocr_carea' id='block_1_72' title="bbox 2178 2677 3749 2754">
    <p class='ocr_par' dir='ltr' id='par_1_72' title="bbox 2178 2677 3749 2754">
     <span class='ocr_line' id='line_1_72' title="bbox 2178 2677 3749 2754; baseline 0.006 -25"><span class='ocrx_word' id='word_1_524' title='bbox 2178 2677 2361 2731; x_wconf 88' lang='grc' dir='ltr'>Ταῦτα</span> <span class='ocrx_word' id='word_1_525' title='bbox 2377 2679 2432 2731; x_wconf 84' lang='grc' dir='ltr'>δὲ</span> <span class='ocrx_word' id='word_1_526' title='bbox 2460 2680 2635 2733; x_wconf 87' lang='grc' dir='ltr'>πάντα</span> <span class='ocrx_word' id='word_1_527' title='bbox 2663 2680 2809 2749; x_wconf 83' lang='grc' dir='ltr'><strong>λέγει</strong></span> <span class='ocrx_word' id='word_1_528' title='bbox 2852 2682 2881 2733; x_wconf 87' lang='grc' dir='ltr'>ὁ</span> <span class='ocrx_word' id='word_1_529' title='bbox 2904 2682 3076 2748; x_wconf 75' lang='grc' dir='ltr'>ἅγιος,</span> <span class='ocrx_word' id='word_1_530' title='bbox 3110 2682 3291 2754; x_wconf 74' lang='grc' dir='ltr'>ἐπειδὴ</span> <span class='ocrx_word' id='word_1_531' title='bbox 3324 2702 3475 2748; x_wconf 86' lang='grc' dir='ltr'>τινες</span> <span class='ocrx_word' id='word_1_532' title='bbox 3514 2687 3626 2738; x_wconf 83' lang='grc' dir='ltr'><strong>τῶν</strong></span> <span class='ocrx_word' id='word_1_533' title='bbox 3676 2705 3749 2754; x_wconf 68' lang='grc' dir='ltr'>ςιο</span> 
     </span>
    </p>
   </div>
   <div class='ocr_carea' id='block_1_73' title="bbox 2177 2766 3746 2847">
    <p class='ocr_par' dir='ltr' id='par_1_73' title="bbox 2177 2766 3746 2847">
     <span class='ocr_line' id='line_1_73' title="bbox 2177 2766 3746 2847; baseline 0.004 -28"><span class='ocrx_word' id='word_1_534' title='bbox 2177 2766 2419 2837; x_wconf 77' lang='grc' dir='ltr'>λοσόφων</span> <span class='ocrx_word' id='word_1_535' title='bbox 2437 2771 2502 2822; x_wconf 83' lang='grc' dir='ltr'>ὲκ</span> <span class='ocrx_word' id='word_1_536' title='bbox 2524 2769 2618 2823; x_wconf 90' lang='grc' dir='ltr'><strong>τοῦ</strong></span> <span class='ocrx_word' id='word_1_537' title='bbox 2662 2770 2856 2838; x_wconf 84' lang='grc' dir='ltr'>ἀλόγου</span> <span class='ocrx_word' id='word_1_538' title='bbox 2903 2772 3000 2841; x_wconf 83' lang='grc' dir='ltr'>τῆς</span> <span class='ocrx_word' id='word_1_539' title='bbox 3047 2772 3223 2842; x_wconf 69' lang='grc' dir='ltr'>ψυχῆς</span> <span class='ocrx_word' id='word_1_540' title='bbox 3275 2773 3486 2844; x_wconf 81' lang='grc' dir='ltr'>μέρους</span> <span class='ocrx_word' id='word_1_541' title='bbox 3538 2774 3639 2847; x_wconf 79' lang='grc' dir='ltr'><strong>ὕλῃ</strong></span> <span class='ocrx_word' id='word_1_542' title='bbox 3668 2774 3746 2827; x_wconf 78' lang='grc' dir='ltr'>καὶ</span> 
     </span>
    </p>
   </div>
   <div class='ocr_carea' id='block_1_74' title="bbox 2180 2858 3743 2935">
    <p class='ocr_par' dir='ltr' id='par_1_74' title="bbox 2180 2858 3743 2935">
     <span class='ocr_line' id='line_1_74' title="bbox 2180 2858 3743 2935; baseline 0.004 -24"><span class='ocrx_word' id='word_1_543' title='bbox 2180 2858 2391 2929; x_wconf 86' lang='grc' dir='ltr'>σώματι</span> <span class='ocrx_word' id='word_1_544' title='bbox 2441 2860 3084 2932; x_wconf 81' lang='grc' dir='ltr'>μεμιγμένου,ρεποὺσης</span> <span class='ocrx_word' id='word_1_545' title='bbox 3121 2864 3199 2925; x_wconf 79' lang='grc' dir='ltr'><strong>είς</strong></span> <span class='ocrx_word' id='word_1_546' title='bbox 3235 2862 3392 2915; x_wconf 84' lang='grc' dir='ltr'>τοῦτο</span> <span class='ocrx_word' id='word_1_547' title='bbox 3432 2865 3541 2934; x_wconf 81' lang='grc' dir='ltr'>τῆς</span> <span class='ocrx_word' id='word_1_548' title='bbox 3563 2866 3743 2935; x_wconf 57' lang='lat' dir='ltr'><strong>tinxi;</strong></span> 
     </span>
    </p>
   </div>
   <div class='ocr_carea' id='block_1_75' title="bbox 2176 2950 3746 3025">
    <p class='ocr_par' dir='ltr' id='par_1_75' title="bbox 2176 2950 3746 3025">
     <span class='ocr_line' id='line_1_75' title="bbox 2176 2950 3746 3025; baseline 0.004 -24"><span class='ocrx_word' id='word_1_549' title='bbox 2176 2950 2244 3002; x_wconf 79' lang='grc' dir='ltr'>τὰ</span> <span class='ocrx_word' id='word_1_550' title='bbox 2270 2950 2415 3004; x_wconf 85' lang='grc' dir='ltr'><strong>κακά</strong></span> <span class='ocrx_word' id='word_1_551' title='bbox 2462 2950 2727 3019; x_wconf 83' lang='grc' dir='ltr'>γίνεσθαι.</span> <span class='ocrx_word' id='word_1_552' title='bbox 2758 2951 2926 3006; x_wconf 89' lang='grc' dir='ltr'>Πάλιν</span> <span class='ocrx_word' id='word_1_553' title='bbox 2954 2954 3081 3023; x_wconf 74' lang='grc' dir='ltr'>περὶ</span> <span class='ocrx_word' id='word_1_554' title='bbox 3109 2952 3205 3022; x_wconf 79' lang='grc' dir='ltr'>τῆς</span> <span class='ocrx_word' id='word_1_555' title='bbox 3232 2952 3362 3023; x_wconf 83' lang='grc' dir='ltr'>ὕλης</span> <span class='ocrx_word' id='word_1_556' title='bbox 3395 2957 3637 3025; x_wconf 81' lang='grc' dir='ltr'>μάχεται</span> <span class='ocrx_word' id='word_1_557' title='bbox 3668 2960 3746 3008; x_wconf 68' lang='grc' dir='ltr'><strong>καὶ</strong></span> 
     </span>
    </p>
   </div>
   <div class='ocr_carea' id='block_1_76' title="bbox 2180 3040 3744 3116">
    <p class='ocr_par' dir='ltr' id='par_1_76' title="bbox 2180 3040 3744 3116">
     <span class='ocr_line' id='line_1_76' title="bbox 2180 3040 3744 3116; baseline 0.004 -23"><span class='ocrx_word' id='word_1_558' title='bbox 2180 3042 2410 3095; x_wconf 85' lang='grc' dir='ltr'>ποιεῖται</span> <span class='ocrx_word' id='word_1_559' title='bbox 2437 3040 2529 3094; x_wconf 79' lang='grc' dir='ltr'>τὸν</span> <span class='ocrx_word' id='word_1_560' title='bbox 2570 3041 2724 3110; x_wconf 89' lang='grc' dir='ltr'>λόγον</span> <span class='ocrx_word' id='word_1_561' title='bbox 2769 3043 2834 3095; x_wconf 79' lang='grc' dir='ltr'><strong>ἐκ</strong></span> <span class='ocrx_word' id='word_1_562' title='bbox 2882 3042 3214 3113; x_wconf 80' lang='grc' dir='ltr'>διαιρέσεως.</span> <span class='ocrx_word' id='word_1_563' title='bbox 3259 3045 3329 3096; x_wconf 74' lang='lat' dir='ltr'><strong>“Il</strong></span> <span class='ocrx_word' id='word_1_564' title='bbox 3371 3045 3511 3112; x_wconf 89' lang='grc' dir='ltr'>γοῦν</span> <span class='ocrx_word' id='word_1_565' title='bbox 3552 3047 3744 3116; x_wconf 69' lang='grc' dir='ltr'>οὐδαμῆ</span> 
     </span>
    </p>
   </div>
   <div class='ocr_carea' id='block_1_77' title="bbox 2178 3133 3747 3207">
    <p class='ocr_par' dir='ltr' id='par_1_77' title="bbox 2178 3133 3747 3207">
     <span class='ocr_line' id='line_1_77' title="bbox 2178 3133 3747 3207; baseline 0.003 -22"><span class='ocrx_word' id='word_1_566' title='bbox 2178 3133 2425 3204; x_wconf 73' lang='grc' dir='ltr'>οὐδαμῶς</span> <span class='ocrx_word' id='word_1_567' title='bbox 2456 3135 2592 3197; x_wconf 81' lang='grc' dir='ltr'>ἐστι,</span> <span class='ocrx_word' id='word_1_568' title='bbox 2640 3134 2733 3187; x_wconf 75' lang='grc' dir='ltr'>καὶ</span> <span class='ocrx_word' id='word_1_569' title='bbox 2775 3134 3053 3204; x_wconf 73' lang='grc' dir='ltr'>οὐδέτερον</span> <span class='ocrx_word' id='word_1_570' title='bbox 3088 3135 3216 3203; x_wconf 76' lang='grc' dir='ltr'>ἕξει,</span> <span class='ocrx_word' id='word_1_571' title='bbox 3263 3136 3294 3207; x_wconf 79' lang='grc' dir='ltr'>ἢ</span> <span class='ocrx_word' id='word_1_572' title='bbox 3336 3137 3413 3205; x_wconf 82' lang='grc' dir='ltr'>πῆ</span> <span class='ocrx_word' id='word_1_573' title='bbox 3439 3138 3540 3191; x_wconf 75' lang='grc' dir='ltr'><strong>ὃν·</strong></span> <span class='ocrx_word' id='word_1_574' title='bbox 3588 3139 3652 3191; x_wconf 71' lang='grc' dir='ltr'>τὰ</span> <span class='ocrx_word' id='word_1_575' title='bbox 3699 3138 3747 3189; x_wconf 74' lang='grc' dir='ltr'>δὲ</span> 
     </span>
    </p>
   </div>
   <div class='ocr_carea' id='block_1_78' title="bbox 2176 3224 3739 3298">
    <p class='ocr_par' dir='ltr' id='par_1_78' title="bbox 2176 3224 3739 3298">
     <span class='ocr_line' id='line_1_78' title="bbox 2176 3224 3739 3298; baseline 0.003 -20"><span class='ocrx_word' id='word_1_576' title='bbox 2176 3226 2303 3278; x_wconf 78' lang='grc' dir='ltr'>ὅντα</span> <span class='ocrx_word' id='word_1_577' title='bbox 2340 3228 2405 3279; x_wconf 81' lang='grc' dir='ltr'>ὲκ</span> <span class='ocrx_word' id='word_1_578' title='bbox 2442 3225 2535 3279; x_wconf 92' lang='grc' dir='ltr'><strong>τοῦ</strong></span> <span class='ocrx_word' id='word_1_579' title='bbox 2568 3226 2725 3291; x_wconf 82' lang='grc' dir='ltr'>Θεοῦ,</span> <span class='ocrx_word' id='word_1_580' title='bbox 2772 3226 2867 3281; x_wconf 77' lang='grc' dir='ltr'>καὶ</span> <span class='ocrx_word' id='word_1_581' title='bbox 2905 3224 3039 3280; x_wconf 75' lang='grc' dir='ltr'>αὐτὸ</span> <span class='ocrx_word' id='word_1_582' title='bbox 3070 3229 3145 3292; x_wconf 83' lang='grc' dir='ltr'>ὡς</span> <span class='ocrx_word' id='word_1_583' title='bbox 3190 3231 3256 3282; x_wconf 83' lang='grc' dir='ltr'>ὲκ</span> <span class='ocrx_word' id='word_1_584' title='bbox 3311 3229 3477 3292; x_wconf 86' lang='grc' dir='ltr'>Θεοῦ,</span> <span class='ocrx_word' id='word_1_585' title='bbox 3532 3232 3739 3298; x_wconf 70' lang='grc' dir='ltr'>ἀγαθόν.</span> 
     </span>
    </p>
   </div>
   <div class='ocr_carea' id='block_1_79' title="bbox 2181 3317 3743 3393">
    <p class='ocr_par' dir='ltr' id='par_1_79' title="bbox 2181 3317 3743 3393">
     <span class='ocr_line' id='line_1_79' title="bbox 2181 3317 3743 3393; baseline 0.001 -23"><span class='ocrx_word' id='word_1_586' title='bbox 2181 3317 2387 3381; x_wconf 77' lang='grc' dir='ltr'>Ἄλλως</span> <span class='ocrx_word' id='word_1_587' title='bbox 2412 3318 2467 3371; x_wconf 81' lang='grc' dir='ltr'><strong>δὲ</strong></span> <span class='ocrx_word' id='word_1_588' title='bbox 2492 3318 2583 3371; x_wconf 78' lang='grc' dir='ltr'>δύο</span> <span class='ocrx_word' id='word_1_589' title='bbox 2627 3318 2816 3381; x_wconf 72' lang='grc' dir='ltr'>ὄντων,</span> <span class='ocrx_word' id='word_1_590' title='bbox 2842 3318 2935 3371; x_wconf 89' lang='grc' dir='ltr'><strong>τοῦ</strong></span> <span class='ocrx_word' id='word_1_591' title='bbox 2958 3337 3017 3371; x_wconf 91' lang='grc' dir='ltr'><strong>τε</strong></span> <span class='ocrx_word' id='word_1_592' title='bbox 3046 3318 3179 3372; x_wconf 81' lang='grc' dir='ltr'>Θεοῦ</span> <span class='ocrx_word' id='word_1_593' title='bbox 3221 3321 3313 3373; x_wconf 77' lang='grc' dir='ltr'><strong>καὶ</strong></span> <span class='ocrx_word' id='word_1_594' title='bbox 3342 3322 3441 3391; x_wconf 81' lang='grc' dir='ltr'>τῆς</span> <span class='ocrx_word' id='word_1_595' title='bbox 3483 3322 3636 3393; x_wconf 77' lang='grc' dir='ltr'>ὕλης.</span> <span class='ocrx_word' id='word_1_596' title='bbox 3662 3322 3743 3374; x_wconf 78' lang='grc' dir='ltr'><strong>ὲὲιν</strong></span> 
     </span>
    </p>
   </div>
   <div class='ocr_carea' id='block_1_80' title="bbox 2177 3410 3741 3483">
    <p class='ocr_par' dir='ltr' id='par_1_80' title="bbox 2177 3410 3741 3483">
     <span class='ocr_line' id='line_1_80' title="bbox 2177 3410 3741 3483; baseline -0.001 -18"><span class='ocrx_word' id='word_1_597' title='bbox 2177 3411 2406 3481; x_wconf 83' lang='grc' dir='ltr'>θάτερον</span> <span class='ocrx_word' id='word_1_598' title='bbox 2451 3411 2685 3481; x_wconf 78' lang='grc' dir='ltr'>ὑποτεθῇ</span> <span class='ocrx_word' id='word_1_599' title='bbox 2732 3410 2953 3479; x_wconf 83' lang='grc' dir='ltr'>ἀγαθὸν,</span> <span class='ocrx_word' id='word_1_600' title='bbox 2981 3411 3204 3482; x_wconf 85' lang='grc' dir='ltr'>θάτερον</span> <span class='ocrx_word' id='word_1_601' title='bbox 3240 3412 3295 3464; x_wconf 80' lang='grc' dir='ltr'><strong>δὲ</strong></span> <span class='ocrx_word' id='word_1_602' title='bbox 3319 3414 3520 3476; x_wconf 77' lang='grc' dir='ltr'>κακὸν,</span> <span class='ocrx_word' id='word_1_603' title='bbox 3554 3415 3741 3483; x_wconf 72' lang='grc' dir='ltr'>συμϐή-</span> 
     </span>
    </p>
   </div>
   <div class='ocr_carea' id='block_1_81' title="bbox 2178 3499 3742 3575">
    <p class='ocr_par' dir='ltr' id='par_1_81' title="bbox 2178 3499 3742 3575">
     <span class='ocr_line' id='line_1_81' title="bbox 2178 3499 3742 3575; baseline 0 -20"><span class='ocrx_word' id='word_1_604' title='bbox 2178 3520 2327 3555; x_wconf 92' lang='grc' dir='ltr'>σεται</span> <span class='ocrx_word' id='word_1_605' title='bbox 2358 3499 2548 3572; x_wconf 82' lang='grc' dir='ltr'>εἶναιῆ</span> <span class='ocrx_word' id='word_1_606' title='bbox 2580 3502 2640 3554; x_wconf 86' lang='grc' dir='ltr'><strong>τὸ</strong></span> <span class='ocrx_word' id='word_1_607' title='bbox 2674 3502 2875 3570; x_wconf 86' lang='grc' dir='ltr'>ἀγαθὸν</span> <span class='ocrx_word' id='word_1_608' title='bbox 2913 3502 3008 3554; x_wconf 88' lang='grc' dir='ltr'><strong>τοῦ</strong></span> <span class='ocrx_word' id='word_1_609' title='bbox 3043 3502 3210 3556; x_wconf 86' lang='grc' dir='ltr'>κακοῦ</span> <span class='ocrx_word' id='word_1_610' title='bbox 3239 3505 3549 3573; x_wconf 82' lang='grc' dir='ltr'>ποιητικὸν,</span> <span class='ocrx_word' id='word_1_611' title='bbox 3575 3506 3607 3575; x_wconf 85' lang='grc' dir='ltr'><strong>ἧ</strong></span> <span class='ocrx_word' id='word_1_612' title='bbox 3630 3504 3742 3557; x_wconf 64' lang='grc' dir='ltr'><strong>αὑτό</strong></span> 
     </span>
    </p>
   </div>
   <div class='ocr_carea' id='block_1_82' title="bbox 2173 3595 3740 3666">
    <p class='ocr_par' dir='ltr' id='par_1_82' title="bbox 2173 3595 3740 3666">
     <span class='ocr_line' id='line_1_82' title="bbox 2173 3595 3740 3666; baseline 0.001 -19"><span class='ocrx_word' id='word_1_613' title='bbox 2173 3596 2235 3648; x_wconf 75' lang='grc' dir='ltr'>τὸ</span> <span class='ocrx_word' id='word_1_614' title='bbox 2261 3596 2446 3658; x_wconf 83' lang='grc' dir='ltr'>κακὸν,</span> <span class='ocrx_word' id='word_1_615' title='bbox 2463 3595 2537 3658; x_wconf 85' lang='grc' dir='ltr'>ὡς</span> <span class='ocrx_word' id='word_1_616' title='bbox 2563 3597 2627 3647; x_wconf 78' lang='grc' dir='ltr'>ἐκ</span> <span class='ocrx_word' id='word_1_617' title='bbox 2649 3595 2741 3647; x_wconf 90' lang='grc' dir='ltr'><strong>τοῦ</strong></span> <span class='ocrx_word' id='word_1_618' title='bbox 2763 3595 2967 3663; x_wconf 85' lang='grc' dir='ltr'>ἀγαθοῦ</span> <span class='ocrx_word' id='word_1_619' title='bbox 2995 3596 3073 3661; x_wconf 83' lang='grc' dir='ltr'>ὃν,</span> <span class='ocrx_word' id='word_1_620' title='bbox 3101 3596 3320 3664; x_wconf 85' lang='grc' dir='ltr'>ἀγαθόν·</span> <span class='ocrx_word' id='word_1_621' title='bbox 3346 3597 3379 3666; x_wconf 80' lang='grc' dir='ltr'>ἣ</span> <span class='ocrx_word' id='word_1_622' title='bbox 3412 3596 3740 3652; x_wconf 79' lang='grc' dir='ltr'>ἀνάπαλιντὺ</span> 
     </span>
    </p>
   </div>
   <div class='ocr_carea' id='block_1_83' title="bbox 2174 3687 3738 3759">
    <p class='ocr_par' dir='ltr' id='par_1_83' title="bbox 2174 3687 3738 3759">
     <span class='ocr_line' id='line_1_83' title="bbox 2174 3687 3738 3759; baseline -0.001 -18"><span class='ocrx_word' id='word_1_623' title='bbox 2174 3690 2343 3742; x_wconf 79' lang='grc' dir='ltr'>κακὸν</span> <span class='ocrx_word' id='word_1_624' title='bbox 2366 3687 2459 3740; x_wconf 91' lang='grc' dir='ltr'><strong>τοῦ</strong></span> <span class='ocrx_word' id='word_1_625' title='bbox 2498 3687 2703 3755; x_wconf 85' lang='grc' dir='ltr'>ἀγαθοῦ</span> <span class='ocrx_word' id='word_1_626' title='bbox 2746 3688 3049 3758; x_wconf 78' lang='grc' dir='ltr'>ποιητικὸν,</span> <span class='ocrx_word' id='word_1_627' title='bbox 3098 3688 3130 3759; x_wconf 85' lang='grc' dir='ltr'>ἢ</span> <span class='ocrx_word' id='word_1_628' title='bbox 3184 3688 3246 3741; x_wconf 88' lang='grc' dir='ltr'><strong>τὸ</strong></span> <span class='ocrx_word' id='word_1_629' title='bbox 3296 3689 3533 3756; x_wconf 79' lang='grc' dir='ltr'>ἀγαθὸν,</span> <span class='ocrx_word' id='word_1_630' title='bbox 3579 3691 3651 3752; x_wconf 83' lang='grc' dir='ltr'>ὡς</span> <span class='ocrx_word' id='word_1_631' title='bbox 3686 3691 3738 3740; x_wconf 78' lang='grc' dir='ltr'><strong>ἐκ</strong></span> 
     </span>
    </p>
   </div>
   <div class='ocr_carea' id='block_1_84' title="bbox 2172 3779 3732 3852">
    <p class='ocr_par' dir='ltr' id='par_1_84' title="bbox 2172 3779 3732 3852">
     <span class='ocr_line' id='line_1_84' title="bbox 2172 3779 3732 3852; baseline -0.002 -18"><span class='ocrx_word' id='word_1_632' title='bbox 2172 3781 2264 3835; x_wconf 90' lang='grc' dir='ltr'><strong>τοῦ</strong></span> <span class='ocrx_word' id='word_1_633' title='bbox 2295 3779 2483 3842; x_wconf 85' lang='grc' dir='ltr'>κακοῦ,</span> <span class='ocrx_word' id='word_1_634' title='bbox 2516 3780 2699 3833; x_wconf 87' lang='grc' dir='ltr'>κακόν.</span> <span class='ocrx_word' id='word_1_635' title='bbox 2733 3780 2803 3832; x_wconf 88' lang='grc' dir='ltr'><strong>Ἦ</strong></span> <span class='ocrx_word' id='word_1_636' title='bbox 2848 3781 2908 3832; x_wconf 86' lang='grc' dir='ltr'><strong>οὑ</strong></span> <span class='ocrx_word' id='word_1_637' title='bbox 2961 3780 3148 3847; x_wconf 80' lang='grc' dir='ltr'>γέγονε</span> <span class='ocrx_word' id='word_1_638' title='bbox 3174 3779 3399 3850; x_wconf 83' lang='grc' dir='ltr'>θάτερον</span> <span class='ocrx_word' id='word_1_639' title='bbox 3424 3783 3491 3847; x_wconf 78' lang='grc' dir='ltr'>ἐξ</span> <span class='ocrx_word' id='word_1_640' title='bbox 3532 3782 3732 3852; x_wconf 67' lang='grc' dir='ltr'>ἑτέρου·</span> 
     </span>
    </p>
   </div>
   <div class='ocr_carea' id='block_1_85' title="bbox 2173 3868 3735 3943">
    <p class='ocr_par' dir='ltr' id='par_1_85' title="bbox 2173 3868 3735 3943">
     <span class='ocr_line' id='line_1_85' title="bbox 2173 3868 3735 3943; baseline -0.003 -16"><span class='ocrx_word' id='word_1_641' title='bbox 2173 3875 2267 3928; x_wconf 75' lang='grc' dir='ltr'>καὶ</span> <span class='ocrx_word' id='word_1_642' title='bbox 2288 3875 2476 3926; x_wconf 77' lang='grc' dir='ltr'>ἕπεται</span> <span class='ocrx_word' id='word_1_643' title='bbox 2505 3873 2598 3926; x_wconf 78' lang='grc' dir='ltr'><strong>δύο</strong></span> <span class='ocrx_word' id='word_1_644' title='bbox 2625 3868 2761 3925; x_wconf 73' lang='grc' dir='ltr'>εῖναι</span> <span class='ocrx_word' id='word_1_645' title='bbox 2798 3872 2992 3943; x_wconf 83' lang='grc' dir='ltr'>ἀρχὰς,</span> <span class='ocrx_word' id='word_1_646' title='bbox 3022 3873 3158 3941; x_wconf 81' lang='grc' dir='ltr'>ὅπερ</span> <span class='ocrx_word' id='word_1_647' title='bbox 3210 3872 3310 3924; x_wconf 81' lang='grc' dir='ltr'><strong>οὑκ</strong></span> <span class='ocrx_word' id='word_1_648' title='bbox 3336 3873 3615 3943; x_wconf 80' lang='grc' dir='ltr'>ἐνδέχεται</span> <span class='ocrx_word' id='word_1_649' title='bbox 3659 3871 3735 3923; x_wconf 82' lang='grc' dir='ltr'><strong>λέ-</strong></span> 
     </span>
    </p>
   </div>
   <div class='ocr_carea' id='block_1_86' title="bbox 2172 3958 3733 4034">
    <p class='ocr_par' dir='ltr' id='par_1_86' title="bbox 2172 3958 3733 4034">
     <span class='ocr_line' id='line_1_86' title="bbox 2172 3958 3733 4034; baseline -0.003 -17"><span class='ocrx_word' id='word_1_650' title='bbox 2172 3982 2308 4033; x_wconf 88' lang='grc' dir='ltr'>γειν.</span> <span class='ocrx_word' id='word_1_651' title='bbox 2336 3958 2503 4017; x_wconf 80' lang='grc' dir='ltr'>Δῦται</span> <span class='ocrx_word' id='word_1_652' title='bbox 2528 3964 2583 4016; x_wconf 81' lang='grc' dir='ltr'>δὲ</span> <span class='ocrx_word' id='word_1_653' title='bbox 2614 3963 2774 4017; x_wconf 77' lang='grc' dir='ltr'>πάλιν</span> <span class='ocrx_word' id='word_1_654' title='bbox 2795 3963 3106 4027; x_wconf 83' lang='grc' dir='ltr'>ἀναγκαίως</span> <span class='ocrx_word' id='word_1_655' title='bbox 3132 3965 3223 4016; x_wconf 78' lang='grc' dir='ltr'><strong>ἐπὶ</strong></span> <span class='ocrx_word' id='word_1_656' title='bbox 3257 3965 3385 4033; x_wconf 86' lang='grc' dir='ltr'>μίαν</span> <span class='ocrx_word' id='word_1_657' title='bbox 3407 3965 3733 4034; x_wconf 72' lang='grc' dir='ltr'>ἀναχθήσον-</span> 
     </span>
    </p>
   </div>
   <div class='ocr_carea' id='block_1_87' title="bbox 2170 4054 3415 4125">
    <p class='ocr_par' dir='ltr' id='par_1_87' title="bbox 2170 4054 3415 4125">
     <span class='ocr_line' id='line_1_87' title="bbox 2170 4054 3415 4125; baseline 0.001 -16"><span class='ocrx_word' id='word_1_658' title='bbox 2170 4074 2278 4119; x_wconf 87' lang='grc' dir='ltr'>ται,</span> <span class='ocrx_word' id='word_1_659' title='bbox 2311 4055 2497 4115; x_wconf 82' lang='grc' dir='ltr'>ὲπειδὴ</span> <span class='ocrx_word' id='word_1_660' title='bbox 2538 4054 2741 4125; x_wconf 79' lang='grc' dir='ltr'>ἀρχὴή</span> <span class='ocrx_word' id='word_1_661' title='bbox 2796 4054 2983 4125; x_wconf 75' lang='grc' dir='ltr'>μονὰς,</span> <span class='ocrx_word' id='word_1_662' title='bbox 3032 4056 3129 4124; x_wconf 81' lang='grc' dir='ltr'><strong>οὐχ</strong></span> <span class='ocrx_word' id='word_1_663' title='bbox 3175 4056 3207 4124; x_wconf 79' lang='grc' dir='ltr'><strong>ἡ</strong></span> <span class='ocrx_word' id='word_1_664' title='bbox 3253 4054 3415 4117; x_wconf 75' lang='grc' dir='ltr'>δυάς·</span> 
     </span>
    </p>
   </div>
   <div class='ocr_carea' id='block_1_88' title="bbox 2170 4142 3731 4216">
    <p class='ocr_par' dir='ltr' id='par_1_88' title="bbox 2170 4142 3731 4216">
     <span class='ocr_line' id='line_1_88' title="bbox 2170 4142 3731 4216; baseline -0.003 -17"><span class='ocrx_word' id='word_1_665' title='bbox 2170 4144 2327 4199; x_wconf 85' lang='grc' dir='ltr'>ὁποία</span> <span class='ocrx_word' id='word_1_666' title='bbox 2353 4151 2473 4199; x_wconf 85' lang='grc' dir='ltr'>ποτ’</span> <span class='ocrx_word' id='word_1_667' title='bbox 2501 4145 2565 4198; x_wconf 85' lang='grc' dir='ltr'>ἂν</span> <span class='ocrx_word' id='word_1_668' title='bbox 2617 4144 2700 4216; x_wconf 81' lang='grc' dir='ltr'>εἴη</span> <span class='ocrx_word' id='word_1_669' title='bbox 2724 4184 2737 4207; x_wconf 90' lang='grc'><strong>,</strong></span> <span class='ocrx_word' id='word_1_670' title='bbox 2776 4144 2843 4198; x_wconf 85' lang='grc' dir='ltr'><strong>τά</strong></span> <span class='ocrx_word' id='word_1_671' title='bbox 2888 4144 3023 4197; x_wconf 84' lang='grc' dir='ltr'><strong>αὑτά</strong></span> <span class='ocrx_word' id='word_1_672' title='bbox 3046 4144 3217 4196; x_wconf 70' lang='grc' dir='ltr'>πάλιν</span> <span class='ocrx_word' id='word_1_673' title='bbox 3272 4142 3645 4215; x_wconf 77' lang='grc' dir='ltr'>λεχθήσονται.</span> <span class='ocrx_word' id='word_1_674' title='bbox 3671 4143 3731 4195; x_wconf 85' lang='grc' dir='ltr'><strong>Ἦ</strong></span> 
     </span>
    </p>
   </div>
   <div class='ocr_carea' id='block_1_89' title="bbox 2170 4238 3725 4311">
    <p class='ocr_par' dir='ltr' id='par_1_89' title="bbox 2170 4238 3725 4311">
     <span class='ocr_line' id='line_1_89' title="bbox 2170 4238 3725 4311; baseline -0.002 -17"><span class='ocrx_word' id='word_1_675' title='bbox 2170 4240 2279 4311; x_wconf 83' lang='grc' dir='ltr'>γὰρ</span> <span class='ocrx_word' id='word_1_676' title='bbox 2308 4240 2508 4311; x_wconf 84' lang='grc' dir='ltr'>ἀγαθὴ,</span> <span class='ocrx_word' id='word_1_677' title='bbox 2550 4241 2645 4293; x_wconf 78' lang='grc' dir='ltr'><strong>καὶ</strong></span> <span class='ocrx_word' id='word_1_678' title='bbox 2685 4238 2865 4307; x_wconf 89' lang='grc' dir='ltr'>ἀγαθά</span> <span class='ocrx_word' id='word_1_679' title='bbox 2929 4240 3145 4303; x_wconf 83' lang='grc' dir='ltr'>πάντως</span> <span class='ocrx_word' id='word_1_680' title='bbox 3182 4238 3250 4292; x_wconf 82' lang='grc' dir='ltr'>τὰ</span> <span class='ocrx_word' id='word_1_681' title='bbox 3288 4239 3346 4305; x_wconf 77' lang='grc' dir='ltr'>ἐξ</span> <span class='ocrx_word' id='word_1_682' title='bbox 3371 4241 3576 4311; x_wconf 79' lang='grc' dir='ltr'>αὐτῆς·</span> <span class='ocrx_word' id='word_1_683' title='bbox 3609 4238 3725 4310; x_wconf 77' lang='grc' dir='ltr'>ῆπῆ</span> 
     </span>
    </p>
   </div>
   <div class='ocr_carea' id='block_1_90' title="bbox 2175 4331 3727 4404">
    <p class='ocr_par' dir='ltr' id='par_1_90' title="bbox 2175 4331 3727 4404">
     <span class='ocr_line' id='line_1_90' title="bbox 2175 4331 3727 4404; baseline -0.003 -17"><span class='ocrx_word' id='word_1_684' title='bbox 2175 4335 2273 4403; x_wconf 81' lang='grc' dir='ltr'>μὲν</span> <span class='ocrx_word' id='word_1_685' title='bbox 2309 4334 2474 4404; x_wconf 80' lang='grc' dir='ltr'>κακὴ,</span> <span class='ocrx_word' id='word_1_686' title='bbox 2504 4334 2580 4404; x_wconf 88' lang='grc' dir='ltr'>πῆ</span> <span class='ocrx_word' id='word_1_687' title='bbox 2630 4333 2687 4386; x_wconf 81' lang='grc' dir='ltr'>δὲ</span> <span class='ocrx_word' id='word_1_688' title='bbox 2743 4332 2955 4403; x_wconf 84' lang='grc' dir='ltr'>ἀγαθή·</span> <span class='ocrx_word' id='word_1_689' title='bbox 3025 4333 3119 4385; x_wconf 76' lang='grc' dir='ltr'>καὶ</span> <span class='ocrx_word' id='word_1_690' title='bbox 3177 4332 3275 4403; x_wconf 69' lang='grc' dir='ltr'><strong>ἤδη</strong></span> <span class='ocrx_word' id='word_1_691' title='bbox 3331 4332 3607 4396; x_wconf 80' lang='grc' dir='ltr'>σύνθετος,</span> <span class='ocrx_word' id='word_1_692' title='bbox 3651 4331 3727 4383; x_wconf 68' lang='grc' dir='ltr'>καὶ</span> 
     </span>
    </p>
   </div>
   <div class='ocr_carea' id='block_1_91' title="bbox 3489 4056 3730 4123">
    <p class='ocr_par' dir='ltr' id='par_1_91' title="bbox 3489 4056 3730 4123">
     <span class='ocr_line' id='line_1_91' title="bbox 3489 4056 3730 4123; baseline -0.025 -14"><span class='ocrx_word' id='word_1_693' title='bbox 3489 4056 3700 4123; x_wconf 78' lang='grc' dir='ltr'>κάκείνη</span> <span class='ocrx_word' id='word_1_694' title='bbox 3718 4093 3730 4112; x_wconf 90' lang='grc'><strong>,</strong></span> 
     </span>
    </p>
   </div>
   <div class='ocr_carea' id='block_1_92' title="bbox 489 4419 2072 4507">
    <p class='ocr_par' dir='ltr' id='par_1_92' title="bbox 489 4437 2060 4507">
     <span class='ocr_line' id='line_1_92' title="bbox 489 4437 2060 4507; baseline -0.002 -13"><span class='ocrx_word' id='word_1_695' title='bbox 489 4439 589 4496; x_wconf 81' lang='lat' dir='ltr'><strong>Vel</strong></span> <span class='ocrx_word' id='word_1_696' title='bbox 612 4442 758 4496; x_wconf 88' lang='lat' dir='ltr'><strong>enim</strong></span> <span class='ocrx_word' id='word_1_697' title='bbox 791 4440 991 4495; x_wconf 92' lang='lat' dir='ltr'><strong>bonum</strong></span> <span class='ocrx_word' id='word_1_698' title='bbox 1019 4438 1145 4503; x_wconf 88' lang='lat' dir='ltr'><strong>erit,</strong></span> <span class='ocrx_word' id='word_1_699' title='bbox 1171 4446 1227 4492; x_wconf 91' lang='lat' dir='ltr'><strong>et</strong></span> <span class='ocrx_word' id='word_1_700' title='bbox 1270 4437 1413 4492; x_wconf 89' lang='lat' dir='ltr'><strong>bona</strong></span> <span class='ocrx_word' id='word_1_701' title='bbox 1444 4437 1626 4490; x_wconf 88' lang='lat' dir='ltr'><strong>omnia</strong></span> <span class='ocrx_word' id='word_1_702' title='bbox 1659 4451 1779 4505; x_wconf 69' lang='lat' dir='ltr'><strong>quae</strong></span> <span class='ocrx_word' id='word_1_703' title='bbox 1809 4451 1875 4491; x_wconf 83' lang='lat' dir='ltr'><strong>ex</strong></span> <span class='ocrx_word' id='word_1_704' title='bbox 1910 4437 2060 4507; x_wconf 87' lang='lat' dir='ltr'><strong>ipso;</strong></span> 
     </span>
    </p>
   </div>
   <div class='ocr_carea' id='block_1_93' title="bbox 2175 4419 3725 4507">
    <p class='ocr_par' dir='ltr' id='par_1_93' title="bbox 2175 4419 3725 4496">
     <span class='ocr_line' id='line_1_93' title="bbox 2175 4419 3725 4496; baseline -0.016 1"><span class='ocrx_word' id='word_1_705' title='bbox 2175 4426 2267 4496; x_wconf 62' lang='grc' dir='ltr'><strong>οὐχ</strong></span> <span class='ocrx_word' id='word_1_706' title='bbox 2294 4425 2463 4496; x_wconf 71' lang='grc' dir='ltr'>ἁπλῆν</span> <span class='ocrx_word' id='word_1_707' title='bbox 2499 4425 2609 4478; x_wconf 57' lang='grc' dir='ltr'><strong>οὐδ’</strong></span> <span class='ocrx_word' id='word_1_708' title='bbox 2638 4426 2801 4495; x_wconf 65' lang='grc' dir='ltr'>ἀρχὴν</span> <span class='ocrx_word' id='word_1_709' title='bbox 2832 4424 2946 4477; x_wconf 68' lang='grc' dir='ltr'><strong>ἀλλ’</strong></span> <span class='ocrx_word' id='word_1_710' title='bbox 2970 4426 3155 4476; x_wconf 82' lang='grc' dir='ltr'>ἐκεῖνα</span> <span class='ocrx_word' id='word_1_711' title='bbox 3212 4424 3352 4495; x_wconf 81' lang='grc' dir='ltr'>ἀρχὴ</span> <span class='ocrx_word' id='word_1_712' title='bbox 3386 4426 3446 4491; x_wconf 79' lang='grc' dir='ltr'>ἐξ</span> <span class='ocrx_word' id='word_1_713' title='bbox 3480 4419 3556 4478; x_wconf 79' lang='grc' dir='ltr'>ὧν</span> <span class='ocrx_word' id='word_1_714' title='bbox 3595 4440 3725 4476; x_wconf 83' lang='grc' dir='ltr'>συνε-</span> 
     </span>
    </p>
   </div>
   <div class='ocr_carea' id='block_1_94' title="bbox 486 4528 2068 4603">
    <p class='ocr_par' dir='ltr' id='par_1_94' title="bbox 486 4528 2068 4603">
     <span class='ocr_line' id='line_1_94' title="bbox 486 4528 2068 4603; baseline -0.001 -17"><span class='ocrx_word' id='word_1_715' title='bbox 486 4532 574 4588; x_wconf 77' lang='lat' dir='ltr'><strong>vel</strong></span> <span class='ocrx_word' id='word_1_716' title='bbox 597 4532 794 4603; x_wconf 87' lang='lat' dir='ltr'><strong>partim</strong></span> <span class='ocrx_word' id='word_1_717' title='bbox 817 4530 1040 4599; x_wconf 89' lang='lat' dir='ltr'><strong>quidem</strong></span> <span class='ocrx_word' id='word_1_718' title='bbox 1077 4528 1304 4593; x_wconf 87' lang='lat' dir='ltr'><strong>malum,</strong></span> <span class='ocrx_word' id='word_1_719' title='bbox 1334 4528 1531 4597; x_wconf 91' lang='lat' dir='ltr'><strong>partim</strong></span> <span class='ocrx_word' id='word_1_720' title='bbox 1568 4540 1695 4581; x_wconf 81' lang='lat' dir='ltr'><strong>vero</strong></span> <span class='ocrx_word' id='word_1_721' title='bbox 1726 4528 1927 4582; x_wconf 87' lang='lat' dir='ltr'><strong>bonum</strong></span> <span class='ocrx_word' id='word_1_722' title='bbox 1953 4545 1987 4593; x_wconf 25' lang='lat'><strong>;.</strong></span> <span class='ocrx_word' id='word_1_723' title='bbox 2012 4537 2068 4583; x_wconf 88' lang='lat' dir='ltr'><strong>ct</strong></span> 
     </span>
    </p>
   </div>
   <div class='ocr_carea' id='block_1_95' title="bbox 483 4620 2066 4693">
    <p class='ocr_par' dir='ltr' id='par_1_95' title="bbox 483 4620 2066 4693">
     <span class='ocr_line' id='line_1_95' title="bbox 483 4620 2066 4693; baseline -0.001 -16"><span class='ocrx_word' id='word_1_724' title='bbox 483 4624 595 4692; x_wconf 81' lang='lat' dir='ltr'><strong>iam</strong></span> <span class='ocrx_word' id='word_1_725' title='bbox 626 4624 990 4693; x_wconf 89' lang='lat' dir='ltr'><strong>compositum</strong></span> <span class='ocrx_word' id='word_1_726' title='bbox 1028 4622 1133 4676; x_wconf 90' lang='lat' dir='ltr'><strong>erit</strong></span> <span class='ocrx_word' id='word_1_727' title='bbox 1158 4629 1213 4676; x_wconf 91' lang='lat' dir='ltr'><strong>et</strong></span> <span class='ocrx_word' id='word_1_728' title='bbox 1266 4635 1374 4675; x_wconf 91' lang='lat' dir='ltr'><strong>non</strong></span> <span class='ocrx_word' id='word_1_729' title='bbox 1418 4620 1672 4689; x_wconf 83' lang='lat' dir='ltr'><strong>simplex,</strong></span> <span class='ocrx_word' id='word_1_730' title='bbox 1704 4629 1870 4689; x_wconf 90' lang='lat' dir='ltr'><strong>atque</strong></span> <span class='ocrx_word' id='word_1_731' title='bbox 1929 4621 2066 4675; x_wconf 91' lang='lat' dir='ltr'><strong>adeo</strong></span> 
     </span>
    </p>
   </div>
   <div class='ocr_carea' id='block_1_96' title="bbox 488 4717 2065 4790">
    <p class='ocr_par' dir='ltr' id='par_1_96' title="bbox 488 4717 2065 4790">
     <span class='ocr_line' id='line_1_96' title="bbox 488 4717 2065 4790; baseline -0.003 -15"><span class='ocrx_word' id='word_1_732' title='bbox 488 4735 666 4789; x_wconf 88' lang='lat' dir='ltr'><strong>neque</strong></span> <span class='ocrx_word' id='word_1_733' title='bbox 694 4720 1043 4790; x_wconf 89' lang='lat' dir='ltr'><strong>principium,</strong></span> <span class='ocrx_word' id='word_1_734' title='bbox 1073 4720 1170 4773; x_wconf 87' lang='lat' dir='ltr'><strong>sed</strong></span> <span class='ocrx_word' id='word_1_735' title='bbox 1215 4717 1305 4772; x_wconf 89' lang='lat' dir='ltr'><strong>illa</strong></span> <span class='ocrx_word' id='word_1_736' title='bbox 1340 4717 1667 4787; x_wconf 82' lang='lat' dir='ltr'><strong>principium</strong></span> <span class='ocrx_word' id='word_1_737' title='bbox 1693 4729 1816 4771; x_wconf 88' lang='lat' dir='ltr'><strong>sunt</strong></span> <span class='ocrx_word' id='word_1_738' title='bbox 1844 4734 1908 4772; x_wconf 81' lang='lat' dir='ltr'><strong>cx</strong></span> <span class='ocrx_word' id='word_1_739' title='bbox 1940 4718 2065 4787; x_wconf 81' lang='lat' dir='ltr'><strong>qui-</strong></span> 
     </span>
    </p>
   </div>
   <div class='ocr_carea' id='block_1_97' title="bbox 487 4807 2066 4879">
    <p class='ocr_par' dir='ltr' id='par_1_97' title="bbox 487 4807 2066 4879">
     <span class='ocr_line' id='line_1_97' title="bbox 487 4807 2066 4879; baseline -0.003 -12"><span class='ocrx_word' id='word_1_740' title='bbox 487 4812 591 4867; x_wconf 77' lang='lat' dir='ltr'><strong>bus</strong></span> <span class='ocrx_word' id='word_1_741' title='bbox 618 4810 979 4879; x_wconf 90' lang='lat' dir='ltr'><strong>componitur,</strong></span> <span class='ocrx_word' id='word_1_742' title='bbox 1017 4818 1071 4864; x_wconf 90' lang='lat' dir='ltr'><strong>et</strong></span> <span class='ocrx_word' id='word_1_743' title='bbox 1095 4810 1197 4863; x_wconf 87' lang='lat' dir='ltr'><strong>hoc</strong></span> <span class='ocrx_word' id='word_1_744' title='bbox 1232 4809 1285 4862; x_wconf 92' lang='lat' dir='ltr'><strong>in</strong></span> <span class='ocrx_word' id='word_1_745' title='bbox 1318 4807 1611 4862; x_wconf 85' lang='lat' dir='ltr'><strong>infinitum.</strong></span> <span class='ocrx_word' id='word_1_746' title='bbox 1644 4808 1907 4874; x_wconf 82' lang='lat' dir='ltr'><strong>Quoniam</strong></span> <span class='ocrx_word' id='word_1_747' title='bbox 1936 4822 2066 4862; x_wconf 82' lang='lat' dir='ltr'><strong>vero</strong></span> 
     </span>
    </p>
   </div>
   <div class='ocr_carea' id='block_1_98' title="bbox 490 4900 2065 4968">
    <p class='ocr_par' dir='ltr' id='par_1_98' title="bbox 490 4900 2065 4968">
     <span class='ocr_line' id='line_1_98' title="bbox 490 4900 2065 4968; baseline -0.001 -14"><span class='ocrx_word' id='word_1_748' title='bbox 490 4901 709 4967; x_wconf 80' lang='lat' dir='ltr'><strong>quidam</strong></span> <span class='ocrx_word' id='word_1_749' title='bbox 764 4900 1047 4968; x_wconf 76' lang='lat' dir='ltr'><strong>gentilium</strong></span> <span class='ocrx_word' id='word_1_750' title='bbox 1110 4901 1361 4955; x_wconf 80' lang='lat' dir='ltr'><strong>dixerunt</strong></span> <span class='ocrx_word' id='word_1_751' title='bbox 1416 4911 1697 4968; x_wconf 87' lang='lat' dir='ltr'><strong>propterea</strong></span> <span class='ocrx_word' id='word_1_752' title='bbox 1756 4900 1953 4953; x_wconf 85' lang='lat' dir='ltr'><strong>coelum</strong></span> <span class='ocrx_word' id='word_1_753' title='bbox 2010 4909 2065 4953; x_wconf 88' lang='lat' dir='ltr'><strong>et</strong></span> 
     </span>
    </p>
   </div>
   <div class='ocr_carea' id='block_1_99' title="bbox 491 4992 2064 5064">
    <p class='ocr_par' dir='ltr' id='par_1_99' title="bbox 491 4992 2064 5064">
     <span class='ocr_line' id='line_1_99' title="bbox 491 4992 2064 5064; baseline 0.001 -20"><span class='ocrx_word' id='word_1_754' title='bbox 491 5000 639 5045; x_wconf 90' lang='lat' dir='ltr'><strong>astra</strong></span> <span class='ocrx_word' id='word_1_755' title='bbox 665 5006 771 5045; x_wconf 90' lang='lat' dir='ltr'><strong>non</strong></span> <span class='ocrx_word' id='word_1_756' title='bbox 802 4992 1100 5060; x_wconf 90' lang='lat' dir='ltr'><strong>corrumpi,</strong></span> <span class='ocrx_word' id='word_1_757' title='bbox 1130 4992 1256 5060; x_wconf 92' lang='lat' dir='ltr'><strong>quia</strong></span> <span class='ocrx_word' id='word_1_758' title='bbox 1308 5006 1373 5045; x_wconf 82' lang='lat' dir='ltr'><strong>ex</strong></span> <span class='ocrx_word' id='word_1_759' title='bbox 1430 4992 1635 5064; x_wconf 87' lang='lat' dir='ltr'><strong>puriori</strong></span> <span class='ocrx_word' id='word_1_760' title='bbox 1683 4992 1909 5046; x_wconf 89' lang='lat' dir='ltr'><strong>materia</strong></span> <span class='ocrx_word' id='word_1_761' title='bbox 1934 5005 2064 5059; x_wconf 83' lang='lat' dir='ltr'><strong>pro-</strong></span> 
     </span>
    </p>
   </div>
   <div class='ocr_carea' id='block_1_100' title="bbox 490 5081 2060 5152">
    <p class='ocr_par' dir='ltr' id='par_1_100' title="bbox 490 5081 2060 5152">
     <span class='ocr_line' id='line_1_100' title="bbox 490 5081 2060 5152; baseline 0 -15"><span class='ocrx_word' id='word_1_762' title='bbox 490 5084 652 5137; x_wconf 88' lang='lat' dir='ltr'><strong>ducta</strong></span> <span class='ocrx_word' id='word_1_763' title='bbox 679 5092 826 5147; x_wconf 91' lang='lat' dir='ltr'><strong>sunt,</strong></span> <span class='ocrx_word' id='word_1_764' title='bbox 860 5097 922 5137; x_wconf 91' lang='lat' dir='ltr'><strong>ea</strong></span> <span class='ocrx_word' id='word_1_765' title='bbox 950 5097 1078 5136; x_wconf 85' lang='lat' dir='ltr'><strong>vero</strong></span> <span class='ocrx_word' id='word_1_766' title='bbox 1101 5097 1222 5151; x_wconf 72' lang='lat' dir='ltr'><strong>quae</strong></span> <span class='ocrx_word' id='word_1_767' title='bbox 1257 5084 1400 5152; x_wconf 90' lang='lat' dir='ltr'><strong>apud</strong></span> <span class='ocrx_word' id='word_1_768' title='bbox 1426 5098 1525 5138; x_wconf 89' lang='lat' dir='ltr'><strong>nos</strong></span> <span class='ocrx_word' id='word_1_769' title='bbox 1556 5091 1684 5137; x_wconf 91' lang='lat' dir='ltr'><strong>sunt</strong></span> <span class='ocrx_word' id='word_1_770' title='bbox 1715 5098 1780 5137; x_wconf 75' lang='lat' dir='ltr'><strong>ex</strong></span> <span class='ocrx_word' id='word_1_771' title='bbox 1820 5081 2060 5151; x_wconf 77' lang='lat' dir='ltr'><strong>subjecta</strong></span> 
     </span>
    </p>
   </div>
   <div class='ocr_carea' id='block_1_101' title="bbox 491 5170 2079 5241">
    <p class='ocr_par' dir='ltr' id='par_1_101' title="bbox 491 5170 2079 5241">
     <span class='ocr_line' id='line_1_101' title="bbox 491 5170 2079 5241; baseline -0.001 -13"><span class='ocrx_word' id='word_1_772' title='bbox 491 5172 860 5241; x_wconf 87' lang='lat' dir='ltr'><strong>crassiorique</strong></span> <span class='ocrx_word' id='word_1_773' title='bbox 886 5171 1137 5231; x_wconf 89' lang='lat' dir='ltr'><strong>materia,</strong></span> <span class='ocrx_word' id='word_1_774' title='bbox 1167 5170 1245 5224; x_wconf 91' lang='lat' dir='ltr'><strong>ait</strong></span> <span class='ocrx_word' id='word_1_775' title='bbox 1272 5171 1359 5225; x_wconf 88' lang='lat' dir='ltr'><strong>hic</strong></span> <span class='ocrx_word' id='word_1_776' title='bbox 1391 5180 1638 5234; x_wconf 89' lang='lat' dir='ltr'><strong>sanctus,</strong></span> <span class='ocrx_word' id='word_1_777' title='bbox 1670 5171 1875 5225; x_wconf 91' lang='lat' dir='ltr'><strong>idcirco</strong></span> <span class='ocrx_word' id='word_1_778' title='bbox 1898 5172 2079 5227; x_wconf 42' lang='lat' dir='ltr'><strong>etiam.</strong></span> 
     </span>
    </p>
   </div>
   <div class='ocr_carea' id='block_1_102' title="bbox 487 5258 2081 5330">
    <p class='ocr_par' dir='ltr' id='par_1_102' title="bbox 487 5258 2081 5330">
     <span class='ocr_line' id='line_1_102' title="bbox 487 5258 2081 5330; baseline -0.002 -10"><span class='ocrx_word' id='word_1_779' title='bbox 487 5263 606 5320; x_wconf 65' lang='lat' dir='ltr'><strong>haec</strong></span> <span class='ocrx_word' id='word_1_780' title='bbox 628 5260 928 5330; x_wconf 88' lang='lat' dir='ltr'><strong>corrumpi,</strong></span> <span class='ocrx_word' id='word_1_781' title='bbox 961 5260 1105 5330; x_wconf 93' lang='lat' dir='ltr'><strong>quod</strong></span> <span class='ocrx_word' id='word_1_782' title='bbox 1138 5274 1247 5314; x_wconf 91' lang='lat' dir='ltr'><strong>non</strong></span> <span class='ocrx_word' id='word_1_783' title='bbox 1278 5260 1487 5328; x_wconf 90' lang='lat' dir='ltr'><strong>possint</strong></span> <span class='ocrx_word' id='word_1_784' title='bbox 1539 5259 1790 5323; x_wconf 86' lang='lat' dir='ltr'><strong>stabiliri,</strong></span> <span class='ocrx_word' id='word_1_785' title='bbox 1818 5268 1873 5314; x_wconf 91' lang='lat' dir='ltr'><strong>et</strong></span> <span class='ocrx_word' id='word_1_786' title='bbox 1895 5258 2081 5317; x_wconf 16' lang='lat' dir='ltr'><strong>firmi-7</strong></span> 
     </span>
    </p>
   </div>
   <div class='ocr_carea' id='block_1_103' title="bbox 493 5351 2062 5419">
    <p class='ocr_par' dir='ltr' id='par_1_103' title="bbox 493 5351 2062 5419">
     <span class='ocr_line' id='line_1_103' title="bbox 493 5351 2062 5419; baseline -0.005 -8"><span class='ocrx_word' id='word_1_787' title='bbox 493 5367 576 5412; x_wconf 90' lang='lat' dir='ltr'><strong>ter</strong></span> <span class='ocrx_word' id='word_1_788' title='bbox 598 5356 827 5411; x_wconf 66' lang='lat' dir='ltr'><strong>limere.</strong></span> <span class='ocrx_word' id='word_1_789' title='bbox 857 5352 1011 5419; x_wconf 88' lang='lat' dir='ltr'><strong>Quod</strong></span> <span class='ocrx_word' id='word_1_790' title='bbox 1037 5352 1083 5406; x_wconf 89' lang='lat' dir='ltr'><strong>si</strong></span> <span class='ocrx_word' id='word_1_791' title='bbox 1117 5352 1406 5405; x_wconf 84' lang='lat' dir='ltr'><strong>materiam</strong></span> <span class='ocrx_word' id='word_1_792' title='bbox 1440 5351 1506 5405; x_wconf 89' lang='lat' dir='ltr'><strong>ad</strong></span> <span class='ocrx_word' id='word_1_793' title='bbox 1532 5352 1773 5406; x_wconf 85' lang='lat' dir='ltr'><strong>universi</strong></span> <span class='ocrx_word' id='word_1_794' title='bbox 1804 5366 2062 5407; x_wconf 88' lang='lat' dir='ltr'><strong>consum-</strong></span> 
     </span>
    </p>
   </div>
   <div class='ocr_carea' id='block_1_104' title="bbox 492 5441 2064 5511">
    <p class='ocr_par' dir='ltr' id='par_1_104' title="bbox 492 5441 2064 5511">
     <span class='ocr_line' id='line_1_104' title="bbox 492 5441 2064 5511; baseline -0.005 -10"><span class='ocrx_word' id='word_1_795' title='bbox 492 5448 788 5501; x_wconf 88' lang='lat' dir='ltr'><strong>mationem</strong></span> <span class='ocrx_word' id='word_1_796' title='bbox 820 5444 1188 5499; x_wconf 86' lang='lat' dir='ltr'><strong>necessariam</strong></span> <span class='ocrx_word' id='word_1_797' title='bbox 1219 5442 1387 5496; x_wconf 83' lang='lat' dir='ltr'><strong>fuisse</strong></span> <span class='ocrx_word' id='word_1_798' title='bbox 1412 5441 1616 5504; x_wconf 90' lang='lat' dir='ltr'><strong>dicant,</strong></span> <span class='ocrx_word' id='word_1_799' title='bbox 1649 5442 1928 5511; x_wconf 85' lang='lat' dir='ltr'><strong>quomodo</strong></span> <span class='ocrx_word' id='word_1_800' title='bbox 1950 5456 2064 5495; x_wconf 90' lang='lat' dir='ltr'><strong>ma-</strong></span> 
     </span>
    </p>
   </div>
   <div class='ocr_carea' id='block_1_105' title="bbox 496 5533 2063 5606">
    <p class='ocr_par' dir='ltr' id='par_1_105' title="bbox 496 5533 2063 5606">
     <span class='ocr_line' id='line_1_105' title="bbox 496 5533 2063 5606; baseline -0.003 -14"><span class='ocrx_word' id='word_1_801' title='bbox 496 5539 633 5594; x_wconf 91' lang='lat' dir='ltr'><strong>teria</strong></span> <span class='ocrx_word' id='word_1_802' title='bbox 667 5538 868 5593; x_wconf 89' lang='lat' dir='ltr'><strong>malum</strong></span> <span class='ocrx_word' id='word_1_803' title='bbox 897 5536 1061 5606; x_wconf 81' lang='lat' dir='ltr'><strong>quid?</strong></span> <span class='ocrx_word' id='word_1_804' title='bbox 1084 5534 1222 5590; x_wconf 82' lang='lat' dir='ltr'><strong>Nota</strong></span> <span class='ocrx_word' id='word_1_805' title='bbox 1250 5544 1453 5596; x_wconf 90' lang='lat' dir='ltr'><strong>autem,</strong></span> <span class='ocrx_word' id='word_1_806' title='bbox 1477 5534 1829 5589; x_wconf 80' lang='lat' dir='ltr'><strong>Aristotelem</strong></span> <span class='ocrx_word' id='word_1_807' title='bbox 1852 5548 1921 5588; x_wconf 77' lang='lat' dir='ltr'><strong>ex</strong></span> <span class='ocrx_word' id='word_1_808' title='bbox 1964 5533 2063 5601; x_wconf 86' lang='lat' dir='ltr'><strong>hy-</strong></span> 
     </span>
    </p>
   </div>
   <div class='ocr_carea' id='block_1_106' title="bbox 493 5626 2063 5700">
    <p class='ocr_par' dir='ltr' id='par_1_106' title="bbox 493 5626 2063 5700">
     <span class='ocr_line' id='line_1_106' title="bbox 493 5626 2063 5700; baseline -0.004 -15"><span class='ocrx_word' id='word_1_809' title='bbox 493 5632 703 5700; x_wconf 84' lang='lat' dir='ltr'><strong>pothesi</strong></span> <span class='ocrx_word' id='word_1_810' title='bbox 736 5630 939 5685; x_wconf 82' lang='lat' dir='ltr'><strong>dixisse</strong></span> <span class='ocrx_word' id='word_1_811' title='bbox 971 5629 1256 5685; x_wconf 85' lang='lat' dir='ltr'><strong>materiam</strong></span> <span class='ocrx_word' id='word_1_812' title='bbox 1290 5638 1411 5681; x_wconf 89' lang='lat' dir='ltr'><strong>esse</strong></span> <span class='ocrx_word' id='word_1_813' title='bbox 1466 5628 1858 5691; x_wconf 81' lang='lat' dir='ltr'><strong>necessariam,</strong></span> <span class='ocrx_word' id='word_1_814' title='bbox 1900 5626 1954 5680; x_wconf 90' lang='lat' dir='ltr'><strong>id</strong></span> <span class='ocrx_word' id='word_1_815' title='bbox 1980 5635 2063 5681; x_wconf 90' lang='lat' dir='ltr'><strong>est</strong></span> 
     </span>
    </p>
   </div>
   <div class='ocr_carea' id='block_1_107' title="bbox 498 5720 2077 5779">
    <p class='ocr_par' dir='ltr' id='par_1_107' title="bbox 498 5720 2077 5779">
     <span class='ocr_line' id='line_1_107' title="bbox 498 5720 2077 5779; baseline 0.001 -4"><span class='ocrx_word' id='word_1_816' title='bbox 498 5721 670 5778; x_wconf 87' lang='lat' dir='ltr'><strong>forma</strong></span> <span class='ocrx_word' id='word_1_817' title='bbox 706 5723 1004 5779; x_wconf 76' lang='lat' dir='ltr'><strong>cxsistente</strong></span> <span class='ocrx_word' id='word_1_818' title='bbox 1035 5720 1348 5778; x_wconf 83' lang='lat' dir='ltr'><strong>necessario</strong></span> <span class='ocrx_word' id='word_1_819' title='bbox 1385 5720 1549 5775; x_wconf 86' lang='lat' dir='ltr'><strong>etiam</strong></span> <span class='ocrx_word' id='word_1_820' title='bbox 1583 5720 1855 5777; x_wconf 72' lang='lat' dir='ltr'><strong>etsislere</strong></span> <span class='ocrx_word' id='word_1_821' title='bbox 1887 5728 2077 5777; x_wconf 43' lang='lat' dir='ltr'><strong>male:</strong></span> 
     </span>
    </p>
   </div>
   <div class='ocr_carea' id='block_1_108' title="bbox 2167 4514 3724 4588">
    <p class='ocr_par' dir='ltr' id='par_1_108' title="bbox 2167 4514 3724 4588">
     <span class='ocr_line' id='line_1_108' title="bbox 2167 4514 3724 4588; baseline -0.003 -21"><span class='ocrx_word' id='word_1_822' title='bbox 2167 4515 2319 4588; x_wconf 84' lang='grc' dir='ltr'>τέθη,</span> <span class='ocrx_word' id='word_1_823' title='bbox 2359 4518 2453 4570; x_wconf 73' lang='grc' dir='ltr'>καὶ</span> <span class='ocrx_word' id='word_1_824' title='bbox 2506 4516 2663 4569; x_wconf 86' lang='grc' dir='ltr'>τοῦτο</span> <span class='ocrx_word' id='word_1_825' title='bbox 2721 4518 2808 4569; x_wconf 79' lang='grc' dir='ltr'><strong>ἐπ’</strong></span> <span class='ocrx_word' id='word_1_826' title='bbox 2839 4516 3083 4587; x_wconf 77' lang='grc' dir='ltr'>ἄπειρον.</span> <span class='ocrx_word' id='word_1_827' title='bbox 3126 4517 3341 4586; x_wconf 79' lang='grc' dir='ltr'>Ἐπειδὴ</span> <span class='ocrx_word' id='word_1_828' title='bbox 3374 4516 3431 4568; x_wconf 81' lang='grc' dir='ltr'>δὲ</span> <span class='ocrx_word' id='word_1_829' title='bbox 3464 4518 3591 4570; x_wconf 70' lang='grc' dir='ltr'>ἔνιοι</span> <span class='ocrx_word' id='word_1_830' title='bbox 3637 4514 3724 4566; x_wconf 78' lang='grc' dir='ltr'>τῶν</span> 
     </span>
    </p>
   </div>
   <div class='ocr_carea' id='block_1_109' title="bbox 2180 4606 3719 4679">
    <p class='ocr_par' dir='ltr' id='par_1_109' title="bbox 2180 4606 3719 4679">
     <span class='ocr_line' id='line_1_109' title="bbox 2180 4606 3719 4679; baseline -0.005 -18"><span class='ocrx_word' id='word_1_831' title='bbox 2180 4607 2444 4678; x_wconf 84' lang='grc' dir='ltr'>Ἑλλήνων</span> <span class='ocrx_word' id='word_1_832' title='bbox 2466 4606 2668 4675; x_wconf 83' lang='grc' dir='ltr'>ἔλεγον,</span> <span class='ocrx_word' id='word_1_833' title='bbox 2696 4607 2784 4660; x_wconf 88' lang='grc' dir='ltr'><strong>διά</strong></span> <span class='ocrx_word' id='word_1_834' title='bbox 2807 4606 2963 4659; x_wconf 85' lang='grc' dir='ltr'>τοῦτο</span> <span class='ocrx_word' id='word_1_835' title='bbox 2993 4607 3082 4659; x_wconf 81' lang='grc' dir='ltr'><strong>τὸν</strong></span> <span class='ocrx_word' id='word_1_836' title='bbox 3104 4608 3327 4679; x_wconf 75' lang='grc' dir='ltr'>οὐρανὸν</span> <span class='ocrx_word' id='word_1_837' title='bbox 3356 4610 3452 4660; x_wconf 74' lang='grc' dir='ltr'><strong>καὶ</strong></span> <span class='ocrx_word' id='word_1_838' title='bbox 3476 4609 3544 4661; x_wconf 74' lang='grc' dir='ltr'>τὰ</span> <span class='ocrx_word' id='word_1_839' title='bbox 3572 4608 3719 4674; x_wconf 58' lang='lat' dir='ltr'><strong>inp:</strong></span> 
     </span>
    </p>
   </div>
   <div class='ocr_carea' id='block_1_110' title="bbox 2171 4697 3719 4772">
    <p class='ocr_par' dir='ltr' id='par_1_110' title="bbox 2171 4697 3719 4772">
     <span class='ocr_line' id='line_1_110' title="bbox 2171 4697 3719 4772; baseline 0.003 -20"><span class='ocrx_word' id='word_1_840' title='bbox 2171 4700 2245 4771; x_wconf 79' lang='grc' dir='ltr'>μὴ</span> <span class='ocrx_word' id='word_1_841' title='bbox 2273 4699 2611 4772; x_wconf 85' lang='grc' dir='ltr'>φθείρεσθαι,</span> <span class='ocrx_word' id='word_1_842' title='bbox 2643 4699 2730 4753; x_wconf 78' lang='grc' dir='ltr'><strong>διὰ</strong></span> <span class='ocrx_word' id='word_1_843' title='bbox 2760 4699 2820 4752; x_wconf 85' lang='grc' dir='ltr'><strong>τὸ</strong></span> <span class='ocrx_word' id='word_1_844' title='bbox 2843 4701 2907 4752; x_wconf 81' lang='grc' dir='ltr'><strong>ἐκ</strong></span> <span class='ocrx_word' id='word_1_845' title='bbox 2937 4697 3029 4751; x_wconf 87' lang='grc' dir='ltr'><strong>τοῦ</strong></span> <span class='ocrx_word' id='word_1_846' title='bbox 3060 4699 3446 4770; x_wconf 82' lang='grc' dir='ltr'>καθαρωτάτου</span> <span class='ocrx_word' id='word_1_847' title='bbox 3477 4701 3575 4770; x_wconf 82' lang='grc' dir='ltr'>τῆς</span> <span class='ocrx_word' id='word_1_848' title='bbox 3613 4698 3719 4763; x_wconf 70' lang='grc' dir='ltr'>ὕλης</span> 
     </span>
    </p>
   </div>
   <div class='ocr_carea' id='block_1_111' title="bbox 2167 4789 3717 4862">
    <p class='ocr_par' dir='ltr' id='par_1_111' title="bbox 2167 4789 3717 4862">
     <span class='ocr_line' id='line_1_111' title="bbox 2167 4789 3717 4862; baseline -0.003 -19"><span class='ocrx_word' id='word_1_849' title='bbox 2167 4790 2449 4858; x_wconf 82' lang='grc' dir='ltr'>γενέσθαι⁶</span> <span class='ocrx_word' id='word_1_850' title='bbox 2482 4791 2549 4844; x_wconf 91' lang='grc' dir='ltr'><strong>τά</strong></span> <span class='ocrx_word' id='word_1_851' title='bbox 2578 4791 2634 4844; x_wconf 87' lang='grc' dir='ltr'><strong>δὲ</strong></span> <span class='ocrx_word' id='word_1_852' title='bbox 2665 4790 2787 4844; x_wconf 83' lang='grc' dir='ltr'>καθ’</span> <span class='ocrx_word' id='word_1_853' title='bbox 2829 4792 2976 4860; x_wconf 82' lang='grc' dir='ltr'>ἡμᾶς</span> <span class='ocrx_word' id='word_1_854' title='bbox 3004 4793 3066 4843; x_wconf 81' lang='grc' dir='ltr'>ὲκ</span> <span class='ocrx_word' id='word_1_855' title='bbox 3094 4792 3192 4861; x_wconf 81' lang='grc' dir='ltr'>τῆς</span> <span class='ocrx_word' id='word_1_856' title='bbox 3248 4792 3601 4862; x_wconf 79' lang='grc' dir='ltr'>ὑποστάθμης</span> <span class='ocrx_word' id='word_1_857' title='bbox 3641 4789 3717 4840; x_wconf 75' lang='grc' dir='ltr'><strong>καὶ</strong></span> 
     </span>
    </p>
   </div>
   <div class='ocr_carea' id='block_1_112' title="bbox 2168 4880 3715 4954">
    <p class='ocr_par' dir='ltr' id='par_1_112' title="bbox 2168 4880 3715 4954">
     <span class='ocr_line' id='line_1_112' title="bbox 2168 4880 3715 4954; baseline 0 -18"><span class='ocrx_word' id='word_1_858' title='bbox 2168 4883 2499 4954; x_wconf 81' lang='grc' dir='ltr'>παχυτέρας,</span> <span class='ocrx_word' id='word_1_859' title='bbox 2553 4884 2645 4936; x_wconf 71' lang='grc' dir='ltr'>καὶ</span> <span class='ocrx_word' id='word_1_860' title='bbox 2700 4882 2789 4936; x_wconf 81' lang='grc' dir='ltr'>διὰ</span> <span class='ocrx_word' id='word_1_861' title='bbox 2841 4883 2997 4936; x_wconf 87' lang='grc' dir='ltr'>τοῦτο</span> <span class='ocrx_word' id='word_1_862' title='bbox 3048 4882 3365 4952; x_wconf 76' lang='grc' dir='ltr'>φθείρεσθαι</span> <span class='ocrx_word' id='word_1_863' title='bbox 3422 4884 3608 4943; x_wconf 84' lang='grc' dir='ltr'>ταῦτα,</span> <span class='ocrx_word' id='word_1_864' title='bbox 3656 4880 3715 4949; x_wconf 75' lang='grc' dir='ltr'>μὴ</span> 
     </span>
    </p>
   </div>
   <div class='ocr_carea' id='block_1_113' title="bbox 2165 4973 3710 5045">
    <p class='ocr_par' dir='ltr' id='par_1_113' title="bbox 2165 4973 3710 5045">
     <span class='ocr_line' id='line_1_113' title="bbox 2165 4973 3710 5045; baseline -0.003 -18"><span class='ocrx_word' id='word_1_865' title='bbox 2165 4974 2438 5044; x_wconf 90' lang='grc' dir='ltr'>δυνάμενα</span> <span class='ocrx_word' id='word_1_866' title='bbox 2462 4974 2705 5045; x_wconf 86' lang='grc' dir='ltr'>ἰδρύσθαι</span> <span class='ocrx_word' id='word_1_867' title='bbox 2735 4975 2830 5027; x_wconf 79' lang='grc' dir='ltr'>καὶ</span> <span class='ocrx_word' id='word_1_868' title='bbox 2863 4974 3093 5043; x_wconf 78' lang='grc' dir='ltr'>βεϐαίως</span> <span class='ocrx_word' id='word_1_869' title='bbox 3122 4973 3288 5043; x_wconf 80' lang='grc' dir='ltr'>ἔχειν,</span> <span class='ocrx_word' id='word_1_870' title='bbox 3318 4975 3486 5043; x_wconf 63' lang='grc' dir='ltr'>φησιν</span> <span class='ocrx_word' id='word_1_871' title='bbox 3513 4978 3540 5028; x_wconf 83' lang='grc' dir='ltr'>ὁ</span> <span class='ocrx_word' id='word_1_872' title='bbox 3570 4976 3710 5039; x_wconf 55' lang='grc' dir='ltr'>ἇγικ.</span> 
     </span>
    </p>
   </div>
   <div class='ocr_carea' id='block_1_114' title="bbox 2166 5065 3712 5137">
    <p class='ocr_par' dir='ltr' id='par_1_114' title="bbox 2166 5065 3712 5137">
     <span class='ocr_line' id='line_1_114' title="bbox 2166 5065 3712 5137; baseline -0.004 -18"><span class='ocrx_word' id='word_1_873' title='bbox 2166 5068 2228 5119; x_wconf 79' lang='grc' dir='ltr'><strong>Εἰ</strong></span> <span class='ocrx_word' id='word_1_874' title='bbox 2262 5066 2318 5118; x_wconf 86' lang='grc' dir='ltr'>δὲ</span> <span class='ocrx_word' id='word_1_875' title='bbox 2348 5067 2641 5135; x_wconf 86' lang='grc' dir='ltr'>ἀναγκαῖόν</span> <span class='ocrx_word' id='word_1_876' title='bbox 2673 5083 2804 5135; x_wconf 79' lang='grc' dir='ltr'>φασι</span> <span class='ocrx_word' id='word_1_877' title='bbox 2853 5065 2950 5137; x_wconf 81' lang='grc' dir='ltr'><strong>τὴν</strong></span> <span class='ocrx_word' id='word_1_878' title='bbox 2988 5065 3121 5137; x_wconf 85' lang='grc' dir='ltr'>ὕλην</span> <span class='ocrx_word' id='word_1_879' title='bbox 3185 5066 3317 5135; x_wconf 80' lang='grc' dir='ltr'>πρὸς</span> <span class='ocrx_word' id='word_1_880' title='bbox 3352 5066 3712 5136; x_wconf 75' lang='grc' dir='ltr'>συμπλήρωσιν</span> 
     </span>
    </p>
   </div>
   <div class='ocr_carea' id='block_1_115' title="bbox 2165 5156 3709 5233">
    <p class='ocr_par' dir='ltr' id='par_1_115' title="bbox 2165 5156 3709 5233">
     <span class='ocr_line' id='line_1_115' title="bbox 2165 5156 3709 5233; baseline -0.002 -20"><span class='ocrx_word' id='word_1_881' title='bbox 2165 5161 2393 5231; x_wconf 90' lang='grc' dir='ltr'>κόσμου,</span> <span class='ocrx_word' id='word_1_882' title='bbox 2428 5160 2544 5225; x_wconf 84' lang='grc' dir='ltr'><strong>πῶς</strong></span> <span class='ocrx_word' id='word_1_883' title='bbox 2583 5164 2615 5233; x_wconf 81' lang='grc' dir='ltr'>ἡ</span> <span class='ocrx_word' id='word_1_884' title='bbox 2671 5160 2769 5231; x_wconf 87' lang='grc' dir='ltr'><strong>ὕλη</strong></span> <span class='ocrx_word' id='word_1_885' title='bbox 2810 5158 3020 5223; x_wconf 87' lang='grc' dir='ltr'>κακόν;</span> <span class='ocrx_word' id='word_1_886' title='bbox 3066 5158 3376 5229; x_wconf 79' lang='grc' dir='ltr'>Σημείωσαι</span> <span class='ocrx_word' id='word_1_887' title='bbox 3408 5161 3487 5225; x_wconf 90' lang='grc' dir='ltr'><strong>δὲ,</strong></span> <span class='ocrx_word' id='word_1_888' title='bbox 3532 5160 3606 5211; x_wconf 80' lang='grc' dir='ltr'><strong>ὅτι</strong></span> <span class='ocrx_word' id='word_1_889' title='bbox 3631 5156 3709 5223; x_wconf 80' lang='grc' dir='ltr'>τὴν</span> 
     </span>
    </p>
   </div>
   <div class='ocr_carea' id='block_1_116' title="bbox 2166 5249 3706 5326">
    <p class='ocr_par' dir='ltr' id='par_1_116' title="bbox 2166 5249 3706 5326">
     <span class='ocr_line' id='line_1_116' title="bbox 2166 5249 3706 5326; baseline -0.003 -17"><span class='ocrx_word' id='word_1_890' title='bbox 2166 5254 2299 5326; x_wconf 87' lang='grc' dir='ltr'>ὕλην</span> <span class='ocrx_word' id='word_1_891' title='bbox 2328 5255 2387 5322; x_wconf 76' lang='grc' dir='ltr'>ἐξ</span> <span class='ocrx_word' id='word_1_892' title='bbox 2412 5254 2724 5317; x_wconf 82' lang='grc' dir='ltr'>ὑποθέσεως</span> <span class='ocrx_word' id='word_1_893' title='bbox 2750 5252 3045 5321; x_wconf 86' lang='grc' dir='ltr'>ἀναγκαῖόν</span> <span class='ocrx_word' id='word_1_894' title='bbox 3082 5268 3244 5322; x_wconf 82' lang='grc' dir='ltr'>φησιν</span> <span class='ocrx_word' id='word_1_895' title='bbox 3274 5253 3302 5304; x_wconf 89' lang='grc' dir='ltr'>ὁ</span> <span class='ocrx_word' id='word_1_896' title='bbox 3343 5249 3706 5322; x_wconf 65' lang='grc' dir='ltr'>Ἀριστοτέλης,</span> 
     </span>
    </p>
   </div>
   <div class='ocr_carea' id='block_1_117' title="bbox 2165 5336 3707 5411">
    <p class='ocr_par' dir='ltr' id='par_1_117' title="bbox 2165 5336 3707 5411">
     <span class='ocr_line' id='line_1_117' title="bbox 2165 5336 3707 5411; baseline -0.005 -13"><span class='ocrx_word' id='word_1_897' title='bbox 2165 5347 2241 5409; x_wconf 86' lang='grc' dir='ltr'><strong>ὡς</strong></span> <span class='ocrx_word' id='word_1_898' title='bbox 2276 5346 2450 5409; x_wconf 80' lang='grc' dir='ltr'>εἴδους</span> <span class='ocrx_word' id='word_1_899' title='bbox 2474 5344 2623 5408; x_wconf 77' lang='grc' dir='ltr'>ὄντος</span> <span class='ocrx_word' id='word_1_900' title='bbox 2651 5345 2947 5411; x_wconf 86' lang='grc' dir='ltr'>ἀναγκαῖον</span> <span class='ocrx_word' id='word_1_901' title='bbox 2998 5338 3137 5394; x_wconf 78' lang='grc' dir='ltr'>εἶναι</span> <span class='ocrx_word' id='word_1_902' title='bbox 3177 5343 3269 5393; x_wconf 81' lang='grc' dir='ltr'><strong>καὶ</strong></span> <span class='ocrx_word' id='word_1_903' title='bbox 3302 5340 3436 5411; x_wconf 85' lang='grc' dir='ltr'>ὕλην</span> <span class='ocrx_word' id='word_1_904' title='bbox 3461 5359 3473 5370; x_wconf 88' lang='grc'>·</span> <span class='ocrx_word' id='word_1_905' title='bbox 3510 5340 3581 5392; x_wconf 77' lang='grc' dir='ltr'><strong>ἔνι</strong></span> <span class='ocrx_word' id='word_1_906' title='bbox 3620 5336 3707 5402; x_wconf 72' lang='grc' dir='ltr'><strong>γὰρ</strong></span> 
     </span>
    </p>
   </div>
   <div class='ocr_carea' id='block_1_118' title="bbox 2165 5420 3706 5501">
    <p class='ocr_par' dir='ltr' id='par_1_118' title="bbox 2165 5420 3706 5501">
     <span class='ocr_line' id='line_1_118' title="bbox 2165 5420 3706 5501; baseline -0.011 -12"><span class='ocrx_word' id='word_1_907' title='bbox 2165 5436 2258 5489; x_wconf 75' lang='grc' dir='ltr'><strong>καὶ</strong></span> <span class='ocrx_word' id='word_1_908' title='bbox 2286 5435 2348 5488; x_wconf 82' lang='grc' dir='ltr'>τὸ</span> <span class='ocrx_word' id='word_1_909' title='bbox 2372 5431 2509 5496; x_wconf 82' lang='grc' dir='ltr'>εἶδος</span> <span class='ocrx_word' id='word_1_910' title='bbox 2535 5436 2848 5501; x_wconf 82' lang='grc' dir='ltr'>ἀναγκαῖον.</span> <span class='ocrx_word' id='word_1_911' title='bbox 2924 5430 3082 5483; x_wconf 79' lang='grc' dir='ltr'>Ἀλλά</span> <span class='ocrx_word' id='word_1_912' title='bbox 3136 5425 3196 5484; x_wconf 81' lang='grc' dir='ltr'><strong>οὑ</strong></span> <span class='ocrx_word' id='word_1_913' title='bbox 3236 5430 3401 5482; x_wconf 77' lang='grc' dir='ltr'>ἓνεκα</span> <span class='ocrx_word' id='word_1_914' title='bbox 3424 5447 3439 5494; x_wconf 93' lang='grc'><strong>;</strong></span> <span class='ocrx_word' id='word_1_915' title='bbox 3477 5430 3567 5482; x_wconf 77' lang='grc' dir='ltr'><strong>καὶ</strong></span> <span class='ocrx_word' id='word_1_916' title='bbox 3592 5425 3642 5476; x_wconf 79' lang='grc' dir='ltr'><strong>τὸ</strong></span> <span class='ocrx_word' id='word_1_917' title='bbox 3667 5420 3706 5473; x_wconf 81' lang='grc' dir='ltr'><strong>τί</strong></span> 
     </span>
    </p>
   </div>
   <div class='ocr_carea' id='block_1_119' title="bbox 2162 5516 3704 5602">
    <p class='ocr_par' dir='ltr' id='par_1_119' title="bbox 2162 5516 3704 5602">
     <span class='ocr_line' id='line_1_119' title="bbox 2162 5516 3704 5602; baseline -0.009 -18"><span class='ocrx_word' id='word_1_918' title='bbox 2162 5528 2230 5602; x_wconf 76' lang='grc' dir='ltr'>ἦν</span> <span class='ocrx_word' id='word_1_919' title='bbox 2260 5527 2437 5595; x_wconf 76' lang='grc' dir='ltr'>εἷναις</span> <span class='ocrx_word' id='word_1_920' title='bbox 2468 5532 2500 5601; x_wconf 82' lang='grc' dir='ltr'>ἡ</span> <span class='ocrx_word' id='word_1_921' title='bbox 2534 5529 2591 5582; x_wconf 74' lang='grc' dir='ltr'>δὲ</span> <span class='ocrx_word' id='word_1_922' title='bbox 2630 5527 2727 5599; x_wconf 89' lang='grc' dir='ltr'><strong>ὕλη</strong></span> <span class='ocrx_word' id='word_1_923' title='bbox 2782 5523 3101 5579; x_wconf 82' lang='grc' dir='ltr'>ὑποθετικὸν</span> <span class='ocrx_word' id='word_1_924' title='bbox 3134 5525 3450 5591; x_wconf 81' lang='grc' dir='ltr'>ἀναγκαῖον,</span> <span class='ocrx_word' id='word_1_925' title='bbox 3475 5523 3545 5584; x_wconf 81' lang='grc' dir='ltr'><strong>ὡς</strong></span> <span class='ocrx_word' id='word_1_926' title='bbox 3576 5516 3704 5588; x_wconf 74' lang='grc' dir='ltr'>πρίο-</span> 
     </span>
    </p>
   </div>
   <div class='ocr_carea' id='block_1_120' title="bbox 2163 5609 3703 5687">
    <p class='ocr_par' dir='ltr' id='par_1_120' title="bbox 2163 5609 3703 5687">
     <span class='ocr_line' id='line_1_120' title="bbox 2163 5609 3703 5687; baseline -0.006 -10"><span class='ocrx_word' id='word_1_927' title='bbox 2163 5642 2251 5687; x_wconf 88' lang='grc' dir='ltr'><strong>νος</strong></span> <span class='ocrx_word' id='word_1_928' title='bbox 2286 5621 2639 5685; x_wconf 82' lang='grc' dir='ltr'>ὑποτεθέντος</span> <span class='ocrx_word' id='word_1_929' title='bbox 2663 5615 2821 5681; x_wconf 79' lang='grc' dir='ltr'>εἶναι,</span> <span class='ocrx_word' id='word_1_930' title='bbox 2854 5619 3065 5687; x_wconf 86' lang='grc' dir='ltr'>ἀνάγκη</span> <span class='ocrx_word' id='word_1_931' title='bbox 3100 5611 3237 5668; x_wconf 77' lang='grc' dir='ltr'>εἶναι</span> <span class='ocrx_word' id='word_1_932' title='bbox 3285 5615 3522 5685; x_wconf 79' lang='grc' dir='ltr'>σίδηρον,</span> <span class='ocrx_word' id='word_1_933' title='bbox 3559 5609 3703 5667; x_wconf 77' lang='grc' dir='ltr'>ἄλλως</span> 
     </span>
    </p>
   </div>
   <div class='ocr_carea' id='block_1_121' title="bbox 2164 5704 3700 5785">
    <p class='ocr_par' dir='ltr' id='par_1_121' title="bbox 2164 5704 3700 5785">
     <span class='ocr_line' id='line_1_121' title="bbox 2164 5704 3700 5785; baseline -0.007 -16"><span class='ocrx_word' id='word_1_934' title='bbox 2164 5717 2272 5785; x_wconf 79' lang='grc' dir='ltr'><strong>γὰρ</strong></span> <span class='ocrx_word' id='word_1_935' title='bbox 2318 5716 2377 5768; x_wconf 87' lang='grc' dir='ltr'><strong>οὑ</strong></span> <span class='ocrx_word' id='word_1_936' title='bbox 2437 5714 2657 5767; x_wconf 81' lang='grc' dir='ltr'>δύναται</span> <span class='ocrx_word' id='word_1_937' title='bbox 2700 5710 3057 5781; x_wconf 80' lang='grc' dir='ltr'>συσταθῆναι·</span> <span class='ocrx_word' id='word_1_938' title='bbox 3116 5708 3176 5760; x_wconf 90' lang='grc' dir='ltr'><strong>οὑ</strong></span> <span class='ocrx_word' id='word_1_939' title='bbox 3228 5706 3332 5777; x_wconf 82' lang='grc' dir='ltr'>μὴν</span> <span class='ocrx_word' id='word_1_940' title='bbox 3384 5707 3445 5771; x_wconf 79' lang='grc' dir='ltr'>ἐξ</span> <span class='ocrx_word' id='word_1_941' title='bbox 3494 5704 3700 5770; x_wconf 72' lang='grc' dir='ltr'>ἀνάγκης</span> 
     </span>
    </p>
   </div>
  </div>
