3866 6234
146 276 273 337 805

737 284 827 340 DE
858 284 1115 343 DlVlNlS
1146 285 1549 353 NOMINIBUS,
1585 284 1739 342 CAP.
1777 285 1870 343 IV.
1905 318 1975 329 —
2007 284 2356 342 PARAPHR.
2393 282 2871 342 PACHYMERA‘I.

3333 283 3441 345 δυο

144 396 281 451 εστι
322 398 558 470 σίδηρος,
598 400 703 455 κᾶν
759 401 929 475 μέλλῃ
957 403 1212 471 γενέσθαι
1270 406 1469 476 πρίων,
1502 401 1608 457 κᾶν
1659 404 1732 474 μή

1864 400 2377 469 riam;licetetiam
2424 408 2539 455 tum
2591 399 2766 456 forma
2820 402 3131 456 necessaria
3182 402 3272 457 sit.
3334 404 3442 460 Sed

160 490 336 546 Ἐπεὶ
363 493 419 547 δὲ
446 497 474 547 ὁ
499 494 827 565 δημιουργὸς
847 495 1087 565 παράγει
1118 498 1183 550 ὲκ
1236 495 1411 551 κακοῦ
1459 497 1559 567 τῆς
1584 495 1717 567 ὕλης
1736 535 1751 560 ,

144 582 254 636 καλ¹
287 584 388 639 οὑκ
411 586 472 651 ἐξ
501 584 730 655 ἀγαθοῦ,
773 580 807 656 ἢ
836 587 959 639 ἐπεὶ
982 589 1016 658 ἡ
1040 587 1141 658 ὕλη
1174 587 1267 643 τοῦ
1306 589 1481 653 εἴδους
1520 588 1752 658 ἐφίεται,

144 675 284 728 κατ’
318 676 536 741 αὐτοὺς,
573 676 691 741 πῶς
725 676 895 730 κακὸν
964 676 1027 731 τὺ
1078 677 1174 731 τοῦ
1234 678 1400 733 καλοῦ
1433 680 1753 750 ὲφιέμενον;

145 764 358 833 φεύγει
388 766 499 838 7&9
532 768 627 821 καὶ
676 768 911 839 μάχεται
958 768 1020 823 τὸ
1072 771 1244 825 κακὸν
1280 770 1360 842 τῷ
1393 770 1603 842 ἀγαθῷ,
1630 770 1755 835 Πῶς

142 853 205 907 δὲ
238 856 308 910 τὸ
341 858 509 913 κακὸν
534 863 851 932 γεννητικὸν
877 864 973 917 καὶ
999 862 1278 934 ποιητικόν
1317 866 1488 929 ἐστιν,
1519 865 1644 919 ἐπεὶ
1666 865 1755 921 λέ-

145 964 375 1015 γουσιν,
403 950 485 1002 ὅτι
514 952 547 1023 ή
580 950 677 1023 ὕλη
721 952 914 1023 τρέφει
960 952 1060 1024 τὴν
1124 952 1306 1023 φύσιν,
1357 956 1548 1031 ῶσπερ
1605 960 1754 1032 καὶὴ

143 1041 232 1103 είς
267 1040 471 1095 καῦσιν
505 1043 787 1115 ἐπιτηδεία
824 1044 925 1116 ὕλη
962 1044 1024 1098 τὸ
1055 1044 1208 1117 πῦρ;
1248 1049 1312 1101 El
1340 1048 1397 1102 δὲ
1422 1049 1649 1115 εἴποιεν,
1673 1052 1755 1107 ὅτι

145 1132 302 1203 αὑτὴ
335 1132 433 1203 μὲν
461 1133 616 1207 ἡῦλη
675 1136 844 1190 κακὸν
875 1138 935 1191 οὑ
970 1139 1135 1202 ποιεῖ,
1167 1138 1347 1212 ἀγαθὴ
1380 1141 1437 1196 δὲ
1477 1138 1631 1207 οῦσα,
1673 1144 1758 1198 δὺ-

145 1241 329 1295 ναμιν
350 1226 747 1299 ὲφελκυστικὴν
776 1230 856 1292 είς
892 1229 952 1283 τὸ
979 1230 1171 1296 κακὸν,
1205 1232 1324 1297 πῶς
1350 1231 1507 1286 τοῦτο
1536 1234 1752 1307 ἀληθὲς,

154 1317 284 1369 επεὶ
345 1318 539 1371 πολλαὶ
588 1320 757 1391 ψυχαὶ
814 1320 1025 1394 σώματι
1066 1325 1160 1378 καὶ
1218 1323 1323 1398 ὕλῃ
1376 1326 1755 1398 συνδεδεμέναι

152 1408 300 1480 πρὸς
326 1410 385 1463 τὸ
429 1411 629 1480 ἀγαθὸν
682 1412 1009 1483 βλέπουσιν;
1050 1417 1165 1470 Οὑκ
1202 1413 1320 1471 ἔδει
1369 1418 1446 1482 δὲ,
1499 1418 1659 1491 εἴπερ
1697 1418 1757 1485 ἐξ

151 1501 411 1573 ἀνάγκης
443 1499 510 1575 ἧν
542 1504 603 1557 τὸ
631 1506 783 1577 παρὰ
823 1508 922 1579 τῆς
953 1507 1086 1580 ὕλης
1129 1508 1479 1580 ἐφέλκεσθαι,
1526 1510 1667 1564 ὥστε
1695 1511 1757 1565 τὸ

151 1596 266 1650 πᾶν
304 1597 372 1649 ὲκ
403 1598 783 1669 προαιρέσεώς
810 1604 980 1656 ἐστιν.
1015 1604 1077 1656 Ei
1113 1603 1171 1656 δὲ
1218 1602 1367 1672 λέγει
1404 1621 1512 1667 τις,
1542 1603 1755 1658 ὅτιτῶν

150 1692 349 1763 ψυχῶν
376 1693 589 1758 ὲκείνας
610 1696 839 1764 κατάγει
871 1698 904 1768 ὴ
936 1696 1058 1768 ὕλη,
1080 1698 1202 1751 ὅσαι
1230 1696 1463 1751 εὕεικτοί
1485 1699 1591 1750 εὶσι
1618 1697 1755 1769 πρὸς

1856 510 1964 561 qua
2003 495 2069 549 de
2100 510 2293 559 causa,
2330 494 2532 563 quidve
2559 494 2664 548 ltoc
2696 493 2798 549 sibi
2831 493 2987 548 vult?
3026 496 3253 550 materia
3288 498 3441 551 vide-

1856 586 1983 641 licet
2002 601 2069 641 ex
2092 587 2465 656 suppositione
2487 587 2800 642 necessaria
2829 594 2913 641 est
2934 628 2950 652 ,
2970 587 3131 653 sicut,
3161 590 3443 658 supposito

1855 679 1998 749 quod
2021 680 2096 735 sit
2122 696 2298 745 serra,
2326 694 2555 735 necesse
2573 691 2654 735 est
2683 694 2809 735 esse
2842 679 3071 746 ferrum,
3103 681 3269 737 aliter
3291 684 3438 739 enim

1856 778 2113 826 constare
2182 770 2420 839 nequit:
2464 785 2571 824 non
2627 779 2810 824 autem
2861 771 3176 826 necessario
3232 769 3440 827 ferrum

1858 864 2106 927 exsistit,
2132 864 2249 919 sive
2266 879 2416 918 serra
2444 863 2625 918 futura
2651 865 2745 925 sit,
2775 864 2892 919 sive
2925 879 3055 921 non.
3086 862 3224 920 Cum
3253 876 3438 920 autem

1856 956 2092 1012 Creator
2141 971 2206 1011 ex
2256 956 2400 1011 malo
2444 957 2729 1012 materiam
2780 959 3070 1027 producat,
3121 968 3177 1013 et
3235 973 3342 1014 non
3371 975 3441 1015 ex

1859 1050 2037 1113 bono;
2065 1050 2152 1105 vel
2190 1067 2337 1115 cum,
2391 1051 2546 1121 juxta
2586 1052 2728 1118 illos,
2783 1053 3015 1106 materia
3071 1051 3303 1107 formam
3335 1069 3439 1107 ex-

1857 1150 2028 1210 petat,
2064 1142 2338 1210 quomodo
2370 1142 2573 1197 malum
2627 1154 2712 1199 est
2757 1146 2901 1213 quod
2956 1145 3158 1200 bonum
3187 1146 3441 1217 appetit?

1858 1233 2058 1302 refugit
2087 1234 2231 1288 enim
2261 1244 2316 1288 et
2349 1244 2617 1305 repugnat
2669 1237 2873 1290 malum
2941 1237 3107 1292 bono.
3153 1237 3440 1304 Quomodo

1857 1338 1991 1378 vero
2016 1324 2181 1377 etiam
2229 1324 2431 1378 malum
2490 1327 2790 1395 generandi
2821 1336 2876 1381 et
2906 1326 3175 1383 ellicieudi
3203 1329 3308 1383 vim
3342 1328 3441 1382 ba-

1856 1415 1968 1482 bet,
2013 1417 2459 1488 quandoquidem
2517 1419 2726 1485 dicant,
2777 1420 3068 1474 materiam
3102 1421 3314 1476 nutrire
3340 1437 3442 1475 na-

1859 1517 2065 1573 turam,
2122 1524 2231 1564 non
2285 1524 2443 1563 secus
2490 1524 2555 1564 ac
2613 1509 2844 1563 materia
2895 1510 3257 1564 combustioni
3308 1520 3438 1580 apta

1858 1601 2091 1672 ignem?
2122 1601 2183 1657 Si
2223 1612 2407 1657 autem
2447 1603 2654 1668 dicant,
2687 1603 2975 1658 materiam
3017 1604 3233 1672 quidem
3264 1603 3437 1674 ipsam

1858 1695 2059 1749 malum
2092 1711 2199 1750 non
2236 1696 2441 1763 facere,
2497 1695 2611 1760 sed,
2659 1711 2781 1749 cum
2812 1696 2881 1750 sit
2913 1695 3077 1761 bona,
3104 1696 3305 1751 habere
3326 1696 3437 1750 vim

149 1785 365 1857 αὑτὴν,
426 1786 549 1839 ὅσαι
596 1786 652 1840 δὲ
693 1786 776 1851 οὒ,
816 1788 877 1841 οὑ
926 1788 1169 1853 δύναται,
1226 1789 1350 1842 ἐπεὶ
1395 1789 1622 1843 κάκεῖνα
1642 1789 1738 1844 τῶι

1860 1788 2209 1841 attractivam
2243 1787 2311 1841 ad
2366 1788 2588 1853 malum,
2624 1789 2897 1857 quomodo
2931 1788 3035 1843 hoc
3067 1803 3280 1852 verum,
3313 1804 3437 1843 cum

149 1876 575 1946 πλησιαζόντων
611 1879 755 1932 καίει
782 1880 843 1933 τὸ
869 1880 1004 1953 πῦρ,
1063 1882 1165 1935 ὅσα
1192 1880 1509 1935 ὑπείκουσιν
1539 1880 1750 1949 ὑπείξει

148 1970 364 2038 φυσικῇ
394 1967 530 2039 πρὸς
560 1968 621 2021 τὸ
678 1970 809 2040 πῦρ,
842 1970 941 2042 τὴν
971 1971 1029 2024 δὲ
1056 1971 1437 2044 σαλαμάνδραν
1481 1972 1589 2025 οὐδ’
1613 1971 1749 2036 ὅλως

147 2059 329 2125 καίει,
374 2060 513 2119 ὥστε
537 2063 807 2131 ἀναγκαία
844 2065 876 2135 ἡ
912 2065 1009 2137 ὕλη
1051 2066 1198 2119 ἐστὶν
1246 2068 1326 2130 εἰς
1349 2067 1408 2119 τὸ
1436 2066 1613 2120 ἕλκειν
1668 2067 1748 2130 είς

141 2153 358 2207 κακίαν
382 2152 491 2207 τῶν
523 2156 598 2227 μὴ
620 2158 706 2224 ἐφ’
732 2156 939 2209 ἑαυτῶν
989 2156 1309 2228 ἱδρυμένων,
1351 2156 1522 2228 πῶςῆ
1558 2156 1620 2209 τὸ
1649 2174 1749 2209 κα-

148 2244 247 2296 κὸν
279 2245 600 2313 ἀναγκαῖον,
655 2247 687 2317 ἢ
749 2248 810 2299 τὸ
851 2248 1148 2316 ἀναγκαῖον
1198 2248 1400 2313 κακόν;
1445 2249 1518 2301 Τὸ
1548 2248 1658 2321 γὰρ
1687 2247 1747 2315 ἐξ

144 2336 428 2409 ἀνάγκης,
456 2339 531 2403 ὡς
550 2340 691 2392 κατά
727 2340 888 2409 φύσιν
910 2341 992 2403 ὃν,
1017 2340 1076 2393 οὑ
1107 2340 1295 2394 κακόν.
1336 2340 1545 2405 Ἀλλως
1566 2358 1625 2393 τε
1652 2341 1748 2393 καὶ⁹

144 2428 309 2480 οὐδὲν
336 2424 497 2500 ἦττον
528 2430 777 2483 ἐντεῦθεν
803 2430 1001 2501 μᾶλλον
1050 2430 1363 2484 συνίσταται
1407 2433 1440 2502 ἡ
1497 2432 1750 2502 προαίρε-

146 2533 269 2582 σις’
314 2523 446 2592 παρ’
476 2524 609 2593 ἡμῖν
639 2522 749 2593 γάρ
801 2524 917 2575 ἐστι
972 2523 1067 2575 καὶ
1115 2522 1175 2575 τὸ
1222 2522 1470 2594 ἱδρῦσθαι
1519 2524 1750 2593 ἐφ’ὲαυ-

144 2612 283 2676 τῶν,
310 2613 492 2667 καὶτὸ
519 2614 615 2685 μὴ,
649 2613 785 2667 ἀλλά
816 2614 953 2685 πρὸς
997 2613 1066 2667 τά
1116 2613 1262 2684 πάθη
1294 2614 1617 2685 χαυνοῦσθαι
1654 2615 1749 2669 καὶ

147 2703 489 2757 ὑποκλίνειν.

1856 1877 2042 1933 multa;
2068 1879 2265 1933 animae
2299 1881 2510 1948 corpori
2545 1880 2893 1949 materiaeque
2937 1880 3203 1951 colligatur
3233 1879 3435 1934 bonum

1851 1968 2011 2040 5.21
2041 1971 2324 2039 spectent?
2355 1969 2468 2024 Hoc
2499 1980 2681 2025 autem
2738 1986 2846 2024 non
2880 1982 3134 2039 possent,
3165 1971 3435 2039 siquidem

1851 2076 1920 2114 ex
1956 2062 2286 2115 necessizate
2318 2076 2345 2113 τι
2376 2062 2604 2115 materia
2640 2063 3066 2127 attralierentur,
3096 2063 3351 2131 quoniam
3386 2063 3437 2117 id

1850 2167 2014 2206 omne
2037 2168 2100 2207 ex
2138 2152 2304 2206 animi
2360 2153 2728 2207 destinatione
2758 2154 2999 2207 exsistit.
3038 2154 3189 2220 Quod
3238 2154 3281 2207 si
3312 2155 3438 2223 quis

1852 2244 2023 2308 dicat,
2055 2245 2347 2298 materiam
2382 2244 2502 2298 illas
2539 2246 2752 2299 animas
2804 2244 3059 2315 pellicere
3091 2260 3210 2313 qua:
3242 2246 3314 2299 illi
3353 2245 3435 2297 fa-

1853 2334 1960 2389 cile
1992 2338 2218 2398 cedunt,
2252 2333 2390 2389 alias
2418 2343 2601 2387 autem
2634 2349 2741 2388 non
2784 2348 2943 2403 posse
2977 2335 3265 2404 pellicere;
3295 2337 3437 2389 sicut

1853 2428 2021 2483 etiam
2055 2427 2201 2497 ignis
2235 2426 2327 2480 illa
2382 2440 2615 2495 corpora
2675 2426 2855 2479 vicina
2887 2427 3017 2492 urit,
3049 2441 3169 2496 qua:
3202 2427 3436 2480 naturali

1854 2519 2198 2574 ﬂexibilitate
2235 2519 2343 2589 igni
2377 2520 2605 2584 cedunt,
2637 2518 3044 2574 salamandram
3075 2534 3205 2573 vero
3233 2535 3437 2588 nequa-

1857 2627 2021 2682 quam
2056 2612 2348 2676 comburit,
2378 2620 2539 2680 atque
2568 2611 2640 2665 ita
2676 2612 2903 2667 materia
2938 2614 3248 2667 necessaria
3275 2614 3346 2666 sit
3368 2613 3436 2667 ad

1854 2705 2277 2775 pertrahendum
2312 2702 2377 2756 ad
2420 2702 2620 2756 malum
2670 2702 2759 2758 illa
2809 2720 2931 2774 quae
2975 2705 3029 2759 in
3065 2721 3125 2761 se
3172 2719 3279 2759 non
3307 2711 3437 2757 situt

148 2795 403 2861 ﬁrmata;
448 2796 722 2867 quomodo
774 2798 975 2853 malum
1028 2807 1109 2853 est
1156 2800 1553 2866 necessarium,
1617 2798 1702 2854 vel
1750 2798 1804 2854 id
1858 2796 2005 2867 quod
2056 2796 2425 2851 necessarium
2484 2804 2589 2860 est,
2655 2803 2739 2851 est
2779 2798 3024 2851 malum?
3083 2798 3235 2865 Quod
3288 2797 3436 2853 enim

149 2885 316 2953 quasi
356 2902 421 2941 ex
475 2898 664 2942 natura
700 2890 1069 2945 necessarium
1113 2900 1221 2957 est,
1248 2908 1355 2946 non
1399 2900 1485 2946 est
1518 2891 1744 2946 malum.
1798 2890 1952 2945 Alias
1997 2890 2163 2944 etiam
2198 2903 2304 2942 non
2344 2888 2525 2942 minus
2578 2888 2707 2944 hinc
2761 2890 2935 2960 magis
2958 2890 3317 2945 conﬁrmatur
3364 2890 3433 2944 li—

146 2980 735 3052 bertas;quoniamin
773 2995 959 3040 nostra
1019 2996 1291 3056 potestate
1330 2987 1496 3042 situm
1552 2997 1659 3053 est,
1685 2990 1740 3043 in
1780 2987 1941 3043 nobis
1971 2985 2102 3056 ipsis
2156 2983 2414 3051 stabiliri,
2464 2985 2549 3040 vel
2602 3001 2732 3061 non,
2790 2986 2885 3040 sed
2945 2986 3296 3055 passionibus
3346 3001 3436 3041 re-

146 3073 292 3127 solvi
324 3088 389 3127 ac
419 3073 724 3143 subjugari.

222 3165 252 3236 ᾗ
310 3165 497 3221 XXIX.
546 3166 823 3222 Ἐπεὶδὲό
862 3170 1240 3244 Ἀριστοτέλης
1269 3173 1411 3245 μετὰ
1467 3173 1569 3243 τῆς
1614 3173 1738 3245 ὕλης

1923 3170 1950 3244 §
1984 3170 2178 3227 XXIX.
2211 3170 2347 3225 Cum
2374 3177 2556 3223 autem
2610 3164 2933 3220 Aristoteles
2965 3180 3068 3218 una
3101 3180 3224 3219 cum
3261 3174 3439 3221 matc-

146 3258 246 3310 καὶ
274 3256 371 3309 τοῦ
401 3257 576 3321 εἴδους
598 3260 775 3330 ἀρχὴν
796 3260 981 3331 τίθησι
1014 3263 1109 3315 καὶ
1150 3264 1249 3334 τὴν
1302 3264 1579 3336 στέρησιν,
1610 3265 1644 3335 ἣ
1674 3264 1740 3336 δὴ

145 3348 370 3402 ἐναντία
404 3351 526 3403 ἐστὶ
554 3350 632 3421 τῷ
659 3352 811 3417 εῖδει,
845 3355 941 3406 καὶ
961 3356 1026 3426 τῇ
1067 3354 1168 3429 ὕλῃ
1192 3355 1391 3419 ἔνεστι,
1435 3358 1600 3428 φησὶν
1656 3358 1739 3411 ὅτι

146 3439 243 3491 καὶ
270 3439 409 3511 αὑτὴ
448 3440 568 3511 δὴή
601 3441 861 3512 στέρησις
891 3444 951 3496 οὑ
990 3445 1222 3515 μάχεται
1263 3444 1342 3516 τῷ
1387 3446 1576 3517 ἁγαθῷ
1599 3447 1739 3502 κατά

144 3531 245 3601 τὴν
290 3532 504 3584 οἰκείαν
565 3532 831 3604 δύναμιν
894 3538 927 3606 ἡ
988 3536 1240 3607 στέρησις
1279 3538 1389 3609 7&9
1448 3539 1548 3591 οὑκ
1595 3539 1740 3593 ἐστιν

146 3624 478 3687 ὑπόστασις·
542 3626 604 3679 τὸ
653 3626 709 3678 δὲ
748 3628 822 3699 μὴ
871 3629 1237 3700 ὑφιστάμενον
1281 3632 1442 3685 ποίαν
1475 3631 1586 3696 ἕξει
1639 3633 1740 3705 τὴν

142 3714 399 3787 δύναμιν.
420 3717 484 3770 Ei
511 3717 568 3770 δέ
595 3719 711 3770 ἐστι
747 3721 968 3791 μερικὴ,
990 3722 1066 3784 ὡς
1088 3722 1205 3774 τόδε
1238 3724 1335 3794 μὲν
1356 3719 1495 3777 εἷναί
1517 3742 1590 3787 τι,
1619 3725 1739 3778 τόδε

142 3809 200 3862 δὲ
236 3809 316 3881 μὴ
342 3805 558 3880 εἴναι,ή
598 3811 823 3883 τοιαύτη
858 3813 1114 3885 στέρησις
1139 3815 1199 3867 οὑ
1234 3815 1512 3880 παντελῶς
1536 3816 1702 3870 κακόν
1723 3834 1736 3848 '

144 3902 461 3972 στερήσεως
480 3900 590 3971 7&9
630 3903 862 3974 μερικῆς
900 3903 1068 3976 οὕσης
1114 3906 1208 3959 τοῦ
1242 3906 1470 3975 ἀγαθοῦ,
1496 3908 1595 3978 οὐχ
1622 3908 1741 3961 ὁλο-

140 3991 317 4056 τελῶς
342 3993 407 4044 τὸ
441 3995 674 4064 πρᾶγμα
698 3994 863 4048 κακόν
883 4012 896 4025 ⁸
933 3998 1028 4049 καὶ
1051 3998 1370 4069 γενομένης,
1424 4000 1517 4052 ἐπὶ
1548 4000 1738 4053 τοσοῦ-

140 4098 236 4135 τον
280 4082 512 4154 λέγομεν
545 4084 791 4152 γίνεσθαι
840 4086 1078 4158 ταύτην,
1146 4088 1378 4142 καθόσον
1433 4091 1495 4143 τὸ
1536 4090 1739 4158 ἀγαθὸν

141 4173 458 4245 ἐπέρχεται.
489 4173 561 4227 Τὸ
607 4175 737 4243 γοῦν
784 4176 977 4245 οὔσης
998 4176 1242 4231 τέθεικεν
1284 4180 1376 4231 ἐπὶ
1425 4179 1533 4233 τῶν
1572 4179 1739 4233 πάλαι

142 4265 280 4318 ποτὲ
318 4265 709 4337 στερηθέντων,
733 4268 793 4321 τὸ
822 4268 878 4320 δὲ
909 4270 1235 4338 γενομένης
1261 4270 1354 4323 ent
1382 4271 1490 4323 τῶν
1517 4271 1615 4342 ἤδη
1645 4272 1739 4325 καὶ

144 4358 439 4430 προσεχῶς
493 4358 782 4413 παθόντων
823 4361 923 4432 τὴν
969 4361 1241 4433 στέρησιν,
1293 4362 1469 4433 δηλῶν
1533 4364 1627 4417 καὶ
1678 4363 1739 4429 ἐξ

143 4448 496 4520 ἀμφοτέρων,
527 4449 609 4502 ὅτι
636 4451 757 4503 τότε
802 4451 835 4522 ὴ
860 4450 1141 4524 ,στέρησις
1190 4454 1618 4527 παρυφίσταται,
1645 4455 1737 4508 ὅτε

140 4541 204 4596 τὸ
232 4542 441 4612 ἀγαθὸν
462 4543 781 4615 ἀπέρχεται.

209 4636 240 4709 ς
274 4636 446 4691 XXX.
482 4638 604 4690 Ἔτι
666 4637 1036 4708 συλλογίζεται
1101 4639 1241 4694 κατά
1286 4639 1621 4710 Μανιχαίων,
1663 4638 1734 4692 δι’

138 4719 216 4782 ὧν
238 4724 646 4792 ἀποδείκνυσιν,
683 4729 764 4781 ὅτι
795 4731 895 4783 οὑκ
927 4731 1073 4784 ἐστιν
1129 4730 1191 4784 δν
1218 4732 1279 4784 τὸ
1310 4731 1478 4785 κακόν
1498 4748 1511 4757 ·
1545 4733 1593 4784 εί
1623 4731 1733 4805 γάρ

142 4822 235 4873 καὶ
265 4820 437 4890 μήπω
455 4836 540 4882 τις
554 4820 785 4892 αἵρεσις,
804 4821 939 4875 ἀλλά
962 4821 1415 4894 προφυλακτικῶς
1436 4820 1731 4892 ὲνεπνεὺσθη

141 4913 208 4967 τά
235 4913 342 4984 τὴν
365 4912 573 4985 πλάνην
602 4914 779 4967 αὐτῶν
800 4916 1192 4987 ἀνατρέποντα.
1224 4916 1454 4981 Ἴσωςδὲ
1481 4916 1575 4969 καὶ
1596 4915 1732 4988 πρός

141 5022 296 5071 τινας
324 5006 435 5059 τῶν
460 5005 658 5073 ἔξωθεν
687 5007 844 5073 δόξας
867 5010 916 5061 οί
939 5008 1168 5063 τοιοῦτοι
1194 5007 1560 5080 συλλογισμοί.
1600 5009 1730 5061 Λοι-

144 5099 243 5153 πόν
270 5116 458 5169 φησιν,
486 5100 569 5153 ὃτι
610 5101 673 5153 τὸ
700 5102 905 5170 ἀγαθὸν
935 5104 1001 5155 ὲκ
1032 5104 1163 5173 μιᾶς
1193 5103 1295 5174 τῆς
1336 5101 1446 5155 τῶν
1473 5098 1610 5154 ὅλων
1647 5100 1732 5153 αι-

141 5193 262 5257 τίας
295 5192 519 5265 (ταύτην
546 5193 657 5266 γὰρ
689 5194 839 5263 λέγει
867 5195 996 5267 ὃλην
1034 5195 1271 5266 αἰτίαν),
1302 5194 1366 5248 τὸ
1393 5194 1450 5247 δὲ
1481 5192 1652 5247 κακὸν
1664 5192 1726 5246 οὐ

142 5286 285 5339 κατά
314 5285 496 5355 φύσιν,
522 5286 637 5340 ἀλλ’
667 5290 731 5342 ὲκ
762 5287 975 5341 πολλῶν
1019 5287 1114 5341 καὶ
1155 5286 1397 5359 μερικῶν
1437 5285 1728 5355 ἐλλείψεων

145 5377 236 5430 τοῦ
267 5376 496 5446 ἀγαθοῦ.
546 5380 807 5449 Μερικῶν
850 5380 906 5433 δὲ
960 5380 1203 5451 εἴρηκεν,
1250 5380 1338 5433 ἵνα
1386 5377 1448 5432 τὸ
1499 5376 1726 5431 καθόλου

145 5469 342 5543 ἀνέλῃ·
381 5473 415 5543 ἡ
461 5471 571 5544 γάρ
599 5473 867 5545 παντελὴς
904 5472 1142 5542 ἔλλειψις
1162 5472 1224 5524 τὸ
1261 5470 1335 5542 μὴ
1373 5466 1513 5523 εἶναι
1540 5466 1729 5530 ἁπλῶς

148 5564 476 5635 συνίστησιν.
529 5565 644 5619 Οὐκ
682 5565 825 5619 ἔστιν
855 5565 965 5636 ἀρα
992 5564 1296 5636 ὡρισμένον
1332 5580 1388 5615 τι
1422 5562 1484 5614 τὸ
1516 5559 1685 5613 κακὸν
1710 5597 1725 5621 ,

144 5652 257 5707 ἀλλ’
287 5656 559 5725 ἀόριστον,
596 5657 671 5720 ὡς
700 5660 764 5710 ἐκ
826 5656 1035 5710 πολλῶν
1085 5657 1388 5726 γινόμενον.
1428 5653 1553 5715 Πῶς
1586 5651 1643 5704 δὲ
1666 5649 1729 5703 τὸ

145 5748 313 5803 κακὸν
336 5750 401 5802 ἐκ
424 5749 633 5805 πολλῶν
674 5750 999 5821 ὲλλείψεων;
1044 5751 1076 5822 ἢ
1108 5750 1371 5821 δηλονότι,
1412 5750 1469 5801 ἐν
1497 5748 1606 5817 ὅσῳ
1636 5746 1724 5799 ἐλ-

1763 4553 1810 4611 D

1846 3265 1924 3320 ria
1954 3274 2011 3321 et
2042 3265 2218 3320 forma
2246 3262 2576 3332 principium
2610 3268 2779 3330 ponat
2802 3267 2858 3312 et
2885 3257 3272 3327 privationem,
3304 3272 3430 3329 qua:

1842 3359 2035 3428 utique
2069 3356 2348 3412 contraria
2375 3364 2458 3409 est
2486 3353 2693 3416 formae,
2716 3360 2770 3406 et
2825 3351 2970 3405 inest
3023 3350 3286 3415 materiae,
3331 3352 3431 3416 ait,

1842 3466 1913 3506 ne
1946 3453 2122 3518 ipsam
2174 3447 2396 3518 quidem
2438 3445 2803 3515 privationem
2856 3444 2997 3499 bono
3036 3458 3340 3514 repugnare
3376 3444 3429 3498 vi

1842 3555 1977 3606 sua;
2006 3555 2134 3593 nam
2166 3538 2402 3608 privatio
2431 3553 2536 3591 non
2570 3536 2854 3597 subsistit:
2909 3535 3052 3604 quod
3083 3545 3264 3589 autem
3320 3550 3428 3589 non

1840 3632 2115 3696 subsistit,
2155 3631 2381 3702 qualem
2410 3630 2521 3683 vim
2579 3629 2845 3684 habebit?
2877 3628 3030 3695 Quod
3080 3628 3123 3683 si
3182 3630 3431 3699 partialis

1840 3728 1931 3793 sit,
1974 3736 2031 3779 ut
2077 3726 2179 3779 hoc
2210 3724 2428 3794 quidem
2494 3722 2586 3787 sit,
2618 3721 2764 3775 aliud
2798 3737 2933 3776 vero
2962 3737 3068 3774 non
3105 3721 3197 3784 sit,
3237 3721 3427 3775 istius-

1843 3816 1986 3871 modi
2023 3815 2256 3883 privatio
2296 3830 2406 3868 non
2430 3814 2655 3868 omnino
2680 3810 2819 3865 mala
2844 3829 2858 3865 :
2886 3812 3101 3881 partiali
3126 3811 3269 3865 enim
3297 3811 3429 3867 boni

1840 3907 2151 3975 privatione
2202 3907 2527 3971 exsistente,
2584 3919 2675 3959 res
2712 3904 2950 3958 nondum
2994 3904 3235 3973 perfecte
3287 3905 3426 3960 mala

1840 4009 1963 4063 est;
1997 4008 2052 4053 et
2085 4002 2213 4054 dum
2244 3999 2326 4063 ﬁt,
2359 4007 2587 4053 eatenus
2628 3998 2864 4052 dicimus
2913 4012 3035 4051 eam
3070 3997 3211 4061 ﬁeri,
3238 4007 3430 4067 quate-

1840 4108 1947 4148 nus
1974 4092 2171 4147 bonum
2222 4090 2601 4159 subsequitur.
2666 4088 2813 4142 Dixit
2859 4086 3025 4159 οὕσης
3079 4090 3147 4141 de
3207 4088 3274 4142 iis
3307 4101 3428 4155 quae

1839 4183 1972 4239 olim
2033 4182 2328 4251 aliquando
2394 4180 2609 4249 privata
2662 4178 2904 4242 fuerunt,
2963 4176 3260 4248 γενομένης
3297 4192 3426 4230 vero

1841 4277 1911 4331 de
1936 4275 2004 4330 iis
2040 4290 2163 4344 qua:
2195 4275 2353 4328 modo
2383 4282 2439 4326 et
2494 4272 2547 4326 in
2586 4271 3008 4341 praesentiarum
3062 4269 3423 4338 privationem

1840 4366 2145 4435 patiuntur,
2178 4380 2246 4419 ex
2273 4375 2509 4433 utroque
2535 4361 2844 4427 declarans,
2882 4368 2992 4413 tum
3034 4357 3189 4428 quasi
3241 4359 3423 4413 subsi-

1842 4467 1990 4514 stere
2018 4457 2402 4527 privationem,
2433 4454 2657 4524 quando
2688 4452 2891 4506 bonum
2925 4450 3153 4507 recedit.

1908 4637 2137 4712 §XXX.
2197 4635 2624 4708 Argumentatur
2682 4633 2772 4688 hic
2826 4643 3017 4687 contra
3070 4630 3420 4697 Manicliaeos,

1839 4734 1969 4790 dum
2020 4732 2258 4787 ostendit
2319 4728 2522 4783 malum
2577 4740 2684 4780 non
2741 4739 2866 4780 esse
2921 4740 3056 4792 ens;
3106 4725 3208 4779 etsi
3274 4725 3419 4780 enim

1838 4824 2080 4882 nondum
2100 4822 2191 4878 ifla
2215 4820 2435 4876 ltazresis
2450 4819 2763 4885 exsisteret,
2797 4825 2979 4872 tamen
3007 4818 3074 4878 ad
3098 4818 3421 4887 prazcautio-

1838 4931 1966 4974 nem
2006 4915 2362 4983 inspiratione
2394 4911 2609 4982 accepit
2644 4925 2765 4980 quae
2797 4924 3042 4966 errorem
3084 4908 3232 4963 illum
3263 4924 3422 4963 ever-

1838 5017 2040 5064 terent.
2070 5005 2349 5062 Fortassis
2392 5004 2560 5059 etiam
2619 5012 2809 5059 contra
2844 5000 3112 5071 quasdam
3170 5001 3419 5055 ethnicus

1833 5100 2120 5170 opiniones
2150 5098 2332 5153 valent
2357 5096 2669 5153 istiusmodi
2718 5106 3065 5165 argumenta.
3123 5093 3415 5157 Caeterum,

1835 5191 2032 5261 inquit,
2064 5190 2263 5247 bonum
2287 5198 2375 5244 est
2404 5204 2471 5244 ex
2502 5202 2610 5243 una
2642 5187 3021 5242 universorum
3055 5199 3219 5240 causa
3252 5172 3423 5254 (hanc;

1832 5284 1981 5338 enim
2020 5283 2293 5353 integram
2325 5296 2549 5336 causam
2576 5281 2779 5349 vocat),
2831 5278 3036 5332 malum
3083 5284 3267 5329 autem
3302 5289 3412 5327 non

1835 5383 1921 5430 est
1947 5375 2247 5430 secundum
2277 5381 2553 5436 naturam,
2583 5371 2677 5427 sed
2704 5385 2771 5424 ex
2809 5368 2993 5423 multis
3024 5381 3089 5419 ac
3118 5360 3417 5434 particula-4

1839 5467 1991 5522 ribus
2021 5467 2151 5521 boni
2181 5462 2504 5520 defectibus.
2532 5464 2611 5519 Ex
2654 5462 3081 5532 particularibus
3111 5467 3288 5511 autem
3324 5453 3412 5506 di-

1837 5561 1942 5624 xit,
1976 5568 2035 5613 ut
2077 5559 2231 5614 tollat
2290 5556 2690 5620 universalem;
2742 5570 2870 5609 nam
2922 5550 3106 5607 totalis
3166 5545 3412 5601 defectus

1838 5651 2327 5721 tollitsilnpliciter
2352 5665 2571 5706 omnem
2601 5647 2969 5703 existentiam.
3011 5646 3123 5697 Non
3166 5648 3250 5694 est
3310 5639 3413 5691 ita-

1846 5758 1955 5813 que
1984 5743 2266 5801 deﬁnitum
2290 5744 2423 5814 quid
2454 5744 2524 5799 sit
2557 5740 2783 5806 malum,
2815 5737 2911 5796 sed
2952 5733 3317 5797 indeﬁnitum,
3352 5736 3413 5784 ut
