3866 6234
410 268 524 338 307

1591 274 1648 332 S.
1688 273 1992 332 DIONYSll
2024 272 2488 332 AREOPAGITIE

417 392 561 463 quod
591 408 659 448 ex
690 392 879 448 multis
932 390 1171 447 exsistit.
1204 387 1490 457 Quomodo
1524 404 1655 445 vero
1693 390 1896 444 malum
1925 404 1994 443 ex

2105 388 2275 443 λείπει
2306 390 2368 445 τὸ
2388 390 2611 459 ἀγαθὸν,
2630 393 2689 446 ἐν
2717 393 2955 466 τοσούτῳ
2974 395 3036 450 τδ
3055 396 3225 451 κακὸν
3253 398 3701 470 παρυφίπαται,

412 487 604 543 multis
630 484 972 541 defectibus?
999 484 1101 538 nisi
1131 483 1413 547 videlicet,
1446 484 1591 551 quod
1642 483 1695 536 in
1730 493 1999 551 quantum

423 581 611 637 deﬁcit
634 583 855 646 bonum,
885 581 941 634 in
975 588 1185 633 tantum
1224 578 1389 650 422
1417 578 1820 648 quodammodo
1850 578 2000 633 exsi-

416 682 526 728 stat
555 673 791 734 malum;
833 672 1129 727 secundum
1163 673 1439 725 modicum
1470 679 1525 724 et
1550 670 1605 725 in
1635 681 1879 740 tempore
1906 670 2001 726 de-

416 762 614 827 fectus,
646 766 942 819 secundum
970 764 1241 818 modicum
1266 772 1320 818 et
1350 764 1400 818 in
1424 774 1665 832 tempore
1694 764 1823 819 mali
1851 764 2002 819 exsi-

421 858 647 912 stentia.
704 856 947 911 Primum
1002 871 1135 927 ergo
1187 866 1574 927 argumentum
1628 857 1837 911 virtute
1890 858 2002 911 duo

416 947 715 1010 concludit,
747 948 892 1017 quod
926 950 1130 1003 bonum
1170 949 1223 1003 id
1272 948 1416 1017 quod
1462 957 1567 1012 est,
1599 958 1654 1003 et
1712 947 1913 1002 malum
1945 947 2000 1002 id

418 1042 562 1113 quod
601 1055 705 1095 non
735 1051 838 1107 est,
869 1041 1189 1095 terminent.
1241 1040 1667 1096 Concluduntur
1697 1042 1863 1095 etiam
1894 1040 2003 1095 duo

416 1150 482 1188 ex
513 1134 627 1188 sola
682 1134 882 1187 minori
951 1134 1350 1203 propositione,
1398 1135 1600 1188 bonum
1647 1133 1904 1188 videlicet
1932 1146 2002 1187 ex

416 1226 533 1281 solo
565 1229 943 1282 universorum
976 1226 1248 1297 principio
1274 1242 1387 1281 rem
1416 1240 1538 1280 esse
1559 1240 1680 1295 quae
1713 1226 1792 1281 sic
1822 1240 1880 1279 se
1907 1226 2004 1279 ha-

414 1319 539 1383 bet;
605 1320 807 1373 bonum
859 1333 991 1387 ergo
1041 1333 1130 1373 res
1185 1327 1304 1383 est;
1355 1328 1411 1372 et
1455 1334 1673 1383 rursus,
1701 1318 1903 1372 malum
1932 1333 1999 1372 ex

417 1409 606 1463 multis
633 1420 687 1463 et
721 1410 1022 1465 indeﬁnitis
1054 1412 1359 1466 det'ectibus
1384 1426 1489 1465 non
1521 1425 1644 1465 esse
1673 1426 1824 1476 rem;
1857 1411 2002 1482 quod

415 1500 495 1553 sic
523 1516 581 1555 se
606 1501 792 1565 habet,
822 1501 1022 1556 tualum
1060 1516 1191 1571 ergo
1217 1517 1323 1556 non
1352 1512 1436 1557 est
1458 1517 1565 1558 res.
1601 1504 1765 1569 Deus,
1801 1504 1998 1573 inquit,

415 1593 580 1647 etiam
607 1608 669 1647 ea
700 1609 820 1663 qua:
846 1594 983 1647 mala
1015 1594 1273 1649 dicuntur
1308 1597 1456 1648 novit
1481 1596 1623 1649 sicut
1662 1596 1831 1663 bona,
1857 1595 1999 1649 mala

2102 484 2228 536 κατ’
2255 484 2435 554 ὀλίγον
2469 488 2563 540 καὶ
2613 488 2675 541 ἐν
2704 488 2882 560 χρόνῳ
2923 492 2978 543 αἱ
3027 490 3312 561 ἐλλείψεις,
3360 495 3485 546 κατ’
3512 494 3703 564 ὀλίγον

2101 576 2197 628 καὶ
2220 576 2281 629 ἐν
2317 577 2494 649 χρόνῳ
2541 578 2638 632 καὶ
2682 582 2716 651 ἡ
2763 581 2859 635 τοῦ
2897 582 3071 636 κακοῦ
3125 584 3575 654 παρυπόστασις.
3642 587 3704 639 Ὀ

2100 667 2196 726 οὖν
2218 672 2436 744 πρῶτος
2476 674 2832 747 συλλογισμὸς
2858 677 3086 747 δυνάμει
3112 677 3205 731 δύο
3230 679 3388 743 εἰσιν,
3421 680 3509 732 ὅτι
3546 697 3612 733 τε
3640 680 3704 733 τὺ

2101 765 2305 833 ἀγαθὸν
2327 765 2407 827 ὃν,
2438 768 2532 821 καὶ⁸
2561 768 2643 822 ὅτι
2673 768 2736 822 τὸ
2763 769 2929 823 κακὸν
2973 768 3046 840 μὴ
3094 769 3154 823 ὃν
3202 772 3697 842 συμπεραίνοντες.

2102 858 2300 913 Είσὶδέ
2336 861 2431 914 καὶ
2469 861 2517 914 οἱ
2575 860 2669 915 δύο
2698 862 2763 915 ἐκ
2814 861 2981 932 μόνης
3022 861 3125 931 τῆς
3170 862 3454 926 ἐλάττονος
3488 864 3703 935 πραξά-

2104 967 2263 1017 σεως,
2297 952 2360 1006 τὸ
2389 953 2594 1022 ἀγαθὸν
2643 954 2708 1007 ἐκ
2761 956 2891 1024 μιᾶς
2932 954 3031 1025 τῆς
3073 954 3183 1007 τῶν
3213 954 3348 1008 ὅλων
3376 957 3585 1027 ἀρχῆς,
3640 957 3704 1009 τὸ

2101 1048 2276 1113 οὕτως
2302 1048 2425 1119 ἔχον
2451 1048 2531 1110 ὃν,
2558 1048 2619 1102 τὸ
2659 1049 2864 1117 ἀγαθὸν
2890 1048 2997 1120 ἀρα
3024 1049 3084 1103 δν
3102 1065 3115 1078 ·
3149 1051 3243 1102 καὶ
3270 1049 3458 1113 πάλιν,
3488 1050 3560 1103 τὸ
3608 1070 3703 1105 κα-

2102 1140 2198 1194 κὸν
2222 1141 2286 1194 ἐκ
2320 1140 2533 1194 πολλῶν
2574 1140 2669 1194 καὶ
2720 1141 2986 1211 ἀορίστων
3036 1139 3342 1210 ἐλλείψεων,
3396 1141 3460 1193 τὺ
3518 1140 3703 1204 οὕτως

2103 1230 2227 1301 ἔχον
2253 1232 2353 1285 οὐκ
2372 1230 2454 1293 ὃν,
2479 1231 2540 1283 τὸ
2561 1231 2730 1284 κακὸν
2758 1230 2865 1302 ἀρα
2897 1231 2998 1284 οὐκ
3025 1230 3105 1283 όν.
3144 1232 3253 1285 Καὶ⁵
3292 1232 3361 1284 τά
3392 1232 3698 1302 λεγόμενα,

2104 1326 2258 1397 φησὶ,
2292 1324 2436 1378 κακά
2458 1319 2597 1377 οἶδεν
2626 1325 2655 1376 ό
2678 1324 2809 1388 Θεὸς
2824 1324 2899 1386 ὼς
2923 1325 3124 1392 ἀγαθὰ,
3146 1325 3293 1379 κακά
3335 1325 3515 1394 λέγων
3542 1326 3702 1379 πολέ-

2107 1437 2259 1491 μους,
2288 1418 2477 1482 νόσους
2505 1417 2879 1482 παιδευτικάς,
2910 1418 3190 1481 Θανάτους,
3223 1419 3318 1473 καὶ
3343 1418 3413 1471 τὰ
3440 1417 3695 1471 τοιαῦτα·

2103 1511 2414 1583 νομίζονται
2443 1510 2553 1581 γὰρ
2582 1511 2712 1582 ἡμῖν
2737 1512 2882 1565 κακά
2900 1528 2913 1540 ·
2976 1511 3083 1564 εἰσὶ
3122 1511 3178 1564 δὲ
3206 1510 3468 1580 δυνάμεις
3491 1510 3698 1579 ἀγαθο-

2104 1604 2261 1659 ποιοῦ
2286 1604 2465 1668 αἰτίας
2485 1622 2499 1635 ·
2566 1604 2661 1657 καὶ
2689 1603 2797 1675 γάρ
2854 1604 2921 1657 δι’
2945 1604 3124 1657 αὐτῶν
3159 1603 3414 1673 μετάνοια
3442 1604 3543 1655 καὶ
3573 1603 3697 1655 ἐπί-

416 1686 610 1741 dicens
640 1687 805 1751 bella,
842 1686 1086 1752 morbos,
1116 1687 1208 1757 qui
1241 1702 1425 1743 mures
1444 1689 1745 1759 corrigam,
1775 1696 1999 1752 mortes,

2105 1716 2307 1769 γνωσις
2344 1699 2479 1752 Θεοῦ
2508 1699 2602 1752 καὶ
2660 1696 2941 1759 εὐσεϐείας
2969 1698 3081 1760 τοῖς
3114 1695 3353 1749 πλείοσιν
3404 1697 3695 1763 ἐγένοντο·

414 1789 471 1836 et
494 1780 726 1845 similia;
757 1788 1088 1849 reputantur
1114 1781 1263 1835 enim
1297 1795 1324 1833 a
1357 1783 1516 1837 nobis
1546 1783 1712 1847 mala,
1747 1792 1873 1836 sunt
1897 1798 2002 1836 au--

422 1884 528 1927 tcm
558 1874 703 1927 vires
724 1887 906 1927 causm
934 1888 1055 1943 qua:
1088 1874 1289 1927 bonum
1320 1872 1514 1941 eﬁicit;
1567 1889 1689 1928 nam
1719 1890 1815 1944 per
1860 1889 2001 1944 prae-

419 1966 563 2019 tlicta
596 1966 917 2035 pmuitentia
950 1976 1005 2019 ct
1050 1964 1146 2019 Dei
1202 1967 1444 2036 cognitio
1477 1969 1803 2037 acquiritur.
1834 1969 2004 2038 pluri-

417 2054 625 2127 busque
668 2058 888 2127 pietatis
947 2058 1171 2113 occasio
1234 2058 1361 2123 fuit,
1407 2071 1572 2129 atque
1628 2061 1681 2114 in
1725 2061 2003 2131 prophetis

418 2149 627 2203 malitia
662 2158 913 2204 vocatur.
966 2150 1059 2203 Vel
1106 2152 1275 2205 ctiam
1324 2151 1506 2207 aliter.
1555 2150 1731 2208 Causa
1784 2155 1909 2209 mali
1947 2155 2001 2209 in

419 2241 760 2296 lascivientia
789 2252 872 2295 est
898 2242 1347 2310 concupiscentia
1372 2259 1387 2309 ;
1442 2243 1558 2313 ipsa
1586 2254 1769 2299 tamen
1796 2261 2001 2301 concu»

414 2333 685 2403 piscentia
715 2340 799 2387 est
825 2332 1055 2388 facultas
1083 2333 1210 2389 boni
1238 2333 1489 2390 effectrix
1541 2337 1757 2393 ratione
1780 2339 2001 2408 quidem

420 2426 727 2490 utentibus,
771 2434 831 2480 ut
868 2440 966 2496 per
993 2427 1165 2495 ipsam
1200 2442 1419 2483 sursum
1455 2429 1522 2483 ad
1568 2443 1758 2485 verum
1792 2432 1996 2486 bomun

416 2518 677 2583 tendant;
715 2518 935 2575 ratione
965 2534 1098 2574 vero
1124 2519 1376 2587 privatis,
1407 2529 1467 2576 ut
1495 2535 1584 2589 ea,
1611 2537 1732 2591 qua:
1782 2524 1848 2578 ad
1874 2538 2001 2593 pro-

416 2607 592 2678 priam
624 2624 780 2664 suam
806 2610 1284 2665 conservationem
1318 2610 1549 2679 faciunt,
1584 2622 1863 2684 appetant.
1888 2615 2002 2670 No-

415 2696 500 2750 vit
546 2700 734 2769 itaque
792 2700 955 2765 Deus,
1007 2700 1126 2756 sive
1180 2702 1349 2758 etiam
1401 2705 1712 2773 cognoscit,
1773 2720 1838 2761 ac
1873 2706 2004 2762 facit

414 2792 580 2846 etiam
615 2791 842 2854 malum,
875 2807 983 2847 non
1047 2806 1157 2862 qua
1216 2793 1445 2860 malum,
1483 2797 1577 2850 sed
1608 2811 1717 2867 qua
1754 2797 1997 2853 bonum:

416 2882 554 2936 nihil
582 2897 716 2953 ergo
758 2882 926 2938 etiam
969 2898 1067 2953 per
1102 2898 1161 2939 se
1210 2893 1295 2939 est
1345 2884 1589 2941 malum:
1632 2888 1833 2959 quippe
1858 2890 2001 2959 quod

418 2975 554 3028 nihil
609 2975 825 3029 habeat'
865 2975 1032 3030 etiam
1089 2976 1240 3041 boni,
1306 2979 1454 3033 unde
1498 2979 1665 3034 etiam
1734 2981 1999 3036 malorum

2105 1795 2201 1847 καὶ
2233 1793 2293 1845 ἐν
2325 1792 2438 1855 τοῖς
2469 1792 2779 1862 προφήταις
2807 1791 2839 1860 ἡ
2877 1788 3046 1842 κακία
3092 1788 3327 1856 λέγεται.
3373 1788 3451 1840 Ἦ
3477 1788 3580 1840 καὶ
3609 1787 3697 1840 ἄλ-

2104 1884 2230 1948 λως.
2262 1884 2420 1937 Αίτία
2446 1882 2540 1936 τοῦ
2572 1884 2630 1936 ἐν
2653 1881 2731 1953 τῷ
2761 1881 3098 1949 ἀσελγαίνειν
3158 1878 3327 1933 κακοῦ
3350 1881 3383 1948 ἡ
3424 1878 3698 1947 ἐπιθυμία

2102 1977 2249 2031 ἐστίν
2273 1992 2288 2007 ·
2313 1975 2429 2029 ἀλλ’
2444 1974 2580 2045 αῦτη
2609 1976 2643 2045 ἡ
2667 1973 2932 2045 ἐπιθυμία
2960 1972 3187 2044 δύναμις
3205 1971 3539 2040 ἀγαθοποιός
3560 1972 3695 2031 ἐστι,

2102 2070 2340 2140 λογικοῖς
2378 2068 2474 2139 μὲν
2498 2067 2633 2137 πρὸς
2673 2066 2736 2119 τὸ
2772 2066 2839 2119 δι’
2868 2066 3036 2137 αὐτῆς
3067 2063 3445 2118 ἀνατείνεσθαι
3476 2063 3621 2133 πρὸς
3640 2063 3700 2115 τὺ

2101 2162 2270 2225 ὅντως
2289 2160 2491 2230 ἀγαθόν
2511 2178 2524 2191 σ
2546 2159 2761 2229 ἀλόγοις
2785 2160 2843 2213 δὲ
2873 2159 3009 2231 πρὸς
3032 2157 3211 2231 ὄρεξιν
3232 2157 3342 2211 τῶν
3367 2156 3700 2227 ἐπιτηδείων

2101 2256 2202 2326 τῆς
2222 2255 2425 2318 οἰκείας
2458 2254 2735 2326 διαμονῆς.
2767 2251 2891 2308 υἶδε
2942 2252 3074 2321 γοῦν
3113 2254 3142 2306 ὁ
3192 2250 3347 2315 Θεὸς,
3401 2251 3578 2321 ἤγουν
3608 2250 3702 2301 καὶ

2102 2346 2361 2416 γινώσκει
2390 2347 2483 2400 καὶ
2510 2346 2805 2400 οἰκειοῦται
2834 2346 2895 2399 τὸ
2920 2346 3110 2408 κακὸν,
3135 2344 3233 2414 οὐχ
3325 2343 3521 2405 κακὸν,
3582 2341 3700 2394 ἀλλ’

2102 2431 2137 2510 ᾖ
2190 2434 2424 2504 ἀγαθόν·
2457 2436 2607 2489 οὐδὲν
2636 2436 2745 2508 άρα
2801 2437 2926 2490 καθ’
2962 2435 3122 2489 ἑαυτὸ
3162 2435 3257 2488 καὶ
3298 2433 3359 2487 ὃν
3393 2434 3459 2486 τὸ
3490 2433 3698 2495 κακὸν,

2102 2531 2178 2593 ὡς
2210 2529 2373 2600 μηδὲν
2405 2529 2547 2599 ἔχειν
2581 2530 2676 2584 καὶ
2726 2529 2951 2599 ἀγαθὸν,
3013 2530 3146 2583 ὅπου
3176 2527 3270 2581 καὶ
3300 2529 3355 2580 αἱ
3384 2526 3563 2579 αίτίαι
3591 2527 3703 2580 τῶν

2103 2622 2289 2675 κακῶν
2311 2621 2633 2691 ἀγαθοποιοὶ
2650 2622 2909 2693 δυνάμεις
2939 2621 3095 2674 εἰσίν.
3128 2621 3190 2673 Et
3211 2619 3272 2672 τὸ
3297 2619 3471 2672 κακὸν
3500 2618 3700 2680 ἔῑδιον,

2103 2714 2196 2766 καὶ
2224 2712 2446 2768 δύναται
2498 2715 2593 2767 καὶ
2649 2715 2899 2785 πράττει.
2954 2711 3125 2765 Πόθεν
3192 2710 3363 2765 ταῦτα
3417 2710 3639 2780 τούτῳς
3666 2709 3701 2780 ἢ

2102 2805 2233 2873 γοῦν
2263 2808 2328 2859 ἐκ
2380 2806 2477 2859 τοῦ
2538 2806 2832 2878 ἀγαθοῦ,ἢ
2872 2806 3267 2878 ἀντιστρόφως,
3326 2805 3455 2858 ἐπεὶ
3488 2806 3592 2858 καὶ
3643 2803 3705 2855 τὸ

2101 2898 2305 2967 ἀγαθὸν
2327 2899 2499 2953 ταῦτα
2554 2898 2687 2970 ἔχει,
2724 2898 2878 2951 ἐσται
2921 2895 3098 2952 ταῦτα
3126 2896 3203 2967 τῷ
3239 2895 3430 2965 ἀγαθῷ
3482 2897 3551 2949 ἐκ
3608 2898 3705 2949 τοῦ

2104 2992 2311 3054 κακοῦ;
2347 2991 2484 3046 ἀλλά
2525 2991 2631 3063 μὴν
2657 2990 2821 3044 τοῦτο
2848 2991 2949 3043 οὐκ
2997 2990 3192 3058 εὐαγὲς
3251 2989 3313 3042 τὸ
3350 2988 3705 3045 τελειοῦσθαι

416 3083 596 3123 causa:
620 3067 851 3124 virtutes
880 3080 1007 3124 sunt
1036 3070 1315 3126 beneﬁt-te.
1343 3071 1497 3139 Quod
1530 3074 1575 3129 si
1612 3074 1811 3129 malum
1842 3085 2001 3131 aeter-

2107 3086 2169 3139 τὸ
2198 3084 2397 3153 ἀγαθὸν
2420 3086 2484 3139 ἐκ
2506 3083 2599 3137 τοῦ
2621 3082 2817 3146 κακοῦ,
2858 3083 2965 3155 ἀρα
2987 3082 3118 3150 γοῦν
3146 3080 3298 3135 ἔσται
3341 3080 3405 3134 τὸ
3454 3083 3702 3154 πρῶτον.

417 3175 543 3213 num
569 3168 672 3223 est,
703 3169 758 3215 et
806 3170 1011 3231 potest,
1059 3169 1115 3216 et
1165 3164 1311 3233 agit;
1342 3165 1487 3219 unde
1512 3167 1562 3219 ei
1597 3164 1754 3221 haec?
1779 3184 1906 3222 num
1932 3184 2002 3224 ex

414 3249 745 3306 bonotanc
774 3252 1018 3319 diverso,
1062 3268 1187 3309 cum
1236 3264 1294 3309 et
1349 3255 1554 3311 bonum
1610 3259 1727 3313 haec
1784 3259 2001 3329 habeat,

413 3351 577 3397 erunt
607 3345 725 3399 haec
766 3344 913 3400 bona
966 3357 1033 3398 ex
1079 3345 1263 3401 malo?
1318 3361 1513 3404 verum
1575 3350 2002 3423 haudquaquam

414 3432 593 3502 decet,
629 3444 688 3491 ut
716 3436 920 3491 bonum
948 3452 1014 3492 ex
1053 3437 1196 3492 malo
1228 3438 1567 3509 perﬁciatur,
1599 3457 1730 3513 ergo
1754 3445 1861 3500 erit
1888 3446 2004 3517 pri-

419 3542 592 3583 mum.
638 3528 839 3585 Verum
879 3543 949 3585 ex
999 3530 1143 3585 bono
1173 3530 1315 3585 bona
1365 3531 1515 3598 data,
1563 3535 1764 3588 malum
1801 3537 2003 3591 bonum

415 3621 1021 3693 redderent,quomodo
1049 3636 1183 3693 ergo
1214 3637 1401 3679 manet
1429 3627 1610 3681 adhuc
1638 3629 1879 3683 malum?
1908 3631 2005 3687 Vel

413 3724 602 3779 certe;
644 3729 752 3769 non
781 3716 861 3770 sic
892 3730 953 3770 se
1012 3732 1099 3772 res
1152 3716 1342 3781 habet,
1373 3716 1471 3771 sed
1504 3717 1725 3789 utrique
1780 3725 1999 3788 horum,

415 3818 527 3862 tam
561 3809 703 3862 bono
738 3824 903 3879 quam
953 3809 1099 3865 malo
1122 3851 1138 3877 ,
1194 3811 1310 3866 haec
1368 3824 1436 3865 ex
1486 3811 1591 3867 alia
1621 3829 1791 3870 causa
1822 3817 2007 3870 obtin-

418 3903 593 3975 sunt?
619 3903 684 3959 Et
718 3920 841 3975 quae
875 3907 1094 3961 tandem
1155 3908 1273 3962 haec
1308 3906 1422 3962 sit?
1458 3918 1514 3965 et
1568 3911 1615 3966 si
1671 3913 1774 3980 sit,
1827 3913 2006 3983 qualis

414 3995 534 4051 est?
571 3994 638 4049 Et
673 3997 894 4059 iterum,
926 3997 1126 4051 ibidem
1161 3999 1280 4052 haec
1325 4000 1514 4054 eadem
1546 4016 1668 4072 qua:
1696 4005 1785 4058 hic
1813 4005 2003 4059 dicen-

415 4096 526 4141 tur.
558 4088 674 4141 Non
706 4087 891 4156 itaque
922 4087 1124 4142 malum
1151 4104 1246 4159 per
1278 4104 1339 4143 se
1373 4092 1613 4146 exsistit.
1631 4092 1901 4148 Catterum
1949 4094 2003 4148 id

413 4181 558 4253 quod
607 4196 670 4235 ex
706 4190 900 4233 natura
953 4182 1225 4252 sequitur,
1261 4181 1549 4238 deﬁnitum
1603 4196 1720 4251 est;
1755 4185 2004 4240 deﬁnitio

415 4287 500 4330 est
530 4276 671 4330 ratio
700 4274 974 4330 essentias
1013 4290 1199 4330 rerum
1245 4274 1530 4345 explicans
1555 4317 1570 4341 ,
1603 4288 1659 4335 ct
1688 4279 1835 4349 quod
1873 4279 2003 4349 quid

415 4370 487 4424 sit
523 4369 829 4424 declarans.
860 4366 1038 4424 Omne
1073 4369 1239 4439 igitur
1270 4372 1415 4442 quod
1467 4381 1551 4426 est
1581 4372 1879 4426 secundum
1907 4388 2001 4425 na-

418 4472 619 4527 turam,
645 4477 712 4517 ex
741 4462 968 4517 deﬁnita
1001 4430 1166 4519 causa
1197 4430 1307 4531 est:
1347 4479 1445 4534 per
1465 4479 1632 4534 quam
1664 4464 1743 4545 .tit
1778 4464 1830 4519 id
1854 4466 1998 4535 quod
2032 4430 2076 4485 Β

415 4555 495 4608 ﬁt.
526 4554 580 4608 Si
614 4556 800 4625 itaque
835 4556 1039 4610 malum
1065 4571 1230 4612 causa
1259 4567 1411 4613 caret
1442 4558 1492 4627 (a
1520 4556 1669 4612 nullo
1699 4558 1842 4612 enim
1869 4573 1999 4629 pro-

414 4644 635 4700 ductum
669 4648 801 4712 εει).
840 4650 1037 4704 merito
1078 4664 1178 4704 nec
1201 4650 1487 4705 definitum
1528 4661 1630 4714 est,
1686 4665 1809 4705 cum
1847 4649 1996 4704 nulla

416 4737 489 4790 sit
520 4738 638 4807 ejus
665 4740 807 4793 ratio
843 4756 965 4810 quae
1009 4742 1305 4797 essentiam
1351 4742 1633 4807 declaret;
1689 4743 2000 4796 necessario

420 4828 603 4898 itaque
642 4830 842 4885 malum
884 4848 991 4887 non
1024 4844 1109 4888 est
1149 4833 1312 4889 etiam
1345 4832 1509 4904 423
1561 4833 1858 4886 secundum
1896 4849 1996 4886 na-

2120 3176 2279 3229 Ἀλλά
2314 3176 2420 3247 μὴν
2445 3176 2515 3229 τά
2552 3176 2617 3228 ἐκ
2636 3174 2731 3228 τοῦ
2756 3173 2961 3243 ἀγαθοῦ
2985 3173 3236 3244 διδόμενα
3258 3172 3443 3242 ἀγαθά
3473 3172 3708 3243 ἔμελλον

2106 3269 2505 3339 ἀγαθοποιῆσαι
2535 3267 2597 3321 τὸ
2629 3267 2829 3321 κακόνο
2882 3266 3000 3331 πῶς
3027 3266 3158 3335 γοῦν
3201 3266 3352 3336 μένει
3384 3266 3485 3318 καὶ
3538 3266 3708 3319 πάλιν

2106 3360 2310 3424 κακόν;
2362 3361 2433 3412 Ἦ
2460 3356 2592 3427 γοῦν
2622 3357 2723 3428 οὐχ
2752 3356 2945 3422 οῦτως,
2992 3357 3327 3427 ἀλλ’ἀμφοῖν
3352 3356 3576 3410 τούτοιν
3612 3358 3709 3410 καὶ

2105 3454 2184 3526 τῷ
2240 3453 2430 3525 ἀγαθῷ
2482 3454 2577 3506 καὶ
2628 3453 2706 3524 τῷ
2758 3450 2914 3522 κακῷ
2953 3452 3125 3505 ταῦτα
3155 3450 3213 3514 ἐξ
3266 3451 3441 3521 ἄλλης
3482 3453 3695 3514 αἰτίας,

2108 3549 2217 3602 Καὶ
2248 3549 2333 3612 τίς
2362 3547 2479 3601 ποτ’
2509 3545 2575 3600 ἂν
2615 3545 2700 3618 εἴη
2732 3545 2867 3616 αῦτη
2888 3561 2901 3609 ;
2925 3544 3019 3598 καὶ
3048 3547 3095 3597 εἰ
3120 3543 3259 3607 ἔστι,
3296 3544 3524 3613 ποταπή
3552 3545 3705 3603 ἐστις

2107 3640 2219 3694 Καὶ
2250 3638 2411 3694 πάλιν
2441 3640 2621 3691 ἐκεῖσε
2650 3636 2824 3691 ταῦτα
2852 3637 2998 3707 άπερ
3024 3634 3119 3689 καὶ
3160 3634 3398 3688 ἐνταῦθα
3430 3634 3707 3706 ῥηθήσον-

2106 3750 2214 3786 ται.
2246 3732 2362 3785 Οὺκ
2402 3730 2510 3802 ἀρα
2544 3730 2605 3783 τὸ
2649 3730 2820 3783 κακὸν
2870 3728 3271 3800 αὑθύπαρκτον.
3324 3727 3475 3789 Ἔτι,
3510 3728 3705 3779 ἕπεται

2105 3824 2184 3895 τῷ
2223 3822 2364 3877 κατά
2395 3821 2556 3892 φύσιν
2591 3818 2652 3873 τὸ
2711 3819 3048 3892 ὡρισμένον·
3092 3818 3217 3888 ὄρος
3245 3818 3359 3889 γάρ
3386 3819 3511 3871 ἐστι
3541 3820 3640 3871 καὶ
3674 3819 3705 3871 ό

2106 3914 2500 3989 ἑρμηνευτικδς
2525 3912 2684 3982 λόγος
2716 3913 2817 3984 τῆς
2845 3912 3035 3975 οὐσίας
3064 3911 3173 3964 τῶν
3202 3910 3588 3982 πραγμάτων,
3614 3910 3705 3964 καὶ

2106 4009 2166 4061 τὸ
2200 4008 2251 4061 τί
2283 4004 2351 4079 ἦν
2384 4003 2522 4061 εἶναι
2569 4005 2763 4077 δηλῶν.
2793 4005 2911 4058 Πᾶν
2944 4000 3036 4057 οὖν
3060 4003 3200 4057 κατά
3237 4002 3403 4071 φύσιν
3432 4002 3496 4069 ἐξ
3527 4003 3704 4064 αἰτίας

2106 4101 2253 4153 ἐστὶν
2276 4099 2611 4172 ὡρισμένης,
2643 4097 2711 4150 δι’
2751 4096 2818 4167 ἢν
2856 4096 3039 4150 αἰτίαν
3070 4096 3278 4164 γίνεται
3299 4094 3362 4147 τὸ
3390 4096 3698 4166 γινόμενον.

2105 4192 2169 4245 Εἰ
2191 4187 2285 4245 οὖν
2314 4190 2377 4242 τὸ
2405 4188 2573 4242 κακὸν
2594 4186 2833 4241 ἀναίτιόν
2865 4188 3014 4239 ἐστιν
3057 4186 3137 4257 (οὐ
3173 4185 3283 4255 γάρ
3316 4184 3410 4237 διά
3436 4202 3499 4239 τι
3535 4187 3701 4253 γέγο-

2105 4282 2250 4353 νεν),
2296 4280 2520 4343 εἰκότως
2562 4280 2657 4332 καὶ
2691 4280 2750 4331 ἐν
2798 4278 3069 4350 ἀοριστία,
3122 4276 3182 4330 οὐ
3213 4277 3323 4346 γάρ
3350 4277 3507 4329 ἐστιν
3538 4275 3700 4331 αὖτοῦ

2105 4374 2263 4443 λόγος
2288 4371 2351 4427 τὸ
2378 4372 2431 4426 τί
2486 4367 2555 4443 ἦν
2585 4366 2727 4424 εἶναι
2786 4368 3138 4442 ἑρμηνεύων·
3194 4367 3256 4432 ἐξ
3301 4368 3563 4439 ἀνάγκης
3599 4369 3702 4439 ἀρα

2105 4467 2225 4520 οὐδὲ
2258 4464 2402 4520 κατά
2424 4465 2589 4535 φύσιν
2616 4464 2678 4517 τὸ
2721 4463 2909 4518 κακόν.
2939 4462 3003 4516 Et
3052 4454 3145 4516 οὖν
3185 4458 3340 4531 παρά
3387 4460 3583 4530 φύσιν,
3609 4462 3702 4531 οὐχ

2104 4558 2296 4624 ἕξειὲν
2326 4560 2394 4629 τῇ
2436 4556 2596 4626 φύσει
2627 4555 2808 4625 λόγον,
2862 4554 3053 4626 ὥσπερ
3093 4552 3214 4606 οὐδὲ
3254 4553 3312 4606 ἐν
3352 4555 3421 4623 τῇ
3456 4555 3626 4625 τέχνῃ
3670 4556 3701 4623 ἡ

2103 4649 2326 4721 ἀτεχνία
2346 4665 2359 4679 °
2393 4649 2502 4702 πᾶν
2526 4648 2584 4701 δὲ
2609 4647 2671 4701 τὸ
2697 4647 2772 4719 μὴ
2820 4646 2943 4717 ἔχον
2972 4646 3129 4715 λόγον
3180 4646 3238 4698 ἐν
3277 4647 3344 4715 τῇ
3373 4646 3542 4714 φύσει
3586 4645 3701 4699 οὔτε

2086 4728 2274 4807 ἐστὶν,
2304 4740 2429 4794 οὔτε
2457 4742 2795 4803 συνίσταται,
2845 4738 2981 4793 ἀλλά
3030 4742 3099 4810 τῇ
3157 4736 3395 4807 ἐλλείψει
3438 4738 3541 4792 τοῦ
3569 4739 3704 4795 κατὰ

2102 4836 2264 4904 φύσιν
2293 4833 2355 4886 τὸ
2384 4831 2535 4904 παρά
2573 4832 2734 4902 φύσιν
2758 4832 2986 4901 γίνεται.

419 4934 617 4979 turam.
651 4927 708 4981 Si
739 4938 917 4981 autem
952 4937 1035 4982 est
1082 4937 1275 4982 contra
1306 4943 1581 4988 naturain,
1639 4941 1745 4979 non
1788 4927 2011 4983 habebit
2062 4932 2229 4984 etiam
2291 4929 2343 4981 in
2398 4938 2593 4980 natura
2655 4925 2961 4987 rationem,
3022 4923 3165 4977 sicut
3220 4936 3322 4976 nec
3378 4923 3603 4978 inscitia
3652 4923 3700 4976 iu

418 5026 757 5085 arte;omne
784 5030 961 5074 autem
986 5020 1130 5089 quod
1171 5036 1280 5074 non
1326 5020 1489 5073 habet
1537 5018 1806 5072 rationem
1857 5019 1910 5071 in
1964 5031 2186 5085 natura,
2238 5034 2417 5090 neque
2469 5027 2573 5084 est,
2635 5032 2815 5086 neque
2863 5016 3133 5079 subsistit,
3185 5015 3281 5071 sed
3339 5014 3569 5070 defectu
3594 5016 3702 5085 eius

417 5111 563 5185 quod
617 5111 919 5166 secundum
981 5118 1233 5165 naturam
1300 5118 1415 5175 est,

488 5203 778 5267 Praeterea,
816 5202 997 5257 anima
1036 5201 1118 5255 vel
1148 5211 1341 5257 natura
1375 5201 1515 5257 mala
1542 5210 1649 5265 est,
1680 5202 1827 5255 sicut
1859 5203 1999 5272 ignis

420 5297 652 5362 calidus,
680 5294 766 5352 vel
806 5295 1156 5365 Operationes
1199 5294 1317 5363 ejus
1342 5310 1571 5366 prorsus
1606 5304 1658 5349 et
1687 5295 2002 5349 omniiuode

420 5389 576 5442 malae
605 5397 752 5444 sunt.
797 5386 903 5442 Sed
936 5402 1040 5441 non
1074 5387 1326 5457 primum,
1356 5404 1480 5441 nam
1528 5388 1579 5440 id
1616 5388 1761 5456 quod
1800 5388 1999 5442 bonum

422 5490 505 5534 cst
529 5495 636 5534 non
674 5480 875 5534 taceret
916 5478 969 5533 id
1000 5477 1143 5547 quod
1182 5490 1377 5533 natura
1421 5479 1623 5532 malum
1665 5489 1789 5545 est;
1828 5492 2004 5547 neque

423 5574 747 5638 secundum,
772 5574 918 5627 unde
962 5572 1106 5625 enim
1134 5570 1401 5625 virtutes?
1430 5572 1675 5639 sequitur
1702 5585 1835 5640 ergo
1888 5586 2003 5624 ma-

423 5660 535 5715 lum
561 5678 665 5717 non
697 5678 821 5717 esse
851 5663 979 5731 quid
1010 5679 1105 5733 per
1129 5678 1187 5719 se
1216 5652 1541 5726 Subs'isteus,
1573 5664 1665 5717 sed
1694 5663 1814 5717 boui
1850 5661 1998 5716 deic-

426 5758 682 5811 cttonem.
711 5755 813 5814 llic
840 5764 981 5813 totus
1012 5772 1203 5814 sensus
1226 5767 1308 5813 est
1333 5757 1617 5814 orationis.
1649 5756 1745 5811 llic
1774 5768 1996 5813 sanctus

1500 5111 1561 5164 ﬁt
1638 5117 1832 5165 contra
1887 5121 2166 5166 naturam.

2182 5203 2323 5268 Ἔτι,
2360 5202 2393 5274 ἠ
2428 5202 2574 5273 ψυχὴ
2604 5202 2638 5274 ἦ
2670 5202 2829 5273 φύσει
2864 5202 3029 5274 κακὴ,
3057 5202 3133 5267 ὡς
3164 5201 3225 5255 τὸ
3260 5200 3375 5274 πῦρ
3409 5200 3639 5273 θερμὸν,
3669 5200 3700 5271 ἢ

2104 5297 2162 5349 αἱ
2200 5296 2471 5366 ἐνέργειαι
2506 5296 2676 5366 αὐτῆς
2706 5296 2883 5367 πάντη
2918 5296 3012 5349 καὶ
3048 5294 3310 5358 όλοτελῶς
3344 5295 3547 5348 κακαί.
3568 5293 3701 5347 Ἀλλ’

2104 5385 2227 5438 οὔτε
2258 5385 2319 5438 τὸ
2349 5385 2585 5456 πρῶτον,
2618 5386 2679 5438 τὸ
2711 5385 2824 5455 γάρ
2856 5386 3062 5454 ἀγαθὸν
3095 5386 3196 5439 οὐκ
3220 5386 3419 5455 ἔμελλε
3462 5386 3702 5456 σπαράξαι

2108 5476 2267 5547 φύσει
2289 5477 2457 5531 κακόν
2476 5495 2489 5506 ⁸
2519 5475 2643 5529 οὔτε
2675 5477 2734 5530 τὺ
2762 5478 3033 5550 δεύτερον,
3060 5478 3222 5531 πόθεν
3251 5478 3362 5548 γὰρ
3387 5480 3445 5530 αἱ
3470 5479 3702 5550 ἁρεταί;

2106 5570 2364 5623 Λείπεται
2392 5569 2519 5640 ἄρα.
2560 5571 2641 5622 ὃτι
2675 5570 2735 5623 τὸ
2757 5570 2928 5624 κακὸν
2961 5572 3061 5624 οὐκ
3099 5571 3245 5623 ἐστιν
3285 5570 3700 5641 αὑθύπαρκτον,

2104 5663 2240 5715 ἀλλά
2270 5663 2363 5716 τοῦ
2386 5663 2592 5731 ἀγαθοῦ
2616 5664 2866 5733 ἔλλειψις.
2890 5661 3062 5728 Ὸῦτος
3084 5664 3203 5727 ὅλος
3236 5666 3265 5716 ό
3299 5663 3432 5727 νοῦς
3468 5663 3573 5717 τοῦ
3613 5668 3705 5735 ρησ

2103 5756 2216 5808 τοῦ.
2237 5756 2294 5808 '0
2326 5755 2382 5807 δὲ
2408 5757 2559 5825 ἅγιος
2582 5760 2701 5811 κατ’
2731 5756 2997 5829 ἐρώτησιν
3028 5757 3120 5810 τὸν
3151 5756 3311 5824 λόγον
3342 5754 3700 5826 προαγαγὼν,
