3866 6234
441 320 538 384 8H

1606 318 1662 377 S.
1706 316 1996 377 DIONYSII
2044 315 2501 374 AREOPAGITXE

3574 322 3681 375 812

439 450 586 519 scopi
615 444 1042 510 frustrationem,
1088 445 1353 515 projactu
1391 456 1419 494 a
1464 454 1627 508 scopo
1656 440 1996 503 deﬂecteule,

2100 438 2219 490 ἀντὶ
2243 438 2336 490 τοῦ
2361 438 2508 507 παρά
2536 435 2622 490 τὸν
2647 437 2842 490 σκοπὸν
2879 436 3085 507 βάλλον,
3122 438 3185 489 ἐκ
3215 440 3537 508 μεταφορᾶς
3574 439 3685 490 τῶν

440 559 469 596 a
492 539 856 609 jaculantibus
888 537 1197 606 metaphora
1231 537 1534 603 desumpta.
1570 532 1727 587 Sicut
1752 533 1894 585 enim
1928 531 2000 585 illi

440 644 596 687 extra
643 646 861 701 sc0pum
885 630 1186 697 iaculantes
1216 628 1472 680 aberrant
1506 641 1535 677 a
1564 627 1795 686 decoro;
1841 622 1918 675 sic
1948 628 2003 676 et

442 739 540 780 nos
566 739 595 778 a
626 736 787 791 scopo
819 732 869 777 et
910 722 1099 774 ordine
1143 721 1479 780 aberrantes,
1510 715 1779 784 vergimus
1811 722 2003 783 printer

442 826 686 871 naturam
716 814 782 867 ad
819 811 1189 867 irrationalem
1228 820 1282 863 et
1317 806 1687 877 imperfectam
1734 815 1788 858 et
1827 818 2005 857 amen-

442 915 544 959 tem
608 902 987 965 abolitionem;
1036 902 1175 954 unde
1218 898 1347 953 dicit
1396 899 1558 951 etiam
1616 894 1814 949 malum
1868 892 2000 947 nihil

437 995 661 1049 omnino
690 995 947 1049 existere.
982 991 1247 1045 Cmterum
1274 990 1536 1043 adversus
1558 1002 1651 1041 eos
1673 988 1763 1055 qui
1796 986 1999 1049 dicunt,

438 1088 633 1142 malum
667 1101 763 1155 per
796 1100 853 1139 se
890 1084 1090 1153 aliquid
1130 1098 1308 1153 posse,
1342 1082 1438 1143 ait,
1476 1081 1673 1135 malum
1709 1080 1864 1133 aliter
1896 1094 2000 1132 non

434 1181 694 1242 existere,
719 1193 881 1247 quam
912 1178 965 1230 in
998 1176 1353 1246 permistione
1397 1174 1549 1238 boni,
1594 1175 1645 1227 in
1674 1182 1877 1225 tantum
1910 1186 2003 1225 ac-

432 1273 638 1335 cidens,
674 1272 726 1324 in
766 1279 1026 1338 quantum
1056 1268 1239 1323 deficit
1270 1269 1505 1331 bonum;
1532 1265 1671 1334 quod
1702 1266 1843 1319 enim
1876 1264 2000 1317 boni

434 1379 655 1433 prorsus
677 1378 872 1431 expers
894 1372 998 1425 e31,
1026 1374 1201 1429 neque
1225 1369 1306 1414 est
1333 1358 1625 1429 quidquam
1654 1372 1830 1426 neque
1852 1356 2002 1425 quid-

433 1472 597 1526 quam
626 1464 823 1525 potest.
851 1456 895 1509 Α
925 1454 1203 1509 contrario
1236 1454 1417 1522 itaque
1463 1460 1879 1521 argumentatur
1924 1450 2002 1503 di-

432 1562 563 1601 cens
592 1570 603 1601 ;
634 1546 689 1599 Si
717 1545 917 1599 bonum
949 1554 1033 1598 est
1062 1544 1113 1598 id
1140 1545 1281 1611 quod
1306 1551 1411 1609 est,
1439 1551 1492 1595 et
1520 1543 1898 1612 appetendum,
1949 1548 2003 1595 et

432 1640 691 1705 validum,
730 1648 784 1692 et
820 1636 1040 1700 elﬁcax;
1079 1636 1304 1699 malum,
1347 1644 1530 1703 utpote
1564 1634 1790 1688 entitate
1824 1633 2003 1701 priva-

435 1742 575 1795 tum,
617 1731 732 1785 hare
772 1730 995 1784 minime
1038 1727 1277 1782 habebit.
1312 1728 1513 1782 Deinde
1542 1725 1738 1780 malum
1773 1740 1874 1779 non
1905 1739 2003 1793 per

2100 528 2658 600 τοξευόντων.Ὢσπερ
2677 528 2784 599 γὰρ
2810 531 2857 581 oi
2886 528 2988 595 ἔξω
3008 528 3100 581 τοῦ
3136 528 3335 581 σκοποῦ
3359 526 3685 593 τοξεύοντες

2102 620 2472 689 ἁμαρτάνουσι
2509 619 2601 672 τοῦ
2638 621 3029 690 προσήκοντος·
3065 617 3203 670 οὕτω
3240 619 3331 671 καὶ
3369 620 3565 689 ἡμεῖς,
3592 635 3685 670 του

2104 711 2305 766 σκοποῦ
2358 713 2449 765 καὶ
2496 712 2593 782 τῆς
2635 711 2841 777 τάξεως
2882 711 3359 779 ἀποτυγχάνοντες,
3390 710 3685 781 φερόμεθα

2102 809 2183 871 είς
2227 806 2324 877 τὴν
2364 806 2511 877 παρὰ
2544 807 2705 875 φύσιν
2740 806 2928 874 ἄλογον
2959 805 3051 858 καὶ
3091 804 3251 873 ἀτελῆ
3289 806 3383 857 καὶ
3418 802 3563 855 ἀνού
3576 819 3685 853 σιον

2101 896 2435 967 ἀνυπαρξίαν
2459 913 2471 926 ·
2506 897 2627 950 ὅθεν
2660 899 2753 950 καὶ
2779 898 2997 969 μηδαμῆ
3037 896 3199 968 μηδὲν
3230 894 3291 947 ὃν
3310 893 3459 961 λέγει
3494 894 3563 945 τὸ
3588 910 3685 944 καί

2103 989 2347 1042 κόν.Ἔτι
2378 990 2511 1059 πρὸς
2536 991 2661 1053 τοὺς
2696 989 3067 1058 λέγοντας,ὅτι
3094 988 3310 1042 δύναταί
3332 1005 3385 1039 τι
3407 986 3474 1038 τὸ
3509 985 3685 1039 κακὸν

2103 1081 2224 1135 καθ’
2252 1083 2381 1135 αὐτὸ
2407 1086 2596 1147 ποιεῖν,
2630 1084 2760 1154 φησὶ
2790 1082 2987 1147 τοίνυν,
3010 1083 3089 1134 ὅτι
3114 1080 3173 1133 τὸ
3202 1080 3366 1133 κακὸν
3400 1078 3592 1139 ἄλλως
3621 1076 3681 1127 οὐ

2103 1176 2523 1245 παρυφίσταται,
2556 1177 2603 1227 εί
2641 1177 2713 1246 μὴ
2748 1177 2804 1227 ἐν
2839 1178 2903 1245 τῇ
2937 1176 3031 1228 τοῦ
3070 1173 3268 1242 ἀγαθοῦ
3310 1170 3476 1242 μίξει,
3520 1172 3685 1222 τόσον

2102 1267 2507 1337 ἐπισυμϐαἴνον,
2531 1268 2756 1321 καθόσον
2776 1267 2837 1319 τὸ
2858 1266 3055 1334 ἀγαθὸν
3083 1265 3313 1319 ἐλλείπει
3330 1281 3344 1293 ’
3371 1263 3430 1315 τὸ
3457 1263 3525 1315 δὲ
3555 1263 3685 1314 πάν-

2101 1376 2169 1429 τη
2206 1359 2430 1430 ἄμοιρον
2462 1359 2553 1412 τοῦ
2594 1358 2793 1429 ἀγαθοῦ
2838 1357 2958 1413 οὐτε
2992 1358 3049 1410 ὃν
3084 1360 3262 1421 ἐστιν,
3293 1354 3414 1408 οὐτε
3441 1353 3682 1407 δύναταί

2102 1470 2175 1505 τι.
2195 1454 2285 1505 Ἐκ
2317 1452 2411 1505 τοῦ
2436 1452 2675 1506 ἐναντίου
2708 1451 2835 1520 γοῦν
2862 1452 3126 1521 ἐπιχειρεί
3157 1450 3324 1518 λέγων
3346 1465 3359 1477 ·
3388 1448 3520 1499 Ὀτι
3545 1449 3595 1499 εί
3624 1446 3686 1498 τὸ

2105 1546 2305 1614 ἀγαθὸν
2352 1546 2410 1598 ὗν
2449 1548 2583 1610 ἐστι,
2622 1547 2713 1598 καὶ
2761 1544 2920 1617 βουλή
2970 1548 3106 1606 ἐστι,
3162 1543 3253 1596 καὶ
3288 1541 3541 1603 δύναται,
3591 1537 3683 1591 καὶ

2104 1640 2264 1699 ποιεῖ,
2293 1637 2353 1690 τὸ
2396 1636 2563 1689 κακὸν
2614 1635 2706 1689 τοῦ
2755 1637 2904 1699 ὄντος
2947 1634 3322 1706 ἐστερημένον,
3361 1632 3551 1684 ταῦτα.
3584 1633 3684 1700 οὐχ

2106 1728 2366 1794 ἓξει.”Ετι
2402 1728 2485 1781 ὄτι
2520 1728 2621 1779 οὐκ
2658 1727 2769 1779 ἔστι
2801 1728 2860 1779 τὸ
2886 1727 3052 1779 κακὸν
3090 1725 3207 1778 καθ’
3232 1725 3380 1787 αὐτὸ,
3414 1723 3593 1791 δῆλον
3619 1724 3683 1774 ἐκ

432 1836 491 1878 se
521 1824 773 1885 existere,
803 1830 949 1891 patet
978 1836 1044 1875 ex
1075 1834 1140 1875 eo
1170 1820 1310 1887 quod
1341 1833 1445 1872 non
1478 1819 1546 1873 sit
1573 1819 1711 1872 idem
1745 1817 1796 1870 in
1822 1818 1996 1872 omni-

2100 1819 2187 1875 τοῦ
2224 1820 2297 1891 μὴ
2332 1815 2468 1872 εἶναι
2492 1819 2638 1889 παρά
2670 1820 2801 1871 πᾶσι
2828 1818 3037 1883 ταύτὸν,
3063 1816 3193 1870 ἀλλά
3220 1817 3310 1869 καὶ
3336 1816 3461 1869 ἀλλο
3485 1817 3554 1867 ὲν
3585 1815 3679 1867 ἀλ-

433 1917 559 1979 bus,
591 1929 775 1969 verum
817 1913 981 1967 etiam
1017 1912 1161 1965 aliud
1198 1912 1248 1964 in
1290 1910 1430 1973 aliis,
1462 1918 1622 1978 prout
1664 1911 1716 1963 in
1756 1924 2001 1977 unoquo—

431 2023 538 2078 que
571 2006 697 2060 boni
738 2005 917 2074 lapsus
948 2004 1153 2057 existit.
1184 2002 1328 2057 Deus
1365 2010 1546 2056 autem
1592 2000 1999 2055 subordinatio-

430 2112 529 2152 nes
548 2095 786 2152 servavit
812 2095 864 2148 in
893 2092 1055 2165 425
1079 2093 1385 2156 creatione;
1417 2092 1681 2160 siquidem
1710 2104 1879 2157 mens,
1907 2094 1997 2144 se-

431 2188 666 2245 cundum
696 2201 859 2257 quam
894 2184 1061 2240 divini
1096 2193 1152 2239 et
1194 2197 1424 2253 prorsus
1469 2179 1851 2235 immateriales
1888 2181 1998 2251 spi-

433 2282 570 2335 ritus
594 2274 949 2331 substantiam
995 2287 1145 2328 suam
1175 2273 1503 2334 sortiuntur,
1544 2286 1664 2324 cum
1702 2271 1879 2323 anima
1909 2285 1998 2324 su-

431 2367 649 2421 blimior
673 2364 771 2431 sit,
801 2378 830 2416 a
866 2360 1277 2417 bonilormitate
1304 2359 1582 2424 deﬁciens,
1617 2359 1668 2413 in
1702 2360 1996 2414 daemonem

430 2458 633 2525 evasit;
666 2458 843 2510 anima
874 2468 1021 2519 vero,
1049 2452 1101 2507 in
1126 2463 1386 2521 quantum
1413 2450 1719 2520 intelligens
1741 2465 1806 2505 ac
1832 2452 1997 2505 ratio-

433 2551 612 2617 nalis,
659 2548 955 2604 secundum
1000 2545 1265 2600 rationem
1311 2546 1517 2614 agendo
1570 2552 1756 2598 manet
1802 2544 1854 2598 In
1900 2556 1994 2597 sua

431 2643 795 2713 proprietate,
848 2638 946 2693 sed
990 2638 1116 2692 dum
1169 2644 1417 2690 movetur
1461 2645 1645 2690 contra
1695 2634 1991 2697 rationem,

431 2738 572 2792 mala
607 2737 695 2802 lit;
727 2748 952 2804 corpora
979 2732 1210 2800 denique
1238 2732 1361 2785 dum
1388 2739 1575 2786 contra
1610 2738 1852 2783 naturam
1883 2744 1994 2784 mo-

428 2840 647 2896 ventur,
673 2827 890 2881 minime
921 2823 1119 2878 valent.

433 2904 437 2908 i
502 2922 531 2993 §
573 2918 805 2991 XXXIII.
848 2910 1117 2970 Prielerea
1158 2914 1200 2968 si
1245 2914 1295 2968 in
1321 2913 1530 2968 caateris
1560 2912 1718 2966 rebus
1746 2913 1995 2966 onmihus

428 3023 511 3067 est
536 3009 892 3081 providentia,
922 3006 1117 3059 malum
1156 3004 1452 3060 secundum
1486 3021 1545 3059 se
1577 3022 1680 3059 non
1710 3014 1825 3069 est;
1858 3004 1995 3059 alias

429 3105 571 3159 enim
614 3102 779 3157 etiam
817 3108 961 3155 esset
997 3099 1333 3169 providentia
1367 3097 1493 3152 mali
1530 3107 1778 3165 tanquam
1813 3097 1988 3163 entis;
2018 3159 2059 3181 ﬂ

428 3196 523 3269 sed
562 3192 896 3263 providentia
933 3199 1016 3245 est
1058 3191 1112 3244 in
1152 3190 1431 3256 omnibus;
1477 3190 1674 3243 malum
1714 3188 1877 3258 igitur
1907 3204 1989 3243 se—

429 3287 667 3340 cundum
705 3298 762 3339 se
802 3297 905 3337 non
942 3293 1043 3336 est.
1084 3281 1177 3335 last
1203 3291 1380 3335 autem
1414 3279 1621 3351 primus
1664 3281 1857 3335 modus
1885 3280 1995 3351 syl-

428 3376 782 3447 logismorum
813 3373 1308 3444 hypotheti‘corum,
1343 3370 1603 3440 probabili
1628 3372 1995 3441 propositione

430 3471 657 3538 probare
684 3467 957 3536 sequelam
982 3484 998 3531 ;
1038 3466 1091 3521 in
1118 3465 1372 3521 omnibus
1397 3463 1664 3534 siquidem
1695 3467 1852 3520 rebus
1881 3465 1995 3519 exi-

430 3562 525 3616 stit
561 3561 919 3631 providentia,
961 3567 1016 3613 et
1059 3554 1193 3613 nihil
1230 3572 1415 3612 eorum
1460 3572 1579 3626 quae
1618 3566 1744 3612 sunt
1777 3558 1996 3611 omnino

429 3668 623 3722 expers
650 3659 732 3707 est
755 3651 1132 3720 providentiae,
1168 3649 1219 3704 id
1260 3659 1342 3704 est
1368 3648 1679 3703 omnimodo
1714 3648 1856 3703 bono
1883 3648 1996 3718 pri-

429 3755 613 3798 vatum
642 3752 745 3798 est.
774 3741 979 3811 Ecquid
1006 3740 1127 3795 dico
1163 3741 1215 3794 in
1262 3740 1416 3794 bonis
1443 3755 1561 3808 quae
1592 3740 1723 3793 liunt
1751 3740 1835 3795 vel
1880 3740 1995 3795 exi-

431 3837 620 3892 stunt?
647 3835 773 3904 quin
800 3842 854 3888 et
894 3833 1049 3887 malis
1076 3848 1195 3901 qua:
1226 3831 1363 3886 ﬁunt
1398 3832 1732 3900 providentia
1769 3832 1996 3901 benigne

430 3928 600 3981 utitur
650 3926 716 3978 ad
748 3925 1157 3979 correctionem
1186 3924 1301 3978 sive
1336 3939 1525 3978 eorum
1560 3924 1653 3991 qui
1678 3922 1765 3978 illa
1803 3934 1989 3991 agunt,

431 4020 546 4073 sive
595 4017 856 4081 aliorum;
903 4019 1157 4087 quocirca
1208 4014 1349 4069 male
1393 4014 1617 4077 dicunt,
1659 4014 1751 4084 qui
1795 4014 1993 4069 aiunt:

429 4108 611 4175 Quare
634 4121 741 4161 non
775 4103 903 4159 fecit
935 4121 1031 4159 nos
1061 4105 1201 4159 Deus
1228 4104 1326 4168 sic,
1360 4112 1419 4157 ut
1449 4104 1532 4157 vel
1557 4105 1709 4159 inviti
1737 4122 1841 4160 non
1873 4120 1998 4175 pec-

430 4199 654 4256 cemus?
706 4198 810 4253 hoc
858 4197 1000 4251 enim
1051 4195 1186 4250 nihil
1228 4194 1373 4249 aliud
1416 4205 1499 4251 est
1545 4213 1706 4266 quam
1751 4199 1930 4256 dicere
1978 4213 1993 4251 :

430 4292 607 4359 Quare
652 4304 759 4345 non
812 4296 1057 4342 amentes
1107 4303 1207 4342 nos
1251 4298 1307 4343 et
1354 4288 1699 4344 irrationales
1742 4290 1903 4344 fecit?
1936 4291 1993 4345 Si

432 4383 573 4437 enim
622 4381 933 4436 necessario
983 4379 1049 4432 ad
1100 4360 1357 4432 virtut'em
1409 4378 1759 4447 duceremur,
1794 4397 1995 4450 nequa-

2098 1908 2227 1972 λοις,
2262 1908 2439 1972 καθὼς
2462 1910 2518 1962 ἐν
2548 1909 2759 1979 ἑκάστῳ
2796 1911 2829 1979 ἡ
2864 1908 2956 1962 τοῦ
2996 1907 3197 1977 ἀγαθοῦ
3236 1906 3563 1969 ardia-nom;
3599 1907 3682 1973 γί-

2098 2020 2265 2056 νεται.
2304 2002 2436 2065 Θεὸς
2479 2002 2536 2055 δὲ
2564 2000 2660 2065 τὰς
2697 2000 2988 2064 ὐποὸάσεις
3016 1999 3124 2052 τῶν
3155 2002 3212 2051 ὲν
3243 2001 3309 2069 τῇ
3338 1998 3681 2068 δημιουργία

2095 2095 2381 2149 διέσωσεν*
2415 2096 2443 2147 ό
2468 2096 2563 2165 μὲν
2592 2094 2700 2167 γὰρ
2735 2094 2877 2160 νοῦς,
2903 2094 3022 2148 καθ’
3059 2095 3118 2149 ὃν
3150 2091 3508 2144 οὐσίωνταιοί
3542 2089 3679 2142 θεῖοι

2097 2185 2235 2251 νόες,
2269 2186 2361 2240 καὶ
2395 2186 2568 2256 πάντη
2590 2186 2760 2250 άῦλοι,
2796 2184 3062 2256 ἀνώτερος
3089 2183 3266 2255 ψυχῆς
3291 2185 3458 2245 ἐστιν,
3483 2183 3558 2235 ὲκ
3581 2181 3679 2251 τῆς

2097 2277 2461 2345 ἀγαθοειδείας
2489 2277 2583 2331 νῦν
2612 2278 2875 2349 κινηθεὶς,
2898 2277 3104 2348 δαίμων
3126 2275 3331 2346 ἀπέόη·
3364 2277 3399 2345 ἡ
3423 2275 3482 2328 δὲ
3503 2274 3679 2345 ψυχὴν

2097 2368 2230 2421 καθὸ
2262 2368 2544 2439 νοερά,καὶ
2578 2368 2787 2439 λογικὴ,
2818 2368 2959 2423 κατὰ
2992 2368 3148 2436 λόγον
3178 2366 3499 2437 ἐνεργοῦσα,
3524 2366 3682 2436 μένει

2095 2461 2153 2513 ἐν
2184 2459 2262 2530 τῷ
2293 2462 2505 2531 οἰκείῳ·
2539 2460 2687 2532 παρά
2718 2460 2872 2529 λόγον
2905 2460 2962 2513 δὲ
3000 2461 3297 2530 κινηθεῖσα,
3330 2456 3478 2527 κακὴ
3524 2458 3680 2524 γίνε-

2092 2568 2216 2605 ται·
2255 2553 2323 2605 τά
2353 2554 2409 2607 δὲ
2444 2552 2691 2625 σώματα,
2724 2554 2875 2625 παρά
2908 2554 3067 2624 φύσιν
3099 2553 3409 2625 κινηθέντα,
3446 2553 3557 2605 οὐκ
3592 2552 3681 2624 sp-

2097 2646 2313 2715 ρωνται.

2165 2923 2448 2995 §XXXIIL
2478 2925 2599 2981 Ἔτι
2622 2926 2669 2979 εί
2692 2925 2914 2995 πρόνοια
2935 2924 3029 2979 ἐπὶ
3046 2925 3175 2978 πᾶσι
3194 2925 3307 2987 τοῖς
3328 2922 3512 2987 ἄλλοις
3536 2924 3678 2987 ἐστὶ,

2094 3014 2262 3068 κακὸν
2304 3014 2422 3068 καθ’
2454 3015 2584 3068 αὐτὸ
2623 3016 2723 3068 οὐκ
2762 3015 2942 3069 ἔστιν·
2973 3010 3041 3086 ἦν
3079 3015 3186 3084 γὰρ
3224 3014 3289 3067 ἂν
3314 3015 3409 3067 καὶ
3446 3013 3681 3085 πρόνοια

2094 3106 2185 3159 ἐπὶ
2216 3105 2294 3176 τῷ
2325 3104 2477 3175 κακῷ
2520 3105 2595 3169 ὡς
2638 3107 2777 3159 όντι’
2816 3105 2950 3159 ἀλλά
2987 3106 3089 3177 μὴν
3126 3106 3345 3176 πρόνοιά
3387 3107 3543 3158 ἐστιν
3588 3106 3682 3158 ἐπὶ

2095 3200 2245 3251 πᾶσι·
2281 3197 2447 3251 κακὸν
2469 3197 2576 3267 ἀρα
2601 3197 2721 3250 καθ’
2743 3197 2873 3251 αὐτὸ
2901 3199 3001 3251 οὐκ
3022 3197 3155 3251 ἐστι.
3180 3198 3289 3250 Καὶ
3316 3198 3435 3249 ἐστι
3456 3197 3680 3269 πρῶτος

2094 3285 2289 3357 τρόπος
2339 3286 2448 3340 τῶν
2498 3286 2832 3340 ὑποθετικῶν
2867 3287 3253 3357 συλλογισμῶν,
3288 3290 3354 3357 τῇ
3389 3288 3541 3341 θέσει
3582 3291 3678 3344 τοῦ

2096 3377 2394 3447 ἡγουμένου
2430 3378 2851 3443 κατασκευάζων
2876 3377 2937 3431 τὸ
2963 3378 3222 3448 ἑπόμενον
3246 3395 3259 3408 ·
3302 3381 3360 3431 ἐν
3397 3382 3533 3433 πᾶσι
3567 3383 3678 3453 γὰρ

2094 3472 2204 3533 τοῖς
2227 3466 2374 3523 οὖσιν
2407 3472 2439 3541 ἡ
2473 3470 2697 3541 πρόνοιὰ
2738 3473 2875 3535 ἐστι,
2904 3470 2997 3523 καὶ
3026 3471 3174 3523 οὐδὲν
3215 3470 3326 3523 τῶν
3357 3470 3533 3525 ὄντων
3561 3475 3680 3527 όλο-

2094 3560 2265 3625 τελῶς
2304 3562 2655 3633 ἀπρονόητον,
2686 3562 2848 3614 τοῦτο
2888 3562 2996 3630 γάρ
3028 3564 3165 3627 ἐστι,
3201 3562 3262 3615 τὸ
3303 3564 3537 3618 καθόλου
3580 3565 3679 3621 τοῦ

2096 3652 2299 3721 ἀγαθοῦ
2328 3654 2634 3725 ἐστέρηται.
2671 3655 2779 3707 Kal.
2799 3654 2852 3706 τί
2874 3654 3016 3724 λέγω
3036 3656 3128 3709 ἐπὶ
3155 3658 3268 3718 τοῖς
3303 3658 3616 3727 γινομένοις
3643 3659 3676 3729 ἢ

2093 3738 2242 3796 οὖσιν
2271 3744 2523 3811 ἀγαθοῖς;
2569 3744 2702 3797 ἀλλά
2740 3746 2833 3798 καὶ
2878 3746 3059 3809 αὐτοῖς
3087 3748 3199 3809 τοῖς
3226 3748 3532 3816 γινομένοις
3571 3766 3677 3801 κα-

2095 3836 2231 3897 κοῖς,
2266 3834 2714 3907 ἀγαθοπρεπῶςή
2742 3836 2966 3907 πρόνοια
3000 3836 3258 3908 κέκτηται
3299 3837 3437 3908 πρὸς
3464 3855 3676 3909 σωφρο-

2096 3920 2301 3993 νισμὸν,
2326 3924 2357 3995 ἢ
2386 3924 2607 3978 ἐκείνων
2640 3924 2836 3989 αὐτῶν,
2873 3924 2905 3995 ἢ
2937 3925 3129 3990 ἄλλων,
3154 3926 3234 3979 διὸ
3271 3927 3460 3991 κακῶς
3488 3926 3676 3996 λέγου-

2098 4035 2180 4071 σιν
2224 4020 2273 4071 οἱ
2308 4018 2573 4087 λέγοντες·
2626 4020 2724 4073 Διά
2759 4020 2811 4074 τί
2845 4022 2944 4073 οὐκ
2982 4022 3234 4092 ἐποίησεν
3272 4024 3420 4094 ἡμᾶς
3468 4026 3496 4077 ὁ
3542 4026 3677 4090 Θεὸς

2095 4109 2285 4174 οὕτως,
2304 4110 2410 4173 ἴνα,
2434 4109 2537 4163 κᾶν
2558 4110 2819 4181 θέλωμεν,
2845 4111 2918 4181 μὴ
2941 4112 3342 4184 ἀμαρτάνωμεν
3362 4114 3549 4177 ςτοῦτο
3565 4117 3676 4187 γάρ

2094 4203 2245 4257 οὐδὲν
2285 4202 2468 4273 ἕτερόν
2508 4205 2655 4255 ἐστιν
2692 4200 2725 4273 ἢ
2761 4204 2939 4271 λέγειν
2956 4222 2969 4235 ·
2994 4205 3095 4257 Διά
3114 4204 3164 4257 τί
3190 4206 3263 4275 μὴ
3285 4206 3553 4277 ἀνοήτους
3580 4210 3675 4260 καὶ

2095 4292 2319 4363 ἀλόγους
2347 4295 2493 4365 ἡμᾶς
2517 4294 2735 4365 ἐποίησε
2759 4313 2772 4359 ;
2797 4295 2868 4348 Τὸ
2890 4296 2998 4367 γάρ
3022 4297 3080 4363 ἐξ
3106 4298 3348 4368 ἀνάγκης
3369 4300 3519 4368 ἡμᾶς
3542 4300 3673 4367 ἆγε-

2099 4384 2221 4437 σθαι
2254 4386 2339 4437 ἐπ’
2363 4384 2558 4456 ἀρετὴν
2576 4385 2696 4439 οὐτε
2719 4387 3121 4459 αὐτοκράτορας
3144 4389 3288 4458 ἡμᾶς
3320 4389 3533 4443 ἐδείκνυ
3566 4392 3675 4443 τῶν

432 4486 717 4541 quamnos
749 4470 921 4525 nostri
955 4484 1242 4537 rerumque
1280 4480 1587 4524 nostrarum
1629 4485 1901 4541 compotes
1932 4490 1995 4529 ac

2100 4477 2220 4530 καθ’
2243 4477 2487 4540 ἐαυτοὺς,
2512 4476 2633 4529 οὐτε
2651 4478 2748 4549 τὴν
2769 4478 2960 4547 νοεράν
2985 4478 3141 4549 ἡμῶν
3173 4476 3334 4547 φύσιν
3353 4475 3495 4534 εἶναι
3520 4499 3676 4534 συνε-

433 4570 679 4628 potentes
707 4558 1055 4621 declarasset,
1086 4571 1258 4625 neque
1292 4568 1540 4610 naturam
1577 4569 1815 4613 nostram
1848 4560 1997 4615 intel-

435 4651 685 4721 ligentem
712 4663 833 4703 esse
880 4648 1119 4702 sivisset.
1158 4646 1327 4702 Aufer
1370 4649 1512 4702 enim
1556 4648 1856 4705 libertatem
1899 4668 1994 4706 no-

435 4752 626 4801 stram,
656 4746 711 4793 et
741 4748 915 4806 neque
954 4735 1051 4790 Dei
1079 4736 1255 4805 imago
1281 4736 1504 4805 erimus,
1546 4754 1645 4793 nec
1676 4741 1995 4796 habebimus

435 4832 645 4885 animas
670 4830 958 4885 rationales
993 4840 1046 4886 et
1075 4830 1457 4901 intelligentes,
1489 4841 1544 4885 et
1582 4841 1775 4885 natura
1803 4845 1991 4888 nostra

437 4922 647 4992 penitus
688 4922 947 4977 interibit.
1000 4922 1102 4975 Per
1134 4933 1198 4977 se
1230 4929 1357 4976 Vero
1389 4922 1663 4977 mobilium
1704 4924 1859 4990 dixit,
1895 4942 1993 4994 pro

436 5015 587 5085 liberi
634 5014 867 5075 arbitrii,
924 5015 1114 5082 suique
1152 5015 1289 5083 juris
1338 5029 1403 5068 ae
1450 5019 1727 5085 potestatis
1762 5019 1993 5073 existen-

438 5108 572 5160 tium
618 5121 725 5159 non
757 5114 933 5158 autem
966 5120 1063 5174 pro
1103 5122 1161 5160 se
1192 5108 1541 5171 moventium,
1587 5111 1652 5161 ad
1691 5110 1994 5166 distinctio-

436 5213 562 5255 nem
595 5195 970 5262 immobilium,
1005 5207 1063 5249 ut
1093 5199 1404 5263 deiuorum;
1438 5198 1519 5252 vel
1550 5200 1616 5252 ab
1658 5199 1779 5254 aliis
1820 5213 1993 5255 moto-

436 5305 583 5354 rum,
622 5298 680 5341 ut
709 5287 944 5356 lapidum
979 5304 993 5317 ·
1025 5289 1296 5342 disserens
1325 5291 1466 5343 enim
1508 5293 1573 5344 de
1604 5292 1804 5346 virtute
1834 5293 1992 5346 αὐτο-

436 5381 831 5451 κινήτους,εοιι
855 5395 949 5447 per
979 5394 1037 5433 se
1065 5380 1310 5445 mobiles,
1343 5390 1590 5449 tanquam
1621 5383 1819 5438 liberos
1847 5400 1993 5439 acce-

2097 4567 2483 4638 χώρει.”Ανελε
2505 4568 2634 4636 γοῦν
2655 4571 2686 4638 ἡ
2696 4569 2810 4639 μῶν
2846 4569 2906 4622 τὸ
2926 4570 3291 4637 αὐτεξούσιον,
3318 4575 3415 4626 καὶ
3449 4575 3580 4629 οὔτε
3603 4580 3677 4629 εἰ-

2096 4657 2205 4710 κὼν
2226 4657 2357 4709 Θεοῦ
2380 4657 2631 4728 ἐσόμεθα,
2652 4658 2773 4711 οὐτε
2792 4658 2984 4729 ἕξομεν
3003 4660 3180 4731 ψυχὰς
3201 4661 3426 4730 λογικὰς
3449 4668 3545 4719 καὶ
3566 4686 3678 4720 νοε-

2096 4749 2216 4818 ρὰς,
2241 4749 2334 4801 καὶ
2346 4748 2421 4819 τῷ
2441 4738 2552 4802 ὃντί
2576 4749 2911 4820 φθαρήσεται
2935 4754 2968 4823 ἡ
2992 4754 3153 4820 φύσις
3171 4753 3349 4824 ἡμῶν.
3374 4757 3675 4830 Αὐτοκινή-

2092 4856 2199 4893 των
2222 4840 2299 4905 δέ,
2314 4840 2432 4893 ἀντὶ
2447 4841 2541 4894 τοῦ
2546 4843 2920 4927 (αὐτεξουσίων
2940 4844 3032 4898 καὶ
3051 4846 3475 4919 αὐτοκρατόρων
3493 4854 3673 4922 φησιν,

2093 4932 2153 4983 οὐ
2177 4932 2284 5004 γάρ
2304 4933 2413 4986 τῶν
2433 4935 2657 4998 ἑαυτοὺς
2678 4937 2966 4990 κινούντων
2988 4938 3129 5009 πρὸς
3140 4940 3551 5015 ἀντιδιαστολὴν
3570 4944 3675 4996 τῶν

2095 5025 2363 5096 ἀκινήτων
2398 5026 2473 5089 ὡς
2504 5026 2743 5099 οίκων,ἥ
2777 5031 3184 5101 ἑτεροκινήτων,
3208 5032 3283 5095 ὡς
3319 5032 3517 5086 λίθων·
3553 5038 3676 5105 περὶ

2096 5114 2204 5185 γὰρ
2227 5116 2424 5185 ἀρετῆς
2444 5117 2837 5189 διαλεγόμενος,
2860 5122 2985 5183 τοὺς
3006 5122 3393 5192 αὐτοκινήτους
3414 5124 3495 5188 ὡς
3516 5128 3672 5178 αὐτε-

2096 5205 2337 5271 ξουσίους
2375 5209 2667 5277 παρέλαϐε.
2691 5213 2916 5281 Συνάγει
2948 5215 3053 5283 ἄρα
3076 5215 3345 5278 ἐντεῦθεν,
3364 5218 3448 5270 ὅτι
3482 5221 3580 5270 οὐκ
3616 5218 3673 5270 ὃν

2099 5299 2159 5351 τὸ
2179 5301 2367 5362 κακὸν,
2389 5301 2480 5353 καὶ
2514 5304 2546 5373 ἡ
2578 5303 2791 5371 γένεσις
2816 5305 2978 5358 αὐτοῦ
3008 5306 3067 5358 οὐ
3104 5307 3245 5360 κατά
3265 5307 3522 5379 δύναμιν,
3545 5308 3674 5361 ἀλλά

2099 5389 2237 5441 κατὰ
2260 5390 2561 5446 ἀσθένειαν.

440 5473 533 5540 pit.
564 5472 704 5549 Hinc
735 5470 1239 5559 itaqrreconcltidit,
1286 5471 1485 5524 malum
1537 5488 1643 5526 non
1691 5490 1813 5530 esse
1860 5491 1978 5541 ens,
2022 5475 2303 5547 ipsumque
2351 5482 2494 5550 gigni
2537 5497 2641 5537 non
2684 5486 2975 5540 secundum
3009 5486 3283 5553 virtutem,
3341 5490 3439 5544 sed
3483 5505 3677 5545 secun-

439 5568 562 5620 dum
590 5544 1025 5617 imbecillitatem.

515 5653 543 5721 §
582 5653 819 5708 XXXIV.
860 5651 925 5708 Et
958 5656 1256 5711 immutatio
1290 5657 1614 5724 dmmonum,
1649 5661 1715 5714 ab
1745 5660 1896 5717 initio
1926 5677 1992 5717 ex

442 5742 585 5795 bono
621 5745 987 5811 existentium,
1026 5748 1253 5820 sed-non
1300 5764 1405 5819 qua
1437 5751 1721 5817 malorum,
1754 5753 1847 5808 sed
1888 5769 1991 5825 qua

2172 5664 2461 5735 §XXXIV.
2506 5656 2677 5735 Καιὴ
2713 5666 2993 5731 ἀλλοίωσις
3027 5669 3137 5722 τῶν
3175 5670 3450 5742 δαιμόνων
3484 5677 3550 5729 ἐκ
3582 5673 3675 5730 τοῦ

2101 5756 2303 5825 ἀγαθοῦ
2324 5757 2489 5811 ὄντων
2514 5756 2768 5827 ἀρχῆθεν,
2794 5759 2908 5813 ἀλλ’
2931 5761 3026 5832 οὐχ
3106 5763 3311 5829 κακῶν,
3338 5761 3463 5820 ἀλλ’
3537 5768 3672 5835 ara-
