3866 6234
212 327 335 383 815

787 330 875 387 ora
908 332 1163 390 mvmrs
1195 334 1594 404 NOMINIBUS,
1630 340 1782 396 CAP.
1820 341 1906 397 IV.
1941 375 2009 385 _
2048 344 2392 409 PARAPHR.
2431 311 2895 410 mammam.

3356 364 3458 420 8H

211 445 336 498 θῶν
369 444 461 498 καὶ
499 443 874 512 ἀγγελοειδῶν,
902 448 936 519 ἢ
971 450 1101 522 περὶ
1136 452 1233 523 τὴν
1270 454 1367 524 τῆς
1405 445 1791 523 ἀγγελοειδείας

1903 461 2161 515 bonorum
2195 471 2248 515 et
2278 464 2732 532 angeliformium,
2757 476 2851 522 aut
2874 468 3173 529 identitatis
3209 478 3462 547 angelica:

208 537 526 605 ταύτότητα
549 535 780 605 ἔλλειψις
808 538 901 591 καὶ
918 540 1169 596 ἀσθένειά
1190 543 1325 597 ἐστι.
1351 545 1508 613 Λέγω
1526 546 1581 598 δὲ
1603 548 1685 600 ὅτι
1707 549 1791 601 καὶ

1901 552 2085 605 forma:
2112 562 2197 608 est
2219 554 2446 611 defectio
2471 565 2526 611 et
2550 558 2911 617 imbecillitas.
2937 563 3068 619 Dico
3093 535 3459 625 autemvetiam

208 621 369 680 οὗτοι
392 627 484 680 τοῦ
507 626 712 695 ἀγαθοῦ
731 628 989 698 ἐφίενται,
1008 631 1141 685 καθὸ
1160 632 1253 685 τοῦ
1277 628 1433 698 εἶναι,
1452 637 1545 688 καὶ
1564 636 1658 689 τοῦ
1677 637 1794 708 ζῇν,

210 718 320 770 καὶ
338 717 432 772 τοῦ
454 722 593 772 νοεῖν
619 721 858 790 ἐφίενται
881 739 894 751 ⁸
928 724 1020 776 καὶ
1056 724 1116 789 ἐξ
1153 727 1475 797 ἀποφάσεως
1514 730 1793 799 ἐπιχειρεῖ·

208 810 281 863 Εἰ
322 812 425 866 οὐκ
458 812 699 882 ἐφίενται
735 816 829 869 τοῦ
856 817 1080 885 ἀγαθοῦ,
1110 820 1350 887 ἐφίενται
1382 820 1474 873 τοῦ
1514 821 1587 893 μὴ
1621 822 1791 888 ὄντος·

209 904 318 957 καὶ
356 905 513 960 τοῦτο
550 908 735 977 ἔφεσις
774 910 873 963 οὐκ
910 911 1077 975 ἔστιν,
1100 911 1322 982 οὐδεμία
1355 913 1465 986 γάρ
1486 914 1669 985 ἔφεσίς
1688 934 1795 970 τισι

205 994 315 1047 τοῦ
361 996 436 1068 μὴ
472 993 629 1062 εἶναι,
653 998 786 1053 ἀλλά
807 1003 1073 1076 φθαρῆναι
1090 1020 1104 1035 ⁸
1127 1004 1240 1057 ἀλλ’
1263 1005 1502 1077 ἁμαρτία
1522 1008 1678 1061 τοῦτο
1696 1009 1795 1079 τῆς

204 1086 392 1154 ὅντως
412 1090 670 1159 ἐφέσεως.

286 1180 318 1252 §
341 1181 556 1237 XXXV.
589 1184 802 1258 Ἐπειδὴ
825 1182 996 1253 εἶπεν,
1018 1190 1180 1246 ὅτιτὸ
1199 1191 1368 1246 κακὸν
1383 1193 1636 1248 ἀσθένειά
1656 1197 1790 1261 ἐστι,

206 1275 317 1326 καί
338 1274 569 1346 ἔλλειψις
587 1279 682 1332 τοῦ
706 1282 764 1333 ἐν
780 1281 994 1353 ἑκάστῳ
1009 1284 1236 1352 ἀγαθοῦ,
1256 1285 1367 1339 ἐστι
1388 1286 1444 1339 δὲ
1463 1286 1522 1340 ἓν
1540 1287 1648 1343 τῶν
1668 1290 1797 1358 ἀγα-

207 1362 335 1418 θῶν
362 1368 456 1420 καὶ
492 1371 520 1440 ἡ
542 1370 649 1423 τῶν
672 1372 851 1427 καλῶν
868 1375 1087 1443 γνῶσις,
1111 1378 1204 1431 καὶ
1224 1378 1503 1431 ἀκολουθεῖ
1524 1380 1791 1446 ἐντεῦθεν,

205 1458 404 1511 πᾶσαν
423 1460 519 1530 τὴν
541 1462 629 1515 διά
653 1464 902 1536 πράξεως
936 1468 1208 1540 ἁμαρτίαν
1242 1470 1485 1539 γίνεσθαι
1518 1474 1577 1526 ἐν
1609 1475 1675 1543 τῇ
1708 1475 1795 1527 ἐλ-

207 1545 394 1619 λείψει
426 1552 524 1623 τῆς
559 1556 812 1628 τοιαύτης
835 1558 1087 1628 γνώσεως
1103 1577 1116 1590 ⁸
1142 1560 1259 1625 πῶς
1279 1562 1390 1633 ἔχει
1409 1564 1492 1628 τὸ,
1525 1566 1661 1619 Οὐαὶ
1680 1570 1792 1631 τοῖς

212 1640 278 1693 ἐν
315 1641 513 1709 γνώσει
547 1647 945 1719 ἀμαρτάνουσιί
971 1651 1063 1705 καὶ
1083 1652 1163 1716 τὸ,
1194 1652 1248 1706 '0
1272 1653 1443 1721 εἰδὼς
1472 1655 1536 1710 τὸ
1567 1660 1794 1729 θέλημα

214 1735 331 1790 τοῦ
360 1740 583 1805 Κυρίου
610 1742 819 1809 αὐτοῦ,
850 1743 1052 1814 καὶμὴ
1076 1745 1260 1801 ποιῶν
1283 1749 1451 1813 αὐτὸ,
1471 1749 1794 1819 δαρήσεται

1899 645 1997 698 hos
2019 642 2218 697 bonum
2249 647 2578 715 desulerare,
2611 649 2664 704 in
2693 660 2953 719 quantum
2976 664 3025 709 et
3056 669 3175 712 esse
3201 666 3257 713 et
3280 660 3460 718 vivere

1896 744 1950 788 et
1996 733 2293 806 intelligere
2343 738 2680 806 desiderant;
2711 751 2764 797 et
2804 759 2869 799 ex
2914 748 3219 806 assertione
3247 754 3460 809 conclu-

1897 827 2014 879 dit:
2056 825 2111 880 Si
2147 844 2252 881 non
2287 831 2601 888 desiderant
2642 837 2866 904 bonum,
2894 842 3209 898 desiderant
3238 845 3291 900 id
3317 849 3459 916 quod

1895 914 2058 987 426
2099 933 2204 973 non
2234 928 2349 985 est;
2382 931 2437 976 et
2478 924 2578 979 hoc
2617 941 2721 980 non
2755 938 2835 983 est
2863 930 3207 999 desiderium,
3254 939 3457 995 nullum

1895 1007 2037 1061 enim
2075 1009 2414 1080 quibuspiam
2455 1015 2778 1073 desiderium
2824 1030 2906 1075 est
2951 1038 3055 1078 nou
3094 1030 3331 1096 essendi,
3363 1034 3459 1089 sed

1896 1105 2202 1172 corrumpi;
2232 1117 2288 1162 at
2318 1108 2417 1162 hoc
2446 1117 2530 1165 est
2557 1126 2710 1166 error
2737 1115 2852 1168 veri
2886 1116 3154 1175 desiderii.

1967 1194 1994 1265 §
2034 1196 2251 1253 XXXV.
2280 1199 2413 1255 Cum
2441 1204 2658 1270 dixerit,
2688 1206 2885 1262 malum
2910 1210 2962 1264 in
2999 1228 3317 1285 unoquoque
3339 1233 3458 1275 esse

1896 1283 2316 1345 imbecillitatem
2365 1302 2422 1346 et
2464 1294 2823 1351 defectionem
2873 1300 3019 1367 boni,
3052 1283 3312 1360 bonorum
3360 1326 3458 1362 au-

1896 1384 2003 1431 tem
2033 1366 2405 1453 malorumque
2431 1385 2501 1439 sit
2528 1402 2632 1439 una
2661 1390 2920 1458 cognitio,
2950 1366 3153 1450 ethinc
3176 1408 3455 1467 sequatur,

1894 1484 2055 1525 omne
2087 1484 2364 1539 peccatum
2391 1477 2618 1530 actionis
2646 1478 2763 1534 fieri
2790 1482 2999 1537 defectu
3036 1486 3339 1543 istiusmodi
3363 1509 3458 1547 co—

1894 1561 2185 1629 gnitionis;
2230 1568 2501 1633 quomodo
2537 1568 2797 1626 subsistet
2831 1573 2958 1627 illud
2998 1593 3012 1628 :
3056 1577 3145 1630 Va:
3180 1584 3455 1645 peccanti-

1892 1651 1994 1706 bus
2021 1667 2143 1706 cum
2194 1655 2534 1724 cognitione!
2582 1670 2637 1713 et
2681 1660 2812 1716 illud
2860 1681 2874 1717 :
2915 1663 3097 1720 Sciens
3138 1668 3455 1725 voluntatem

1894 1740 2107 1796 Domini
2134 1744 2239 1805 sui,
2271 1754 2319 1798 et
2352 1762 2453 1799 non
2486 1748 2685 1815 faciens
2714 1768 2852 1820 eam,
2880 1756 3143 1824 vapulabit
3168 1759 3346 1813 multis
3373 1760 3437 1814 ’ἵ

214 1829 479 1897 πολλάς
501 1830 640 1885 ὥστε
662 1834 735 1904 μὴ
757 1837 1053 1907 γενομένης
1071 1838 1171 1909 τῆς
1188 1839 1281 1893 τοῦ
1304 1841 1468 1895 καλοῦ
1486 1843 1787 1913 ἐλλείψεως,

1898 1851 2002 1889 non
2025 1836 2141 1891 sine
2168 1836 2289 1890 boni
2318 1851 2410 1892 seu
2436 1842 2756 1910 cognitionis
2781 1844 2991 1901 defectu
3024 1858 3304 1916 peceatum
3338 1853 3454 1908 fieri

211 1920 462 1991 δηλονότι
502 1923 605 1993 τῆς
642 1925 970 2000 γνώσεως,ή
1009 1931 1249 2003 ἁμαρτία
1282 1934 1493 2004 πέφυκε
1523 1937 1791 2005 γίνεσθαι.

211 2011 550 2084 Θαυμασίως
576 2018 706 2086 γοῦν
727 2019 841 2074 λύει
873 2022 934 2074 τὸ
965 2022 1187 2094 ἄπορον,
1207 2027 1291 2079 ὅτι
1319 2027 1540 2081 κάκεῖσε
1564 2028 1794 2099 ἔλλειψίς

210 2121 302 2170 τις
323 2107 620 2173 ἀκολουθεῖ,
641 2110 732 2164 καὶ
747 2111 999 2166 ἀσθένεια
1015 2130 1029 2144 ⁸
1052 2115 1334 2170 ἀσθενοῦσι
1365 2119 1473 2188 γὰρ
1499 2122 1737 2176 κάκεῖνοι
1758 2125 1792 2196 ἢ

213 2199 350 2269 περὶ
384 2200 483 2270 τὴν
519 2201 715 2265 πίστιν,
740 2203 815 2267 ὼς
850 2205 1135 2271 ἀκούοντες
1154 2202 1272 2278 μὲν,
1298 2211 1371 2282 μὴ
1401 2211 1614 2282 ἔχοντες
1634 2215 1689 2267 δὲ
1710 2233 1796 2269 τε-

212 2287 369 2341 λείαν
409 2289 590 2344 πίστιν
624 2291 734 2346 τῶν
772 2293 1107 2367 λεγομένων·
1152 2299 1186 2370 ἢ
1226 2304 1353 2373 περὶ
1386 2304 1485 2375 τὴν
1519 2306 1797 2376 ἐνέργειαν

212 2380 360 2433 κατά
380 2381 480 2453 τὴν
502 2385 857 2458 παρατροπὴν
876 2388 979 2458 τῆς
998 2388 1252 2461 ὀρέξεως,
1273 2394 1395 2447 καθ’
1418 2396 1486 2467 ἢν
1518 2396 1578 2449 οὐ
1612 2396 1796 2467 βούλε-

210 2471 308 2524 ταί
328 2488 411 2536 τις
433 2473 494 2528 τὸ
504 2472 728 2544 ἀγαθὸν,
750 2478 885 2532 ἀλλά
910 2480 971 2533 τὸ
988 2482 1176 2536 κακόν⁸
1201 2485 1425 2539 καθόλου
1446 2486 1554 2559 γὰρ
1570 2489 1600 2540 ό
1625 2489 1792 2545 ποιῶν

210 2567 277 2619 τὸ
317 2570 488 2621 κακὸν
516 2568 586 2621 δι’
601 2568 836 2640 ἔλλειψιν
868 2576 1011 2627 ποιεῖ
1029 2574 1263 2649 τοῦτο,ἥ
1291 2580 1391 2651 τῆς
1414 2580 1667 2649 γνώσεως
1692 2585 1792 2656 τῆς

207 2658 472 2731 διδακτῆς
522 2661 797 2732 δηλονότι,
839 2665 906 2736 ἢν
950 2667 1044 2720 καὶ
1089 2667 1221 2741 λήθη
1276 2671 1530 2738 πολλάκις
1574 2674 1792 2730 δύναται

208 2752 567 2823 ἀμαυρῶσαι,
586 2757 651 2826 ἣν
675 2756 767 2810 καὶ
789 2756 1043 2830 ἀνωτέρω
1062 2759 1164 2832 ἔφη
1185 2761 1245 2827 ἐξ
1266 2764 1432 2837 ἀκοῆς
1452 2756 1787 2835 ἐγγίνεσθαι·

210 2839 247 2910 ἢ
270 2840 375 2911 τῆς
396 2841 495 2914 άλή
505 2858 628 2897 στου
652 2844 924 2914 γνώσεως,
945 2849 1186 2919 δηλονότι
1208 2854 1306 2924 τῆς
1322 2855 1387 2908 ἐκ
1405 2858 1639 2929 φυσικῆς
1662 2859 1795 2914 θεω-

212 2931 363 3000 ρίας,
387 2932 420 3003 ἢ
444 2934 761 3006 ἐλλάμψεως
795 2938 1092 3006 ἀδιδάκτως
1129 2948 1558 3020 προσγινομένης
1577 2966 1590 2979 ⁸
1626 2949 1660 3022 ἢ
1693 2951 1793 3023 τῆς

210 3023 474 3091 πίστεως,
495 3026 571 3091 ὡς
601 3029 814 3085 ἀκούων
836 3031 958 3101 μὲν,
985 3034 1059 3106 μὴ
1089 3035 1229 3107 ἔχων
1261 3037 1317 3091 δὲ
1344 3040 1553 3096 τελείαν
1584 3042 1683 3115 τὴν
1704 3045 1792 3099 πί-

210 3134 339 3171 στιν
373 3119 509 3190 πρὸς
540 3120 609 3174 τὰ
643 3122 938 3195 λεγόμενα·
978 3125 1012 3197 ἢ
1047 3128 1143 3199 τῆς
1186 3130 1440 3199 ἐφέσεως,
1480 3135 1560 3188 ὅτι
1604 3137 1790 3203 κακῶς

1895 1931 2085 1996 possit.
2124 1929 2353 1989 Mirabili
2408 1950 2538 1990 sane
2578 1937 2737 1991 modo
2787 1938 3010 1993 resolvit
3058 1945 3452 2009 quaestionem,

1894 2021 2038 2087 quod
2084 2021 2338 2078 nimirum
2370 2026 2457 2080 hic
2491 2027 2654 2081 etiam
2688 2027 3012 2084 interveniat
3046 2034 3276 2090 defectio
3304 2052 3452 2102 quae-

1894 2109 2016 2163 dam
2043 2121 2206 2180 atque
2241 2113 2619 2184 imbecillitas;
2651 2120 2906 2188 quoniam
2942 2121 3015 2176 illi
3053 2139 3269 2195 quoque
3308 2128 3455 2182 infir-

1894 2209 2112 2253 mantur
2142 2201 2223 2255 vel
2246 2203 2390 2260 circa
2422 2206 2599 2272 fidem,
2641 2208 2713 2262 ita
2746 2212 2805 2262 iit
2844 2212 3089 2278 audiant,
3118 2217 3211 2270 sed
3246 2217 3310 2271 iis
3335 2234 3453 2287 qua:

1894 2290 2145 2344 dicuntur
2192 2292 2401 2349 ﬁrmam
2447 2295 2608 2352 ﬁdem
2652 2315 2757 2354 non
2802 2302 3126 2373 adhibeant;
3180 2307 3262 2362 vel
3305 2309 3451 2366 circa

1892 2383 2261 2450 operationem
2286 2423 2303 2451 ,
2351 2391 2649 2445 secundum
2690 2392 2945 2450 desiderii
3001 2401 3407 2466 perversitatem
3432 2445 3448 2469 ,

1892 2478 2036 2543 quod
2072 2477 2203 2535 velit
2239 2481 2361 2548 quis
2398 2497 2505 2537 non
2542 2483 2765 2551 bonum,
2795 2488 2886 2543 sed
2913 2488 3133 2557 malum;
3163 2496 3451 2550 universim

1892 2569 2038 2624 enim
2078 2572 2169 2642 qui
2220 2573 2349 2629 facit
2376 2576 2597 2644 malum,
2631 2590 2853 2651 propter
2876 2582 3149 2639 defectum
3190 2585 3242 2640 id
3290 2587 3450 2654 facit,

1893 2660 1977 2713 vel
2012 2662 2337 2732 cognitionis
2373 2665 2583 2723 scilicet
2614 2672 2953 2740 doctrinalis,
2996 2689 3159 2745 quam
3185 2676 3271 2732 vel
3315 2678 3454 2733 obli—

1892 2753 1980 2808 vio
2004 2768 2377 2823 saepenumero
2399 2758 2716 2818 oblitterare
2744 2775 2943 2834 potest,
2972 2782 3137 2837 quam
3161 2769 3328 2825 etiam
3367 2785 3455 2826 su-

1892 2845 2072 2913 perius
2107 2848 2244 2902 dixit
2274 2863 2344 2904 ex
2383 2852 2570 2907 auditu
2610 2853 2950 2925 ingenerari;
2984 2859 3068 2915 vel
3113 2859 3328 2930 liquidae
3356 2878 3452 2919 co-

1892 2936 2170 3006 gnitiouis,
2196 2954 2317 3009 quae
2344 2942 2601 2997 nimirum
2632 2960 2700 3000 ex
2726 2949 2956 3003 naturali
2984 2951 3333 3008 meditatione
3361 2964 3456 3010 aut

1892 3034 2256 3093 illustratione
2293 3038 2411 3095 sine
2452 3040 2678 3098 doctore
2721 3044 2983 3112 inbteret;
3008 3048 3092 3103 vel
3124 3048 3271 3115 ﬁdei,
3294 3051 3368 3105 ita
3394 3063 3454 3107 ut

1892 3125 2013 3194 quis
2035 3126 2222 3182 audiat
2249 3130 2491 3199 quidem,
2524 3133 2618 3188 sed
2639 3148 2745 3190 non
2766 3136 3006 3206 perfecte
3028 3141 3216 3196 credat
3243 3157 3308 3197 ea
3334 3159 3454 3212 qua:

207 3210 428 3279 ἐφίεται
467 3215 559 3268 καὶ
596 3216 897 3288 ἁμαρτάνει
936 3221 1063 3292 περὶ
1098 3222 1195 3294 τὴν
1217 3225 1400 3294 ἔφεσιν
1422 3243 1436 3258 ·
1461 3228 1493 3299 ἢ
1516 3231 1614 3301 τῆς
1635 3233 1787 3304 ἐνερ-

1893 3217 2175 3286 dicuntur;
2209 3221 2291 3276 vel
2328 3222 2605 3291 desiderii,
2645 3235 2704 3281 ut
2743 3204 2960 3297 quando
2990 3232 3113 3301 quis
3142 3235 3284 3291 male
3312 3204 3452 3290 desi-

206 3304 372 3372 γείας
409 3305 502 3359 τοῦ
537 3308 765 3377 ἀγαθοῦ,
798 3310 874 3376 ὡς
911 3313 1230 3386 βουλόμενος
1269 3319 1367 3389 μὲν
1409 3323 1695 3394 ἐνεργῆσαι
1730 3324 1792 3378 τδ

205 3399 441 3472 ἀγαθον,
467 3401 885 3474 ἐμποδιζόμενος
916 3406 974 3458 δὲ
1000 3407 1089 3461 διά
1108 3425 1187 3462 τι·
1215 3410 1335 3463 ὅθεν
1358 3413 1449 3466 καὶ
1470 3415 1578 3468 ἀπὸ
1599 3417 1788 3472 τούτου

204 3491 486 3546 εἰσϐάλλει
508 3495 730 3567 ἀπορία.
750 3496 963 3565 Καίτοι,
985 3501 1117 3572 φαίη
1133 3520 1214 3567 τις
1237 3503 1322 3569 ἂν,
1348 3511 1704 3576 συγγνωστὸν,
1728 3512 1787 3565 οὐ

205 3585 524 3656 τιμωρητὸν
545 3589 577 3659 ή
597 3588 870 3645 ἀσθένεια.
890 3591 1027 3646 Ἀλλ’
1044 3594 1205 3659 εὐθὺς
1224 3598 1258 3668 ἡ
1283 3597 1452 3664 λύσις.
1478 3601 1541 3653 Ei
1570 3600 1668 3672 μὲν
1690 3604 1791 3658 οὐκ

208 3676 436 3747 εἴχομεν
470 3677 531 3732 τὸ
563 3679 842 3747 δύνασθαι,
864 3684 1043 3749 καλῶς
1062 3685 1128 3740 ἂν
1148 3683 1292 3759 εἶχεν
1312 3692 1342 3743 ό
1372 3690 1556 3761 λόγος’
1583 3695 1705 3748 ἐπεὶ¹
1732 3695 1789 3749 δὲ

206 3768 277 3818 ἐκ
298 3766 394 3819 τοῦ
419 3767 622 3834 ἀγαθοῦ
648 3772 778 3841 ἡμῖν
797 3772 858 3824 τὸ
878 3772 1152 3841 δύνασθαι,
1178 3777 1278 3831 οὐκ
1300 3780 1579 3834 ἐπαινετὸν
1608 3784 1789 3856 ήπερὶ

205 3858 272 3911 τὸ
314 3858 517 3927 ἀγαθὸν
553 3862 816 3933 ἁμαρτία.
837 3864 995 3918 Ἀλλά
1026 3868 1197 3921 ταῦτα
1235 3872 1333 3942 μὲν
1370 3874 1428 3926 ἐν
1465 3874 1635 3945 ἑτέρῳ
1659 3891 1789 3943 συγ-

205 3952 503 4025 γράμματι
524 3955 863 4027 διελὰϐομεν,
887 3959 1008 4012 καθ’
1031 3961 1096 4031 ῆν
1131 3966 1508 4035 πραγματείαν
1529 3969 1622 4020 καὶ
1643 3970 1789 4039 ἡγω-

205 4044 484 4115 νισάμεθα
521 4045 655 4117 πρὸς
682 4048 809 4111 τοὺς
832 4050 1180 4121 περὶτούτων
1205 4057 1546 4124 σοφιστικοὺς
1567 4056 1660 4111 καὶ
1682 4075 1786 4111 πα-

210 4138 491 4208 ράφρονας
533 4131 755 4209 λόγους·
783 4141 877 4196 νῦν
914 4144 971 4197 δὲ
1006 4146 1136 4217 ἡμῖν
1168 4147 1477 4218 ἀρκούντως
1506 4149 1567 4203 τὸ
1587 4151 1787 4219 ἀγαθὸν

208 4220 475 4292 ὕμνηται,
499 4222 575 4287 ὡς
598 4225 815 4279 πάντων
841 4226 949 4281 τῶν
983 4229 1200 4299 ἀγαθῶν
1222 4230 1408 4297 αίτιον,
1433 4235 1526 4288 καὶ
1563 4235 1669 4289 τῶν
1688 4253 1789 4289 κα-

207 4313 328 4367 κῶν
346 4314 582 4369 ἀναίτιον
600 4333 613 4346 ⁸
635 4317 710 4381 ὡς
731 4319 1008 4385 είδοποιδν,
1034 4322 1126 4375 καὶ
1158 4323 1233 4388 ὡς
1266 4325 1438 4395 πέρας
1458 4325 1564 4379 τῶν
1582 4326 1748 4381 ὄντων
1767 4344 1781 4360 ο

209 4404 389 4475 πέρας
408 4404 465 4459 δὲ
488 4407 547 4460 οὐ
572 4410 819 4477 φυσικὸν,
843 4411 976 4466 ἀλλά
997 4413 1383 4486 δημιουργικὸν
1404 4416 1483 4488 (τὸ
1502 4418 1610 4490 γὰρ
1630 4435 1785 4488 φυσι-

207 4494 310 4547 κδν
330 4495 504 4581 πέρας
523 4500 582 4553 ἐν
602 4500 680 4571 τῷ
701 4518 935 4574 περατου
944 4505 1088 4577 μένῳ
1108 4506 1244 4573 ἐστὶ,
1267 4507 1341 4572 ὡς
1365 4510 1397 4580 ὴ
1422 4510 1622 4582 στιγμὴ
1638 4513 1694 4564 ἐν
1716 4512 1782 4582 τῇ
1818 4544 1861 4600 ο

209 4580 444 4659 γραμμῇ
462 4589 501 4662 ⁸)
528 4590 603 4656 ὡς
630 4593 723 4646 καὶ
743 4594 879 4650 αὑτά
897 4596 964 4650 τά
992 4597 1133 4652 κακά
1163 4599 1449 4669 ἀγαθῦνον,
1474 4580 1569 4655 καὶ
1585 4580 1665 4657 ὅτι
1682 4580 1785 4658 mi;

210 4677 301 4730 σίν
322 4679 468 4733 ἐστιν
488 4684 700 4751 ἐφετὸν,
725 4685 818 4740 καὶ
838 4686 938 4741 ὅσα
958 4688 1093 4742 ἀλλα
1110 4691 1139 4743 ὁ
1159 4690 1315 4760 λόγος
1336 4690 1605 4759 ἀπέδειξε.

1892 3310 2047 3365 derat
2084 3322 2142 3366 et
2187 3328 2378 3384 peccat
2422 3320 2567 3376 circa
2607 3322 2969 3390 desiderium;
3004 3325 3089 3380 vel
3122 3328 3452 3396 operationis

1892 3401 2060 3465 bonae,
2090 3402 2164 3457 ita
2191 3414 2251 3460 ut
2279 3406 2408 3462 velit
2449 3410 2667 3479 quidem
2711 3415 2910 3469 bonum
2946 3430 3126 3487 agere,
3167 3430 3227 3473 re
3272 3430 3453 3476 autem

1889 3496 2142 3564 quapiam
2184 3501 2565 3570 praepediatur,
2601 3505 2742 3560 unde
2785 3507 2949 3562 etiam
2984 3509 3111 3565 hinc
3148 3511 3325 3566 oritur
3361 3513 3453 3567 de-

1890 3587 2083 3645 fectus.
2107 3591 2269 3663 Atqui
2298 3595 2442 3651 dicet
2468 3596 2685 3668 aliquis,
2717 3600 3124 3658 condonandam
3153 3619 3273 3662 esse
3299 3607 3449 3662 inﬁr-

1889 3683 2155 3749 mitatem,
2184 3694 2236 3740 et
2265 3687 2488 3744 minime
2514 3693 2863 3760 puniendam.
2894 3696 2974 3751 En
3002 3696 3056 3751 in
3085 3711 3334 3770 promptu
3365 3715 3427 3757 se

1888 3770 2039 3827 lutio.
2065 3774 2341 3845 Siquidem
2382 3778 2613 3836 facultas
2648 3798 2754 3838 non
2800 3796 3130 3856 suppeteret,
3161 3800 3307 3846 recte
3341 3793 3417 3847 uti

1886 3879 1991 3935 que
2034 3867 2087 3921 id
2133 3869 2436 3940 diceretur;
2486 3890 2607 3928 cum
2655 3888 2837 3934 autem
2887 3894 2954 3935 ex
3004 3880 3145 3937 bono
3187 3882 3341 3938 nobis
3381 3885 3452 3941 sit

1887 3973 2067 4027 posse,
2118 3978 2459 4034 nequaquam
2507 3966 2789 4027 laudabilis
2833 3980 2919 4029 est
2960 3973 3142 4044 lapsus
3180 3978 3328 4033 circa
3358 3980 3453 4034 bo-

1888 4068 2038 4107 num.
2065 4052 2262 4111 Verum
2294 4057 2411 4113 haec
2442 4058 2494 4114 in
2526 4069 2757 4117 tractatu
2782 4065 3014 4134 quodam
3044 4067 3152 4123 alio
3183 4070 3451 4139 explicui-

1888 4160 2028 4211 mus,
2064 4145 2115 4201 in
2154 4163 2262 4218 quo
2295 4157 2525 4206 tractatu
2564 4158 2925 4223 quorumdam
2955 4159 3227 4229 captiosas
3253 4171 3308 4216 et
3342 4174 3453 4218 sto.

1887 4233 2020 4288 lidas
2046 4237 2284 4293 rationes
2319 4239 2782 4313 impugnavimus;
2811 4245 2924 4315 jam
2958 4264 3087 4305 vero
3112 4265 3142 4305 a
3180 4253 3340 4307 nobis
3364 4268 3423 4307 sa

1887 4327 1956 4382 tis
1995 4327 2269 4385 laudatum
2326 4342 2409 4387 est
2456 4335 2679 4403 bonum,
2734 4346 2793 4392 ut
2843 4355 3007 4395 causa
3061 4351 3143 4397 est
3186 4343 3448 4400 bonorum

1884 4418 2152 4485 omnium,
2190 4430 2245 4476 et
2278 4421 2478 4478 nullius
2515 4425 2676 4490 mali;
2705 4434 2763 4480 ut
2787 4436 2869 4483 est
2891 4443 3057 4485 causa
3096 4431 3284 4487 formae
3312 4433 3447 4487 ell‘e-

1886 4513 2027 4568 ctrix
2050 4530 2116 4569 ac
2146 4515 2268 4569 finis
2296 4530 2501 4582 rerum,
2536 4517 2659 4574 ﬁnis
2694 4530 2877 4575 autem
2901 4536 3011 4577 non
3042 4525 3326 4592 naturalis,
3353 4527 3447 4580 sed

1888 4602 2125 4661 efﬁciens
2157 4606 2444 4676 (terminus
2472 4610 2616 4663 enim
2651 4612 2912 4667 naturalis
2942 4623 3026 4669 est
3056 4615 3109 4669 in
3134 4616 3443 4678 terminato,

1886 4696 2026 4751 sicut
2054 4706 2311 4765 punctum
2338 4699 2391 4755 in
2429 4700 2627 4771 linea);
2654 4711 2714 4757 ut
2736 4704 2828 4774 qui
2858 4706 3022 4760 etiam
3052 4707 3276 4777 ipsamet
3308 4709 3447 4761 mula

207 4769 353 4825 bona
384 4775 653 4841 reddit,et
673 4779 764 4849 qui
787 4782 1037 4839 omnibus
1065 4784 1134 4839 sit
1160 4784 1490 4855 expetendus
1517 4794 1571 4841 et
1597 4787 1859 4844 amandus
1914 4799 1969 4845 et
2013 4790 2335 4863 diligendus,
2388 4808 2443 4849 et
2477 4769 2811 4866 qua-cunque
2866 4797 2967 4852 alia
3012 4769 3187 4854 oratio
3230 4801 3451 4854 deumn-

207 4869 426 4923 stravit.

318 5061 360 5087 ⁸³
385 5048 521 5118 Luc.
553 5075 655 5118 xu.
687 5016 778 5117 υἱ.
