3866 6234
442 314 547 376 815
1618 316 1673 373 S.
1710 317 2000 373 DIONYSII
2036 316 2495 375 AREOPAGITA‘J
3612 320 3647 372 ε
3664 320 3734 372 I6

857 632 1017 706 427
1071 617 1455 708 CAPUT
1523 618 1639 707 V.
2045 617 2093 673 Α

2045 617 2093 673 Α
2513 617 3155 705 ΚΕΦΑΛΑΙΟΝ
3197 619 3306 703 Ε’.

653 762 725 815 De
750 772 885 828 ente,
917 762 971 815 in
993 778 1095 831 quo
1123 763 1282 816 etiam
1308 762 1373 816 de
1396 761 1803 831 exemplaribus.

2222 730 2361 828 Περὶ
2386 760 2580 825 ὄντος,
2610 758 2679 813 ἐν
2704 756 2752 824 ᾦ
2779 757 2877 813 καὶ
2914 757 3049 828 περὶ
3074 758 3600 830 παραδειγμάτω.

1738 914 2070 974 SYNOPSIS
2106 914 2404 973 CAPITIS.

434 1062 476 1116 I.
507 1061 666 1115 Docet
691 1060 883 1123 Deum,
911 1072 1067 1130 prout
1104 1062 1163 1113 in
1216 1076 1271 1115 se
1291 1068 1393 1123 est,
1421 1075 1585 1130 neque
1613 1062 1857 1128 cognosci
1897 1076 2057 1130 neque
2094 1059 2356 1130 explicari
2379 1076 2566 1129 posse;
2598 1069 2647 1114 et
2679 1061 2928 1127 ostendit,
2951 1058 3213 1129 quomodo
3241 1076 3429 1114 nomen
3455 1060 3596 1114 boni
3625 1060 3723 1113 la-

505 1135 608 1185 tius
634 1141 811 1200 pateat
844 1128 1001 1200 quam
1024 1148 1210 1185 nomen
1239 1132 1395 1184 entis.
1434 1128 1497 1183 II.
1526 1132 1611 1182 Ait
1644 1130 1743 1183 sibi
1768 1128 2095 1199 propositum
2127 1128 2260 1191 esse,
2291 1128 2460 1184 Deum
2498 1130 2782 1184 secundum
2815 1128 3172 1199 providentiae
3199 1146 3290 1184 seu
3322 1133 3721 1186 emanationes

501 1203 815 1269 praedicare.
858 1200 943 1255 III.
985 1202 1095 1266 Ea,
1131 1218 1247 1270 qute
1286 1200 1453 1253 Deum
1495 1204 1663 1269 magis
1700 1202 2053 1269 participant,
2081 1202 2128 1253 ei
2164 1217 2274 1254 esse
2307 1203 2702 1269 propinquiora.
2734 1201 2818 1257 IV.
2856 1201 3016 1255 Deum
3038 1218 3147 1255 esse
3167 1202 3342 1255 omnia
3370 1202 3428 1256 in
3447 1205 3721 1255 omnibus

501 1274 809 1343 eminenter.
838 1270 905 1343 V_.
932 1270 1014 1325 Ea:
1043 1272 1147 1325 Deo
1172 1288 1283 1324 esse
1307 1287 1473 1323 (ccum
1497 1280 1545 1323 et
1574 1284 1799 1339 tempus,
1824 1282 1871 1325 et
1898 1272 2074 1343 omnia
2100 1286 2117 1323 :
2147 1272 2442 1343 etigradum
2468 1272 2738 1343 ent_i_s_ess_e
2760 1274 2989 1343 primum
3012 1288 3103 1325 seu
3126 1272 3569 1341 antiquissimum
3602 1271 3716 1326 Dei

502 1346 717 1397 donum.
749 1342 833 1396 VI.
864 1340 1102 1395 Crudum
1129 1344 1263 1395 eutis
1287 1350 1335 1394 et
1370 1356 1451 1413 res
1480 1356 1670 1413 omnes,
1694 1357 1804 1413 esse
1828 1358 1866 1413 7a
1893 1341 2004 1395 Deo
2031 1352 2078 1394 et
2108 1345 2164 1396 in
2194 1340 2299 1413 Deo
2333 1343 2496 1395 unite.
2542 1340 2655 1413 VII.
2698 1341 2765 1394 In
2794 1341 2925 1408 Deo,
2963 1350 3212 1413 tanquam
3241 1358 3403 1395 causa
3431 1345 3714 1405 omnium,

501 1414 682 1466 omnia
722 1413 880 1465 etiam
910 1412 1179 1466 contraria
1205 1428 1315 1465 esse
1345 1412 1519 1465 unita.
1561 1409 1695 1464 VIII.
1736 1411 1779 1462 Α
1812 1412 1918 1465 Deo
1950 1413 2170 1479 spiritus
2198 1411 2426 1465 caelestes
2454 1420 2505 1466 et
2545 1412 2757 1465 animas
2787 1422 2834 1464 et
2864 1428 2943 1466 res
2968 1409 3146 1468 omnes
3171 1413 3395 1480 gradum
3421 1429 3589 1465 suum
3621 1430 3715 1466 es-

502 1484 653 1539 sendi
679 1482 933 1547 obtinere,
960 1494 1007 1537 et
1030 1483 1287 1553 quidquid
1312 1480 1535 1553 habent;
1560 1494 1607 1553 et
1643 1481 1886 1553 Deumin
1922 1485 2159 1536 omnibus
2187 1498 2297 1535 esse
2323 1494 2578 1553 exempte,
2608 1491 2655 1535 et
2680 1481 2957 1550 confirmat
2985 1484 3219 1553 exemplo
3242 1482 3372 1535 solis
3396 1497 3417 1534 :
3447 1494 3498 1536 et
3531 1485 3714 1536 simul

502 1553 729 1619 explicat
752 1554 879 1621 quid
905 1556 1012 1607 sint
1038 1549 1381 1621 exemplaria.
1412 1549 1503 1605 IX.
1545 1551 1731 1622 Docet,
1757 1552 1872 1616 illa,
1904 1568 2021 1617 qua
2040 1553 2096 1606 in
2120 1554 2271 1606 rebus
2306 1549 2686 1622 principaliora
2710 1549 2854 1617 sunt,
2882 1568 2987 1606 non
3006 1568 3119 1606 esse
3133 1549 3354 1621 'proprie
3374 1555 3708 1615 relationes,

506 1640 599 1678 nec
620 1620 966 1691 exemplaria,
994 1625 1083 1677 sed
1106 1620 1426 1692 exemptam,
1463 1631 1510 1675 et
1550 1620 1716 1676 Deum
1753 1622 1978 1689 simplici
2018 1640 2117 1677 sua
2139 1622 2461 1692 perfectione
2481 1620 2688 1678 cuncta
2721 1622 3014 1691 complecti.
3047 1622 3114 1678 Χ.
3145 1620 3422 1691 Quomodo
3449 1623 3604 1679 Deus
3632 1630 3712 1677 sit

509 1711 685 1749 rerum
711 1695 945 1747 omnium
969 1694 1293 1763 principium
1320 1701 1368 1747 et
1397 1692 1544 1761 ﬁnis.

2004 1855 2107 1930 §I.

504 1996 658 2053 Modo
706 1994 1098 2051 transeundum
1142 2001 1228 2047 est
1270 1991 1338 2047 ad
1374 1992 1742 2064 theologicum
1796 2010 1993 2052 nomen
2029 2020 2031 2025 ⁴

2177 1996 2430 2050 Μετιτέον
2454 1997 2511 2051 δέ
2535 1995 2629 2050 νῦν
2656 1996 2747 2049 ἐπὶ
2773 1995 2873 2066 τὴν
2908 1995 3076 2058 ὅντως
3100 1991 3263 2049 οὖσαν
3285 1993 3381 2048 τοῦ
3406 1996 3588 2060 ὅντως
3614 1997 3704 2051 δν-

428 2093 570 2148 cutis
610 2104 737 2145 vere
781 2086 1113 2143 exsistentis.
1160 2084 1395 2140 Tantum
1432 2096 1613 2141 autem
1671 2099 1955 2143 comment:

2175 2108 2195 2153 ς
2238 2090 2549 2160 Θεολογικὴν
2576 2089 2958 2159 οὑσιωνυμίαν.
2989 2088 3251 2141 Τοσοῦτον
3292 2088 3350 2141 δέ
3376 2090 3702 2159 ὑπομνήσο-

430 2187 645 2249 bimur,
715 2190 978 2251 quantum
1048 2178 1313 2249 propositi
1375 2178 1515 2234 ratio
1571 2181 1833 2249 postulat;
1898 2198 1957 2235 no

2171 2201 2205 2236 ιν
2222 2183 2287 2248 ⁸⁸,
2312 2183 2393 2236 ὅτι
2428 2181 2505 2252 τῷ
2529 2181 2670 2252 λόγῳ
2697 2183 2895 2245 σκοπὸς
2919 2182 2979 2235 οὐ
3007 2180 3102 2253 τὴν
3126 2180 3447 2251 ὑπερούσιον
3474 2184 3698 2247 οὐσίαν,

430 2277 575 2333 enim
605 2272 941 2343 propositum
971 2280 1088 2336 est,
1122 2270 1487 2325 substantiam
1512 2311 1527 2335 ,
1558 2286 1678 2340 qua:
1716 2284 1957 2338 estsupr:

2181 2274 2534 2345 ὑπερούσιος,
2584 2273 2879 2342 ἐκφαίνειν,
2924 2272 3192 2345 (apsum
3239 2272 3346 2343 γὰρ
3385 2274 3554 2326 τοῦτο
3603 2279 3700 2327 καὶ

428 2382 596 2438 quam
660 2362 1000 2427 substantia,
1055 2361 1331 2430 explicare
1387 2371 1652 2431 quatenus
1706 2373 1955 2439 estsupra

2173 2369 2377 2421 νωστόν
2409 2370 2545 2431 ἐστι,
2575 2370 2668 2421 καὶ
2702 2367 2978 2430 παντελῶς
3005 2367 3353 2437 ἀνέκφαντον,
3391 2370 3488 2422 καὶ
3516 2370 3700 2440 αὐτὴν

427 2473 593 2530 quam
676 2455 980 2511 substantia
1040 2454 1186 2523 (hoc
1250 2454 1396 2509 enim
1471 2455 1743 2512 Inell‘abile
1806 2468 1889 2513 est
1947 2480 1954 2508 t

2173 2462 2394 2531 εραίρον
2431 2460 2531 2531 τὴν
2567 2461 2816 2533 ἐνωσιν·)
2844 2460 2982 2513 ἀλλὰ
3017 2459 3116 2530 τὴν
3153 2460 3457 2513 οὺσιοποιὺν
3495 2466 3586 2525 είς
3628 2464 3700 2515 τὰ

428 2557 695 2625 ignotum,
726 2564 791 2604 ac
820 2549 1037 2621 penitus
1066 2548 1311 2617 expromi
1348 2563 1454 2601 non
1488 2559 1697 2619 potest,
1740 2559 1796 2604 et
1831 2552 1955 2620 ipsat

2174 2570 2228 2606 ca
2268 2554 2446 2607 πάντα
2468 2554 2566 2624 τῆς
2590 2553 2883 2626 θεαρχικῆς
2906 2553 3221 2625 οὐσιαρχίας
3248 2552 3475 2624 πρόοδον
3512 2555 3701 2626 ὑμνῆ-

427 2644 823 2716 copulationem
862 2641 1065 2697 mentis
1099 2641 1341 2711 superat)
1368 2640 1462 2696 sed
1510 2644 1710 2711 potius,
1739 2643 1954 2697 substar

2176 2662 2210 2697 t.
2243 2646 2349 2697 Καὶ
2373 2645 2482 2717 γὰρ
2508 2648 2541 2717 ἡ
2564 2646 2803 2715 τάγαθοῦ
2831 2646 3109 2717 Θεωνυμία
3144 2646 3244 2711 τὰς
3267 2646 3396 2709 ὅλας
3422 2646 3521 2699 τοῦ
3554 2648 3697 2701 πάν-

427 2736 781 2801 tize‘deiiicaz,
828 2742 882 2789 et
926 2747 1047 2804 quae
1087 2733 1266 2786 oumis
1306 2731 1635 2788 substantiae
1676 2734 1954 2803 principiut

2171 2753 2209 2788 iV
2231 2736 2405 2789 αίτίου
2432 2738 2691 2809 προόδους
2718 2739 3070 2808 ἐκφαίνουσα,
3096 2737 3193 2791 καὶ⁵
3218 2740 3298 2803 είς
3321 2738 3387 2791 τὰ
3412 2738 3574 2801 ὄντα,
3602 2740 3698 2791 καὶ

425 2840 530 2897 est,
558 2832 623 2884 ad
653 2830 910 2883 universa
948 2840 1069 2896 quae
1099 2834 1225 2879 sunt
1260 2826 1664 2880 emanationem
1697 2828 1952 2881 substanti

2174 2846 2179 2885 Γ
2215 2827 2284 2880 τὰ
2310 2828 2411 2881 οὐκ
2457 2828 2587 2882 ὄντα
2625 2829 2955 2893 ἐκτείνεται,
2997 2831 3092 2883 καὶ
3136 2829 3274 2900 ὑπὲρ
3311 2828 3381 2882 τὰ
3419 2830 3555 2881 ὄντα
3601 2830 3701 2883 καὶ

427 2922 583 2976 leam
614 2920 913 2976 celebrare.
952 2920 1232 2988 Siquidem
1277 2933 1472 2973 nomen
1506 2917 1632 2973 boni
1661 2919 1729 2974 de
1758 2920 1865 2974 Deo
1905 2921 1954 2974 dt

2172 2918 2240 2989 ἐρ
2265 2918 2333 2972 τὰ
2356 2920 2457 2972 οὐκ
2482 2920 2609 2973 ὅντα
2635 2922 2800 2975 ἐστίν.
2820 2921 2883 2973 Ἦ
2906 2921 2965 2974 δέ
2988 2920 3083 2974 τοῦ
3107 2921 3276 2986 ὄντος,
3303 2923 3382 2986 εἰς
3412 2922 3603 2975 πάντα
3628 2923 3699 2976 τὰ

428 3018 601 3072 clarat
650 3029 840 3072 omnes
906 3012 1285 3069 emanationes
1335 3013 1575 3069 auctoris
1620 3015 1900 3077 omnium,
1945 3028 1955 3065 ι

2167 3027 2225 3062 τα
2246 3010 2570 3075 ἐκτείνεται,
2599 3010 2694 3063 καὶ
2721 3010 2862 3083 ὑπὲρ
2902 3011 2975 3064 τὰ
3015 3012 3143 3065 ὄντα
3175 3011 3343 3064 ἐστίν.
3381 3011 3451 3063 Ἦ
3491 3011 3553 3064 δὲ
3590 3012 3694 3081 τῆς

424 3109 719 3180 porrigitur
744 3109 858 3163 haec
886 3105 1187 3161 nominatio
1214 3104 1310 3159 Dei
1335 3120 1364 3159 a
1390 3105 1534 3161 bono
1560 3114 1670 3159 tum
1697 3107 1763 3159 ad
1791 3120 1853 3160 ea
1878 3121 1950 3175 qu

2167 3105 2243 3175 ’ἧς
2281 3106 2359 3168 εἰς
2403 3106 2579 3160 πάντα
2614 3106 2683 3160 τὰ
2721 3106 2896 3171 ζῶντα
2936 3105 3254 3167 ἐκτείνεται,
3290 3107 3383 3160 ual.
3426 3107 3579 3178 ὑπὲρ
3626 3109 3694 3159 τὰ

425 3213 580 3270 sunt,
614 3212 725 3257 tum
754 3201 822 3255 ad
851 3215 914 3256 ea
939 3216 1061 3269 qua:
1089 3215 1192 3254 non
1217 3212 1362 3267 sunt,
1388 3210 1578 3269 estque
1598 3214 1759 3268 supra
1787 3214 1848 3253 ea
1877 3214 1945 3268 qu

2168 3197 2278 3249 ιντά
2314 3198 2477 3252 ἐστιν.
2520 3199 2585 3252 Ἡ
2624 3200 2681 3252 δὲ
2706 3200 2805 3269 τῆς
2843 3201 3053 3268 σοφίας,
3096 3203 3174 3269 είς
3224 3199 3397 3252 πάντα
3423 3198 3496 3251 τὰ
3520 3198 3695 3268 νοερὰ

424 3304 570 3362 sunt,
600 3305 653 3350 et
681 3310 843 3365 supra
868 3310 930 3349 ea
964 3310 1082 3364 quze
1109 3310 1214 3347 non
1240 3303 1385 3348 sunt.
1414 3292 1618 3347 Nomen
1645 3301 1824 3347 autem
1853 3302 1946 3345 ent

2165 3291 2192 3342 ,l.
2212 3291 2423 3359 λογικὰ,
2450 3293 2545 3345 καὶ
2573 3291 2863 3363 αίσθητικὰ
2887 3292 3203 3355 ἐκτείνεται,
3222 3293 3314 3345 καὶ
3340 3292 3485 3362 ὑπὲρ
3508 3292 3692 3345 πάντα

427 3392 493 3443 ad
534 3390 714 3445 omnia
759 3405 879 3459 qua:
906 3400 1032 3444 sunt
1061 3390 1393 3454 extenditur,
1423 3404 1487 3443 ac
1526 3404 1693 3458 supra
1729 3387 1996 3443 essentias
2100 3385 2274 3440 ταῦτά
2298 3388 2434 3439 ἐστι.

308 3540 311 3541 ν
426 3487 572 3553 ipsas
609 3481 827 3538 eminet.
872 3480 1079 3536 Nomen
1110 3497 1242 3537 vero
1274 3484 1397 3535 vita:
1427 3482 1492 3535 ad
1537 3482 1719 3535 omnia
1774 3479 2016 3533 viventia
2063 3480 2322 3545 tenditur,
2364 3488 2421 3533 et
2467 3494 2629 3548 supra
2676 3480 2912 3533 viventia
2963 3488 3071 3535 est.
3139 3478 3452 3533 Nominatio
3494 3477 3597 3533 Dei
3659 3494 3688 3531 a

424 3576 728 3643 sapientia,
776 3574 1072 3645 porrigitur
1130 3574 1198 3630 ad
1245 3575 1425 3630 omnia
1474 3588 1596 3643 qua:
1662 3572 2003 3643 intelligunt,
2060 3586 2179 3641 qua:
2244 3572 2665 3640 ratiocinantur,
2708 3588 2828 3644 qua:
2881 3574 3150 3639 sentiunt,
3184 3580 3240 3628 et
3286 3587 3452 3644 supra
3498 3570 3687 3627 omnia

419 3668 522 3723 ista
554 3679 661 3728 est.

1981 3793 2009 3865 §
2047 3800 2129 3860 ll.

496 3974 603 4029 llas
650 3973 816 4045 igitur
863 3973 957 4028 Dei
1006 3973 1429 4039 nominationes,
1473 3988 1595 4043 qua:
1628 3973 2023 4045 providentiam

2164 3971 2375 4035 Ταύτας
2401 3966 2493 4024 οὖν
2524 3972 2551 4024 ὁ
2588 3970 2743 4039 λόγος
2789 3971 3026 4042 ὑμνῆσαι
3072 3971 3225 4025 ποθεῖ
3264 3972 3364 4037 τὰς
3402 3974 3503 4044 τῆς
3548 3992 3682 4047 προ-

422 4068 518 4123 ιὶυὶ
554 4067 831 4135 aperiunt,
870 4066 1209 4135 propositum
1235 4076 1318 4121 est
1351 4068 1683 4137 praedicare;
1714 4082 1818 4122 non
1847 4068 1949 4122 enin

2158 4063 2240 4125 ίας
2264 4060 2659 4133 ὲκφαντορικὰς
2688 4060 2991 4133 Θεωνυμίας
3009 4078 3022 4091 ’
3055 4062 3115 4114 οὐ
3142 4060 3249 4132 γὰρ
3276 4064 3553 4132 ἐκφράσαι
3580 4065 3682 4135 τὴν

422 4161 676 4217 tractatio
720 4168 907 4216 nostra
954 4162 1224 4228 promittit
1267 4162 1505 4216 enodare
1549 4170 1605 4215 et
1649 4161 1861 4230 aperire
1896 4174 1949 4214 su

2151 4152 2543 4223 ιτοῦπερούσιον
2567 4154 2610 4183 ⁵¹
2651 4150 2984 4222 ἀγαοότητα,
3016 4152 3111 4204 καὶ
3136 4151 3347 4214 οὐσίαν,
3378 4153 3476 4204 καὶ
3510 4152 3678 4223 ζωὴν,

417 4253 866 4324 praessentialem
916 4252 1200 4319 ipsiusmct
1260 4250 1736 4321 superessentialis
1788 4250 1935 4305 divin

2154 4246 2187 4298 Li.
2214 4246 2403 4315 σοφίαν
2429 4246 2526 4315 τῆς
2565 4243 3021 4314 αὑτοῦπερουσίου
3059 4242 3311 4315 θεότητος
3345 4245 3681 4313 ἐπαγγέλλε-

419 4348 550 4402 tatis
578 4346 880 4401 bonitatem
919 4352 973 4398 et
1003 4343 1314 4409 essentiam,
1359 4352 1415 4397 et
1463 4344 1627 4398 vitam
1672 4351 1729 4397 et
1777 4343 1946 4413 sapiet

2153 4356 2201 4401 .t,
2228 4339 2327 4409 τῆς
2351 4338 2396 4369 ⁸³
2426 4337 2565 4408 ὑπὲρ
2594 4338 2771 4392 πᾶσαν
2797 4336 3128 4407 ἀγαθόττιτα,
3160 4339 3254 4390 καὶ
3298 4336 3556 4409 θεότητα,
3586 4342 3680 4394 καὶ

418 4439 572 4505 tiam,
600 4453 721 4508 quae
749 4449 911 4507 supra
940 4450 1155 4489 onmem
1192 4434 1515 4500 bonitatem,
1540 4444 1597 4490 et
1623 4435 1945 4491 divinitaten

2159 4431 2299 4495 σίαν,
2326 4430 2417 4482 καὶ
2446 4428 2658 4499 σοφίαν,
2680 4430 2773 4482 καὶ
2813 4428 2976 4499 ζωὴν,
3003 4430 3060 4482 ἐν
3093 4427 3455 4500 ἀποκρύφοις,
3490 4430 3570 4495 ὡς
3612 4431 3679 4483 τὰ

415 4540 470 4584 et
502 4532 815 4598 essentiam,
859 4542 915 4587 et
962 4529 1311 4597 sapientiam,
1351 4538 1407 4584 et
1450 4530 1617 4583 vitam
1652 4532 1704 4584 in
1754 4532 1942 4586 abscor

2152 4521 2245 4591 γιά
2288 4537 2472 4592 φησιν,
2516 4518 2954 4592 ὑπεριδρυμένης
2976 4520 3055 4551 ⁵³·
3102 4518 3241 4573 ἀλλὰ
3280 4521 3382 4593 τὴν
3427 4523 3676 4592 ἐκπεφα-

415 4624 568 4689 ditis,
592 4636 653 4678 ut
674 4623 902 4693 Eloquia
942 4625 1183 4688 tradunt,
1210 4620 1395 4677 sedem
1427 4622 1610 4692 posuit
1632 4620 1835 4693 {528
1857 4624 1942 4695 qui

2148 4614 2294 4685 ιένην
2319 4612 2643 4682 ἀγαθοποιὸν
2682 4611 2934 4683 πρόνοιαν
2962 4611 3299 4683 ὑπεροχικῶς
3336 4613 3675 4686 ἀγαθότητα,

415 4715 596 4783 potius
624 4717 1021 4786 providentiam
1062 4714 1418 4785 patefactam,
1459 4713 1726 4769 bonorum
1753 4714 1941 4770 elfectr

2148 4707 2182 4758 ιὶ
2209 4706 2423 4761 πάντων
2449 4702 2668 4774 ἀγαθῶν
2693 4703 2871 4756 αἰτίαν
2900 4703 3079 4775 ὑμνεῖ,
3106 4704 3199 4756 καὶ
3240 4702 3325 4769 ὃν,
3368 4706 3468 4759 καὶ
3511 4708 3675 4780 ζωὴν,

414 4822 558 4873 cem,
587 4808 891 4863 bonitatem
919 4808 1459 4871 excellentissimam,
1487 4813 1544 4860 et
1574 4805 1842 4862 bonorum
1869 4821 1941 4861 on

2149 4803 2181 4855 ιὶ
2215 4802 2427 4873 σοφίαν,
2453 4800 2550 4872 τὴν
2578 4797 2901 4862 οὑσιοποιδν,
2928 4801 3023 4853 καὶ
3062 4799 3350 4865 ζωοποιὺν,
3377 4802 3480 4854 καὶ
3523 4820 3676 4871 σοφο-

416 4900 567 4955 nium
599 4913 818 4954 causam
872 4900 1129 4957 laudibus
1159 4900 1434 4965 celebrat;
1479 4910 1539 4955 ut
1585 4915 1707 4965 ens,
1734 4908 1789 4955 et
1816 4900 1943 4955 vitat

2147 4913 2227 4949 τιν
2251 4894 2450 4962 αἰτίαν,
2473 4895 2585 4950 τῶν
2624 4893 2830 4959 οὐσίας,
2870 4894 2963 4947 καὶ
2989 4892 3154 4964 ζωῆς,
3184 4895 3279 4947 καὶ
3303 4894 3422 4960 νοῦ,
3453 4898 3555 4949 καὶ
3596 4896 3674 4949 λό-

416 5000 473 5045 et
518 4990 883 5060 sapientiam,
930 4991 1253 5046 substantiae
1293 5001 1349 5046 et
1396 4992 1522 5046 vita:
1557 4989 1886 5045 eﬂectricem
1931 5006 1943 5043 ι

2144 5007 2203 5054 μυ,
2230 4990 2325 5042 καὶ
2352 4989 2655 5059 αἰσθήσεως
2684 4987 3105 5060 μετειληφάτων.
3135 4988 3249 5041 Οὐκ
3278 4986 3411 5043 ἄλλο
3447 4988 3511 5043 δέ
3538 4984 3671 5044 εἶναι

414 5097 668 5151 causam,
711 5096 831 5151 quzr
872 5081 1191 5151 sapientiam
1241 5084 1429 5138 tribuit
1470 5084 1536 5138 iis
1572 5098 1694 5153 qua:
1734 5083 1941 5136 substar

2141 5080 2317 5150 ιγαθὸν
2346 5097 2500 5151 φησι,
2539 5082 2633 5136 καὶ
2658 5080 2785 5135 ἄλλο
2821 5078 2884 5132 τὸ
2908 5079 2989 5145 ὂν,
3032 5079 3127 5133 καὶ
3163 5078 3292 5132 ἄλλο
3316 5082 3423 5153 τὴν
3466 5082 3668 5153 ζωὴνῆ

417 5178 546 5229 tiam
587 5180 641 5227 et
670 5173 860 5239 vitam,
903 5181 959 5227 et
990 5182 1224 5227 mentem
1256 5183 1307 5228 et
1358 5175 1649 5239 rationem,
1691 5185 1746 5229 et
1790 5188 1944 5229 sensu

2143 5191 2183 5245 ιν
2202 5174 2414 5243 σοφίαν,
2442 5172 2562 5226 οὐδὲ
2586 5172 2757 5226 πολλὰ
2781 5172 2851 5227 τὰ
2866 5172 3013 5227 αἴτια
3038 5173 3133 5225 καὶ
3144 5172 3317 5226 ἄλλων
3343 5172 3521 5238 ἄλλας
3538 5190 3670 5244 παρτ

416 5265 769 5333 participant.
804 5262 923 5317 Non
954 5262 1087 5316 dicit
1112 5263 1252 5331 (haec
1291 5273 1475 5319 nostra
1523 5267 1799 5331 tractatio)
1833 5266 1942 5319 aliu

2139 5265 2312 5329 ιτικὰς
2345 5264 2622 5335 θεότητας,
2650 5262 3022 5335 ὑπερεχούσας
3066 5264 3160 5316 καὶ
3196 5263 3526 5333 ὑφειμέναις,
3557 5264 3666 5317 ἀλλ’

413 5370 537 5412 esse
566 5356 786 5421 bonum,
826 5362 882 5408 et
913 5352 1059 5408 aliud
1090 5367 1210 5419 ens,
1253 5353 1507 5424 aliudque
1533 5356 1723 5421 vitam,
1756 5356 1842 5410 vel
1889 5370 1940 5411 sa

2141 5358 2196 5422 ὺς
2237 5357 2372 5411 Θεοῦ
2410 5356 2511 5421 τὰς
2539 5356 2666 5421 ὅλας
2704 5355 2914 5425 ἀγαθὰς
2944 5355 3225 5427 προόδους,
3264 5359 3358 5411 καὶ
3394 5356 3500 5423 τὰς
3542 5359 3668 5430 παρ’

1697 5490 1933 5547 VARIIE
1967 5491 2261 5551 LECTION
2268 5492 2372 5549 ES.

416 5646 976 5769 5"Bt'sgzpvgifpspsv,
1026 5647 1086 5700 S.
1145 5654 1200 5700 et
1229 5646 1378 5701 Vien.
1464 5646 1508 5679 “
1538 5647 1701 5701 αὑτοῦ
1728 5647 2074 5721 ὑπερούσιον,
2101 5648 2173 5706 M.
2206 5648 2297 5707 Sc.
2331 5662 2385 5707 et
2409 5648 2566 5707 Vien.
2644 5652 2691 5683 ⁸³
2720 5652 2846 5723 τήν,
2871 5651 2936 5704 ι).
3013 5650 3059 5685 ⁸³
3083 5651 3567 5723 ὑπεριδρυμένων,
3599 5650 3658 5706 D.

202 6080 441 6172 ιλ
