3866 6234
200 348 313 403 817

1297 344 1379 398 DE
1413 342 1661 399 DlVlNlS
1692 341 2079 409 NOMINIBUS,
2114 340 2267 398 CAP.
2304 341 2367 395 V.

3324 342 3426 398 818

196 460 365 531 ἡμῶν
401 457 796 529 ὲξυμνουμένας
834 456 1164 529 θεωνυμίας·
1212 458 1304 511 καὶ
1354 457 1452 529 τὴν
1496 458 1593 529 μὲν
1632 453 1765 510 εἶναι

1872 457 2149 526 pientiam,
2200 470 2372 524 neque
2424 451 2619 507 multas
2662 466 2879 514 causas.
2922 461 2977 507 et
3006 451 3143 509 alias
3186 452 3416 508 aliorum

192 548 307 619 τῆς
357 547 646 611 παντελοῦς
699 546 794 599 τοῦ
852 547 969 610 ἐνὸς
1015 545 1149 599 Θεοῦ
1201 546 1452 615 προνοίας
1512 547 1769 614 ὲκφαντι-

195 638 312 708 κήν
335 638 403 703 ⁸⁸,
424 636 521 701 τὰς
544 636 601 691 δὲ
643 635 750 689 τῶν
787 636 1122 706 όλικωτέρων
1159 635 1251 688 τοῦ
1278 634 1442 689 αὑτοῦ
1489 634 1581 687 καὶ
1620 650 1771 705 μερι-

197 730 480 801 κωτέρων.

1873 547 2179 601 etlectrices
2206 545 2536 609 divinitates,
2565 543 2873 613 superiores
2910 553 2963 599 et
2998 542 3301 609 inferiores,
3333 543 3427 595 sed

1874 640 2035 696 unius
2077 640 2171 693 Dei
2219 641 2499 693 universas
2536 637 2706 693 bonas
2737 636 3131 700 emanationes,
3165 643 3221 690 et
3249 634 3425 689 nomi-

1877 733 2133 787 nationes
2159 731 2250 786 Dei
2286 746 2315 785 a
2345 730 2497 785 nobis
2526 730 2800 794 laudatas;
2833 740 2995 800 atque
3020 744 3179 783 unam
3206 728 3421 797 quidem

194 838 352 887 esse,
390 836 511 891 qua:
539 830 705 877 totam
735 820 1127 891 providentiam
1173 821 1335 878 unius
1367 822 1457 877 Dei
1490 821 1760 889 declarat;
1798 822 1940 881 alias
1968 840 2114 889 vero,
2137 839 2257 895 qum
2286 823 2455 894 magis
2505 832 2557 878 et
2587 823 2766 879 minus
2818 822 3107 891 generalest
3144 821 3429 891 providen-

194 918 311 971 tias
343 914 687 986 patefaciunt.

1745 1032 1771 1105 ι
1807 1028 1918 1091 Ill.

270 1197 468 1253 Καίτοι
490 1196 622 1270 φαίη
644 1216 729 1263 τις
751 1215 766 1229 '
820 1197 961 1254 'AvO'
1002 1199 1146 1262 ὅτου,
1177 1196 1272 1252 τοῦ
1312 1198 1463 1263 ὄντος
1499 1196 1597 1268 τὴν
1623 1196 1769 1269 ζωὴν

191 1288 298 1343 καὶ
340 1289 438 1359 τῆς
481 1286 628 1359 ζωῆς
652 1289 751 1359 τὴν
787 1289 976 1359 σοφίαν
1011 1290 1526 1361 ὑπερεκτεινομένην
1548 1291 1616 1355 ⁵⁸,
1660 1290 1769 1343 τῶν

188 1382 373 1435 ὄντων
401 1382 496 1453 μὲν
519 1379 590 1434 τὰ
614 1380 812 1446 ζῶντα,
852 1381 961 1436 τῶν
1001 1382 1059 1436 δὲ
1100 1383 1201 1436 ὅσα
1234 1380 1298 1453 ζῇ
1340 1381 1411 1435 τὰ
1453 1381 1767 1451 αἰσθητικὰ,

191 1476 298 1528 καὶ
322 1474 523 1527 τούτων
548 1473 619 1527 τὰ
642 1472 855 1542 λογικὰ,
881 1474 973 1528 καὶ
995 1473 1103 1527 τῶν
1126 1473 1355 1542 λογικῶν
1381 1475 1429 1527 οἰ
1455 1474 1573 1537 νὸες
1601 1474 1703 1526 ὑπε
1714 1491 1769 1543 ρ-

191 1568 411 1638 έχουσι,
445 1565 538 1618 καὶ
563 1565 691 1635 περὶ
713 1564 844 1618 Θεόν
869 1566 995 1630 εἰσι,
1025 1566 1118 1619 καί
1147 1564 1344 1635 μᾶλλον
1368 1564 1515 1635 αὑτῷ
1545 1565 1770 1637 πλησιά-

193 1658 392 1724 ζουσι;
420 1655 610 1709 Καίτοι
633 1654 737 1709 ἔδει
761 1654 829 1708 τὰ
850 1654 959 1708 τῶν
999 1655 1255 1726 μειζόνων
1278 1657 1344 1709 ὲκ
1381 1656 1514 1710 Θεοῦ
1551 1656 1767 1729 δωρεῶν

197 1749 498 1819 μετέχοντα
544 1751 637 1803 καὶ
678 1749 957 1821 κρείττονα
996 1745 1131 1803 εἰναι
1154 1789 1169 1814 ,
1218 1751 1312 1804 καὶ
1357 1749 1465 1803 τῶν
1501 1749 1699 1803 λοιπῶν
1723 1751 1768 1782 ⁵⁸

192 1837 512 1909 ὑπερέχειν.
536 1838 676 1891 Ἀλλ’
705 1840 754 1892 εἰ
791 1839 891 1910 μὲν
926 1839 1148 1895 ἀνούσια
1182 1841 1276 1893 καὶ
1304 1840 1454 1904 ἄξωά
1476 1858 1560 1904 τις
1587 1840 1772 1894 ὑπετί-

190 1930 327 1983 θετο
364 1930 435 1983 τὰ
469 1930 649 2002 νοερὰ,
677 1931 857 1996 καλῶς
896 1932 962 1986 ἂν
1001 1928 1144 2004 εἶχεν
1183 1934 1213 1986 ὁ
1254 1931 1441 2001 λόγος·
1486 1933 1535 1986 εἰ
1582 1934 1639 1988 δὲ
1676 1935 1769 1988 καί

188 2023 339 2075 εἰσιν
371 2024 418 2075 οἰ
457 2022 587 2076 θεῖοι
624 2022 741 2087 νόες
783 2024 925 2094 ὑπὲρ
962 2023 1033 2078 τὰ
1072 2022 1233 2078 λοιπὰ
1269 2024 1431 2091 ὄντα,
1471 2026 1565 2079 καὶ
1607 2025 1770 2089 ζῶσιν

190 2110 345 2181 ὑπὲρ
384 2110 453 2164 τὰ
492 2112 628 2165 ἄλλα
665 2111 860 2177 ζῶντα,
906 2114 997 2167 καὶ
1038 2114 1234 2179 νοοῦσι,
1275 2116 1370 2168 καὶ
1416 2115 1770 2185 γινώσκουσιν

188 2201 343 2271 ὑπὲρ
382 2202 629 2272 αἴσθησιν
660 2205 755 2258 καὶ
793 2204 967 2274 λόγον,
1006 2207 1098 2261 καὶ
1137 2205 1289 2278 παρὰ
1327 2208 1502 2263 πάντα
1537 2208 1605 2262 τὰ
1644 2209 1770 2263 ὅντα

186 2291 293 2345 τοῦ
324 2291 488 2346 καλοῦ
516 2295 608 2347 καὶ
632 2294 835 2362 ἀγαθοῦ
859 2296 1100 2365 ἐφίενται
1135 2297 1232 2351 καὶ
1258 2296 1592 2369 μετέχουσιν,
1620 2299 1771 2354 αὐτοὶ

193 2384 406 2454 μᾶλλόν
448 2386 553 2439 εἰσι
593 2387 719 2457 περί
762 2388 1017 2457 τάγαθὸν,
1056 2391 1104 2444 οἰ
1182 2391 1456 2466 περισσῶς
1501 2393 1546 2426 ⁸⁷
1602 2392 1767 2448 αὑτοῦ

194 2476 541 2549 μετέχοντες,
571 2479 666 2534 καὶ
712 2481 929 2546 πλείους
952 2484 1045 2537 καὶ
1061 2485 1276 2555 μείζους
1300 2486 1358 2553 ἐξ
1378 2485 1540 2540 αὐτοῦ
1563 2486 1767 2559 δωρεὰς

187 2569 481 2638 εἰληφότες
501 2586 515 2599 “
543 2569 731 2641 ὥσπερ
774 2574 865 2625 καὶ
889 2572 957 2626 τὰ
996 2572 1187 2641 λογικὰ
1208 2576 1253 2607 ⁵⁸
1294 2576 1404 2628 τῶν
1441 2576 1767 2648 αἰσθητικῶν

190 2661 477 2732 ὑπερέχει,
502 2662 925 2718 πλεονεκτοῦντα
948 2668 1013 2737 τῇ
1040 2668 1321 2739 περισσεία
1351 2668 1445 2722 τοῦ
1471 2668 1648 2736 λόγου,
1676 2670 1768 2722 καὶ

189 2748 373 2803 ταῦτα
411 2753 477 2822 τῇ
521 2751 796 2823 αἰσθήσει,
842 2754 937 2807 καὶ
986 2753 1119 2808 ἄλλα
1153 2759 1220 2827 τῇ
1264 2754 1400 2827 ζωῇ.
1447 2758 1557 2810 Καὶ
1598 2758 1765 2822 ἐστιν,

190 2841 273 2905 ὡς
305 2837 496 2913 οἶμαι,
540 2842 697 2897 τοῦτο
754 2844 981 2917 ἀληθὲς,
1018 2848 1098 2901 ὅτι
1150 2847 1219 2901 τὰ
1276 2848 1473 2919 μᾶλλον
1513 2849 1607 2903 τοῦ
1650 2848 1766 2914 ἑνὸς

193 2933 294 2987 καὶ
373 2935 739 3008 ἀπειροδώρου
801 2937 937 2991 Θεοῦ
1010 2940 1301 3010 μετέχοντα
1362 2942 1560 3013 μᾶλλόν
1631 2944 1767 2997 εἰσιν

190 3024 348 3095 αὐτῷ
398 3025 750 3100 πλησιαίτερα
783 3030 830 3061 ⁸³
897 3030 991 3085 καὶ
1036 3030 1279 3103 θειότερα
1323 3031 1432 3087 τῶν
1475 3032 1762 3088 ἀπολειπο-

194 3118 398 3189 μένων.

1946 1191 2145 1247 Verum
2174 1191 2319 1245 dicet
2348 1188 2582 1257 aliquis:
2614 1186 2750 1242 Cum
2781 1202 2881 1243 ens
2926 1202 3088 1258 quam
3139 1189 3266 1254 vita,
3296 1191 3431 1245 vita-

1874 1301 1978 1356 que
2020 1299 2181 1354 quam
2209 1282 2473 1352 sapientia
2505 1281 2664 1335 latius
2702 1289 2903 1350 pateat,
2931 1296 3030 1335 cur
3058 1282 3274 1337 entibus
3304 1286 3428 1352 qui-

1873 1376 1994 1429 dem
2039 1375 2296 1441 viventia,
2321 1373 2630 1428 viventibus
2658 1386 2785 1427 vero
2827 1372 3112 1437 sensitiva,
3156 1382 3317 1442 atque
3347 1376 3430 1428 his

1874 1468 2180 1531 rationalia,
2208 1476 2263 1521 et
2297 1466 2655 1520 rationalibus
2690 1465 2791 1534 ipsi
2825 1464 3049 1533 spiritus
3078 1465 3427 1529 antecellunt,

1871 1568 1927 1614 et
1970 1560 2111 1613 circa
2154 1558 2321 1613 Deum
2351 1564 2661 1621 versantur,
2705 1556 2889 1626 illique
2919 1558 3091 1627 magis
3139 1556 3431 1626 appropin-

1871 1652 2074 1721 quant?
2100 1652 2263 1720 Atqui
2294 1649 2517 1704 decebat
2541 1664 2626 1715 ea,
2664 1665 2786 1718 qua:
2824 1648 3029 1719 majora
3066 1649 3159 1703 Dei
3205 1662 3431 1703 munera

1802 1723 2302 1813 l3participabant,
2359 1742 2575 1796 caeteris
2644 1756 2859 1810 quoque
2933 1751 3195 1810 praestare
3268 1749 3430 1811 atque

1870 1835 2212 1892 antecellere.
2243 1833 2299 1888 ld
2325 1834 2513 1903 utique
2551 1841 2699 1888 recte
2735 1831 3028 1899 diceretur,
3073 1832 3121 1888 si
3169 1832 3293 1902 quis
3331 1847 3431 1903 po-

1870 1934 2022 1983 neret
2065 1940 2154 1981 res
2192 1924 2462 1993 spiritales
2489 1933 2546 1978 et
2584 1925 2814 1979 entitate
2843 1934 2899 1979 et
2926 1924 3037 1978 vita
3070 1938 3301 1992 carere;
3334 1939 3429 1979 ve-

1868 2034 1987 2073 rum
2029 2032 2152 2074 cum
2196 2016 2363 2087 divini
2428 2015 2653 2087 spiritus
2681 2016 2908 2072 entitate
2935 2030 3032 2071 sua
3073 2013 3290 2071 caeteris
3330 2028 3430 2070 en—

1870 2112 2010 2166 tibus
2054 2108 2408 2177 antecellant,
2453 2108 2913 2177 excellentiusque
2958 2108 3144 2162 vivant
3180 2107 3301 2163 aliis
3343 2107 3428 2163 vi-

1866 2202 2140 2269 ventibus,
2179 2208 2234 2257 et
2276 2200 2583 2271 intelligant
2614 2208 3056 2270 cognoscantque
3105 2214 3266 2270 supra
3306 2214 3431 2255 sen-

1867 2310 1985 2350 sum
2013 2308 2077 2349 ac
2116 2293 2407 2358 rationem,
2430 2302 2488 2348 et
2524 2307 2636 2363 prae
2664 2292 2873 2347 cunctis
2906 2292 3122 2347 entibus
3147 2290 3429 2362 pulchrum

1865 2395 1920 2441 et
1960 2386 2157 2439 bonum
2187 2391 2441 2455 appetant
2475 2382 2930 2453 participentque,
2958 2381 3062 2437 hoc
3091 2382 3277 2452 utique
3299 2381 3432 2436 vici-

1866 2476 2045 2533 niores
2088 2476 2230 2531 bono
2285 2485 2443 2541 sunt,
2487 2489 2593 2545 quo
2640 2473 2963 2528 luculentius
3006 2470 3135 2528 illud
3184 2474 3412 2543 partici-

1865 2576 2090 2639 parites,
2137 2567 2317 2638 plures
2357 2565 2520 2621 etiam
2565 2575 2619 2621 et
2653 2566 2946 2634 ampliores
2997 2566 3065 2619 ab
3114 2564 3231 2624 ipso
3277 2564 3432 2619 dotes

1866 2669 2223 2732 acceperunt;
2260 2661 2401 2715 sicut
2430 2659 2595 2715 etiam
2628 2658 2914 2713 rationalia
2947 2656 3229 2713 sensitivis
3270 2667 3429 2713 ante-

1866 2756 2097 2824 cellunt,
2142 2771 2248 2828 quo
2284 2756 2517 2811 uberiori
2556 2754 2765 2808 ratione
2793 2752 3017 2823 pollent,
3059 2752 3134 2806 uti
3165 2761 3220 2807 et
3252 2752 3427 2807 sensi-

1865 2848 1972 2903 tiva
2010 2862 2192 2913 sensu,
2234 2857 2397 2917 atque
2441 2846 2545 2900 alia
2575 2846 2706 2899 vita.
2734 2844 2936 2913 Estque
2977 2845 3104 2907 hoc,
3132 2853 3190 2897 nt
3215 2843 3431 2912 opinor,

1866 2955 2079 3004 verum,
2122 2940 2234 3006 illa,
2280 2955 2399 3009 qua:
2431 2939 2591 2993 unius
2629 2935 2853 2991 inﬁnitis
2894 2937 3213 2990 muneribus
3255 2937 3430 2989 abun-

1868 3034 2046 3091 dantis
2077 3034 2168 3088 Dei
2197 3032 2367 3102 magis
2392 3030 2742 3101 participant,
2782 3028 3172 3098 pr0pinquiora
3213 3041 3430 3097 quoque

1791 3095 1836 3159 Ο
1868 3128 1970 3198 ipsi
2008 3095 2411 3194 divinioraque-
2433 3095 2669 3178 existere
2707 3095 2798 3176 iis
2824 3095 2944 3190 qua:
2992 3095 3079 3176 bis
3128 3095 3291 3174 rebus
3333 3095 3428 3174 su-

1870 3224 2147 3285 perentur.

1748 3334 1775 3406 ς
1805 3331 1914 3393 ιν.

274 3463 430 3519 Ἐπεὶ
451 3464 508 3519 δὲ
547 3464 643 3519 καὶ
682 3466 809 3538 περὶ
839 3463 1047 3523 τούτων
1087 3466 1331 3539 εἴπομεν,
1359 3468 1491 3542 φέρε
1531 3469 1768 3540 τάγαθὸν

185 3556 266 3622 ὡς
308 3554 478 3622 ὅντως
518 3556 600 3623 ὃν,
641 3556 735 3610 καὶ
774 3558 884 3613 τῶν
940 3558 1106 3615 ὄντων
1164 3561 1416 3639 ἁπάντων
1467 3562 1769 3620 οὑσιοποιὸν

186 3648 612 3720 ἀνυμνήσωμεν.
662 3650 720 3706 '0
759 3648 834 3703 ὣν
873 3651 994 3704 ὅλου
1037 3650 1131 3706 τοῦ
1171 3649 1306 3708 εἴναι
1358 3654 1499 3710 κατὰ
1540 3655 1768 3728 δύναμιν

190 3740 516 3811 ὑπερούσιός
559 3743 709 3809 ἐστι,
750 3742 1043 3810 ὑποστάτις
1087 3746 1270 3812 αἰτία,
1312 3747 1408 3801 καὶ
1441 3748 1768 3821 δημιουργὸς

187 3832 365 3897 ὄντος,
390 3832 697 3904 ὑπάρξεως,
720 3834 1088 3902 ὑποστάσεως,
1112 3837 1318 3902 οὐσίας’
1346 3837 1560 3910 φύσεως
1576 3858 1590 3871 ’
1620 3841 1763 3917 ἀρχὴ

190 3925 289 3977 καὶ
325 3923 523 3996 μέτρον
548 3926 757 3983 αἰώνων
776 3945 790 3959 ·
825 3929 920 3982 καὶ
943 3930 1148 4000 χρόνων
1170 3930 1392 4005 όντότης
1414 3932 1481 3999 ⁸⁸,
1510 3935 1605 3989 καὶ
1630 3935 1763 3990 αἰὼν

188 4017 304 4072 τῶν
324 4019 493 4073 ὄντων
514 4037 528 4054 ·
542 4019 732 4092 χρόνος
754 4021 863 4077 τῶν
881 4022 1195 4094 γινομένων,
1212 4024 1273 4080 τὸ
1290 4019 1561 4092 εἶναιτοῖς
1581 4030 1763 4083 όπωσ-

186 4109 290 4163 οῦν
329 4107 470 4175 οῦσι,
507 4111 721 4181 γένεσις
747 4116 859 4179 τοῖς
896 4113 1143 4171 ὁπωσοῦν
1179 4118 1500 4189 γινομένοις.
1539 4120 1633 4173 Ἐκ
1669 4118 1764 4174 τοῦ

188 4199 367 4263 ὖντος,
405 4199 559 4266 αἰὼν,
590 4203 684 4257 καὶ
723 4203 899 4270 οὐσία,
942 4205 1036 4259 καὶ
1062 4206 1140 4271 ὃν,
1173 4209 1267 4261 καὶ
1295 4206 1503 4278 χρόνος,
1540 4210 1635 4264 καὶ
1668 4210 1761 4280 γέ-

1940 3471 2206 3541 Quoniam
2241 3487 2373 3529 vero
2396 3472 2563 3529 etiam
2588 3471 2654 3528 de
2682 3471 2767 3528 his
2796 3470 3168 3538 disseruimus,
3198 3473 3426 3543 agedum

1868 3563 2150 3619 laudemus
2182 3563 2407 3629 bonum,
2433 3572 2690 3632 tanquam
2718 3578 2849 3621 vere
2875 3564 3138 3627 existens,
3164 3572 3218 3617 et
3247 3577 3424 3617 rerum

1867 3654 2109 3711 omnium
2153 3653 2483 3710 substantias
2531 3653 2788 3711 elliciens.
2837 3654 2941 3723 Qui
2987 3663 3109 3719 est,
3158 3654 3429 3708 universae

1866 3744 2116 3802 essentia;
2159 3743 2434 3815 possibilis
2474 3747 2913 3816 supernaturalis
2960 3760 3125 3801 causa
3175 3745 3429 3800 substan-

1869 3836 2014 3894 tialis
2038 3835 2248 3906 existit,
2273 3849 2330 3894 et
2363 3836 2590 3894 effector
2617 3839 2780 3906 entis,
2804 3838 3133 3903 existentiaa,
3157 3851 3427 3908 personas,

1867 3934 2204 4001 substantiae,
2234 3940 2471 4000 natum;
2518 3932 2844 4005 principium
2870 3940 2925 3989 et
2958 3947 3219 3990 mensura
3248 3947 3424 3988 saecu-

1868 4027 2075 4095 lorum,
2115 4035 2173 4083 et
2228 4036 2531 4097 temporum
2584 4026 2816 4092 entitas,
2859 4034 2915 4081 et
2960 4026 3163 4080 entium
3219 4040 3430 4091 aevum,

1868 4128 2082 4189 tempus
2108 4131 2294 4175 eorum
2330 4132 2448 4186 qua:
2476 4116 2644 4185 ﬁunt,
2676 4113 2879 4173 esseiis
2907 4131 3025 4188 quae
3053 4117 3429 4189 quoquomodo

1868 4212 2297 4282 sunt,generatio
2320 4211 2703 4281 quoquomodo
2735 4209 2952 4279 genitis.
2984 4209 3059 4262 Ex
3089 4223 3155 4263 eo
3185 4207 3275 4277 qui
3318 4216 3426 4271 est,

187 4305 360 4357 νεοις,
393 4292 488 4347 καὶ
522 4293 801 4367 γινόμενον
821 4313 835 4327 ·
880 4296 950 4351 τὰ
993 4300 1050 4351 ὲν
1079 4300 1191 4361 τοῖς
1224 4294 1375 4354 οὖσιν
1396 4301 1440 4333 ⁶¹
1474 4301 1623 4366 ὄντα,
1671 4303 1765 4357 καὶ

1871 4298 2031 4371 429
2060 4313 2258 4364 aevum,
2286 4307 2339 4352 et
2370 4299 2704 4363 substantia,
2747 4305 2801 4351 et
2842 4297 3153 4360 existentia,
3195 4304 3252 4350 et
3291 4304 3429 4350 tem-

189 4382 263 4436 τὰ
291 4383 541 4438 ὁπωσοῦν
584 4384 915 4457 ὑπάρχοντα,
955 4388 1049 4440 καὶ
1088 4387 1392 4457 ὑφεστῶτα.
1423 4391 1533 4445 Καὶ
1562 4392 1687 4464 γὰρ,
1733 4396 1762 4447 ὁ

188 4474 328 4538 Θεὸς
355 4473 417 4527 οῦ
446 4472 562 4539 πώς
582 4476 728 4531 ἐστιν
756 4476 852 4542 ὢν,
877 4477 990 4532 ἀλλ’
1013 4479 1198 4546 ἁπλῶς
1223 4484 1316 4537 κα)⁵
1344 4482 1757 4556 ἀπεριορίστως,

184 4566 315 4619 ὅλον
344 4566 406 4618 ὲν
445 4566 620 4638 ἑαυτῷ
641 4566 703 4621 τὸ
727 4563 865 4622 εἶναι
901 4571 1235 4643 συνειληφὼς
1264 4574 1361 4628 καὶ
1386 4574 1725 4647 προειληφώς
1743 4593 1758 4607 ·

186 4650 274 4704 διὸ
315 4652 409 4705 καὶ
449 4650 700 4721 βασιλεὺς
736 4654 952 4726 λέγεται
991 4659 1098 4712 τῶν
1135 4660 1364 4727 αἰώνων,
1402 4662 1478 4728 ὡς
1512 4665 1571 4718 έν
1615 4664 1761 4737 αὺτῷ

188 4743 289 4796 καὶ
312 4743 443 4815 περὶ
478 4744 643 4800 αὑτὸν
684 4747 885 4813 παντὸς
901 4748 1005 4811 ,τοῦ
1033 4745 1171 4805 εἶναι
1206 4753 1300 4806 καὶ
1329 4753 1481 4818 ὄντος
1508 4756 1603 4809 καὶ
1628 4756 1760 4826 ὑφε-

192 4833 457 4903 πηκότος
480 4836 547 4901 ⁶¹,
583 4836 680 4892 καὶ
720 4836 844 4893 οὔτε
880 4835 968 4912 ἦν,
1005 4841 1128 4897 οὔτε
1156 4842 1329 4910 ἔσται,
1362 4844 1484 4898 οὔτε
1526 4847 1761 4915 ἐγένετο,

188 4922 319 4977 οὔτε
344 4924 575 4993 γίνεται,
592 4926 715 4981 οὔτε
740 4931 1023 5001 γενήσεται
1039 4933 1103 4999 ⁸³,
1132 4933 1327 5005 μᾶλλον
1355 4935 1412 4988 δὲ
1438 4934 1561 4988 οὔτε
1585 4937 1731 4991 ἐστίν
1747 4954 1760 4966 ·

189 5014 311 5071 ἀλλ’
336 5015 500 5080 αὑτός
526 5019 643 5072 ἐστι
679 5018 755 5073 ’τὸ
794 5016 931 5077 εἶναι
971 5024 1083 5089 τοῖς
1121 5019 1271 5079 οῦσιο
1304 5028 1399 5080 καὶ
1436 5026 1495 5079 οὐ
1538 5026 1607 5081 τὰ
1636 5027 1765 5085 ὄντα

192 5103 379 5175 μόνον,
420 5105 558 5160 ἀλλὰ
596 5109 691 5164 καὶ
734 5109 866 5165 αὐτὸ
898 5110 961 5165 τὸ
1011 5110 1148 5169 εἶναι
1192 5114 1300 5169 τῶν
1331 5116 1519 5182 ὄντων,
1563 5118 1631 5171 ἐκ
1669 5118 1763 5175 τοῦ

191 5198 537 5266 προαιωνίως
549 5199 719 5266 ὄντος·
736 5201 896 5266 αὑτὸς
915 5204 1024 5276 γάρ
1040 5206 1187 5260 ἐστιν
1204 5208 1233 5261 ό
1252 5206 1383 5263 αἰὼν
1400 5208 1509 5263 τῶν
1528 5208 1758 5275 αἰώνων,

185 5291 222 5345 ὁ
250 5291 514 5365 ὑπάρχων
533 5294 639 5368 πρὸ
657 5295 767 5351 τῶν
788 5294 1019 5352 αἰώνων.

1866 4407 1990 4463 pus,
2030 4401 2086 4447 et
2125 4392 2426 4463 generatio,
2469 4400 2525 4447 et
2570 4391 2717 4462 quod
2762 4390 3021 4459 gignitur.
3066 4390 3163 4444 Est
3206 4403 3268 4443 ea
3308 4405 3429 4459 quae

1867 4490 2015 4551 sunt,
2044 4485 2097 4538 in
2131 4484 2197 4539 iis
2222 4498 2343 4553 quae
2369 4491 2516 4549 sunt,
2540 4493 2597 4539 et
2621 4498 2741 4553 quae
2773 4499 3095 4555 quocunque
3128 4485 3287 4541 modo
3313 4485 3429 4541 exi~

1867 4584 2048 4639 stunt,
2092 4583 2147 4631 et
2191 4589 2311 4646 qua:
2358 4589 2456 4646 per
2511 4589 2571 4630 se
2619 4576 2883 4631 existunt.
2933 4577 3075 4631 Dens
3124 4577 3268 4631 enim
3316 4593 3427 4633 non

1866 4667 2061 4736 quovis
2081 4668 2239 4723 modo
2262 4676 2347 4722 est
2370 4682 2488 4736 ens,
2518 4666 2616 4722 sed
2658 4666 2978 4737 simpliciter
3002 4676 3057 4723 et
3097 4668 3308 4724 inﬁnite
3342 4679 3426 4724 to-

1866 4766 1981 4814 tum
2023 4772 2145 4815 esse
2195 4759 2250 4815 in
2294 4774 2354 4816 se
2396 4761 2603 4830 pariter
2643 4760 2959 4828 complexus
2994 4770 3049 4815 et
3083 4762 3426 4832 anticipans;

1865 4854 2214 4922 quamobrem
2240 4852 2401 4908 etiam
2431 4852 2547 4908 Rex
2579 4852 2896 4908 saeculorum
2931 4853 3260 4919 nominatur,
3290 4864 3350 4907 ut
3374 4854 3429 4908 in

1864 4956 1975 5011 quo
1996 4951 2052 4997 et
2085 4956 2252 5011 penes
2284 4957 2443 5012 quem
2471 4941 2757 5012 cujuslibet
2781 4956 2903 4997 esse
2931 4950 2987 4997 et
3019 4942 3091 4996 sit
3114 4950 3170 4995 et
3193 4949 3429 5004 constet,

1864 5038 1922 5085 et
1946 5030 2000 5084 in
2022 5044 2129 5098 quo
2152 5042 2253 5086 nec
2275 5038 2417 5095 erat,
2447 5046 2545 5086 nec
2567 5031 2693 5097 erit,
2721 5044 2892 5099 neque
2913 5029 3113 5085 factum
3133 5040 3235 5096 est,
3252 5046 3431 5099 neque

1866 5121 1946 5186 lit,
1977 5136 2151 5193 neque
2178 5122 2286 5190 ﬂet,
2310 5124 2420 5179 imo
2444 5138 2543 5179 nec
2571 5133 2679 5189 est;
2709 5124 2803 5178 sed
2829 5123 2945 5192 ipse
2969 5132 3052 5178 est
3076 5137 3197 5179 esse
3226 5124 3424 5185 rebus;

1864 5220 1920 5266 et
1948 5226 2053 5267 non
2089 5222 2296 5269 tantum
2321 5228 2385 5269 ea
2419 5229 2538 5281 qua:
2568 5222 2716 5279 sunt,
2740 5213 2832 5268 sed
2866 5214 3041 5283 ipsum
3067 5229 3188 5269 esse
3216 5228 3426 5277 rerum,

1865 5316 1931 5354 ex
1971 5314 2285 5372 prmaaterno
2307 5314 2466 5372 ente;
2503 5306 2621 5375 ipse
2656 5306 2800 5360 enim
2840 5314 2924 5361 est
2948 5320 3122 5361 aevum
3163 5320 3422 5371 avorum,

1866 5394 2110 5451 existens
2135 5407 2257 5454 ante
2285 5413 2446 5454 omne
2471 5413 2667 5455 aevum.

1467 5545 1701 5603 VABIIE
1738 5547 2142 5606 LECTIONES.

268 5677 317 5709 “
336 5678 756 5752 ἑκφαντορικήν,
789 5680 850 5752 S.
879 5679 939 5734 P.

1038 5682 1083 5753 ss
1107 5680 1626 5753 ὑπερεκτεινομένης
1647 5721 1660 5743 ,
1691 5681 1747 5735 8.
1774 5682 1835 5738 Ρ.
1862 5683 1924 5738 D.

2030 5684 2076 5715 ⁸⁸
2105 5683 2213 5737 τῶν
2240 5682 2454 5752 λογίων,
2488 5683 2544 5738 S.
2577 5685 2671 5738 sed
2696 5683 2907 5752 vitiose,
2938 5680 3148 5752 Opinor.
3190 5751 3215 5752 ﬂ
3251 5681 3295 5752 '_"
3327 5681 3423 5734 xui.

190 5748 637 5825 ὐῖτερπερισσῶς.
672 5748 749 5825 Α’ἕδ
772 5751 841 5805 τὰ
868 5752 1048 5814 λοιπά,
1070 5752 1131 5807 Μ.
1322 5753 1365 5785 ⁵*
1394 5748 1786 5823 πλήσιέστερα,
1807 5754 1873 5810 Μ.
1952 5754 1995 5786 ⁵⁸
2019 5748 2414 5825 ὀντοτὴςΝἰθιι.
2439 5748 2447 5751 ⁷
2492 5755 2533 5786 ⁸³
2569 5753 2661 5808 ἐπὶ
2691 5756 2801 5815 τοῖς
2829 5748 3102 5817 οῦσι,5.Ρ.
3181 5751 3224 5781 ⁸²
3257 5750 3419 5818 ὑφεσ-

194 5821 387 5884 τῶτος.
422 5820 429 5821 ί
467 5820 511 5852 ⁵³
530 5820 906 5893 γενηθήσεται,
945 5826 1010 5877 Μ.
