3866 6234
476 329 583 388 819

474 714 641 769 nibus
662 723 718 769 et
745 713 898 779 aevis,
926 714 1097 783 ipsum
1125 728 1245 769 esse
1273 715 1341 769 ab
1365 726 1430 768 eo
1455 713 1547 782 qui
1579 712 1901 782 prmexstitit
1925 712 2046 769 exi-

473 817 639 863 stere.
681 804 864 877 Atque
906 820 1068 862 omne
1113 807 1333 876 quidem
1372 820 1547 864 azvum
1595 820 1659 861 ac
1715 815 1926 873 tempus
1975 819 2045 860 ex

471 900 613 969 ipso,
640 898 819 953 omnis
843 912 973 954 vero
1002 898 1102 953 αενί
1130 913 1195 953 ac
1219 900 1502 971 temporis,
1528 900 1716 969 reique
1749 898 2047 971 cujuslibet

471 986 800 1059 principium
846 1000 909 1041 ac
941 1000 1108 1042 causa
1140 988 1184 1041 is
1218 996 1301 1042 est
1330 988 1421 1057 qui
1457 988 1787 1055 prazexistit;
1826 996 1882 1043 et
1911 1004 2047 1043 cun-

471 1088 559 1133 cta
593 1078 768 1148 ipsum
808 1077 1156 1148 participant,
1196 1085 1252 1131 et
1287 1092 1314 1131 a
1362 1076 1509 1131 nullo
1547 1077 1754 1132 enlium
1803 1078 2044 1142 recedit;

470 1182 527 1228 et
574 1172 689 1242 ipse
719 1180 804 1227 est
833 1182 961 1227 ante
1001 1172 1207 1234 omnia,
1240 1177 1294 1225 et
1323 1170 1577 1225 universa
1630 1171 1683 1224 in
1718 1170 1835 1239 ipso
1865 1170 2046 1224 consi-

470 1275 643 1332 stunt,
668 1274 725 1321 et
768 1264 1115 1334 simpliciter.
1144 1264 1188 1318 si
1218 1264 1347 1335 quid
1384 1264 1794 1334 quomodolibet
1835 1263 2045 1329 existit,

470 1356 527 1411 in
560 1356 677 1426 ipso
707 1364 948 1427 prmente
981 1365 1092 1410 tum
1123 1364 1230 1420 est,
1261 1364 1374 1410 tum
1410 1356 1757 1426 intelligitur,
1790 1365 1903 1411 tum
1936 1356 2046 1410 sal-

469 1460 664 1514 vatur;
701 1459 757 1504 et
797 1458 926 1503 ante
968 1448 1107 1504 alias
1147 1449 1267 1517 ejus
1309 1449 1760 1520 participationes
1805 1465 2046 1521 praisup-

470 1542 690 1609 ponitur
720 1542 896 1612 ipsum
934 1557 1078 1607 esse,
1105 1549 1160 1597 et
1188 1552 1274 1599 est
1304 1544 1482 1613 ipsum
1524 1560 1620 1615 per
1646 1559 1704 1599 se
1738 1558 1864 1600 esse
1905 1544 2047 1601 anti-

470 1636 656 1705 quius,
679 1649 844 1704 quam
872 1647 997 1691 esse
1026 1649 1124 1704 per
1165 1649 1224 1689 se
1255 1635 1419 1690 vitam
1441 1678 1457 1703 ,
1495 1645 1551 1691 et
1580 1652 1677 1706 per
1721 1651 1781 1692 se
1822 1636 2044 1706 sapien-

473 1730 627 1795 tiam,
653 1736 707 1783 et
748 1742 846 1799 per
869 1743 929 1783 se
961 1728 1371 1785 similitudinem
1406 1729 1668 1794 divinam,
1699 1740 1754 1786 et
1792 1746 2049 1800 quaecun-

471 1835 579 1890 que
620 1821 726 1877 alia
769 1822 1167 1893 participantur
1205 1824 1272 1878 ab
1318 1822 1386 1879 iis
1418 1839 1540 1893 qua:
1579 1836 1730 1891 sunt,
1773 1836 1898 1881 ante
1934 1842 2046 1880 om-

472 1929 597 1969 nem
646 1914 730 1969 sui
797 1915 1273 1985 participationem
1323 1916 1670 2002 participant
1727 1934 1884 1985 esse;
1937 1919 2047 1975 imo

469 2020 601 2061 vero
627 2005 792 2060 etiam
840 2005 955 2075 ipsa
1001 2007 1298 2061 secundum
1344 2023 1466 2077 qua:
1514 2019 1646 2070 sunt
1677 2009 1885 2074 omnia,
1928 2024 2047 2077 quae

472 2097 540 2152 ab
570 2097 637 2151 iis
663 2110 784 2167 qua:
826 2106 956 2151 sunt
999 2098 1417 2169 participantur,
1466 2099 1641 2168 ipsum
1685 2116 1781 2169 per
1820 2116 1881 2156 se
1924 2116 2047 2157 esse

472 2189 831 2259 participant;
867 2199 919 2244 et
972 2190 1108 2245 nihil
1155 2199 1268 2256 est,
1312 2191 1466 2256 cuius
1500 2193 1674 2261 ipsum
1707 2208 1806 2263 per
1835 2208 1895 2249 se
1925 2208 2048 2249 esse

469 2298 578 2339 non
604 2283 677 2338 sit
702 2285 936 2339 essentia
964 2293 1020 2337 et
1064 2299 1261 2339 aevum.
1296 2284 1439 2340 Deus
1484 2284 1655 2355 igitur
1689 2302 1811 2342 cum
1854 2288 1945 2352 sit,
1989 2299 2048 2341 ut

469 2387 896 2433 consentaneum
928 2388 1034 2445 est,
1076 2379 1329 2435 omnibus
1366 2380 1490 2434 aliis
1538 2381 1710 2452 magis
1752 2381 2048 2451 principia-

470 2468 561 2533 lis,
603 2468 673 2523 ab
715 2469 1026 2539 antiquiore
1070 2471 1214 2526 dono
1246 2486 1347 2527 suo
1394 2473 1647 2529 laudatur
1693 2482 1752 2528 ut
1796 2488 1926 2540 ens;
1972 2475 2049 2529 si-

470 2560 687 2631 quidem
719 2562 870 2630 prius
911 2576 1032 2618 esse
1067 2570 1125 2618 et
1152 2564 1516 2621 excellentius
1558 2581 1679 2623 esse
1721 2582 1845 2623 cum
1890 2569 2046 2639 prius

472 2653 671 2708 habeat
697 2662 753 2709 et
777 2653 1135 2711 excellentius
1165 2656 1385 2722 habeat,
1419 2658 1571 2728 prius
1603 2658 1732 2714 fecit
1756 2674 1879 2715 esse
1902 2662 2047 2731 quod

472 2753 576 2811 est,
606 2746 806 2817 ipsum,
836 2747 1081 2818 inquam,
1110 2762 1207 2818 per
1236 2764 1297 2805 se
1322 2765 1465 2815 esse,
1489 2762 1661 2823 et‘per
1691 2753 1865 2822 ipsum
1889 2769 2049 2810 omne

472 2833 618 2901 quod
674 2836 1175 2905 quomodocunque
1223 2847 1340 2903 est,
1382 2841 1617 2897 existere
1679 2841 1830 2898 fecit.
1882 2844 2047 2914 Atqui

470 2924 739 2997 principia
764 2942 955 2982 eorum
1000 2944 1122 2999 qua:
1153 2940 1304 2996 sunt,
1330 2933 1513 2987 omnia
1544 2934 1873 3003 participant
1899 2950 2046 3002 esse,

470 3024 526 3073 et
554 3027 773 3083 sunt,et
790 3019 1052 3090 principia
1080 3032 1229 3087 sunt,
1256 3033 1313 3079 et
1338 3024 1571 3094 primum
1608 3037 1757 3092 sunt,
1781 3036 1835 3082 et
1865 3038 2048 3099 postea

1647 332 1705 387 8.
1744 329 1950 390 DIONY
1959 330 2042 389 Sll
2077 331 2539 389 ΑΚΕΟΡΑΟΙΤᾸΞ
3606 337 3690 394 8%

1994 472 2133 547 δν.

547 619 725 679 Altius
766 618 949 690 itaque
994 627 1324 689 repetentes,
1369 618 1655 685 dicamus,
1705 618 1871 675 rebus
1918 633 2040 674 om-
2071 623 2119 679 Α

2225 607 2607 686 Ἀναλαὸόντες
2644 616 2738 677 οὖν
2780 622 3041 693 εἴπωμεν,
3066 622 3149 676 ότι
3176 623 3312 675 πᾶσι
3337 622 3452 685 τοῖς
3490 616 3600 675 οὖσι
3621 626 3693 678 καὶ

2145 715 2259 779 τοῖς
2300 713 2461 767 αἱῶσι
2493 714 2555 768 τὸ
2584 710 2725 769 εἶναι
2768 714 2920 786 παρὰ
2942 714 3036 767 τοῦ
3072 713 3326 785 προόντος
3352 714 3417 769 ⁸⁸.
3461 716 3566 768 Καὶ
3610 720 3693 779 πᾶς

2143 804 2249 876 μὲν
2277 803 2415 859 αἰὼν
2449 806 2544 859 καὶ
2569 805 2758 877 χρόνος
2787 804 2847 870 ἐξ
2871 803 3058 870 αὑτοῦ,
3088 804 3288 867 παντὸς
3319 805 3377 858 δὲ
3406 807 3502 859 καὶ
3527 807 3690 870 αἰῶνος

2147 900 2241 953 καὶ
2271 898 2485 970 χρόνου,
2513 901 2609 954 καὶ
2636 898 2835 962 παντὸς
2855 898 3102 953 ὁπωσοῦν
3125 898 3295 963 ὄντος,
3326 900 3355 951 ὁ
3383 898 3563 969 προὼν
3580 900 3691 970 ἁρχὴ

2147 992 2241 1045 καὶ
2282 992 2469 1046 αἱτῐαο
2511 993 2605 1046 καὶ
2648 992 2825 1046 πάντα
2871 990 3035 1045 αὐτοῦ
3084 991 3330 1063 μετέχει,
3379 994 3477 1046 καὶ
3518 992 3695 1055 οὐδενὸς

2145 1084 2255 1139 τῶν
2284 1086 2453 1139 ὄντων
2482 1085 2813 1139 ἀποστατεῖ·
2858 1086 2953 1139 καὶ
2990 1084 3151 1149 αὑτός
3185 1087 3301 1137 ἐστι
3342 1085 3451 1156 πρὸ
3495 1085 3692 1147 πάντων,

2146 1178 2239 1232 καὶ
2266 1177 2337 1230 τά
2364 1179 2541 1233 πάντα
2579 1180 2637 1231 ὲν
2666 1176 2813 1247 αὑτῷ
2841 1176 3137 1247 συνέστηκε
3163 1193 3177 1205 ·
3220 1178 3316 1229 καὶ
3350 1176 3557 1238 ἁπλῶς,
3581 1173 3629 1226 sl
3656 1190 3695 1226 τι

2145 1270 2391 1324 ὁπωσοῦν
2420 1272 2588 1335 ἐστιν,
2618 1272 2677 1323 ὲν
2710 1268 2789 1340 τῷ
2823 1269 3044 1340 προόντι
3071 1270 3165 1322 καὶ
3191 1268 3326 1333 ἐστι,
3371 1268 3468 1321 καὶ
3503 1267 3697 1319 ἐπινοεῖ-

2143 1380 2256 1427 ται,
2284 1364 2379 1417 καὶ
2421 1362 2680 1427 σώζεται·
2712 1363 2806 1417 καὶ
2852 1362 2957 1434 πρὸ
2999 1362 3112 1415 τῶν
3144 1362 3317 1416 ἄλλων
3356 1358 3527 1414 aurei
3568 1375 3695 1429 μετο-

2146 1458 2257 1529 χῶν
2285 1458 2329 1490 “
2370 1457 2431 1512 τὸ
2475 1454 2613 1511 εἶναι
2662 1457 3057 1530 προϐέϐληται⁹
3098 1456 3193 1509 καὶ
3242 1454 3391 1507 ἔστιν
3436 1454 3562 1507 αὐτὸ
3600 1452 3697 1507 καθ’

2146 1548 2279 1603 αὑτὸ
2309 1547 2370 1602 τὸ
2413 1544 2552 1602 εἶναι
2584 1548 2954 1620 πρεσϐύτερον
2982 1545 3081 1600 τοῦ
3114 1545 3396 1615 αύτοζωὴν
3436 1541 3587 1608 εἶναι,
3624 1546 3698 1595 καὶ

2146 1643 2473 1713 αὑτοσοφίαν
2502 1638 2660 1707 εἶναι,
2692 1644 2787 1696 καὶ
2816 1641 3242 1711 αύτοομοιότητα
3272 1639 3428 1692 Θείαν
3453 1633 3601 1699 εἶναι,
3624 1637 3697 1687 καὶ

2145 1736 2215 1790 τὰ
2245 1736 2380 1790 ἄλλα
2406 1736 2548 1789 ὅσων
2572 1734 2639 1789 τὰ
2678 1733 2806 1788 ὅντα
2835 1733 3147 1804 μετέχοντα,
3173 1729 3278 1800 πρὸ
3311 1730 3529 1783 πάντων
3553 1727 3696 1780 αὐτῶν

2145 1826 2241 1880 τοῦ
2293 1822 2431 1880 εῖναι
2482 1825 2728 1897 μετέχει·
2773 1823 2971 1896 μᾶλλον
3014 1823 3073 1876 δὲ
3118 1824 3211 1875 καὶ
3257 1820 3399 1874 αὐτὰ
3435 1820 3552 1872 καθ’
3587 1817 3695 1872 αὐτὰ

2148 1922 2344 1983 πάντα,
2377 1914 2451 1974 ὧν
2471 1918 2542 1973 τὰ
2573 1919 2702 1973 ὄντα
2739 1917 2974 1990 μετέχει,
3005 1916 3099 1969 τοῦ
3134 1914 3263 1969 αὐτὸ
3291 1913 3418 1967 καθ’
3444 1913 3569 1967 αὐτὸ
3583 1906 3692 1964 εἶναι

2152 2014 2398 2086 μετέχει·
2436 2014 2531 2066 καὶ
2571 2011 2722 2066 οὐδέν
2761 2013 2909 2064 ἐστιν
2942 2009 3023 2074 ὃν,
3046 2002 3107 2064 οὗ
3147 2009 3221 2080 μὴ
3260 2009 3415 2062 ἐστιν
3456 2008 3602 2060 οὐσία
3625 2007 3695 2059 καὶ

2147 2103 2282 2159 αἰὼν
2301 2104 2363 2157 τὸ
2396 2103 2529 2157 αὐτὸ
2557 2098 2713 2156 εἶναι.
2739 2103 2965 2155 Πάντων
2988 2095 3081 2153 οὖν
3108 2099 3329 2163 εἰκότως
3352 2099 3402 2130 ⁸⁸
3424 2098 3529 2151 τῶν
3557 2098 3695 2150 ἄλλων

2147 2194 2619 2267 ἀρχηγικώτερον,
2650 2194 2725 2257 ὼς
2748 2191 2844 2257 ῶν,
2880 2194 2910 2246 ὁ
2937 2191 3067 2255 Θεὸς
3118 2193 3182 2243 ὲκ
3218 2190 3318 2261 τῆς
3359 2188 3694 2261 πρεσϐυτέρας

2146 2287 2256 2343 τῶν
2284 2288 2457 2343 ἄλλων
2486 2285 2650 2340 αὐτοῦ
2682 2284 2901 2357 δωρεῶν
2941 2284 3193 2355 ὑμνεῖται
3213 2300 3225 2313 ·
3255 2284 3353 2335 καὶ
3390 2283 3499 2353 γὰρ
3524 2282 3578 2334 τὸ
3599 2297 3697 2351 προ-

2148 2385 2286 2437 εῖναι
2316 2382 2408 2435 καὶ
2453 2381 2733 2451 ὑπερεῖναι
2762 2378 3009 2450 προέχων
3040 2377 3133 2430 καὶ
3162 2374 3533 2447 ὑπερέχων,τὸ
3566 2370 3681 2427 slva:

2149 2476 2257 2527 πᾶν
2283 2473 2348 2536 ⁸⁷,
2382 2471 2515 2525 αύτὸ
2555 2488 2695 2541 φημι
2740 2469 2863 2523 καθ’
2904 2468 3037 2523 αὑτὸ
3102 2467 3164 2522 τὺ
3202 2462 3697 2537 εἷναι,προῠπεστῄ-

2151 2585 2301 2631 σατο,
2344 2564 2439 2620 καὶ
2482 2563 2563 2635 τῷ
2608 2559 2747 2616 εἶναι
2787 2560 2935 2632 αύτῷ
2968 2561 3076 2614 πᾶν
3110 2558 3171 2613 τὸ
3211 2557 3466 2611 ὁπωσοῦν
3505 2556 3560 2609 ὃν
3594 2557 3699 2609 ὑπε-

2150 2662 2403 2732 στήσατο.
2448 2660 2557 2711 Καὶ
2596 2657 2727 2726 γοῦν
2753 2658 2808 2709 αἱ
2837 2654 3001 2727 ἀρχαὶ
3041 2653 3150 2707 τῶν
3194 2653 3367 2707 ὄντων
3409 2653 3591 2713 πᾶσαι,
3625 2646 3697 2701 τοῦ

2150 2748 2289 2805 slvat
2322 2751 2663 2822 μετέχουσαι,
2689 2749 2783 2802 καί
2808 2749 2936 2812 εἱσι,
2965 2748 3060 2800 καὶ
3099 2746 3262 2817 ἀρχαί
3289 2747 3423 2809 εἰσι,
3467 2746 3557 2797 καὶ
3581 2739 3701 2812 πρῶ-

2148 2845 2240 2899 τόν
2264 2847 2421 2910 εἰσιν,
2451 2844 2640 2897 ἔπειτα
2671 2842 2837 2913 ἀρχαί
2880 2842 3007 2894 εισι.
3031 2842 3140 2894 Καὶ
3167 2842 3217 2893 sl
3252 2839 3434 2910 βούλει
3459 2838 3562 2891 τῶν
3591 2835 3701 2900 ζὼν-

2150 2957 2279 3004 των,
2314 2937 2389 3002 ὡς
2428 2936 2665 3001 ζώντων,
2712 2935 2886 3007 ἀρχὴν
2930 2933 3095 3003 φάναι
3135 2932 3236 3003 τὴν
3284 2929 3593 3000 αὐτοζωήν·
3627 2925 3702 2979 καί

2149 3031 2261 3089 τῶν
2289 3030 2519 3103 ὁμοίων,
2547 3029 2623 3094 ὡς
2648 3028 2868 3098 ὁμοίων,
2895 3026 2995 3097 τὴν
3018 3024 3445 3096 αὑτοομοιότητα
3462 3041 3475 3053 ·
3510 3021 3597 3075 καὶ
3616 3018 3700 3073 τῶν

474 3109 741 3182 principia
764 3120 911 3167 sunt.
934 3114 997 3166 Et
1020 3113 1065 3168 si
1095 3114 1178 3170 vis
1201 3116 1525 3184 viventium,
1543 3129 1813 3189 quatenus
1836 3124 2046 3190 vivunt,

2152 3127 2466 3199 ήνωμένων,
2494 3124 2570 3189 ὡς
2601 3123 2914 3195 ἡνωμένων,
2954 3119 3053 3192 τὴν
3091 3118 3449 3174 αύτοένωσινο
3491 3117 3577 3170 καὶ
3614 3112 3700 3166 τῶν

471 3202 797 3273 principium
812 3204 992 3285 dicere
1010 3220 1187 3278 per-se
1206 3208 1392 3276 vitam;
1408 3219 1465 3265 et
1486 3211 1768 3280 similium,
1784 3223 2049 3282 quatenus

2152 3218 2519 3291 τεταγμένων,
2546 3215 2622 3279 ὡς
2643 3214 3007 3285 τεταγμένων,
3037 3212 3137 3283 τὴν
3168 3211 3457 3275 αὑτόταξιν
3475 3228 3487 3241 ·
3512 3207 3701 3263 καὶτῶν

471 3294 673 3351 similia
696 3306 843 3363 sunt,
874 3312 973 3369 per
1001 3314 1060 3355 se
1080 3300 1525 3369 similitudinem;
1563 3314 1617 3360 et
1647 3307 2044 3378 copulatorum,

2151 3315 2327 3373 ἄλλων
2364 3312 2463 3364 ὅσα
2504 3306 2722 3378 τοῦδεῆ
2766 3306 2943 3371 τοῦδε,
2982 3305 3016 3376 ἢ
3057 3305 3405 3377 ἀμφοτέρων,
3450 3304 3483 3375 ἢ
3526 3299 3701 3355 πολλῶν

470 3396 739 3455 quatenus
775 3390 1023 3461 copulata
1076 3405 1226 3459 sunt,
1271 3410 1367 3463 per
1411 3410 1472 3451 se
1524 3397 1955 3469 copulationem;
1990 3413 2046 3457 et

2151 3407 2463 3482 μετέχοντα,
2486 3403 2609 3458 τόδε
2654 3402 2860 3475 ἥτόδε,
2907 3402 2940 3473 ἢ
2981 3402 3267 3473 ἀμφότερα
3311 3401 3346 3472 ἢ
3390 3400 3556 3454 πολλά
3587 3401 3697 3455 ἐστι,

471 3477 870 3545 ordinatorum,
911 3488 1184 3552 quatenus
1225 3483 1477 3536 ordinata
1508 3494 1657 3552 sunt,
1692 3502 1787 3556 per
1810 3503 1869 3543 se
1898 3490 2047 3542 ordi-

2149 3477 2247 3567 τὰς
2288 3496 2651 3571 αὐτομετοχὰς
2680 3496 2955 3568 εὑρήσεις,
2993 3494 3087 3547 τοῦ
3132 3489 3270 3547 εἶναι
3310 3494 3525 3565 πρῶτον
3562 3490 3698 3552 αὑτὰς

475 3575 782 3642 nationem;
812 3585 869 3631 et
897 3576 1149 3632 similiter
1176 3577 1228 3631 in
1260 3578 1404 3642 aliis,
1442 3593 1781 3649 quaecunque
1808 3580 1913 3637 hoc
1952 3592 2045 3637 aut

2153 3590 2504 3665 μετεχούσας,
2530 3590 2624 3642 καὶ
2666 3587 2743 3658 τῷ
2782 3586 2922 3641 εἶναι
2952 3585 3166 3658 πρῶτον
3198 3584 3501 3655 μενούσαςο
3543 3583 3700 3635 ἔπειτα

473 3665 630 3733 illud,
668 3675 761 3721 aut
798 3678 1112 3739 utrumque,
1141 3676 1234 3721 aut
1277 3668 1444 3724 multa
1487 3668 1653 3745 430
1691 3673 2043 3744 participant,

2149 3684 2302 3740 τοῦδε
2345 3684 2378 3755 ἢ
2425 3682 2580 3736 τοῦδε
2634 3681 2807 3753 ἀρχὰς
2849 3679 3042 3743 οῦσας,
3083 3679 3177 3731 καὶ
3220 3676 3297 3747 τῷ
3353 3677 3591 3748 μετέχειν
3626 3667 3699 3724 τοῦ

476 3769 531 3815 et
562 3760 666 3816 hoc
695 3768 789 3817 aut
821 3760 973 3826 illud,
1003 3762 1084 3817 vel
1112 3773 1404 3834 utrumque
1438 3772 1532 3817 aut
1564 3765 1732 3820 multa
1765 3777 1888 3822 sunt
1921 3782 2045 3837 par-

2150 3773 2322 3841 εἶναι,
2366 3777 2459 3830 καὶ
2498 3774 2661 3838 οὔσας
2706 3774 2799 3827 καὶ
2841 3770 3226 3844 μετεχομένας.
3267 3770 3331 3821 El
3373 3769 3431 3821 δὲ
3458 3766 3615 3821 ταῦτα
3648 3764 3699 3831 τῇ

477 3856 719 3926 ticipata,
762 3860 1022 3927 reperies,
1069 3874 1166 3933 per
1194 3875 1253 3914 se
1291 3858 1763 3930 participationes,
1806 3865 2038 3933 primum

2153 3873 2349 3942 μετοχῇ
2390 3869 2482 3923 τοῦ
2530 3864 2666 3923 εἷναί
2706 3869 2841 3930 ἐστι,
2886 3863 3063 3935 πολλῴ
3093 3882 3155 3933 γε
3197 3864 3399 3936 μᾶλλον
3438 3862 3504 3915 τὰ
3552 3856 3699 3913 αὐτῶν

477 3947 805 4018 participare
844 3964 988 4015 esse,
1028 3960 1083 4004 et
1126 3951 1202 4005 sic
1245 3952 1476 4019 primum
1524 3966 1644 4008 esse
1685 3956 1831 4023 quod
1877 3968 2036 4023 sunt,

2149 3964 2458 4033 μετέχοντα.

476 4040 670 4096 deinde
715 4042 871 4113 hujus
918 4050 1012 4097 aut
1059 4044 1204 4101 illius
1236 4044 1505 4114 principia
1564 4060 1703 4108 esse,
1758 4057 1811 4102 et
1856 4053 2233 4123 participando
2287 4070 2427 4118 esse,
2471 4056 2707 4110 existere
2765 4062 2822 4107 et
2875 4048 3211 4123 participari.
3271 4047 3327 4103 Si
3374 4058 3551 4100 autem
3609 4043 3699 4097 hac

476 4132 621 4199 (qua:
652 4133 881 4189 aliorum
947 4136 1212 4207 principia
1268 4144 1644 4211 numerantur)
1685 4159 1781 4212 per
1833 4148 2306 4222 participationem
2368 4151 2539 4220 ipsius
2591 4163 2713 4206 esse
2741 4146 3000 4211 existant,
3032 4144 3202 4201 multo
3246 4146 3423 4215 magis
3465 4156 3579 4215 quae
3606 4139 3696 4209 ipsa

475 4226 565 4282 illa
598 4225 858 4297 principia
888 4230 1237 4301 participant.

2024 4370 2051 4441 §
2090 4367 2190 4428 Vl.

549 4514 789 4572 Primum
816 4519 978 4588 igitur
1004 4518 1203 4575 donum
1236 4534 1332 4590 per
1355 4536 1414 4577 se
1441 4536 1561 4579 esse
1596 4539 1717 4579 cum
1745 4542 1841 4596 per
1864 4543 1922 4583 se
1948 4528 2042 4586 illa

2223 4528 2453 4601 Πρώτην
2478 4521 2571 4581 οῦν
2605 4527 2703 4599 τὴν
2727 4526 2821 4579 τοῦ
2858 4526 2988 4580 αὐτὸ
3013 4521 3152 4579 εἶναι
3178 4523 3389 4595 δωρεὰν
3410 4524 3453 4555 ⁸⁸
3484 4524 3515 4592 ἡ
3542 4520 3697 4573 αὐτοῦ’

480 4622 808 4677 supraquam
836 4610 1048 4666 bonitas
1074 4611 1363 4681 producat,
1393 4616 1588 4671 merito
1629 4617 1696 4672 ab
1735 4619 2047 4688 antiquiore

2155 4620 2535 4694 περαγαθότης
2576 4618 3003 4690 προϐαλλομένη,
3044 4619 3112 4688 τῇ
3152 4615 3497 4688 πρεσϐυτέρᾳ
3541 4610 3693 4683 πρώτῃ

478 4708 533 4752 et
561 4701 733 4769 prima
760 4704 1005 4758 omnium
1033 4705 1510 4776 participationum
1552 4708 1840 4779 laudatur;
1875 4724 1929 4769 et
1965 4726 2049 4770 est

2156 4714 2266 4767 τῶν
2311 4712 2552 4785 μετοχῶν
2583 4712 2852 4783 ὑμνεῖται,
2897 4711 2991 4763 καὶ
3027 4710 3175 4762 ἐστιν
3215 4708 3277 4774 ἐξ
3317 4708 3505 4778 αὐτῆς,
3542 4706 3621 4759 καὶ
3650 4704 3695 4755 ὲν

478 4805 546 4845 ex
592 4792 704 4861 ipsa
746 4807 801 4849 et
842 4795 896 4850 in
944 4798 1057 4861 ipsa
1102 4798 1275 4868 ipsum
1326 4816 1422 4871 per
1466 4816 1525 4856 se
1564 4816 1708 4867 esse,
1753 4814 1811 4859 et
1869 4824 2049 4864 rerum

2158 4805 2315 4874 αὐτῇ,
2348 4803 2441 4856 καὶ
2475 4801 2608 4855 αὐτὸ
2643 4801 2705 4854 τὸ
2751 4797 2924 4864 εἶναι,
2969 4801 3063 4852 καὶ
3101 4801 3157 4852 αἱ
3197 4800 3304 4852 τῶν
3346 4799 3513 4873 ὄντων
3541 4791 3691 4865 ἀρχαὶ,

481 4884 771 4954 principia,
811 4898 866 4941 et
897 4890 1083 4944 omnia
1108 4907 1449 4962 quaecunque
1491 4906 1638 4961 sunt,
1679 4905 1734 4951 et
1771 4913 1891 4967 qua:
1921 4916 2049 4969 quo-

2159 4897 2252 4949 καὶ
2280 4894 2349 4948 τὰ
2372 4895 2499 4947 ὄντα
2524 4894 2719 4958 πάντα,
2745 4892 2841 4945 xal
2875 4890 2944 4944 τὰ
2970 4889 3217 4943 ὁπωσοῦν
3242 4890 3320 4960 τῷ
3348 4886 3485 4943 εἶναι
3510 4888 3693 4954 διακρα-

482 4974 859 5044 niodocunque
898 4988 1057 5045 sunt;
1098 4982 1260 5051 idque
1297 4983 1767 5054 incomprehense,
1797 5001 1852 5044 et
1890 5006 2049 5059 copu-

2154 4988 2245 5041 τού
2253 5004 2411 5059 μενα·
2441 4988 2535 5041 καὶ
2562 4986 2717 5039 τοῦτο
2745 4984 3006 5055 ἀσχέτως,
3031 4984 3124 5036 καὶ
3152 4981 3593 5053 συνειλημμένως,
3617 4974 3689 5027 καὶ

482 5066 616 5133 late,
660 5075 715 5121 et
758 5068 1129 5138 singulariter.
1182 5071 1461 5142 Siquidem
1501 5077 1552 5129 in
1605 5079 1811 5133 unitate
1873 5082 2049 5136 omnis

2154 5081 2386 5144 ένιαίως.
2432 5078 2542 5132 Καὶ
2579 5078 2687 5147 γὰρ
2728 5081 2785 5132 ὲν
2830 5077 3016 5147 μονάδι
3062 5077 3168 5138 πᾶς
3213 5076 3444 5146 ἀριθμὸς
3489 5066 3688 5129 ένοειδῶς

483 5173 745 5216 numerus
777 5160 1123 5218 uniformiter
1167 5169 1515 5235 prmexstitil,
1563 5170 1837 5239 habetque
1868 5173 2049 5226 unitas

2155 5170 2534 5241 προϋφέστηκε
2557 5172 2621 5234 ⁶⁹,
2654 5169 2747 5223 xal.
2787 5168 2899 5240 ἔχει
2938 5168 3111 5222 πάντα
3142 5166 3371 5238 ἀριθμὸν
3394 5169 3427 5236 ή
3472 5161 3615 5236 μονὰς
3644 5158 3687 5207 ἐν

483 5250 537 5306 in
566 5253 743 5322 seipsa
785 5251 1139 5323 singulariter
1167 5271 1383 5313 omnem
1426 5275 1746 5327 numerum;
1781 5273 1834 5316 et
1874 5264 2049 5319 omnis

2153 5264 2317 5333 ἑαυτῇ
2353 5262 2624 5333 μοναχῶς
2654 5262 2745 5314 καὶ
2764 5263 2870 5324 πᾶς
2886 5260 3115 5332 ἀριθμὸς
3130 5261 3331 5331 ἥνωται
3349 5258 3445 5330 μὲν
3472 5258 3523 5308 ἐν
3536 5256 3590 5322 τῇ
3615 5264 3687 5319 μέν

484 5360 744 5401 numerus
769 5346 821 5400 in
851 5361 1015 5402 unum
1055 5348 1338 5418 copulatus
1360 5360 1464 5417 est,
1489 5363 1545 5407 et
1588 5354 1642 5408 in
1690 5355 1900 5410 unitate
1943 5367 2048 5421 est,

2154 5355 2300 5412 νάδι·
2334 5354 2455 5409 καθ’
2488 5354 2609 5413 ὅσον
2634 5353 2691 5408 δὲ
2719 5353 2819 5424 τῆς
2856 5353 3080 5425 μονάδος
3108 5352 3347 5425 πρόεισι,
3378 5349 3513 5406 κατὰ
3536 5339 3685 5399 τοσοῦ-

1760 5571 1994 5629 νΑΒΙᾹΞ
2030 5570 2436 5629 LECTIONES.

558 5726 605 5805 ’ξ
635 5725 1003 5805 προνοοῦντος,
1136 5729 1225 5805 sc.
1255 5730 1349 5784 τοῦ
1374 5732 1557 5805 ὁντος,
1587 5730 1763 5805 Υἰρηη
1790 5734 1832 5764 ⁵⁵
1865 5732 2195 5805 μετεχόντων
2220 5772 2232 5793 ,
2273 5732 2340 5805 Μ.
2369 5732 2457 5785 Sc.
2500 5732 2756 5805 μετέχων,
2779 5730 2835 5789 S.
2869 5731 2931 5786 D.
3011 5732 3056 5766 ⁵⁸
3088 5731 3149 5785 τὸ
3181 5728 3310 5786 αὐτὸ
3340 5724 3471 5784 εἶναι
3502 5721 3678 5778 πάντων

490 5796 744 5863 εἰκότως,
783 5797 851 5856 Μ.
882 5798 972 5856 Sc.
1061 5802 1103 5833 ³⁷
1138 5802 1331 5867 πάντα,
1370 5802 1425 5858 S.
1518 5803 1561 5835 ⁵⁸
1595 5801 1827 5872 δωρεῶν,
1866 5796 1931 5857 Μ.
1968 5796 2054 5859 se.
2118 5804 2173 5881 f”
2209 5796 2510 5878 ὐᾳὲετηκε,
2536 5801 2595 5861 S.
