3866 6234
192 310 306 362 821

1310 306 1399 360 DE
1432 307 1681 365 DIVINIS
1713 307 2103 374 NOMINIBUS,
2139 305 2289 363 CAP.
2326 306 2387 364 ν.

3330 310 3435 366 82³1

191 443 299 479 τον
345 425 709 497 διακρίνεται,
758 426 853 485 καὶ
905 425 1249 497 πληθύνεται.
1299 427 1408 479 Kal.
1454 430 1512 480 ὲν
1572 428 1777 501 κέντρῳ

1896 440 1934 485 ξι
1966 442 2170 500 quanto
2209 430 2418 499 longius
2443 427 2512 484 ab
2536 425 2746 481 unitate
2781 427 3041 496 procedit,
3087 435 3236 482 tanto
3265 431 3437 497 magis

193 517 381 570 πᾶσαι
432 518 486 569 αἱ
544 516 637 569 τοῦ
681 516 880 570 κύκλου
922 518 1176 590 γραμμαὶ
1218 517 1360 571 κατὰ
1404 517 1532 588 μίαν
1587 519 1778 574 ἕνωσιν

194 608 667 678 συνυφεστήκασι·
699 608 792 661 καὶ
821 606 997 671 πάσας
1035 607 1147 678 ἔχει
1170 608 1231 662 τὸ
1258 611 1478 678 σημεῖον
1509 611 1565 662 ὲν
1599 611 1777 682 ἑαυτῷ

189 697 305 762 τὰς
353 698 563 762 εὐθείας
613 698 851 764 ἑνοειδῶς
910 699 1188 770 ἡνωμένας
1229 700 1364 771 πρός
1407 717 1466 753 τε
1510 700 1775 773 ἀλλήλας,

197 791 299 841 καὶ
329 790 463 860 πρὸς
507 790 606 862 τὴν
656 791 781 861 μίαν
813 791 982 862 ἀρχὴν
1020 792 1114 861 ἀφ’
1141 786 1207 863 ἦς
1252 791 1543 864 προῆλθον,
1590 795 1682 848 καὶ
1721 797 1779 847 ἐν

198 878 353 948 αὐτῷ
400 880 496 949 μὲν
536 879 612 950 τῷ
648 880 854 951 κέντρῳ
893 880 1170 944 παντελῶς
1202 881 1466 951 ἥνωνται·
1504 882 1676 954 βραχὺ
1722 884 1779 937 δὲ

197 968 370 1023 αὑτοῦ
398 971 703 1035 διαστᾶσαι,
746 971 916 1042 βραχὺ
943 972 1037 1025 καὶ
1061 973 1425 1043 διακρίνονται
1444 990 1457 1003 ⁸
1493 974 1691 1045 μᾶλλον
1719 976 1777 1031 δὲ

197 1062 528 1127 ἀποστᾶσαι,
557 1062 781 1132 μᾶλλον·
811 1064 904 1116 καὶ
932 1063 1140 1128 ἁπλῶς,
1169 1064 1289 1117 καθ’
1318 1065 1440 1118 ὅσον
1462 1065 1541 1136 τῷ
1569 1067 1777 1138 κέντρῳ

199 1152 586 1224 πλησιαίτεραί
632 1155 823 1218 eiet",
856 1154 997 1207 κατὰ
1039 1155 1291 1209 τοσοῦτον
1335 1157 1431 1210 καὶ
1484 1157 1633 1228 αὐτῷ
1680 1159 1777 1212 καὶ

192 1242 461 1312 ἀλλήλαις
489 1245 740 1314 ἤνωνται,
770 1245 863 1299 καὶ
888 1245 1009 1298 καθ’
1038 1247 1159 1299 ὅσον
1196 1246 1381 1314 αὐτοῦ,
1412 1247 1553 1302 κατὰ
1590 1249 1777 1304 τοσοῦ-

198 1356 298 1392 τον
325 1340 415 1392 καὶ
441 1339 681 1411 ἀλλήλων
704 1340 1067 1413 διεστήκασιν.

1876 523 2135 577 dividitur
2173 532 2229 577 et
2269 517 2678 587 multiplicatur.
2728 516 2792 571 Et
2835 518 2887 571 in
2916 526 3109 572 centro
3137 531 3328 572 omnes
3368 518 3436 571 li-

1880 627 1994 667 neae
2038 611 2224 666 circuli
2268 624 2374 664 una
2437 607 2779 677 copulatione
2839 607 3000 664 simul
3063 607 3336 673 existunt;
3384 620 3440 662 et

1880 711 2137 771 punctum
2182 702 2345 757 habet
2386 716 2580 757 omnes
2636 712 2812 756 rectas
2872 700 3047 755 lineas
3094 699 3439 755 uniformiter

1879 793 2161 861 copulatas
2215 795 2355 849 inter
2395 809 2478 859 se,
2523 802 2737 848 etcum
2780 809 2888 847 uno
2944 793 3213 862 principio
3258 806 3288 845 a
3334 806 3441 859 quo

1880 885 2152 952 exierunt,
2179 895 2233 939 et
2268 886 2323 939 in
2365 885 2481 955 ipso
2506 894 2695 939 centro
2732 884 2950 939 omnino
2986 881 3245 951 copulatae
3284 891 3439 946 sunt;

1880 984 1935 1031 et
1960 991 2148 1045 parum
2173 976 2240 1030 ab
2261 992 2326 1031 eo
2352 978 2616 1032 distantes
2661 990 2851 1045 parum
2897 974 3233 1038 dividuntur,
3271 974 3444 1041 magis

1879 1076 2055 1120 autem
2078 1066 2343 1121 distantes
2370 1068 2572 1137 magis;
2608 1077 2684 1132 et,
2712 1075 2771 1120 ut
2795 1065 2965 1121 semel
3004 1066 3205 1130 dicam,
3236 1074 3445 1134 quanto

1878 1166 2005 1213 sunt
2037 1168 2223 1214 centro
2249 1160 2692 1229 propinquiorcs,
2722 1168 2873 1213 tanto
2919 1158 3090 1226 magis
3128 1172 3253 1213 cum
3294 1172 3361 1212 eu
3386 1164 3447 1211 et

1876 1253 2019 1306 inter
2087 1263 2146 1304 se
2199 1250 2547 1319 copulantur;
2611 1258 2665 1304 et
2710 1256 2914 1319 quanto
2974 1248 3149 1318 magis
3186 1262 3217 1302 a
3254 1255 3462 1319 centro_

1824 1332 1829 1335 “
1879 1341 2117 1406 distant,
2161 1350 2312 1397 tanto
2337 1341 2506 1411 magis
2528 1350 2580 1396 et
2613 1340 2756 1396 inter
2776 1355 2834 1397 se
2862 1340 3089 1396 distant.
3188 1386 3191 1389 .

1649 1586 1656 1595 ,
1752 1519 1948 1588 ινιι.

295 1688 450 1741 Ἀλλὰ
487 1690 579 1742 καὶ
605 1691 661 1742 ὲν
692 1691 758 1761 τῇ
788 1689 883 1762 ὅλῃ
904 1688 1014 1744 τῶν
1040 1690 1177 1745 ὅλων
1194 1691 1351 1762 φύσει
1385 1692 1583 1757 πάντες
1607 1694 1655 1745 οί
1677 1672 1775 1763 τῆς

1876 1672 1879 1675 ’
1952 1690 2061 1744 lmo
2083 1696 2132 1745 et
2173 1689 2226 1743 in
2251 1696 2361 1742 tota
2398 1695 2592 1741 natura
2627 1681 2870 1737 universi
2923 1688 3166 1757 rationes
3194 1678 3454 1734 uniuscu-

201 1779 331 1832 καθ’
373 1778 602 1834 ἕκαστον
638 1782 681 1813 τί
726 1779 941 1849 φύσεως
995 1783 1144 1852 λόγοι
1208 1784 1625 1855 συνειλημμένοι
1670 1782 1777 1835 εἰσὶ

1903 1796 2077 1852 usque
2114 1790 2321 1836 naturae
2364 1796 2469 1834 una
2517 1776 2870 1848 copulatione
2908 1790 3019 1830 non
3067 1772 3295 1830 confusa
3333 1772 3450 1828 col~

204 1872 352 1925 κατὰ
380 1872 506 1942 μίαν
535 1873 839 1945 ἀσύγχυτον
864 1875 1076 1941 ἕνωσιν,
1103 1876 1198 1930 καὶ
1227 1878 1285 1929 ὲν
1311 1878 1376 1947 τῇ
1402 1875 1546 1946 ψυχῇ
1578 1892 1783 1946 μονοει-

202 1961 314 2025 δῶς
361 1964 417 2015 αἱ
464 1962 573 2015 τῶν
612 1961 754 2019 κατὰ
810 1964 973 2034 μέρος
1042 1966 1257 2017 πάντων
1291 1965 1643 2037 προνοητικαὶ
1687 1963 1781 2018 τοῦ

200 2053 331 2105 ὂλου
364 2052 614 2123 σώματος
655 2055 935 2125 δυνάμεις
968 2056 1120 2109 οὐδὲν
1152 2052 1243 2109 οὖν
1285 2057 1505 2121 ἄτοπον,
1546 2055 1604 2123 ἐξ
1640 2058 1783 2128 ἀμυ-

199 2145 351 2215 δρῶν
378 2146 599 2199 εἰκόνων
630 2147 723 2200 ὲπὶ
746 2148 806 2199 τὸ
830 2140 1046 2201 πάντων
1078 2147 1247 2202 αἴτιον
1274 2148 1596 2214 ἀναϐάντας,
1626 2151 1787 2221 ὑπερ-

201 2237 456 2306 κοσμίοις
485 2238 779 2308 ὀφθαλμοῖς
828 2239 1100 2311 θεωρῆσαι
1145 2241 1319 2294 πάντα
1351 2243 1408 2295 ὲν
1450 2240 1527 2312 τῷ
1572 2242 1787 2295 πάντων

202 2327 388 2398 αἰτίῳ,
433 2330 526 2382 καὶ
562 2328 632 2381 τὰ
663 2329 911 2402 ἀλλήλοις
940 2332 1172 2396 ἐναντία,
1207 2331 1491 2403 μονοειδῶς
1526 2332 1619 2385 καὶ
1648 2334 1787 2404 ἡνω-

206 2417 417 2491 μένως·
449 2420 590 2491 ἀρχὴ
632 2421 740 2492 γάρ
776 2423 893 2473 ἐστι
922 2421 1031 2475 τῶν
1071 2421 1258 2487 ὄντων,
1295 2423 1388 2492 ἀφ’
1426 2423 1494 2493 ἧς
1523 2423 1619 2476 καὶ
1655 2422 1788 2476 αὐτὸ

201 2511 266 2563 τὸ
298 2507 471 2576 εἶναι,
514 2512 608 2564 καὶ
641 2513 815 2565 πάντα
856 2511 925 2565 τὰ
963 2512 1208 2567 ὁπωσοῦν
1243 2514 1399 2579 ὄντα,
1439 2516 1586 2568 πᾶσα
1614 2516 1786 2586 ἀρχὴ,

203 2603 320 2655 πᾶν
360 2603 552 2674 πέρας,
584 2602 734 2656 πᾶσα
760 2601 893 2674 ζωὴ,
920 2604 1069 2656 πᾶσα
1095 2603 1380 2669 ἀθανασία,
1414 2606 1562 2657 πᾶσα
1605 2605 1785 2674 σοφία,

202 2697 363 2749 πᾶσα
398 2692 605 2759 τάξις,
634 2697 781 2749 πᾶσα
831 2696 1098 2768 ἁρμονία,
1149 2698 1296 2750 πᾶσα
1340 2696 1595 2767 δύναμις,
1642 2698 1790 2751 πᾶσα

204 2784 447 2857 φρουρὰ,
478 2788 626 2839 πᾶσα
655 2786 882 2858 ἵδρυσις,
926 2788 1073 2841 πᾶσα
1105 2787 1352 2861 διανομὴ,
1395 2790 1545 2843 πᾶσα
1585 2789 1788 2860 νόησις,

205 2879 325 2939 πᾶς
355 2874 530 2945 λόγος,
558 2879 707 2931 πᾶσα
736 2876 1008 2949 αἴσθησις,
1048 2880 1196 2933 πᾶσα
1228 2879 1359 2944 ἕξις,
1391 2881 1538 2933 πᾶσα
1583 2882 1788 2945 στάσις,

205 2971 365 3023 πᾶσα
395 2971 627 3041 κίνησις,
674 2971 823 3023 πᾶσα
868 2969 1079 3035 ἓνωσις,
1126 2972 1274 3024 πᾶσα
1323 2974 1517 3041 κρᾶσις
1538 2973 1605 3035 τ’,
1645 2975 1792 3027 πᾶσα

206 3058 389 3132 φιλία,
412 3065 559 3117 πᾶσα
586 3062 893 3136 ὲφαρμογὴ,
917 3064 1066 3120 πᾶσα
1091 3064 1380 3136 διάκρισις,
1402 3067 1509 3129 πᾶς
1530 3067 1672 3137 ὄρος,
1697 3067 1791 3120 καὶ

1883 1873 2036 1927 lecta:
2072 1879 2216 1934 sunt,
2242 1879 2295 1924 et
2334 1870 2386 1922 in
2424 1868 2605 1921 anima
2641 1865 2906 1937 capulatze
2943 1873 3069 1919 sunt
3107 1861 3456 1919 uniformitcr

1884 1966 2133 2027 virtutes,
2157 1978 2277 2032 quae
2307 1961 2559 2016 omnibus
2586 1957 2832 2030 partibus
2854 1956 3107 2025 corporis
3129 1953 3449 2026 provident;

1884 2073 1988 2111 non
2013 2066 2095 2112 est
2126 2056 2290 2125 igitur
2315 2051 2626 2114 absurdum,
2654 2065 2721 2104 ex
2748 2047 2935 2119 parvis
2960 2055 3013 2100 et
3052 2044 3280 2099 minutis
3315 2044 3457 2099 ima-

1885 2147 2100 2215 ginibus
2122 2153 2174 2198 et
2202 2140 2459 2210 exemplis
2479 2139 2545 2193 ad
2568 2153 2782 2193 causam
2807 2134 3051 2191 omnium
3076 2132 3450 2217 ascendentes,

1887 2234 2333 2307 supermuntlanis
2370 2232 2541 2287 oculis
2584 2227 2940 2296 contemplari
2979 2224 3162 2279 omnia
3206 2224 3268 2280 in
3290 2238 3450 2278 causa

1886 2327 2148 2392 omnium,
2165 2334 2220 2379 et
2243 2338 2360 2395 quae
2384 2332 2511 2378 sunt
2534 2323 2674 2375 inter
2695 2334 2755 2373 se
2779 2316 3075 2379 contraria,
3102 2313 3452 2369 uniformiter

1888 2426 1942 2472 et
1963 2416 2236 2486 copulate;
2281 2415 2544 2481 siquidem
2586 2410 2913 2483 principium
2937 2419 3019 2463 est
3048 2410 3261 2473 rerum,
3290 2420 3454 2489 aquo

1892 2521 1998 2564 tam
2029 2512 2315 2578 ipsummet
2358 2520 2496 2570 esse,
2542 2520 2706 2575 quam
2765 2501 2947 2558 omnia
2991 2514 3111 2570 quae
3148 2498 3449 2569 quomodo-

1890 2616 2102 2671 cunque
2140 2606 2287 2666 sunt,
2314 2612 2474 2654 omne
2496 2595 2848 2667 principium,
2887 2592 3069 2647 omnis
3112 2590 3257 2657 ﬁnis,
3281 2589 3459 2644 omnis

1890 2695 2021 2758 vita,
2061 2691 2238 2747 omnis
2282 2687 2682 2751 immortalitas,
2730 2685 2908 2740 omnis
2950 2682 3239 2753 sapientia,
3266 2676 3458 2739 'omnis

1890 2788 2047 2849 ordo,
2086 2783 2265 2838 omnis
2323 2778 2696 2850 congruentia,
2739 2775 2916 2833 omnis
2959 2773 3241 2844 potentia,
3280 2770 3459 2850 omnis

1892 2871 2169 2936 custodia,
2221 2882 2383 2924 omne
2437 2869 2874 2928 ﬁrmamentum,
2916 2863 3096 2918 omnis
3129 2852 3458 2933 permansio,

1892 2965 2070 3020 omnis
2129 2961 2526 3033 intelligentia,
2568 2959 2748 3014 omnis
2810 2956 2974 3020 ratio,
3016 2955 3196 3010 omnis
3239 2966 3459 3019 sensus,

1892 3056 2071 3110 omnis
2112 3055 2346 3119 habitus,
2389 3053 2566 3109 omnis
2603 3060 2804 3114 status,
2831 3047 3008 3102 omnis
3040 3054 3243 3111 motus,
3280 3039 3461 3106 omnis

204 3155 281 3207 τὰ
313 3155 446 3209 ἄλλα
472 3157 591 3222 ὅσα,
620 3134 859 3226 τῷῖεῖναι
893 3156 1041 3222 ὄντα,
1070 3156 1140 3213 τὰ
1167 3134 1294 3211 ὄντα
1326 3158 1500 3214 πάντα
1527 3134 1792 3232 χαρακτη-

1896 3148 2045 3211 ιιηίο,
2066 3146 2243 3201 omnis
2267 3143 2602 3215 complexus,
2628 3139 2804 3197 omnis
2825 3136 2984 3209 431
3001 3134 3259 3199 amicitia,
3283 3134 3462 3189 omnis

210 3247 378 3319 ρίςει.

1894 3240 2277 3308 discrepantia,
2318 3238 2496 3294 omnis
2535 3233 2835 3300 distinctio,
2876 3229 3055 3287 omnis
3094 3228 3366 3294 deﬁnitio,
3406 3237 3464 3282 et

1897 3341 2092 3385 caetera
2134 3342 2472 3399 quaecunque
2495 3325 2726 3383 esscndo
2749 3333 2875 3381 sunt
2895 3320 3065 3386 entia,
3089 3316 3339 3376 universa
3381 3318 3464 3372 in-

1899 3426 2089 3496 signit.

1732 3586 1760 3659 ᾗ
1795 3584 1966 3645 νηί.

292 3729 403 3782 Καὶ
442 3731 509 3783 ἐκ
547 3729 647 3800 τῆς
684 3730 849 3803 αὐτῆς
869 3732 915 3763 ⁷³
947 3734 1163 3788 πάντων
1192 3732 1368 3797 αἰτίας
1404 3736 1459 3787 al.
1493 3733 1676 3804 νοηταὶ
1712 3733 1804 3786 καὶ

213 3822 406 3893 νοεραὶ
439 3823 548 3876 τῶν
572 3823 820 3877 θεοειδῶν
853 3824 1100 3894 ἀγγέλων
1129 3827 1328 3893 οὐσίαι,
1358 3826 1453 3880 καὶ
1481 3828 1535 3879 αἱ
1562 3825 1669 3879 τῶν
1703 3824 1805 3895 ψυ-

216 3915 355 3986 χῶν,
384 3917 478 3969 καὶ
509 3919 563 3970 al
593 3917 687 3970 τοῦ
716 3920 915 3983 παντὸς
939 3918 1145 3989 κόσμου
1178 3920 1389 3991 φύσεις,
1414 3922 1509 3975 καὶ
1528 3920 1599 3973 τὰ
1623 3924 1805 3974 ὁπωσ-

216 4006 320 4058 οὖν
369 4007 403 4077 ἦ
445 4009 504 4061 ὲν
550 4009 755 4081 ἑτέροις
798 4010 1088 4082 ὑπάρχειν,
1128 4010 1161 4081 ἢ
1213 4011 1332 4065 κατ’
1377 4012 1617 4064 ἐπίνοιαν
1667 4005 1803 4063 εἶναι

217 4097 525 4168 λεγόμεναο
580 4102 676 4154 καὶ
713 4102 844 4170 γοῦν
893 4105 949 4155 al
1003 4103 1265 4171 πανάγιαι
1312 4105 1403 4156 καὶ
1440 4102 1805 4175 πρεσϐύταται

220 4189 485 4259 δυνάμεις
529 4191 697 4255 ὅντως
737 4189 925 4259 οὖσαι,
973 4195 1069 4247 καὶ
1113 4189 1223 4247 οἷον
1266 4195 1325 4247 ὲν
1370 4193 1662 4265 προθύροις
1700 4191 1801 4262 τῆς

222 4280 553 4351 ὑπερουσίου
591 4282 816 4353 Τριάδος
856 4283 1170 4355 ἱδρυμέναι,
1216 4284 1353 4354 πρὸς
1398 4283 1569 4354 αὐτῆς
1614 4284 1706 4336 καὶ
1744 4284 1801 4336 ὲν

224 4373 404 4442 αὐτῇ,
441 4372 623 4426 καὶτὸ
665 4370 836 4440 εἶναι,
887 4378 982 4429 καὶ
1020 4377 1080 4430 τὸ
1119 4376 1365 4439 θεπιδῶς
1406 4373 1541 4429 εἶναι
1582 4376 1800 4447 ἔχουσι’

1979 3732 2153 3800 Atque
2176 3744 2240 3785 ex
2265 3730 2366 3785 hac
2388 3727 2500 3797 ipsa
2523 3725 2761 3781 omnium
2789 3737 2954 3779 causa
2979 3730 3103 3778 sunt
3121 3718 3467 3787 intellectiles

1909 3838 1972 3878 ac
2012 3822 2371 3892 intelligentes
2411 3804 2758 3895 deiformintn
2787 3814 3103 3885 angelorum
3134 3813 3468 3866 animarum-

1909 3930 2012 3986 que
2041 3913 2314 3979 essentiae,
2335 3928 2399 3968 ac
2426 3912 2588 3967 totius
2614 3908 2794 3963 mundi
2819 3918 3047 3972 naturae,
3065 3918 3119 3961 et
3137 3917 3470 3976 quacunque

1909 4007 1994 4061 Vel
2019 4007 2072 4061 in
2117 4006 2237 4060 aliis
2274 4005 2529 4067 existere,
2562 4000 2645 4054 vel
2687 4015 2783 4071 per
2824 3999 3206 4069 cogitationem
3241 4012 3361 4051 esse
3389 3996 3471 4050 di-

1907 4104 2136 4159 cuntur;
2167 4095 2399 4162 denique
2428 4081 2789 4145 sanctissimae
2826 4090 2930 4143 illae
2973 4088 3469 4157 antiquissimzeque

1906 4188 2166 4251 virtutes,
2196 4201 2316 4255 quae
2347 4199 2489 4239 verae
2533 4192 2659 4238 sunt
2698 4184 2967 4248 essentne,
2997 4194 3049 4235 et
3072 4179 3466 4250 quodammodo

1910 4280 1963 4334 in
1989 4279 2107 4349 ipso
2130 4276 2397 4333 vestibulo
2436 4274 2907 4345 superessentialis
2948 4273 3231 4326 Trinitatis
3260 4271 3465 4326 consti-

1914 4380 2058 4439 tutae,
2078 4371 2143 4427 ab
2162 4370 2277 4441 ipsa
2294 4383 2507 4439 quoque
2528 4378 2579 4422 et
2603 4368 2654 4422 in
2679 4370 2815 4439 ipsa,
2840 4372 2893 4419 et
2919 4374 3039 4433 post
3063 4379 3155 4417 eas
3180 4352 3469 4416 inferiOres

226 4466 327 4518 καὶ
365 4467 480 4535 μετ’
508 4467 719 4531 ὲκείνας
746 4470 801 4521 αἱ
840 4468 1131 4539 ύφειμέναι
1158 4469 1220 4522 τὸ
1252 4468 1559 4540 ὑφειμένως
1578 4507 1593 4531 ,
1626 4468 1721 4521 καὶ
1749 4470 1792 4522 ai

1911 4461 2181 4529 inferiori,
2215 4462 2652 4528 novissimmque,
2678 4457 2852 4527 quoad
2885 4455 3105 4525 angelos
3128 4453 3342 4527 quidem
3375 4466 3472 4504 tto-

225 4556 456 4627 ἔσχαται
497 4558 557 4611 τὸ
598 4560 875 4629 ἐσχάτως,
923 4560 1000 4623 ὡς
1046 4560 1182 4631 πρὸς
1217 4560 1516 4629 ἀγγέλους,
1556 4560 1631 4625 ὡς
1670 4560 1805 4631 πρὸς

225 4652 381 4721 ἡμᾶς
399 4651 457 4703 δὲ
475 4652 577 4704 ύπε
587 4653 876 4723 ρκοσμίως.
893 4653 1003 4706 Kal.
1017 4655 1072 4706 αἱ
1086 4653 1156 4722 tiu
1163 4655 1272 4724 χαὶ,
1290 4655 1383 4707 καὶ
1396 4653 1465 4707 τὰ
1480 4653 1613 4708 ἄλλα
1628 4655 1805 4708 πάντα

227 4744 383 4809 ὄντα,
410 4744 550 4798 κατὰ
574 4745 664 4798 τὸν
681 4745 843 4799 αὑτὸν
863 4745 1018 4815 λόγον
1043 4746 1212 4800 καὶτὸ
1233 4742 1369 4799 εἶναι
1396 4749 1489 4800 καὶ
1502 4747 1562 4800 τὸ
1584 4742 1641 4801 εὖ
1667 4743 1804 4801 εῖναι

227 4838 348 4907 ἔχει
366 4877 381 4901 ,
414 4838 507 4890 καὶ
532 4837 647 4890 ἔστι
670 4838 763 4891 καὶ
787 4834 846 4891 εὖ
876 4840 1040 4903 ἐστιν,
1065 4838 1130 4891 ὲκ
1156 4838 1251 4892 τοῦ
1286 4839 1541 4908 προόντος
1567 4839 1630 4891 τὸ
1666 4834 1804 4891 εἶναι

228 4929 332 4983 καί
357 4928 419 4980 τὸ
449 4926 509 4981 εὖ
535 4925 675 4982 εἶναι
702 4929 919 5000 ἔχοντα,
952 4931 1045 4983 καὶ
1077 4929 1137 4983 ὲν
1181 4928 1451 5000 αύτῷέκαλ⁹
1474 4930 1601 4982 ὄντα
1625 4930 1720 4982 καὶ
1744 4922 1804 4982 εὖ

1909 4556 2152 4621 vissimo,
2181 4556 2356 4623 quoad
2389 4570 2486 4608 nos
2512 4564 2689 4606 autem
2711 4536 3136 4618 supermundiali
3161 4546 3329 4616 gradu
3358 4555 3470 4600 tum

1911 4663 2033 4704 esse
2059 4658 2169 4702 tum
2194 4646 2531 4701 deiformiter
2554 4659 2676 4703 esse
2704 4644 2971 4701 obtinent,
3007 4642 3215 4694 Animae
3238 4653 3470 4708 quoque,

1912 4744 2234 4805 caeteraeque
2254 4749 2443 4789 omnes
2474 4734 2754 4798 entitates,
2790 4731 3082 4786 secundum
3107 4733 3351 4785 eamdem
3378 4743 3471 4782 ra-

1914 4826 2137 4893 tionem,
2171 4834 2279 4880 tam
2307 4840 2427 4880 esse
2459 4840 2617 4894 quam
2666 4826 2801 4879 bene
2843 4836 2962 4877 esse
2998 4821 3223 4887 habent,
3263 4830 3317 4877 et
3347 4829 3473 4875 sunt

1912 4928 1965 4972 et
1987 4919 2123 4972 bene
2147 4927 2292 4983 sunt,
2324 4918 2447 4972 dum
2472 4917 2539 4971 ab
2575 4932 2637 4972 eo
2658 4917 2749 4987 qui
2783 4917 2934 4988 prius
2958 4926 3040 4971 est
3060 4930 3179 4969 cum
3211 4928 3329 4969 esse
3357 4925 3472 4968 tum

230 5022 403 5085 ὄντα,
436 5023 528 5074 καὶ
566 5022 629 5086 ἐξ
670 5022 834 5075 αὐτοῦ
878 5022 1189 5094 ἀρχόμενα,
1225 5024 1319 5077 καὶ
1348 5024 1406 5076 ἐν
1453 5021 1602 5093 αύτῷ
1646 5038 1792 5093 φρου-

1908 5012 2046 5067 bene
2071 5027 2188 5065 esse
2214 5012 2478 5075 obtinent,
2504 5020 2557 5064 et
2589 5014 2644 5063 in
2674 5013 2789 5078 ipso
2820 5019 2873 5064 et
2910 5016 3114 5064 suntet
3140 5008 3276 5062 bene
3309 5014 3460 5069 sunt,

236 5114 509 5189 ρούμενα,
556 5116 650 5169 καί
689 5117 769 5178 είς
815 5115 977 5168 αὑτὸν
1011 5116 1408 5186 περατούμενα.
1456 5115 1566 5169 Καὶ
1604 5115 1671 5167 τὰ
1712 5115 1809 5186 μὲν

235 5208 507 5279 πρεσϐεῖα
550 5208 644 5260 τοῦ
692 5203 831 5261 εἶναι
878 5208 1029 5277 νέμει
1065 5211 1185 5271 ταῖς
1220 5207 1523 5278 κρείττοσιν
1564 5207 1770 5270 οὐσίαις
1795 5245 1809 5271 ,

236 5298 309 5363 ἃς
341 5301 436 5353 καὶ
466 5300 690 5364 αἰωνίας
725 5300 880 5353 καλεῖ
908 5300 975 5352 τὰ
1003 5300 1155 5367 λόγια
1173 5317 1186 5329 ·
1216 5299 1276 5351 τὸ
1299 5300 1355 5353 δὲ
1383 5294 1518 5352 εἶναι
1547 5298 1677 5352 αὐτὸ
1704 5298 1813 5351 τῶν

238 5390 414 5445 ὄντων
438 5389 655 5443 πάντων
681 5390 936 5444 οὐδέποτε
969 5389 1349 5443 ἀπολείπεται·
1385 5390 1478 5442 καὶ
1503 5389 1632 5441 αὐτὸ
1663 5388 1721 5441 δὲ
1753 5387 1814 5441 τὸ

1912 5114 1965 5160 et
1992 5119 2058 5157 ex
2099 5104 2212 5171 ipso
2238 5104 2519 5172 incipiunt,
2544 5114 2597 5156 et
2622 5103 2672 5155 in
2703 5102 2818 5171 ipso
2849 5110 3267 5163 conservantur,
3310 5109 3365 5153 et
3396 5099 3465 5153 ad

1912 5199 2089 5267 ipsum
2132 5197 2506 5250 terminantur.
2534 5197 2612 5250 Ac
2646 5196 2851 5265 primas
2889 5193 3109 5265 quidem
3143 5195 3310 5263 ipsius
3351 5208 3471 5247 esse

1915 5289 2190 5344 distribuit
2217 5288 2685 5358 praestantioribus
2725 5288 2831 5342 illis
2871 5287 3148 5344 essentiis.
3182 5300 3317 5353 quas
3343 5283 3473 5336 aevi-

1918 5392 2100 5437 ternas
2134 5381 2429 5449 Scriptura:
2464 5390 2693 5447 vocant;
2732 5381 2908 5450 ipsum
2933 5387 3110 5434 autem
3143 5391 3261 5432 esse
3290 5389 3472 5428 rerum

1517 5566 1750 5623 VARIIE
1785 5561 2185 5621 LECTIONES.

316 5727 369 5763 '”
411 5727 794 5799 πλησιώτεραι,
832 5727 888 5784 S.

999 5729 1043 5761 ⁷¹
1077 5730 1123 5783 οἱ
1164 5727 1326 5799 αὐτῆς
1361 5726 1479 5783 καθ’
1514 5726 1759 5790 ἕκαστον,
1798 5726 1858 5780 D.

2003 5726 2045 5756 ⁷²
2081 5723 2275 5799 κρίσις,
2315 5719 2360 5776 Μ
2408 5718 2496 5776 Sc.
2607 5717 2651 5750 ⁷³
2686 5719 2775 5772 καὶ
2808 5718 2869 5771 ἐκ
2902 5716 3119 5786 ταύτης,
3157 5713 3221 5793 Μ,
