3866 6234
1676 304 1731 359 ε.
1776 306 2069 367 DIONYSII
2106 313 2566 371 AREOPAGIT.~E
2828 372 2835 381 ,
3615 320 3692 378 δει

510 413 891 471 universartun
936 430 1212 486 nunquam
1259 418 1475 487 deﬁcit;
1530 436 1899 483 verumtamen
1948 430 2061 485 illut

2178 430 2315 487 εἶναι
2341 474 2355 497 ,
2398 430 2598 489 ἐκῐτοῦ
2646 432 2935 505 προόντος·
2976 433 3071 487 κα)⁵
3104 433 3265 488 αὐτοῦ
3306 435 3417 489 ἐστι
3457 435 3516 489 τὸ
3558 432 3693 505 εἶναι,

511 504 688 573 ipsum
739 519 862 560 esse
903 515 989 560 est
1040 521 1104 564 ex
1145 522 1210 564 eo
1237 509 1329 578 qui
1371 512 1520 580 prius
1558 523 1673 582 est;
1701 525 1753 572 et
1787 517 1956 585 ipsius
1992 528 2075 576 est

507 596 773 660 essentia,
797 604 855 649 ct
880 611 987 650 non
1020 598 1135 669 ipse
1165 601 1447 669 essentia;
1481 613 1536 660 et
1579 605 1631 660 in
1678 607 1795 677 ipso
1832 621 1914 664 est
1961 611 2076 666 exi-

508 690 728 755 stentia,
755 701 810 745 et
836 706 944 745 non
973 692 1087 760 ipse
1110 708 1162 746 tn
1190 693 1515 762 existentia;
1570 706 1733 769 atque
1765 700 1941 771 ipsum
1973 701 2070 757 ha-

508 775 599 834 bet
645 780 953 844 existentia.
1000 793 1058 839 et
1099 799 1206 840 non
1260 787 1376 857 ipse
1406 787 1570 844 habet
1611 790 1990 859 existentiam;
2020 803 2074 848 et

508 872 626 941 ipse
648 882 738 928 est
770 874 939 937 ipsius
981 877 1287 934 existentia:
1312 889 1368 936 et
1398 896 1591 946 erum,
1627 892 1683 938 et
1724 886 2071 957 principium,

506 974 561 1019 et
590 978 861 1033 mensura,
886 982 1005 1022 cum
1052 982 1177 1027 ante
1216 973 1565 1029 existentiam
1608 986 1662 1031 et
1701 979 1844 1034 entis
1868 989 1918 1033 et
1944 980 2070 1043 aevi.

504 1062 565 1109 et
584 1055 829 1113 omnium
860 1058 1301 1116 substantiiicum
1346 1063 1691 1135 principium,
1735 1076 1791 1122 et
1835 1068 2069 1122 medium

500 1153 561 1199 et
594 1144 718 1201 iinls
734 1148 956 1205 existat.
996 1150 1174 1222 Atque
1195 1154 1319 1211 ideo
1344 1155 1411 1211 ab
1450 1154 1693 1227 Eloquiis
1772 1160 1868 1229 qui
1944 1173 2071 1217 vere

504 1239 807 1307 prasexistit
835 1280 852 1308 ,
898 1248 1197 1299 secundum
1238 1247 1478 1307 omnium
1537 1263 1723 1304 eorum
1771 1264 1892 1320 qua
1946 1262 2072 1309 sunt

504 1330 895 1398 cogitationem
947 1334 1361 1405 multiplicatur,
1394 1348 1449 1394 et
1491 1339 1545 1394 ln
1587 1354 1653 1395 eo
1687 1342 1904 1412 proprie
1929 1345 2072 1400 cele-

502 1419 715 1490 bratur,
742 1432 887 1489 erat,
926 1434 981 1479 et
1011 1436 1117 1493 est,
1145 1436 1199 1481 et
1220 1428 1350 1495 erit,
1377 1428 1505 1485 item
1535 1432 1735 1486 factum
1766 1443 1868 1498 est,
1896 1444 1951 1491 et
1987 1436 2069 1504 iit,

500 1520 560 1569 et
582 1513 704 1582 iiet;
742 1515 858 1573 hac
878 1517 1025 1573 enim
1054 1520 1235 1575 omnia
1263 1520 1571 1592 signiﬁcant
1594 1522 1662 1581 iis
1693 1525 1785 1596 qui
1816 1535 1873 1583 ut
1902 1528 2068 1583 Deum

501 1605 660 1663 decet
693 1608 1023 1682 intelligunt,
1055 1627 1179 1668 esse
1210 1628 1332 1669 eum
1364 1619 1659 1673 secundmn
1691 1634 1904 1677 omnem
1926 1625 2071 1692 cogi-

503 1699 766 1757 tationem
820 1704 1374 1773 suprasubstantiam,
1408 1716 1464 1762 et
1488 1723 1609 1766 esse
1632 1725 1853 1767 causam
1881 1728 2067 1771 eorum

2176 528 2271 581 καὶ
2304 529 2403 581 οὐκ
2430 527 2592 591 αὐτὸς
2622 526 2715 581 τοῦ
2745 521 2882 579 εἶναι
2904 543 2916 556 ·
2949 527 3045 581 καὶ
3070 526 3128 581 ὲν
3156 527 3300 599 αὑτῷ
3329 531 3441 582 ἐστι
3476 530 3534 583 τὸ
3568 527 3691 597 εἶναι,

2174 621 2269 675 καὶ
2295 622 2395 675 οὐκ
2427 620 2589 683 αὐτὸς
2621 620 2680 673 ἐν
2717 618 2795 689 τῷ
2827 614 2996 673 εῖναιο
3028 619 3123 673 καὶ
3155 620 3315 675 αὐτὸν
3350 622 3458 692 ἔχει
3490 622 3546 675 τὸ
3568 619 3691 687 εἶναι,

2174 715 2269 768 καὶ
2299 715 2400 768 οὐκ
2425 713 2587 777 αὐτὸς
2617 712 2729 784 ἔχει
2754 711 2814 765 τὸ
2842 706 2978 766 εἶναι
2999 729 3012 743 ο
3037 713 3130 766 καὶ
3157 714 3316 778 αὐτός
3351 716 3462 768 ἐστι
3487 716 3571 769 τοῦ
3589 712 3693 769 εἶναι

2173 808 2267 861 καὶ
2306 809 2460 871 αίὼν,
2492 806 2587 859 καὶ¹
2620 804 2783 877 ἁρχὴ,
2821 805 2913 859 καὶ
2950 804 3166 877 μέτρον,
3194 806 3300 879 πρὸ
3329 807 3508 871 οὐσίας
3532 808 3596 862 ῶν
3625 809 3694 862 καὶ

2172 897 2353 963 ὖντος,
2402 900 2495 952 καὶ
2544 897 2737 961 αἰῶνος,
2764 934 2779 962 ,
2831 897 2924 951 καὶ
2973 898 3188 952 πάντων
3230 899 3523 964 οὐσιοποιὺς
3555 902 3691 972 ἀρχὴ,

2172 991 2265 1043 καὶ
2302 991 2566 1062 μεσότης,
2602 992 2695 1045 καὶ
2731 993 2973 1065 τελευτή.
3007 993 3119 1047 Καὶ
3151 992 3238 1047 διὰ
3274 992 3431 1047 τοῦτο
3466 993 3588 1065 προς
3614 995 3693 1046 τῶν

2170 1082 2365 1151 λογίων
2390 1085 2421 1138 ὁ
2458 1084 2625 1149 ὖντως
2664 1085 2844 1156 προὼν
2882 1086 3024 1142 κατὰ
3064 1086 3240 1140 πᾶσαν
3272 1085 3379 1139 τῶν
3412 1084 3571 1139 ὄντων
3601 1087 3693 1141 ἐπί-

2170 1189 2319 1226 νοιαν
2346 1172 2899 1242 πολλαπλασιάζεται,
2932 1175 3026 1229 καὶ
3056 1175 3117 1228 τὸ
3147 1170 3215 1247 ἦν
3245 1175 3331 1228 ἐπ’
3354 1174 3514 1228 αὐτοῦ
3534 1175 3589 1237 ⁷⁸,
3626 1177 3696 1227 καὶ

2169 1262 2231 1315 τὺ
2260 1262 2395 1327 ἔστι,
2428 1263 2522 1317 καὶ
2560 1264 2619 1318 τὸ
2658 1264 2812 1319 ἔσται
2838 1304 2854 1330 ,
2889 1265 2984 1320 καὶ
3020 1265 3081 1319 τὸ
3113 1265 3345 1334 ἐγένετο,
3386 1266 3477 1319 καὶ
3507 1265 3697 1334 γίνεται,

2169 1356 2263 1410 καὶ
2303 1356 2622 1428 γενήσεται,
2656 1356 2861 1428 κυρίως
2896 1357 3177 1429 ὑμνεῖται·
3207 1356 3378 1411 ταῦτα
3419 1357 3524 1428 γὰρ
3557 1358 3695 1411 πάντα

2168 1449 2280 1511 τοῖς
2309 1446 2624 1519 Θεοπρεπῶς
2661 1446 2840 1502 νοοῦσι
2861 1449 2906 1482 ⁷⁸
2948 1448 3011 1503 τὸ
3048 1448 3189 1502 κατὰ
3225 1449 3402 1505 πᾶσαν
3432 1449 3580 1504 αὐτὸν
3605 1448 3696 1501 ἐπί-

2167 1560 2315 1598 νοιαν
2353 1544 2686 1614 ὑπερουσίως
2712 1540 2852 1599 εἶναι
2875 1542 3162 1616 σημαίνει,
3193 1542 3287 1598 καὶ
3316 1541 3424 1596 τῶν
3458 1540 3694 1610 πανταχῶς

2166 1633 2336 1691 ὄντων
2383 1636 2574 1692 αίτιον.
2630 1636 2741 1691 Καὶ
2785 1636 2895 1707 γὰρ
2924 1638 2984 1691 οὐ
3029 1637 3149 1691 τόδε
3197 1636 3297 1705 μὲν
3346 1635 3497 1702 ἐστι,
3530 1633 3693 1687 «sese

2167 1728 2268 1782 οὐκ
2301 1727 2472 1782 ἔστιν·
2510 1729 2631 1783 οὐδὲ
2666 1728 2743 1801 πῆ
2781 1728 2881 1800 μὲν
2904 1729 3019 1783 ἔστι
3039 1769 3054 1795 ,
3088 1727 3165 1799 πῆ
3187 1728 3244 1782 δὲ
3272 1728 3371 1783 οὐκ
3396 1727 3563 1781 ἐστιν·
3592 1725 3694 1779 ἀλλὰ

500 1806 623 1863 qna
652 1792 828 1853 modis
866 1797 1121 1853 omnibus
1150 1806 1293 1854 sunt.
1326 1798 1537 1856 Etenim
1566 1819 1671 1858 non
1707 1804 1811 1861 hoc
1851 1808 2061 1877 quidem

2171 1822 2345 1878 πάντα
2371 1823 2537 1888 ἐστὶν,
2576 1822 2651 1888 ὡς
2688 1824 2902 1879 πάντων
2930 1823 3102 1888 αἴτιος
3121 1865 3135 1889 ,
3162 1825 3256 1878 καὶ
3289 1826 3347 1878 ὲν
3383 1822 3525 1893 αὐτῷ
3556 1822 3693 1884 πάσας

498 1892 602 1949 est.
637 1884 770 1941 illud
811 1902 940 1948 vero
981 1904 1089 1945 non
1124 1903 1240 1958 est;
1286 1908 1386 1948 nec
1424 1894 1607 1966 aliquo
1637 1898 1855 1964 quidem
1907 1900 2070 1956 modo

497 1987 603 2047 est,
649 1978 831 2051 aliquo
862 1995 989 2037 vero
1021 1998 1127 2038 non
1162 1994 1274 2051 est;
1322 1987 1415 2040 sed
1450 1989 1630 2057 potius
1654 1993 1838 2045 omnia
1873 2001 1980 2055 est.
2011 2002 2069 2049 ut

494 2072 739 2127 ninnium
779 2084 991 2142 auctor,
1037 2087 1094 2133 et
1132 2076 1185 2131 in
1230 2093 1290 2133 se
1333 2082 1512 2134 omnia
1566 2083 1853 2152 principia,
1881 2099 2068 2142 omnes

494 2167 739 2222 omnium
777 2182 957 2225 rerum
996 2170 1409 2229 terminationes
1456 2173 1740 2230 continens
1780 2186 1837 2231 et
1877 2178 2069 2233 antici-

492 2276 663 2333 pans;
689 2271 746 2317 et
778 2276 949 2333 supra
979 2263 1163 2319 omnia
1191 2271 1296 2332 est,
1322 2273 1508 2336 utpote
1526 2277 1650 2324 ante
1671 2270 1851 2325 omnia
1883 2284 2069 2343 supra-

491 2353 853 2411 essentialiter
868 2371 1198 2429 supraquam
1215 2358 1480 2417 existens.
1497 2360 1862 2428 Quamobrem
1881 2364 2065 2419 omnia

492 2444 562 2500 de
594 2445 716 2516 ipso
735 2456 791 2502 et
818 2447 980 2504 simul
999 2449 1275 2516 dicuntur.
1308 2452 1549 2523 nihilque
1574 2464 1656 2510 est
1677 2456 1953 2522 omnium;
1980 2465 2067 2513 est

491 2535 673 2591 omnis
697 2536 903 2609 ﬁgurae,
935 2540 1115 2598 omnis
1137 2541 1299 2615 5.32
1331 2542 1539 2612 formae,
1576 2547 1695 2603 sine
1722 2547 1919 2613 forma,
1945 2550 2064 2606 sine

492 2626 935 2698 pulchritudine,
979 2635 1243 2707 principia
1278 2645 1336 2693 et
1371 2640 1549 2695 media
1588 2649 1644 2694 et
1696 2639 1835 2697 lines
1881 2658 2060 2698 rerum

488 2718 669 2777 solute
700 2730 755 2777 et
796 2723 1064 2782 abstracte
1094 2727 1148 2783 in
1179 2728 1358 2798 seipso
1401 2731 1696 2803 anticipata
1749 2733 1979 2800 habens,
2007 2745 2064 2792 et

489 2811 744 2871 omnibus
772 2830 906 2885 pure
935 2816 1195 2886 illucens,
1223 2820 1503 2893 largiendo
1532 2833 1590 2879 ut
1623 2825 1734 2880 sint
1762 2829 2060 2883 secundum

488 2918 714 2963 causam
737 2923 899 2966 unam
934 2918 992 2967 et
1010 2924 1341 2983 supraquam
1372 2917 1701 2987 c0pulatam.
1731 2919 1787 2974 Si
1815 2921 1959 2977 enim
1979 2921 2061 2978 sol

490 2994 588 3055 ille
615 3008 805 3056 noster
838 3016 1020 3058 rerum
1054 3006 1334 3061 scnsilium
1362 3007 1696 3066 substantias
1728 3024 1794 3065 ac
1828 3011 2061 3081 qualita-

2169 1912 2375 1985 ἀρχὰς,
2424 1912 2601 1967 πάντα
2647 1915 3122 1985 συμπεράσματα,
3168 1913 3383 1967 πάντων
3419 1913 3523 1966 τῶν
3563 1913 3692 1964 ὄντων

2170 2004 2407 2075 συνέχων
2427 2006 2471 2038 ⁷⁸
2509 2006 2601 2059 καὶ
2645 2005 2890 2077 προέχων
2910 2022 2922 2036 ·
2970 2004 3065 2060 καὶ
3097 2004 3235 2077 ὑπὲρ
3272 2004 3340 2059 τὰ
3370 2005 3538 2059 πάντα
3564 2004 3690 2066 ἐστὶν,

2165 2096 2241 2161 ὡς
2275 2097 2380 2168 πρὸ
2413 2096 2628 2152 πάντων
2658 2096 2995 2169 ὑπερουσίως
3035 2096 3271 2170 ὑπερών.
3313 2096 3406 2151 Διὸ
3438 2097 3528 2150 καὶ
3556 2097 3693 2149 πάντα

2164 2187 2330 2242 αὐτοῦ
2374 2190 2470 2244 καὶ
2519 2190 2635 2262 ἅμα
2682 2190 3104 2262 κατηγορεῖται,
3140 2190 3235 2243 καὶ
3273 2189 3427 2243 οὐδέν
3470 2190 3576 2241 ἐστι
3612 2186 3692 2239 τῶν

2166 2282 2382 2337 πάντων
2408 2284 2453 2315 ’⁷
2476 2299 2489 2314 ο
2528 2284 2879 2356 πάνσχημος,
2916 2282 3224 2349 πανείδεος,
3264 2284 3536 2355 ἄμορφος,
3565 2280 3694 2335 ἀκαλ-

2164 2372 2262 2445 λὴς
2284 2414 2299 2440 ,
2342 2374 2520 2447 ἀρχὰς
2547 2376 2641 2430 καὶ
2680 2375 2819 2447 μέσα
2848 2376 2942 2429 καὶ
2974 2376 3103 2447 τέλη
3154 2376 3261 2429 τῶν
3292 2375 3460 2429 ὄντων
3493 2373 3693 2443 ἀσχέτως

2164 2466 2260 2521 καὶ
2286 2466 2639 2539 ἐξῃρημένως
2674 2466 2732 2522 ὲν
2764 2466 2939 2539 ἑαυτῷ
2969 2467 3311 2541 προειληφὼς
3336 2507 3351 2532 ,
3381 2468 3476 2521 καὶ
3512 2468 3625 2519 πᾶσι
3650 2463 3693 2516 τὸ

2162 2555 2300 2615 εἶναι
2334 2560 2639 2632 κατὰλμίαν
2670 2562 2762 2616 καὶ
2795 2561 3221 2635 ὑπερηνωμὲνην
3247 2560 3428 2615 αἰτίαν
3458 2559 3693 2630 ἀχράντως

2162 2651 2503 2722 ὲπιλάμπων.
2560 2651 2625 2707 El
2665 2651 2776 2723 γὰρ
2812 2653 2843 2705 ὁ
2873 2654 2994 2707 καθ’
3027 2656 3174 2725 ἡμᾶς
3209 2652 3360 2725 ἥλιος
3393 2651 3490 2715 τὰς
3520 2651 3612 2702 τῶν
3630 2649 3693 2700 αἰ-

2164 2742 2377 2814 σθητῶν
2399 2745 2460 2797 οὐ
2470 2744 2586 2809 σίας
2609 2747 2701 2799 καὶ
2723 2746 3015 2817 ποιότητας
3033 2785 3048 2811 ,
3084 2746 3259 2800 καίτοι
3285 2744 3483 2807 πολλὰς
3504 2743 3586 2796 καὶ
3608 2741 3694 2794 διας

2161 2833 2361 2906 φόρους
2409 2834 2604 2903 οὔσας,
2650 2837 2799 2908 ὅμως
2849 2836 3010 2900 αὐτὸς
3052 2831 3132 2900 εἷς
3177 2834 3271 2901 ὣν,
3324 2835 3419 2889 καὶ
3468 2830 3691 2906 μονῦειδὲς

2157 2926 2487 2998 ὲπιλάμπων
2522 2927 2637 2997 φῶς
2656 2968 2671 2993 ,
2707 2929 2923 2983 ἀνανεοῖ
2946 2969 2961 2996 ,
2992 2932 3088 2985 καὶ
3114 2928 3329 3001 τρέφει,
3360 2929 3454 2981 καὶ
3487 2924 3689 2996 φρουρεῖν

2159 3018 2255 3073 καὶ
2280 3017 2506 3085 τελειοῖ,
2535 3020 2630 3073 καὶ
2652 3018 2916 3091 διακρίνει
2940 3060 2954 3087 ,
2988 3020 3082 3074 καὶ
3114 3021 3224 3073 ἑνοῖ
3248 3060 3262 3084 ,
3299 3021 3395 3072 καὶ
3418 3014 3689 3077 ἁναθάλπει,

491 3099 595 3158 tes,
618 3094 968 3161 quantumvis
1006 3096 1189 3152 multa:
1225 3097 1337 3154 sint
1369 3113 1435 3154 ac
1467 3099 1719 3167 diversae,
1746 3101 1907 3158 simul
1943 3104 2054 3171 ille,

2161 3110 2253 3164 καὶ
2288 3109 2485 3181 γόνιμα
2529 3104 2667 3167 εἶναι
2711 3114 2889 3176 ποιεῖ,
2930 3112 3022 3166 καὶ
3057 3110 3209 3178 abest
3229 3151 3244 3176 ,
3266 3111 3362 3163 καὶ
3390 3107 3690 3177 ἐξαλλάττει,

487 3196 616 3237 cum
639 3182 712 3239 sit
731 3185 945 3251 unicus,
963 3199 1020 3242 et
1036 3188 1380 3246 uniformiter
1395 3188 1660 3246 diﬂuntlat
1676 3193 1853 3249 lumen
1872 3210 2053 3263 suum,

488 3290 683 3332 omnes
710 3287 955 3345 renovat,
988 3290 1044 3334 et
1088 3282 1280 3348 nutrit,
1310 3293 1367 3339 et
1396 3293 1595 3354 servat,
1632 3297 1689 3341 et
1720 3288 1968 3356 perlicit,
2002 3300 2057 3346 et

488 3367 798 3441 distinguit,
823 3382 879 3429 et
903 3375 1041 3440 unit,
1068 3383 1121 3431 et
1142 3374 1369 3441 refovet,
1398 3383 1453 3432 et
1475 3376 1746 3443 fecundat,
1773 3389 1829 3435 et
1869 3391 2054 3452 auget,

488 3466 547 3511 et
565 3457 911 3528 immutat,et
933 3461 1134 3530 ﬁrmat,
1162 3473 1219 3519 et
1235 3466 1580 3536 producit,.et
1602 3471 1850 3538 suscitat,
1882 3481 1939 3529 et
1964 3488 2056 3529 ve-

487 3560 673 3622 getat;
707 3562 763 3609 et
788 3555 1068 3624 quodlibet
1107 3571 1175 3613 ex
1221 3558 1327 3626 iis,
1362 3560 1522 3615 modo
1563 3563 1762 3632 cuique
1807 3566 2052 3635 proprio,

488 3643 651 3699 unius
678 3645 1024 3717 ejusdemque
1057 3649 1188 3705 solis
1220 3654 1493 3723 particeps
1524 3656 1748 3723 existit,
1795 3665 1853 3712 et
1883 3658 2056 3729 pluri-

493 3751 707 3794 morum
744 3753 807 3796 se
838 3740 1272 3813 participantium
1308 3761 1504 3802 causas
1529 3748 1611 3804 sol
1647 3750 1841 3807 unicus
1875 3753 1929 3806 in
1961 3768 2050 3809 se-

490 3827 613 3899 ipso
636 3830 981 3889 uniformiter
1009 3836 1359 3907 anticipavit;
1390 3840 1588 3909 potiori
1622 3844 1813 3915 utique
1840 3846 2054 3903 ratione

484 3924 892 3979 concedendum
919 3933 1023 3995 est,
1062 3927 1114 3982 in
1150 3927 1434 3998 ipsiusmet
1467 3932 1598 3989 solis
1624 3947 1688 3989 ac
1723 3950 1902 3992 rerum
1935 3952 2053 3992 om-

486 4014 639 4070 nium
673 4029 837 4072 causa
861 4057 881 4087 ,
913 4020 1210 4076 secundum
1263 4022 1479 4080 unicam
1536 4028 2050 4097 supraessentialetn

480 4106 905 4183 copulationem,
936 4127 1116 4169 rerum
1140 4114 1382 4170 omnium
1412 4117 1744 4188 exemplaria
1768 4124 2053 4191 prasexstl-

483 4201 639 4287 tisse.
669 4206 1107 4278 quandoquidem
1159 4208 1275 4263 haec
1318 4206 1579 4279 ipsasmet
1623 4216 1890 4271 essentias
1921 4231 2050 4287 pro-

477 4285 645 4350 ducat
692 4298 985 4354 secundum
1045 4315 1333 4356 excessum
1382 4305 1654 4360 essentia.
1710 4285 2049 4380 Exemplum

477 4399 613 4443 vero
664 4388 896 4447 dicimus
943 4405 1065 4448 esse
1112 4395 1354 4452 rationes
1402 4396 1456 4452 in
1483 4398 1591 4453 Deo
1643 4401 2047 4460 substantiiicas

2160 3201 2252 3254 καὶ
2294 3200 2559 3272 ὲνιδρύει,
2604 3202 2699 3255 καὶ
2741 3200 2969 3271 ἐκφύει,
3015 3200 3110 3255 καὶ
3154 3200 3438 3261 ἀνακινεῖ,
3477 3198 3562 3250 καὶ
3594 3194 3693 3259 ςωοῐ

2158 3290 2334 3343 πάντα
2353 3330 2368 3357 ,
2395 3290 2490 3343 καὶ
2513 3288 2622 3343 τῶν
2644 3290 2779 3346 ὅλων
2804 3291 3030 3346 ἕκαστον
3055 3288 3271 3353 οἰκείως
3291 3286 3469 3358 ἑαυτῷ
3493 3284 3577 3339 τοῦ
3593 3281 3693 3335 uv-
3802 3316 3803 3321 η

2154 3380 2249 3434 τοῦ
2287 3384 2381 3437 καὶ
2400 3382 2517 3448 ἐνὸς
2534 3383 2683 3455 ήλίου
2716 3383 2965 3455 μετέχει,
2994 3383 3089 3437 καὶ
3110 3383 3207 3447 τὰς
3230 3380 3341 3435 τῶν
3370 3378 3569 3434 πολλῶν
3590 3391 3690 3447 μετ-

2156 3473 2386 3545 εχόντων
2415 3476 2444 3529 6
2474 3470 2554 3540 εἷς
2588 3476 2736 3546 ἥλιος
2756 3476 2933 3539 αἰτίας
2959 3476 3017 3528 ὲν
3043 3472 3216 3544 ἑαυτῷ
3241 3471 3526 3543 μονοειδῶς
3544 3466 3691 3539 προεί-

2155 3564 2292 3637 ληφε
2314 3583 2325 3595 ·
2365 3565 2542 3637 πολλῷ
2568 3583 2633 3636 γε
2670 3564 2867 3637 μᾶλλον
2901 3566 2995 3619 ἐπὶ
3014 3565 3115 3636 τῆς
3149 3566 3243 3618 καὶ
3276 3564 3444 3618 αὐτοῦ
3476 3562 3561 3616 καὶ
3582 3560 3688 3613 πᾶν·

2154 3673 2263 3711 των
2306 3658 2484 3723 αίτίας
2503 3658 2568 3724 ⁷⁸,
2605 3659 3007 3731 προϋφεστάναι
3039 3657 3107 3712 τὰ
3142 3658 3319 3711 πάντα
3358 3658 3467 3712 τῶν
3495 3651 3688 3708 ovem"

2153 3748 2568 3821 παραδείγματα
2585 3788 2601 3814 ,
2632 3749 2773 3803 κατὰ
2806 3749 2933 3820 μίαν
2957 3748 3278 3821 ὑπερούσιον
3298 3748 3492 3803 ἕνωσιν
3519 3762 3690 3815 συγχω-

2156 3839 2377 3909 ρητέον·
2414 3840 2535 3892 ἐπεὶ
2568 3840 2661 3894 καὶ
2691 3839 2877 3906 οὐσίας
2920 3841 3157 3913 παράγει
3193 3840 3337 3895 κατὰ
3369 3840 3468 3914 τὴν
3502 3839 3596 3894 ἀπὸ
3620 3836 3689 3889 οὐ·

2154 3936 2274 4003 σίας
2307 3936 2551 3991 ἔκϐασιν.
2587 3938 3010 4012 Παραδείγματα
3037 3938 3095 3995 δέ
3131 3956 3309 4011 φαμεν
3340 3935 3478 3993 εἶναι
3506 3936 3615 3998 τοὺς
3643 3933 3688 3984 ὲν

2151 4036 2270 4109 Θεῷ
2302 4036 2409 4092 τῶν
2445 4038 2613 4093 ὄντων
2654 4039 2996 4104 οὐσιοποιοὺς
3042 4040 3135 4095 καὶ
3170 4038 3451 4104 ὲνιαίως⁸⁰
3490 4038 3687 4108 προῦφε-

2152 4129 2361 4195 στῶτας
2392 4130 2582 4201 λόγους
2604 4172 2619 4198 ,
2653 4130 2746 4196 οὒς
2779 4134 2813 4206 ἡ
2842 4132 3087 4204 Θεολογία
3120 4133 3486 4206 προορισμοὺς
3527 4127 3685 4187 καλεῖν

2150 4224 2243 4277 καὶ
2274 4223 2393 4278 θεῖα
2415 4226 2506 4278 καὶ
2527 4225 2709 4294 ἀγαθὰ
2740 4226 3019 4299 θελήματα
3033 4268 3048 4294 ,
3069 4226 3179 4281 τῶν
3210 4226 3381 4281 ὄντων
3402 4214 3686 4295 ἀφοριστικά

2151 4317 2244 4369 καὶ
2282 4319 2571 4390 ποιητικὰ,
2608 4319 2731 4373 καθ’
2754 4319 2847 4383 οὒς
2878 4322 2908 4373 ὁ
2938 4319 3259 4390 ὑπερούσιος
3287 4320 3357 4374 τὰ
3388 4319 3514 4372 ὅντα
3542 4314 3683 4368 πάντα

2150 4410 2244 4462 καὶ
2282 4408 2551 4483 προώρισε
2588 4411 2684 4465 καὶ
2720 4412 3059 4484 παρήγαγεν.

479 4494 663 4537 rerum
698 4493 754 4539 et
779 4484 928 4541 unite
970 4487 1419 4559 pmxistentcs,
1471 4506 1608 4561 quas
1650 4492 1867 4550 divmus
1916 4510 2096 4553 sermo
2140 4511 2299 4556 vocat
2352 4503 2832 4573 prmdeiinitiones,
2875 4514 2931 4561 et
2980 4504 3191 4561 divinas
3222 4513 3385 4573 atque
3418 4503 3574 4557 bonas
3611 4510 3682 4547 νο-

476 4570 755 4642 luntates,
801 4591 984 4633 rerum
1030 4580 1365 4639 delinitrices
1410 4593 1465 4640 et
1520 4583 1854 4646 eﬂ‘ectrices:
1908 4593 2202 4649 secundum
2248 4570 2386 4666 quas
2415 4596 2507 4668 qui
2579 4605 2663 4652 est
2706 4610 2868 4669 supra
2929 4597 3324 4663 substantiam,
3375 4597 3548 4652 omnia
3586 4602 3680 4661 qua

462 4677 607 4723 'sunt
635 4669 994 4739 praedeiinivit
1026 4684 1083 4731 et
1110 4677 1386 4747 produxit.

2024 4797 2169 4873 §IX

548 4928 608 4985 Si
634 4940 815 4988 autem
848 4933 960 4989 vult
997 4934 1246 4993 Clemens
1292 4936 1678 5007 philosophus,
1728 4941 1796 4995 ad
1833 4940 2037 5013 aliquid

2216 4945 2280 4998 Ei
2313 4944 2370 4998 δὲ
2400 4946 2428 4998 ὁ
2465 4944 2751 5015 φιλόσοφος
2789 4944 2932 5013 ἀξιοῖ
2957 4944 3191 5017 Κλήμης
3210 4986 3225 5010 ,
3250 4950 3344 4999 καὶ
3381 4946 3511 5019 πρός
3527 4962 3571 4997 τι
3590 4959 3671 4995 πα-

473 5020 583 5076 dici
630 5025 961 5096 exemplaria
996 5041 1116 5096 qua:
1159 5037 1285 5084 sunt
1329 5030 1383 5084 in
1434 5030 1597 5086 rebus
1627 5033 2040 5102 principaliora,

475 5115 820 5185 progreditur
844 5118 1086 5187 quidem,
1115 5135 1236 5177 cum
1270 5124 1348 5180 sic
1376 5124 1634 5195 loquitur,
1664 5143 1772 5182 non
1806 5142 1902 5198 per
1924 5144 2043 5202 pro-

474 5204 594 5276 pria
623 5213 677 5261 et
702 5208 942 5278 perfecta
973 5218 1030 5266 et
1059 5213 1324 5283 simplicia
1356 5218 1571 5272 nomina
1597 5237 1611 5286 ;
1646 5220 1739 5275 sed
1767 5220 1811 5274 si
1840 5234 2037 5276 conce-

2148 5038 2483 5110 ραδείγματα
2531 5038 2817 5108 λέγεσθαι,
2860 5038 2927 5092 τὰ
2971 5039 3030 5092 ὲν
3067 5043 3178 5103 τοῖς
3215 5037 3367 5095 οὖσιν
3400 5033 3669 5113 ἀρχηγικὺ-

2142 5146 2274 5200 τερα
2297 5169 2312 5194 ,
2346 5130 2557 5203 πρόεισι
2597 5129 2695 5201 μὲν
2729 5130 2789 5183 οὐ
2823 5130 2910 5184 διὰ
2940 5131 3143 5203 κυρίων
3181 5134 3276 5186 καὶ
3315 5130 3575 5187 παντελῶν
3600 5123 3668 5178 καὶ

2144 5221 2331 5275 ἁπλῶν
2359 5222 2635 5292 ὀνομάτων
2654 5220 2683 5276 ὁ
2703 5221 2858 5292 λόγος
2888 5222 3038 5293 αὐτῷ
3060 5240 3073 5252 ο
3108 5224 3515 5296 συγχωροῦντας
3531 5223 3577 5275 δὲ
3595 5213 3667 5271 καὶ

473 5295 669 5355 damus
710 5300 876 5356 ctiam
924 5301 1030 5365 hoc
1075 5316 1224 5362 recte
1262 5308 1408 5377 dici,
1458 5322 1672 5382 oportet
1727 5312 2039 5369 meminisse

2161 5313 2297 5367 τοῦτο
2327 5313 2500 5384 ὀρθῶς
2535 5315 2828 5385 λέγεσθαι,
2872 5316 2973 5386 τῆς
3007 5314 3279 5385 θεολογίας
3302 5295 3665 5389 μνημονευτέον

1745 5491 1972 5548 VARle
2005 5492 2403 5553 LECTIONES.

594 5663 835 5741 tsltbdii
859 5662 931 5741 Ρη
959 5666 1142 5741 καὶ-τὸ
1164 5662 1326 5741 είναι.
1416 5670 1463 5703 ’⁵
1498 5672 1744 5741 ὑμνοῦσι,
1783 5676 1840 5729 S.
1870 5676 1930 5729 1).
2028 5678 2073 5709 ⁷⁸
2109 5678 2361 5741 συνελών,
2400 5678 2466 5731 Μ.
2500 5679 2588 5732 Sc.

1062 5739 1105 5770 ⁷³
1142 5739 1355 5795 πάντων
1391 5741 1495 5797 τῶν
1519 5739 1686 5799 ὄντων
1721 5746 1777 5802 S.
1816 5746 1873 5802 P.
1912 5747 1971 5803 ί).
2063 5749 2107 5781 ⁸⁸
2142 5739 2394 5811 ὲνιαενιης,
2431 5749 2489 5806 S.
2519 5749 2579 5805 ιι.

476 5744 533 5789 et
559 5733 751 5801 αἴτιος,
788 5732 858 5789 Μ.
899 5735 987 5793 Sc.

2696 5680 2740 5714 ’⁷
2774 5682 2882 5738 τῶν
2912 5682 3099 5753 ὄντων,
3132 5681 3202 5740 Μ.
3232 5683 3325 5743 Sc.
3402 5685 3446 5718 ’⁸
3474 5680 3555 5739 ἐπὶ
3579 5676 3660 5749 γῆς
