3866 6234
256 295 382 353 διρό

989 290 1086 347 DE
1116 287 1371 347 DIVINIS
1400 283 1800 351 NOMINIBUS,
1834 283 1987 341 CAP.
2024 280 2090 337 V.
2124 313 2193 323 —-
2225 277 2547 337 CORDERII
2581 275 2809 340 ΝΟΤΑἱο

3409 276 3514 335 825

257 411 585 485 φασκούσης
603 450 619 476 ,
660 410 783 464 Ὀτι
808 407 869 469 οὐ
908 406 1205 481 παρέδειξά
1229 404 1469 462 σοιαὺτά
1492 403 1586 459 τοῦ
1621 401 1824 475 πορεύει

1952 400 2249 472 Scriptura:
2272 412 2390 467 quae
2438 399 2516 453 ait
2539 407 2568 435 ιι
2603 414 2617 452 :
2647 396 2766 452 Non
2803 393 3017 451 ostendi
3058 392 3145 449 illa
3179 392 3297 460 tibi,
3335 403 3392 449 ut
3420 411 3516 451 eas

259 506 395 560 σθαι
427 504 601 559 ὀπίσω
623 502 802 558 αὐτῶν
820 519 834 533 ο
863 502 979 556 ἀλλ’
1013 500 1100 555 ἵνα
1121 499 1210 555 διὰ
1234 500 1335 571 τῆς
1364 498 1569 553 τούτων
1601 497 1847 565 ἀναλογι-

254 596 373 667 κῆς
393 593 647 665 γνώσεως
670 594 761 648 ἐπὶ
782 594 882 666 τὴν
904 593 1123 647 πάντων
1144 592 1344 657 αἰτίαν,
1362 591 1437 655 ὼς
1455 584 1557 644 οἷοί
1577 588 1637 643 τέ
1658 589 1843 660 ἐσμεν,

248 684 607 755 ἅναχθῶμεν.
646 684 829 738 Πάντα
854 678 948 736 οὖν
977 683 1114 754 αὐτῇ
1145 681 1213 736 τὰ
1239 681 1370 736 ὄντα
1407 678 1549 736 κατά
1584 679 1715 750 μίαν
1745 676 1844 750 τὴν

248 777 483 832 πάντων
530 776 871 850 ὲξῃρημένην
918 775 1113 829 ἕνωσιν
1128 775 1171 808 ⁸⁸
1200 816 1215 839 ,
1255 773 1573 828 ἀναθετέον·
1615 771 1844 842 ἐπείπερ

246 868 370 922 ἀπὸ
401 868 495 922 τοῦ
534 865 670 923 εἶναι
688 909 704 934 ,
733 869 833 940 τῆς
858 867 1166 922 οὐσιοποιοῦ
1192 867 1420 940 προόδου
1454 864 1550 919 καὶ
1576 864 1843 935 ἀγαθότη-

244 978 351 1025 τος
378 960 694 1034 ἀρξαμένη,
723 961 818 1014 καὶ
844 960 933 1014 διά
963 959 1180 1014 πάντων
1212 958 1457 1029 φοιτῶσα
1475 997 1491 1024 ,
1532 958 1627 1011 καὶ
1663 956 1841 1010 πάντα

244 1054 315 1121 ἐξ
354 1054 550 1125 ἑαυτῆς
574 1053 669 1107 τοῦ
710 1049 849 1108 εἶναι
887 1053 1192 1126 πληροῦσα,
1219 1053 1316 1108 καὶ
1335 1053 1429 1106 ἐπὶ
1458 1052 1593 1105 πᾶσι
1612 1052 1725 1114 τοῖς
1751 1044 1841 1104 οὗ-

248 1162 342 1198 σιν
365 1146 424 1215 ἀπ
438 1146 704 1218 αλλομένη
723 1186 739 1211 ,
769 1146 946 1201 πάντα
977 1146 1075 1219 μὲν
1104 1147 1161 1200 έν
1199 1148 1366 1217 ἑαυτῇ
1401 1145 1656 1217 προέχει,
1697 1142 1836 1197 κατά

248 1236 388 1306 μίαν
428 1236 730 1311 ἁπλότητος
765 1237 1068 1311 ὑπερϐολὴν
1088 1239 1265 1291 πᾶσαν
1298 1236 1521 1308 διπλόην
1546 1236 1838 1290 ἀπαναινο-

246 1328 394 1399 μὲνη
410 1346 425 1360 ·
468 1329 646 1385 πάντα
665 1330 723 1384 δὲ
750 1330 1011 1395 ὡσαύτως
1031 1331 1077 1362 ⁸η
1106 1329 1352 1401 περιέχει
1377 1327 1518 1382 κατά
1544 1326 1642 1397 τὴν
1667 1325 1837 1396 ὑπερ-

236 1420 578 1494 ηπλωμένην
603 1421 773 1494 αὐτῆς
809 1422 1085 1495 ἀπειρίαν,
1117 1422 1210 1476 καὶ
1242 1421 1378 1494 πρὸς
1401 1420 1616 1474 πάντων
1638 1417 1833 1482 ἑνικῶς

242 1513 538 1583 μετέχεται
559 1554 574 1579 ,
612 1515 865 1587 καθάπερ
896 1515 989 1569 καὶ
1014 1514 1168 1587 φωνὴ
1191 1515 1288 1587 μία
1319 1511 1453 1570 οὖσα
1473 1514 1567 1568 καὶ
1596 1514 1630 1584 ἡ
1662 1511 1828 1583 αὐτὴν

202 1610 213 1618 ³
236 1603 384 1675 πρὸς
413 1604 624 1660 πολλῶν
651 1606 832 1663 ἀκοῶν
861 1606 939 1672 ὡς
973 1606 1071 1678 μία
1102 1606 1409 1678 μετέχεται.

1946 488 2216 557 postilla;
2247 487 2340 542 sed
2370 494 2427 539 ut
2470 500 2568 553 per
2597 483 3009 555 proportionem
3059 483 3386 555 cognitionis
3413 485 3512 540 ho-

1946 598 2064 637 rum
2097 582 2165 636 ad
2198 580 2632 652 cognoscendam
2655 580 2897 634 omnium
2921 593 3165 644 causam,
3190 579 3372 647 quoad
3397 595 3516 648 pos-

1943 690 2149 737 sumus.
2170 674 2525 730 adducamur.
2547 672 2911 740 Quamobrem
2945 672 3198 727 universa
3228 671 3331 740 ipsi
3364 673 3511 726 entia

1941 766 2237 821 secundum
2270 779 2432 821 unam
2466 763 2722 819 omnibus
2751 764 3078 818 eminentem
3113 762 3511 832 copulationem

1941 866 2067 914 sunt
2104 857 2488 923 attribuenda;
2526 855 2961 925 quandoquidem
3010 854 3138 919 dum
3172 854 3240 908 ab
3282 854 3514 923 ipsamet

1939 949 2177 1005 essentia
2214 946 2609 1003 substantilicae
2658 945 3098 1014 promanationis
3149 959 3214 1000 ac
3253 946 3512 1000 bonitatis

1939 1041 2253 1107 exordiens,
2278 1055 2375 1110 per
2406 1038 2586 1095 omnia
2630 1038 2895 1102 dimanat,
2926 1046 2982 1091 et
3012 1038 3264 1092 universa
3296 1053 3391 1106 per
3421 1052 3511 1092 se-

1940 1134 2226 1202 metipsam
2267 1131 2477 1203 implet,
2507 1142 2563 1186 et
2614 1131 2666 1186 in
2712 1130 3159 1186 rebusomnibus
3186 1131 3505 1195 delectatur,

1934 1227 2118 1281 omnia
2144 1226 2364 1296 quidem
2407 1223 2460 1278 in
2493 1238 2552 1277 se
2578 1222 2855 1292 praehabet
2882 1221 3202 1277 excellentia
3240 1221 3507 1292 simplici-

1937 1319 2082 1385 tatis,
2104 1333 2225 1388 quaa
2246 1332 2463 1372 omnem
2497 1316 2699 1387 refugit
2721 1315 3127 1384 duplicitatem;
3158 1324 3352 1369 cuncta
3375 1328 3505 1369 vero

1933 1408 2190 1463 similiter
2233 1409 2476 1463 cominet
2514 1407 2811 1462 secundum
2860 1406 3145 1476 plusquam
3200 1404 3501 1475 simplicem

1934 1498 2250 1554 inﬁnitatem
2311 1512 2464 1553 suam
2501 1537 2516 1562 ,
2577 1507 2634 1552 et
2694 1497 2765 1552 ab
2832 1499 3091 1553 omnibus
3154 1498 3504 1567 singulariter

1931 1592 2330 1663 participatur,
2391 1590 2850 1661 quemadmodum
2913 1598 2971 1644 et
3026 1604 3169 1651 vox,
3218 1604 3343 1643 cum
3395 1604 3499 1643 una

1931 1683 2001 1738 sit
2049 1692 2104 1736 et
2144 1682 2380 1750 eadem,
2428 1698 2457 1736 a
2514 1682 2698 1737 multis
2752 1695 2968 1752 quoque
3015 1682 3243 1737 auribus
3288 1690 3346 1736 ut.
3394 1696 3500 1735 una

1930 1775 2248 1847 percipitur.

1817 1912 1953 1988 5X.

308 2087 537 2141 Πάντων
561 2080 655 2141 οὖν
687 2085 828 2159 ἀρχὴ
854 2084 951 2140 καὶ
982 2082 1206 2156 τελευτὴ
1229 2082 1337 2137 τῶν
1361 2082 1530 2137 ὄντων
1555 2082 1586 2138 ό
1610 2079 1809 2152 προών.

1984 2079 2145 2153 433
2184 2078 2436 2137 Omnium
2473 2080 2638 2151 igitur
2665 2079 2993 2151 principium
3024 2086 3079 2135 et
3107 2078 3252 2144 ﬁnis,
3277 2078 3367 2149 qui
3403 2093 3494 2134 re-

238 2177 563 2251 Ἀρχὴ,μὲν
590 2178 666 2242 ὡς
691 2178 864 2244 αἴτιος
886 2196 900 2211 ν
933 2178 1086 2242 τέλος
1126 2177 1184 2231 δὲ
1221 2175 1298 2241 ὡς
1335 2170 1396 2230 οὗ
1432 2174 1595 2229 ἕνεκα
1615 2173 1681 2240 ⁸³,
1727 2173 1821 2227 καὶ

226 2270 413 2341 πέρας
444 2268 681 2335 πάντων,
713 2270 808 2324 καὶ
843 2269 1069 2341 ἀπειρία
1106 2269 1287 2339 πάσης
1317 2266 1571 2339 ἀπειρίας
1596 2266 1691 2320 καὶ⁹
1719 2265 1819 2318 πέ-

226 2378 399 2432 ρατος
432 2360 774 2433 ὑπεροχικῶς
797 2360 904 2416 τῶν
926 2360 1001 2426 ὡς
1026 2360 1432 2431 ἀντικειμένων.
1473 2359 1560 2413 Ἐν
1586 2358 1666 2412 ἑνὶ
1685 2356 1813 2428 γὰρ,

218 2452 308 2519 ὼς
359 2453 618 2518 πολλάκις
658 2453 906 2525 εἴρηται,
949 2452 1019 2507 τὰ
1049 2452 1178 2506 ὄντα
1220 2453 1399 2507 πάντα
1421 2492 1438 2518 ,
1476 2454 1572 2507 καὶ
1597 2452 1817 2524 προέχει

220 2545 328 2599 καὶ
358 2544 632 2617 ὑπέστησε
655 2584 671 2610 ,
708 2546 840 2614 παρ’
867 2538 945 2598 ὧν
965 2543 1012 2577 ⁸⁸
1034 2546 1149 2609 τοῖς
1183 2545 1317 2598 πᾶσι
1339 2584 1354 2611 ,
1386 2545 1481 2598 καὶ
1519 2542 1814 2615 πανταχοῦ,

217 2637 329 2691 καὶ
355 2635 497 2690 κατά
528 2636 589 2689 τὸ
616 2635 675 2691 ἓν
704 2636 872 2690 καὶτὸ
887 2636 1040 2702 αὐτὸ,
1065 2637 1161 2691 καὶ
1179 2637 1322 2691 κατὰ
1338 2636 1399 2691 τὸ
1414 2636 1545 2690 αὐτὸ
1571 2638 1698 2701 πᾶν,
1718 2636 1815 2690 καὶ

215 2728 323 2781 ἐπὶ
350 2728 528 2782 πάντα
561 2725 788 2797 προῖὼν,
813 2728 907 2783 καὶ
939 2728 1114 2800 μένων
1144 2729 1230 2799 ἐφ’
1259 2728 1474 2794 ἑαυτοῦ,
1507 2730 1601 2782 καὶ
1642 2726 1813 2792 έστὼς

216 2821 325 2874 καὶ
353 2819 690 2892 κινούμενος,
713 2823 807 2875 καὶ
832 2820 954 2877 οὔτε
978 2820 1150 2887 ἑστὼς
1177 2821 1301 2877 οὔτε
1322 2822 1637 2894 κινούμενος
1655 2862 1671 2888 ,
1688 2819 1810 2875 οὔτε

215 2911 403 2983 ἀρχὴν
430 2911 588 2982 ἔχων,
620 2911 656 2983 ἢ
691 2911 885 2983 μέσον,
916 2913 952 2985 ἢ
980 2913 1237 2986 τελευτήν
1260 2931 1275 2946 θ
1308 2913 1432 2969 οὕτε
1474 2914 1532 2968 ἐν
1563 2932 1667 2969 τινι
1701 2914 1811 2970 τῶν

212 3002 417 3068 ὄντων,
434 3002 555 3057 οὐδέ
574 3021 628 3056 τι
645 3002 756 3056 τῶν
770 3003 938 3058 ὄντων
952 3004 1034 3060 δν.
1057 3007 1165 3059 Καὶ
1181 3004 1305 3060 οὔτε
1324 3005 1459 3070 ὅλως
1477 3005 1622 3077 αὐτῷ
1643 3022 1807 3078 προσ-

217 3094 353 3167 ipse:
368 3110 422 3146 τι
437 3092 547 3147 τῶν
567 3095 799 3160 αἱωνίως
828 3095 1021 3162 ὄντων,
1039 3096 1073 3166 ἢ
1092 3097 1202 3153 τῶν
1222 3098 1486 3172 χρονικῶς
1517 3096 1811 3169 ὑφισταμέ-

213 3202 354 3249 νων,
380 3184 518 3240 ἀλλά
546 3185 641 3239 καὶ
669 3186 883 3258 χρόνον,
910 3190 1006 3242 καὶ
1025 3189 1242 3255 αίῶνος,
1274 3190 1370 3244 καὶ
1397 3191 1505 3245 τῶν
1534 3192 1592 3245 ὲν
1626 3189 1803 3255 αἰῶνι,

212 3276 318 3329 καὶ
335 3274 439 3329 τῶν
454 3278 513 3330 ὲν
528 3277 703 3350 χρόνῳ
719 3279 1234 3352 πάντωνὲξῄρηταιο
1253 3282 1388 3336 διότι
1406 3283 1500 3337 καὶ
1514 3282 1801 3348 αὐτοαιὼν,

211 3367 318 3422 καὶ
342 3369 413 3422 τὰ
440 3368 601 3434 ὅντα,
646 3371 745 3424 καὶ⁵
766 3372 837 3426 τά
882 3372 1056 3446 μέτρα
1093 3373 1205 3428 τῶν
1241 3375 1411 3430 ὄντων
1432 3415 1447 3441 ,
1489 3376 1582 3429 καὶ
1607 3374 1677 3428 τά
1707 3392 1803 3446 με-

1920 2173 2021 2227 bus
2050 2172 2370 2243 pmexistit.
2405 2172 2738 2241 Principium
2773 2171 2989 2241 quidem
3030 2180 3087 2225 ut
3124 2185 3322 2237 causa;
3372 2169 3496 2225 [luis

1919 2278 2070 2329 vero,
2104 2274 2163 2318 ut
2185 2263 2341 2335 cujus
2371 2281 2557 2330 causa,
2590 2275 2645 2320 et
2676 2264 2801 2319 linis
2826 2263 3094 2327 omnium,
3125 2273 3286 2332 atque
3316 2262 3494 2317 inlini-

1922 2370 2003 2418 tas
2035 2363 2214 2418 omnis
2257 2361 2546 2417 inﬁnitatis
2584 2370 2638 2416 et
2681 2360 3086 2416 terminationis
3134 2358 3492 2424 excellenter,

1916 2455 2063 2509 sicut
2117 2454 2514 2525 oppositorum.
2557 2453 2611 2507 in
2649 2468 2756 2507 uno
2796 2453 2978 2516 enim,
3026 2460 3085 2504 ut
3122 2466 3493 2520 smpcnumero

1918 2546 2124 2601 dictum
2158 2555 2262 2611 est,
2300 2546 2484 2600 omnia
2521 2560 2642 2615 qua:
2673 2554 2801 2600 sunt
2828 2545 3126 2613 prahabet,
3162 2552 3218 2597 et
3255 2544 3493 2598 existere

1913 2636 2068 2705 fecit,
2090 2652 2330 2709 praesens
2356 2637 2612 2692 omnibus
2661 2637 2864 2706 ubique
2906 2637 3205 2691 secundum
3237 2651 3402 2689 unum
3433 2645 3489 2690 et

1913 2728 2077 2797 idem,
2109 2738 2163 2785 et
2185 2730 2484 2784 secundum
2515 2730 2654 2785 idem
2687 2743 2877 2796 omne;
2914 2730 2967 2783 in
3000 2728 3185 2783 omnia
3221 2742 3407 2782 means
3436 2738 3492 2783 et

1911 2823 1966 2878 in
1989 2838 2048 2878 se
2069 2838 2319 2887 manens,
2342 2833 2397 2877 et
2421 2832 2576 2877 stans
2600 2833 2655 2877 et
2683 2837 2741 2877 se
2768 2835 3018 2888 movens,
3050 2829 3103 2876 et
3132 2837 3306 2891 neque
3335 2830 3491 2877 stans

1909 2928 2084 2983 neque
2111 2930 2372 2980 movens;
2414 2929 2589 2984 neque
2611 2914 2938 2984 principium
2967 2914 3049 2968 vel
3082 2915 3239 2967 tinem
3271 2913 3354 2968 vel
3377 2929 3490 2970 me-

1909 3004 2057 3058 dium
2092 3005 2328 3070 habens;
2358 3018 2458 3059 nec
2484 3013 2573 3060 est
2603 3005 2656 3058 in
2694 3006 2948 3074 quoipiam
2976 3020 3163 3059 eorum
3197 3020 3317 3074 qua:
3336 3014 3485 3067 sunt,

1909 3112 2087 3167 neque
2122 3099 2419 3169 quidquam
2452 3112 2642 3153 eorum
2674 3107 2781 3152 est.
2808 3098 2876 3151 Et
2908 3113 3082 3168 neque
3113 3100 3352 3153 letaliter
3383 3099 3485 3167 ipsi

1907 3189 2160 3242 convenit
2195 3188 2401 3259 aliquid
2428 3188 2764 3245 azternaliler
2793 3190 3166 3257 existentium,
3198 3199 3293 3245 aut
3336 3202 3479 3245 tem-

1905 3280 2169 3350 poraliter
2205 3281 2657 3348 subsistentium,
2693 3284 2787 3339 sed
2827 3293 2879 3337 et
2919 3299 2949 3337 a
2996 3292 3272 3353 tempore,
3317 3291 3372 3338 et
3415 3282 3483 3339 ab

1905 3388 2043 3441 aevo,
2087 3383 2142 3427 et
2180 3373 2249 3427 ab
2291 3374 2357 3429 iis
2392 3390 2513 3444 quae
2552 3384 2679 3430 sunt
2704 3375 2755 3429 in
2785 3391 2922 3439 aevo,
2949 3385 3003 3430 et
3032 3374 3103 3429 ab
3131 3375 3196 3429 iis
3225 3374 3479 3429 omnibus

208 3460 492 3533 τρούμενα
517 3463 583 3517 δι’
613 3462 800 3530 αὐτοῦ,
826 3467 921 3520 καὶ
944 3467 1039 3521 ἀπ’
1067 3452 1236 3522 αὐτοῦ
1257 3465 1323 3519 ⁸³.
1363 3468 1521 3523 Ἀλλά
1545 3471 1673 3539 περὶ
1701 3470 1800 3540 μὲν

1924 3480 2022 3534 |uae
2047 3476 2177 3521 sunt
2203 3466 2258 3519 in
2288 3475 2530 3536 tempore
2567 3475 2924 3536 scgregatur;
2949 3468 3074 3536 quia
3103 3468 3274 3536 ipsum
3303 3481 3398 3535 per
3419 3478 3481 3519 se

208 3552 426 3609 τούτων
454 3558 513 3609 ὲν
532 3556 713 3624 ἄλλοις
739 3559 1125 3633 εὐκαιρότερον
1151 3559 1409 3634 εἰρήσθω.

1822 3586 1826 3589 -
1903 3570 2111 3623 aevum,
2142 3566 2199 3612 et
2239 3574 2359 3628 qua!
2394 3567 2553 3624 sunt,
2604 3569 2659 3614 et
2712 3574 2980 3614 mensurae
3029 3575 3239 3619 rerum,
3272 3568 3328 3612 et.
3357 3571 3479 3624 quae

1902 3654 2295 3699 mensurantur
2321 3661 2417 3715 per
2458 3647 2632 3715 ipsum
2662 3657 2717 3702 et
2741 3648 2809 3702 ab
2828 3648 2972 3720 ipso.
3017 3648 3123 3703 Sed
3150 3651 3215 3703 de
3240 3648 3325 3703 his
3354 3649 3479 3716 qui-

1898 3735 2022 3791 dem
2057 3736 2186 3793 alibi
2219 3740 2556 3794 commodius
2585 3740 2820 3796 dicetur.

1840 3901 1913 3918 ξ

1373 3999 1907 4061 ADNOTATIONES
1961 4006 2310 4065 CORDERII.

206 4183 222 4196 .
281 4109 323 4198 A5
362 4111 407 4167 1.
447 4110 610 4198 Nota,
631 4127 764 4198 cum
796 4113 881 4198 ait.
897 4113 963 4198 de
990 4114 1130 4198 Pco,
1158 4117 1303 4198 quod
1335 4120 1503 4190 ipsam
1535 4121 1922 4198 copulationem
1953 4124 2142 4198 mentis
2168 4130 2405 4198 superat,
2443 4124 2494 4179 id
2526 4133 2631 4198 est,
2664 4125 2842 4198 inquit
2872 4126 2929 4182 S.
2957 4127 3217 4192 Thomas,
3247 4133 3469 4189 excedit

204 4182 411 4270 ipsa“;
424 4182 831 4270 copulationem
866 4182 1192 4270 intellectus
1209 4182 1520 4270 beatorum,
1550 4182 1643 4261 qui
1673 4193 1967 4270 essentiam
2005 4194 2098 4250 Dei
2130 4182 2315 4249 vident
2344 4182 2444 4263 per
2466 4182 2864 4270 c0pulationem
2893 4199 2976 4270 sui
3015 4182 3466 4270 intellectusvc'unt

205 4253 468 4339 ipsaiDei
491 4256 763 4335 essentia;
794 4259 1047 4339 quamvis
1079 4262 1225 4339 enim
1249 4261 1466 4318 videant
1499 4253 1674 4339 ipsum
1705 4263 1906 4339 Deum,
1927 4278 2035 4339 non
2063 4275 2245 4339 tame_n
2276 4253 2361 4319 est
2390 4253 2551 4339 lauta-
2577 4266 2843 4339 perfectio
2873 4268 3118 4334 visionis,
3146 4253 3465 4339 qualitatis?

202 4322 485 4405 perfectio
510 4322 681 4392 ipsius
713 4322 835 4382 esse
871 4326 1063 4393 divini,
1096 4338 1151 4385 et
1173 4340 1377 4401 quanta
1406 4343 1490 4388 est
1519 4322 1780 4389 'erfectio
1807 4322 2037 4389 visionis
2060 4351 2165 4405 qua
2198 4335 2342 4391 Deus
2368 4322 2603 4405 seipsum
2645 4337 2809 4391 videt.

284 4391 491 4448 Ibidem
517 4406 529 4440 :
565 4392 871 4457 Porrigitur
889 4395 1002 4452 haec
1025 4402 1315 4455 nominatio
1340 4401 1440 4457 Dei
1464 4420 1496 4457 a
1517 4349 1655 4457 l(iano
1680 4412 1789 4456 tum
1812 4403 1881 4456 ad
1906 4420 1967 4457 ea
1994 4421 2113 4457 quae
2134 4414 2255 4457 sunt
2280 4417 2387 4457 tum
2411 4408 2479 4457 ad
2504 4424 2565 4457 ea
2587 4424 2704 4457 num
2726 4423 2809 4457 no:

284 4391 491 4448 Ibidem
514 4391 539 4465 ξ
565 4392 871 4465 Porrigitur
889 4395 1002 4452 haec
1025 4391 1315 4455 nominatio
1340 4401 1440 4457 Dei
1464 4420 1496 4457 a

1554 4419 1655 4478 orto
1680 4412 1789 4456 tum
1812 4403 1881 4456 ad
1906 4420 1967 4457 ea
1994 4403 2113 4474 quia
2134 4414 2256 4478 sunt
2280 4417 2387 4458 tum
2411 4403 2479 4458 ad
2504 4424 2565 4460 ea
2587 4424 2704 4478 quw
2726 4423 2830 4460 non
2854 4418 2996 4471 sunt,
3022 4419 3070 4462 et
3092 4420 3166 4463 est
3196 4427 3354 4477 supra
3378 4430 3462 4469 ea.

208 4463 591 4552 Yocuareksolet
610 4463 929 4552 Dionysius,
948 4478 1008 4523 ut
1024 4471 1376 4552 S._Ma_ximu_s
1398 4474 1625 4552 notavit.
1647 4488 1709 4552 ea
1729 4487 1853 4552 quae
1875 4463 2022 4552 sunt,
2048 4476 2561 4552 expertiamateria:
2579 4463 2742 4547 {quae
2767 4492 2896 4532 vero
2923 4463 3203 4534 materiam
3233 4463 3461 4552 habent;

203 4544 372 4589 vocat
411 4549 533 4604 qua:
560 4550 669 4591 non
703 4546 832 4593 sunt
854 4572 873 4601 .
941 4550 1165 4609 propter
1194 4543 1494 4599 interitum.
1533 4542 1839 4613 Porrigitur
1873 4548 2035 4599 etiam
2069 4542 2265 4600 nomen
2300 4547 2425 4601 boni
2457 4548 2522 4601 ad
2561 4562 2626 4602 ea

2659 4563 2779 4618 qua:
2818 4564 2924 4603 non
2961 4558 3119 4613 sunt;
3157 4551 3284 4619 quia
3318 4552 3464 4611 Deus

205 4612 364 4686 vocat
388 4620 451 4686 ea
474 4623 600 4686 quq
615 4622 721 4662 non
746 4618 891 4673 sunt,
925 4618 1182 4680 tanquam
1212 4628 1422 4686 ecqua:
1456 4612 1986 4686 suntﬁpa’rticipatio
2012 4615 2159 4669 enim
2182 4616 2307 4670 boni
2328 4626 2412 4671 est
2434 4632 2592 4685 posse
2616 4612 2757 4683 esse,
2789 4628 2845 4671 ut
2871 4622 2945 4673 ait
2972 4620 3029 4675 S.
3055 4612 3320 4676 Thomas.
3352 4624 3464 4683 Aut

203 4677 512 4763 porrigitur
534 4677 693 4763 adea
722 4692 851 4763 quae
871 4693 977 4733 non
1003 4677 1162 4763 sunt;
1201 4677 1326 4752 quia
1362 4699 1471 4738 non
1500 4677 1875 4763 esse,'bonum
1899 4694 2005 4749 est,
2032 4700 2153 4739 cum
2188 4677 2620 4763 contemplemur
2644 4677 2773 4763 illud
2806 4689 3029 4763 iu__l)eo,
3062 4692 3153 4759 qui
3183 4700 3268 4746 est
3294 4677 3458 4763 supra

202 4747 557 4829 omnequod
593 4759 696 4810 est.
726 4759 808 4829 ut,
838 4749 1037 4804 bonum
1072 4762 1155 4829 est
1194 4747 1300 4809 non
1342 4766 1464 4829 esse
1494 4747 1816 4824 sapientem,
1849 4747 2345 4829 sanctum,_etAalia
2383 4747 2721 4827 lfujusmodi,
2757 4760 2942 4829 qualia
2975 4747 3028 4815 in
3062 4747 3334 4819 creaturis
3361 4747 3459 4818 co:

203 4818 562 4901 gnoscimus,
594 4820 739 4885 quod
768 4818 1207 4901 Deo_convenit,
1240 4841 1269 4877 a
1301 4838 1408 4893 quo
1442 4818 1958 4888 haac'removentur,
1993 4835 2050 4877 ut
2095 4818 2171 4879 ait
2209 4818 2573 4901 S._Tho‘n'tas,,
2622 4818 2985 4901 noupropter
3034 4818 3331 4901 defectum,
3362 4838 3461 4894 sed

202 4896 777 5009 ρᾶἶὲἱεὲεξέοεὲῗὲεὲ.
808 4890 915 4945 Aut
943 4906 1067 4949 esse
1093 4890 1257 4966 supra
1289 4890 1356 4950 ea
1384 4911 1505 4966 qua:
1527 4905 1677 4963 sunt,
1712 4903 1769 4950 et
1796 4910 1917 4967 qua:
1947 4911 2054 4951 non
2078 4905 2226 4961 sunt,
2256 4890 2699 4968 significatesse
2736 4890 3459 4975 loco'incircumscriptuut;

227 4954 259 5008 (Ι
281 4965 527 5028 estesse
561 4958 786 5028 ubique.

278 5023 483 5112 Ibidem
517 5045 532 5081 :
569 5023 893 5112 Νοὴιξηαιζο
912 5029 1007 5086 Dei
1038 5049 1081 5112 a_
1109 5036 1370 5112 sapientia
1397 5036 1686 5112 porrigitur
1717 5037 1785 5092 ad
1816 5039 1996 5112 omnia
2032 5053 2147 5112 qua:
2190 5038 2517 5112 intelligunt.
2541 5037 2730 5095 Griece
2760 5042 2938 5112 νοερά.
2973 5039 3208 5100 Nomine
3245 5044 3452 5100 intelli-

202 5096 455 5183 gentium
486 5101 902 5183 comprehendit
928 5104 1150 5183 angelos
1171 5096 1238 5159 ὀι
1267 5096 1506 5183 animas;
1541 5096 1596 5161 Et
1626 5109 1751 5163 licet
1776 5110 2008 5183 animas
2031 5096 2205 5183 soleat
2246 5096 2530 5183 Dion'ysius
2554 5096 2982 5183 vocarevoépd;

2988 5152 3002 5177 ,
3033 5113 3084 5167 id
3132 5124 3219 5169 est
3254 5115 3456 5172 intem-

195 5174 573 5254 θέρμη-(εσυ)
602 5184 696 5254 eas
719 5171 1098 5254 distinguit'ab
1130 5177 1365 5245 angelis,
1409 5171 1546 5254 quos
1571 5182 1935 5254 vocaresolet
1955 5179 2025 5234 τὰ
2050 5180 2237 5250 νοητά,
2262 5171 2449 5254 idest
2482 5177 2833 5246 intellectilia,
2878 5171 3005 5254 quia
3039 5186 3243 5254 habent
3271 5171 3450 5252 angeli

198 5255 254 5289 ιιι
273 5237 354 5289 fra
392 5252 453 5293 se
484 5253 514 5292 a
544 5240 746 5309 quibus
785 5237 1673 5319 intelligantur,nempe-animas,
1703 5252 1900 5306 anima:
1942 5264 2071 5307 vero
2113 5237 2235 5304 non,
2262 5250 2497 5321 habent;
2526 5268 2671 5308 nunc
2698 5237 2911 5320 tamen:
2925 5237 3449 5323 “ntidixi,icomm'u—ui

371 5391 549 5451 Exod.
578 5411 706 5452 xxv.
781 5406 804 5431 ⁸
824 5396 981 5454 Rom.
1007 5414 1082 5469 tv,
1108 5401 1195 5457 i7.

1474 5559 1706 5617 VARIAE
1740 5560 2140 5620 LECTIONES.

288 5690 332 5725 ⁸¹
358 5689 577 5761 γνῶσιν.
629 5691 675 5723 ⁸²
701 5692 1092 5765 παντελῶςηᾶ
1157 5694 1203 5727 ⁸³
1234 5694 1328 5752 τοῦ
1361 5695 1544 5765 ἕνεκα,
1569 5697 1625 5758 S.
1657 5697 1716 5753 Ρ.
1748 5698 1808 5754 D.

205 5762 489 5841 inchoaut;
511 5772 587 5828 ita
607 5769 677 5827 Μ.
704 5770 764 5826 S.
791 5767 849 5824 P.
883 5768 970 5829 Sc.
1000 5763 1124 5821 δέη.

1889 5700 1933 5733 ⁸⁵
1966 5699 2157 5775 παρών
2182 5697 2579 5774 Ιοερηᾶυωῄιει
2596 5701 2747 5762 Vien.
2826 5703 2871 5737 ⁸⁸
2888 5701 3017 5761 hinc
3042 5712 3202 5775 caput
3227 5714 3441 5762 sextum
