3866 6234
466 278 569 335 827
1654 278 1712 333 S.
1749 274 2046 335 DIONYSII
2080 273 2542 333 AREOPAGITIE
3564 279 3647 337 828

467 393 687 450 nomine
711 394 1078 462 intelligenles
1108 403 1268 449 vocat
1300 402 1411 448 tum
1448 392 1669 457 angelos
1705 407 1817 448 tum
1848 395 2078 459 animas,
2105 395 2232 463 quia
2261 402 2371 449 tum
2415 392 2588 463 angeli
2619 401 2731 448 tum
2752 391 3278 463 animaalntelligunt
3300 392 3483 461 Deum,
3511 408 3556 451 et
3585 399 3645 461 in-

470 466 758 534 telligendo
789 468 949 519 Deum
979 466 1043 518 ad
1076 481 1199 518 eum
1230 481 1287 518 se
1316 474 1663 518 convertunt.
1693 464 1797 517 Per
1819 480 1880 518 ea
1914 480 2041 518 vero
2074 462 2189 535 qua:
2229 462 2611 535 ratiocinantur
2643 462 2891 517 homines
2922 462 3158 518 viatores
3196 464 3469 531 intelligit;
3498 468 3648 523 anima

465 537 611 591 enim
640 536 763 588 dum
790 538 842 590 iu
880 550 1109 605 corpore
1135 545 1239 599 est,
1276 536 1589 589 ratiocinari
1624 544 1801 603 potest
1832 550 1927 601 per
1956 534 2367 589 conversionem
2397 534 2463 586 ad
2490 535 2865 605 phantasmata
2885 572 2901 597 ,
2942 548 3046 605 non
3080 543 3258 605 autem
3289 546 3542 600 separata.
3568 538 3649 594 Per

467 622 529 657 ea
570 622 686 671 qute
724 607 951 659 sentiunt
982 603 1247 673 Signiﬁcat
1285 606 1566 667 animalia,
1607 622 1725 672 qua:
1760 621 1864 657 non
1903 606 2231 671 participant
2271 606 2532 658 rationem
2554 643 2569 669 ,
2598 618 2721 673 quae
2748 603 3069 672 sapientiam
3098 603 3191 658 Dei
3220 605 3271 657 in
3296 605 3406 658 suis
3432 620 3460 658 a
3488 616 3647 662 natura

471 677 648 745 insitis
671 678 955 729 conatibus
981 675 1323 745 participant,
1360 686 1414 727 ιιι
1443 675 1501 728 Β.
1530 675 1759 728 Basilius
1786 676 1835 727 in
1875 677 2199 745 llexuetnero
2228 674 2405 745 docet.

542 744 569 814 ᾗ
614 746 675 801 ll.
717 747 795 800 Ad
828 747 915 799 illa
946 742 1106 799 verba
1136 764 1148 799 :
1176 742 1310 797 ’Νοιι
1343 748 1467 797 dicit
1508 746 1656 797 aliud
1696 762 1806 797 esse
1834 746 2043 802 bonum.
2069 755 2115 797 et
2148 744 2297 797 aliud
2333 758 2469 805 ens;
2505 758 2607 797 non
2649 744 2842 810 otiose,
2874 743 3052 812 inquit
3092 742 3374 807 Maximus,
3405 745 3503 801 huc
3524 750 3647 812 dicit,

469 823 562 868 sed
598 828 652 868 ut
692 818 1049 883 reprehendat
1079 832 1172 869 eos
1210 816 1561 883 philosophos
1589 826 1641 869 et
1672 816 1949 868 Simonem
1994 814 2228 882 Magum,
2260 814 2349 881 qui
2388 815 2660 881 ponebant
2691 814 2822 867 deos
2852 814 3247 882 κοσμοποιούξ,
3283 816 3331 867 id
3366 827 3447 869 est
3471 820 3648 884 apiﬁm

467 888 697 952 partium
723 889 923 949 "tuadi,
952 887 1186 954 majores
1207 898 1262 938 et
1284 888 1612 939 valentiores
1638 886 1899 952 majorum
1924 894 2322 956 creaturarum.
2344 896 2397 937 et
2424 886 2751 939 inﬁrmiores
2777 885 3153 956 inlirniiorum,
3174 887 3467 956 secundum
3484 890 3651 956 gradus

469 952 1110 1028 sutisdescendentes—in
1139 956 1353 1023 Opilicio
1387 972 1485 1028 suo
1532 972 1702 1023 usque
1752 956 1817 1007 ad
1868 955 2173 1028 materiam.
2217 952 2426 1028 Nomen
2460 970 2590 1025 ergo
2626 956 2772 1028 boni,
2803 955 2910 1028 ait,
2942 956 3231 1028 complecti
3267 955 3428 1028 434
3464 952 3648 1012 onmem

469 1026 891 1094 providentiam.
926 1027 1128 1093 reliqua
1164 1043 1291 1079 vero
1322 1026 1560 1083 nomina,
1596 1037 1775 1093 partes
1821 1025 2194 1093 providentire,
2239 1034 2297 1075 ut
2339 1024 2543 1088 vitam.
2586 1024 2942 1092 sapientiam,
2987 1024 3495 1079 rationemem'nta
3532 1029 3645 1081 enim

470 1113 587 1163 qua:
618 1106 762 1156 sunt,
789 1107 1011 1163 propter
1040 1096 1333 1151 bonitatem
1370 1097 1460 1149 Dei
1494 1097 1753 1166 producta
1785 1104 1935 1158 sunt,
1966 1105 2025 1147 ut
2066 1095 2339 1166 existant;
2372 1104 2429 1166 et
2452 1104 2574 1148 sunt
2605 1095 2767 1155 bona,
2803 1110 2907 1147 non
2940 1104 3122 1166 tamen
3146 1096 3325 1149 omnia
3357 1100 3650 1166 participant

470 1167 655 1229 vitam,
685 1167 767 1216 vel
799 1168 1138 1232 sapientiam,
1172 1168 1251 1221 vel
1291 1168 1576 1219 rationem.
1601 1165 1983 1219 Generaliores
2015 1164 2224 1218 scilicet
2248 1165 2614 1233 providentias
2637 1176 2796 1218 vocat
2833 1179 2967 1233 quas
2992 1165 3043 1217 in
3075 1165 3318 1232 pluribus
3345 1164 3648 1235 contempla-

472 1252 616 1293 ntur.
660 1247 715 1286 ut
741 1238 847 1289 vita
884 1236 1127 1303 pervadit
1160 1239 1209 1290 in
1241 1238 1439 1304 stirpes
1469 1246 1521 1289 et
1561 1240 1865 1306 animantes
1898 1245 2009 1306 ttim
2043 1236 2282 1306 rationis
2297 1235 2592 1306 participes
2629 1243 2740 1287 tum
2766 1250 2872 1289 non
2902 1236 3231 1305 participes;
3268 1238 3526 1306 sapientia
3549 1252 3651 1294 vero

471 1314 524 1359 et
553 1306 689 1358 ratio
721 1308 1030 1374 pauciorum
1064 1318 1190 1359 sunt
1226 1326 1238 1361 :
1274 1308 1387 1361 hinc
1419 1306 1561 1359 enim
1590 1306 1758 1358 solum
1796 1305 1846 1357 in
1886 1305 2091 1357 ratione
2120 1304 2394 1374 utentibus
2422 1313 2738 1358 cernuntur.

545 1374 571 1445 §
613 1375 695 1429 Ill.
722 1372 956 1437 ‘Verum,
992 1377 1123 1429 dicet
1164 1378 1379 1446 aliquis,
1429 1392 1545 1428 cum
1590 1392 1678 1428 ens
1720 1392 1876 1441 quant
1905 1376 2037 1439 vita,
2068 1384 2174 1446 etc.
2206 1372 2343 1446 Nota
2373 1374 2459 1428 hic
2487 1390 2610 1428 cum
2640 1374 2702 1430 Ι).
2736 1373 2962 1438 Thoma,
2998 1382 3128 1437 1—2,
3161 1386 3351 1445 quiest.
3390 1377 3447 1442 2,
3492 1390 3583 1433 art.
3608 1380 3650 1443 5,

470 1444 609 1511 quod
645 1462 764 1498 esse
792 1446 1115 1517 simpliciter
1142 1444 1445 1515 acceptum,
1485 1448 1777 1498 secundum
1808 1446 1948 1512 quod
1978 1444 2199 1517 includit
2248 1445 2306 1517 in_
2347 1461 2405 1497 se
2443 1460 2661 1497 omnem
2693 1446 3079 1517 perfectionem
3109 1444 3349 1517 eSSendi,
3376 1452 3653 1517 pneeminet

471 1518 617 1578 vitaz,
648 1526 702 1568 et
727 1516 977 1569 omnibus
1013 1514 1437 1584 perfectionibus
1467 1518 1927 1583 subsequentilms
1968 1516 2073 1581 (sic
2112 1516 2255 1568 enim
2296 1514 2470 1581 ipsum
2497 1529 2615 1569 esse
2648 1518 2921 1579 prtebabet
2947 1516 2999 1569 in
3026 1532 3083 1571 se
3104 1520 3285 1570 omnia
3319 1514 3456 1572 bona
3493 1523 3651 1575 subse-

470 1586 731 1656 quentia;
766 1596 817 1639 et
845 1587 946 1640 hoc
987 1588 1145 1639 modo
1177 1588 1463 1656 Dionysius
1495 1586 1775 1654 loquitur),
1806 1587 1899 1639 sed
1944 1586 1986 1637 si
2014 1584 2405 1656 consideretur
2447 1587 2619 1656 ipsum
2648 1598 2767 1639 esse
2800 1596 2952 1655 prout
2988 1587 3341 1655 participatur
3375 1589 3426 1641 in
3470 1592 3559 1643 hac
3587 1591 3652 1644 vel

471 1655 559 1709 illa
598 1671 653 1708 re
676 1671 794 1709 οιιιυ
828 1673 933 1708 non
966 1660 1186 1727 capiunt
1217 1654 1382 1711 totam
1412 1658 1799 1727 perlectionem
1829 1654 2178 1727 essendi,sed
2204 1654 2406 1727 habent
2430 1670 2550 1708 esse
2576 1655 2966 1727 imperlet-tum,
2990 1654 3233 1710 Sicutest
3258 1672 3378 1712 esse
3402 1659 3653 1727 cujuslibet

470 1734 765 1800 creatum;
797 1728 877 1800 sic
905 1722 1250 1800 manifestum
1275 1722 1540 1800 est,_quod
1566 1726 1738 1800 ipsum
1764 1740 1885 1800 esse
1905 1740 2027 1800 cuin
2051 1722 2743 1800 perfectionesuperaddita
2774 1728 2843 1800 sit
2864 1728 3209 1800 eminentius.
3233 1728 3385 1800 Unde
3406 1722 3651 1800 Dionysius

472 1795 672 1848 ibidem
704 1798 855 1857 dicit.
902 1798 1048 1865 quod
1084 1798 1317 1850 viventia
1353 1792 1460 1850 sitit
1491 1796 1711 1848 meliora
1739 1795 2217 1865 existentibus,et
2248 1792 2600 1865 intelligentia
2629 1797 2950 1848 Viventibus.
2986 1798 3099 1851 Hoc
3131 1801 3271 1850 enim
3302 1792 3651 1854 iuterestinter

472 1866 617 1938 ipsas
645 1865 732 1919 Dei
763 1863 1225 1935 participationes,
1258 1879 1312 1921 et
1345 1867 1759 1936 participantes,
1786 1866 1941 1938 quod
1956 1863 2301 1938 participatio
2318 1872 2520 1931 quanto
2543 1865 2838 1938 simplicior
2864 1875 2968 1931 est,
3000 1876 3147 1920 tanto
3178 1868 3412 1921 nobilior
3433 1871 3526 1935 sit;
3558 1887 3654 1938 par-

472 1936 702 2004 ticipans
736 1934 864 1989 vero
903 1953 1102 2004 quanto
1140 1934 1394 2005 majorem
1452 1938 1614 1989 habet
1662 1936 2105 2005 compositionem
2136 1937 2397 1986 donorum
2427 1934 2875 2002 participatoruni
2897 1976 2911 1998 ,
2948 1945 3097 1989 tanto
3126 1937 3361 1991 nobilius
3388 1940 3458 1993 sit
3487 1934 3647 1995 {sicut

471 2022 595 2059 esse
624 2017 709 2057 est
741 2007 970 2059 nobilius
999 2022 1160 2074 quam
1193 2004 1395 2070 vivere,
1426 2016 1478 2077 et
1510 2008 1692 2059 vivere
1723 2022 1883 2077 quam
1904 2004 2237 2077 intelligere,
2268 2005 2310 2056 si
2345 2020 2507 2056 unuut
2538 2005 2655 2059 sine
2685 2006 2856 2059 altero
2892 2007 3228 2077 intelligatur
3251 2009 3518 2077 (omnibus
3538 2011 3652 2064 enim

470 2091 590 2129 esse
623 2073 1049 2146 prmeligereturl
1081 2079 1174 2131 sed
1206 2082 1344 2146 quod
1380 2076 1541 2130 habet
1576 2076 1727 2145 plura
1761 2092 1827 2128 ex
1860 2076 1965 2137 bis,
1993 2073 2181 2128 melius
2208 2076 2415 2128 existit.

545 2146 571 2215 ς
610 2145 696 2198 IV.
735 2144 829 2199 Adi
855 2150 955 2201 ista
990 2148 1151 2200 verba
1189 2144 1327 2200 τήκει
1360 2163 1471 2199 vere
1493 2144 1703 2214 e/fector
1729 2148 2039 2208 existentiw,
2074 2160 2330 2215 personat,
2370 2144 2701 2208 substantia’,
2742 2157 2963 2205 natura.
3002 2160 3127 2203 nota
3156 2168 3223 2204 ex
3262 2152 3323 2204 Ι).
3361 2152 3577 2212 Thema,
3604 2164 3651 2203 ea

471 2214 591 2283 quie
613 2218 855 2269 existunt
874 2218 1209 2269 considerari
1240 2232 1400 2285 posse
1419 2224 1558 2289 etut
1579 2216 1895 2285 singularia,
1922 2224 1976 2267 et
2000 2224 2058 2267 ut
2085 2214 2292 2282 species
2315 2215 2397 2268 vel
2423 2230 2614 2281 genus,
2639 2225 2691 2289 et
2713 2226 2771 2269 ut
2795 2229 3003 2289 natura.
3029 2220 3185 2273 Verbi
3213 2224 3413 2289 gratia,
3438 2224 3655 2275 Socrates

471 2297 556 2340 est
590 2302 843 2359 persona,
875 2289 1058 2359 homo,
1094 2288 1316 2359 animal,
1344 2287 1552 2353 species
1583 2296 1637 2338 et
1668 2301 1857 2355 genus,
1892 2300 2010 2354 qua:
2039 2292 2302 2353 potestate
2324 2288 2604 2359 continent
2637 2287 2953 2355 singularia,
2981 2292 3103 2357 quia
3133 2287 3354 2357 pos—sunt
3378 2290 3587 2359 cogitari
3612 2292 3653 2343 in

471 2357 867 2429 singularibus;
904 2356 1210 2411 humanitas
1228 2368 1311 2411 est
1331 2367 1540 2419 natura,
1562 2371 1679 2429 qua:
1704 2372 1804 2409 nec
1826 2369 1950 2410 actu
1976 2362 2435 2429 nequepotestate
2464 2357 2706 2429 continet
2732 2356 3022 2425 singularia
3049 2376 3063 2410 :
3099 2356 3278 2429 itaque
3306 2356 3469 2416 homo
3496 2376 3655 2413 secun-

475 2428 601 2498 dum
642 2428 1005 2498 substantiam
1035 2437 1259 2498 constat
1297 2443 1359 2481 ex
1396 2428 1730 2479 humanitate
1763 2440 1881 2494 quae
1910 2434 1992 2498 est
2024 2425 2263 2477 hominis
2300 2436 2515 2498 natura,
2552 2426 2703 2494 cujus
2733 2438 2912 2498 partes
2938 2440 3062 2482 sunt
3093 2425 3289 2498 corpus
3321 2445 3377 2486 et
3419 2432 3583 2484 anima
3611 2432 3653 2482 iu

473 2496 764 2569 universali
792 2513 805 2559 ;
844 2496 1139 2569 secundum
1170 2498 1514 2551 existentiam
1552 2506 1764 2569 constat
1807 2512 1872 2550 ex
1922 2496 2027 2569 hoc
2057 2509 2286 2569 corpore
2315 2504 2372 2547 et
2399 2511 2463 2547 ex
2495 2496 2594 2569 hac
2622 2498 2820 2549 anima.
2849 2496 3050 2550 Natura
3083 2496 3298 2569 generis
3336 2503 3421 2557 vel
3454 2501 3655 2569 speciei,

472 2565 525 2618 id
559 2576 641 2618 est
670 2567 1013 2631 universalis,
1048 2581 1108 2619 ea
1140 2577 1346 2619 tantum
1388 2578 1508 2619 actu
1549 2566 1791 2637 continet
1821 2582 1941 2635 qua:
1970 2567 2021 2617 in
2050 2566 2423 2617 delinitionetn
2453 2566 2676 2627 cadunt,
2706 2576 2762 2619 ut
2804 2565 3107 2623 humanitas
3134 2586 3251 2637 qua:
3291 2590 3397 2626 non
3446 2565 3658 2624 continet

474 2644 596 2706 actu
627 2652 818 2689 carnes
852 2646 909 2689 et
940 2653 1085 2695 ossa.
1121 2654 1240 2706 qua:
1278 2654 1383 2690 non
1418 2638 1615 2689 cadunt
1647 2636 1698 2688 iii
1724 2638 2122 2697 delinitionetn,
2154 2638 2294 2687 sicut
2316 2637 2565 2689 continet
2600 2638 2790 2701 homo;
2819 2639 2945 2705 quia
2979 2642 3126 2694 notio
3154 2636 3397 2696 hominis
3426 2640 3659 2694 abstrahit

472 2703 542 2780 ab
577 2704 718 2780 istis,
750 2703 1178 2780 sicutabstrabit
1214 2708 1360 2780 notio
1394 2707 1776 2780 humanitatis;
1813 2707 2276 2780 continetttamen
2315 2707 2553 2780 potentia
2576 2719 2783 2780 carnes
2815 2703 2863 2761 et
2903 2724 3047 2773 ossa,
3090 2712 3215 2777 quia
3253 2723 3434 2780 potest
3459 2710 3657 2778 cogitari

473 2774 785 2851 humanitas
816 2777 1115 2851 intnotnine
1144 2777 1438 2851 universali
1468 2778 1560 2846 qui
1587 2777 1877 2851 delinitur;
1911 2774 2174 2845 principia
2202 2790 2380 2851 autem
2422 2775 2682 2829 individui
2713 2792 2886 2851 neque
2912 2790 3060 2845 actu,
3097 2774 3271 2851 neque
3297 2774 3660 2850 potentia'cou-

475 2843 641 2908 tinet;
675 2847 1009 2899 humanitate
1034 2848 1175 2901 enim
1205 2860 1286 2900 cst
1320 2843 1512 2909 homo;
1548 2846 1639 2899 seti
1672 2860 1774 2899 non
1806 2843 2113 2914 esu—neque
2137 2844 2362 2915 cogitari
2397 2854 2572 2913 potest
2599 2860 2716 2901 esse
2746 2843 3079 2902 humanitate
3103 2843 3198 2905 hic.
3222 2843 3404 2906 hoino.
3437 2854 3512 2905 Ad
3546 2854 3661 2901 hunc

472 2922 691 2988 modum
725 2932 781 2969 se
814 2918 1012 2969 habent
1045 2934 1135 2985 per
1172 2936 1229 2972 se
1264 2918 1627 2984 participatio,
1663 2918 2003 2983 participatio
2026 2957 2041 2980 ,
2072 2924 2125 2967 et
2167 2916 2279 2969 luec
2310 2916 2675 2988 participatio,
2710 2928 2767 2969 ut
2799 2934 2847 2970 v.
2886 2932 2938 2985 ε.
2969 2936 3063 2988 per
3086 2938 3144 2974 se
3177 2922 3308 2986 vita,
3336 2926 3466 2983 vita.
3494 2932 3544 2974 et
3566 2920 3659 2972 haec

472 2982 736 3055 vita.l’er
767 3002 823 3039 se
872 2989 978 3038 vita
1022 2982 1275 3041 naturain
1304 2991 1426 3041 vita:
1458 2982 1747 3055 Signiﬁcat,
1789 2989 1839 3039 id
1862 2982 1953 3039 est
1986 3002 2046 3039 ea
2075 3000 2192 3053 qua:
2231 2982 2429 3038 cadunt
2459 2982 2914 3041 ili—deﬁnitionem
2947 2982 3088 3045 vitat.
3125 2992 3242 3045 Vita
3277 2982 3363 3047 est
3394 2982 3663 3045 universale

471 3054 697 3119 speciei,
730 3067 786 3109 ut
814 3057 925 3109 vita
960 3057 1257 3122 hotninutn,
1285 3060 1390 3110 vita
1428 3054 1552 3125 eqUi
1586 3074 1599 3109 :
1631 3056 1711 3109 vel
1742 3056 2045 3129 universale
2080 3056 2319 3124 generis,
2349 3066 2406 3108 ut
2436 3058 2542 3107 vita
2579 3058 2778 3125 angeli,
2811 3060 3067 3116 hominis,
3097 3063 3243 3129 equi.
3281 3064 3345 3117 Et
3373 3064 3513 3117 sicut
3542 3062 3660 3114 Deus

470 3132 558 3194 est
580 3136 769 3180 auctor
792 3142 886 3194 per
908 3143 966 3179 se
996 3129 1254 3192 hominis,
1287 3129 1337 3181 id
1363 3139 1445 3180 est
1469 3130 1844 3191 humanitatis,
1872 3137 1979 3188 est,
2005 3128 2246 3193 inquam,
2274 3142 2459 3190 causa,
2492 3135 2549 3178 ut
2574 3142 2767 3180 natura
2802 3130 3036 3182 hominis
3057 3133 3126 3184 sit
3149 3128 3269 3187 esse
3300 3132 3500 3188 animal
3525 3140 3662 3185 ratio-

469 3193 597 3271 nale
630 3196 767 3261 (haec
794 3193 1216 3271 Venitucontinet
1245 3198 1583 3271 humanitas)
1624 3209 1676 3249 ct
1723 3208 1913 3271 auctor
1953 3198 2204 3262 hominis,
2231 3206 2285 3248 et
2314 3197 2471 3271 hujus
2508 3197 2773 3261 hominis;
2811 3202 2889 3252 sic
2929 3216 3090 3271 causa
3123 3214 3205 3256 est
3234 3219 3334 3271 per
3374 3218 3433 3257 se
3465 3205 3592 3263 vitaz,
3620 3210 3663 3253 et

470 3262 615 3343 vine,
645 3280 697 3318 et
725 3267 881 3343 hujus
913 3268 1054 3343 vitae.
1088 3269 1201 3343 _Per
1225 3284 1282 3321 se
1311 3270 1420 3320 vita
1446 3262 1659 3343 nonest
1688 3269 1903 3334 proprie
1933 3277 1987 3321 et
2015 3281 2264 3343 _vere_ens
2292 3267 2611 3343 subsistens,
2646 3278 2702 3320 ut
2734 3271 2914 3335 homo,
2944 3270 3100 3339 lapis,
3127 3262 3269 3327 sicut
3300 3288 3477 3343 neque
3499 3275 3661 3326 huma-

471 3334 652 3405 nitas;
677 3338 771 3390 sed
799 3354 905 3405 quo
935 3338 1135 3405 aliquid
1167 3349 1269 3403 est,
1297 3348 1352 3389 ut
1381 3352 1475 3405 per
1517 3352 1577 3390 se
1610 3338 1715 3389 vita
1748 3354 1953 3400 Vivens,
1984 3338 2124 3390 sicut
2153 3337 2488 3390 humanitate
2520 3338 2704 3393 homo.

544 3404 743 3482 Ibidem
774 3425 788 3482 _:
818 3404 961 3459 Deus
1002 3404 1138 3461 enim
1168 3425 1272 3482 non
1294 3404 1474 3476 quovis
1509 3408 1663 3482 modo
1682 3419 1755 3482 est
1786 3424 1899 3472 ens,
1935 3410 2024 3460 sed
2058 3408 2367 3482 simpliciter
2394 3418 2440 3459 et
2478 3407 2683 3474 inﬁnite
2706 3419 2873 3464 totum
2907 3428 3018 3465 esse
3048 3412 3102 3465 in
3126 3430 3177 3467 se
3203 3416 3527 3482 complexus.
3551 3410 3662 3478 Quia

466 3477 721 3529 omnibus
754 3480 845 3529 dat
875 3493 1017 3542 esse,
1049 3495 1143 3546 per
1173 3481 1253 3532 sui
1284 3493 1403 3532 eSse
1445 3478 1939 3544 participationem,
1970 3488 2025 3530 et
2063 3478 2177 3546 ipse
2203 3487 2287 3529 est
2317 3482 2497 3529 omnia
2539 3482 2836 3534 secundum
2870 3499 3109 3543 cansam,
3144 3495 3197 3537 et
3230 3477 3330 3538 suo
3360 3500 3483 3538 esse
3507 3477 3663 3537 omnia

471 3559 591 3625 quin
622 3558 867 3625 _sunt,het
893 3552 1377 3625 quomodocunque
1407 3550 1887 3625 s_unt,_iacitesse;
1923 3563 2003 3625 sic
2036 3559 2118 3625 est
2143 3547 2554 3625 causaproprie
2604 3550 2871 3625 absoluta,
2917 3564 2971 3607 et
3018 3554 3513 3625 incircumscripta.
3549 3552 3660 3606 Vide

470 3615 575 3667 hac
604 3619 671 3671 tle
702 3634 757 3669 rc
786 3618 899 3671 l'use
930 3636 991 3671 ac
1026 3619 1248 3685 pulchre
1290 3618 1534 3672 LCSsiuin
1569 3618 1663 3669 lib.
1699 3634 1714 3671 ι
1764 3618 1841 3669 De
1864 3617 2267 3685 perfectionibus
2291 3618 2503 3682 divinis,
2525 3633 2645 3687 cap.
2688 3623 2737 3675 1.

546 3688 571 3755 §
622 3688 702 3740 Vl.
749 3688 986 3739 Primum
1012 3689 1176 3756 igitur
1204 3692 1398 3741 donum
1422 3705 1513 3760 per
1539 3704 1592 3742 se
1617 3704 1747 3741 esse.
1785 3688 2072 3758 Dionysius
2100 3689 2187 3740 hic
2214 3702 2498 3756 aggressus
2526 3690 2796 3747 disserere
2827 3696 3125 3760 generatim
3153 3697 3204 3749 in
3235 3698 3535 3750 substantia
3560 3696 3667 3747 sim-

472 3755 708 3835 pliciter,
742 3768 799 3835 et
824 3760 881 3835 in
916 3755 1992 3835 paiticipatione_siuipliciter,_tractavit
2021 3755 2341 3835 etpostendit
2363 3760 2511 3825 prius
2538 3760 2752 3835 quidem
2782 3755 3032 3835 oportere
3056 3782 3173 3821 esse
3203 3764 3665 3835 subjectum,quod

468 3828 688 3895 quidem
722 3830 881 3907 dixit,
903 3830 1179 3907 antiquius
1196 3846 1313 3882 esse
1335 3830 1670 3907 Deitlonum,
1691 3831 1887 3883 deinde
1906 3830 2399 3907 participationem,
2420 3845 2537 3907 qua;
2558 3834 2608 3883 in
2630 3832 2718 3907 ilio
2735 3828 2979 3898 subjecto
3001 3836 3140 3889 lacu.
3158 3848 3264 3891 ρει,
3287 3828 3666 3907 ριυμοδηδηὲί-

472 3905 561 3987 tur
588 3906 671 3950 est
697 3900 764 3987 ad
794 3902 1259 3979 partietpationem
1302 3901 1744 3987 participantium
1793 3916 1888 3978 per
1932 3915 1990 3952 se
2023 3900 2354 3980 substantia;
2391 3902 2531 3967 quod
2574 3902 2795 3981 perinde
2823 3914 2925 3965 est,
2960 3914 3019 3957 ut
3052 3908 3096 3961 si
3136 3908 3349 3961 dicatur
3376 3900 3666 3987 substau'ua

470 3963 613 4037 [acta
644 3973 708 4019 ad
738 3963 1239 4035 participationem;
1288 3963 1387 4023 nisi
1420 3963 1563 4022 enim
1598 3963 1954 4023 substantiam
1984 3963 2453 4037 participareinus,
2503 3963 2714 4037 penitus
2751 3974 2801 4024 in
2842 3963 3025 4027 rerum
3071 3987 3259 4029 natura
3294 3963 3402 4033 noni
3429 3991 3665 4033 essemus-

471 4036 759 4115 Dcinc‘cps,
797 4039 894 4115 ipsi
930 4040 1246 4115 substantia:
1278 4039 1433 4093 facta:
1460 4042 1526 4092 ad
1551 4044 1868 4107 capiendam
1902 4036 2367 4115 participationem
2397 4036 2515 4115 alite
2543 4045 2982 4111 pat'ticipaliones
3012 4049 3301 4115 propositae
3330 4060 3479 4105 sunt.

543 4106 741 4159 Ibidem
779 4125 791 4181 ;
836 4106 1024 4161 Omnia
1061 4125 1379 4179 qtttt'cunque
1407 4122 1548 4174 sunt,
1583 4106 1633 4162 ei
1652 4127 1768 4179 qua:
1796 4106 2263 4180 qttontodocunque
2302 4121 2443 4163 sunt.
2480 4106 2555 4164 Ut‘
2582 4130 2701 4181 qua:
2730 4106 2855 4166 sunt
2887 4116 2937 4167 ili
2976 4106 3081 4171 aiio
3112 4106 3253 4171 sicut
3279 4119 3598 4174 accidentia.
3623 4123 3667 4165 ει

470 4193 592 4253 qua:
620 4189 745 4231 sunt
782 4180 1119 4253 inpotentia,
1153 4190 1207 4231 et
1231 4197 1349 4247 qua:
1381 4191 1507 4233 sunt
1542 4185 1893 4249 privationes,
1924 4192 1979 4235 ct
2001 4198 2120 4249 qua;
2143 4198 2245 4234 nou
2283 4184 2485 4235 habent
2508 4180 2675 4235 totum
2704 4200 2824 4236 esse
2852 4187 3031 4253 simul,
3074 4199 3129 4240 ut
3157 4199 3333 4243 motus
3353 4204 3477 4243 sunt
3503 4192 3549 4243 in
3580 4188 3667 4240 Deo

470 4251 946 4329 inconiprchense,
978 4251 1029 4302 in
1054 4265 1111 4303 se
1144 4263 1322 4329 autem
1354 4252 1503 4303 linite
1535 4253 1633 4329 :_iu
1664 4266 1723 4303 se
1751 4262 1939 4315 mutta,
1970 4254 2021 4305 in
2055 4254 2159 4305 Deo
2186 4268 2385 4315 unum;
2416 4256 2466 4304 in
2499 4269 2557 4329 se
2584 4256 2779 4329 divisa,
2813 4256 2865 4306 in
2901 4251 3308 4329 Deo‘copulata.
3342 4262 3481 4314 Sunt
3514 4264 3665 4329 itaque

469 4322 943 4389 incotnprehense,
971 4333 1023 4397 et
1056 4322 1369 4397 conjuncte,
1398 4332 1451 4397 _et
1482 4322 1642 4397 unico
1679 4338 1762 4397 res
1789 4338 1977 4376 omnes
2001 4338 2336 4391 quaecunque
2367 4335 2493 4377 sunt
2527 4326 2576 4376 iii
2614 4324 2755 4388 Deo;
2787 4330 2907 4391 quia
2948 4338 3073 4380 sunt
3102 4322 3216 4397 ipsa
3249 4332 3429 4384 divina
3458 4322 3664 4386 essentia

475 4392 1080 4461 iticoiiipreliettsibilis,
1109 4390 1294 4458 Pater,
1332 4391 1499 4463 Filius
1533 4403 1586 4445 ct
1612 4391 1846 4461 Spiritus
1876 4390 2099 4446 saucius
2132 4397 2183 4446 in
2218 4409 2382 4445 unum
2425 4390 3049 4463 incomprebeusibiliter
3078 4390 3235 4452 uniti.
3293 4401 3423 4457 Vide
3450 4402 3662 4456 Lessiuin

469 4477 632 4530 Supra
668 4462 915 4524 citatum,
948 4472 998 4514 et
1028 4464 1205 4529 capite
1237 4465 1268 4514 4
1296 4474 1350 4517 et
1380 4462 1434 4515 5.

534 4531 691 4603 435
732 4530 898 4607 ﬁVIIl.
933 4533 1067 4584 lNota
1100 4535 1185 4584 illa
1218 4536 1375 4607 verba
1411 4552 1422 4585 :
1455 4533 1628 4607 Ipsius
1656 4544 1725 4585 est
1750 4534 1972 4588 essentia
1994 4576 2008 4601 ,
2029 4542 2077 4590 et
2106 4550 2207 4607 non
2237 4538 2341 4603 ipse
2363 4538 2620 4601 essentia';
2652 4548 2697 4589 et
2727 4539 2781 4590 in
2807 4539 2919 4607 ipso
2949 4548 3024 4592 est
3052 4543 3351 4606 existentia,
3384 4554 3429 4597 et
3460 4560 3553 4596 non
3578 4542 3665 4607 ipsa

464 4603 522 4657 in
553 4606 863 4665 extstentiu;
893 4616 1047 4672 atque
1075 4608 1248 4669 ipsum
1281 4604 1429 4655 liabet
1460 4604 1824 4670 eminentia,“
1852 4621 1953 4656 non
1984 4609 2094 4675 ipse
2125 4606 2274 4658 habet
2312 4619 2660 4660 existenttam.
2687 4603 2988 4663 Existentia
3014 4613 3155 4665 enim
3200 4603 3362 4665 habet
3411 4603 3663 4671 Denimul

466 4677 736 4726 consistat
768 4675 879 4739 ipsa
914 4676 1225 4737 existentia,
1263 4676 1405 4727 sicut
1434 4676 1558 4741 quis
1597 4676 1755 4727 habet
1786 4678 1948 4729 vitam
1980 4679 2047 4728 ad
2085 4678 2166 4728 sui
2197 4677 2543 4731 existentiam
2570 4695 2585 4743 ;
2622 4696 2726 4731 non
2759 4693 2939 4734 autem
2980 4683 3059 4735 sic
3089 4682 3234 4735 Deus
3260 4684 3424 4737 habet
3454 4694 3663 4737 existen-

471 4746 623 4810 tiam,
658 4754 710 4795 ιιι
752 4759 848 4825 per
875 4746 1220 4825 existenliaui
1250 4746 1341 4824 sit.
1369 4746 1521 4823 Sicut
1547 4744 1709 4821 igitur
1731 4747 2025 4799 existentia
2051 4748 2431 4825 babetDeuiii,
2463 4751 2541 4825 sic
2569 4751 2859 4825 existentia
2891 4764 2974 4804 est
3010 4753 3125 4818 Dei,
3158 4754 3285 4821 quia
3326 4757 3397 4808 ab
3426 4757 3533 4825 ipso
3566 4767 3661 4803 nia-

468 4827 596 4877 nat;
633 4826 686 4867 et
718 4824 773 4893 ut
805 4814 944 4866 Deus
974 4832 1078 4866 non
1107 4817 1269 4868 habet
1296 4816 1377 4868 sic
1402 4816 1751 4868 existentiam
1780 4827 1836 4869 ut
1867 4830 1963 4886 per
1984 4819 2329 4872 existentiam
2355 4820 2442 4884 sit,
2470 4820 2547 4874 sic
2578 4835 2751 4889 neque
2785 4822 2928 4875 Deus
2954 4833 3037 4876 est
3071 4814 3238 4893 ipsius
3270 4814 3591 4884 existe'utiaa,
3614 4829 3661 4871 ul

503 4901 559 4937 cr
583 4900 699 4938 eam
725 4885 813 4938 sit.

503 4901 559 4937 er
583 4900 699 4938 eam
725 4900 813 4938 sit.

466 4900 505 5033 Pi
540 4958 738 5011 Ibidem
772 4958 980 5033 {sitque
1010 4956 1377 5033 ideo_,_iuquit,
1411 4956 1474 5033 ab
1498 4956 1713 5033 eloquiis
1739 4958 1838 5033 Aqui
1870 4974 1983 5011 vere
2021 4962 2334 5028 prwexistil,
2365 4960 2649 5012 secundum
2678 4962 2913 5014 omnium
2945 4980 3123 5015 eorum
3158 4980 3274 5031 qua:
3321 4975 3445 5019 sunt
3487 4965 3659 5033 cogita.

465 5028 657 5100 tionem
688 5027 1089 5093 multiplicatur.
1122 5028 1314 5100 ldest,
1345 5030 1617 5100 qundquid
1633 5030 1921 5096 cogitetur,
1955 5027 2104 5084 et’ad
2134 5046 2513 5098 quamcunque
2549 5047 2663 5083 rem
2698 5035 2822 5100 quis
2850 5045 3083 5087 mentem
3128 5027 3395 5094 intendat,
3454 5027 3659 5088 inveniet

467 5098 521 5171 in
556 5116 617 5150 ca
637 5100 1127 5171 notionetncausw,
1149 5098 1198 5149 id
1225 5108 1304 5151 est
1331 5100 1571 5153 auctoris
1603 5098 1716 5152 Dei.
1738 5100 2124 5167 llocigiturest
2144 5101 2508 5171 multiplicari,
2528 5103 2675 5154 cerui
2700 5098 2822 5155 eum
2846 5105 2898 5158 in
2924 5105 3105 5158 multis
3133 5122 3377 5158 causam.
3399 5106 3474 5158 Ex
3501 5114 3659 5159 sanclo

467 5167 700 5221 Maximo
720 5178 772 5221 et
804 5167 1151 5233 l'acltytnerc.

540 5240 779 5315 Ibideti_i__:
818 5237 882 5288 Et
918 5239 968 5287 in
1001 5255 1058 5289 eo
1084 5237 1633 5315 propriecelebratur,
1669 5251 1808 5303 erat,
1836 5251 1889 5315 et
1921 5251 2021 5306 est,
2051 5252 2155 5298 etc.
2184 5243 2405 5297 Scilicet
2437 5241 2882 5315 sicutDionysius
2926 5245 3165 5313 seipsqu
3207 5247 3465 5315 esplicat,
3497 5256 3656 5315 quate-

468 5324 569 5383 nus
604 5309 976 5383 intelliguntur
1005 5318 1058 5359 ut
1082 5307 1248 5359 Deum
1278 5309 1451 5383 decet,
1471 5322 1693 5363 eatenus
1715 5314 1932 5380 proprie
1951 5318 2203 5367 dicuntur
2228 5318 2277 5367 iii
2300 5316 2424 5377 Deo,
2453 5315 2581 5366 etin
2608 5314 2713 5366 Deo
2730 5307 2892 5380 Sunt;
2929 5316 2977 5368 id
3004 5307 3108 5377 est,
3137 5307 3407 5383 quatenus
3423 5307 3653 5381 esu-cral.

466 5381 591 5440 erit,
617 5380 1090 5457 participattt_csse
1114 5380 1341 5457 ;”ouinia
1368 5394 1510 5432 euitn
1541 5384 1849 5457 secundum
1885 5399 2106 5457 causam
2158 5386 2513 5457 dicunturdde
2559 5385 2691 5457 Deo,
2723 5395 2775 5439 et
2810 5387 2864 5439 in
2900 5387 3010 5440 Deo
3044 5380 3197 5451 sunt,
3228 5399 3283 5441 et
3317 5391 3655 5457 intelliguntur

470 5449 1087 5531 suprasubstantialiter.
1120 5450 1395 5531 Quatenus
1428 5465 1553 5503 vero
1608 5452 1685 5531 sic
1740 5453 2103 5531 accipiuntur,
2138 5466 2195 5508 ut
2234 5470 2360 5510 cum
2396 5454 2616 5520 dicitur,
2663 5454 2803 5510 Deus
2831 5470 2934 5523 est,
2965 5468 3103 5521 erat,
3159 5449 3289 5523 erit,
3346 5449 3651 5531 εἱειιιῖιςειυι·

471 5517 636 5592 Deum
665 5521 988 5592 participare
1014 5534 1154 5592 esse,
1189 5519 1363 5572 aliena
1393 5530 1517 5592 sunt
1544 5535 1574 5572 a
1607 5521 1733 5575 Deo.
1766 5524 1839 5574 Ita
1861 5517 2249 5592 Pachyineres.

543 5589 735 5668 Ibidem
765 5605 776 5639 :
802 5588 1479 5668 Estanima/igurat,otnnis
1492 5591 1697 5657 format,
1722 5593 1833 5668 sine
1847 5588 2579 5663 forma,sinepulchritudine.
2598 5595 2653 5650 S.
2682 5595 2970 5666 Maximus,
2993 5606 3181 5653 contra
3198 5599 3350 5657 illttd.
3373 5600 3553 5668 inquit,
3569 5607 3656 5648 es“

470 5657 638 5709 Onmis
668 5658 851 5734 figura;
881 5660 1138 5734 opposuit
1168 5674 1277 5711 esse
1308 5660 1417 5711 sine
1452 5660 1646 5727 forata,
1680 5665 1807 5729 quia
1839 5657 1999 5731 supra
2029 5657 2427 5734 incorporeum
2458 5673 2513 5718 et
2555 5681 2717 5734 supra
2748 5657 3086 5725 racatio'nem
3136 5672 3398 5733 materiai,
3430 5657 3653 5723 rion—lor-

458 5740 646 5785 'ltltttus
676 5736 737 5781 ad
767 5730 1059 5799 quidquam
1090 5746 1278 5784 eorum
1329 5744 1630 5801 quaesitui;
1669 5747 1857 5790 contra
1892 5730 2017 5790 illud
2053 5752 2178 5792 vero
2205 5730 2375 5792 omnis
2405 5737 2588 5804 [ormw
2621 5730 2708 5791 seu
2755 5741 2940 5810 speciei
2985 5741 3231 5811 opposuit
3273 5730 3517 5796 essetin:
3558 5736 3633 5806 ιουι
