3866 6234
438 259 535 316 ﬁl
1609 263 1667 319 S.
1703 260 1998 321 DIONYSII
2038 263 2521 327 AREOPAGITJE:
3553 274 3639 332 '83!

439 374 827 453 intelliguntut‘
854 392 883 453 a
913 376 1071 434 nobis
1094 385 1152 435 et
1188 378 1591 453 signiﬁcantur.
1624 380 1778 435 Unde
1810 380 1936 453 licet
1979 380 2050 435 sit
2090 382 2413 451 principium
2442 391 2495 436 et
2536 382 2676 445 ﬁnis,
2716 382 2856 438 sicut
2887 382 3091 437 dictum
3114 392 3217 445 est,
3266 389 3443 438 tamen
3489 402 3639 453 neque

441 448 605 523 habet
635 447 997 523 principium,
1040 464 1214 519 neque
1243 447 1437 514 ﬁnem,
1487 466 1665 520 neque
1717 447 2161 523 mediumpsic‘ut
2208 447 2280 506 inv
2305 459 2573 508 creaturis
2608 454 3005 523 intelligimus:
3044 463 3099 523 et
3140 453 3265 508 licet
3316 454 3386 508 sit
3433 447 3639 522 praesens

438 518 693 592 omnibus
721 528 795 592 et
816 518 1038 592 ubique,
1075 535 1343 592 nusquam
1378 532 1558 575 tamen
1578 518 1693 579 est.
1735 536 1833 576 nec
1859 524 1911 575 in
1942 522 2051 575 ullo
2078 534 2163 577 est
2191 523 2332 577 sicut
2360 533 2637 578 creatura.
2669 518 2904 578 Sanctus
2947 522 3213 578 Maximus
3259 524 3310 577 in
3341 518 3575 579 centuria
3604 543 3634 592 i,

440 603 565 657 cap.
598 588 651 652 7,
683 589 801 664 ai_t_:
840 606 858 640 ι
899 589 1073 664 Omne
1108 590 1434 664 principium
1478 600 1533 646 et
1559 593 1794 664 medium
1827 601 1883 647 et
1923 593 2048 664 ﬁnis
2095 607 2202 664 non
2234 608 2623 663 usquequaque
2647 601 2865 663 negant,
2897 593 3025 664 quin
3058 596 3356 647 secundum
3403 588 3641 650 habitudi-

443 673 565 711 nem
600 659 997 727 praedicentur;
1037 662 1177 714 Deus
1204 672 1384 715 autem
1415 661 1465 732 in
1493 663 1809 717 universum
1838 661 1987 716 omni
2019 659 2336 717 habitudine
2365 659 2575 718 inﬁnite
2600 674 2655 719 et
2692 659 2959 718 inﬁnitum
2993 665 3243 732 superior
3276 680 3397 718 cum
3426 666 3512 728 sit,
3535 681 3641 720 con-

441 739 762 803 sentaneum
804 737 910 803 est,
942 738 1001 782 ut
1049 744 1220 800 neque
1265 731 1613 799 principium,
1654 748 1828 801 neque
1862 732 2122 795 medium,
2160 749 2336 803 neque
2379 734 2501 787 ﬁnis
2538 733 2643 799 sit;
2673 749 2851 803 neque
2896 731 3191 803 quidquam
3246 735 3467 789 omnino
3504 736 3640 790 habet

442 812 659 873 eorum,
694 798 745 850 in
782 799 980 873 quibus
1013 798 1201 853 natura
1230 798 1527 873 secundum
1561 798 1956 865 habitu-dinem,
1994 798 2305 870 praedicatio
2336 805 2401 858 ad
2434 798 2639 873 aliquid
2668 798 2817 859 cerni
2845 798 3059 873 poiestf
3087 824 3106 856 ι

520 868 719 922 Ibidem
749 886 763 922 :
792 868 1084 942 Eamque
1114 871 1375 942 totaliterr
1406 872 1510 939 ipsi
1538 875 1770 927 convenit
1821 868 2022 942 aliquid
2076 875 2395 929 a’ternaliter
2441 868 2795 941 assistentium,
2846 868 2939 929 but
2990 874 3340 942 temporaliter
3389 873 3643 929 subsisten-

444 937 596 1000 tium,
615 948 720 992 etc.
747 956 765 988 ι
792 938 1199 1015 Universaliter,
1230 941 1407 1015 inquit
1427 937 1660 996 sanctus
1684 937 1943 1003 Thomas.
1974 957 2098 1015 uon_
2115 947 2365 1015 convenit
2394 946 2441 998 ei
2474 946 2677 1015 aliquid
2700 937 3027 999 de'numero
3052 937 3449 1009 creaturarum,
3476 946 3644 999 sedse-

444 1017 667 1077 paratur
704 1024 799 1076 per
827 1012 1114 1084 quamdam
1149 1012 1500 1084 eminentiam
1529 1028 1544 1077 ;
1579 1032 1596 1063 ι
1639 1024 1693 1066 et
1724 1030 1914 1067 rursus
1947 1031 1959 1066 :
2000 1030 2018 1063 ι
2062 1013 2260 1084 Etiam,
2294 1017 2486 1084 inquit,
2515 1012 2801 1084 separatur
2824 1016 2975 1069 abiis
2999 1031 3120 1083 qua
3145 1026 3272 1069 sunt
3295 1016 3346 1068 in
3381 1030 3491 1069 πενο
3525 1020 3570 1068 et
3601 1016 3642 1068 in

447 1089 689 1151 tempore
721 1093 817 1147 per
844 1081 1134 1149 quamdam
1164 1080 1541 1138 eminentiam.
1576 1103 1595 1133 ο
1632 1085 1782 1150 Quod
1827 1086 1992 1151 igitur
2034 1083 2157 1137 alibi
2190 1080 2378 1139 etiam'
2402 1080 2629 1140 sanctus
2673 1087 2911 1141 Thomas
2938 1080 3072 1140 dixit
3103 1117 3117 1140 ,
3160 1084 3271 1139 hate
3301 1086 3397 1139 Dei
3438 1088 3642 1149 nnmina,

446 1150 870 1230 bonus,'sapiens,
902 1158 956 1205 et
986 1151 1214 1215 similia,
1248 1152 1559 1221 signiﬁcare
1585 1168 1705 1209 esse
1738 1150 1937 1209 haac'in
1990 1152 2101 1208 Deo
2147 1157 2474 1217 eminenter.
2510 1171 2574 1211 ex
2620 1156 2897 1227 Dionysio,
2947 1171 3107 1226 quem
3140 1157 3532 1225 interpretatus
3558 1166 3644 1220 est,

444 1229 690 1286 Sutupsit.

1465 1444 1626 1517 437
1664 1444 2147 1505 PARAPHRASIS
2180 1446 2625 1503 PACHYMERE
2659 1450 2793 1524 (ιι).

518 1554 545 1627 §
590 1553 628 1608 1.
670 1553 826 1609 Modo
850 1555 1234 1610 transeundum
1274 1565 1357 1611 est
1388 1557 1454 1610 ad
1492 1557 1777 1613 essentiale
1818 1574 2011 1614 nomen

2190 1562 2216 1634 ᾗ
2244 1563 2283 1614 l.
2303 1561 2666 1613 Μετενεκτέον
2688 1560 2779 1614 τὸν
2800 1560 2954 1628 λόγον
2981 1560 3072 1613 ἐπὶ
3093 1559 3191 1631 τὴν
3208 1560 3377 1623 ὄντως
3411 1554 3561 1611 οὖσαν
3584 1559 3653 1611 οὐ·

444 1652 587 1703 entis
618 1663 743 1701 vere
782 1647 1090 1703 existentis.
1128 1645 1594 1713 Quemadmodum
1627 1650 1769 1705 enim
1798 1650 2017 1717 ἀγαθω-

2132 1654 2440 1724 πιωνυμίαν.
2479 1653 2566 1717 Ὡς
2601 1652 2710 1724 γὰρ
2748 1652 3136 1723 ἀγαθωνυμίαν
3174 1651 3323 1720 λέγει
3364 1650 3455 1703 τοῦ
3484 1649 3650 1718 ἀγαθοῦ

444 1739 642 1810 νυμεαν
666 1747 821 1793 vocat
850 1752 1043 1793 nomen
1070 1737 1223 1802 boni,
1248 1738 1327 1792 sic
1343 1747 1398 1792 et
1420 1738 1806 1809 οὑσιωνυμίαν,
1825 1755 2019 1794 nomen

2132 1746 2434 1816 ΰνομασίαν,
2462 1744 2604 1797 οὕτω
2628 1744 2723 1798 καὶ
2757 1745 3123 1815 οὐσιωνυμίαν
3162 1744 3259 1814 τὴν
3284 1743 3378 1796 τοῦ
3404 1744 3546 1807 ὄντος
3562 1743 3653 1794 ὀνο-

445 1829 609 1893 entis,
637 1828 776 1883 sicut
802 1828 1141 1898 ἀντωνυμίαν
1164 1843 1178 1893 ;
1212 1842 1309 1883 ens
1334 1837 1515 1882 autem
1540 1837 1593 1884 et
1621 1831 1856 1885 essentia
1888 1838 2014 1885 sunt

2132 1836 2344 1908 μασίαν,
2375 1837 2533 1891 οἱονεὶ
2552 1837 2757 1889 ἀντωνυ
2768 1836 2913 1907 μίανο
2942 1836 3003 1889 τὸ
3029 1836 3085 1890 δὲ
3115 1835 3173 1889 ὄν
3199 1837 3292 1889 καὶ
3319 1837 3352 1907 ἡ
3377 1836 3435 1888 οὐ
3446 1836 3527 1889 σία
3553 1835 3650 1887 ταὺ-

449 1922 611 1978 ldem.
626 1923 894 1977 Caeterum
914 1931 1123 1976 tantum
1144 1922 1555 1976 admonebimus
1572 1924 1841 1979 sermonis
1862 1923 2021 1992 hujus

2132 1930 2232 1983 τόν.
2273 1930 2703 2000 ’Υπομνήσωμεν
2721 1929 2779 1983 δὲ
2803 1928 3076 1993 τοσοῦτον,
3101 1930 3181 1983 ὃτι
3200 1930 3301 1981 οὐκ
3325 1928 3437 1981 ἐστι
3454 1927 3526 1996 τῷ
3544 1928 3653 1997 λόγῳ

447 2029 670 2085 scopum
697 2030 801 2068 non
827 2028 969 2080 esse,
996 2014 1165 2085 ipsam
1193 2014 1707 2082 supraessentialem
1725 2018 2021 2070 essentiam

2132 2021 2343 2085 σκοπὸς,
2374 2021 2541 2093 αὐτὴν
2583 2022 2681 2093 τὴν
2711 2020 3031 2093 ὑπερούσιον
3053 2021 3259 2083 οὐσίαν,
3351 2018 3653 2090 ὑπεροὺσιος,

447 2117 717 2176 quatenus
744 2106 1222 2177 superessentialis
1251 2116 1355 2170 est,
1399 2107 1693 2175 explicare,
1743 2108 1836 2163 sed
1865 2122 2024 2176 expo-

2132 2112 2419 2181 ἐκφαίνειν·
2455 2111 2565 2167 ἀλλ’
2598 2113 2873 2181 ἐκφαίνειν
2912 2112 3011 2183 μὲν
3054 2112 3152 2181 τὴν
3184 2112 3363 2180 πάσης
3387 2108 3657 2180 οὐσίαςρρ-

448 2212 578 2251 nere
626 2197 841 2267 quidem
890 2198 1069 2251 omnis
1118 2197 1438 2253 substantiae
1499 2199 1851 2269 principium,
1895 2215 2024 2255 cau-

2132 2202 2244 2271 χὴν,
2267 2203 2464 2269 αἰτίαν,
2493 2204 2700 2268 οὐσίαν,
2740 2205 2798 2257 οὐ
2836 2203 2969 2257 καθὸ
3009 2203 3064 2256 δὲ
3089 2204 3431 2274 ὑπερούσιον,
3469 2202 3542 2273 (τὸ
3571 2197 3654 2269 γὰρ

448 2302 589 2355 sam,
624 2288 944 2352 essentiam,
982 2302 1086 2343 non
1120 2288 1174 2343 in
1226 2298 1487 2359 quantum
1530 2291 1826 2345 essentiam
1872 2307 2025 2361 supe-

2132 2295 2262 2367 ὑπὲρ
2283 2295 2469 2349 οὐσίαν
2494 2295 2552 2349 ὃν
2576 2295 2692 2359 πῶς
2732 2295 3127 2366 ἐκφανθήσεται
3165 2299 3285 2349 κατ’
3330 2294 3521 2366 αὐτὸς)
3551 2293 3656 2347 ἀλλὰ

2123 2387 2257 2440 καθὸ
2286 2387 2393 2440 ἀπὸ
2424 2386 2533 2440 τῶν
2566 2387 2765 2459 ἑτέρως
2795 2387 2963 2440 ὄντων
3007 2390 3097 2441 καὶ
3142 2390 3267 2460 παρ’
3312 2388 3477 2459 αὐτῆς
3516 2402 3659 2457 παρα-

2123 2480 2357 2552 χθέντων
2382 2482 2461 2544 εἰς
2494 2480 2661 2551 αὐτὴν
2695 2480 3025 2551 ἀναγόμεθα.
3061 2480 3269 2553 Ἐκείνη
3309 2480 3419 2553 γὰρ
3446 2480 3554 2535 καθ’
3588 2478 3661 2530 αὑ-

2123 2573 2221 2644 τὴν
2247 2572 2579 2641 ἀνέκφαντός
2612 2574 2748 2636 ἐστι,
2777 2572 2871 2625 καὶ
2912 2572 3079 2644 αὐτὴν
3118 2574 3217 2643 τὴν
3254 2573 3451 2626 ἕνωσιν
3476 2570 3663 2642 ὑπεραί-

450 2389 535 2434 rat
562 2380 726 2449 (quod
757 2382 902 2434 enim
953 2395 1115 2448 supra
1162 2382 1454 2436 essentiam
1494 2384 1703 2450 existit,
1756 2386 2025 2454 quomodo

449 2471 743 2526 secundum
773 2484 831 2526 se
861 2471 1120 2540 explicari
1155 2476 1412 2546 posset?)
1446 2476 1539 2531 sed
1580 2476 1632 2530 in
1661 2487 1925 2547 quantum
1956 2476 2023 2531 ab

448 2560 572 2615 aliis
591 2559 807 2615 entibus
833 2561 900 2615 ab
925 2562 1035 2629 ipsa
1065 2565 1347 2632 productis
1369 2566 1434 2619 ad
1467 2566 1639 2635 ipsam
1670 2568 2021 2622 adducimur:

451 2653 564 2722 ipsa
597 2652 739 2707 enim
772 2655 1068 2708 secundum
1102 2670 1161 2709 se
1195 2654 1485 2713 ineﬁ‘abilis
1523 2658 1730 2722 existit,
1764 2668 1818 2713 et
1855 2661 2024 2729 ipsam

2132 2680 2292 2733 ρουσα
2312 2664 2503 2717 ἕνωσιν
2530 2662 2704 2731 λέγων
2730 2664 2790 2716 τὸ
2809 2661 2901 2715 τοῦ
2934 2664 3085 2728 ὄντος
3114 2665 3314 2717 ἑνιαῖον
3348 2666 3439 2717 καὶ
3463 2660 3663 2734 ὡρισμέ-

449 2746 705 2798 unionem
735 2746 949 2799 excedit
1000 2761 1014 2809 ;
1070 2760 1167 2813 per
1218 2749 1472 2803 unionem
1531 2748 1839 2818 intelligens
1883 2749 2025 2803 entis

2132 2772 2231 2819 νον,
2265 2756 2396 2808 καθὸ
2429 2756 2486 2809 ὄν
2518 2756 2685 2809 ἐστιν.
2716 2755 2802 2819 Ὧς
2840 2756 2948 2827 γὰρ
2972 2757 3033 2809 τὸ
3063 2754 3136 2826 μὴ
3175 2755 3234 2808 ὃν
3266 2756 3368 2826 οὐχ
3392 2756 3467 2819 ἓν,
3500 2753 3664 2807 ἀλλ’ἑκ

449 2838 711 2891 unitatem
771 2853 836 2893 ac
892 2838 1302 2904 deﬁnitionem,
1356 2840 1653 2894 secundum
1712 2854 1873 2908 quam
1926 2854 2025 2897 ens

2132 2846 2335 2901 πολλῶν
2358 2849 2449 2901 καὶ
2463 2848 2701 2921 ἀπείρων
2719 2848 3005 2917 ἐλλείψεων
3024 2850 3503 2920 παρεισαγόμενον·
3524 2846 3663 2907 οὕτως

450 2936 553 2982 est.
583 2928 1048 2995 Quemadmodum
1079 2931 1222 2984 enim
1255 2930 1307 2985 id
1346 2932 1489 2999 quod
1520 2946 1624 2985 non
1658 2942 1766 2996 est,
1807 2947 1914 2985 non
1943 2942 2026 2986 est

2132 2939 2188 2991 τὸ
2219 2939 2299 3005 ὃν,
2340 2940 2417 3005 ἓν,
2472 2941 2605 2995 καθὸ
2647 2940 2705 2994 ὃν
2753 2941 2845 2994 καὶ
2878 2941 3203 3013 ὡρισμένον,
3246 2942 3391 3013 ὑπὲρ
3421 2942 3447 2995 ὅ
3479 2942 3606 2993 ἐστιν
3638 2938 3664 3007 ἡ

449 3033 640 3081 unum,
668 3019 762 3073 sed
792 3035 857 3073 ex
898 3020 1081 3075 multis
1104 3031 1268 3091 atque
1302 3020 1529 3074 inﬁnitis
1565 3021 1867 3077 defectibus
1900 3037 2029 3091 pro-

2132 3030 2447 3102 ὑπερούσιος
2471 3030 2648 3093 οὐσία,
2671 3031 2791 3100 ἣτις
2812 3030 3129 3100 ὀνομάζεται
3146 3030 3223 3095 ἒν,
3248 3030 3347 3100 οὐχ
3362 3030 3436 3092 ὡς
3458 3025 3663 3098 ἀριθμῶν

450 3111 694 3177 ductum,
720 3113 799 3167 sic
827 3112 992 3167 etiam
1025 3114 1077 3167 id
1100 3114 1243 3184 quod
1279 3122 1385 3178 est,
1415 3129 1586 3169 unum
1618 3124 1725 3179 est,
1760 3115 1811 3170 in
1849 3130 2025 3186 quan-

2132 3123 2290 3195 ἀρχὴ,
2326 3121 2459 3175 ἀλλὰ
2483 3121 2570 3174 διὰ
2596 3122 2656 3175 τὸ
2673 3122 2887 3175 πάντων
2909 3120 3227 3193 ἐξῃρῆσθαι,
3252 3122 3348 3174 καὶ
3372 3120 3516 3174 οὐδὲν
3540 3133 3666 3170 saw

450 3211 567 3259 tum
606 3218 704 3259 eus
742 3215 825 3260 est
869 3221 931 3261 ac
980 3206 1301 3271 deﬁnitum;
1353 3221 1516 3277 supra
1548 3209 1691 3277 quod
1729 3208 1910 3265 existit
1942 3223 2029 3263 es-

2132 3212 2490 3285 ριθμούμενον
2520 3212 2665 3283 ἔχειν
2697 3212 2805 3265 τῶν
2843 3212 2960 3284 μετ’
2996 3212 3185 3284 αὐτὴν,
3214 3212 3392 3275 ἄλλως
3420 3210 3472 3262 δὲ
3496 3208 3578 3262 καὶ
3597 3205 3665 3259 διὰ

452 3298 630 3353 sentia
675 3297 763 3352 illa
807 3299 1301 3369 supraessentialis,
1346 3316 1467 3371 qua:
1497 3317 1664 3355 unum
1696 3303 2027 3370 nominatur,

2132 3306 2187 3358 τὸ
2206 3305 2497 3360 ἀσύνθετον
2518 3307 2611 3359 καὶ
2639 3303 2863 3358 ἁπλοῦν.
2894 3304 3043 3368 Τέως
3067 3305 3144 3368 δὲ,
3172 3305 3265 3365 καὶ
3288 3304 3347 3356 ἒν
3372 3302 3437 3358 ἂν
3470 3300 3609 3370 εἴπῃς
3620 3296 3666 3349 τὸ

455 3403 563 3443 non
595 3400 653 3443 ut
682 3390 1007 3460 principium
1055 3406 1431 3461 numerorum,
1480 3394 1574 3449 sed
1608 3393 1749 3463 quod
1773 3396 2029 3451 Omnibus

2132 3396 2300 3460 Θείον,
2326 3397 2385 3450 οὐ
2424 3396 2582 3450 τοῦτο
2614 3397 2908 3466 παρίστησι
2945 3396 3044 3466 τὴν
3088 3394 3271 3448 οὐσίαν
3296 3397 3395 3451 τοῦ
3426 3390 3567 3446 Θεοῦ·
3589 3405 3664 3441 κυ-

446 3481 714 3546 .emineat,
746 3481 1016 3550 nullisque
1051 3483 1211 3537 rebus
1235 3498 1355 3553 quae
1386 3492 1506 3553 post
1535 3484 1708 3553 ipsum
1739 3496 1864 3540 sunt
1900 3503 2029 3541 con-

2135 3491 2262 3565 ρίως
2302 3489 2409 3560 γὰρ
2441 3489 2597 3543 οὐσία
2640 3490 2731 3542 ἐπὶ
2767 3487 2902 3541 Θεοῦ
2934 3489 3032 3541 οὐκ
3069 3486 3135 3540 ἃν
3176 3486 3408 3555 λέγοιτο,
3443 3484 3548 3537 ἐστι
3581 3478 3666 3547 γὰρ

450 3574 732 3628 numerari
771 3577 965 3645 possit,
1007 3576 1136 3646 quin
1185 3578 1353 3631 etiam
1411 3588 1634 3646 propter
1681 3578 2029 3646 compositio-

2133 3581 2474 3653 ὑπερούσιοςο
2507 3580 2595 3633 διὰ
2620 3580 2777 3633 τοῦτο
2806 3580 3093 3651 ὑπεραίρει
3131 3580 3223 3632 καὶ
3261 3577 3429 3649 αὐτὴν
3454 3576 3542 3647 τὴν
3564 3574 3667 3626 ἔνω-

458 3667 544 3720 nis
593 3666 918 3721 vacuitatem
986 3678 1149 3736 atque
1219 3666 1649 3737 simplicitatem.
1706 3669 1933 3739 Itaque,
1984 3671 2027 3726 si

2133 3688 2236 3725 σιν.
2286 3671 2371 3736 Ὠς
2398 3669 2527 3739 γοῦν
2557 3672 2649 3723 ἐπὶ
2678 3668 2772 3722 τοῦ
2822 3668 3027 3738 ἀγαθοῦ
3063 3670 3340 3740 ἐλέγομεν·
3383 3670 3463 3721 ὅτι
3506 3670 3536 3736 η
3575 3662 3669 3717 θεία

452 3757 626 3813 Deum
651 3774 864 3828 quoque
886 3775 1049 3813 unum
1083 3761 1306 3826 dixeris,
1339 3774 1444 3814 non
1481 3760 1583 3815 hoc
1610 3764 1903 3816 essentiam
1935 3763 2029 3818 Dei

2132 3764 2401 3833 ἀγαθότης
2426 3763 2517 3815 καὶ
2539 3764 2618 3826 είς
2641 3762 2712 3814 τὰ
2742 3762 2889 3827 ὄντα,
2916 3761 3012 3815 καὶ
3045 3763 3125 3825 είς
3155 3761 3223 3813 τὰ
3260 3762 3361 3813 οὐκ
3379 3762 3500 3813 ὄντα
3524 3755 3667 3810 ἐκτείο

450 3851 783 3919 exliliCabit;
808 3868 931 3905 nam
956 3853 1193 3908 essentia
1220 3854 1437 3922 proprie
1464 3854 1529 3907 de
1549 3853 1656 3907 Deo
1687 3868 1793 3907 non
1813 3854 2029 3921 dicitur,

2132 3870 2278 3907 νεται
2304 3851 2441 3922 (οὐκ
2471 3851 2598 3905 ὄντα
2620 3851 2677 3903 δὲ
2706 3851 2895 3921 ῥητέον
2921 3850 2989 3903 τὰ
3018 3850 3175 3904 ὑλικὰ
3204 3851 3297 3903 καὶ
3318 3850 3419 3920 τὴν
3445 3848 3579 3918 ὕλην·
3601 3847 3614 3913 )
3641 3842 3667 3913 ἢ

450 3944 718 4011 quoniam
755 3943 1233 4013 superessentialis
1259 3952 1376 4009 est;
1410 3944 1665 4013 quocirca
1693 3945 1830 4000 hanc
1860 3944 2029 4014 ipsam

2132 3944 2200 3999 τὰ
2225 3944 2299 4016 πῆ
2337 3944 2434 4015 μὲν
2469 3943 2616 4006 ὄντα,
2655 3944 2729 4013 πῆ
2768 3942 2825 3997 δὲ
2856 3944 2957 3997 οὐκ
2999 3944 3150 4008 ὄντα,
3177 3942 3272 3996 καὶ
3296 3944 3396 4013 οὐχ
3426 3940 3591 4004 ἁπλῶς
3616 3936 3669 3991 τὰ

453 4040 714 4094 unionem
732 4039 961 4095 extollit.
980 4039 1440 4105 Quemadmodum
1462 4038 1626 4109 igitur
1642 4039 1707 4093 de
1723 4039 1865 4094 bono
1895 4039 2029 4093 (ηιξ.

2136 4036 2356 4108 μηδαμῆ
2396 4035 2659 4108 μηδαμῶς
2679 4036 2828 4088 ὄνταο
2862 4035 2897 4107 ἦ
2935 4035 3141 4107 τρίτον,
3176 4035 3313 4089 κατὰ
3334 4036 3398 4089 τὸ
3424 4032 3669 4107 εἰρημένον

462 4146 604 4195 mus,
630 4131 864 4185 divinam
894 4132 1189 4186 bonitatem
1226 4144 1286 4186 se
1303 4130 1596 4185 extendere
1625 4139 1680 4185 et
1700 4130 1769 4184 ad
1813 4145 1876 4185 ea
1917 4146 2029 4200 qua:

2134 4127 2283 4199 αὑτῷ
2306 4127 2384 4199 τῷ
2416 4128 2614 4200 Πατρὶ,
2651 4128 2731 4181 ὄτι
2757 4128 2849 4181 καὶ
2885 4128 3015 4181 αὐτὸ
3046 4128 3107 4181 τὸ
3136 4128 3211 4199 μὴ
3246 4128 3327 4192 ὃν,
3363 4129 3537 4191 καλὸν,
3569 4125 3668 4177 ὅταν

450 4229 681 4283 sunt,et
711 4221 776 4274 ad
795 4234 857 4273 ea
890 4234 1008 4289 qua:
1034 4236 1139 4274 non
1171 4228 1297 4275 sunt
1319 4220 1442 4289 (per
1469 4235 1531 4274 ea
1556 4219 1763 4275 scilicet
1779 4236 1898 4290 qua:
1926 4235 2029 4274 non

2136 4226 2193 4279 ὲν
2225 4224 2343 4295 Θεῷ
2367 4223 2453 4276 διὰ
2478 4223 2539 4276 τὸ
2560 4222 2879 4295 ὑπερούσιον
2902 4222 3191 4295 θεωρῆται.
3230 4223 3316 4287 Ὧς
3342 4221 3469 4293 γοῦν
3489 4221 3570 4273 ἐπὶ
3592 4218 3670 4270 πᾶς

448 4322 606 4379 811111,
638 4312 963 4377 Inaterialia,
1007 4314 1404 4383 materiamque
1440 4313 1815 4383 intelligenda)
1856 4317 1937 4367 vel
1963 4328 2027 4368 ea

2141 4334 2225 4372 σιν
2254 4319 2287 4389 ἡ
2314 4315 2584 4387 ἀγαθὸτης
2604 4314 2699 4368 τοῦ
2721 4314 2856 4369 Θεοῦ
2872 4315 3072 4388 διήκει,
3091 4318 3184 4370 καὶ
3204 4316 3365 4371 πάλιν
3382 4316 3515 4385 ὑπὲρ
3532 4309 3670 4367 ταῦτά

455 4423 576 4477 qua:
632 4409 824 4478 partim
877 4407 1096 4477 quidem
1150 4419 1302 4472 sunt,
1340 4408 1535 4479 partim
1569 4421 1697 4461 vero
1729 4423 1833 4461 non
1879 4418 2027 4476 sunt,

2139 4410 2307 4472 ἐστιν,
2344 4408 2484 4479 ὑπὲρ
2525 4408 2586 4460 τὸ
2616 4406 2677 4461 ὃν
2724 4408 2842 4478 μὲν,
2889 4409 2972 4462 ὅτι
2999 4408 3098 4461 οὐκ
3137 4408 3251 4462 ἐστι
3284 4427 3337 4462 τι
3381 4409 3485 4462 τῶν
3516 4406 3667 4460 ὄντων’

452 4512 565 4554 non
601 4508 777 4552 autem
808 4515 869 4551 ea
904 4512 1023 4566 qua:
1048 4496 1233 4551 nullibi
1265 4510 1491 4566 usquam
1533 4501 1689 4549 sunt:
1730 4494 1814 4549 vel
1846 4496 2027 4560 tertio,

2136 4502 2277 4573 ὑπὲρ
2314 4500 2374 4553 τὸ
2418 4502 2518 4553 οὑκ
2549 4499 2607 4553 ὃν
2641 4500 2720 4565 δὲ,
2755 4500 2835 4553 ὅτι
2861 4501 2954 4553 καὶ
2981 4500 3124 4554 ἅπαν
3162 4501 3404 4554 τοιοῦτον
3434 4496 3664 4554 είδοποιεῖ·

449 4598 515 4647 ut
539 4590 738 4644 dictum
765 4601 848 4646 est
894 4604 927 4644 a
963 4590 1022 4646 S.
1059 4589 1242 4655 Patre,
1273 4588 1415 4658 quod
1446 4587 1497 4641 id
1529 4587 1701 4656 ipsum
1731 4588 1874 4655 quod
1921 4602 2028 4642 non

2134 4593 2305 4657 οὕτως
2337 4595 2429 4647 καὶ
2454 4596 2487 4664 ἡ
2514 4592 2607 4645 τοῦ
2635 4592 2788 4657 ὄντος
2816 4592 3151 4664 οὐσιωνυμία
3182 4594 3262 4657 εἰς
3285 4594 3459 4647 πάντα
3487 4591 3547 4644 τὰ
3569 4589 3667 4642 ὄντα

446 4692 561 4748 est,
625 4681 909 4749 pulchrum
964 4681 1063 4745 sit,
1112 4678 1550 4750 quandoquidem
1596 4678 1650 4731 in
1697 4678 1807 4732 Deo
1852 4693 1948 4747 per
1976 4680 2027 4733 id

2138 4685 2459 4748 ἐκτείνεται,
2502 4687 2635 4738 πᾶσι
2682 4684 2743 4737 τὸ
2795 4680 2930 4737 εἶναι
2967 4683 3204 4746 διδοῦσα,
3248 4686 3341 4737 καὶ
3368 4685 3501 4755 ὑπὲρ
3532 4674 3669 4733 ταῦτὰ

454 4772 601 4841 quod
652 4773 1104 4840 superessentiale
1155 4780 1256 4835 est,
1308 4768 2027 4835 consideretur.,Quemad-

2132 4776 2300 4840 ἐστιν,
2323 4776 2403 4828 ὅτι
2436 4774 2496 4828 οῦ
2524 4793 2577 4829 τι
2607 4775 2714 4830 τῶν
2757 4777 2926 4829 ὄντων
2957 4776 3126 4831 ἐστίν.
3177 4776 3313 4829 Ἀλλ’
3359 4779 3495 4831 εἴποι
3526 4789 3594 4834 τις
3620 4768 3667 4822 ἄν

451 4864 677 4922 modum
708 4864 871 4933 igitur
909 4864 960 4918 in
1009 4865 1262 4918 omnibus
1317 4863 1535 4918 bonitas
1576 4861 1669 4916 Dei
1711 4862 1934 4929 relucet,
1974 4871 2029 4917 et

2132 4868 2351 4941 ἀπορῶν
2374 4867 2626 4921 ἐνταῦθα’
2663 4868 2788 4931 Πῶς
2812 4869 2903 4922 ἐπὶ
2930 4869 3031 4939 μὲν
3064 4868 3160 4921 τοῦ
3196 4869 3404 4937 ἀγαθοῦ
3435 4868 3581 4936 λέγει,
3604 4864 3664 4915 ὅτι

457 4969 673 5011 rursum
709 4953 793 5009 his
822 4956 1045 5019 eminet,
1090 4970 1252 5024 supra
1302 4971 1398 5011 ens
1453 4954 1696 5025 quidem,
1737 4954 1867 5025 quia
1919 4971 2025 5009 non

454 5057 548 5104 est
583 5048 878 5118 quidquam
943 5064 1129 5104 eorum
1194 5064 1313 5117 quae
1357 5058 1517 5114 sunt;
1572 5063 1733 5118 supra
1774 5064 1880 5102 non
1933 5063 2030 5104 ens

459 5156 616 5205 vero,
644 5141 770 5212 quia
816 5142 1077 5211 quidquid
1126 5142 1231 5196 tale
1261 5152 1345 5197 est
1394 5143 1690 5209 informat;
1747 5144 1827 5195 sic
1866 5141 2029 5195 etiam

457 5233 756 5288 essentiale
795 5234 942 5287 entis
990 5249 1183 5289 nomen
1219 5233 1284 5287 ad
1332 5237 1515 5289 omnia
1561 5236 1875 5304 porrigitur,
1909 5248 2032 5288 cum

461 5329 725 5383 munibus
763 5341 885 5383 esse
923 5327 1105 5391 donct,
1160 5335 1216 5380 et
1258 5342 1419 5395 supra
1457 5330 1571 5397 ipsa
1608 5330 1702 5392 sit,
1735 5331 1861 5399 quia
1898 5328 2034 5384 nihil

467 5428 557 5472 est.
579 5434 767 5473 eorum
815 5426 1113 5487 quae-sunt.
1145 5417 1216 5471 At
1253 5418 1397 5471 enim
1430 5418 1557 5474 hinc
1585 5421 1853 5490 quispiam
1890 5437 2037 5491 quae-

468 5511 685 5575 siverit,
736 5509 1014 5577 Quomodo
1055 5510 1107 5565 in
1140 5509 1282 5565 bono
1313 5511 1527 5580 quidem
1572 5513 1702 5567 dicit
1743 5512 2036 5569 bonitatem

2131 4962 2311 5032 διήκει
2335 4959 2659 5031 ήάγαθὸτης
2676 4961 2768 5013 καὶ⁹
2786 4962 2867 5023 εἰς
2889 4960 2957 5013 τὰ
2978 4961 3126 5026 ὄντα,
3149 4961 3244 5014 καὶ
3270 4962 3351 5025 είς
3373 4961 3439 5014 τὰ
3467 4960 3531 5030 μὴ
3548 4957 3663 5013 ὄπιν

2132 5054 2227 5107 ἐπὶ
2249 5056 2306 5109 δὲ
2335 5052 2429 5106 τοῦ
2463 5053 2613 5115 ὄντος
2642 5053 2702 5104 οὐ
2740 5051 2889 5119 λέγει
2930 5051 3110 5116 τοῦτο,
3152 5052 3286 5105 ἀλλὰ
3329 5052 3482 5122 μόνον
3528 5047 3664 5116 διήκει

2133 5148 2213 5211 εἰς
2236 5146 2306 5200 τὰ
2327 5146 2487 5211 ὄντα;
2517 5145 2626 5198 Καὶ
2650 5144 2861 5216 ῥητέον,
2897 5144 2979 5196 ὅτι
3010 5144 3071 5196 τὸ
3097 5144 3196 5214 μὲν
3215 5143 3275 5197 ’ὸν
3310 5141 3658 5213 ἁγαθονόμενον

2138 5240 2287 5311 μένει
2321 5239 2577 5302 πολλάκις
2605 5237 2677 5309 μὴ
2699 5237 2774 5289 ὄν·
2802 5237 2925 5289 ἐπεὶ
2955 5237 3064 5308 γὰρ
3105 5236 3178 5308 μὴ
3222 5237 3282 5291 ὃν
3313 5237 3518 5305 λέγεται
3540 5228 3659 5296 καὶὴ

2138 5331 2259 5402 ὕλη,
2285 5331 2485 5399 ἀγαθὸν
2509 5330 2710 5394 δόξειεν
2733 5329 2801 5383 ἂν
2823 5330 2917 5383 καὶ
2941 5330 2972 5401 ή
2999 5330 3099 5402 ὓλη
3121 5333 3153 5401 ἡ
3183 5330 3322 5402 νόθῳ
3356 5325 3572 5398 λογισμῷ
3588 5337 3661 5374 κα⁴

2136 5424 2610 5497 ταλαμϐανομένη,
2646 5424 2738 5477 καὶ
2758 5424 2880 5495 δίχα
2911 5424 3020 5478 τῶν
3047 5424 3206 5478 είδῶν
3238 5419 3565 5494 νοουμένη,εί
3590 5410 3660 5467 καὶ

2145 5515 2218 5585 μὴ
2244 5515 2364 5569 καθ’
2389 5516 2557 5587 αὑτήν
2582 5517 2748 5580 ἐστιν,
2773 5516 2848 5580 ὡς
2868 5516 2932 5569 ἐκ
2948 5513 3084 5570 Θεοῦ
3112 5516 3465 5588 παραχθείσα,
3487 5509 3564 5566 καὶ
3580 5501 3656 5579 μέν

549 5685 668 5751 (Η)
710 5684 839 5740 Vide
866 5686 1083 5744 Scholia
1114 5686 1171 5744 S.
1208 5688 1444 5757 Maximi,
1473 5702 1599 5747 tom.
1625 5688 1692 5757 ll,
1717 5705 1833 5761 cap.
1872 5691 1903 5747 5
1973 5692 2043 5748 Dc
2065 5692 2231 5749 divin.
2262 5693 2458 5748 nomin.
