3866 6234
205 331 319 385 835

778 330 867 385 DE
906 330 1159 390 DIVINIS
1192 331 1589 399 NOMINIBUS,
1629 335 1784 391 CAP.
1824 335 1887 392 ν.
1924 366 1993 376 --
2026 333 2373 393 PARAPHR.
2411 334 2886 405 PACHYMER/E,

3355 344 3463 402 831

204 464 292 498 νει
315 445 477 500 πάλιν
513 447 586 518 μὴ
620 447 697 500 ὃν.
728 448 816 518 Τῷ
830 448 886 501 δὲ
916 450 988 520 μὴ
1023 449 1156 514 ὖντι,
1186 450 1300 515 πῶς
1333 450 1584 523 ἐκταθείη
1622 450 1682 504 τὸ
1705 451 1763 504 ὃν

1890 451 2054 524 438
2089 455 2395 525 pertingere
2448 454 2515 509 ad
2565 469 2627 509 ea
2686 471 2807 526 quae
2846 464 2972 512 sunt
3012 467 3065 511 et
3115 472 3178 513 ea
3208 474 3327 530 qua:
3355 479 3462 519 non

204 540 305 593 καὶ
328 544 481 611 μενεῖ
505 541 577 612 μὴ
605 541 663 593 ὃν
703 543 885 605 πάλιν,
933 543 1092 596 τοῦτο
1134 544 1314 615 πάντη
1354 545 1461 597 τῶν
1495 544 1788 599 ἀδυνάτων.

218 633 503 703 Ἀσφαλῶς
526 634 655 702 γοῦν
686 634 865 707 τίθησι
890 634 1064 689 ταῦτα
1098 636 1126 687 ὁ
1150 635 1322 704 ἅγιος.
1365 636 1595 706 Ὁμοίως
1639 637 1730 689 καὶ
1757 639 1789 707 ή

200 726 308 797 τῆς
341 726 486 797 ζωῆς
529 726 790 797 ὀνομασία
836 727 930 781 τοῦ
969 727 1174 796 ἀγαθοῦ
1216 728 1351 781 Θεοῦ
1392 730 1473 793 εἰς
1515 728 1691 784 πάντα
1722 730 1790 783 τὰ

203 815 392 879 ζῶντα
424 818 745 885 ἐκτείνεται,
790 822 885 875 καὶ
918 820 1059 892 ὑπὲρ
1103 820 1277 876 ταῦτά
1309 822 1446 887 ἐστι,
1483 824 1573 875 καὶ
1607 824 1641 894 ή
1691 824 1789 893 τῆς

204 908 402 978 σοφίας
443 910 523 975 εἰς
563 911 741 966 πάντα
772 914 841 968 τὰ
872 914 1064 983 λογικά
1111 917 1204 969 καὶ
1248 915 1432 987 νοερά,
1468 916 1593 979 τοὺς
1626 916 1790 985 ἀγγέ-

201 999 333 1064 λους
360 1002 521 1074 φημὶ,
567 1006 658 1059 καὶ
692 1006 1002 1079 αἰσθητικὰ,
1026 1007 1267 1078 δηλονότι
1298 1007 1404 1072 ’τὰς
1433 1008 1572 1080 μετά
1602 1008 1788 1079 σώμα-

201 1107 299 1158 τος
321 1093 500 1165 ψυχὰς
532 1097 851 1164 ἐκτείνεται,
880 1099 974 1152 καὶ
1009 1099 1150 1171 ὑπὲρ
1187 1098 1361 1153 ταῦτά
1401 1100 1539 1154 ἐστι.
1586 1101 1706 1173 Χρὴ
1730 1102 1787 1155 δὲ

199 1185 423 1251 εἰδέναι,
451 1187 532 1240 ὅτι
565 1188 692 1242 ὅταν
717 1190 847 1262 περὶ
878 1190 1123 1259 ἀγγέλων
1148 1191 1241 1243 καὶ
1282 1189 1584 1260 ἀνθρώπων
1611 1193 1786 1262 μόνων

198 1276 357 1348 φησὶ,
383 1278 511 1343 τοὺς
539 1278 802 1348 ἀγγέλους
844 1281 1066 1353 νοητούς
1102 1300 1255 1354 φησι,
1292 1281 1392 1347 τὰς
1423 1282 1478 1335 δὲ
1517 1284 1786 1355 ἡμετέρας

193 1368 378 1439 ψυχὰς
400 1372 609 1442 νοερᾶς
640 1370 735 1425 νῦν
767 1371 824 1425 δὲ
850 1373 1037 1445 ἐπειδὴ
1073 1375 1201 1446 περὶ
1238 1372 1374 1427 Θεοῦ
1402 1391 1567 1445 φησιν
1586 1415 1601 1440 ,
1638 1375 1784 1429 εἰκό-

192 1475 307 1525 τως
339 1462 431 1515 καὶ
456 1463 582 1526 τοὺς
606 1463 869 1532 ἀγγέλους
905 1465 1023 1536 μεθ’
1049 1464 1205 1537 ήμῶν
1227 1465 1446 1538 νοερούς
1470 1484 1654 1538 φησιν,
1688 1467 1783 1522 am

192 1554 295 1607 καὶ
324 1554 520 1619 αὐτοὺς
564 1555 653 1609 διά
685 1556 780 1609 τοῦ
833 1560 973 1610 νοεῖν
1019 1556 1111 1611 τὸν
1144 1556 1277 1611 Θεὸν
1316 1559 1684 1630 τρεφομένους
1714 1562 1781 1632 τῇ

190 1647 411 1719 νοήσει,
448 1646 627 1712 καθὼς
660 1650 753 1703 καὶ
792 1651 847 1702 αἱ
880 1649 1217 1722 ἀνθρώπιναι
1249 1650 1441 1722 ψυχαί.
1481 1652 1785 1725 Αίσθητικὰ

188 1737 248 1792 δὲ
286 1740 496 1811 νοήσεις
530 1741 625 1794 καὶ
661 1740 730 1795 τὰ
762 1741 953 1812 ἄλογα,
988 1743 1065 1806 ὡς
1097 1742 1192 1796 καὶ
1234 1742 1373 1797 αὐτά
1395 1744 1544 1809 θείας
1590 1744 1783 1815 σοφίας

1895 558 2043 609 sunt,
2077 547 2130 601 in
2157 556 2283 602 ente
2308 555 2487 601 autem
2525 550 2623 603 hoc
2650 564 2756 602 non
2788 548 2939 614 dicit,
2974 548 3069 605 sed
3101 559 3306 607 tantum
3337 570 3463 623 per-

1894 639 2101 707 tingere
2147 641 2216 692 ad
2271 653 2335 694 ea
2378 654 2500 708 quae
2551 641 2838 696 existunt?
2886 642 3083 713 Utique
3137 646 3455 715 dicendum,

1891 744 1987 783 ens
2032 729 2250 799 quidem
2307 731 2509 787 bonum
2568 732 2770 787 factum
2824 749 3048 790 manere
3096 750 3465 807 saepenumero

1893 835 2000 875 non
2040 836 2168 887 ens;
2216 836 2340 876 cum
2394 823 2537 877 enim
2577 824 2802 879 materia
2840 840 3058 896 quoque
3105 843 3214 883 non
3247 843 3344 884 ens
3375 831 3463 883 di-

1890 919 2067 977 catur,
2103 911 2288 983 utique
2319 914 2547 968 materia
2572 929 2787 985 quoque
2816 915 3014 971 bonum
3060 917 3334 973 videbitur
3362 919 3464 974 im-

1889 1004 2105 1074 propria
2153 1006 2362 1060 ratione
2414 1016 2635 1076 accepta
2671 1015 2728 1062 et
2770 1006 2888 1064 sine
2930 1006 3120 1064 formis
3161 1010 3458 1077 intellecta,

1892 1099 2104 1152 tametsi
2137 1113 2243 1152 non
2285 1114 2381 1168 per
2412 1115 2470 1155 se
2491 1098 2585 1167 sit,
2615 1110 2804 1169 utpote
2828 1116 2859 1156 a
2892 1102 3002 1157 Deo
3036 1105 3320 1173 producta,
3346 1122 3462 1159 ma-

1890 1198 2126 1259 neatque
2149 1206 2366 1248 rursum
2396 1207 2501 1247 non
2530 1208 2649 1248 ens.
2696 1193 2978 1261 Quomodo
3009 1205 3187 1251 autem
3220 1210 3317 1253 ens
3350 1205 3459 1254 nun

1886 1280 1999 1335 enti
2026 1283 2315 1339 coextentli
2348 1285 2541 1354 possit,
2593 1295 2649 1340 et
2688 1293 2904 1340 maneat
2943 1302 3154 1342 rursum
3192 1304 3298 1344 non
3333 1304 3457 1358 ens,

1888 1374 1993 1430 hoc
2026 1376 2216 1446 utique
2260 1377 2596 1448 impossibile
2632 1388 2735 1433 est.
2771 1378 2976 1436 Secure
3008 1381 3174 1451 igitur
3204 1385 3458 1453 proponit

1887 1465 2001 1520 haec
2031 1477 2270 1521 sanctus.
2314 1466 2576 1522 Similiter
2607 1470 2772 1524 etiam
2808 1485 3007 1525 nomen
3050 1471 3176 1527 vitae
3206 1472 3328 1528 boni
3358 1473 3459 1530 Dei

1886 1557 1953 1613 ad
2006 1560 2185 1614 omnia
2230 1561 2468 1616 viventia
2520 1564 2857 1632 extenditur,
2909 1573 2964 1618 et
2995 1579 3158 1636 supra
3191 1567 3306 1621 haec
3341 1574 3449 1633 est,

1887 1648 1964 1703 uti
1991 1657 2045 1704 et
2075 1650 2355 1719 sapientia:
2388 1653 2455 1708 ad
2500 1654 2681 1725 omnia
2729 1654 3017 1711 rationalia
3053 1666 3109 1711 et
3152 1656 3455 1727 intelligen-

1886 1741 1982 1805 tia,
2021 1744 2245 1811 angelos
2276 1744 2496 1814 inquam
2533 1757 2587 1802 et
2616 1747 2857 1814 sensilia,
2909 1746 2963 1803 id
3014 1759 3100 1804 est
3139 1751 3204 1805 ad
3244 1750 3461 1805 animas“

190 1833 513 1903 μετέχοντα,
549 1836 609 1888 ἐν
646 1838 768 1901 ταῖς
810 1838 1065 1907 φυσικαῖς
1102 1835 1283 1889 αὐτῶν
1314 1839 1531 1909 ὁρμαῖς,
1570 1839 1645 1903 ὼς
1687 1839 1770 1892 ἐπὶ

1882 1849 2173 1903 corporeas
2204 1838 2534 1905 extenditur,
2567 1847 2622 1893 et
2651 1854 2815 1910 supra
2852 1841 2967 1896 haec
2994 1842 3215 1898 eminet.
3262 1841 3454 1897 Scien-

184 1924 285 1977 τοῦ
318 1902 579 1997 ἀίράχνου,
603 1929 697 1981 καὶ
727 1902 834 1982 τοῦ-
860 1927 1169 1999 μύρμηκος,
1198 1929 1291 1983 καὶ
1462 1902 1635 1985 ἀλλων
1650 1930 1770 2000 ἐφε-

1882 1928 2007 1983 dum
2059 1944 2211 1997 vero,
2249 1934 2466 2000 quando
2511 1933 2578 1988 de
2620 1934 2827 2003 angelis
2872 1945 2927 1989 et
2974 1935 3283 1990 hominibus
3322 1936 3457 1991 solis

183 2015 291 2088 ξῆς
321 2019 600 2074 ἀπάντων.
1880 2020 2143 2091 loquitur,
2186 2022 2359 2092 ipsum
2405 2026 2629 2096 angelos
2680 2041 2879 2083 vocare
2927 2026 3313 2095 intelligibiles,
3348 2042 3452 2082 no-

196 2122 348 2168 stras
408 2129 541 2169 vero
582 2115 796 2171 animas
861 2114 1262 2186 intelligentes;
1326 2129 1474 2169 nunc
1523 2124 1705 2170 autem
1772 2132 1895 2171 eum
1956 2117 2023 2171 de
2053 2116 2161 2173 Deo
2194 2131 2375 2173 sermo
2418 2128 2523 2184 est,
2572 2120 2770 2175 merito
2825 2119 2986 2177 etiam
3053 2129 3159 2174 tam
3225 2120 3450 2192 angelus

182 2224 354 2273 quam
410 2227 510 2266 nos
574 2210 939 2281 intelligentes
986 2210 1302 2281 appellare,
1362 2211 1506 2279 quod
1574 2212 1736 2266 etiam
1783 2211 1882 2282 ipsi
1941 2211 2109 2264 Deum
2180 2211 2532 2281 intelligendo
2585 2214 2953 2269 intellectione
3008 2213 3263 2281 alantur,
3335 2229 3447 2268 non

181 2316 347 2354 secus
405 2316 469 2355 ac
512 2301 703 2354 animte
730 2300 1000 2355 limi-ana).
1072 2300 1306 2356 Sensilia
1355 2316 1485 2356 vero
1515 2299 1789 2371 intelliges
1853 2302 2018 2357 etiam
2083 2304 2469 2373 irrationalia,
2545 2315 2604 2361 ut
2680 2320 2801 2376 qua:
2837 2306 3000 2360 eitam
3061 2306 3300 2361 divinam
3356 2322 3448 2363 sa-

182 2393 457 2461 pientiam
482 2392 814 2463 participent
866 2391 921 2446 in
970 2392 1084 2448 suis
1125 2390 1470 2447 naturalibus
1519 2392 2001 2462 propensionibus,
2036 2395 2173 2450 utin
2206 2409 2405 2450 aranea
2442 2403 2497 2451 et
2550 2395 2777 2451 formica
2813 2396 3131 2466 ceterisque
3201 2397 3452 2453 omnibus

179 2496 357 2556 patet.

252 2578 283 2652 §
311 2580 379 2631 II.
398 2576 613 2643 Ταύτας
639 2578 884 2649 βούλεται
910 2577 938 2629 ὁ
963 2576 1119 2646 λόγος
1140 2576 1378 2649 ὑμνῆσαι
1403 2576 1503 2641 τὰς
1523 2576 1621 2648 τῆς
1642 2593 1776 2649 προ-

178 2678 334 2741 νοίας
374 2674 771 2748 ἐκφαντορικάς
810 2675 905 2728 καὶ
952 2674 1384 2745 παραστατικάς,
1420 2673 1513 2726 καὶ
1550 2673 1776 2744 δηλωτι-

176 2770 289 2833 κὰς
319 2768 643 2840 θεωνυμίας,
669 2768 791 2822 οὐδὲ
815 2767 924 2839 γὰρ
954 2766 1122 2838 αὐτὴν
1150 2766 1249 2838 τὴν
1271 2766 1412 2837 ὑπὲρ
1440 2768 1617 2819 πᾶσαν
1639 2767 1774 2834 ἀγα-

177 2862 387 2932 θὸτητα
420 2862 511 2914 καί
538 2861 767 2932 θεότητα
799 2859 948 2931 (θεοὶ
989 2860 1098 2931 γὰρ
1138 2861 1231 2913 καὶ
1265 2861 1313 2912 οἰ
1344 2858 1564 2928 ἄγγελοι
1606 2859 1699 2912 καὶ
1722 2861 1771 2913 al

174 2953 383 3007 δίκαιοι
404 2951 701 3023 ἄνθρωποι)
740 2952 841 3023 τὴν
865 2950 1155 3023 ἱδρυμένην
1177 2952 1235 3003 ἐν
1249 2950 1608 3023 ἀποκρύφοις,
1629 2951 1773 3005 κατὰ

173 3045 265 3111 τό,
320 3044 417 3096 Ἐν
435 3044 761 3111 ἀποκρύφῳ
781 3042 1135 3112 καταιγίδος·
1165 3042 1259 3096 καὶ
1290 3041 1353 3094 τό
1371 3082 1385 3107 ,
1409 3042 1609 3096 Ἕθετο
1624 3043 1769 3096 σκό-

174 3153 287 3201 τος
316 3130 681 3202 ἁποκρυερὴν
705 3133 913 3186 αὐτοῦ·
942 3132 1076 3186 ἀλλά
1106 3132 1202 3204 τὴν
1229 3133 1340 3185 τῶν
1362 3131 1580 3201 ἀγαθῶν
1597 3132 1770 3186 ἀπάν-

1875 3130 1940 3184 (is
1985 3137 2046 3195 ¹’;
2113 3138 2276 3195 atque
2340 3129 2469 3185 illud
2534 3145 2549 3187 :

171 3243 289 3280 των
323 3225 501 3278 αἰτίαν
540 3223 873 3295 ἀγαθὸτητα,
915 3225 1009 3278 καὶ
1051 3225 1112 3278 τὸ
1139 3224 1249 3279 τῶν
1283 3225 1451 3277 ὅντων
1489 3224 1662 3279 αἴτιον
1687 3224 1766 3291 ὃν,

173 3321 276 3374 καὶ
304 3319 404 3391 τὴν
438 3318 546 3373 τῶν
575 3315 793 3382 ζώντων
820 3318 999 3371 αἰτίαν
1027 3318 1192 3390 ζωὴν,
1224 3318 1319 3371 καὶ
1348 3318 1444 3389 τὴν
1494 3317 1767 3387 σοφοδὸτιν

173 3414 397 3482 σοφίανο
422 3412 475 3465 τί
508 3412 697 3465 τούτου
726 3410 1012 3481 δηλοῦντος
1051 3411 1296 3465 ἐντεῦθεν
1318 3451 1331 3475 ,
1358 3413 1417 3465 ἐν
1442 3409 1519 3481 τῷ
1542 3411 1767 3480 συνάγε-

174 3508 307 3562 σθαι
332 3508 450 3578 ἅμα
477 3506 555 3578 τῷ
580 3504 808 3576 αἰτιατῷ
835 3504 895 3559 τὸ
926 3505 1118 3559 αἴτιον·
1159 3504 1215 3557 ἓν
1240 3503 1421 3574 δῆλον,
1460 3503 1525 3557 ἵν’
1553 3504 1768 3557 ἀποδει-

174 3599 337 3671 χθείη
366 3600 431 3652 ἐκ
450 3597 543 3651 τοῦ
566 3596 810 3651 αἰτιατοῦ
833 3597 894 3649 τὸ
916 3597 1107 3651 αἴτιον·
1132 3596 1163 3668 ἢ
1189 3596 1282 3650 καὶ
1310 3594 1585 3661 ἀπόδειξις
1608 3595 1765 3665 λέγε-

171 3711 292 3755 ται,
321 3691 434 3746 ἀλλ’
458 3692 518 3745 ού
545 3690 640 3744 τοῦ
665 3691 835 3758 διότι,
862 3690 996 3744 ἀλλά
1026 3690 1120 3744 τοῦ
1142 3690 1249 3753 ὅτι,
1280 3690 1354 3753 ὡς
1370 3691 1495 3743 ὅταν
1510 3689 1768 3742 δεικνύω-

178 3803 285 3857 μεν
312 3785 412 3857 τὴν
450 3784 549 3855 τῆς
579 3784 809 3855 σελήνης
836 3783 1156 3854 ἀντίφραξιν
1196 3780 1286 3834 διὰ
1321 3781 1420 3852 τῆς
1447 3779 1759 3849 ἐκλείψεως.

174 3874 304 3929 Ὅτι
335 3875 465 3944 γοῦν
493 3877 610 3929 ἐστι
636 3874 696 3928 τὸ
722 3874 875 3927 Θεῖον
901 3874 1126 3943 ἀγαθὸν,
1155 3872 1248 3927 καὶ
1276 3872 1355 3937 ὃν,
1383 3872 1475 3925 καὶ
1504 3870 1635 3943 ζωὴ,
1671 3870 1765 3924 καὶ

177 3968 366 4038 σοφία,
400 3967 741 4038 μανθάνομεν
769 3966 859 4020 διὰ
885 3965 992 4019 τῶν
1034 3964 1310 4018 αἰτιατῶψ
1354 3965 1421 4017 δι’
1448 3963 1476 4015 ὃ
1504 3963 1561 4015 δέ
1592 3963 1765 4017 ταῦτά

174 4062 346 4123 ἐστιν,
392 4060 450 4112 οὐ
488 4058 848 4130 γινώσκομεν,
876 4058 1062 4129 ἐπειδὴ
1092 4058 1195 4128 πρὸ
1227 4056 1423 4129 μικροῦ
1466 4056 1611 4122 ἔδοξέ
1647 4075 1762 4122 πως

175 4152 446 4206 ὑπόϐασιν
472 4152 672 4221 λέγειν,
704 4153 766 4207 τὸ
807 4153 1007 4222 ἀγαθὸν
1041 4151 1210 4205 εἰπὼν
1240 4151 1333 4204 τοῦ
1374 4151 1525 4215 ὄντος
1568 4150 1759 4204 αἴτιον.

1951 2573 2068 2648 ςιι.
2111 2574 2219 2631 Has
2258 2575 2424 2646 igitur
2479 2575 2572 2630 Dei
2622 2577 3039 2643 nominationes,
3069 2587 3206 2648 qua:
3268 2581 3452 2648 provi-

1879 2669 2093 2725 dentias
2124 2667 2221 2723 Dei
2267 2668 2522 2737 aperiunt
2552 2677 2607 2723 et
2637 2678 2944 2739 proponunt
2978 2685 3043 2723 ac
3084 2671 3450 2740 manifestam,

1880 2761 2216 2830 propositum
2255 2768 2339 2813 est
2380 2759 2700 2827 praedicare,
2737 2775 2840 2815 non
2866 2776 2996 2815 vero
3033 2761 3176 2815 illam
3206 2778 3325 2832 quae
3355 2778 3450 2818 su-

1877 2869 1972 2921 pra
2011 2867 2225 2907 onmem
2260 2852 2555 2907 bonitatem
2605 2867 2671 2907 ae
2717 2853 2973 2907 deitatem
3005 2855 3151 2923 (nam
3184 2862 3238 2909 et
3267 2855 3450 2925 angeli

1882 2944 2235 3013 hominesque
2280 2942 2413 3012 justi
2466 2943 2545 2998 Dii
2599 2943 2961 3014 appellantur)
3008 2945 3062 3000 in
3113 2948 3451 3005 absconditis

1879 3038 2059 3092 sedem
2084 3037 2283 3107 posuit,
2309 3035 2464 3105 juxta
2502 3036 2632 3091 illud
2665 3056 2679 3092 :
2711 3036 2792 3092 ίῙη
2829 3037 3135 3091 abscondito
3172 3050 3452 3106 tempesta-

2614 3129 2800 3185 Posuit
2864 3131 3100 3184 tenebras
3168 3130 3448 3186 latibulum

1870 3238 2025 3276 suum
2065 3232 2127 3287 8;
2180 3223 2275 3277 sed
2325 3222 2620 3278 bonitatem
2671 3220 2816 3278 illam
2862 3236 2985 3291 qua:
3022 3222 3284 3278 bonorum
3324 3237 3448 3280 om-

1870 3316 2019 3371 nium
2066 3332 2356 3386 rerumque
2388 3331 2552 3371 causa
2583 3316 2788 3379 existit,
2821 3325 2876 3371 et
2901 3314 3069 3369 vitam
3107 3329 3229 3385 quae
3263 3315 3450 3370 viven—

1872 3406 2001 3461 tium
2035 3422 2199 3462 eausa
2248 3415 2352 3473 est,
2404 3406 2836 3476 sapientiamque
2881 3405 3162 3475 sapientiae
3211 3404 3449 3475 largitri-

1867 3514 2017 3569 cem;
2064 3501 2207 3569 quod
2240 3499 2368 3553 hinc
2394 3498 2743 3553 manifestum
2777 3498 2859 3565 ﬁt,
2902 3499 3027 3552 dum
3072 3511 3178 3550 una
3210 3513 3333 3552 cum
3362 3498 3446 3553 ef-

1867 3593 2011 3649 fectu
2037 3609 2255 3649 causam
2281 3592 2580 3665 conjungit,
2622 3604 2679 3647 ut
2706 3594 2961 3648 nimirum
2993 3607 3055 3649 ex
3080 3592 3273 3649 eﬂ‘ectu
3300 3594 3447 3651 clare

1867 3703 2031 3744 causa
2068 3688 2509 3755 demonstretur;
2551 3689 2635 3741 vel
2666 3688 2829 3741 etiam
2868 3687 3262 3743 demonstratio
3307 3688 3445 3745 dici-

1866 3791 1953 3835 tur
1984 3795 2089 3834 non
2122 3780 2395 3849 particula:
2422 3778 2577 3859 διότι,
2612 3781 2706 3835 sed
2739 3779 2842 3844 ὅτι,
2879 3788 2940 3835 ut
2976 3780 3193 3849 quando
3220 3781 3445 3836 demon-

1864 3883 2105 3928 stramus
2133 3872 2272 3927 lunae
2302 3871 2704 3941 oppositionem
2749 3887 2845 3941 per
2871 3873 3138 3945 eclipsim.
3169 3874 3438 3940 Quoniam

1865 3966 2031 4035 igitur
2061 3965 2203 4020 Deus
2238 3963 2437 4019 bonum
2473 3972 2579 4028 est,
2614 3975 2668 4019 et
2711 3979 2831 4032 ens,
2882 3974 2938 4020 et
2970 3967 3099 4031 vita,
3129 3976 3185 4022 et
3226 3969 3443 4037 Sapien-

1864 4059 1959 4125 tia,
1997 4057 2256 4113 discimus
2295 4071 2364 4113 ex
2393 4055 2639 4125 effectis;
2674 4073 2774 4129 per
2802 4062 2950 4128 quod
2982 4069 3161 4114 autem
3201 4061 3316 4116 haec
3344 4061 3438 4127 sit,

1863 4165 1969 4204 non
2008 4148 2415 4218 cognoscimus,
2462 4149 2661 4219 quippe
2701 4149 2795 4220 qui
2823 4151 2983 4220 paulo
3024 4161 3148 4206 ante
3175 4152 3325 4207 visus
3349 4163 3439 4208 est

173 4245 289 4297 Καὶ
316 4243 459 4298 οὓτω
479 4245 732 4315 καθεξῆς,
762 4246 851 4298 ἵνα
874 4245 948 4317 μὴ
976 4244 1279 4317 δράξωνταί
1317 4262 1462 4308 τινες
1504 4244 1759 4317 ἀφορμῆς

1875 4242 2073 4307 licere,
2102 4241 2304 4295 bonum
2337 4254 2458 4295 esse
2491 4240 2814 4308 subjectum,
2840 4257 2963 4297 cum
2993 4243 3130 4299 dixit
3172 4259 3296 4300 esse
3323 4243 3441 4313 ejus

172 4334 476 4399 ἀσυνέτως,
508 4335 610 4388 οὐκ
655 4335 782 4389 ἄλλο
813 4336 979 4405 φησὶν
1024 4331 1163 4388 εἶναι
1201 4334 1262 4387 τὸ
1301 4333 1380 4399 ὃν,
1424 4335 1517 4387 καὶ
1544 4334 1670 4388 ἄλλο
1699 4333 1760 4387 τὸ

1875 4336 2003 4404 piod
2046 4344 2129 4389 est
2161 4347 2345 4389 causa.
2389 4330 2458 4385 Et
2493 4331 2566 4387 ita
2611 4332 2886 4403 deinceps,
2916 4349 2985 4389 ne
3020 4336 3115 4405 qui
3141 4336 3246 4390 hac
3269 4350 3435 4391 oeca-

174 4428 403 4498 ἀγαθὸν,
434 4428 527 4482 καὶ
556 4428 790 4499 καθεξῆς
814 4429 999 4483 τᾶλλαο
1025 4429 1082 4482 ἓν
1115 4428 1224 4501 γὰρ
1248 4429 1357 4483 τῶν
1384 4430 1637 4484 ἁπάντων
1672 4430 1757 4483 αί-

1875 4429 2010 4481 iione
2060 4426 2431 4495 imprudentes
2500 4428 2914 4496 deciperentur,
2976 4442 3081 4482 non
3136 4428 3232 4493 ait,
3287 4427 3436 4484 aliud

172 4539 309 4587 τιον,
346 4522 440 4574 καὶ
465 4523 523 4575 οὐ
558 4522 868 4587 πολλά·λκαὶ
898 4523 994 4596 μία
1024 4523 1213 4597 θεότης
1239 4526 1272 4596 ἡ
1307 4524 1375 4578 τὰ
1416 4526 1589 4580 πάντα
1617 4543 1762 4597 παρ-

1875 4535 1987 4576 esse
2013 4520 2178 4593 439
2206 4536 2323 4589 ens,
2356 4530 2411 4575 et
2436 4519 2581 4574 aliud
2607 4518 2826 4587 bonum,
2856 4529 2912 4575 et
2951 4519 3030 4574 sie
3059 4518 3126 4575 de
3163 4520 3377 4576 caeteris
3413 4533 3435 4575 :

172 4616 406 4684 ἀγουσα.
450 4616 807 4670 Καθάπτεται
848 4616 905 4670 δέ
952 4615 1200 4670 ἐντεῦθεν
1229 4616 1337 4670 τῶν
1358 4635 1417 4670 τε
1450 4620 1509 4671 ἐν
1535 4618 1759 4691 Ἕλλησι

175 4707 361 4777 σοφῶν
398 4708 490 4761 καὶ
530 4706 640 4761 τῶν
675 4708 785 4760 ἀπὸ
827 4708 1070 4779 Σίμωνος
1111 4708 1425 4779 αίρετικῶν,
1472 4706 1523 4763 οἳ
1562 4727 1760 4780 κοσμο-

174 4801 366 4865 ποιούς
393 4818 521 4870 φασι
551 4800 727 4865 θεοὺς,
752 4800 871 4854 καθ’
898 4802 1019 4856 ὅσον
1054 4802 1425 4873 ὑποϐεϐήκασι
1448 4841 1464 4865 ,
1508 4801 1759 4857 τοσοῦτον

173 4896 272 4948 καὶ
292 4894 363 4947 τὰ
394 4894 755 4965 ἀσθενέστερα
778 4894 886 4947 τῶν
916 4896 1231 4965 κτισμάτων
1254 4895 1625 4965 παράγοντας,
1654 4895 1758 4960 ἕως

174 4990 273 5041 καὶ
300 4988 401 5058 τῆς
429 4987 646 5040 πάντων
675 4986 1034 5059 ὑποστάθμης
1054 5028 1068 5052 ,
1109 4988 1209 5059 τῆς
1238 4985 1391 5057 ὕλης⁸
1428 4988 1521 5041 καὶ
1554 4988 1759 5060 ταύτης

173 5080 288 5151 γὰρ
326 5079 455 5132 ἴδιον
499 5078 830 5151 δημιουργὸν
867 5079 1260 5133 ἀποδεδώκασι.
1314 5079 1533 5133 Τούτων
1579 5080 1758 5133 τοίνυν

171 5173 286 5226 τῶν
318 5170 415 5225 τοῦ
450 5171 565 5236 ἐνὸς
589 5171 724 5226 Θεοῦ
753 5171 1090 5243 θεωνυμιῶν,
1123 5173 1155 5242 ἡ
1185 5172 1283 5243 μὲν
1307 5170 1401 5224 τοῦ
1432 5171 1635 5239 ἀγαθοῦ
1661 5172 1756 5224 ἐκ·-

174 5265 412 5337 φαντική
434 5266 549 5317 ἐστι
571 5266 671 5336 τῆς
702 5265 998 5330 παντελοῦς
1021 5265 1115 5319 τοῦ
1138 5264 1273 5318 Θεοῦ
1302 5265 1574 5336 προνοίας,
1605 5267 1660 5317 αἱ
1699 5264 1755 5319 δέ

171 5356 362 5411 λοιπαὶ
390 5356 628 5429 μερικῶν
666 5356 930 5430 προνοιῶν
959 5357 1064 5410 εἱσι
1098 5356 1413 5428 δηλωτικαὶ,
1435 5359 1489 5409 αἰ
1524 5357 1624 5427 μὲν
1649 5356 1757 5411 ὀλι-

171 5450 455 5521 κωτέρων,
486 5453 540 5503 αἱ
570 5450 626 5503 δὲ
651 5450 1059 5522 μερικωτέρωψ
1088 5452 1120 5520 ἡ
1151 5449 1259 5522 γὰρ
1296 5448 1391 5502 τοῦ
1422 5449 1626 5519 ἀγαθοῦ
1656 5450 1755 5522 τῆς

171 5541 475 5606 παντελοῦς
498 5543 773 5614 προνοίας,
809 5544 889 5596 ὄτι
929 5543 1106 5596 πάντα
1133 5543 1197 5595 δι’
1230 5543 1537 5614 ἀγαθότητα
1574 5545 1755 5616 παρή-

172 5637 281 5708 χθη
311 5636 405 5691 καί
432 5637 588 5689 εἰσιν·
620 5637 654 5708 ἡ
678 5636 735 5690 δὲ
758 5637 858 5708 τῆς
879 5635 1043 5708 ζωῆς,
1080 5637 1332 5709 μερικῆς,
1362 5636 1474 5692 ἀλλ’
1494 5637 1747 5692 ὁλικωτέ-

325 5802 346 5827 τ
376 5790 519 5846 I’sal.
547 5806 710 5857 LXXX,
742 5792 793 5845 8.
868 5800 887 5825 ⁸
918 5787 1058 5844 Psal.
1094 5804 1228 5855 xm,
1271 5789 1361 5842 1‘2.

1860 4630 1967 4668 una
1999 4615 2265 4685 siquidem
2297 4613 2537 4669 omnium
2560 4628 2746 4679 causa,
2776 4621 2831 4669 et
2856 4628 2965 4668 non
3002 4613 3214 4681 multae;
3248 4624 3304 4669 et
3326 4630 3438 4669 una

1860 4706 2037 4762 deitas
2079 4721 2199 4774 qua:
2246 4705 2497 4759 universa
2546 4705 2822 4773 produxit.
2884 4704 3209 4777 Perstringlt
3248 4714 3435 4761 autem

1860 4799 1950 4853 hic
2003 4796 2315 4852 Graecorum
2381 4794 2676 4864 sapientes,
2731 4804 2788 4849 et
2849 4795 3137 4850 haereticos
3194 4795 3437 4851 Simonis

1858 4899 2180 4954 sectatores,
2214 4890 2304 4960 qui
2333 4897 2606 4951 asserunt,
2664 4890 2793 4943 deos
2842 4886 3027 4942 mundi
3073 4884 3435 4941 fabricatores

1856 4992 2062 5049 quanto
2099 4981 2385 5035 inferiores
2426 4991 2576 5047 sunt,
2635 4990 2786 5035 tanto
2840 4993 3058 5049 quoque
3103 4978 3433 5035 inﬁrmiores

1857 5074 2155 5144 producere
2190 5082 2491 5138 creaturas,
2535 5073 2699 5129 etiam
2735 5088 2905 5143 usque
2935 5072 3003 5127 ad
3033 5073 3276 5127 omnium
3304 5071 3430 5126 fun-

1857 5166 2169 5220 damentum
2222 5165 2298 5234 (id
2356 5166 2460 5235 est)
2508 5165 2827 5231 materiam;
2859 5179 2984 5219 nam
3029 5173 3085 5219 et
3114 5165 3240 5219 huic
3267 5178 3431 5233 pecu-

1856 5260 2046 5313 liarem
2106 5259 2449 5314 conditorem
2492 5258 2858 5328 assignarunt.
2904 5257 3050 5312 Inter
3092 5258 3208 5311 haec
3243 5256 3429 5325 itaque

1857 5353 2015 5406 unius
2034 5351 2123 5406 Dei
2156 5353 2392 5417 nomina,
2421 5368 2615 5407 nomen
2644 5352 2769 5407 boni
2800 5350 3135 5406 universales
3177 5348 3273 5403 Dei
3299 5363 3427 5418 pro-

1856 5441 2123 5498 videntias
2161 5443 2423 5510 declarat,
2465 5442 2670 5512 reliqua
2706 5455 2836 5498 vero
2888 5439 3246 5512 particulares
3296 5450 3425 5506 pro-

1856 5536 2121 5591 videntias
2144 5534 2519 5603 manifestam,
2564 5537 2666 5590 alia
2703 5534 2920 5605 quidem
2947 5530 3118 5603 magis
3140 5529 3427 5584 universa-

1856 5628 1954 5699 les,
1997 5629 2104 5687 alia
2155 5644 2284 5687 vero
2332 5628 2506 5699 magis
2546 5627 2938 5699 particulares;
2994 5623 3259 5695 siquidem
3292 5619 3422 5678 boni
