3866 6234
506 350 609 407 835

1683 352 1739 411 S.
1777 350 2069 408 DIONYSII
2106 348 2564 408 AREOPAGlTxE

3636 359 3715 414 836

499 482 695 521 nomen
722 468 969 537 designat
996 468 1359 523 universalem
1389 469 1612 522 omnino
1648 469 2058 538 providentiam,

2176 484 2293 537 ρας,
2328 469 2388 520 οὑ
2416 468 2525 539 γάρ
2556 470 2732 523 πάντα
2768 467 2947 533 ζῶσιν·
2984 468 3094 539 ἠδὲ
3125 467 3224 539 τῆς
3253 470 3457 539 σοφίας,
3488 470 3569 524 ἔτι
3593 490 3717 543 μερι-

497 562 753 631 quoniam
786 564 1031 616 universa
1075 576 1169 632 per
1204 564 1499 615 bonitatem
1534 562 1792 629 producta
1844 571 1988 627 sunt,
2022 572 2077 617 et

496 654 767 717 existunt;
806 670 999 708 nomen
1044 667 1172 708 vero
1216 656 1337 707 vita:
1376 654 1757 722 particularem
1785 654 2077 722 pr0viden-

496 747 625 799 tiam
664 747 922 811 declarat,
961 747 1051 801 sed
1106 746 1521 817 generaliorem,
1566 760 1671 799 non
1712 745 1857 799 enim
1897 747 2078 801 omnia

494 839 705 901 vivunt,
752 839 1035 907 sapientia:
1070 853 1199 892 vero
1244 840 1423 892 adhuc
1454 840 1623 907 magis
1662 839 2074 907 particularem,

2181 561 2448 631 κωτὲρας,
2485 561 2605 614 οὑδὲ
2638 559 2750 632 γὰρ
2784 561 2958 614 πάντα
2984 560 3055 613 τὰ
3076 560 3253 625 ζῶντα
3278 563 3435 631 σοφά.
3470 561 3718 616 ὐλικωτὲ-

2188 669 2285 723 ρας
2305 650 2438 719 γοῦν
2464 670 2595 722 φησι
2620 652 2719 717 τὰς
2749 654 2840 705 ἐπὶ
2872 653 3134 707 πλειόνων
3160 653 3551 726 θεωρουμένας·
3580 658 3609 725 ἡ
3634 655 3719 725 ζωὴ

2183 744 2291 816 γὰρ
2330 745 2519 815 φθάνει
2562 747 2653 800 καὶ
2692 747 2784 799 ἐπὶ
2826 746 3027 816 φυτῶν,
3062 749 3156 801 καὶ
3184 746 3336 812 ζώων
3372 748 3612 817 λογικῶν,
3650 750 3721 800 καὶ

2185 838 2413 907 ἀλόγωψ
2445 839 2603 909 σοφία
2631 840 2687 893 δὲ
2712 841 2806 893 καὶ
2826 840 3004 908 λόγος,
3039 840 3392 913 μερικώτεροί
3415 843 3567 894 εἰσιν.

495 949 600 988 non
640 935 784 988 enim
827 934 1008 988 omnia
1037 949 1159 1003 qua:
1196 936 1385 988 vivunt
1415 935 1651 1003 sapiunt.
1680 932 2067 988 Generaliores
2099 943 2279 987 autem
2313 943 2472 987 vocat
2506 949 2626 996 eas,
2689 950 2808 1003 qua:
2862 936 2914 987 in
2965 935 3212 1004 pluribus
3250 947 3577 1000 cernuntur;
3633 938 3717 988 vita

493 1029 638 1082 enim
668 1030 913 1097 pervenit
943 1043 1115 1096 usque
1146 1027 1212 1081 ad
1244 1029 1491 1098 plantas,
1526 1036 1579 1082 et
1620 1026 1875 1080 animalia
1930 1026 2217 1079 rationalia
2262 1025 2597 1095 rationisque
2665 1026 2945 1096 expertia;
3001 1027 3269 1097 sapientia
3323 1038 3505 1083 autem
3560 1039 3608 1082 et
3658 1045 3719 1080 ra-

496 1119 571 1171 tio
605 1129 729 1172 snnt
762 1118 933 1186 magis
959 1118 1338 1187 particulares.

564 1233 713 1306 g‘lll.
755 1233 987 1286 Dubium
1044 1233 1172 1287 hinc
1216 1234 1492 1288 resultans
1546 1233 1726 1298 solvit,
1770 1248 1889 1297 cur,
1946 1245 2069 1286 cum

492 1340 687 1379 nomen
730 1324 901 1393 ipsius
935 1324 1096 1387 cutis,
1145 1339 1307 1392 quam
1348 1326 1493 1389 vitae,
1524 1334 1579 1379 et
1608 1326 1751 1389 vitaa,
1788 1340 1948 1393 quam
1976 1339 2069 1378 sa-

492 1418 709 1487 pientiae
752 1416 913 1470 latius
955 1426 1137 1485 pateat
1167 1417 1455 1486 (siquidem
1489 1431 1587 1471 ens
1617 1426 1674 1471 ut
1708 1416 2070 1471 universalius

492 1508 545 1561 in
578 1509 829 1562 omnibus
880 1511 1168 1578 reperitur,
1211 1510 1321 1563 vita
1356 1524 1485 1564 vero
1520 1519 1577 1563 ut
1623 1510 1795 1579 magis
1830 1510 2071 1580 particu-

489 1600 623 1657 laris
666 1603 717 1656 in
768 1602 1134 1671 quibusdam,
1165 1613 1219 1657 et
1248 1604 1513 1672 sapientia
1548 1603 1725 1657 adhuc
1770 1604 1821 1657 in
1851 1605 2068 1671 paucio-

489 1697 663 1763 rihus)
718 1712 823 1750 non
868 1697 1041 1767 magis
1089 1696 1384 1759 excellant,
1419 1696 1636 1765 Dcoque
1673 1696 1936 1750 viciniora
1963 1696 2071 1749 sint

488 1801 610 1854 quae
640 1786 960 1856 simpliciter
990 1788 1251 1853 existunt,
1282 1797 1337 1843 et
1379 1787 1465 1841 his
1494 1788 1675 1842 minus
1706 1802 1825 1857 qua:
1855 1788 2068 1853 vivunt,

486 1885 543 1932 et
576 1878 660 1931 his
708 1878 903 1932 iterum
959 1878 1137 1934 minus
1170 1894 1255 1946 ea,
1296 1894 1413 1949 qum
1446 1878 1787 1949 intelligunt;
1842 1880 1933 1933 sed
1975 1894 2069 1933 or-

485 1967 612 2022 dine
642 1969 876 2034 iuverso,
922 1970 1093 2039 magis
1151 1970 1526 2040 particularia,
1571 1980 1632 2025 ut
1688 1970 2067 2042 intelligentia,

2242 1225 2269 1297 §
2303 1227 2396 1279 Ill.
2446 1223 2721 1277 Ἐντεῦθεν
2746 1222 3231 1278 ἐπανακύπτουσαν
3255 1224 3490 1296 ἀπορίαν
3515 1227 3715 1293 λύει,ὁιὰ

2170 1319 2246 1383 τί,
2282 1317 2377 1370 τοῦ
2407 1317 2669 1387 ὀνόματος
2707 1315 2871 1368 αὑτοῦ
2913 1316 3006 1368 τοῦ
3047 1316 3197 1380 ὄντος
3234 1319 3610 1389 ὑπεραίροντος
3643 1324 3716 1394 τὴν

2173 1411 2337 1481 ζωὴν,
2377 1410 2471 1463 καὶ
2504 1410 2603 1478 τῆς
2637 1409 2781 1479 ζωῆς
2826 1408 3231 1481 ὑπεραιρούσης
3265 1410 3362 1480 τὴν
3415 1413 3620 1480 σοφίαν,
3654 1414 3716 1477 (τὺ

2172 1502 2280 1575 γὰρ
2304 1503 2361 1555 ὃν
2387 1502 2719 1569 πλατύτερον
2744 1502 2837 1553 καὶ
2875 1501 2967 1553 ἐπὶ
3001 1503 3244 1572 πᾶσιν,ή
3283 1502 3339 1554 δὲ
3377 1503 3491 1574 ζωὴ
3528 1522 3715 1577 μερικω-

2171 1596 2306 1667 τέρα
2340 1591 2431 1648 καὶ
2457 1593 2557 1647 ἐπὶ
2579 1611 2709 1656 τισι,
2753 1594 2846 1646 καὶ⁸
2881 1593 2964 1645 ἔτι
3003 1596 3036 1664 ἡ
3075 1594 3232 1661 σοφία
3268 1595 3638 1665 μερικωτέρα)·
3669 1599 3713 1649 οὐ

2176 1689 2374 1759 μᾶλλον
2416 1686 2777 1757 ὑπερέχουσι,
2832 1683 2925 1738 καὶ
2968 1686 3091 1755 περὶ
3134 1684 3265 1737 Θεόν
3303 1687 3409 1737 είσι
3452 1686 3519 1740 τὰ
3566 1687 3713 1745 eras;

2172 1781 2319 1845 ὂντα,
2356 1780 2449 1834 καὶ
2475 1775 2636 1851 ἦττον
2669 1776 2872 1830 τούτων
2904 1777 2974 1829 τά
3012 1775 3207 1841 ζῶντα,
3251 1777 3343 1829 καὶ
3384 1777 3557 1829 αὐτῶν
3590 1779 3711 1831 πάλιν

2172 1869 2334 1946 ἦττον
2356 1873 2424 1925 τὰ
2448 1873 2629 1943 νοερά’
2654 1870 2767 1923 ἀλλ’
2801 1870 3199 1941 ἀπέστραπται
3232 1872 3264 1940 ἡ
3290 1870 3467 1934 τάξις,
3494 1873 3579 1924 καὶ
3609 1873 3709 1942 μὶ).-

2172 1966 2263 2020 λον
2287 1965 2356 2019 τὰ
2382 1964 2744 2036 μερικώτερα,
2779 1962 2959 2033 νοερὰ,
3001 1963 3126 2034 περὶ
3151 1962 3281 2015 Θεόν
3305 1964 3413 2015 είσι
3434 2004 3449 2027 ,
3481 1966 3567 2016 καὶ
3591 1966 3709 2016 καθε-

485 2061 631 2115 circa
680 2060 846 2113 Deum
909 2072 1058 2125 sunt,
1109 2071 1164 2116 et
1210 2061 1466 2131 deinceps
1508 2072 1770 2132 quantum
1805 2078 2058 2131 superex-

2170 2058 2265 2129 ξῆς
2301 2058 2423 2111 ὅσον
2463 2055 2957 2127 ὑπερεκτείνονται,
2998 2054 3059 2107 τὸ
3112 2054 3463 2127 πορρώτερον
3509 2058 3567 2109 ἐκ
3604 2056 3707 2109 Θεοῦ

486 2156 819 2220 panduntur,
874 2162 1023 2207 tanto
1070 2155 1336 2209 remotius
1394 2170 1423 2208 a
1487 2153 1594 2210 Deo
1648 2157 1907 2209 existunt.
1954 2155 2065 2210 Ma.

477 2242 599 2315 jora
649 2261 780 2299 vero
816 2262 1043 2301 numera
1083 2259 1240 2303 vocat
1281 2264 1368 2311 ea,
1421 2264 1541 2318 qua:
1582 2266 1611 2302 a
1654 2249 1903 2318 pluribus
1936 2266 2065 2303 cer-

486 2345 708 2403 nuntur,
745 2348 802 2392 ut
836 2354 952 2404 ens,
984 2349 1039 2394 et
1068 2341 1256 2394 vitam.
1298 2340 1610 2411 Respondet
1635 2343 1839 2410 itaque,
1874 2352 1926 2397 et
1956 2341 2065 2396 sol-

482 2428 561 2481 vit
588 2429 943 2496 quaestionem
968 2430 1179 2493 dicens,
1210 2432 1354 2501 quod
1386 2432 1430 2485 si
1457 2432 1679 2501 quidem
1709 2447 1797 2498 ea,
1828 2448 1949 2503 qua:
1981 2433 2065 2487 in-

482 2520 753 2590 telligunt,
801 2522 1025 2575 entitate
1073 2538 1137 2577 ac
1185 2523 1295 2577 vita
1327 2532 1602 2591 carerent,
1647 2534 1703 2579 et
1733 2540 1797 2581 ea
1826 2540 1949 2595 quae
1987 2528 2063 2579 vi-

480 2620 616 2666 vunt
652 2612 906 2667 similiter
944 2613 1308 2668 substantiam
1354 2630 1461 2669 non
1496 2615 1783 2678 haberent,
1822 2628 1973 2672 recte
2004 2632 2063 2672 se

480 2703 710 2758 haberet
747 2702 1052 2769 dubitatio;
1105 2720 1294 2759 verum
1326 2720 1450 2759 cum
1495 2721 1559 2761 ea
1592 2722 1712 2776 quae
1754 2708 2062 2778 intelligunt

479 2794 645 2848 etiam
670 2795 931 2862 existant,
966 2805 1020 2850 et
1064 2796 1248 2851 vivant
1281 2801 1389 2852 vita
1419 2799 1640 2869 potiori,
1671 2810 1727 2855 et
1753 2801 2061 2871 intelligant

480 2902 647 2957 supra
681 2902 897 2941 sensum
939 2902 1000 2941 ac
1050 2888 1349 2954 rationem,
1383 2900 1436 2943 et
1464 2904 1575 2958 pra:
1607 2892 1818 2946 cunctis
1846 2893 2062 2946 entibus

479 2980 808 3049 participem
842 2979 1154 3046 entitatem,
1203 2981 1305 3035 hoc
1358 2981 1544 3051 utique
1592 2983 1733 3037 bono
1778 2982 1885 3038 Deo
1922 2985 2059 3038 vici-

481 3068 664 3124 niores
692 3069 953 3135 existunt,
996 3085 1101 3138 quo
1150 3070 1477 3125 luculentius
1513 3072 1688 3140 ipsum
1724 3075 2057 3143 participan-

479 3170 584 3226 tes,
620 3160 799 3229 plures
821 3161 980 3216 etiam
1011 3162 1080 3213 ali
1118 3162 1234 3229 ipso
1260 3163 1414 3216 dotes
1454 3175 1807 3233 acceperunt,
1843 3166 2057 3220 scilicet

476 3262 535 3305 et
567 3253 875 3317 enlitatem,
914 3262 968 3307 et
1010 3254 1197 3316 vitam,
1243 3263 1299 3307 et
1332 3256 1721 3323 cognitionem,
1757 3268 1812 3310 et
1859 3258 2064 3313 intelle-

477 3354 668 3411 ctum;
711 3360 810 3398 nec
854 3361 959 3399 non
1006 3346 1169 3399 etiam
1222 3347 1378 3402 dotes
1419 3348 1726 3416 ampliores,
1773 3351 1913 3418 quod
1948 3354 2059 3407 haec

476 3437 655 3493 omnia
704 3452 818 3508 prae
862 3439 1074 3494 caeteris
1141 3440 1505 3507 przestantiori
1576 3442 1736 3496 modo
1783 3442 2047 3510 habeant;

476 3538 666 3599 estque
699 3530 1036 3595 hocvernm,
1068 3528 1231 3602 m
1261 3530 1348 3585 illa
1377 3547 1496 3601 qua:
1528 3532 1695 3588 Deum
1725 3533 1896 3603 magis
1926 3550 2051 3603 par-

473 3620 703 3689 ticipant
743 3620 842 3689 ipsi
887 3635 1104 3689 quoque
1133 3622 1373 3678 existere
1418 3624 1731 3678 viciniores.
1776 3624 2043 3692 Quoniam

2166 2151 2366 2222 ἔχουσι.
2413 2148 2682 2212 Μείζονας
2715 2146 2772 2201 δὲ
2808 2145 3015 2217 δωρεάς
3056 2164 3187 2217 φησι
3225 2145 3323 2209 τὰς
3354 2147 3455 2199 ἐπὶ
3496 2147 3708 2200 πλειόνων

2167 2242 2565 2314 θεωρουμένας,
2596 2234 2706 2292 οἷον
2735 2239 2796 2292 τὸ
2832 2238 2891 2292 ὃν
2920 2239 3011 2291 καὶ
3044 2238 3141 2309 τὴν
3168 2237 3332 2308 ζωήν.
3375 2237 3709 2310 Ἀποκρξνετσι

2163 2335 2342 2389 τοίνυν
2375 2335 2469 2387 καὶ
2500 2332 2615 2386 λύει
2640 2332 2737 2403 τὴν
2762 2331 3016 2402 ἀπορίαν,
3046 2330 3239 2398 λέγων,
3273 2330 3355 2382 ὅτι
3379 2332 3434 2382 εί
3469 2331 3561 2401 μὲν
3591 2330 3711 2382 ἀνού-

2167 2446 2255 2481 σια
2285 2422 2424 2498 ἦσαν
2470 2425 2540 2479 τά
2582 2424 2743 2495 νοερά
2791 2423 2886 2475 καὶ
2925 2424 3097 2487 acea,
3137 2423 3229 2476 καὶ
3267 2422 3435 2476 πάλιν
3474 2422 3540 2475 τά
3572 2422 3710 2487 ζῶντα

2163 2518 2428 2581 ἀνοῦσια,
2479 2515 2659 2579 καλῶς
2707 2514 2772 2569 ἂν
2814 2511 2958 2585 εἶχεν
3015 2517 3048 2586 ἡ
3094 2515 3313 2584 ἀπορία·
3361 2515 3549 2585 ἐπειδὴ
3586 2515 3635 2567 δὲ
3661 2515 3711 2565 τέι

2163 2609 2323 2681 νοερά
2360 2609 2455 2661 καὶ
2494 2608 2623 2661 ὄντα
2665 2607 2804 2671 εἰσὶ,
2843 2606 2938 2659 καὶ
2961 2606 3115 2671 ζῶσι,
3143 2607 3234 2660 καὶ
3269 2605 3417 2677 ζωὴν
3446 2606 3707 2677 κρείττονα,

2162 2701 2257 2753 xa‘t
2284 2698 2641 2769 γινώσκουσιν
2682 2699 2820 2770 ὑπὲρ
2847 2698 3099 2769 αἴσθησιν
3123 2700 3215 2752 καὶ
3251 2698 3411 2768 λόγον
3434 2739 3449 2762 ,
3477 2700 3563 2751 καὶ
3593 2699 3710 2769 παρὰ

2163 2794 2340 2847 πάντα
2370 2793 2435 2845 τά
2452 2792 2589 2845 ὅντα
2612 2790 2704 2845 τοῦ
2728 2792 2878 2855 ὄντος
2900 2792 3213 2862 μετέχουσιν
3229 2830 3244 2854 ,
3275 2792 3433 2843 αὐτοὶ
3467 2790 3642 2861 μᾶλλον
3661 2789 3710 2841 ἂν

2166 2885 2523 2957 πλησιάζοιεν
2542 2884 2619 2955 τῷ
2647 2884 2835 2954 ἀγαθῷ
2875 2883 3013 2954 Θεῷ,
3047 2886 3095 2936 οἱ
3140 2885 3555 2957 ὑπερπερισσῶς
3576 2882 3705 2936 αὐτοῦ

2164 2980 2499 3052 μετέχοντες,
2526 2978 2620 3031 καὶ
2650 2977 2865 3041 πλείους
2888 2977 3095 3049 δωρεὰς
3122 2976 3353 3047 ἔχοντες,
3379 2976 3613 3047 δηλονότι
3637 2976 3708 3026 καὶ

2158 3074 2220 3127 τὸ
2236 3069 2393 3135 εἶναι,
2413 3073 2503 3125 καὶ
2517 3070 2691 3141 τὸδζῇν
2709 3109 2723 3134 ,
2742 3072 2837 3125 καὶ
2852 3071 2912 3123 τὸ
2928 3069 3233 3139 γινώσκειν,
3254 3070 3389 3124 ἀλλά
3408 3070 3569 3123 καὶτὸ
3581 3071 3707 3121 νοεῖν’

2160 3167 2321 3220 πάλιν
2340 3166 2399 3219 δὲ
2430 3164 2647 3236 μείζους
2677 3163 2905 3234 δωρεὰς,
2937 3165 3017 3216 ὃτι
3036 3163 3206 3216 ταῦτα
3224 3163 3400 3216 πάντα
3424 3162 3708 3233 κρειττόνως

2160 3259 2375 3330 ἔχουσιν
2404 3253 2547 3311 οῦτοι
2577 3256 2727 3327 παρά
2748 3256 2816 3309 τὰ
2836 3256 2986 3311 ἄλλα·
3019 3258 3111 3309 καὶ
3140 3256 3286 3309 ἔστιν
3315 3255 3532 3326 ἀληθὲς,
3566 3257 3637 3308 ὅτι
3658 3253 3707 3305 τὰ

2168 3350 2364 3421 μᾶλλον
2393 3349 2685 3421 μετέχοντα
2703 3349 2797 3401 τοῦ
2820 3348 2953 3401 Θεοῦ
2982 3348 3178 3421 μᾶλλον
3201 3348 3348 3420 αὐτῷ
3366 3347 3705 3419 πλησιάζουσι.

2175 3443 2395 3515 Ἐπειδὴ
2430 3443 2486 3496 δὲ
2518 3442 2647 3511 περὶ
2676 3441 2880 3495 τούτων
2911 3442 3158 3513 εἴπομεν,
3200 3443 3334 3513 φέρε
3377 3443 3471 3495 ἐπὶ
3497 3441 3580 3493 τὸν
3605 3456 3708 3509 προ-

2156 3536 2405 3607 κείμενον
2438 3534 2639 3588 σκοπὸν
2673 3533 2946 3605 ἔλθωμεν,
2982 3536 3077 3587 καὶ
3109 3534 3237 3605 περὶ
3265 3533 3362 3585 τοῦ
3384 3533 3545 3595 ὅντως
3570 3531 3705 3591 ὄντας,

2153 3632 2246 3683 καὶ
2274 3630 2381 3682 τῶν
2401 3628 2569 3682 ὄντων
2597 3628 2656 3680 οὑ
2666 3627 2902 3680 σιοποιοῦ
2924 3626 3284 3699 διαλάϐωμεν.

475 3724 654 3770 autem
685 3714 751 3769 de
786 3715 870 3769 his
909 3714 1285 3782 disseruimus,
1333 3717 1563 3787 agedum
1610 3718 1679 3773 ad
1724 3720 2059 3788 propositum
2104 3737 2326 3791 scepum
2370 3720 2677 3785 veniamus,
2708 3729 2763 3773 et
2813 3720 2881 3774 de
2916 3727 3045 3775 ente
3078 3734 3204 3775 vere
3232 3720 3506 3776 existente
3533 3726 3582 3774 et
3635 3728 3708 3768 en-

477 3806 691 3860 titatum
721 3807 993 3865 eil'ectrice
1027 3812 1193 3867 verba
1229 3812 1521 3871 faciamus.

549 3898 579 3970 ᾗ
609 3898 698 3952 1V.
740 3901 840 3967 Qui
872 3912 978 3968 est,
1024 3905 1078 3959 id
1115 3914 1201 3960 est
1238 3905 1402 3972 Deus,
1434 3909 1731 3962 secundum
1771 3907 2062 3963 oraculum.

477 3989 795 4058 Mosaicum,
827 4003 914 4048 est
952 4009 1116 4064 supra
1150 3998 1440 4066 ipsummet
1475 4013 1598 4054 esse
1630 4000 1759 4070 (hoc
1786 4000 1931 4054 enim
1967 4008 2052 4055 est

472 4101 637 4155 supra
684 4087 1064 4158 substantiam)
1124 4104 1286 4144 causa
1337 4091 1579 4147 eﬂiciens
1637 4092 2048 4157 substantiam;

473 4177 674 4248 quippe
713 4178 1118 4234 subsisteutiam
1144 4190 1200 4235 et
1248 4182 1597 4238 existentiam
1637 4185 1930 4256 perliciens
1964 4194 2049 4238 to-

473 4272 581 4323 tius
604 4285 725 4325 esse
754 4269 1037 4325 collective
1063 4274 1260 4343 sumpti
1286 4290 1300 4339 ;
1331 4276 1465 4329 nihil
1496 4277 1640 4331 enim
1670 4288 1753 4331 est
1783 4279 1834 4331 in
1871 4278 2052 4345 rebus,

471 4364 614 4432 quod
645 4380 754 4420 non
790 4364 915 4421 inde
945 4380 1101 4420 suum
1127 4381 1250 4422 esse
1279 4370 1561 4425 sortiatur.
1596 4369 1896 4427 Secundum
1948 4375 2053 4427 vir-

469 4465 630 4510 tutem
662 4469 841 4515 autem
887 4462 1047 4529 dixit,
1081 4464 1339 4532 quoniam
1378 4463 1486 4519 alia
1534 4465 1750 4533 quidem
1788 4468 2052 4536 producta

469 4563 633 4619 sunt,
691 4543 794 4609 alia
853 4568 983 4611 vero
1038 4560 1435 4627 producuntur.
1497 4558 1631 4613 Cum
1680 4560 1864 4630 itaque
1910 4561 2052 4616 Deus

2232 3906 2259 3979 §
2296 3906 2389 3960 IV.
2436 3904 2493 3956 '0
2518 3903 2613 3967 ὢν,
2635 3904 2663 3956 ὁ
2692 3902 2823 3965 Θεὸς
2848 3900 2990 3955 κατὰ
3020 3901 3111 3954 τὸν
3142 3900 3276 3972 πρὸς
3300 3900 3511 3971 Μωσῆν
3530 3916 3708 3972 χρημα-

2157 4000 2372 4071 τισμὸν,
2414 3998 2556 4068 ὑπὲρ
2591 3992 2730 4049 εἶναι
2759 3995 2838 4059 ὃν,
2884 3994 3065 4066 (τοῦτο
3094 3994 3206 4067 γάρ
3236 3996 3355 4048 ἐστι
3396 3995 3460 4048 τὸ
3492 3994 3708 4062 ὑπερεύ-

2159 4090 2338 4161 σιος,)
2370 4090 2517 4143 αἰτία
2547 4088 2842 4150 ὑποστάτις
2876 4087 3013 4140 ἐστί·
3050 4087 3111 4140 τὸ
3154 4087 3283 4156 γοῦν
3326 4090 3409 4151 είς
3451 4088 3706 4139 ὑπόστασιν

2159 4186 2253 4237 καὶ
2300 4180 2532 4252 ὕπαρξιν
2572 4178 2899 4234 συντελοῦσα
2939 4179 3062 4232 ὅλου
3094 4178 3190 4232 τοῦ
3237 4175 3378 4233 εἶναι
3424 4180 3701 4249 συλλήϐδην·

2158 4276 2307 4328 οὐδὲν
2324 4274 2432 4345 γὰρ
2448 4273 2554 4326 τῶν
2578 4272 2768 4336 ὅντων,
2796 4272 2824 4324 ὃ
2849 4270 2923 4342 μὴ
2946 4272 3158 4325 ἐκεῖθεν
3178 4271 3291 4341 ἔχει
3313 4271 3375 4325 τὸ
3394 4270 3549 4324 εἶναι.
3573 4269 3705 4323 Κατὰ

2159 4370 2415 4439 δύναμιν
2435 4368 2491 4420 δὲ
2527 4364 2701 4431 εἶπεν,
2723 4367 2804 4419 ὅτι
2819 4365 2887 4418 τὰ
2919 4366 3018 4436 μὲν
3040 4365 3507 4437 παρήχθησαν,τά
3525 4365 3576 4418 δὲ
3591 4380 3703 4433 παρ-

2160 4463 2402 4532 άγονται.
2448 4460 2602 4513 Ἐπεὶ
2637 4458 2770 4527 γοῦν
2810 4458 2872 4511 τὸ
2914 4458 3071 4511 Θείον
3102 4459 3247 4512 ἅπαν
3271 4458 3332 4511 τὸ
3355 4458 3494 4511 εἶναι
3524 4460 3577 4511 ἐν
3598 4459 3701 4510 ἐαυ-

2156 4556 2235 4626 τῷ
2268 4552 2529 4608 συλλαϐὸν
2566 4552 2677 4623 ἔχει
2697 4592 2711 4616 ,
2743 4551 2838 4605 καὶ
2866 4550 2975 4604 τῶν
2992 4550 3161 4604 ὄντων
3197 4552 3290 4604 καὶ
3318 4550 3427 4603 τῶν
3448 4549 3698 4620 ἐσομένων,

471 4646 781 4700 universum
816 4664 941 4703 esse
982 4650 1035 4703 in
1089 4666 1147 4705 se
1193 4653 1310 4721 ipso
1361 4653 1644 4707 collectum
1688 4657 1903 4721 haheat,
1938 4666 2043 4709 tam

2165 4649 2332 4719 τίθησι
2363 4646 2423 4699 τὸ
2462 4646 2611 4699 κατὰ
2642 4643 2904 4711 δύναμιν
2929 4642 3350 4714 περιλαμϐάνων
3379 4644 3472 4696 καὶ
3501 4642 3556 4694 τὺ
3591 4637 3699 4693 εἶναι

469 4753 661 4793 eorum
698 4757 817 4810 qua:
854 4745 1113 4802 existunt,
1155 4761 1317 4815 quam
1353 4762 1475 4814 qua“:
1507 4747 1685 4801 futura
1718 4758 1865 4814 sunt,
1898 4750 2049 4818 ponit

470 4826 601 4884 illud
641 4833 924 4887 secundum
961 4834 1206 4889 virtutem
1241 4837 1715 4905 comprehendens
1744 4839 1909 4890 etiam
1951 4853 2050 4891 en-

468 4924 683 4977 titatem
714 4920 1042 4993 futurorum,
1068 4929 1199 4997 quia
1235 4930 1285 4983 in
1312 4944 1378 4983 eo
1409 4930 1499 4995 qui
1528 4944 1655 4983 vere
1683 4939 1765 4985 est
1787 4931 2050 4990 existunt,

468 5014 554 5068 vel
582 5020 758 5083 potius
790 5018 951 5073 etiam
993 5024 1371 5090 prmexistunt.
1404 5022 1469 5077 Et
1492 5023 1537 5077 si
1564 5023 1708 5077 enim
1737 5039 1857 5091 qua:
1879 5026 2051 5076 exsri-

471 5115 593 5160 tura
620 5117 745 5161 sunt
777 5106 1017 5163 futurum
1063 5111 1324 5178 habeant,
1358 5122 1541 5169 tamen
1573 5116 1711 5182 apud
1744 5123 2045 5169 creatorem

468 5198 842 5266 prmexistunt,
895 5201 1190 5256 secundum
1221 5203 1272 5256 id
1310 5204 1451 5272 quod
1485 5219 1515 5257 a
1560 5204 1796 5259 Ieremia
1841 5204 2046 5259 dictum

466 5301 582 5355 est;
617 5290 700 5345 ita
730 5299 788 5345 ut
824 5290 957 5345 illud
988 5294 1278 5347 secundum
1320 5296 1561 5349 virtutem
1596 5312 1699 5349 non
1737 5296 1801 5350 ad
1833 5307 2045 5351 creato-

469 5397 584 5436 rem
644 5382 995 5439 referendum
1041 5385 1137 5450 sit,
1188 5385 1281 5439 sed
1336 5386 1401 5440 ad
1448 5394 1754 5443 ‘creaturas.
1799 5385 1949 5452 Quod
2002 5387 2048 5441 si

468 5474 630 5528 aliam
685 5476 1142 5545 signiﬁcationem
1199 5477 1418 5532 virtutis
1476 5480 1735 5547 accipias,
1786 5480 2048 5547 quemad-

469 5569 687 5622 modum
713 5569 872 5633 dicis,
912 5570 1093 5637 ignem
1143 5568 1345 5625 habere
1380 5570 1489 5623 vim
1528 5569 1906 5635 calefaciendi,
1948 5570 2049 5625 hoc

467 5678 633 5717 sensu
664 5664 731 5717 de
763 5674 1013 5719 creatore
1058 5664 1287 5731 intelligi
1361 5665 1644 5718 commode
1697 5679 1803 5718 non
1851 5672 2046 5733 potest.

469 5753 566 5806 Est
608 5754 773 5823 igitur
821 5765 1038 5810 creator
1066 5755 1333 5820 entitatis,
1375 5764 1432 5809 et
1474 5756 1603 5823 quid
1636 5755 1763 5809 dico
1800 5754 2047 5808 entitatis

470 5845 583 5898 rei?
637 5845 879 5914 quinimo
930 5847 1555 5920 ipsiusmctcxistentize
1600 5847 1882 5914 entitatis,
1916 5849 2045 5903 sub-

2145 4742 2252 4795 τῶν
2276 4739 2549 4811 ἐσομένων
2569 4779 2583 4799 ,
2607 4738 2688 4789 ὅτι
2720 4738 2778 4790 ἐν
2800 4735 2878 4806 τῷ
2907 4735 3075 4799 ὅντως
3105 4735 3219 4788 ὄντι
3248 4736 3396 4789 ἐστὶν
3415 4776 3429 4799 ,
3467 4734 3497 4805 ἣ
3537 4731 3697 4803 μᾶλλον

2147 4835 2242 4887 καὶ
2270 4833 2546 4903 πρόεστιν.
2575 4831 2670 4883 Ἂν
2709 4829 2821 4900 γὰρ
2876 4829 2972 4882 καὶ
3016 4826 3083 4881 τὰ
3143 4828 3378 4898 ἐσόμενα
3424 4828 3484 4881 τὸ
3538 4824 3695 4897 μέλλον

2148 4926 2361 4996 ἔχωσιν,
2376 4923 2509 4977 ἀλλὰ
2524 4922 2673 4992 παρά
2685 4920 2762 4992 τῷ
2781 4920 3099 4993 δημιουργῷ
3125 4920 3566 4990 προῦφίστανται,
3588 4914 3693 4969 καθ-

2150 5017 2224 5081 ὼς
2270 5018 2383 5088 ἔχει
2428 5017 2521 5069 καὶ
2553 5016 2612 5067 τὸ
2658 5015 2787 5086 περὶ
2820 5014 2915 5067 τοῦ
2959 5015 3219 5086 Ἰερεμίου
3251 5013 3553 5084 λεγόμενον·
3585 5010 3693 5061 ὣστε

2150 5113 2210 5164 τὸ
2235 5111 2383 5164 κατὰ
2415 5109 2690 5177 δύναμιν,
2731 5109 2792 5160 οὐ
2831 5108 2971 5179 πρὸς
2994 5109 3086 5161 τὸν
3128 5108 3455 5178 δημιουργὸν
3490 5106 3689 5177 χρήσεις,

2154 5204 2287 5258 ἀλλά
2313 5202 2449 5275 πρὸς
2469 5202 2537 5255 τά
2561 5202 3057 5273 δημιουργούμενα.
3092 5203 3156 5255 Εἰ
3182 5202 3238 5255 δέ
3270 5196 3339 5271 γε’
3361 5202 3422 5254 τὸ
3440 5201 3604 5271 ἕτερον
3618 5211 3692 5262 σην

2154 5296 2475 5367 μαινόμενον
2510 5295 2609 5365 τῆς
2643 5294 2927 5365 δυνάμεως
2957 5294 3285 5365 λαμϐάνεις,
3316 5293 3498 5364 ὥσπερ
3528 5290 3685 5358 λέγεις.

2151 5389 2372 5442 δύναται
2397 5387 2459 5440 τὸ
2488 5386 2599 5458 πῦρ
2622 5386 2958 5458 θερμαίνειν,
2979 5387 3138 5440 τοῦτο
3167 5388 3260 5440 ὲπὶ
3279 5386 3371 5441 τοῦ
3399 5374 3683 5455 δημιουργοῦ

2152 5484 2340 5553 νοῆσαι
2368 5482 2468 5534 οὐκ
2496 5481 2813 5549 ἐπισφαλές.
2847 5481 3003 5534 Ἐστι
3024 5481 3155 5550 γοῦν
3176 5480 3499 5552 δημιουργὸς
3517 5475 3597 5529 τοῦ
3613 5472 3683 5524 ὁν-

2151 5592 2262 5638 τος,
2288 5575 2381 5627 καὶ
2408 5573 2460 5626 τί
2489 5573 2631 5642 λέγω
2664 5573 2817 5636 ὄντος
2844 5574 3172 5645 πράγματος
3196 5592 3211 5639 ;
3242 5574 3408 5644 αὑτῆς
3426 5572 3517 5643 τῆς
3537 5566 3681 5635 ὑπάρ-

2155 5666 2288 5730 ξεως
2321 5665 2415 5719 τοῦ
2453 5665 2623 5730 ὄντος,
2650 5665 2746 5737 τῆς
2773 5665 3144 5729 ὑποστάσεως,
3172 5667 3270 5737 τῆς
3289 5664 3485 5727 οὐσίας,
3502 5660 3587 5731 τῆς
3603 5654 3680 5725 φύ-

2158 5774 2313 5821 σεως,
2336 5756 2479 5828 ἀρχὴ
2507 5756 2615 5810 τῶν
2635 5756 2864 5819 αἰώνων,
2884 5756 2959 5820 ὡς
2989 5755 3315 5828 δημιουργὸς
3341 5754 3527 5809 αὐτῶν·
3551 5748 3608 5802 δι’
3628 5737 3676 5797 οὗ

2154 5848 2261 5921 γὰρ
2293 5849 2384 5904 καὶ
2412 5849 2551 5915 τοὺς
2578 5848 2796 5915 αἰῶνας
2822 5849 3073 5919 ἐποίησε
3091 5890 3107 5917 ,
3128 5852 3288 5921 φησὶν
3323 5852 3348 5903 ὁ
3380 5839 3672 5902 Ἀπὸστολοςι
