3866 6234
187 325 295 381 8δῖ

751 323 839 377 DE
876 323 1128 381 DlVlNlS
1162 325 1555 389 NOMINIBUS,
1594 324 1749 381 CAP.
1792 322 1862 377 V.
1900 355 1969 366 —
2001 323 2349 380 PARAPHR.
2387 324 2853 381 PACIIYMER‘E.

3330 330 3435 385 833

196 442 575 512 Ὀν-τότηςτῶν
603 443 823 514 χρόνων·
867 444 1145 499 ἔστωσαν
1180 446 1287 516 γάρ
1320 448 1405 509 εἰς
1422 443 1658 513 σημεῖα,
1680 444 1754 497 κα⁴

1877 443 2157 513 εἱειειιιὶίε,
2188 445 2461 510 essentim,
2486 454 2715 511 natum,
2740 445 3064 515 principium
3094 446 3442 511 saeculorum,

181 539 276 602 εἰς
302 534 801 606 ἐνιαυτοὺς-,φησὶν
848 538 882 607 ἡ
922 536 1131 608 Γραφή·
1177 540 1205 591 0
1236 537 1345 607 γὰρ
1380 536 1565 607 χρόνος
1620 535 1766 605 ἡλίου

182 629 331 700 φορᾷ
356 628 654 698 μετρεῖται,
689 627 781 679 καὶ
812 628 950 698 ὅπερ
978 630 1112 699 ἡμῖν
1145 629 1173 680 0
1206 629 1393 700 χρόνος
1424 628 1484 680 τὸ
1507 628 1768 699 πρότερον

180 721 282 775 καὶ
310 719 371 772 τὸ
394 718 619 788 ὕστερον
638 718 797 789 ἔχων,
825 720 981 772 τοῦτο
1002 723 1115 783 τοῖς
1142 720 1331 783 ἀϊδίοις
1359 720 1511 774 αἰών.
1545 721 1610 772 Ὃ
1638 718 1767 787 γοῦν

182 814 327 883 μήτε
364 808 435 883 ἦν
466 812 604 883 μήτε
645 811 831 876 ἔσται,
862 812 976 864 ἀλλ’
1022 811 1137 865 ἐστι
1181 813 1371 884 μόνον,
1404 811 1562 865 τοῦτο
1598 811 1767 875 ἑστὼς

178 905 310 975 ἔχον
335 905 395 957 τὸ
411 900 567 967 εἶναι,
600 903 678 974 τῷ
700 903 773 975 μὴ
801 904 1158 974 μεταϐάλλειν
1176 907 1256 968 εἰς
1277 904 1337 957 τὸ
1360 904 1531 967 ἔσται,
1557 904 1677 974 μηδ’
1698 898 1764 957 αὖ

179 996 650 1068 μεταϐεϐληκέναι
678 998 744 1049 ὲκ
785 995 880 1048 τοῦ
911 993 983 1067 ἦν,
1014 997 1099 1059 εἰς
1141 996 1203 1049 τὸ
1246 995 1361 1048 ἔστι
1384 1034 1399 1057 ,
1428 994 1583 1047 τοῦτό
1620 996 1766 1047 ἐστιν

175 1089 339 1143 αἰών.
382 1089 479 1141 Διὰ
518 1088 675 1142 τοῦτο
712 1088 821 1159 γὰρ
865 1090 959 1141 καὶ
998 1088 1131 1142 αἰὼν
1172 1088 1390 1145 λέγεται
1416 1087 1523 1140 τῶν
1549 1086 1767 1139 ὅντωνό

172 1181 337 1244 Θεὸς,
376 1181 451 1244 ώς
493 1182 631 1251 μήτε
660 1180 834 1253 ἀρχὴν
864 1180 1022 1251 ἔχων,
1057 1182 1191 1251 μήτε
1218 1179 1387 1241 τέλος,
1417 1180 1552 1248 μήτε
1590 1178 1650 1229 τὸ
1676 1173 1763 1248 ἦν,

177 1274 325 1343 μήτε
352 1273 412 1326 τὸ
434 1273 605 1337 ἔσται,
630 1272 763 1325 ἀλλὰ
793 1273 948 1343 μόνον
971 1272 1031 1326 τὸ
1053 1273 1220 1326 ἀΐδιον
1244 1274 1337 1325 καὶ
1360 1271 1760 1342 ἁπεριόριστοψ

172 1364 374 1434 χρόνος
402 1364 457 1418 δὲ
483 1364 590 1419 τῶν
611 1364 929 1436 γινομένων,
957 1365 1039 1417 ὅτι
1068 1365 1135 1418 τὰ
1156 1363 1408 1436 ὁρώμενα
1438 1364 1638 1427 εἰκόνες
1661 1364 1765 1415 εἰσὶ

169 1456 290 1509 τῶν
324 1458 571 1529 ἀοράτων
598 1459 693 1511 καὶ
722 1457 950 1528 νοητῶν.
982 1459 1091 1511 Καὶ
1120 1458 1308 1529 ῶσπερ
1338 1458 1508 1511 αἰῶνα
1539 1457 1765 1527 λέγομεν

171 1548 281 1620 τὴν
326 1548 594 1621 ἄτρεπτον
629 1550 877 1621 ἐκείνην,
926 1551 1018 1604 καὶ
1055 1550 1190 1622 ὁμοῦ
1231 1553 1409 1604 πᾶσαν
1454 1551 1620 1621 ζωὴν,
1671 1550 1767 1603 καὶ

175 1642 383 1713 ἄπορον
411 1642 512 1714 ἤδη
546 1644 639 1696 καὶ
658 1642 848 1713 ἀκλινῆ
883 1644 1087 1714 πάντη,
1121 1645 1214 1696 καὶ
1243 1645 1299 1696 ὲν
1320 1644 1398 1696 ένί
1418 1643 1513 1696 καὶ
1542 1643 1678 1714 πρὸς
1708 1642 1766 1695 ἓν

174 1734 445 1788 ἑστῶσαν·
470 1734 615 1788 οὑτω
634 1736 728 1789 καὶ
752 1735 842 1789 τὸν
869 1735 1057 1807 χρόνον
1086 1732 1205 1787 τότε
1234 1735 1329 1806 μὲν
1359 1737 1417 1787 ἐν
1438 1733 1514 1804 τῷ
1535 1734 1622 1786 ἀεὶ
1650 1734 1762 1786 ὄντι

173 1827 552 1881 ἀναπαύεσθαι
598 1827 861 1899 λέγομεν,
904 1827 1204 1897 ἐκφανῆναι
1233 1828 1308 1890 δὲ,
1336 1828 1421 1879 ὅτε
1465 1826 1630 1897 ἐχρῆν
1667 1826 1762 1879 καὶ

171 1918 329 1989 ἥλιον
357 1916 686 1989 ὑποστῆσαι,
719 1919 815 1972 καὶ
863 1919 1064 1989 ὀρατὴν
1102 1917 1263 1987 φύσιν
1306 1916 1607 1989 προελθεῖν,
1650 1917 1761 1988 Τὴν

170 2006 375 2074 οὖνείς
398 2010 467 2063 τὰ
498 2010 730 2080 αἰσθητά
752 2010 974 2081 πρόοδον
1002 2010 1099 2081 τῆς
1140 2012 1218 2073 εἰς
1237 2010 1297 2062 τὸ
1310 2009 1483 2063 ταῦτα
1502 2010 1761 2080 δημιουρ-

170 2105 293 2171 γεῖν
331 2103 666 2173 άγαθότητος
704 2102 799 2155 τοῦ
831 2101 966 2154 Θεοῦ
1010 2101 1165 2154 καλεῖ
1193 2102 1383 2173 χρόνον
1408 2101 1515 2155 τῶν
1545 2101 1761 2172 γινομέ-

170 2211 305 2259 νων,
334 2194 469 2248 άλλὰ
506 2196 600 2248 καὶ
640 2190 776 2247 εῖναι
807 2196 919 2258 τοῖς
950 2189 1090 2258 οὖσι,
1120 2195 1214 2247 καὶ
1236 2194 1452 2265 γένεσιν
1476 2194 1585 2245 τῶν
1616 2210 1761 2262 γινο-

173 2287 377 2358 μένων,
394 2288 477 2339 ὅτι
501 2286 560 2353 ἐξ
582 2285 742 2338 αὑτοῦ
760 2284 1090 2356 ἐκινήθησαν
1107 2286 1199 2338 καί
1216 2285 1527 2354 ὑπέστησαν
1546 2285 1759 2339 ἅπαντα

168 2380 239 2433 τὰ
262 2380 370 2432 ὑπὸ
388 2379 613 2448 ,γένεσιν
633 2378 779 2443 ὅντα,
808 2379 902 2432 καὶ
927 2377 995 2431 τὰ
1017 2378 1121 2430 ὑπὸ
1140 2378 1326 2450 χρόνον
1346 2377 1623 2448 γινόμενα.
1663 2377 1759 2432 Ἐκ

164 2473 365 2526 τούτου
394 2471 488 2525 τοῦ
521 2470 848 2542 ὑπερουσίου
879 2470 1032 2534 ὄντος
1066 2472 1161 2523 καὶ
1201 2472 1229 2524 0
1262 2469 1398 2523 αἰὼν
1433 2470 1661 2540 ὑπέστη,
1698 2475 1795 2543 τόὅ

166 2567 288 2627 τοῖς
336 2558 455 2617 οὖσι
496 2562 695 2634 δηλαδὴ
737 2561 1364 2634 συμπαρεκτεινόμενον·
1405 2562 1500 2616 καὶ
1534 2564 1568 2632 ή
1601 2562 1757 2615 οὐσία

166 2655 282 2708 τῶν
312 2654 501 2719 ὄντων,
532 2656 627 2708 καὶ
667 2653 728 2707 τὸ
764 2654 821 2706 ὃν
852 2654 984 2706 αὐτὸ
1009 2654 1070 2707 τὸ
1097 2653 1238 2707 κατά
1261 2653 1359 2725 τὴν
1390 2654 1576 2708 οὐσίαν
1601 2652 1756 2723 λεγό-

172 2763 356 2817 μενον.
406 2746 593 2799 Ταῦτα
644 2745 753 2799 τῶν
786 2745 928 2817 ὑπὲρ
950 2746 1098 2817 ἡμᾶς
1136 2746 1231 2799 καὶ
1270 2746 1557 2817 Θειοτέρων
1596 2745 1755 2801 δυνά-

171 2855 346 2908 μεων.
381 2838 491 2891 Καὶ
526 2834 680 2902 αὖθις
721 2837 789 2891 τὰ
817 2836 937 2891 καθ’
967 2838 1133 2908 ἡμᾶς,
1172 2837 1267 2891 καὶ
1316 2839 1344 2890 0
1388 2837 1596 2909 χρόνος,
1644 2841 1756 2902 τοῖς

166 2930 281 2983 ὑπὸ
304 2931 513 2999 γένεσιν
548 2931 626 3002 τῷ
670 2931 921 3002 προτέρῳ
956 2932 1050 2983 καὶ
1088 2930 1166 3001 τῷ
1196 2931 1409 3003 ὑστέρῳ
1452 2930 1754 3002 μετρούμε-

165 3040 284 3088 νος,
308 3024 401 3077 καὶ
424 3025 455 3094 ἡ
478 3024 693 3092 γένεσις
720 3023 829 3076 τῶν
865 3023 971 3076 ὑπὸ
996 3022 1210 3093 γένεσιν
1241 3024 1426 3088 ὄντων,
1456 3024 1549 3077 καὶ
1584 3023 1643 3076 τὸ
1668 3041 1755 3093 γι-

166 3114 434 3185 γνόμενον
480 3115 610 3169 αὑτὸ
639 3114 863 3169 πὸκατὰ
904 3114 1003 3187 τὴν
1052 3116 1264 3183 γένεσιν
1312 3114 1620 3185 λεγόμενον,
1663 3117 1756 3170 καὶ
1782 3132 1824 3188 C

164 3208 343 3262 τᾶλλα
372 3210 653 3273 πάντα,τά
670 3226 728 3261 τε
756 3212 813 3262 ὲν
840 3212 951 3273 τοῖς
978 3204 1126 3262 οὖσιν
1154 3208 1284 3262 ὄντα
1304 3211 1413 3272 τοῖς
1437 3208 1749 3281 θειοτέροις,

166 3302 269 3354 καὶ
307 3302 377 3354 τά
419 3301 665 3355 ὁπωσοῦν
713 3302 1018 3371 ὑφεστῶτα,
1062 3301 1129 3355 τά
1177 3301 1299 3355 καθ’
1340 3303 1487 3373 ἡμᾶς
1532 3301 1751 3375 δηλαδή.

166 3394 360 3447 Πάντα
386 3395 441 3447 δὲ
469 3394 643 3447 ταῦτα
666 3394 847 3459 ποσῶς
878 3397 1025 3448 ἐστιν
1048 3393 1194 3448 ὄντα·
1232 3394 1352 3447 οὐδὲ
1382 3394 1490 3466 γάρ
1512 3395 1572 3447 τὸ
1611 3395 1670 3449 ὃν
1694 3396 1754 3451 τδ

163 3485 282 3539 τῶν
330 3487 575 3555 ἀγγέλων
606 3486 1001 3558 περιλαμϐάνει
1053 3487 1147 3539 καὶ
1186 3486 1248 3539 τὸ
1292 3486 1400 3539 τῶν
1430 3484 1751 3559 ἀνθρώπων,

164 3578 296 3631 ὁὺδὲ
340 3578 401 3630 τὸ
430 3578 635 3632 τούτων
683 3581 775 3631 καὶ
816 3578 875 3631 τὸ
909 3579 1016 3631 τῶν
1065 3578 1330 3647 ἀγγέλων,
1373 3577 1486 3631 ἀλλ’
1526 3578 1755 3634 ἕκαστόν

163 3672 322 3724 ἐστιν
365 3670 783 3735 ἰδιοΰπόστατον,
812 3671 907 3724 καὶ
940 3670 1334 3743 περιγραπτὸν,
1368 3672 1462 3724 καὶ
1481 3673 1563 3724 ὅτι
1593 3670 1628 3724 ἃ
1655 3672 1753 3743 μὲν

163 3762 347 3834 ἀρχὴν
382 3763 594 3834 ἔχοντα,
626 3764 776 3828 τέλος
806 3764 905 3817 οὑκ
927 3762 1161 3835 ἔχουσιν,
1193 3762 1229 3817 ἃ.
1250 3763 1305 3815 δὲ
1335 3764 1429 3817 καὶ
1459 3763 1630 3835 ἀρχὴν
1658 3765 1751 3818 καὶ

161 3855 323 3918 τέλος
352 3855 587 3925 ἔχουσιν.
609 3853 776 3909 Ἐστι
802 3855 857 3909 δὲ
888 3856 922 3910 ἂ
948 3856 1041 3910 καὶ
1077 3856 1249 3928 ἀρχὴν
1279 3856 1375 3927 μὲν
1412 3856 1511 3909 οὐκ
1549 3856 1748 3927 ἔχουσι,

159 3945 322 4009 τέλος
351 3945 405 3999 δὲ
434 3945 635 4017 ἔχουσι,
664 3946 846 4011 καθὼς
877 3948 968 4002 καὶ
1007 3950 1036 4002 0
1076 3949 1247 4019 μέγας
1269 3946 1621 4019 διαλαμϐάνει
1648 3948 1753 4001 Βα-

163 4038 388 4102 σίλειος,
415 4037 589 4107 λέγων
616 4040 745 4112 περὶ
776 4041 881 4093 τῶν
913 4040 1073 4095 θείων
1106 4042 1205 4113 τῆς
1238 4040 1492 4113 προνοίας
1528 4040 1620 4094 τοῦ
1661 4042 1751 4095 κό-

164 4147 309 4201 σμου
334 4131 656 4203 βουλήσεων,
687 4129 749 4186 αἳ
786 4132 849 4204 δὴ
877 4133 971 4186 καὶ
989 4132 1163 4203 ἀρχὴν
1192 4133 1289 4203 μὲν
1323 4133 1423 4185 οὑκ
1459 4133 1634 4203 ἔσχον,
1659 4132 1748 4185 τέ-

160 4222 259 4286 λος
300 4224 356 4277 δὲ
385 4224 541 4295 ἔσχον
580 4224 785 4277 τούτων
812 4224 975 4288 τινὲς,
1030 4225 1121 4278 καί
1152 4240 1296 4287 τινες
1330 4224 1529 4291 ἕξουσι.
1567 4221 1749 4276 Ταῦτα

160 4314 302 4384 γοῦν
331 4316 505 4369 πάντα
543 4316 723 4379 ποσῶς
754 4316 901 4380 ὄντα,
935 4316 1092 4387 μόνον
1122 4316 1177 4369 δὲ
1206 4315 1266 4368 τὸ
1290 4316 1441 4369 Θεῖον
1480 4317 1539 4369 οὑ
1567 4317 1747 4381 ποσῶς

162 4407 319 4458 ἐστιν
347 4405 426 4468 ὃν,
460 4406 575 4459 ἀλλ’
618 4406 805 4470 ἁπλῶς
833 4408 925 4461 καὶ
966 4408 1379 4478 ἁπεριορίστως
1407 4407 1525 4461 ὅλον
1557 4408 1664 4479 γάρ
1688 4411 1744 4461 ἐν

161 4497 348 4567 ἑαυτῷ
395 4496 652 4551 συλλαϐὸν
682 4496 791 4567 ἔχει
824 4498 884 4549 τὸ
932 4495 1092 4561 εἶναι,
1129 4497 1250 4550 οὑτε
1282 4497 1584 4568 ἀρξάμενον
1621 4496 1743 4549 οὗτε

160 4589 530 4659 παυσόμενον·
558 4588 637 4642 διὸ
666 4590 758 4642 καί
783 4588 1030 4659 βασιλεὺς
1052 4588 1263 4657 λέγεται
1284 4590 1390 4640 τῶν
1418 4587 1646 4651 αἰώνων,
1668 4589 1745 4653 ὡς

160 4681 347 4735 πάντα
382 4681 552 4735 αἰῶνα
590 4682 683 4734 καὶ
706 4683 813 4735 πᾶν
837 4681 894 4734 ὃν
919 4681 1190 4752 περιέχον,
1215 4679 1395 4733 καὶτὰ
1424 4678 1519 4732 τοῦ
1554 4681 1741 4752 χρόνου

157 4772 432 4843 τμήματα
452 4812 469 4837 ,
504 4772 567 4825 τὸ
600 4768 689 4843 ἦν,
729 4772 790 4824 τὸ
833 4771 1004 4834 ἔσται,
1027 4772 1089 4823 τὸ
1115 4770 1384 4839 γενέσθαι,
1412 4770 1472 4823 τὸ
1497 4756 1741 4839 γίνεσθαι

159 4862 552 4932 διαπεφευγός
578 4864 750 4914 ταῦτα
780 4861 889 4933 γὰρ
915 4861 1024 4914 τῶν
1054 4860 1176 4914 καθ’
1201 4863 1350 4932 ἡμᾶς
1374 4862 1467 4914 καὶ
1494 4862 1592 4931 τῆς
1614 4865 1739 4932 ρευ-

164 4953 300 5023 στῆς
322 4951 552 5022 φύσεως.
595 4953 713 5005 Ἐτι
742 4952 797 5005 δὲ
828 4952 947 5005 οὐδὲ
973 4951 1033 5004 τὸ
1062 4951 1209 5005 ἐστιν
1241 4951 1374 5023 ἔχει,
1433 4953 1574 5022 ὑπὲρ
1612 4954 1741 5007 αὑτὸ

162 5043 276 5114 γάρ
296 5046 463 5107 ἐστιν,
490 5044 621 5097 αὑτό
650 5046 763 5097 ἐστι
790 5042 849 5097 10
869 5047 981 5107 τοῖς
1014 5039 1162 5097 οὖσιν
1194 5040 1350 5098 εἶναι·
1384 5044 1505 5097 οὑδὲ
1538 5045 1649 5116 γάρ
1673 5045 1741 5098 τά

161 5133 297 5184 εντα
317 5132 474 5203 μόνον
490 5135 553 5187 ὲκ
580 5131 672 5187 τοῦ
698 5133 853 5197 Θεοῦ,
884 5132 1018 5185 άλλά
1045 5134 1137 5185 καὶ
1165 5134 1225 5185 τὸ
1249 5130 1384 5187 εἶναι
1413 5133 1520 5186 τῶν
1549 5133 1736 5188 όντων·

160 5222 331 5286 αὑτὸς
368 5225 476 5294 γάρ
505 5226 650 5277 ἐστιν
682 5224 709 5277 ὁ
746 5223 1004 5294 ὑπάρχων
1042 5222 1146 5293 πρὸ
1185 5223 1290 5276 τῶν
1336 5222 1565 5287 αἰώνων,
1600 5224 1739 5277 κατὰ

160 5312 257 5364 τὸν
286 5303 468 5373 Δαυῖδ,
500 5312 527 5362 0
565 5310 698 5363 αἰὼν
736 5310 841 5364 τῶν
872 5310 1080 5364 αἰώνων
1100 5350 1115 5375 ,
1148 5310 1385 5381 δηλονότι
1426 5315 1455 5366 0
1484 5316 1738 5384 συνοχεὺς

167 5403 263 5472 τῆς
290 5398 461 5453 αιὰίου
492 5402 898 5472 παρεκτάσεως,
931 5403 959 5453 0
993 5402 1117 5473 ὅρος
1150 5402 1246 5471 τῆς
1267 5404 1485 5457 αἰωνίου
1509 5403 1674 5476 ζωῆς,
1708 5406 1737 5458 0

163 5493 426 5545 ἐπέκεινα
456 5490 549 5543 τοῦ
579 5491 652 5563 μὴ
678 5491 1068 5556 ἐπιλείποντος.

1808 4862 1815 4865 ·
1845 4847 2044 4918 cipiunt
2076 4846 2291 4916 quidem
2327 4857 2433 4897 non
2463 4842 2796 4901 habuerunt,
2846 4839 3006 4892 linem
3061 4852 3188 4890 vero
3218 4837 3419 4918 aliquae

1876 542 2131 603 tanquam
2167 536 2415 590 conditor
2453 551 2665 600 eorum,
2706 551 2805 606 per
2830 552 2954 590 cum
2984 537 3128 590 enim
3159 537 3319 591 etiam
3346 556 3445 592 εω-

1869 615 1988 680 εἰιία
2014 626 2158 695 fecit,
2188 635 2249 681 ut
2274 627 2451 698 inquit
2482 629 2770 697 Apostolus
2804 628 2844 680 ί.
2873 627 3084 682 Entitas
3119 638 3441 699 temporum,

1868 719 2134 787 siquidem
2166 729 2366 774 statuta
2410 731 2534 775 sunt
2568 722 2623 773 in
2665 722 2839 790 signa,
2867 730 2914 775 et
2954 722 3010 774 in
3048 738 3236 785 annos,
3276 730 3335 775 ut
3368 725 3445 777 ait

1869 811 2148 881 Scriptura
2178 820 2247 877 “;
2298 813 2553 881 quoniam
2608 822 2822 881 tempus
2852 812 2983 868 solis
3014 829 3178 868 cursu
3221 831 3443 870 mensu-

1870 913 2057 968 ratur;
2104 913 2161 957 et
2219 904 2361 971 quod
2413 904 2569 957 nobis
2630 911 2841 972 tempus
2884 912 2990 968 est,
3037 905 3180 972 quod
3209 906 3357 973 prius
3389 913 3443 959 et

1867 998 2137 1069 posterius
2168 997 2350 1059 habet,
2382 996 2484 1050 hoc
2514 998 2676 1051 rebus
2709 997 3057 1065 sempiternis
3101 1008 3184 1052 est
3226 1001 3412 1053 aeterni

1869 1099 1967 1143 tas.
2005 1087 2155 1155 Quod
2188 1072 2373 1157 itaque
2404 1102 2581 1157 neque
2611 1097 2751 1153 erat,
2778 1103 2959 1157 neque
2981 1089 3107 1155 erit,
3140 1089 3233 1143 sed
3268 1090 3439 1144 solum

1866 1192 1970 1247 est,
1999 1182 2205 1234 habens
2236 1181 2337 1235 hoc
2362 1194 2480 1235 esse
2511 1181 2835 1246 consistens,
2867 1196 2974 1234 nou
3001 1180 3198 1234 mutari
3253 1182 3437 1249 inerit,

1867 1288 2045 1342 neque
2078 1273 2400 1326 transivisse
2438 1289 2505 1327 ex
2542 1284 2662 1326 erat
2704 1272 2755 1326 in
2812 1282 2921 1336 est,
2970 1273 3072 1326 hoc
3110 1282 3193 1326 est
3221 1274 3438 1327 :eterni-

1868 1371 1969 1417 tas.
2017 1364 2222 1418 Idcirco
2266 1364 2409 1418 enim
2465 1364 2627 1417 etiam
2671 1364 2953 1418 aeternitas
3004 1364 3201 1418 dicitur
3256 1379 3438 1418 rerum

1865 1453 2027 1521 Deus,
2077 1454 2275 1524 quippe
2326 1470 2432 1508 non
2483 1454 2692 1508 habens
2739 1455 3086 1523 principium,
3144 1470 3319 1524 neque
3372 1456 3438 1510 ﬁ-

1867 1562 2012 1612 nem,
2051 1562 2225 1617 neque
2271 1557 2412 1614 erat,
2462 1562 2637 1617 neque
2686 1550 2813 1616 erit,
2846 1550 2939 1603 sed
2969 1548 3141 1603 solum
3166 1565 3286 1604 esse
3314 1564 3430 1619 per-

1863 1648 2081 1707 petuum
2141 1648 2196 1693 et
2241 1640 2806 1709 incircumscriptum;
2863 1650 3072 1711 tempus
3112 1652 3291 1696 autem
3351 1651 3437 1698 est

1864 1745 2049 1785 eorum
2089 1746 2209 1800 quae
2238 1731 2393 1794 ﬁunt,
2433 1734 2688 1800 quoniam
2736 1746 2801 1786 ea
2847 1748 2964 1800 qua:
3007 1733 3259 1787 videnlur
3296 1733 3433 1788 inta-

1863 1823 2016 1891 gines
2047 1832 2174 1875 sunt
2222 1837 2409 1876 eurum
2456 1837 2574 1891 qua:
2618 1838 2722 1875 non
2765 1823 3019 1902 videntur
3043 1833 3099 1878 et
3134 1824 3435 1891 intelligun-

1864 1922 1969 1969 tur.
2024 1914 2089 1967 Et
2130 1913 2269 1968 sicut
2314 1914 2678 1968 mternitatem
2738 1915 2969 1969 dicimus
3042 1915 3431 1969 immutabilem

1862 2003 2010 2058 illam
2049 2005 2242 2069 vitam,
2295 2019 2413 2073 qua:
2456 2012 2512 2058 et
2560 2004 2721 2057 simul
2759 2013 2866 2059 tota
2900 2005 3106 2067 existit,
3142 2014 3197 2060 et
3229 2005 3433 2060 nullius

1860 2108 2096 2165 unquam
2142 2102 2284 2163 eget,
2331 2108 2431 2148 nec
2476 2095 2699 2147 omnino
2749 2094 2952 2162 deﬁcit,
3011 2104 3065 2148 et
3114 2094 3169 2149 in
3214 2111 3319 2149 uno
3366 2111 3431 2149 ac

1860 2195 2081 2256 propter
2106 2201 2272 2239 unum
2317 2184 2597 2248 consistit;
2628 2184 2708 2237 sic
2738 2185 2901 2238 etiam
2932 2194 3140 2253 tempus
3167 2193 3280 2239 tum
3311 2185 3432 2253 qui-

1860 2282 1980 2332 dem
2014 2277 2065 2331 in
2097 2292 2161 2332 eo
2187 2276 2328 2346 quod
2359 2290 2577 2344 semper
2603 2274 2763 2347 44],
2793 2285 2877 2330 εει
2910 2278 3249 2345 requiescere
3294 2277 3430 2331 dici-

1859 2382 2000 2434 mus,
2034 2382 2297 2437 apparere
2338 2382 2489 2432 vero,
2532 2369 2748 2437 quando
2772 2369 3061 2436 Oportebat
3098 2384 3312 2437 quoque
3341 2384 3432 2423 so-

1859 2458 1962 2513 lem
1992 2461 2309 2527 subsistere,
2347 2468 2400 2513 et
2434 2459 3004 2513 visibilem-naturam
3042 2462 3278 2530 prodire.
3326 2461 3431 2515 lta-

1858 2568 1962 2623 que
2003 2568 2348 2624 progressum
2390 2552 2587 2607 divinae
2638 2553 2898 2607 bonitatis
2937 2553 3003 2606 ad
3047 2554 3264 2608 sensilia
3300 2570 3429 2624 pro-

1856 2646 2134 2709 ducenda,
2207 2655 2365 2699 vocat
2423 2656 2634 2715 tempus
2686 2660 2869 2698 eorum
2924 2660 3043 2715 qua:
3101 2645 3252 2707 ﬁunt,
3299 2646 3428 2715 quin

1856 2739 2019 2791 etiam
2051 2753 2174 2792 esse
2205 2753 2382 2792 rerum
2413 2748 2466 2791 et
2493 2737 2902 2808 generationu'm
2934 2753 3052 2805 qua:
3091 2739 3262 2804 ﬁunt;
3289 2754 3427 2806 quo~

1858 2832 2001 2884 niam
2052 2846 2119 2884 ex
2167 2829 2288 2896 ipso
2340 2838 2486 2882 mota
2527 2838 2673 2892 sunt,
2734 2838 2785 2881 et
2837 2828 3203 2883 substiterunt
3245 2833 3427 2885 omnia

1858 2938 1977 2992 qua:
2027 2921 2362 2993 generatioui
2420 2922 2664 2990 subjecta
2717 2930 2870 2985 sunt,
2917 2930 3120 2989 etquae
3161 2923 3258 2975 sub
3287 2931 3426 2977 tem-

1856 3029 1985 3083 pore
2022 3014 2178 3068 ﬁunt.
2212 3013 2288 3065 Ex
2312 3012 2414 3066 hoc
2442 3011 2881 3081 superessentiah’
2908 3021 3031 3066 ente
3064 3013 3228 3066 etiam
3254 3028 3426 3067 aevum

1857 3105 2064 3165 existit,
2111 3102 2253 3171 quod
2291 3101 2548 3155 nimirum
2603 3101 2763 3154 rebus
2808 3099 3203 3166 coextenditur,
3246 3109 3301 3153 et
3343 3114 3429 3154 es-

1857 3198 2035 3252 sentia
2091 3211 2297 3257 rerum,
2346 3203 2400 3248 et
2451 3195 2740 3262 ipsummet
2788 3207 2907 3253 eus,
2953 3191 3094 3260 quod
3132 3192 3424 3245 secundum

1855 3290 2146 3345 essentiam
2194 3288 2418 3343 dicitur.
2465 3287 2588 3340 Haec
2617 3286 2794 3355 quoad
2823 3285 3131 3355 superiores
3160 3284 3318 3339 nobis
3342 3284 3426 3337 di-

1854 3382 2201 3449 vinioresque
2231 3380 2498 3449 .virtutes.
2547 3378 2613 3430 Et
2655 3393 2870 3432 rursum
2929 3377 3104 3444 quoad
3162 3374 3422 3429 nostratia

1854 3488 2093 3542 quoque,
2126 3481 2337 3539 tempus
2365 3478 2448 3524 est
2487 3484 2583 3538 per
2610 3468 2758 3538 prius
2791 3479 2841 3522 et
2870 3466 3139 3536 posterius
3177 3467 3228 3518 in
3262 3464 3426 3520 rebus

1854 3566 2050 3635 genitis
2083 3573 2474 3626 mensuratum,
2501 3572 2554 3616 et
2592 3562 2868 3630 generatio
2896 3576 3083 3614 eorum
3114 3574 3425 3633 quzegene-

1854 3666 2064 3721 rantur,
2097 3665 2151 3709 et
2182 3655 2231 3707 id
2264 3654 2436 3722 ipsum
2471 3652 2611 3722 quod
2651 3651 2890 3721 gignitur
2933 3650 3228 3705 secundum
3259 3666 3426 3718 gene-

1856 3747 2119 3799 rationem
2151 3744 2373 3811 dictum,
2424 3753 2731 3811 caueraque
2761 3741 2941 3795 omnia
2992 3756 3109 3808 qua:
3161 3741 3213 3793 in
3259 3741 3422 3795 rebus

1853 3836 2209 3893 divinioribus
2260 3837 2535 3899 existunt,
2588 3846 2642 3888 et
2710 3849 2829 3902 quae
2888 3847 3210 3901 quocunque
3263 3835 3422 3886 modo

1851 3932 2116 3993 existunt,
2150 3928 2363 3983 scilicet
2402 3917 2697 3982 secundum
2738 3942 2854 3979 nos.
2888 3925 3012 3980 Hinc
3036 3934 3211 3979 autem
3240 3925 3427 4003 omnia

1851 4032 1978 4078 sunt
2003 4023 2182 4092 aliquo
2214 4021 2373 4075 modo
2408 4020 2551 4074 entia
2584 4038 2598 4073 :
2652 4033 2758 4072 non
2791 4018 2934 4072 enim
2964 4031 3085 4072 esse
3110 4015 3419 4086 angelorum

1848 4124 1903 4170 et
1930 4113 2206 4168 hominum
2260 4110 2750 4179 comprehendunt,
2783 4121 2959 4177 neque
2991 4108 3180 4161 horum
3221 4114 3277 4160 et
3324 4096 3428 4184 ειη-ξ

1848 4206 2113 4275 gelorum,
2142 4202 2236 4257 sed
2267 4201 2547 4272 quodlibet
2592 4200 2754 4254 habet
2807 4198 3081 4267 propriam
3120 4197 3427 4267 subsisteu-j

1850 4301 2004 4362 tiam,
2068 4310 2297 4364 eamque
2348 4293 2673 4357 limitatam;
2732 4292 2989 4360 quoniam
3038 4289 3144 4342 alia
3196 4276 3426 4357 quidem

1850 4388 2173 4457 principium
2219 4387 2442 4448 habent,
2478 4381 2635 4436 ﬁnem
2669 4398 2774 4434 non
2822 4380 3053 4447 habent,
3075 4380 3173 4433 alia
3204 4394 3331 4433 vero
3362 4369 3425 4453 et:

1776 4470 1821 4529 D
1850 4480 2168 4547 principium
2199 4485 2255 4531 et
2300 4476 2457 4528 linem
2503 4472 2722 4527 habent.
2770 4472 2907 4525 Sunt
2945 4486 3077 4525 vero
3107 4470 3268 4525 etiam
3293 4486 3414 4537 qua:

1848 4570 2171 4641 principium
2212 4568 2426 4638 quidem
2476 4580 2581 4618 non
2615 4566 2834 4627 habent,
2866 4564 2959 4617 scd
2995 4561 3156 4616 ﬁnem
3190 4562 3412 4627 habent,

1845 4664 1921 4717 uti
1946 4663 2107 4717 etiam
2134 4661 2357 4729 Magnus
2394 4656 2623 4711 Basilius
2656 4655 2839 4716 tradit,
2869 4654 3092 4724 loquens
3115 4652 3180 4707 de
3210 4652 3409 4707 divinis

1847 4755 1993 4807 circa
2025 4751 2209 4806 mundi
2250 4748 2646 4819 providentiam
2682 4744 3055 4808 volitionibus,
3101 4757 3221 4811 quae
3265 4742 3413 4811 prin-

1849 4894 2044 4918 -..m---
2080 4894 2291 4916 την--
2782 4894 2795 4901 _
3312 4894 3323 4903 _

1849 4943 2059 4997 illarum
2111 4940 2223 5009 jam
2276 4943 2624 5005 acceperunt,
2673 4932 2866 5001 aliquze
2917 4932 3080 4984 etiam
3120 4894 3419 4983 habebunt}

1847 5033 1973 5087 lIa-c
2016 5032 2180 5101 igitur
2225 5029 2406 5084 omnia
2453 5038 2580 5082 sunt
2633 5025 2813 5093 aliquo
2861 5025 3019 5077 modo
3061 5021 3227 5086 entia,
3265 5020 3419 5101 solus‘

1847 5140 2024 5184 autem
2070 5128 2211 5182 Deus
2262 5141 2365 5181 non
2415 5135 2499 5178 est
2526 5124 2705 5193 aliquo
2738 5121 2897 5175 modo
2927 5136 3044 5185 ens,
3076 5119 3168 5175 sed
3200 5104 3417 5193 simpli:I

1845 5226 1982 5279 citer
2008 5236 2061 5277 et
2088 5222 2397 5276 illimitate:
2448 5228 2618 5273 totum
2673 5217 2817 5272 enim
2878 5229 2997 5269 esse
3048 5214 3102 5266 in
3157 5225 3217 5266 se
3262 5214 3415 5265 com-l

1846 5314 2035 5385 plexus
2077 5321 2181 5373 est,
2227 5327 2326 5366 nec
2366 5310 2633 5379 incipiens
2683 5322 2862 5376 neque
2904 5305 3191 5367 desinens;
3238 5312 3412 5369 quare

1843 5408 2004 5460 etiam
2051 5405 2248 5460 dicitur
2297 5403 2410 5457 Rex
2471 5402 2814 5467 smculorum,
2862 5399 3061 5468 quippe
3098 5394 3187 5464 qui
3221 5392 3404 5448 omnia

1841 5495 2034 5552 smcula
2062 5505 2117 5550 et
2144 5511 2240 5549 ens
2268 5509 2427 5549 omne
2468 5492 2861 5561 complectitur,
2893 5498 2948 5542 et
2984 5496 3280 5554 temporum
3314 5482 3408 5535 de-

161 5597 429 5646 CISIOIICS.
462 5592 604 5649 erat,
653 5585 779 5651 erit,
838 5584 1039 5641 {aetum
1090 5600 1210 5642 esse
1254 5602 1318 5645 ac
1355 5587 1497 5649 iﬁcri
1543 5590 1914 5661 subterfugit;
1978 5588 2244 5660 siquidem
2308 5588 2421 5644 haec
2469 5586 2630 5642 rebus
2673 5582 3043 5645 nostratibus,
3090 5586 3405 5645 natumque

239 5740 261 5776 ⁸
299 5736 463 5792 llebr.
502 5751 540 5803 ι,
568 5736 622 5791 9..
694 5748 722 5776 υ
748 5734 883 5792 Gen.
913 5753 949 5804 I,
987 5737 1072 5794 H.
