3866 6234
456 298 559 355 διο
1632 284 1688 339 s.
1726 276 2019 339 niouvsn
2053 242 2518 335 mmmam
3608 266 3712 332 sio

456 414 613 468 nunc
642 408 989 465 conveniunt.
1023 404 1161 473 Quin
1189 419 1257 459 ne
1284 404 1503 474 quidem
1536 400 1699 455 habet
1726 399 1901 468 ipsum
1929 403 2036 459 est,
2067 393 2331 465 quoniam
2364 406 2528 463 supra
2577 392 2751 457 ipsum
2782 396 2888 456 est,
2953 396 3007 443 et
3052 386 3286 457 ipsemet
3326 394 3412 440 est
3441 396 3568 439 esse
3630 400 3712 438 re-

458 512 591 570 bus;
624 520 721 559 nec
749 503 893 557 enim
923 500 1067 556 entia
1108 498 1281 555 solum
1310 514 1339 551 a
1371 496 1482 550 Deo
1530 504 1676 560 sunt,
1707 493 1801 548 sed
1850 491 2055 546 entium
2087 503 2304 557 quoque
2359 486 2473 556 ipsa
2528 487 2764 549 entitas;
2816 482 2931 551 ipse
2968 479 3115 536 enim
3165 487 3249 534 est
3296 477 3544 533 existens
3592 488 3711 530 ante

455 568 674 663 alecula,
703 598 998 653 secundum
1032 592 1290 647 Davidem
1357 596 1405 653 ν,
1447 588 1706 643 saeculum
1769 582 2117 646 saeculorum,
2173 580 2369 649 quippe
2418 577 2707 633 continens
2770 574 3161 647 sempiternam
3237 568 3708 636 coextenslonem,

456 694 723 749 terminus
769 689 893 743 vita:
941 685 1313 755 sempiternas,
1359 684 1449 751 qui
1491 689 1574 735 est
1609 692 1775 749 supra
1810 677 1862 731 id
1894 673 2040 744 quod
2082 684 2186 724 non
2213 670 2417 725 deﬁcit.

529 788 558 859 ᾗ
602 786 664 841 V.
708 783 882 838 Altius
930 782 1116 851 itaque
1154 785 1478 847 repetentes
1536 774 1803 838 dicamus,
1866 768 2029 823 rebus

2202 760 2229 833 ᾗ
2259 761 2317 816 ν.
2358 760 2739 824 Ἀναλαϐόντες
2764 754 2856 814 οὖν
2882 759 3143 828 εἴπωμεν,
3164 757 3247 810 ὅτι
3275 757 3408 809 πᾶσι
3426 755 3544 818 τοῖς
3569 746 3711 811 οῦσιι

453 882 711 939 omnibus
731 891 785 935 et
804 879 935 932 arvis
972 877 1104 946 ipsis
1134 888 1342 940 rerum,
1379 874 1558 941 ipsum
1590 882 1708 924 esse
1738 868 1806 921 ab
1848 880 1914 919 eo
1938 864 2031 934 qui

2137 853 2225 906 καὶ
2248 855 2361 918 τοῖς
2384 852 2575 907 αἰῶσιν
2598 853 2783 917 αὐτοῖς
2811 842 2931 908 καθ’
2956 851 3050 915 οὓς
3072 850 3140 904 τὰ
3167 848 3316 912 ὄντα,
3341 848 3404 901 τὸ
3427 842 3573 901 εἶναί
3600 847 3713 899 ἐστι

457 972 756 1045 ριιεοιιίειίι
784 969 1038 1030 existere,
1079 963 1244 1038 ua
1273 964 1362 1033 qni
1409 964 1600 1018 horum
1653 958 1894 1014 omnium
1949 966 2034 1011 est

454 1065 785 1135 principium
816 1077 881 1115 ac
906 1075 1073 1115 causa
1103 1059 1481 1129 praeexistens,
1504 1055 1797 1124 omniaque
1829 1052 1881 1106 in
1913 1050 2031 1120 ipso

454 1162 787 1219 consistunt,
827 1168 951 1208 cum
976 1152 1047 1208 sit
1076 1162 1201 1207 ante
1230 1152 1333 1207 alia
1364 1168 1483 1222 quae
1505 1162 1627 1205 esse
1656 1145 2032 1219 participando

452 1253 643 1309 sortita
676 1261 822 1307 sunt.
864 1250 1120 1319 Suppone
1141 1249 1287 1303 enim
1328 1244 1602 1301 hominem
1631 1260 1644 1296 :
1680 1241 1768 1297 hic
1796 1240 2029 1310 primum

454 1346 622 1401 habet
654 1354 711 1399 ut
764 1344 855 1409 sit,
883 1342 1080 1398 deinde
1114 1342 1279 1397 habet
1329 1346 1388 1392 ut
1423 1337 1569 1392 vivat
1596 1344 1652 1392 et
1708 1334 1933 1400 sentiat,
1977 1341 2034 1388 et

457 1439 837 1497 ratiocinetur;
884 1446 941 1492 et
988 1443 1201 1490 mentes
1264 1432 1567 1489 invisibiles
1621 1431 1854 1502 primum
1910 1444 2033 1487 esse

455 1531 872 1603 participarunt,
902 1536 959 1582 et
987 1527 1067 1583 sic
1097 1526 1265 1580 vitam
1288 1534 1343 1580 et
1376 1523 1718 1595 sapientiam.
1743 1520 1869 1577 Hec
1902 1534 2032 1577 vero

454 1626 621 1682 etiam
678 1623 975 1679 secundum
1025 1630 1349 1691 conceptum
1391 1618 1824 1687 distinguuntur.
1879 1617 2033 1672 Sicut

456 1718 620 1790 igitur
651 1717 702 1770 in
754 1715 911 1770 nobis
942 1715 1113 1785 prima
1172 1712 1395 1767 materia
1445 1709 1776 1781 concipitur,
1829 1723 1895 1764 ex
1925 1724 2031 1779 qua

455 1819 793 1871 constamus,
818 1811 898 1864 slc
940 1808 1108 1863 etiam
1141 1808 1194 1860 in
1233 1807 1509 1861 mentibus
1563 1803 1917 1873 incorporeis,
1948 1802 2032 1856 in-

456 1913 572 1960 star
603 1903 867 1968 materia,
921 1902 1231 1972 concipitur
1285 1901 1574 1970 ipsummet
1620 1897 1910 1965 cujuslibet
1956 1895 2029 1951 rei

456 2010 577 2053 esse
604 2007 701 2063 per
748 1992 874 2048 vita:
906 1994 1165 2064 speciem,
1192 2000 1249 2046 et
1273 2000 1548 2061 quatenus
1568 1988 1634 2042 ad
1664 1987 1830 2041 vitam
1864 1996 1917 2040 et
1938 2000 2029 2040 sa-

454 2085 712 2155 pientiam
762 2092 819 2138 et
851 2084 919 2137 ad
946 2083 1189 2137 divinam
1233 2080 1651 2136 similitudinem
1698 2078 2032 2133 substantiae

459 2187 571 2231 tum
597 2184 703 2231 est.
739 2174 948 2230 Idcirco
980 2174 1135 2240 dicit,
1163 2174 1309 2242 quod
1346 2171 1519 2240 ipsum
1556 2185 1653 2239 per
1693 2183 1752 2223 se
1789 2184 1909 2223 esse
1961 2167 2034 2222 sit

459 2269 738 2340 aintiquins
764 2282 927 2338 quam
959 2280 1083 2321 esse
1115 2280 1212 2333 per
1238 2279 1298 2319 se
1323 2264 1490 2317 vitam
1519 2272 1576 2317 et
1615 2279 1711 2333 per
1734 2276 1794 2316 se
1816 2261 2031 2330 sapien-

461 2363 623 2423 tiam;
655 2377 761 2417 non
787 2359 929 2429 quod
977 2360 1031 2413 in
1068 2358 1178 2412 Deo
1222 2357 1296 2411 sit
1328 2356 1632 2411 istiusmodi
1670 2354 1889 2419 divisio,
1921 2355 2036 2409 sive

458 2454 808 2523 simpliciter,
838 2452 958 2507 sive
1008 2465 1105 2520 per
1137 2458 1489 2519 conceptum,
1517 2449 1689 2514 absit;
1722 2448 1815 2503 sed.
1841 2448 1908 2503 ab
1934 2449 2035 2503 hoc

459 2545 839 2615 intelliguntur
860 2544 974 2598 haec
1004 2543 1056 2597 in
1082 2542 1148 2597 iis
1174 2543 1425 2597 omnibus
1449 2557 1566 2612 qua:
1585 2558 1679 2611 per
1699 2542 2033 2597 creationem

458 2637 722 2692 existunt.
776 2633 969 2691 lerito
993 2634 1158 2704 igitur
1199 2650 1310 2703 pra:
1346 2635 1561 2689 caeteris
1594 2650 1715 2703 quae
1754 2634 2035 2689 cxistendo

463 2728 635 2785 Deum
701 2727 1051 2798 participant,
1104 2726 1248 2782 Deus
1309 2727 1538 2797 ipsemet
1595 2727 2034 2797 antiquissimum

462 2821 637 2887 ipsius
687 2820 831 2876 entis
862 2819 1191 2890 principium
1244 2819 1587 2889 intelligitur.
1624 2818 1803 2886 Quare
1834 2834 1955 2889 qua:
1978 2822 2034 2875 in

459 2915 675 2969 enectis
729 2922 856 2969 sunt
898 2912 1126 2968 ascribit
1156 2926 1361 2978 causa,
1396 2913 1627 2982 ideoque
1660 2928 1783 2967 cum
1815 2914 1917 2967 hac
1954 2913 2036 2967 di-

460 3012 644 3065 ctione
672 3009 827 3078 ponit
857 3022 919 3062 ea
951 3022 1071 3077 qua:
1098 3006 1253 3076 ponit
1291 3016 1550 3074 tanquam
1579 3006 1644 3060 de
1694 3007 1801 3060 Den
1839 3006 1980 3061 dicta
2016 3021 2032 3060 :

461 3102 607 3155 sicut
636 3101 803 3155 etiam
861 3112 1032 3169 ipsam
1091 3111 1189 3167 per
1229 3110 1287 3151 se
1340 3095 1748 3151 similitudinem
1780 3110 1885 3164 qua
1926 3096 2036 3151 Deo

461 3188 837 3243 assimilantur
872 3196 1088 3241 mentes
1125 3186 1225 3255 ipsi
1252 3186 1468 3251 vicinze,
1504 3185 1633 3254 quin
1665 3186 1843 3254 potius
1872 3184 2036 3241 etiam

461 3294 525 3334 ea
558 3296 680 3350 quae
712 3280 1038 3349 participant
1068 3294 1132 3334 ea
1196 3293 1317 3347 qua:
1347 3289 1494 3342 sunt,
1530 3286 1757 3345 utesse,
1807 3277 2035 3341 moveri,

464 3374 800 3438 ratiocinari,
834 3382 889 3428 et
922 3372 1148 3428 similia.
1182 3375 1361 3441 Atque
1387 3373 1523 3436 haec,
1547 3371 1602 3425 in
1625 3379 1886 3441 quantum
1907 3379 2036 3426 sunt

2132 946 2282 1019 παρὰ
2329 946 2425 1001 τοῦ
2485 945 2755 1017 προόντος,
2806 946 2899 1000 καὶ
2948 944 3165 999 πάντων
3210 941 3415 996 τούτων
3450 942 3481 995 6
3532 938 3714 1012 πριοὼν

2129 1041 2273 1113 ἁρχὴ
2296 1042 2390 1095 καὶ
2415 1042 2583 1107 αἰτία,
2615 1042 2710 1095 καὶ
2736 1040 2912 1094 πάντα
2950 1039 3007 1093 ὲν
3037 1036 3185 1108 αὐτῷ
3230 1036 3554 1106 συνέστηκε,
3584 1035 3714 1106 πρὸς

2128 1134 2236 1189 τῶν
2284 1134 2457 1190 ἄλλων
2506 1134 2666 1198 αὐτὸς
2717 1131 2961 1205 μετοχῶν
3000 1130 3063 1184 τὸ
3109 1126 3247 1183 εἶναι
3294 1128 3713 1199 κεκληρωμένα.

2143 1226 2369 1281 Ὑπόθου
2395 1227 2504 1299 γὰρ
2528 1227 2811 1299 ἄνθρωπον
2833 1241 2845 1254 ·
2875 1224 3028 1288 οὗτος
3052 1221 3115 1275 τὸ
3138 1217 3277 1275 εἰναι
3314 1220 3533 1293 πρῶτον
3556 1222 3713 1292 ἔχων,

2129 1323 2230 1395 ἢδη
2259 1322 2371 1393 ἔχει
2414 1322 2510 1375 καὶ
2533 1322 2594 1375 τὸ
2642 1321 2765 1391 ζῇν,
2801 1318 2895 1372 καὶ
2919 1317 2979 1371 τὸ
3005 1314 3377 1379 αἰσθάνεσθαι,
3405 1316 3503 1369 καὶ
3541 1315 3604 1368 τὸ
3630 1315 3713 1367 λο-

2129 1413 2378 1482 γίζεσθαι
2402 1428 2415 1443 ⁸
2446 1413 2541 1467 καὶ
2567 1412 2615 1466 οἰ
2642 1411 2863 1483 ἀόρατοι
2890 1409 3008 1474 νόες
3050 1406 3255 1480 πρῶτοι
3288 1407 3385 1461 τοῦ
3411 1403 3553 1461 εἶναι
3584 1426 3712 1479 μετ-

2130 1506 2304 1577 έσχον,
2333 1506 2428 1559 καὶ
2452 1504 2594 1558 οὓτω
2612 1503 2757 1575 ζωῆς
2784 1504 2878 1557 και
2903 1500 3113 1571 σοφίας.
3140 1500 3323 1556 Ταῦτα
3352 1500 3411 1554 δὲ
3453 1503 3550 1555 καὶ.
3593 1503 3712 1554 κατ’

2130 1599 2369 1652 ἐπίνοιαν
2398 1597 2728 1669 μερίζονται.
2762 1596 2972 1667 Ὠσπερ
2996 1593 3127 1664 γοῦν
3164 1594 3251 1663 ἐφ’
3277 1591 3435 1663 ἡμῶν
3465 1590 3712 1663 πρώτηή

2131 1690 2229 1762 ὕλη
2256 1691 2552 1744 ἐπινοεῖται
2580 1688 2672 1759 ἀφ’
2694 1683 2763 1761 ἧς
2787 1690 2974 1759 ἐσμεν,
3002 1686 3175 1751 οὕτως
3222 1687 3315 1739 ἐπὶ
3342 1684 3453 1738 τῶν
3493 1684 3714 1750 ἀσωμά-

2127 1801 2237 1837 των
2262 1782 2420 1846 νοῶν,
2448 1782 2610 1835 οἰονεὶ
2633 1779 2732 1853 ῦλη
2759 1782 2961 1834 νοεῖται
3008 1778 3139 1833 αὐτὸ
3179 1777 3241 1832 τδ
3263 1776 3323 1830 ὃν
3370 1777 3607 1831 ἑκάστου
3632 1775 3717 1829 διὰ

2130 1874 2275 1946 ζωῆς
2300 1870 2458 1939 εἶδος,
2488 1875 2582 1928 καὶ
2611 1873 2741 1927 καθὸ
2766 1872 3023 1927 ούσίωται
3050 1872 3129 1936 είς
3157 1868 3323 1941 ζωὴν,
3352 1868 3450 1922 καὶ
3502 1868 3716 1937 σοφίαν,

2130 1969 2223 2021 καὶ
2245 1968 2345 2039 τὴν
2371 1967 2506 2039 πρὸς
2530 1967 2593 2021 τὸ
2617 1966 2771 2020 Θείον
2796 1965 3109 2038 ὁμοιότητα.
3134 1963 3231 2017 Διὰ
3253 1960 3412 2016 τοῦτο
3436 1961 3613 2029 λέγει,
3640 1961 3717 2014 ὅτι

2135 2060 2226 2113 καὶ
2251 2060 2368 2113 κατ’
2396 2058 2527 2113 αὐτὸ
2551 2060 2613 2111 τὸ
2638 2054 2776 2113 εἶναι
2806 2057 3172 2129 πρεσϐύτερόν
3197 2059 3310 2109 ἐστι
3335 2056 3400 2109 τὸ
3433 2054 3721 2123 αύτοζωὴν

2135 2148 2384 2206 εἶναικαὶ
2407 2151 2757 2223 αύτοσοξοίαν,
2784 2152 2884 2223 οὐχ
2905 2152 2987 2205 ὅτι
3014 2153 3108 2205 ἐπὶ
3134 2149 3269 2203 Θεοῦ
3294 2151 3321 2203 6
3344 2147 3591 2211 τοιοῦτός
3607 2148 3720 2199 ἐστι

2138 2243 2430 2316 μερισμὸς,
2458 2244 2491 2315 ἢ
2519 2242 2779 2315 ἁπλῶς,ἢ
2806 2245 2924 2296 κατ’
2948 2242 3209 2306 ἐπίνοιαν,
3236 2240 3440 2308 ἄπαγε,
3472 2238 3593 2291 ἀλλ’
3620 2237 3723 2291 ἀπὶ

2132 2336 2347 2403 τούτου,
2375 2336 2467 2391 ἐπὶ
2498 2336 2607 2391 τῶν
2634 2337 2695 2402 ἐξ
2720 2336 2882 2391 αὐτοῦ
2910 2334 3314 2408 δημιουργικῶς
3364 2332 3724 2386 ὑποστάντων

2136 2427 2411 2492 ἁπάντων,
2434 2427 2606 2483 ταῦτα
2636 2427 2899 2482 νοοῦνται.
2929 2426 3168 2490 Εἰκότως
3194 2421 3287 2480 οὖν
3336 2423 3445 2496 πρὸ
3474 2423 3586 2478 τῶν
3636 2425 3723 2478 ἄλ-

2137 2517 2245 2573 λων
2269 2514 2343 2575 ὧν
2378 2521 2595 2593 μετέχει
2615 2520 2684 2575 τὰ
2728 2520 2857 2574 ὅντα
2907 2518 3002 2572 τοῦ
3029 2517 3187 2581 Θεοῦ,
3236 2517 3595 2591 πρεσϐυτέρα.
3643 2536 3723 2583 τις

2136 2614 2279 2687 ἀρχὴ
2322 2617 2356 2686 ἡ
2398 2614 2493 2669 τοῦ
2521 2610 2658 2668 εἶναι
2686 2614 2981 2667 ἐπινοεῖται
3018 2612 3181 2675 αύτὸς
3222 2611 3251 2663 ὁ
3297 2610 3451 2674 Θεὸς.
3484 2610 3570 2664 Τὰ
3597 2610 3724 2680 γοῦν

2134 2711 2247 2773 τοῖς
2272 2708 2537 2771 αἰτιατοῖς
2564 2705 2922 2778 ὲπινοούμενα
2947 2704 3025 2777 τῷ
3052 2705 3210 2775 αἰτίῳ
3254 2703 3594 2775 προσάπτει,
3641 2705 3724 2758 διὰ

2136 2798 2296 2852 τοῦτο
2320 2799 2413 2852 καὶ
2443 2798 2579 2870 μετὰ
2605 2799 2704 2870 τῆς
2726 2797 2895 2869 αὐτῆς
2918 2795 3116 2864 λέξεως
3139 2796 3353 2867 τίθησιν
3382 2795 3487 2848 ὅσα
3508 2796 3727 2868 τίθησιν

2136 2891 2213 2956 ὡς
2237 2891 2330 2945 ἐπὶ
2351 2890 2486 2945 Θεοῦ
2512 2890 2780 2962 λεγόμενα
2801 2906 2814 2921 ο
2840 2890 3028 2962 ῶσπερ
3054 2889 3147 2943 καὶ
3168 2888 3266 2961 τὴν
3294 2889 3726 2960 αύτοομοιὸτητα

2138 2982 2258 3038 καθ’
2285 2984 2351 3054 ἢν
2383 2982 2462 3054 τῷ
2490 2982 2608 3054 Θεῷ
2636 2982 2946 3053 ὁμοιοῦνται
2982 2983 3030 3036 οἰ
3061 2984 3345 3054 προσεχεῖς
3391 2980 3549 3051 αὐτῷ
3585 2982 3723 3047 νὸες,

2142 3077 2339 3150 μᾶλλον
2379 3077 2433 3129 δὲ
2467 3075 2563 3129 καὶ
2610 3075 2801 3139 ταῦτα,
2837 3070 2911 3129 ῶν
2944 3073 3011 3128 τὰ
3056 3074 3185 3127 ὄντα
3218 3073 3461 3146 μετέχει,
3492 3075 3560 3128 τὸ
3589 3070 3726 3128 εἶναι

2136 3168 2355 3241 δηλαδὴ,
2384 3167 2446 3221 τὸ
2469 3166 2757 3229 κινεῖσθαι,
2780 3165 2841 3219 τὸ
2861 3163 3192 3234 λογίζεσθαι,
3226 3164 3319 3217 καὶ
3362 3164 3431 3217 τὰ
3473 3164 3722 3218 τοιαῦτα.

2137 3266 2249 3320 Καὶ
2271 3262 2464 3329 ταῦτα,
2506 3262 2641 3317 καθό
2669 3264 2775 3315 εἰσι
2800 3259 2894 3314 καὶ
2920 3259 3194 3330 φαίνονται
3234 3259 3294 3311 ἐν
3322 3260 3441 3322 τοῖς
3496 3253 3645 3322 οῦσι,
3668 3258 3726 3310 τὸ

2138 3356 2268 3411 αὐτὸ
2297 3351 2437 3409 εἶναι
2475 3353 2710 3425 μετέχει,
2738 3351 2813 3415 ὡς
2860 3350 2921 3416 ἐξ
2961 3349 3169 3403 ἐκείνου
3223 3347 3317 3401 καὶ
3356 3346 3501 3400 αύτὰ
3551 3343 3721 3401 εἶναι·

462 3473 520 3518 et
549 3473 816 3533 apparent
848 3466 900 3519 in
936 3465 1118 3529 rebus,
1182 3437 1357 3533 ipsum
1411 3479 1530 3519 esse
1576 3437 1926 3533 participant,
1964 3464 2035 3517 ita

2139 3449 2231 3502 καὶ
2252 3445 2405 3501 οὐδέν
2429 3447 2577 3499 ἐστιν
2616 3442 2697 3507 ὃν,
2741 3441 2845 3496 κᾶν
2890 3439 3269 3501 ἐνυπόστατυν,
3313 3437 3420 3490 κᾶν
3466 3439 3534 3490 ὲν
3587 3437 3727 3507 ἄλλῳ

464 3566 526 3610 ιιι
560 3572 625 3612 ex
655 3571 722 3612 eo
749 3557 915 3611 etiam
947 3557 1065 3627 ipsa
1114 3557 1261 3624 sint;
1301 3565 1355 3611 et
1384 3556 1589 3611 nullum
1618 3567 1702 3611 est
1724 3571 1844 3619 ens,
1869 3571 2040 3625 quan-

463 3650 665 3704 tumvis
698 3649 1023 3714 subsistens,
1066 3648 1151 3704 vel
1184 3652 1237 3703 in
1280 3648 1451 3703 altero
1481 3649 1883 3704 consideratqu
1937 3649 2041 3720 (si-

462 3744 684 3814 quidem
710 3753 872 3805 etram
897 3743 1041 3799 entia
1068 3758 1164 3813 per
1192 3742 1448 3798 accidens
1475 3751 1606 3797 sunt
1631 3756 1756 3810 quae
1785 3742 1838 3795 in
1866 3740 2040 3796 altero

464 3837 909 3907 considerantur)
939 3836 1097 3905 cujus
1122 3835 1359 3891 essentia
1387 3849 1494 3889 non
1532 3836 1605 3889 sit
1627 3834 1917 3903 ipsunnnet
1944 3848 2039 3903 per

465 3945 526 3985 se
547 3945 667 3985 esse
698 3929 814 3984 Dei.
839 3930 1063 3985 Cameris
1090 3929 1360 3991 omnibus,
1382 3930 1514 3995 vita,
1547 3930 1794 3998 inquam,
1818 3928 2039 3997 sapien-

467 4022 565 4091 tia,
602 4022 868 4087 bonitate,
920 4020 1285 4091 antiquiorem
1329 4021 1535 4077 habens
1594 4020 1735 4074 Deus
1792 4020 1861 4073 ab
1921 4020 2041 4089 ipso

463 4133 592 4176 esse
624 4119 1122 4173 denominationem
1146 4130 1309 4186 quam
1334 4115 1437 4171 sibi
1470 4115 1570 4184 ipsi
1606 4114 1773 4179 dedit,
1806 4112 2035 4168 dicens:

464 4210 580 4284 Ego
616 4229 730 4265 sum
764 4210 855 4281 qui
874 4226 991 4263 sum
1020 4222 1082 4275 ι;
1120 4208 1352 4279 primum
1394 4206 1640 4260 laudatur
1686 4205 1755 4259 ab
1803 4219 1869 4259 eo
1897 4202 2041 4274 quod

464 4307 574 4362 sint
608 4321 720 4371 res,
749 4304 891 4374 quod
927 4302 1031 4357 hoc
1074 4302 1145 4357 sit
1202 4301 1642 4369 antiquissimum
1672 4297 1787 4367 ejus
1816 4299 2038 4353 donum.

466 4400 713 4454 Diximus
742 4399 911 4463 enim,
945 4411 1072 4451 esse
1095 4395 1319 4465 quidem
1352 4394 1467 4457 Dei,
1495 4391 1639 4462 quod
1662 4391 1938 4459 antiquius
1958 4400 2044 4446 est

465 4494 605 4560 vita,
653 4492 953 4563 sapientia,
998 4490 1269 4551 bonitate,
1323 4486 1872 4557 incomprehensibile
1924 4486 2043 4539 exi-

467 4596 631 4643 stere.
659 4587 738 4641 Ex
769 4601 835 4641 eo
858 4597 1039 4639 autem
1066 4584 1211 4653 quod
1241 4583 1352 4637 sint
1394 4580 1601 4643 omnia,
1636 4578 2039 4643 concludimus,

2142 3538 2535 3612 θεωρούμενον,
2567 3535 2716 3607 (ὄντα
2742 3533 2850 3605 γὰρ
2868 3532 2960 3587 καὶ
2989 3529 3058 3583 τὰ
3078 3527 3464 3600 συμϐεϐηκότα
3487 3527 3638 3599 ἅπερ
3672 3531 3727 3581 ἐν

2139 3635 2283 3707 ἄλλῳ
2298 3633 2626 3705 θεωροῦνται
2716 3624 2776 3685 οὗ
2806 3627 2881 3701 μὴ
2905 3628 3050 3681 ἐστιν
3074 3626 3299 3687 ὅντωσις
3322 3622 3455 3677 αὐτὸ
3474 3624 3619 3695 δὴτὺ
3636 3623 3727 3677 τοῦ

2138 3726 2272 3781 Θεοῦ
2290 3723 2809 3778 αύτοεϊναι.Πάντων
2826 3718 2935 3773 τῶν
2952 3718 3146 3782 ἄλλων,
3163 3716 3263 3786 τῆς
3277 3714 3424 3785 ζωῆς
3442 3733 3523 3786 φη
3532 3734 3617 3786 μι,
3632 3716 3728 3785 τῆς

2142 3818 2354 3887 σοφίας,
2388 3815 2488 3885 τῆς
2517 3812 2871 3882 ἀγαθότητος,
2900 3805 3351 3880 ἀρχηγικωτέραν
3381 3804 3527 3875 ἔχων
3549 3806 3579 3856 6
3600 3804 3728 3867 6:6;

2138 3909 2237 3981 τὴν
2293 3908 2383 3962 τοῦ
2430 3904 2570 3960 εἰναι
2617 3901 2937 3976 ὀνομασίαν,
2976 3900 3043 3971 ἣν
3087 3897 3262 3968 ἑαυτῷ
3318 3895 3474 3949 ἔθετο
3535 3894 3727 3957 εἰπὼν,

2153 4001 2292 4071 Ἐγώ
2319 3996 2435 4072 εἰμι
2470 3999 2498 4051 6
2543 3996 2639 4064 ὢν,
2684 3992 2915 4068 πρώτως
2945 3992 3196 4062 ὑμνεῖται
3226 3989 3291 4041 ὲκ
3336 3987 3437 4041 τοῦ
3487 3983 3635 4041 εἶναι
3665 3986 3729 4039 τὰ

2145 4096 2298 4161 ὄντα,
2332 4095 2469 4165 ὅπερ
2492 4092 2610 4145 ἐστὶ
2633 4090 2728 4143 καὶ
2750 4085 3117 4159 πρεσϐύτερον
3139 4081 3249 4137 τῶν
3282 4080 3451 4134 αὑτοῦ
3482 4078 3726 4152 δωρεῶν.

2140 4189 2382 4259 Εἴπομεν
2408 4184 2647 4256 γὰρ,ὂτι
2678 4180 2739 4236 τὸ
2777 4180 2875 4252 μὲν
2912 4174 3051 4231 εἶναι
3086 4173 3180 4229 τοῦ
3225 4172 3385 4237 Θεοῦ,
3418 4172 3447 4225 δ
3504 4172 3729 4242 (191137:-

2141 4277 2378 4351 κὼτερον
2435 4276 2513 4329 ἔνι
2578 4274 2714 4344 πρὸς
2768 4270 2866 4342 τὴν
2927 4268 3095 4340 ζωὴν,
3150 4264 3287 4336 πρὸς
3340 4263 3442 4334 τὴν
3510 4263 3725 4331 σοφίαν,

2141 4381 2277 4451 πρὸς
2320 4378 2421 4450 τὴν
2473 4375 2805 4446 ἀγαθότητα,
2854 4368 3221 4440 ἁκατανόητόν
3267 4368 3439 4420 ἐστιν.
3511 4366 3614 4419 Ἐκ
3674 4364 3729 4417 δὲ

2137 4473 2233 4527 τοῦ
2286 4467 2427 4526 εἶναι
2464 4469 2533 4523 τὰ
2593 4467 2771 4521 πάντα
2818 4464 3142 4533 συνάγομεν,
3201 4458 3279 4523 ὡς
3323 4457 3386 4526 ἐξ
3440 4457 3726 4518 αἰτιατιῖιν,

2138 4573 2203 4630 τὸ
2231 4575 2404 4629 αἴτιον
2434 4574 2518 4627 ὅτι
2547 4571 2667 4625 ἐστι
2692 4569 2845 4632 Θεὸς,
2875 4566 3011 4621 ἀλλὰ
3039 4564 3135 4619 καὶ
3169 4561 3400 4634 πρόεστι
3439 4561 3541 4613 καὶ
3564 4558 3728 4629 ὑπέρ-

470 4690 729 4748 tanquam
762 4694 826 4734 ex
856 4678 1090 4745 clIectis,
1129 4692 1348 4732 causam
1399 4689 1523 4729 esse
1573 4673 1767 4738 Deum,
1796 4672 2036 4743 quinimo

2141 4682 2313 4722 εστιν.
2356 4668 2422 4721 Εἰ
2462 4663 2539 4736 μὴ
2578 4662 2688 4734 γὰρ
2728 4660 2926 4733 προῆν,
2954 4658 3057 4711 οὐκ
3092 4655 3159 4709 ἂν
3204 4653 3408 4722 ὑφίστα
3436 4651 3510 4704 τὰ.
3562 4651 3725 4703 ὅντα·

471 4772 849 4843 μεωοιίειειε,
879 4786 934 4825 et
959 4770 1389 4840 superexistere.
1416 4767 1531 4823 Nisi
1553 4769 1697 4822 enim
1725 4765 2036 4837 praeexiste-

2143 4764 2191 4815 εἰ
2227 4761 2284 4813 δὲ
2324 4759 2425 4829 ούχ
2445 4757 2674 4827 ὑπερῆν,
2706 4754 2808 4807 οὐκ
2845 4752 2911 4806 ἂν
2952 4748 3177 4821 τοιαύτῃ
3225 4744 3455 4814 δυνάμει
3505 4740 3725 4813 ἐχρῆτο.

2149 4849 2212 4868 ην
2341 4853 2354 4868 ο
2410 4851 2449 4868 n
2484 4851 2500 4868 ι
2586 4850 2602 4868 ι
2634 4866 2639 4868 .
2692 4844 2830 4868 κομι.
2860 4841 2933 4868 _.-.
2967 4837 3099 4868 -11....
3129 4839 3208 4868 -3
3263 4834 3594 4868 --M..-...'.‘.
3632 4833 3725 4868 ρετ-ι

471 4875 577 4930 ret,
604 4866 828 4918 minime
858 4865 1227 4919 subsisterent
1255 4861 1347 4917 illa
1378 4875 1501 4931 qum
1527 4869 1683 4926 sunt,
1707 4860 1753 4915 si
1783 4874 1912 4915 vero
1932 4873 2036 4913 non

2145 4849 2310 4917 Οὗτος
2332 4853 2361 4905 6
2408 4851 2540 4914 Θεὸς
2582 4850 2642 4903 ὲν
2685 4844 2835 4917 αύτῷ
2858 4841 2938 4915 τῷ
2964 4837 3103 4897 εἶναι
3129 4839 3225 4931 τῷ,
3263 4834 3595 4931 προορισξῷ

471 4957 924 5027 ευρετειιίειειει,
997 4957 1421 5025 haudquaquam
1488 4951 1582 5007 taii
1648 4953 1850 5006 virtute
1911 4964 2036 5005 usus

2144 4948 2351 5008 οἰκείας
2388 4942 2643 5013 γνώσεως
2689 4936 3144 5011 προῦπεστήσατο
3184 4930 3245 4984 τὸ
3286 4930 3429 4992 ὅλως
3472 4922 3620 4980 εἶναι
3663 4923 3727 4975 τὰ

473 5017 689 5105 fuisset.
720 5049 820 5104 Hic
848 5017 991 5103 Deus
1025 5047 1079 5102 in
1116 5017 1547 5118 praedelinitione
1569 5045 1742 5115 ipsius
1772 5057 1895 5097 esse
1924 5056 2036 5111 pro

2148 5041 2325 5095 πάντα
2343 5055 2356 5067 ·
2396 5035 2545 5107 αὐτῷ
2566 5036 2675 5105 γὰρ
2695 5031 2773 5102 τῷ
2807 5027 2967 5093 εἶναι,
2995 5028 3136 5082 κατὰ
3164 5022 3393 5096 πρώτην
3424 5017 3727 5118 προσϐολὴν

474 5149 607 5221 ιιι-ἷξε
630 5146 962 5219 cognitionis
994 5146 1290 5199 universim
1327 5143 1512 5199 omnia
1538 5139 1842 5196 subsistere
1872 5137 2036 5191 fecit:

2148 5130 2426 5188 ἐπιϐάλλει
2447 5131 2478 5182 6
2510 5128 2654 5192 νοῦς,
2683 5121 2783 5180 εἷθ’
2810 5122 2985 5186 οὕτως
3010 5120 3072 5174 τὸ
3100 5114 3350 5173 ὁπωσοῦν
3395 5113 3547 5221 μύτὰ
3593 5106 3725 5164 εἶναι

472 5245 771 5303 secundum
796 5244 1031 5315 primum
1057 5243 1201 5295 enim
1230 5248 1553 5307 conceptum
1586 5250 1741 5291 mens
1766 5232 1927 5305 443
1952 5247 2045 5301 ap-

475 5340 765 5412 prehendit
817 5337 995 5407 ipsum
1045 5349 1172 5391 esse
1195 5342 1256 5388 et
1279 5333 1359 5388 sic
1393 5330 1576 5400 aliquo
1604 5328 1767 5383 modo
1814 5342 1900 5380 res
1925 5339 2046 5379 esse

473 5434 736 5505 wucipit.
774 5432 963 5500 Itaque
986 5426 1309 5498 simpliciter
1338 5439 1484 5491 esse,
1522 5438 1628 5477 non
1673 5420 1857 5489 aliquo
1888 5418 2046 5473 modo

475 5540 597 5581 esse
657 5524 987 5593 signiﬁcavit
1028 5538 1151 5577 cum
1197 5520 1355 5585 dixit,
1416 5533 1514 5587 per
1557 5530 1617 5572 se
1661 5530 1813 5579 esse;
1867 5512 1945 5567 uti
1993 5519 2047 5567 et

476 5615 757 5687 deinceps,
788 5632 910 5671 cum
956 5616 1127 5686 ipsam
1158 5626 1255 5683 per
1285 5624 1344 5666 se
1375 5608 1565 5673 vitam,
1619 5606 1791 5679 ipsam
1843 5618 1938 5677 per
1984 5615 2047 5658 se

542 5781 567 5807 '
609 5777 752 5833 Psal.
787 5792 978 5843 Lxxin,
1006 5775 1092 5831 12.
1176 5770 1405 5847 ιψΕιοιί.
1436 5783 1522 5833 ιιι,
1567 5765 1655 5821 14.

2148 5228 2360 5298 θεωρεῖ.
2398 5223 2472 5277 Τὸ
2490 5217 2582 5276 οὖν
2612 5217 2800 5281 ἁπλῶς
2829 5215 2991 5279 εἶναι,
3019 5212 3080 5266 οὐ
3110 5210 3172 5265 τὸ
3202 5208 3321 5273 πῶς
3368 5202 3725 5298 εἰναιᾼὲδήλω-

2146 5293 2463 5379 σεν,ἐίπὼν
2499 5311 2622 5365 καθ’
2651 5309 2779 5364 αὐτὸ
2823 5303 2962 5360 εἶναι
2987 5321 3001 5335 ·
3062 5301 3253 5373 ῶσπερ
3306 5298 3403 5353 καὶ
3454 5296 3586 5366 ἑξῆς
3629 5293 3723 5363 τὴν

2143 5406 2420 5478 αὑτοζωὴν
2475 5409 2576 5478 τὴν
2622 5398 3071 5472 αύτοομοιότητα,
3120 5394 3214 5449 καὶ
3260 5390 3330 5445 τὰ
3387 5390 3486 5443 σὺν
3544 5386 3722 5446 aii-cci;

2145 5498 2333 5564 εἰπὼν,
2358 5476 2420 5551 τὸ
2445 5476 2581 5561 ὅλως
2603 5490 2741 5550 εἶναι
2765 5493 2911 5564 ζωὴν
2952 5491 3049 5544 καὶ
3072 5486 3257 5551 ἁπλῶς
3278 5484 3342 5539 τὸ
3367 5482 3490 5556 ζῇν,
3520 5480 3642 5551 οὐχὶ
3661 5476 3722 5545 δὴ

2144 5601 2245 5673 τὴν
2282 5598 2492 5655 τοιάνδε
2539 5595 2687 5670 ζωὴν
2728 5593 3078 5665 εἰσηγήσατο.
3136 5589 3349 5671 Ὥσπερ
3376 5584 3555 5641 τοίνυν
3582 5579 3721 5647 λάτΨ
