3866 6234
185 341 298 395 841

780 336 864 391 DE
903 335 1157 392 DIVlNlS
1192 334 1593 400 NOMINIBUS,
1629 334 1783 391 CAP.
1824 333 1885 388 νγ
1926 365 1996 376 --
2029 333 2381 390 PARAPHR.
2420 335 2893 394 PACHYMERJ‘J.

3358 340 3463 395 8‘12

181 458 307 511 τινὶ
334 452 559 509 ἐπὶτῶν
580 452 701 507 καθ’
732 455 878 524 ἡμᾶς
900 456 1221 523 ποιοτήτων,
1252 452 1419 522 ἤγουν
1459 452 1555 522 τῆς
1598 451 1767 504 λευκά

1888 449 2301 505 similitudinem
2333 459 2388 506 et
2435 462 2636 506 caetera
2677 452 2836 516 dixit,
2867 450 3090 505 omnino
3119 452 3286 506 vitam
3311 468 3460 520 esse,

179 564 384 619 τητος,
419 547 523 616 τῆς
567 546 847 617 μελανίας,
888 546 1050 598 οἱονεὶ
1075 544 1289 615 πρῶτόν
1337 562 1457 597 τινα
1507 544 1786 596 αὑτοποιό-

179 657 339 711 τητα
374 638 625 709 νοοῦμεν,
661 639 827 708 ἤγουν
852 635 1172 708 λευκότητα,
1204 637 1271 707 ἢν
1300 637 1364 708 δὴ
1388 637 1787 708 συμϐαίνουσαν

177 736 310 796 τοῖς
342 734 744 803 ὑποκειμένοις,
777 732 873 785 xui
904 731 1188 800 φαίνεσθαι
1236 720 1338 783 xui
1385 731 1551 801 δρᾷν·
1592 727 1705 783 οἷον
1753 731 1785 798 ἡ

177 824 627 896 αὑτοασώματος
655 823 940 894 λευκότης,
983 824 1342 893 ἐπιγενομένη
1398 823 1636 893 σώματι,
1669 823 1787 875 λευ-

179 916 377 969 καίνει
404 916 582 980 τοῦτο,
614 916 757 970 οὑτω
788 934 875 987 μοι
912 917 1043 980 νόει,
1069 915 1207 987 πλὴν
1228 916 1528 984 ἀναλόγως,
1564 918 1656 969 xui
1696 919 1787 971 ἐπὶ

176 1007 304 1059 τῶν
348 1008 569 1079 δωρεῶν
598 1010 708 1061 τῶν
757 1008 938 1071 θείων,
986 1007 1085 1077 τῆς
1116 1008 1281 1078 ζωῆς,
1315 1008 1416 1078 τῆς
1465 1009 1677 1077 σοφίας,
1721 1009 1786 1072 ἃς

176 1097 457 1152 ἐκάλεσεν
481 1099 655 1169 ἀρχὰς
682 1097 791 1150 τῶν
820 1098 1007 1151 ὄντων.
1045 1098 1156 1169 Τῆς
1198 1099 1469 1169 ημετέρας
1498 1099 1607 1171 γὰρ
1641 1099 1785 1169 ζωῆς

175 1189 341 1260 ἀρχὴ
379 1190 474 1243 καὶ
496 1190 829 1262 δημιουργὸς
866 1191 899 1259 ὴ
934 1188 1202 1261 αύτοςωὴ,
1241 1191 1333 1242 καὶ
1380 1191 1477 1261 τῆς
1513 1190 1703 1258 σοφίας
1751 1193 1783 1261 ἡ

175 1283 513 1352 αὑτοσοιρία.
548 1278 715 1337 Αὖται
738 1279 829 1337 οὖν
864 1283 1080 1353 πρῶτον
1106 1282 1445 1336 ὲπινοοῦνται
1473 1279 1648 1347 οὖσαι,
1685 1280 1783 1337 εἷθ’

172 1379 371 1444 οὕτως
396 1380 502 1432 eiei
523 1380 616 1432 xui
646 1380 812 1450 ἀρχαὶ
840 1379 948 1431 τῶν
989 1378 1227 1443 ζώντων,
1259 1381 1292 1449 ἡ
1316 1378 1562 1449 αύτοζωὴ
1586 1382 1617 1450 ή
1641 1380 1780 1443 θεία,

173 1473 361 1543 φημὶ,
398 1475 489 1525 xui
523 1473 579 1524 ὲν
609 1471 687 1541 τῷ
715 1472 832 1542 Θεῷ
854 1472 988 1542 ζωή.
1027 1472 1218 1543 Τίθησι
1247 1472 1304 1525 δὲ
1334 1472 1395 1524 τὸ
1433 1473 1511 1537 ὡς
1534 1470 1779 1533 ζώντων,

171 1563 269 1615 ὅτι
300 1562 465 1616 πάλιν
492 1564 566 1626 ὼς
589 1563 757 1615 ὄντων
788 1562 849 1614 τὸ
876 1562 1006 1615 αὑτὸ
1038 1562 1096 1614 ὸν
1118 1581 1129 1590 ·
1158 1562 1250 1615 xui
1278 1562 1353 1624 ὡς
1386 1560 1563 1628 σοφῶν
1590 1560 1779 1623 ὄντων,

174 1656 213 1724 ἡ
251 1656 558 1724 αὑτοσοφία
579 1655 721 1725 ἀρχή
747 1656 885 1717 ὲστι,
904 1656 999 1706 xui
1028 1653 1136 1705 τῶν
1158 1654 1379 1723 ὁμοίων.
1412 1652 1651 1722 Εἴπομεν
1674 1652 1783 1724 γὰρ

172 1754 280 1804 xui
326 1751 541 1823 πρώην,
574 1752 656 1804 ὄτι
683 1752 1007 1822 ὁμοιότητας
1036 1748 1182 1817 λέγει
1222 1749 1345 1802 καθ’
1370 1749 1435 1813 ἂς
1465 1750 1781 1820 μετέχουσιν

170 1846 229 1896 οἱ
256 1844 398 1896 θεῖοι
422 1845 541 1907 νόες
562 1842 656 1897 τοῦ
681 1842 837 1897 Θεοῦ.
866 1843 1083 1897 Τούτων
1122 1838 1213 1896 οὖν
1254 1840 1362 1894 τῶν
1392 1844 1592 1913 ὁμοίων
1634 1841 1777 1912 ἁρχὴ

171 1938 211 2006 ἡ
265 1937 679 2007 αύτοομοιότης,
720 1937 788 2007 ἢν
833 1936 955 1990 καθ’
991 1936 1150 1988 ἑαυτὸ
1178 1934 1238 1986 τὸ
1269 1934 1422 1987 Θεῒον
1466 1934 1657 2004 αύχεῖ’
1684 1930 1779 1985 xui

167 2029 294 2080 τῶν
360 2029 674 2100 ήνωμένων,
737 2029 977 2101 δηλονότι
1036 2027 1143 2079 τῶν
1206 2026 1653 2098 περιωρισμένων
1708 2028 1774 2097 τῇ

169 2118 369 2189 οἰκείᾳ
416 2119 594 2187 φύσει,
643 2120 736 2173 xui
781 2120 856 2192 μὴ
911 2120 1355 2191 ἐσκεδασμένων·
1394 2120 1619 2172 ’ἑκαστον
1668 2118 1776 2188 γὰρ

171 2208 297 2260 τῶν
325 2209 500 2263 ὄντων
551 2211 691 2265 κατά
724 2228 846 2264 τινα
873 2211 1071 2264 ὲνιαῖον
1097 2209 1456 2281 περιορισμὸν
1481 2208 1574 2261 καὶ
1599 2206 1776 2276 ἑαυτῷ

169 2304 468 2375 ἡνωμένον
503 2305 837 2357 συνίσταται.
870 2304 1087 2357 Τούτων
1139 2300 1231 2357 οὖν
1264 2303 1425 2357 πάλιν
1465 2303 1606 2375 ἀρχὴ
1640 2306 1672 2373 ἡ
1718 2304 1775 2356 ὲν

167 2395 259 2466 τῷ
289 2395 415 2466 Θεῷ
442 2396 764 2467 αὑτοενότης
784 2413 796 2426 °
826 2398 920 2451 xui
958 2397 1067 2451 τῶν
1095 2397 1269 2452 ἄλλων
1302 2398 1401 2451 ὅσα
1438 2398 1594 2468 ἢτῆς
1631 2396 1774 2469 ζωῆς

174 2487 506 2558 μετέχοντα,
532 2486 564 2558 ἢ
593 2488 692 2559 τῆς
727 2488 999 2555 γνώσεως,
1034 2489 1067 2561 ἢ
1100 2489 1191 2541 καὶ
1221 2488 1564 2559 ἀμφοτέρων,
1597 2486 1775 2551 ζῶντά

168 2584 346 2647 εἰσιν,
381 2582 414 2653 ἢ
452 2582 610 2652 σοφὰ,
638 2583 670 2654 ἢ
698 2584 790 2637 xui
811 2584 1116 2656 ἀμφότερα,
1143 2583 1175 2653 ἢ
1198 2584 1292 2636 xui
1323 2582 1565 2647 πλείονα,
1588 2581 1620 2654 ἢ
1645 2580 1775 2650 γοῦν

170 2675 278 2727 xui
317 2674 471 2738 ὄντα,
496 2675 590 2726 xui
619 2674 883 2739 ἀθάνατα,
918 2676 1014 2728 xui
1036 2674 1219 2745 νοερὰ,
1250 2676 1326 2739 ὡς
1362 2676 1454 2728 ἐπὶ
1483 2676 1589 2729 τῶν
1614 2674 1773 2727 θείων

171 2764 435 2834 ἀγγέλων
460 2783 472 2795 ο
505 2767 707 2819 τούτων
749 2763 840 2821 οὖν
872 2768 1125 2823 ἁπάντων
1151 2767 1249 2831 τὰς
1277 2768 1643 2839 αὑτομετοχὰς
1680 2769 1771 2820 εὑ-

179 2857 405 2926 ρήσεις,
432 2856 676 2928 δηλονότι
700 2858 797 2929 τὴν
838 2857 1136 2930 αὑτοζωὴν,
1163 2859 1260 2930 τὴν
1291 2859 1637 2928 αὑτοσοφίαν,
1680 2861 1773 2913 xui

167 2948 249 3001 τὰ
278 2949 466 3011 λοιπὰ,
493 2949 586 3001 τοῦ
619 2944 757 3003 εἶναι
788 2951 1140 3022 μετεχούσας,
1185 2953 1279 3005 xui
1310 2953 1369 3006 ἐν
1404 2952 1483 3023 τῷ
1514 2948 1649 3007 εἶναι
1677 2970 1773 3023 με-

170 3041 413 3104 νούσας*
451 3041 584 3095 καθὸ
634 3044 743 3115 γὰρ
790 3041 945 3098 αὗται
995 3044 1089 3097 τοῦ
1129 3041 1268 3097 εἶναι
1321 3046 1625 3116 μετέχουσι,
1681 3048 1771 3100 καί

171 3135 312 3195 εἱσι,
345 3132 485 3185 κατὰ
512 3133 670 3185 τοῦτο
692 3136 786 3188 xui
811 3136 960 3207 παρὰ
988 3136 1096 3188 τῶν
1120 3135 1294 3189 ἄλλων
1326 3137 1663 3206 μετέχονται.

1892 550 1947 596 et
1980 541 2304 610 simpliciter
2331 542 2541 609 vivere,
2600 558 2947 613 nequaquam
2980 556 3109 597 vero
3159 545 3465 599 istiusmodi

1890 634 2058 686 vitam
2090 633 2404 703 explicavit.
2437 634 2590 689 Sicut
2624 635 2791 705 igitur
2814 633 2995 703 aliqua
3017 636 3233 690 ratione
3263 636 3468 705 inqua-

1890 727 2135 782 litatibus
2164 729 2522 792 nostratibus,
2552 744 2600 781 v.
2633 744 2683 797 g.
2714 727 2988 793 albedine,
3020 729 3324 798 nigredine,
3354 729 3447 796 pri-

1891 834 2037 871 mum
2077 820 2234 887 quasi
2297 835 2395 889 per
2433 835 2492 874 se
2538 819 2861 888 qualitatem
2913 819 3153 888 aliquam
3213 820 3464 889 concipi-

1890 926 2031 973 mus,
2078 912 2367 980 ipsammet
2415 912 2628 966 scilicet
2689 911 2998 967 albedinem
3052 927 3153 981 per
3210 912 3467 967 accidens

1889 1001 2149 1069 subjectis
2179 1002 2589 1068 advenientem,
2636 1011 2692 1057 et
2718 1016 2999 1073 apparere,
3042 1012 3096 1056 et
3117 1004 3372 1073 Operari;
3406 1016 3467 1058 ut

1890 1107 2012 1147 cum
2041 1094 2233 1149 albedo
2256 1108 2353 1163 per
2392 1110 2451 1149 se
2481 1096 2805 1165 incorporea
2830 1096 2875 1127 ⁸⁸
2914 1098 3129 1164 corpori
3163 1098 3466 1151 adveniens

1889 1185 2019 1239 illud
2079 1186 2315 1252 dealbat,
2360 1187 2432 1241 ita
2490 1189 2718 1258 concipe
2776 1189 2910 1253 haec,
2955 1189 3049 1243 sed
3106 1190 3465 1258 proportione

1889 1291 2176 1333 munerum
2218 1279 2551 1347 divinorum,
2594 1282 2739 1345 vitai,
2784 1281 3087 1351 sapientite,
3118 1296 3238 1350 qua:
3279 1298 3464 1337 rerum

1886 1371 2155 1440 principia
2208 1372 2520 1441 appellavit.
2566 1371 2779 1427 Nostra:
2800 1374 2947 1427 enim
2981 1373 3101 1426 vita!
3131 1375 3460 1443 principium

1886 1472 1941 1517 et
1981 1474 2171 1520 auctor
2208 1475 2292 1520 est
2334 1467 2449 1535 ipsa
2492 1481 2588 1534 per
2627 1481 2686 1522 se
2726 1468 2859 1533 vita,
2901 1478 2957 1521 et
3012 1467 3296 1535 sapientia:
3348 1468 3463 1538 ipsa

1889 1573 1987 1625 per
2040 1574 2099 1613 se
2138 1560 2429 1628 sapientia.
2464 1559 2589 1616 Haec
2626 1560 2814 1630 itaque
2868 1562 3102 1630 primum
3145 1561 3463 1630 concipiun-

1889 1660 1976 1704 tur
2007 1652 2296 1719 exsiStere,
2331 1668 2396 1707 ac
2429 1653 2625 1707 deinde
2664 1653 2743 1707 sic
2780 1653 3048 1708 exsistere
3072 1654 3337 1724 principia
3378 1654 3461 1707 vi-

1886 1747 2154 1807 ventium,
2182 1746 2324 1815 ipsa,
2367 1746 2609 1814 inquam,
2641 1746 2822 1800 divina
2866 1762 2965 1816 per
2993 1761 3050 1801 se
3086 1748 3215 1813 vita,
3248 1756 3302 1801 et
3342 1761 3463 1817 qua:

1885 1840 1935 1891 in
2002 1839 2112 1892 Deo
2188 1849 2271 1893 est
2342 1839 2483 1891 vita.-
2528 1842 2765 1908 Apponit
2822 1852 3003 1895 autem
3070 1852 3326 1912 quatenus
3386 1843 3463 1895 ιν-

1882 1940 2035 1997 vum,
2095 1932 2235 1986 sicut
2297 1933 2460 1986 etiam
2530 1946 2627 1987 ens
2694 1947 2789 2002 per
2854 1949 2935 1999 se,
2998 1944 3272 2003 quatenus
3311 1947 3457 1999 sunt,

1881 2033 1935 2079 et
1974 2033 2250 2094 quatenus
2295 2026 2537 2095 sapiunt,
2593 2027 2711 2096 ipsa
2751 2040 2847 2096 per
2893 2042 2952 2082 se
3009 2027 3272 2097 sapientia
3312 2030 3461 2098 prin-

1885 2117 2090 2185 cipium
2148 2117 2387 2183 exsistit,
2418 2126 2473 2171 et
2511 2116 2591 2171 sic
2652 2117 2720 2170 de
2765 2116 3052 2171 similibus.
3101 2115 3258 2172 Prius
3312 2130 3456 2171 enim

1882 2209 2231 2276 dicebamus,
2303 2210 2477 2277 ipsum
2536 2207 2920 2263 similitudines
2990 2222 3201 2272 vocare,
3264 2223 3459 2283 secun-

1882 2302 2010 2355 dum
2063 2317 2199 2369 quas
2241 2302 2441 2357 divina:
2486 2312 2693 2356 mentes
2744 2301 2912 2355 Deum
2952 2302 3299 2370 participant.
3345 2298 3455 2352 lla-

1880 2408 1999 2447 rum
2066 2393 2252 2462 itaque
2321 2395 2733 2449 similitudinum
2796 2395 3121 2464 principium
3187 2404 3272 2449 est
3341 2396 3455 2461 ipsa

1878 2503 1975 2556 per
2004 2502 2063 2542 se
2085 2488 2401 2551 similitudo,
2428 2490 2494 2542 de
2520 2503 2625 2556 qua
2650 2488 2761 2556 ipse
2788 2502 2885 2556 per
2908 2501 2967 2541 se
2989 2487 3128 2542 Deus
3151 2487 3452 2555 gloriatur;

1877 2582 1956 2638 uti
1984 2594 2035 2637 et
2060 2597 2240 2637 rerum
2287 2583 2586 2646 unitarum,
2631 2583 2683 2636 id
2726 2591 2809 2636 est
2852 2592 3046 2635 natura
3080 2596 3176 2635 sua
3204 2582 3456 2635 deﬁnita-

1876 2691 2021 2739 rum,
2047 2685 2097 2727 et
2126 2675 2613 2744 nondispersarum
2644 2693 2656 2728 :
2683 2674 2934 2743 qumlibct
2959 2676 3104 2728 enim
3137 2689 3242 2739 res,
3267 2689 3455 2729 secun-

1876 2767 2002 2820 dum
2039 2782 2199 2819 unam
2235 2766 2470 2836 aliquam
2493 2766 2889 2830 definitionem,
2924 2767 3024 2821 sibi
3064 2780 3279 2835 quoque
3306 2767 3455 2821 unita

1875 2868 2113 2916 constat.
2144 2858 2347 2913 llorum
2390 2858 2555 2928 igitur
2586 2861 2783 2913 iterum
2819 2859 3143 2929 principium
3190 2860 3304 2928 ipsa
3332 2875 3457 2930 qua:

1878 2957 1929 3008 in
1986 2953 2098 3007 Deo
2127 2963 2210 3007 est
2240 2968 2338 3021 per
2364 2969 2422 3007 se
2473 2953 2683 3017 unitas;
2720 2964 2834 3007 tum
2879 2962 2934 3007 et
2960 2960 3286 3007 caaterorum
3310 2969 3457 3022 quie-

1876 3061 2091 3115 cunque
2121 3047 2203 3100 vel
2243 3034 2433 3112 vitain,
2463 3045 2549 3100 vel
2580 3046 2855 3109 notitiam,
2883 3046 2966 3099 vel
3010 3056 3303 3115 utrumque
3330 3063 3457 3117 par-

1879 3138 2152 3206 ticipando
2176 3138 2388 3201 vivunt,
2421 3137 2501 3190 vel
2539 3138 2775 3205 sapiunt,
2806 3137 2889 3192 vel
2920 3147 3151 3206 utraque
3182 3147 3276 3189 aut
3299 3138 3455 3205 plura

171 3225 412 3288 habent,
448 3227 691 3293 quinimo
725 3228 806 3284 vel
846 3230 990 3283 entia
1023 3239 1167 3295 sunt,
1199 3231 1281 3283 vel
1336 3231 1685 3292 immortalia,
1736 3232 1820 3285 vel
1860 3231 2236 3300 intelligentia,
2272 3242 2329 3285 ut
2364 3232 2417 3285 in
2462 3231 2657 3286 divinis
2701 3230 2905 3302 angelis
2958 3231 3191 3296 accidit;
3234 3230 3453 3296 horum,

172 3321 434 3389 inquam.
467 3322 709 3377 omnium
756 3338 854 3391 per
905 3338 963 3376 se
1016 3324 1462 3392 participationes
1508 3324 1767 3393 reperies,
1799 3324 2009 3378 scilicet
2039 3325 2209 3394 ipsam
2244 3338 2339 3393 per
2368 3339 2425 3378 se
2456 3326 2645 3387 vitam,
2677 3339 2775 3393 per
2796 3339 2853 3377 se
2883 3324 3230 3393 sapientiam,
3261 3334 3314 3378 et
3348 3338 3453 3377 cte-

174 3429 300 3472 tera
338 3419 633 3488 ipsummet
686 3433 809 3474 esse
848 3418 1180 3487 participare
1229 3428 1282 3471 et
1326 3419 1379 3472 in
1433 3432 1554 3472 esse
1622 3433 1978 3487 permanere;
2047 3420 2101 3473 in
2166 3429 2431 3486 quantum
2478 3418 2625 3472 enim
2668 3432 2789 3472 esse
2846 3420 3173 3487 participant
3213 3429 3269 3474 et
3303 3432 3452 3485 sunt,

173 3514 232 3567 in
278 3521 495 3566 tantum
534 3512 701 3564 etiam
740 3511 807 3563 ab
837 3510 959 3564 aliis
988 3509 1411 3578 participantur.

252 3602 280 3674 §
312 3603 397 3656 Vl.
428 3604 491 3655 Ei
538 3602 595 3656 δὲ
654 3603 837 3655 ἐκεῖνα
864 3601 932 3655 τὰ
962 3600 1205 3672 μείζονα,
1237 3602 1379 3671 ἆπερ
1424 3600 1603 3672 ἔχουσι
1648 3602 1768 3654 καθ’
1799 3609 1839 3664 C

171 3698 414 3750 ἕκαστον
448 3697 542 3749 xui
592 3696 652 3747 τὸ
696 3695 849 3759 αὐτὸ,
892 3697 949 3747 ἐν
978 3697 1044 3765 τῇ
1080 3698 1279 3765 μετοχῇ
1314 3692 1408 3747 τοῦ
1444 3694 1595 3757 ὄντος
1640 3695 1767 3756 εἰσὶ,

172 3792 338 3860 πόσῳ
364 3808 427 3858 γε
463 3789 661 3861 μᾶλλον
688 3789 861 3842 ταῦτα
882 3788 945 3860 δὴ
968 3789 1034 3840 τὰ
1058 3789 1279 3841 ἐκείνων
1315 3788 1606 3859 μετέχοντα
1631 3790 1772 3839 ποιεῖ

168 3885 239 3936 τὸ
268 3878 431 3947 εἶναι,
461 3884 639 3948 ζῶντα
659 3883 841 3952 τυχὸν,
868 3882 899 3952 ἢ
927 3881 1086 3950 σοφὰ,
1112 3883 1167 3933 ἐν
1186 3884 1251 3951 τῇ
1279 3881 1499 3935 ἐκείνων
1531 3883 1731 3951 μετοχῇ
1754 3897 1765 3908 ·

170 3979 274 4031 καὶ
319 3978 380 4029 ού
416 3975 621 4047 (καθὼς
654 3974 992 4044 ύπολῆψαιτό
1052 3993 1135 4038 τις
1185 3975 1497 4043 ἀσυνέτως)
1544 3975 1628 4026 ὅτι
1678 3974 1771 4041 ἀφ’

170 4070 415 4133 ἑαυτῶν,
446 4071 540 4121 xui
560 4069 620 4120 ού
652 4067 791 4121 κατὰ
821 4067 1052 4139 μετοχὴν
1087 4067 1294 4137 ἑτέρου,
1322 4065 1491 4117 ταῦτα
1518 4067 1727 4135 ἔχουσιν
1754 4082 1767 4127 ;

174 4163 344 4213 ’Ἐστι
367 4160 421 4212 δὲ
450 4160 511 4211 τὸ
541 4159 872 4229 ἐπιχείρημα
900 4156 1334 4227 δραστικώτατον
1360 4158 1424 4208 ἐκ
1463 4155 1556 4207 τοῦ
1591 4152 1771 4225 μείζο-

170 4268 288 4313 νος.
323 4249 555 4321 [lptb‘cm
582 4250 760 4302 τοίνυν
804 4249 902 4319 τὴν
930 4248 1026 4302 τοῦ
1078 4244 1217 4300 εἶναι
1254 4247 1462 4318 δωρεὰν
1506 4250 1623 4309 τοῖς
1650 4242 1769 4299 οῦσι

170 4340 563 4413 παρεχόμενος
590 4342 619 4392 ὁ
635 4340 785 4403 Θεὸς,
811 4342 875 4393 ὲκ
897 4339 1101 4408 ταύτης
1127 4339 1221 4392 xui
1246 4337 1475 4409 πρώτως
1499 4339 1765 4409 ὑμνεῖται,

172 4435 275 4486 καὶ
307 4433 455 4486 ἐστιν
479 4434 537 4499 ἐξ
563 4431 732 4502 αὐτῆς
776 4433 869 4484 xui
900 4432 1032 4484 αὑτὸ
1057 4432 1116 4483 τὸ
1145 4427 1281 4484 εἶναι
1313 4431 1550 4493 πάντων,
1594 4432 1687 4483 xui
1713 4433 1769 4482 ἐν

170 4529 321 4597 αὐτῇ
374 4526 775 4597 συνειλημμένα
804 4524 1221 4596 διακρατοῦνται
1252 4523 1393 4576 κατὰ
1439 4524 1618 4593 ἁπλῆν
1648 4540 1771 4577 τινα

171 4622 273 4674 xui
308 4618 663 4690 περιεκτικῆν
692 4618 801 4670 τῶν
830 4616 964 4670 ὅλων
993 4617 1171 4669 αἰτίαν
1197 4616 1291 4669 xui
1315 4616 1539 4686 ἄσχετον
1560 4634 1571 4645 ’
1594 4617 1769 4669 οὐδενὶ

170 4712 289 4785 γὰρ
330 4711 530 4781 λόγῳῆ
560 4712 809 4781 νοήματι,
843 4709 875 4779 ἦ
906 4710 1190 4779 πράγματι
1227 4707 1339 4778 ἔχει
1369 4709 1431 4760 τὸ
1476 4710 1631 4760 Θεῖον
1670 4709 1768 4779 τὴν

171 4807 320 4876 πρὸς
356 4802 423 4854 τὰ
457 4801 585 4853 ὄντα
617 4801 799 4869 σχέσιν
843 4817 902 4852 τε
954 4801 1047 4851 xui
1098 4800 1399 4853 κοινωνίαν.
1432 4800 1511 4853 Τὰ
1543 4801 1599 4852 δὲ
1642 4800 1769 4871 ἑξῆς

173 4896 609 4968 παραδείγματα
638 4893 961 4945 πιστευτικά
1001 4894 1106 4945 εἰσι
1154 4893 1249 4945 τοῦ
1292 4889 1429 4945 εἶναι
1484 4894 1661 4947 πάντα
1704 4896 1769 4947 ὲκ

1950 3597 1976 3669 §
2012 3597 2093 3650 VI.
2128 3595 2184 3651 Si
2210 3607 2391 3651 autem
2427 3597 2514 3651 illa
2566 3599 2795 3668 majora,
2829 3616 2950 3669 qua:
2994 3601 3196 3657 habent
3230 3620 3454 3674 quoque

1877 3691 2086 3758 singula
2132 3704 2229 3757 per
2256 3704 2337 3755 se,
2374 3693 2658 3744 cntitalem
2689 3693 3039 3762 participent,
3085 3706 3291 3763 quanto
3336 3716 3452 3753 ma-

1875 3787 1958 3854 gis
1988 3786 2103 3840 inec
2144 3800 2263 3853 qua)
2296 3786 2512 3838 illorum
2546 3788 2835 3856 participia
2889 3801 3037 3853 sunt,
3093 3790 3220 3845 facit
3274 3795 3449 3862 ipsum

1874 3894 1995 3933 esse
2036 3878 2298 3941 viventia,
2329 3894 2383 3930 v.
2416 3894 2496 3946 g.,
2536 3879 2621 3932 vel
2652 3881 2937 3949 sapientia,
2970 3896 3068 3950 pcr
3114 3883 3195 3936 sui
3230 3887 3453 3952 partici-

1874 3974 2150 4040 pationem
2180 3989 2192 4037 ;
2228 3981 2280 4024 et
2306 3986 2411 4023 non
2446 3973 2527 4040 (ut
2576 3971 2848 4040 quispiam
2894 3975 3142 4042 imperite
3188 3979 3450 4044 suspicari

1872 4066 2077 4133 posset)
2111 4080 2209 4132 per
2259 4080 2317 4118 se
2360 4074 2410 4117 et
2445 4064 2564 4118 sine
2598 4066 2828 4120 alterius
2877 4068 3297 4136 participatione
3341 4071 3455 4125 huic

1874 4155 2117 4210 habent?
2160 4156 2255 4209 Est
2295 4164 2475 4209 autem
2518 4158 2620 4211 hoc
2661 4169 3041 4227 argumentum
3083 4159 3454 4232 Medica-

1872 4248 2153 4301 cussimum
2189 4263 2218 4300 a
2268 4248 2480 4317 majori.
2514 4248 2648 4301 Cum
2699 4249 2882 4317 itaque
2914 4252 3053 4305 Deus
3085 4258 3315 4319 primum
3350 4258 3449 4309 hoc

1873 4340 2073 4393 donum
2136 4342 2297 4395 rebus
2344 4340 2631 4409 largiatur,
2664 4356 2732 4393 ex
2788 4342 2903 4410 ipso
2953 4358 3168 4411 quoque
3215 4349 3449 4414 primum

1879 4430 2153 4497 laudatur,
2182 4443 2235 4485 et
2258 4432 2476 4487 exsistit
2507 4447 2572 4485 ex
2601 4433 2738 4501 ipso,
2767 4433 3062 4500 ipsummet
3084 4446 3166 4489 cst
3186 4453 3305 4491 esse
3334 4456 3451 4492 om-

1874 4525 2045 4587 nium,
2071 4534 2125 4577 et
2157 4526 2208 4577 in
2238 4526 2353 4593 ipso
2398 4525 2625 4579 collecta
2668 4526 3018 4579 continentur
3043 4530 3221 4581 omnia
3256 4546 3449 4585 secun-

1873 4618 1998 4671 dum
2034 4618 2336 4687 simplicem
2365 4619 2603 4688 aliquam
2652 4628 2708 4672 et
2736 4622 3246 4689 comprehensivam
3276 4634 3333 4678 et
3365 4627 3448 4679 in-

1873 4712 2317 4780 coniprebensam
2376 4713 2762 4766 universorum
2806 4727 3069 4769 causam:
3102 4716 3251 4768 nulla
3303 4719 3447 4772 enim

1875 4801 2111 4865 ratione,
2165 4802 2245 4855 vel
2291 4811 2583 4870 conceptu,
2619 4802 2702 4855 vel
2759 4817 2815 4856 re
2873 4806 3311 4860 communionem
3362 4809 3448 4861 vel

1884 4894 2293 4962 proportionem
2321 4895 2487 4949 habet
2518 4896 2658 4948 Deus
2692 4911 2814 4949 cum
2848 4898 3010 4950 rebus
3030 4898 3445 4955 exsistentibus.

170 4991 272 5044 τοῦ
324 4987 482 5051 Θεοῦ,
535 4986 610 5051 ὡς
653 4986 825 5039 αἰτίου
871 4986 970 5057 τῆς
1016 4986 1221 5039 τούτων
1264 4986 1567 5058 ὑπάρξεως,
1606 4987 1767 5040 ἄλλου

1881 4987 2135 5071 Exempla
2183 4997 2366 5042 autem
2414 5002 2535 5056 qua:
2580 4999 2885 5058 sequuntur
2915 4990 3074 5044 [idem
3114 4991 3339 5057 faciunt,
3383 5011 3445 5049 ea

174 5080 337 5153 παρὰ
380 5078 551 5133 ταῦτα
589 5078 944 5149 ὑπάρχοντος,
999 5080 1092 5131 xui
1136 5081 1193 5130 ὲν
1246 5078 1392 5148 αὑτῷ
1446 5080 1768 5132 συνεστάναι

174 5176 328 5244 ἄλλῳ
353 5172 504 5243 παρὰ
534 5172 706 5224 ταῦτα
731 5173 1059 5242 ὑπάρχοντι·
1095 5174 1127 5242 ἡ
1157 5172 1264 5242 γὰρ
1293 5170 1480 5241 μονὰς,
1514 5170 1589 5234 ὡς
1618 5172 1767 5223 αἰτία

174 5264 455 5337 ἀριθμῶν,
483 5263 749 5327 ένοειδῶς,
777 5265 836 5316 ού
862 5263 1268 5334 ποικιλλομένη,
1296 5264 1327 5334 ἢ
1354 5264 1526 5326 ἄλλως
1554 5264 1649 5315 xui
1673 5263 1766 5316 ἅλ-

173 5367 287 5423 λως
328 5357 613 5428 νοουμένη,
643 5359 768 5419 τοὺς
814 5359 1019 5419 πάντας
1063 5358 1409 5428 περιείληφεν
1455 5357 1760 5427 ἀριθμούς·

179 5453 275 5505 καὶ
292 5450 356 5502 τὸ
395 5451 557 5520 μέσον
581 5449 675 5500 τοῦ
708 5448 905 5501 κύκλου
939 5447 1159 5517 κέντρον
1186 5449 1401 5512 ἁπάσας
1420 5448 1518 5512 τὰς
1542 5450 1649 5501 ἀπὸ
1664 5448 1764 5517 τῆς

179 5542 540 5615 περιφερείας
587 5542 798 5605 εὐθείας
844 5540 1084 5612 περιέχει
1122 5541 1383 5605 ἐνοειδῶς,
1419 5543 1510 5594 xui
1557 5540 1761 5605 ἁπλῶς,

1875 5100 1995 5151 qua:
2043 5092 2168 5138 sunt
2228 5083 2407 5137 omnia
2452 5098 2516 5137 ex
2545 5082 2653 5137 Deo
2679 5085 2967 5151 exsistere,
2999 5096 3254 5154 tanquam
3285 5103 3444 5143 causa

1879 5193 2069 5231 eorum
2109 5178 2463 5241 exsistentire,
2494 5193 2620 5230 cum
2652 5178 2898 5232 diversus
2925 5181 2995 5232 sit
3026 5180 3093 5233 ab
3143 5182 3277 5243 illis,
3306 5194 3359 5235 et
3391 5183 3443 5235 in

1880 5272 1997 5339 ipso
2022 5272 2325 5323 consistant
2352 5270 2567 5323 diverso
2592 5271 2658 5322 ab
2691 5269 2796 5322 illis
2822 5271 3141 5333 exsistente;
3178 5272 3444 5337 siquidem

1875 5374 2073 5428 unttas,
2124 5374 2376 5432 tanquam
2436 5378 2599 5417 causa
2650 5375 3023 5426 nurnerorum,
3081 5360 3443 5429 uniformiter,

1871 5457 2290 5524 haudquaquam
2324 5455 2620 5525 variegata,
2654 5454 2738 5508 vel
2789 5454 2947 5507 aliter
2976 5464 3138 5522 atque
3164 5452 3321 5505 aliter
3360 5453 3447 5506 inn

1872 5550 2101 5613 tellecta,
2139 5549 2426 5603 universos
2477 5561 2736 5603 numeros
2783 5545 3190 5616 complectitur;
3228 5552 3282 5597 et
3331 5556 3444 5599 ttio-

1465 5689 1694 5745 VARlA-Z
1730 5688 2023 5746 LECTION
2031 5687 2136 5744 ES.

290 5811 357 5842 ’⁸⁵
386 5808 533 5861 Max.
567 5822 847 5877 corporea.

368 5905 641 5963 I'nnoc.
690 5900 801 5959 Gn.
843 5899 949 5957 Ill.

3031 5893 3104 5949 Ξῖ
