3866 6234
374 277 481 335 διδ

1553 280 1611 335 S.
1659 278 1961 338 DIONYSII
1995 278 2459 340 AREOPAGITA‘Z

3534 290 3637 343 8H

375 394 526 447 dium
550 391 741 448 circuli
768 401 1016 449 centrum
1041 407 1231 451 omnes
1252 408 1281 448 a
1306 393 1751 451 circumferentia
1778 396 1953 452 lineas

2066 400 2151 453 καὶ
2179 398 2382 469 ὁμοίως
2403 418 2415 429 '
2442 400 2646 472 ἀμερὲς
2669 400 2777 472 γὰρ
2800 402 2914 455 ἐστι
2941 401 3004 455 τὸ
3045 405 3291 475 σημεῖον,
3337 403 3481 459 ὥστε
3521 407 3639 469 πῶς

376 492 557 540 rectas
596 482 945 538 uniformiter
969 492 1025 539 et
1052 483 1283 553 simplici
1322 483 1597 554 similique
1628 485 1786 541 modo
1816 501 1951 542 con-

374 577 543 640 tinet;
571 585 828 646 punctum
858 576 1003 631 enim
1031 585 1185 632 caret
1220 576 1489 646 partibus,
1524 578 1796 647 quomodo
1822 592 1951 650 ergo

375 670 537 725 aliter
562 679 728 739 atque
770 670 927 725 aliter
960 669 1131 726 lineas
1169 680 1351 727 rectas
1382 667 1555 740 possit
1595 673 1953 742 comprehen-

374 764 804 822 dereiMirabiIi
836 774 1016 820 autem
1056 764 1219 821 modo
1270 764 1451 834 posuit
1497 764 1805 835 exemplum
1849 766 1953 822 hoc

376 861 445 915 de
491 858 721 927 circulo,
756 867 813 914 ut
859 858 1140 924 ostendat,
1186 860 1459 927 quomodo
1497 857 1842 915 uniformiter
1898 860 1951 914 in

376 953 489 1010 Deo
536 952 784 1008 universa
841 952 1121 1019 uniantur,
1162 961 1218 1006 et
1247 954 1516 1021 Quomodo
1572 967 1693 1022 qua:
1746 951 1955 1008 distant

379 1048 807 1116 distinguantur,
837 1056 895 1101 et
952 1048 1009 1101 in
1057 1056 1320 1115 quantum
1376 1048 1596 1108 distant.
1634 1046 1689 1100 in
1740 1055 1951 1102 tantum

375 1139 541 1194 etiam
574 1138 926 1205 dissipentur.
952 1138 1033 1191 Ad
1066 1138 1202 1203 haec,
1240 1138 1407 1192 etiam
1450 1139 1503 1193 in
1553 1149 1769 1202 natura,
1800 1154 1954 1193 crea-

376 1232 513 1286 trice
534 1231 942 1298 universorum,
970 1245 1160 1285 omnes
1192 1232 1569 1301 cujuscunque
1617 1241 1826 1285 natura:
1868 1246 1956 1285 ra-

377 1327 553 1380 tiones
602 1323 806 1393 absque
857 1323 1179 1378 confusione
1223 1323 1465 1380 collectte
1523 1333 1671 1389 sunt,
1706 1324 1847 1380 sicut
1896 1326 1952 1380 in

375 1418 557 1469 anima
586 1414 934 1469 uniformiter
975 1414 1241 1485 copulatae
1284 1426 1411 1471 sunt
1442 1417 1683 1485 provida)
1723 1418 1958 1475 virtutes

374 1505 515 1575 ejus,
548 1506 803 1562 videlicet
828 1507 1087 1561 nutritiva
1120 1523 1226 1577 qua
1260 1510 1454 1574 nutrit,
1484 1510 1700 1564 auctrix
1729 1525 1833 1580 qua
1859 1526 1958 1564 au-

378 1609 468 1671 get
498 1599 549 1654 id
586 1600 729 1669 quod
774 1609 960 1669 aptum
997 1609 1081 1654 est
1122 1602 1493 1669 generationi,
1546 1605 1803 1659 sensitiva
1848 1620 1954 1673 qua

376 1700 572 1763 praeest
624 1690 894 1754 sensibus,
933 1692 1214 1761 opinativa
1266 1706 1373 1761 qua
1429 1694 1692 1749 discernit
1730 1708 1791 1748 ea
1836 1708 1958 1762 qua)

2054 490 2228 556 ἄλλως
2252 494 2346 546 καὶ
2376 492 2550 557 ἄλλως
2576 493 2676 559 τὰς
2709 494 2924 558 εὐθείας
2970 495 3364 567 περιλήψεταις
3412 498 3644 567 Θαυμα-

2055 584 2185 650 σίως
2211 586 2268 640 δὲ
2293 586 2503 641 τέθεικε
2529 588 2592 641 τὸ
2622 589 2752 660 περὶ
2770 588 2867 643 τοῦ
2894 589 3095 643 κύκλου
3124 592 3492 664 παράδειγμα,
3521 592 3643 655 πῶς

2055 675 2297 731 ένοῦνται
2332 679 2390 731 ὲν
2411 679 2489 750 τῷ
2518 678 2637 751 Θεῷ
2662 680 2879 746 ένιαίως
2910 681 2981 736 τὰ
3010 683 3209 749 πάντα,
3237 685 3335 738 καὶ
3376 684 3497 749 πῶς
3524 686 3643 738 δια-

2054 771 2331 842 κρίνονται
2351 773 2718 846 ἀφιστάμενα,
2742 776 2838 829 καὶ
2862 775 2985 830 καθ’
3009 778 3134 831 ὅσον
3169 778 3522 848 ἀφίστανται,
3548 780 3645 832 καὶ

2052 861 2145 914 τὸν
2201 863 2505 935 σκεδασμὸν
2554 865 2919 936 λαμϐάνοντα.
2993 868 3116 921 Ἔτι
3180 869 3274 923 καὶ
3318 872 3375 923 ὲν
3421 873 3488 942 τῇ
3549 871 3645 941 δη·

2058 960 2349 1029 μιουργικῇ
2404 958 2512 1011 τῶν
2559 959 2698 1012 ὅλων
2755 958 2934 1028 φύσει,
2981 962 3179 1027 πάντες
3239 965 3292 1015 οἰ
3343 963 3446 1033 τῆς
3519 964 3645 1017 καθ’

2055 1051 2283 1105 ἕκαστον
2320 1050 2531 1121 φύσεως
2574 1051 2721 1120 λόγοι
2774 1051 3189 1123 συνειλημμένοι
3237 1056 3373 1107 εἰσὶν
3399 1055 3649 1125 ἀσυγχύ-

2054 1162 2183 1209 τως,
2233 1143 2425 1216 ὥσπερ
2478 1145 2571 1198 καὶ
2614 1146 2672 1199 ὲν
2722 1150 2789 1218 τῇ
2839 1147 2982 1219 ψυχῇ
3048 1147 3339 1218 μονοειδῶς
3388 1151 3448 1201 αἱ
3516 1167 3648 1220 προ-

2056 1237 2301 1309 νοητικαὶ
2339 1237 2597 1309 δυνάμεις
2644 1240 2834 1310 αὐτῆς,
2869 1242 2903 1311 ἡ
2945 1240 3211 1312 θρεπτικὴ
3236 1240 3482 1311 δηλονότι
3520 1242 3646 1294 καθ’

2056 1330 2122 1401 ῆν
2144 1329 2353 1399 τρέφει,
2393 1332 2427 1401 ἠ
2458 1331 2727 1403 αὐξητικὴ
2755 1331 2876 1385 καθ’
2905 1332 2970 1403 ἣν
2994 1331 3145 1397 αὔξει
3184 1333 3245 1385 τὸ
3270 1333 3408 1402 πρὸς
3434 1334 3495 1386 τὸ
3518 1351 3648 1401 γεν-

2058 1423 2155 1491 νᾷν
2187 1423 2510 1494 ἐπιτήδειον,
2539 1427 2572 1495 ἡ
2616 1424 2905 1495 αἰσθητικὴ
2932 1424 3050 1478 καθ’
3079 1426 3145 1497 ἢν
3195 1426 3479 1478 ἐπιστατεῖ
3526 1428 3650 1489 ταῖς

2057 1514 2394 1585 αἰσθήσεσιν,
2425 1518 2457 1587 ὴ
2488 1516 2774 1589 δοξαστικὴ
2808 1518 2930 1573 καθ’
2965 1518 3034 1590 ἣν
3075 1518 3250 1590 κρίνει
3285 1518 3357 1571 τὰ
3385 1518 3647 1589 αἰσθητὰ,

2060 1610 2092 1679 ἡ
2144 1610 2480 1681 φανταστικὴ
2534 1610 2657 1664 καθ’
2695 1612 2761 1681 ἦν
2810 1612 2879 1665 τὰ
2923 1612 3154 1683 αἰσθητὰ
3214 1610 3573 1680 φαντάζεται,
3614 1615 3651 1682 ἡ

2059 1698 2314 1769 όρεκτικὴ
2341 1700 2463 1753 καθ’
2502 1698 2571 1768 ὴν
2599 1700 2872 1770 ὀρέγεται,
2916 1701 3010 1754 καὶ
3048 1701 3282 1773 καθεξῆς
3334 1704 3391 1753 αἰ
3428 1701 3646 1753 λοιπαί’

377 1787 708 1849 sentiuntur,
752 1783 1106 1853 imaginativa
1161 1798 1267 1852 qua
1290 1784 1570 1845 sensibilia
1604 1787 1952 1856 imaginatur,

2066 1790 2199 1843 οὑτω
2230 1791 2322 1845 καὶ
2348 1794 2397 1844 οἰ
2422 1792 2805 1865 δημιόυργικοὶ
2832 1794 2978 1862 λόγοι
3004 1794 3062 1846 ὲν
3086 1792 3163 1864 τῷ
3189 1793 3533 1865 δημιουργῷ,
3558 1794 3653 1845 καὶ

378 1877 673 1948 appetitiva
703 1892 808 1946 qua
842 1876 1067 1945 appetit,
1097 1886 1153 1931 et
1182 1878 1263 1932 sic
1293 1878 1360 1931 de
1388 1878 1602 1933 caneris
1627 1896 1640 1932 :
1664 1879 1745 1933 sic
1790 1882 1953 1933 etiam

379 1968 605 2023 creandi
659 1972 902 2023 rationes
965 1983 1156 2023 omnes
1216 1970 1537 2039 speciesque
1595 1972 1838 2025 omnium
1904 1972 1957 2025 in

379 2072 630 2118 creatore
675 2070 824 2125 sunt,
873 2070 1201 2129 manentque
1234 2061 1549 2125 iuconiusm,
1585 2070 1957 2115 verumtamen

386 2158 441 2212 in
492 2158 609 2226 ipso
648 2164 798 2219 sunt,
858 2170 962 2209 non
1022 2164 1277 2223 tanquam
1326 2154 1380 2207 in
1432 2153 1777 2225 loco(neque
1812 2154 1958 2208 enim

380 2254 497 2322 ipse
522 2253 572 2306 in
596 2250 718 2307 loco
740 2260 842 2315 est,
876 2264 975 2304 nec
1000 2264 1119 2317 qua:
1149 2249 1202 2302 in
1227 2251 1393 2318 ipso),
1421 2250 1514 2304 sed
1545 2250 1710 2303 habet
1740 2249 1829 2303 illa
1848 2250 1958 2305 sic-

381 2356 440 2401 ut
469 2348 702 2415 seipsnm
730 2346 912 2408 habet,
940 2343 1195 2399 omnibus
1222 2343 1439 2408 quidem
1481 2343 1640 2397 simul
1690 2343 1960 2399 exsisten-

381 2442 547 2503 tibus,
588 2439 857 2495 distinctis
907 2448 1091 2494 autem
1138 2438 1192 2492 in
1241 2447 1397 2508 parte
1449 2438 1849 2494 indivisibilitet'
1888 2438 1956 2495 ⁸⁸.

379 2534 636 2602 Acceptis
660 2532 925 2601 exenipiis
947 2547 974 2585 a
1002 2547 1238 2587 numero
1265 2540 1319 2587 et
1361 2541 1577 2595 centro,
1606 2532 1705 2595 ait,
1735 2532 1962 2587 minime

383 2626 681 2680 absurdum
713 2639 857 2692 esse,
891 2638 957 2679 ex
990 2624 1265 2680 similibus
1303 2624 1635 2694 imaginibus
1663 2626 1731 2680 ad
1771 2640 1959 2679 eorum

380 2733 502 2788 ane
536 2719 681 2773 dicta
734 2728 862 2773 sunt
917 2720 1136 2773 culmen
1192 2720 1513 2781 ascendere,
1564 2718 1724 2773 modo
1767 2734 1958 2788 super-

382 2812 681 2866 mundanos
706 2811 896 2867 oculos
927 2811 1302 2866 adhibeamus.
1327 2810 1574 2865 Diximus
1590 2811 1758 2873 enim,
1779 2810 1960 2862 omnia

382 2903 436 2957 in
468 2917 632 2956 causa
663 2901 816 2958 unite
847 2911 1104 2972 tanquam
1141 2902 1193 2954 in
1229 2901 1439 2956 unitate
1473 2916 1730 2957 numeros
1748 2915 1959 2962 omnes.

381 3004 439 3049 et
467 2992 761 3060 collectim,
794 3006 1049 3063 tanquam
1088 2995 1143 3049 in
1178 3004 1369 3049 centro
1400 2995 1574 3049 lineas
1616 3002 1816 3062 rectas,
1840 3009 1962 3064 quae

382 3103 411 3142 a
441 3088 886 3143 circumferentia
922 3088 1218 3152 ducuntur,
1246 3087 1534 3142 contineri.

453 3176 619 3253 μη.
644 3179 842 3235 Omnia
872 3178 1039 3249 igitur
1060 3192 1397 3247 quaecunque
1420 3179 1635 3234 essendi
1654 3178 1818 3252 M5
1844 3195 1964 3252 gra-

382 3274 511 3328 dum
534 3271 867 3337 sortiuntur,
898 3270 1202 3340 insigniunt
1235 3269 1323 3324 illa
1353 3286 1473 3339 qua:
1498 3281 1656 3335 sunt;
1683 3272 1787 3326 nisi
1814 3274 1960 3326 enim

381 3374 525 3418 esset
554 3363 685 3427 vita,
723 3377 1068 3431 nequaquam
1099 3362 1440 3427 viveremus;
1474 3362 1577 3416 nisi
1614 3372 1759 3417 esset
1782 3370 1965 3417 custo-

382 3457 495 3521 dia,
530 3470 875 3525 nequaquam
932 3453 1368 3519 custodirentur;
1411 3454 1513 3509 nisi
1568 3462 1716 3509 esset
1764 3465 1961 3520 motus,

383 3562 727 3618 nequaquam
762 3561 1131 3602 moverentur.
1157 3544 1350 3601 Omnia
1381 3546 1580 3615 itaque,
1613 3545 1795 3599 omnia
1818 3560 1964 3615 qum-

389 3657 603 3711 cunque
642 3640 859 3695 essendi
915 3643 1143 3710 gradum
1200 3639 1471 3705 obtinent,
1520 3638 1819 3709 insignium
1872 3638 1962 3693 illa

381 3751 505 3805 qua:
542 3744 689 3789 sunt.
720 3732 863 3787 Dicit
894 3740 1075 3786 autem
1109 3732 1198 3786 illa
1239 3747 1361 3801 qua:
1399 3742 1545 3796 sunt,
1572 3748 1676 3787 non
1708 3732 1961 3787 substan-

384 3829 513 3891 tias,
545 3828 638 3881 sed
680 3824 1036 3895 (accidentia)
1077 3839 1201 3893 quae
1242 3825 1294 3878 in
1356 3822 1679 3879 substantiis
1728 3838 1962 3879 cernun-

386 3926 498 3981 tur,
539 3927 704 3985 atqne
743 3915 906 3969 etiam
944 3930 1011 3969 ex
1043 3915 1150 3969 Deo
1191 3923 1351 3979 sunt;
1405 3917 1521 3970 haec
1572 3925 1751 3969 autem
1808 3927 1961 3969 extra

381 4022 583 4079 corpus
619 4007 923 4063 consistere
952 4018 1246 4076 nequeunt,
1288 4023 1461 4077 eaque
1486 4008 1650 4062 etiam
1681 4022 1780 4076 per
1812 4008 1961 4077 cogi-

387 4104 649 4157 tationem
690 4110 915 4155 sanctus
951 4097 1115 4154 Pater
1156 4100 1358 4155 divisit.

461 4196 490 4269 ς
542 4193 675 4249 \‘lil.
738 4194 916 4263 Atque
983 4207 1049 4246 ex
1103 4193 1205 4247 hac
1273 4193 1517 4247 omnium
1574 4208 1737 4248 causa
1796 4196 1959 4249 etiam

386 4290 732 4345 intellectiies
786 4288 965 4358 quoad
1036 4302 1174 4351 nos,
1237 4295 1294 4339 et
1358 4287 1726 4357 intelligentes
1777 4290 1960 4356 quoad

384 4384 594 4448 Deum,
670 4381 901 4435 virtutes
976 4380 1316 4443 subsistunt,
1383 4378 1459 4431 uti
1532 4388 1587 4431 et
1666 4378 1861 4433 anima:
1908 4388 1963 4432 et

2061 1881 2129 1934 τὰ
2169 1883 2285 1953 είδη
2320 1884 2558 1947 πάντων,
2588 1886 2680 1938 καὶ
2712 1887 2908 1950 πάντες
2937 1888 3043 1939 εἰσί
3068 1887 3164 1939 καὶ
3210 1885 3515 1957 ἀσύγχυτοι
3558 1888 3627 1956 μέ

2063 1992 2234 2039 νουσι,
2267 1974 2404 2046 πλὴν
2436 1976 2492 2028 ὲν
2523 1976 2672 2046 αὑτῷ
2698 1979 2836 2031 εἰσιν
2858 1980 2957 2049 οὑχ
2983 1978 3059 2042 ὡς
3084 1980 3142 2031 ὲν
3167 1978 3340 2047 τόπῳ,
3370 1977 3520 2048 (οὔτε
3542 1980 3651 2049 γὰρ

2062 2069 2222 2131 αὐτὸς
2250 2070 2308 2121 ὲν
2334 2069 2505 2141 τόπῳ,
2540 2068 2662 2124 οὔτε
2688 2072 2757 2125 τὰ
2790 2077 2849 2126 ὲν
2875 2072 3025 2143 αὐτῷ
3043 2074 3081 2144 ·)
3106 2072 3219 2125 ἀλλ’
3246 2072 3362 2142 ἔχει
3392 2071 3541 2123 αὑτὰ
3576 2072 3652 2132 ὡς

2062 2163 2252 2215 ἑαυτὸν
2284 2162 2416 2234 ἔχει,
2449 2165 2665 2219 πάντων
2692 2166 2791 2237 μὲν
2820 2166 2954 2237 ὁμοῦ
2983 2166 3170 2227 ὄντων,
3213 2164 3656 2236 διακεκριμένων

2062 2252 2119 2305 δὲ
2147 2254 2204 2305 ὲν
2237 2254 2314 2323 τῷ
2349 2255 2506 2326 μέρει
2536 2255 2780 2329 ἀμερῶς.
2812 2255 3007 2311 Λαϐὼν
3031 2255 3138 2308 ἀπὸ
3162 2255 3256 2307 τοῦ
3291 2254 3537 2326 ἀριθμοῦ
3559 2254 3658 2306 καὶ

2062 2346 2155 2400 τοῦ
2187 2347 2411 2420 κέντρου
2452 2348 2521 2402 «τὰ
2548 2348 2989 2421 παραδείγματα,
3017 2348 3199 2417 φησὶν,
3242 2346 3328 2397 ὅτι
3374 2346 3481 2397 οὐκ
3506 2344 3659 2397 ἐστιν

2063 2440 2257 2494 ἄτοπον
2281 2442 2345 2492 ὲκ
2369 2440 2623 2494 τοιούτων
2650 2441 2873 2494 εἰκόνων
2896 2440 2987 2492 ἐπὶ
3010 2438 3071 2490 τὸ
3110 2435 3242 2506 ὕψος
3280 2435 3393 2489 τῶν
3421 2435 3661 2507 λεγομέ-

2064 2550 2168 2585 νων
2207 2532 2537 2597 ἀναδαίνειν,
2596 2533 2757 2604 μόνον
2806 2534 2855 2585 εἰ
2901 2530 3198 2601 ὀφθαλμοῖς
3250 2529 3662 2599 ὑπερκοσμίοις

2064 2624 2340 2695 χρώμεθα.
2374 2625 2613 2696 Εἴπομεν
2638 2625 2766 2695 γὰρ,
2792 2625 2876 2678 ὅτι
2929 2625 3107 2679 πάντα
3146 2624 3204 2675 ὲν
3233 2621 3313 2692 τῷ
3363 2622 3531 2692 αἰτίῳ
3561 2638 3663 2691 μο-

2063 2716 2298 2781 νοειδῶς,
2320 2718 2397 2781 ὡς
2416 2718 2474 2771 ὲν
2495 2720 2561 2788 τῇ
2590 2718 2777 2787 μονάδι
2799 2718 2847 2770 οἱ
2866 2716 3090 2789 ἀριθμοὶ
3115 2715 3375 2777 ἅπαντες,
3397 2714 3498 2766 καί
3527 2716 3665 2782 ἠνω-

2068 2809 2261 2877 μένως,
2288 2808 2362 2872 ὡς
2386 2810 2444 2861 ὲν
2467 2808 2545 2879 τῷ
2571 2809 2777 2880 κέντρῳ
2803 2810 2859 2863 αἰ
2890 2808 2998 2862 ἀπὸ
3024 2807 3123 2877 τῆς
3168 2806 3534 2878 περιφερείας
3564 2806 3662 2857 εὑ-

2065 2902 2225 2955 θεῖαι.

2133 3198 2161 3270 §
2192 3198 2307 3252 VII.
2338 3197 2521 3251 Πάντα
2547 3188 2660 3261 οὖν,
2689 3197 2789 3249 ὅσα
2814 3196 2871 3249 ὲν
2912 3194 2991 3265 τῷ
3015 3188 3153 3247 εἶναι
3178 3194 3328 3256 ὄντα,
3370 3210 3666 3265 χαρακτη-

2069 3291 2202 3362 ρίζει
2224 3288 2291 3341 τὰ
2318 3288 2446 3341 ὄντα
2464 3305 2478 3317 ·
2513 3290 2561 3341 εἰ
2587 3287 2696 3360 γὰρ
2726 3287 2800 3358 μὴ
2839 3283 2906 3359 ἦν
2931 3284 3067 3357 ζωὴ,
3093 3286 3193 3339 οὐκ
3234 3286 3300 3339 ἂν
3328 3285 3555 3356 ἐζῶμεν
3573 3304 3587 3314 ·
3616 3288 3668 3339 εἰ

2067 3384 2140 3453 μὴ
2169 3377 2236 3453 ἦν
2276 3379 2509 3452 φρουρὰ,
2542 3381 2642 3435 οὑκ
2665 3380 2729 3432 ἂν
2758 3378 3204 3450 ἐφρουρούμεθα·
3231 3380 3279 3430 εἰ
3305 3377 3383 3448 μὴ
3412 3372 3488 3449 ἧν
3510 3379 3669 3449 κίνη-

2067 3486 2168 3534 σις,
2198 3471 2298 3523 οὑκ
2322 3470 2388 3523 ἂν
2414 3468 2764 3539 ὲκινούμεθα.
2797 3470 2983 3522 Πάντα
3033 3467 3185 3537 γοῦν,
3240 3469 3420 3521 πάντα
3458 3469 3568 3521 ὅσα
3609 3471 3669 3521 ἐν

2063 3560 2140 3630 τῷ
2165 3555 2304 3613 εἶναι
2326 3562 2477 3624 ὄντα,
2509 3559 2577 3613 τὰ
2605 3558 2733 3611 ὅντα
2765 3560 3241 3631 χαρακτηρίξουσι.
3280 3560 3453 3611 Ὄντα
3479 3560 3539 3612 δὲ
3574 3560 3667 3612 λέ-

2064 3668 2149 3719 γει
2173 3652 2232 3704 οὑ
2264 3651 2363 3715 τὰς
2389 3651 2599 3714 οὐσίας,
2626 3648 2762 3703 ἀλλὰ
2798 3650 2866 3702 τὰ
2896 3652 2955 3702 ὲν
3002 3653 3122 3712 ταῖς
3152 3650 3363 3713 οὐσίαις
3409 3649 3664 3722 θεωρού-

2068 3762 2202 3815 μενα
2233 3745 2295 3797 ὲκ
2340 3742 2433 3796 τοῦ
2458 3742 2592 3796 Θεοῦ
2623 3745 2727 3796 εἰσι
2751 3760 2763 3773 ⁸
2806 3743 2977 3796 ταῦτα
3016 3743 3074 3795 δὲ
3099 3742 3255 3807 ἐκτὸς
3295 3744 3577 3814 σωμάτων
3605 3744 3667 3795 οὐ

2064 3838 2285 3891 δύναται
2317 3837 2686 3901 συνίστασθαι,
2739 3836 2900 3890 διεῖλε
2952 3837 3010 3890 δὲ
3050 3836 3203 3907 όμῶς
3235 3836 3376 3889 αὑτὰ
3411 3838 3440 3890 ὁ
3465 3837 3667 3907 Πατὴρ

2066 3930 2186 3981 κατ’
2216 3929 2476 3982 ἐπίνοιαν.

2139 4198 2167 4270 §
2208 4195 2341 4250 VIII.
2370 4196 2480 4249 Καὶ
2506 4196 2570 4248 ἐκ
2596 4196 2694 4266 τῆς
2736 4190 2912 4258 αἰτίας
2952 4194 3061 4247 τῶν
3108 4195 3325 4248 πάντων
3366 4198 3425 4248 αἰ
3473 4201 3669 4268 venui.

2065 4292 2141 4355 ὡς
2166 4290 2301 4362 πρὸς
2329 4290 2495 4359 ἡμᾶς,
2523 4289 2615 4340 καὶ
2642 4290 2825 4359 νοεραί
2848 4287 2924 4351 ὡς
2962 4286 3098 4357 πρὸς
3123 4287 3214 4339 τὸν
3242 4286 3375 4341 Θεὸν
3402 4288 3669 4359 δυνάμεις

2068 4384 2401 4455 ὑπέστησαν,
2452 4382 2546 4434 καὶ
2592 4383 2647 4434 αἱ
2690 4381 2877 4451 ψυχαὶ,
2926 4381 3020 4433 καὶ
3056 4380 3125 4432 τὰ
3172 4378 3439 4451 σώματα,
3475 4382 3578 4435 καὶ
3601 4382 3669 4435 τὰ

384 4492 636 4545 corpora,
684 4484 739 4530 et
781 4489 903 4544 qua:
944 4473 1326 4543 quoquoniudo
1375 4472 1429 4525 in
1481 4471 1603 4525 aliis
1651 4473 1959 4536 exsistunt,

2069 4474 2318 4528 όπωσοῦν
2355 4473 2388 4543 ἦ
2416 4474 2472 4525 ὲν
2499 4472 2706 4543 ἑτέροις
2734 4474 3069 4544 ὑπάρχοντα,
3101 4472 3177 4536 ὡς
3201 4472 3423 4544 χρῶμα,
3455 4476 3667 4547 σχῆμα,

386 4578 444 4623 ιιι
485 4570 659 4633 color,
715 4567 913 4633 forma,
944 4566 1205 4636 qualitas,
1244 4566 1462 4633 aliaque
1500 4579 1619 4632 quae
1661 4565 1807 4620 circa
1841 4581 1964 4619 cor-

385 4678 486 4733 pus
542 4671 878 4727 cernuntur,
945 4659 1028 4714 vel
1091 4674 1189 4729 per
1255 4661 1645 4729 cogitationem
1702 4673 1824 4714 esse
1879 4659 1962 4711 di-

385 4766 614 4820 cuntur,
677 4765 736 4808 ut
788 4754 1110 4819 intellectio,
1152 4766 1367 4817 sensus,
1399 4754 1578 4819 ratio,
1632 4762 1689 4807 et
1738 4753 1960 4808 similia.

386 4849 482 4904 Illa
546 4847 735 4915 utique
777 4847 845 4901 ab
898 4845 984 4900 bis
1027 4844 1286 4909 secernit,
1346 4845 1603 4913 quoniam
1648 4843 1777 4909 illa,
1824 4854 1965 4898 tam-

386 4941 490 4997 etsi
532 4941 585 4995 in
629 4938 753 4993 aliis
815 4938 1157 5001 subsistant,
1209 4948 1390 4991 tamen
1441 4937 1625 4992 sensui
1666 4936 1966 5005 subjiciun-

393 5045 513 5100 tur;
570 5034 687 5088 hzec
760 5040 940 5086 autem
1002 5044 1341 5099 nequaquam
1406 5030 1589 5084 sensui
1653 5030 1965 5099 sublacent,

391 5129 487 5184 sed
518 5142 618 5198 per
656 5125 826 5180 solam
869 5124 1259 5193 cegitationem
1315 5134 1741 5193 cognoscuntur.
1778 5124 1974 5193 Itaque

388 5222 622 5276 virtutes
678 5218 781 5273 illa:
830 5218 1043 5283 beatae,
1097 5226 1211 5272 tam
1256 5218 1444 5286 prima:
1471 5232 1632 5287 quam
1676 5226 1967 5287 sequentes

389 5322 445 5368 et
510 5312 717 5368 ultimae
779 5310 957 5381 quoad
1030 5309 1186 5373 illas,
1242 5324 1351 5365 non
1395 5312 1577 5380 quoad
1645 5326 1782 5376 nos;
1841 5326 1964 5365 nam

391 5406 566 5475 quoad
636 5420 735 5461 nos
794 5419 984 5459 omnes
1041 5402 1516 5473 supermundiales
1569 5415 1735 5470 sunt,
1803 5406 1967 5458 etiam

391 5510 713 5567 postremae;
759 5508 815 5553 et
861 5498 1203 5565 principatus
1250 5506 1306 5553 et
1336 5499 1520 5554 omnia
1558 5515 1626 5555 ex
1672 5498 1783 5552 Deo
1824 5507 1879 5551 et
1910 5499 1963 5551 in

2072 4564 2392 4637 τπιλικότης,
2438 4566 2530 4617 καὶ
2571 4563 2737 4618 τᾶλλα
2774 4564 2840 4616 τὰ
2880 4564 3004 4634 περί
3042 4564 3104 4616 τὸ
3129 4563 3290 4634 σῶμα
3316 4564 3603 4636 δρώμενα,
3636 4567 3668 4634 ἢ

2070 4664 2192 4714 κατ’
2232 4659 2473 4713 ἐπίνοιαν
2517 4654 2656 4713 εἶναι
2695 4659 2979 4729 λεγόμενα,
3008 4653 3117 4711 οἷον
3152 4659 3352 4729 νόημα,
3385 4661 3666 4732 αἴσθησις,

2070 4754 2267 4821 λόγος,
2318 4754 2413 4806 καὶ
2455 4750 2523 4803 τὰ
2567 4748 2809 4803 τοιαῦτα.
2859 4748 3097 4820 Χωρίζει
3138 4748 3269 4817 γοῦν
3320 4749 3515 4804 ἐκεῖνα
3564 4752 3669 4804 ἀπὸ

2070 4848 2295 4909 τούτων,
2322 4848 2404 4899 ὅτι
2434 4848 2635 4907 ἐκεῖνα,
2663 4847 2712 4897 εἰ
2738 4845 2832 4897 καί⁸
2858 4846 2916 4896 ὲν
2940 4845 3144 4915 ἑτέροις
3172 4844 3527 4912 ὑφίστανται,
3557 4844 3668 4897 ἀλλ’

2071 4939 2163 4995 οὖν
2207 4941 2453 5011 αἰσθήσει
2494 4939 2840 4992 ὑπόκεινται·
2886 4936 3060 4991 ταῦτα
3090 4938 3148 4990 δὲ
3195 4937 3294 5007 οὐχ
3343 4939 3665 4991 ὑπόκεινται

2072 5034 2341 5105 αἰσθήσει,
2372 5031 2506 5084 ἀλλὰ
2531 5030 2651 5084 κατ’
2678 5030 2920 5082 ἐπίνοιαν
2948 5029 3114 5099 μόνην
3139 5026 3529 5097 γινώσκονται.
3561 5030 3665 5081 Καὶ

2070 5125 2200 5195 γοῦν
2251 5127 2305 5177 αἰ
2360 5125 2624 5195 μακάριαι
2672 5122 2952 5191 δυνάμεις,
2999 5120 3094 5173 καὶ
3119 5120 3175 5172 αἰ
3217 5118 3440 5190 πρῶται
3470 5120 3567 5173 καὶ
3609 5121 3661 5172 αἱ

2074 5218 2191 5289 μετ’
2224 5215 2413 5279 αὑτὰς,
2453 5216 2547 5268 καὶ
2595 5216 2648 5267 αἱ
2700 5213 2926 5282 ἔσχαται
2969 5212 3105 5283 πρὸς
3147 5212 3388 5275 ὲκείνας,
3427 5213 3489 5265 οὐ
3530 5212 3663 5281 πρὸς

2071 5312 2237 5383 ἡμᾶς’
2263 5309 2399 5379 πρὸς
2423 5308 2529 5379 γὰρ
2551 5309 2698 5378 ἡμᾶς
2713 5307 3072 5377 ὑπερκόσμιοί
3095 5306 3201 5357 εἰσι
3222 5306 3318 5359 καὶ
3331 5307 3390 5358 αἰ
3415 5306 3658 5376 ἔσχαταιο

2072 5404 2167 5457 καὶ
2192 5404 2248 5456 αἱ
2280 5402 2447 5474 ἀρχαὶ
2480 5402 2575 5454 καὶ
2599 5400 2775 5454 πάντα
2802 5401 2866 5453 ἐκ
2892 5397 2985 5452 τοῦ
3009 5397 3144 5451 Θεοῦ
3191 5400 3286 5450 καὶ
3326 5400 3387 5451 ἐν
3426 5398 3507 5467 τῷ
3548 5395 3660 5466 Θεῷ

2069 5501 2210 5551 εἰσι·
2263 5498 2357 5550 καὶ
2406 5496 2478 5567 μὴ
2535 5495 2692 5565 μόνον
2737 5494 2799 5546 τὸ
2845 5488 3005 5555 εἶναι,
3032 5489 3167 5545 ἀλλὰ
3192 5490 3288 5544 καὶ
3320 5489 3384 5543 τὸ
3424 5486 3485 5544 εὖ
3530 5485 3656 5542 εἶναι

1667 5641 1901 5697 ΥΑΒΙᾸΞ
1938 5641 2283 5698 LECTIONE
2299 5642 2356 5699 S.

459 5757 507 5785 “
545 5755 695 5809 Max.
736 5756 792 5810 in
838 5754 1174 5815 indivlsibiii.

214 6088 453 6169 Α
