3866 6234
143 357 261 416 845

734 358 823 414 DE
855 356 1112 415 DIVINIS
1144 356 1546 424 NOMINIBUS,
1580 356 1733 415 CAP.
1774 355 1839 411 ν.
1882 384 1952 397 --
1990 356 2340 412 PARAPHR.
2384 356 2861 414 PACHl'MEL’E.

3335 364 3365 415 8
3378 361 3438 416 £6

146 479 366 549 ἔχουσι.
395 476 507 529 Καὶ
529 476 599 529 τὰ
644 476 743 548 μὲν
767 477 1033 547 πρεσϐεῖα
1072 475 1170 529 τοῦ
1213 472 1375 538 εἶναι,
1421 473 1662 544 δηλονότι
1707 472 1754 525 τὲ

1872 471 1979 526 Deo
2008 482 2167 537 sunt;
2207 482 2261 527 et
2294 487 2397 527 non
2436 482 2648 528 tantum
2684 475 2752 528 ab
2783 489 2849 529 eo
2891 482 2950 528 ut
2984 474 3123 539 sint,
3160 475 3253 530 sed
3279 479 3439 532 etiam

148 569 514 640 ὑψηλότερον,
556 570 585 621 ὅ
622 570 739 621 ἐστι
780 568 842 621 τὸ
864 568 1151 632 ἀθανάτως
1190 564 1353 629 εἶναι,
1398 570 1520 631 ταῖς
1546 570 1764 638 νοηταῖς

147 661 410 732 ἐδωρήθη
456 661 773 732 δυνάμεσιν,
821 662 889 725 ἃς
939 664 1035 714 καὶ
1089 662 1313 723 αίωνίας
1365 660 1646 723 ἐκάλεσεν,
1688 660 1763 723 ὼς

145 751 358 816 αἰῶνος
389 752 743 823 μετεχούσας·
772 755 807 823 ἡ
833 753 891 806 δὲ
931 751 1092 805 τοῦτο
1129 752 1366 821 λέγουσα
1402 751 1593 823 Γραφή
1621 753 1757 803 ἐστι·

152 844 241 898 Τὰ
272 844 385 914 γὰρ
421 845 779 914 βλεπόμενα
812 846 1151 914 πρόσκαιρα
1169 862 1184 877 ο
1224 846 1296 899 τὰ
1324 844 1392 898 δὲ
1416 845 1504 915 μὴ
1530 847 1760 910 βλεπό-

141 951 311 1005 μενα
347 934 575 989 αἰώνια.
607 936 748 988 Αὐτὸ
785 936 843 989 δὲ
871 936 931 989 τὸ
957 932 1093 990 εἶναι
1123 936 1378 990 οὐδέποτε
1405 937 1762 992 ἀπολείπεται

143 1027 266 1078 τῶν
314 1026 484 1079 ὄντων
503 1043 516 1055 ·
571 1026 660 1078 ὅτε
704 1026 816 1098 γὰρ
858 1028 1145 1081 ἀπολείπει
1167 1028 1227 1081 τὸ
1252 1025 1411 1093 εἶναι,
1439 1031 1539 1084 οὐκ
1561 1031 1675 1084 ἔστι
1702 1032 1764 1083 τὸ

144 1118 235 1171 δν.
282 1119 394 1172 Καὶ
432 1119 564 1173 αὐτὸ
603 1120 735 1189 γοῦν
758 1120 821 1173 τὸ
846 1115 985 1174 εἶναι
1012 1122 1078 1175 ἐκ
1102 1121 1195 1175 τοῦ
1225 1123 1502 1193 προόντος,
1546 1123 1626 1176 διὸ
1667 1125 1762 1177 καὶ

146 1214 213 1265 ὲν
238 1212 317 1284 τῷ
357 1213 477 1285 Θεῷ
518 1214 637 1267 ἐστι
662 1214 723 1267 τὸ
748 1209 909 1278 εἶναι,
937 1214 1015 1278 ὡς
1041 1215 1098 1269 ἓν
1122 1217 1217 1269 καὶ
1261 1216 1393 1269 αὐτὸ
1418 1217 1528 1269 τῶν
1554 1217 1762 1289 ἑτέρων

147 1306 326 1360 θείων
353 1307 511 1361 εἰδῶν
560 1308 655 1361 καὶ
682 1310 947 1380 νοήσεων,
967 1310 1067 1381 τῆς
1094 1310 1261 1381 ζωῆς,
1287 1312 1385 1382 τῆς
1415 1312 1607 1381 σοφίας
1628 1354 1643 1379 ,
1668 1315 1762 1368 καὶ

145 1400 268 1451 τῶν
310 1400 587 1453 τοιούτων.
631 1402 705 1454 Οὐ
750 1401 855 1473 μὴν
894 1402 951 1455 δὲ
997 1405 1026 1456 ό
1065 1402 1198 1467 Θεὸς
1232 1405 1289 1457 ὲν
1320 1403 1401 1475 τῷ
1423 1401 1562 1458 εἶναι
1588 1423 1601 1436 ο
1655 1407 1761 1478 πρὸ

146 1493 270 1563 γὰρ
296 1493 392 1545 τοῦ
418 1488 560 1546 εἷναί
605 1495 752 1547 ἐστιν
780 1493 969 1563 (αὐτοῦ
995 1494 1103 1565 γάρ
1129 1497 1246 1547 ἐστι
1271 1496 1333 1548 τὸ
1360 1491 1519 1561 εἶναι,
1566 1496 1643 1561 ὼς
1666 1490 1760 1551 καὶ

148 1586 187 1655 ἡ
238 1583 379 1655 ζωὴ,
432 1585 526 1638 καὶ⁸
565 1586 627 1638 τὸ
652 1585 788 1655 φῶς,
820 1588 911 1639 καὶ
932 1587 1033 1639 οὐκ
1069 1587 1230 1651 αὐτὸς
1260 1588 1356 1641 τοῦ
1393 1583 1577 1660 εἶναι).
1615 1589 1679 1641 Τί
1704 1590 1760 1642 δέ

148 1677 297 1738 ἐστι,
347 1675 441 1727 καὶ
482 1675 642 1728 αὑτὸν
687 1674 800 1746 ἔχει
826 1676 888 1729 τὸ
915 1672 1075 1739 εἶναι,
1112 1676 1207 1730 καὶ
1231 1678 1331 1731 οὐκ
1356 1678 1517 1742 αὐτὸς
1541 1681 1718 1732 ἐκεῖνο
1743 1696 1758 1744 ;

147 1761 185 1833 ἦ
218 1764 347 1816 ἐπεὶ
374 1764 513 1834 μετὰ
537 1765 644 1817 τῶν
668 1764 843 1818 ἄλλων
882 1765 1299 1836 σημαινομένων
1348 1764 1443 1819 τοῦ
1485 1767 1649 1836 ἐχειν
1683 1766 1762 1820 λέ-

148 1876 319 1927 γεται
363 1859 507 1930 ἔχειν
556 1862 650 1913 καὶ
687 1860 747 1913 τὸ
794 1859 916 1913 καθ’
956 1859 1070 1924 ἕξιν
1096 1860 1318 1931 προσὸν,
1346 1861 1421 1925 ὡς
1448 1860 1590 1932 ἔχειν
1618 1860 1763 1930 λεγό-

153 1951 305 2021 μεοα
332 1950 561 2005 ὄντωσιν
605 1953 700 2005 καὶ
730 1953 876 2024 ζωὴν
902 1993 916 2017 ,
940 1944 1014 2005 ὧν
1043 1953 1169 2007 άνευ
1194 1951 1318 2005 οὔτε
1341 1948 1483 2025 ἦμεν
1509 1954 1606 2018 ἂν,
1636 1953 1761 2007 οὔτε

147 2043 385 2114 εἴχομεν
410 2060 423 2073 θ
471 2045 630 2097 τοῦτο
674 2046 735 2097 τὸ
776 2061 841 2117 ση
852 2046 1175 2116 μαινόμενόν
1202 2048 1348 2100 ἐστιν
1374 2047 1628 2101 ἐνταῦθα.
1657 2049 1764 2101 Αὑ-

146 2138 249 2190 τὸν
276 2136 410 2206 γοῦν
435 2137 527 2191 τὸν
551 2138 684 2192 Θεὸν
712 2138 825 2208 ἔχει
860 2138 921 2191 τὸ
947 2135 1086 2192 εἶναι
1106 2180 1121 2203 ,
1163 2140 1251 2193 ἶνα
1281 2143 1448 2211 συστῇ
1467 2181 1481 2204 ,
1526 2140 1613 2193 ἴνα
1652 2141 1764 2194 δει-

148 2228 284 2298 χθῇ,
312 2229 415 2281 οὐκ
452 2228 615 2293 αὐτὸς
637 2230 813 2283 ἐκεῖνο
838 2231 919 2294 εἰς
944 2230 1156 2285 οἰκείαν
1180 2228 1432 2302 ὓπαρξιν·
1468 2232 1629 2295 αὐτὸς
1655 2233 1763 2302 γάρ

150 2319 278 2371 ἐστι
311 2319 531 2372 καὶτοῦ
575 2316 713 2374 εἶναι
740 2320 900 2384 αἰὼν,
938 2323 1034 2375 καὶ⁴
1072 2321 1237 2393 ἀρχὴ,
1284 2324 1378 2377 καὶ
1413 2323 1631 2395 μέτρον,
1670 2325 1764 2376 καὶ

152 2411 384 2464 πάντων
412 2411 576 2482 ἀρχὴ,
623 2412 717 2465 καὶ
768 2413 1023 2484 μεσότης,
1061 2414 1157 2467 καὶ
1186 2413 1441 2486 τελευτή·
1471 2415 1622 2488 πάσῃ
1655 2414 1764 2487 γὰρ

149 2502 389 2574 ἐπιϐολῇ
420 2502 515 2555 τοῦ
549 2501 642 2557 νοῦ
687 2504 1122 2576 προῦπαντῶσαν
1148 2506 1390 2579 εὑρίσκει
1414 2523 1497 2571 τις
1516 2507 1599 2575 ἐφ’
1628 2501 1672 2575 ᾧ
1699 2508 1764 2561 ἂν

150 2595 255 2647 καὶ
288 2594 552 2663 σκέψαιτο
581 2594 673 2647 τοῦ
718 2596 892 2649 αἰτίου
933 2598 1033 2668 τὴν
1081 2596 1309 2661 ἔννοιαν,
1343 2598 1510 2668 ἤγουν
1547 2597 1641 2651 τοῦ
1679 2598 1767 2669 δη-

154 2686 449 2758 μιουργοῦ.
470 2687 542 2739 Τὸ
562 2682 653 2740 οῦν
670 2687 1306 2749 ποληῐαπλασιάζεσθαι
1321 2689 1472 2759 δηλοῖ
1493 2688 1552 2742 τὸ
1575 2686 1631 2741 ἐν
1652 2691 1765 2752 τοῖς

153 2778 381 2841 πολλοῖς
414 2779 583 2833 αἴτιον
622 2780 713 2833 τὸν
740 2781 902 2834 αὐτὸν
931 2780 1274 2851 Θεωρεῖσθαι,
1308 2784 1403 2835 καὶ
1429 2782 1511 2851 ἐφ’
1533 2782 1614 2835 ένὶ
1640 2782 1767 2835 πάν-

153 2888 270 2923 των
302 2870 521 2942 ἑκάστῳ
550 2872 742 2936 ὁσάκις
779 2889 863 2936 τις
886 2873 1186 2939 ὲπιϐἀλλοι,
1222 2875 1316 2928 καὶ
1336 2875 1527 2939 ὁσάκις
1554 2874 1673 2937 ίδοι,
1701 2875 1767 2927 τὸ

156 2964 400 3034 πρᾶγμα
453 2966 847 3037 σκοπούμενος,
898 2968 990 3020 τὸν
1035 2968 1166 3022 Θεὸν
1218 2970 1305 3022 ἀεὶ
1353 2967 1765 3039 ἀναλογίζεσθαι

154 3054 339 3109 αἴτιον
364 3073 375 3085 ·
436 3057 575 3111 κατὰ
623 3059 781 3112 τοῦτο
810 3060 919 3133 γὰρ
959 3061 1099 3114 κατὰ
1144 3064 1323 3115 πᾶσαν
1364 3064 1604 3117 ἐπίνοιαν
1644 3065 1767 3116 πολ-

1794 1819 1837 1876 Β

1868 572 1927 618 ut
1971 564 2110 619 bene
2155 563 2286 629 sint,
2334 565 2555 619 habent.
2593 569 2774 636 Atque
2804 583 3028 623 munera
3056 568 3272 634 quidem
3302 571 3445 623 auti—

1866 655 2085 725 quiora,
2131 671 2185 710 ν.
2222 672 2274 726 g.
2305 657 2596 712 sublimius
2624 673 2747 713 esse
2773 699 2788 725 ,
2825 674 2920 713 seu
2953 660 3262 714 immortale
3300 676 3442 722 esse,

1868 748 2279 804 intellectilibus
2322 750 2631 805 'virtutibus
2691 766 2953 807 concessa
3007 761 3152 815 sunt,
3204 768 3340 822 quas
3392 763 3444 808 et

1865 850 2104 896 aeternas
2133 840 2445 911 appellavit,
2470 851 2530 895 ut
2563 857 2680 912 quze
2702 843 3031 914 participant
3057 845 3442 909 mternitatem,

1865 945 1989 985 cum
2020 940 2075 985 et
2105 931 2385 1000 Scriptura
2417 933 2603 988 dicat:
2638 934 2780 988 Nam
2812 951 2928 1006 qua:
2967 936 3212 989 videntur
3250 947 3447 1005 tempe.

1866 1035 2030 1073 ranea
2058 1032 2214 1087 sunt;
2235 1036 2356 1091 qua:
2381 1040 2501 1077 vero
2530 1040 2637 1077 non
2668 1024 2931 1090 videntur,
2958 1036 3154 1080 wterna
3189 1034 3238 1081 γ.
3267 1028 3444 1097 Ipsum

1863 1127 2031 1183 porro
2078 1128 2199 1170 esse
2246 1130 2428 1171 rerum
2476 1131 2752 1187 nunquam
2790 1118 3012 1186 deﬁcit;
3064 1121 3280 1190 quando
3300 1120 3445 1176 enim

1866 1205 2050 1261 deﬁcit
2088 1206 2266 1276 ipsum
2299 1222 2450 1275 esse,
2488 1210 2600 1279 jam
2639 1227 2746 1268 non
2794 1221 2879 1265 est
2904 1226 3027 1269 ens.
3058 1212 3445 1269 Verumtamen

1864 1296 1995 1353 illud
2016 1300 2187 1369 ipsum
2207 1315 2325 1356 esse
2342 1312 2426 1358 est
2441 1317 2505 1358 ex
2526 1318 2589 1359 eo
2602 1304 2693 1374 qui
2713 1304 2860 1375 prius
2879 1314 2983 1371 est,
3008 1307 3262 1374 quocirca
3278 1308 3445 1363 etiam

1865 1399 2190 1446 canet-arum
2216 1391 2519 1449 formarum
2546 1397 2853 1450 divinarum
2877 1397 3443 1469 etintelligentiarum,

1864 1482 2010 1545 vitae,
2036 1481 2339 1551 sapientiae,
2372 1493 2428 1539 et
2456 1485 2713 1539 similium
2745 1500 2866 1541 esse
2889 1485 2943 1540 in
2976 1485 3088 1541 Deo
3113 1488 3241 1557 quid
3276 1504 3445 1542 unum

1866 1580 1921 1625 et
1968 1572 2112 1627 idem
2165 1585 2271 1629 est.
2306 1574 2663 1646 Nequaquam
2705 1586 2884 1631 tamen
2939 1576 3081 1633 Deus
3118 1586 3201 1633 est
3242 1579 3294 1632 in
3331 1579 3446 1649 ipsa

1871 1664 2228 1731 exsislentia;
2267 1682 2389 1721 nam
2422 1670 2636 1724 exsistit
2664 1681 2793 1725 ante
2852 1671 3025 1740 ipsam
3074 1672 3445 1727 exsistentiam

1873 1756 2156 1825 (quoniam
2179 1758 2350 1829 ipsius
2382 1761 2823 1831 estexsistentia,
2852 1764 2931 1819 uti
2962 1765 3124 1819 etiam
3153 1765 3261 1818 vita
3285 1774 3338 1818 et
3364 1764 3449 1817 lu-

1864 1860 2013 1912 men,
2042 1856 2097 1901 et
2137 1863 2243 1903 non
2292 1851 2407 1919 ipse
2434 1860 2518 1907 est
2545 1853 2926 1924 exsistentiaz).
2960 1854 3098 1921 Quid
3135 1862 3317 1911 autem
3340 1855 3446 1911 sibi

1874 1937 2013 2004 vult,
2060 1940 2204 2010 quod
2257 1942 2432 2010 ipsum
2481 1943 2682 1998 habeat
2722 1944 3152 2013 exsistentia,et
3193 1962 3298 2000 non
3332 1947 3449 2016 ipse

1876 2032 2291 2087 exsistentiam?
2342 2034 2445 2090 nisi
2497 2050 2653 2101 cum,
2679 2047 2877 2107 praeter
2914 2037 3052 2093 alias
3094 2039 3249 2094 istius
3286 2042 3446 2108 .verbi

1866 2122 2063 2178 habere
2117 2125 2577 2196 signiﬁcationes,
2637 2129 2840 2184 dicitur
2890 2130 3094 2200 aliquid
3142 2132 3343 2188 habere
3393 2135 3447 2186 id

1866 2217 2010 2285 quod
2054 2217 2103 2273 ei
2153 2218 2459 2273 secundum
2508 2219 2755 2276 habitum
2799 2221 2987 2286 adest;
3043 2222 3185 2277 sicut
3218 2224 3448 2279 dicimur

1867 2308 2070 2364 habere
2107 2312 2397 2367 entitatcm
2441 2320 2496 2367 et
2538 2312 2728 2377 vitam,
2768 2314 2887 2370 sine
2923 2316 3121 2386 quibus
3156 2330 3256 2370 nec
3298 2332 3447 2372 esse-

1868 2415 1987 2456 mus
2005 2402 2245 2471 quidem,
2280 2419 2380 2460 nec
2408 2405 2704 2476 quidquam
2737 2406 3102 2461 haberemus:
3141 2408 3242 2462 hoc
3264 2416 3448 2463 autem

1872 2491 1963 2547 hic
1986 2494 2344 2564 signiﬁcatur.
2371 2495 2491 2566 Ipsa
2519 2497 2700 2567 itaque
2724 2498 3042 2553 exsiStentia
3070 2498 3237 2553 Deum
3264 2499 3447 2565 habet,

1879 2582 2047 2657 M6
2087 2595 2148 2640 ut
2182 2587 2445 2643 subsistat
2477 2599 2536 2644 et
2569 2598 2852 2660 appareat,
2898 2606 3003 2646 non
3047 2593 3161 2660 ipse
3185 2593 3330 2646 illam
3350 2592 3449 2647 ha-

1869 2676 1964 2733 bet
1988 2689 2043 2732 ut
2062 2679 2314 2748 exsistat;
2336 2695 2460 2735 nam
2480 2681 2708 2750 ipsemet
2735 2697 2906 2736 aevum
2926 2685 3374 2751 estexsistcntias,
3394 2695 3450 2738 et

1869 2766 2224 2838 principium,
2257 2779 2313 2824 et
2342 2785 2629 2835 mensura,
2667 2781 2721 2825 et
2757 2786 2940 2826 rerum
2971 2773 3214 2827 omnium
3244 2774 3467 2848 princiﬁ

1872 2860 2020 2931 pium
2044 2899 2059 2925 ,
2099 2872 2154 2916 et
2205 2861 2464 2927 medium,
2508 2871 2564 2917 et
2586 2861 2734 2918 ﬁnis.
2765 2864 3039 2932 Quidquid
3072 2864 3215 2919 enim
3242 2868 3469 2937 cogiteq

1874 2960 1985 3019 tur,
2011 2962 2068 3007 et
2098 2953 2164 3008 ad
2192 2968 2579 3024 quamcunque
2622 2970 2733 3010 rem
2758 2957 2881 3025 quis
2910 2966 3147 3011 mentem
3174 2957 3448 3024 intendat,

1873 3046 2114 3102 inveniet
2154 3047 2207 3100 in
2247 3063 2309 3102 ea
2340 3048 2615 3102 notionem
2648 3064 2847 3115 causas,
2885 3050 2939 3103 id
2962 3058 3046 3104 est
3066 3051 3307 3106 auctoris
3330 3053 3447 3106 Dei.

155 3147 615 3215 λαπλασιάζεται,
662 3153 756 3206 καὶ
806 3153 949 3224 ἀρχιὴ
992 3156 1085 3207 καὶ
1135 3156 1367 3227 μεσότης
1408 3158 1501 3210 καὶ
1539 3158 1754 3211 τελευτί

1872 3136 1988 3194 Hoc
2028 3141 2194 3211 igitur
2244 3150 2328 3195 est
2379 3141 2756 3211 multiplicari,
2795 3142 2947 3196 cerni
2991 3157 3114 3198 eum
3160 3144 3213 3197 in
3263 3144 3450 3199 multis

156 3244 302 3294 ἐστι.
344 3242 416 3294 Τὸ
462 3240 616 3296 Θεῖον
658 3244 783 3298 οὔτε
828 3244 1006 3318 τὸῆν,
1037 3247 1162 3301 οῠτε
1199 3248 1260 3301 τὸ
1289 3248 1441 3302 ἔσται
1482 3249 1594 3321 ἔχει
1627 3250 1767 3303 κατὰ

156 3334 255 3386 τὸν
281 3333 449 3388 πολὺν
483 3335 542 3388 ἐν
570 3336 818 3409 Θεολογίᾳ
848 3339 1168 3412 Γρηγόριον.
1212 3341 1348 3395 Ἀλλ’
1382 3342 1501 3395 οὐδὲ
1531 3341 1591 3396 τὸ
1621 3345 1768 3396 ἐστὶν

155 3427 253 3480 ἐπ’
287 3426 456 3482 αὐτοῦ
495 3429 952 3501 κυριολεκτεῖται,
988 3432 1129 3485 κατὰ
1161 3432 1347 3486 τοῦτον
1392 3430 1454 3503 δὴ
1489 3433 1580 3485 τὸν
1627 3433 1769 3486 Θεῖον

158 3522 445 3575 Διονύσιον
468 3540 481 3552 ·
526 3523 587 3575 τὸ
622 3524 731 3597 γὰρ
755 3525 931 3579 ἐστὶν
956 3524 1162 3579 ἔννοιαν
1189 3527 1535 3597 παρεισάγει,
1568 3527 1648 3580 ὅτι
1684 3544 1771 3597 με·

157 3616 316 3685 τέχει
346 3616 441 3668 τοῦ
467 3611 606 3669 εἶναι
624 3633 637 3646 ο
672 3618 701 3669 ό
740 3617 796 3670 δὲ
822 3617 956 3680 Θεὸς
980 3618 1040 3671 οὑ
1079 3618 1294 3688 μετέχει
1323 3616 1417 3670 τοῦ
1445 3613 1583 3670 εἶναι
1607 3658 1620 3680 ,
1654 3603 1767 3670 ἀλλ’

158 3709 301 3761 αὐτὸ
323 3706 386 3759 τὸ
414 3702 552 3761 εἶναι
592 3708 810 3778 μετέχει
846 3708 940 3761 τοῦ
971 3708 1127 3772 Θεοῦ,
1165 3710 1259 3762 καὶ
1281 3710 1337 3762 ἐν
1377 3708 1455 3779 τῷ
1483 3708 1602 3779 Θεῷ
1626 3710 1764 3774 ἐστι,

157 3800 353 3862 καθὼς
384 3802 477 3853 καὶ
513 3801 771 3872 ἀνωτέρω
812 3801 1093 3871 ἐλέγομεν.
1144 3801 1268 3865 Πῶς
1308 3796 1400 3855 οῦν
1430 3802 1665 3856 ἐνταῦθα
1696 3803 1769 3854 τί·

155 3893 324 3963 Οησιν
352 3892 379 3943 ὁ
406 3892 559 3960 ἅγιος
584 3930 599 3955 ,
634 3893 715 3945 ὅτι
739 3893 831 3946 καὶ
856 3894 916 3947 τὸ
940 3889 1028 3964 ἦν,
1069 3894 1163 3947 καὶ
1190 3892 1251 3946 τὸ
1274 3893 1448 3957 ἔσται,
1482 3894 1575 3947 καὶ
1602 3892 1768 3947 τᾶλλα

153 3986 194 4039 ἃ
218 3986 284 4055 δή
308 3985 447 4037 εἰσιν
481 3984 727 4037 άνοίκεια
755 3984 849 4037 τοῦ
874 3985 1031 4051 Θεοῦ,
1064 3986 1159 4039 ἐπὶ
1189 3985 1325 4040 Θεοῦ
1353 3988 1561 4058 κυρίως
1592 3988 1767 4057 ὑμνεῖ-

153 4095 286 4143 ται;
310 4077 482 4141 Αὐτὸς
506 4079 535 4129 ὁ
565 4080 738 4147 ἅγιος,
763 4078 904 4133 λύων
930 4079 1027 4150 τὴν
1054 4079 1310 4151 ἀπορίαν,
1338 4081 1521 4150 φησὶν,
1549 4080 1628 4133 ὅτι
1651 4079 1768 4132 θεο-

154 4167 397 4239 πρεπῶς
416 4169 662 4221 νοοῦνται
677 4168 851 4223 ταῦτα
871 4170 963 4222 ἐπὶ
981 4168 1135 4222 Θεοῦ·
1157 4170 1329 4224 ταῦτα
1348 4170 1457 4242 γὰρ
1478 4171 1654 4224 πάντα
1673 4164 1767 4223 καὶ

152 4259 426 4330 ἀλλότρια
446 4262 551 4313 εἱσι
570 4260 662 4314 τοῦ
688 4261 846 4325 Θεοῦ,
866 4264 959 4314 καὶ
984 4262 1144 4315 πάλιν
1167 4264 1226 4317 ἐν
1246 4262 1323 4334 τῷ
1343 4263 1461 4334 Θεῷ
1483 4265 1608 4327 εἱσι,
1631 4264 1766 4317 καοὸ

152 4349 260 4403 τοῦ
291 4346 431 4403 εῖναι
467 4352 839 4423 μετειλήφασι.
877 4354 1035 4407 Κατὰ
1069 4354 1178 4425 γὰρ
1217 4354 1315 4426 τὴν
1349 4356 1443 4409 τοῦ
1477 4356 1651 4410 αἰτίου
1682 4355 1765 4408 ἔν-

153 4457 316 4494 νοιαν
344 4441 522 4494 πάντα
543 4441 635 4494 τοῦ
658 4442 794 4495 Θεοῦ
826 4442 1093 4512 λέγονται,
1116 4446 1211 4498 καὶ
1229 4446 1314 4498 ἐπ’
1333 4444 1497 4498 αὐτοῦ
1520 4445 1761 4499 νοοῦνται

1873 3246 2119 3296 causam,
2151 3242 2207 3286 et
2234 3230 2287 3285 in
2320 3232 2620 3301 quamlibet
2647 3247 2835 3287 earum
2868 3235 3297 3303 quotiescunque
3324 3237 3451 3305 quis

1876 3323 2142 3389 intendat,
2166 3333 2222 3379 et
2248 3338 2367 3379 rem
2390 3324 2559 3393 ipsam
2582 3326 2913 3395 speculetur,
2934 3341 3149 3395 semper
3173 3328 3227 3381 in
3259 3340 3324 3381 ea
3357 3341 3450 3381 re-

1872 3417 2045 3485 periet
2082 3417 2358 3472 notionem
2406 3418 2649 3472 auctoris
2680 3417 2807 3485 Dei;
2852 3420 3008 3489 juxta
3047 3421 3149 3474 hoc
3183 3419 3328 3475 enim
3360 3436 3451 3477 se-

1874 3512 2112 3565 cundum
2140 3526 2358 3566 omnem
2383 3511 2767 3582 cogitationem
2793 3513 3189 3583 multiplicatur
3213 3554 3229 3581 ,
3259 3524 3451 3584 estque

1871 3604 2220 3674 principium,
2246 3615 2300 3659 et
2322 3606 2646 3671 medium,et
2669 3606 2809 3661 ﬁnis.
2838 3608 2977 3662 Deus
3001 3623 3175 3677 neque
3199 3616 3337 3673 erat,
3354 3624 3449 3662 nc-

1871 3708 1977 3761 que
2000 3694 2107 3746 erit
2131 3693 2316 3757 habet,
2338 3695 2637 3748 secundum
2659 3692 2981 3765 Gregorium
3013 3697 3270 3751 eximium
3294 3699 3448 3753 theo-

1872 3786 2082 3856 logum.
2114 3784 2219 3839 Sed
2252 3800 2430 3857 neque
2449 3794 2531 3841 est
2551 3787 2615 3840 de
2637 3787 2754 3857 ipso
2779 3790 3232 3857 pr0priedicitur,
3250 3804 3449 3845 secun-

1871 3878 1999 3933 dum
2018 3877 2161 3932 hunc
2186 3878 2247 3931 D.
2262 3877 2600 3949 Dionysium,
2619 3882 2872 3948 quoniam
2899 3881 3119 3936 verbum
3142 3894 3214 3935 est
3228 3897 3445 3937 sensum

1870 3971 2084 4040 ingerit,
2100 3986 2164 4027 ac
2179 3971 2225 4026 si
2246 3971 2534 4041 partieipet
2558 3973 2929 4027 exsistentiam
2950 3989 2964 4039 ;
2985 3974 3124 4036 Deus
3143 3984 3321 4029 autem
3341 3992 3450 4031 non

1867 4066 2161 4136 participat
2186 4066 2583 4131 exsistentiam,
2617 4067 2709 4121 sed
2740 4068 2969 4135 ipsatnet
3003 4068 3319 4122 exsistentia
3351 4069 3449 4123 Dei

1870 4157 2138 4228 particeps
2166 4166 2342 4224 est,et
2362 4157 2412 4211 in
2444 4157 2557 4211 Deo
2585 4158 2818 4222 exsistit,
2837 4159 2977 4213 sicut
3003 4160 3166 4213 etiam
3197 4161 3448 4229 superius

1868 4248 2123 4305 diximus.
2144 4249 2424 4315 Quomodo
2443 4263 2571 4320 ergo
2587 4250 2674 4304 hic
2689 4261 2906 4304 sanctus
2921 4251 3015 4314 ait,
3033 4252 3285 4320 quoniam
3303 4262 3444 4319 erat,

1867 4349 1921 4395 et
1944 4341 2069 4407 erit,
2089 4350 2348 4396 etcaetera
2365 4356 2484 4410 qua:
2507 4341 2729 4395 minime
2750 4343 2964 4411 prepria
2982 4353 3109 4396 sunt
3123 4341 3235 4408 Dei,
3256 4345 3321 4397 de
3335 4342 3445 4398 Deo

1865 4436 2085 4504 proprie
2108 4433 2503 4502 praedicantur?
2526 4434 2757 4502 lpsemet
2788 4444 3007 4490 sanctus
3038 4436 3177 4489 hanc
3194 4436 3447 4504 quaestio-

154 4533 530 4602 ὑπερουσίως·
563 4534 624 4586 τὸ
656 4534 766 4607 γὰρ
802 4537 1225 4607 κατηγορεῖσθαι
1260 4537 1400 4591 κατὰ
1441 4538 1754 4606 φιλοσόφους

1868 4541 1989 4581 nem
2006 4527 2219 4582 solvens
2232 4529 2327 4592 ait,
2345 4527 2446 4582 ista
2460 4528 2527 4583 de
2541 4528 2649 4581 Deo
2662 4526 3049 4596 diciquatenus
3072 4527 3239 4582 Deum
3267 4528 3441 4585 decet.

151 4624 325 4679 τοῦτο
344 4624 512 4694 δηλοῖ.
534 4625 618 4688 Ὡς
634 4626 764 4694 γοῦν
788 4628 1005 4681 πάντων
1022 4628 1212 4694 αἴτιος,
1251 4630 1345 4682 καὶ
1373 4629 1468 4681 τοῦ
1499 4630 1633 4693 ἐστι,
1667 4631 1761 4683 καὶ

150 4712 259 4766 τοῦ
280 4708 372 4783 ἦν,
392 4716 485 4767 καὶ
498 4716 590 4768 τοῦ
608 4716 873 4785 γίνεσθαι,
892 4719 985 4769 καὶ
1004 4718 1096 4771 τοῦ
1119 4718 1291 4784 ἔσται,
1308 4722 1364 4772 ὲν
1381 4719 1557 4789 ἑαυτῷ
1583 4720 1760 4773 πάντα

156 4806 405 4875 συνέχει’
428 4806 565 4876 πλὴν
587 4809 702 4878 ἅμα
718 4809 894 4861 πάντα
917 4810 1011 4862 καὶ
1030 4810 1091 4862 τὸ
1105 4806 1192 4881 ἦν,
1212 4812 1305 4863 καὶ
1318 4811 1379 4864 τὸ
1394 4812 1566 4876 ἔσται,
1586 4814 1678 4865 καὶ
1700 4812 1761 4864 τὸ

153 4897 339 4959 ἔστιν,
375 4897 513 4967 ὅπερ
534 4899 591 4949 ὲν
621 4897 725 4950 τίνι
752 4897 895 4968 ἄλλῳ
926 4897 1249 4970 λεχθήσεται
1276 4898 1525 4964 πώποτες
1550 4901 1659 4953 Kal.
1685 4900 1758 4970 μὴ

156 4988 331 5060 μόνον
356 4988 424 5041 τὰ
462 4990 830 5057 καταφατικὰ,
872 4990 1008 5045 ἀλλὰ
1046 4992 1142 5045 καὶ
1169 4992 1238 5047 τά
1267 4993 1602 5061 ἀποφατικὰ,
1629 4994 1762 5063 μᾶλ-

106 5078 117 5092 ⁴
151 5082 256 5133 λον
310 5079 370 5132 δὲ
424 5081 518 5133 καὶ
561 5084 617 5134 al
656 5084 940 5154 στερήσεις
985 5084 1073 5137 ἐπ’
1131 5083 1295 5138 αὑτοῦ
1340 5084 1607 5154 λέγονται,
1668 5087 1764 5140 καὶ

151 5171 343 5226 ταῦτα
383 5170 520 5243 ἅμα,
565 5173 642 5238 ὡς
682 5169 821 5227 εἶναι
856 5176 948 5229 τὸν
996 5176 1157 5229 αὐτὸν
1197 5178 1291 5229 καὶ
1324 5178 1642 5248 πάνσχημον
1671 5179 1767 5231 καὶ

150 5266 438 5335 ἄμορφον,
484 5266 577 5318 καὶ
614 5266 894 5322 πανείδεον
934 5269 1029 5320 καὶ
1061 5267 1308 5339 ἀκαλλῆ·
1351 5271 1536 5322 ἐκεῖνα
1577 5269 1666 5322 διὰ
1704 5271 1766 5321 τὸ

150 5355 341 5408 αἴτιον
381 5350 520 5408 εἶναι
549 5356 654 5411 τῶν
696 5357 987 5429 σχημάτων
1012 5360 1105 5413 καὶ
1136 5360 1243 5413 τῶν
1272 5360 1426 5413 εἰδῶν
1468 5362 1721 5415 ἁπάντων
1746 5381 1758 5394 ·

149 5445 342 5499 ταῦτα
369 5444 457 5498 διὰ
480 5446 542 5499 τὸ
572 5448 711 5518 ὑπὲρ
750 5451 926 5503 πάντα
951 5451 1124 5504 ταῦτα
1154 5446 1292 5504 εἶναι
1314 5491 1328 5515 ,
1362 5452 1501 5504 κατὰ
1530 5452 1592 5505 τὸ
1620 5453 1758 5523 ὑπὲρ

152 5537 513 5608 ἁσωματίαν,
559 5543 652 5593 καὶ
683 5540 823 5612 ὑπὲρ
863 5542 1057 5596 άῦλίαν
1084 5542 1331 5615 ἄμορφον
1366 5543 1458 5595 καὶ
1498 5543 1754 5610 ἀνείδεον,

149 5633 263 5694 τὰς
288 5631 472 5702 ἀρχὰς
491 5672 506 5696 ,
549 5634 732 5687 καὶτὰ
766 5636 915 5708 τέλη,
940 5638 1034 5689 καὶ
1061 5636 1129 5689 τὰ
1162 5637 1303 5708 μέσα
1327 5635 1435 5689 τῶν
1464 5637 1631 5689 όντων
1661 5655 1757 5690 πε-

156 5719 568 5792 ριλαμϐάνοντα
587 5741 599 5753 ·
641 5724 862 5795 οὐδεμία
899 5726 1006 5795 γὰρ
1042 5727 1181 5799 ἀρχή
1212 5728 1378 5791 ἐστιν,
1405 5724 1543 5794 ὑπὲρ
1566 5725 1631 5795 ἣν
1656 5727 1755 5780 οὐκ

314 5907 343 5947 1
371 5898 409 5953 ll
440 5898 567 5956 Cor.
602 5916 674 5968 tv,
700 5901 787 5954 18.

1868 4616 1995 4672 Hzec
2026 4617 2170 4672 enim
2192 4617 2371 4672 omnia
2400 4617 2562 4671 etiam
2593 4617 2767 4672 aliena
2796 4627 2921 4673 sunt
2949 4632 2977 4671 a
3003 4617 3133 4684 Deo,
3163 4630 3217 4674 et
3248 4620 3443 4674 iterum

1867 4710 1921 4765 in
1955 4708 2066 4766 Deo
2097 4719 2242 4780 sunt,
2267 4721 2534 4780 quatenus
2557 4712 2882 4780 participant
2910 4726 3047 4766 esse.
3078 4711 3269 4767 Omnia
3298 4713 3445 4767 enim

1868 4801 2162 4857 secundum
2191 4816 2409 4855 causam
2441 4802 2695 4856 dicuntur
2723 4804 2788 4857 de
2818 4803 2947 4865 Deo,
2980 4813 3034 4857 et
3064 4803 3115 4855 in
3140 4818 3205 4857 eo
3244 4803 3449 4858 intelli-

1869 4902 2068 4960 guntur
2090 4891 2720 4960 suprasubstantialiter;
2751 4893 2853 4948 hoc
2881 4895 3024 4949 enim
3060 4895 3131 4947 ita
3159 4896 3446 4963 prtedieari

1871 4984 2169 5038 secundum
2224 4983 2594 5053 philosophos,
2622 4985 2880 5039 declarat.
2917 4986 2988 5041 Ut
3026 5000 3157 5057 ergo
3202 4988 3447 5042 oumium

1870 5090 2031 5131 causa
2058 5084 2162 5142 est,
2193 5077 2356 5129 etiam
2379 5086 2481 5139 est,
2520 5088 2575 5133 et
2613 5087 2752 5143 erat,
2784 5086 2840 5133 et
2868 5080 3007 5146 ﬁeri,
3053 5089 3108 5133 et
3135 5081 3258 5146 erit,
3302 5081 3358 5135 in
3386 5097 3448 5136 se

1866 5170 2047 5225 omnia
2072 5168 2347 5230 continet;
2379 5183 2566 5223 verum
2592 5170 2749 5224 simul
2778 5172 2958 5225 omnia
2987 5182 3042 5226 et
3069 5182 3210 5237 erat,
3234 5183 3290 5227 et
3314 5175 3441 5240 erit,

1868 5272 2046 5327 etest,
2091 5261 2236 5331 quod
2267 5263 2334 5317 de
2366 5262 2516 5317 nullo
2545 5263 2653 5319 alio
2685 5265 2898 5319 dicetur
2926 5280 3181 5334 unquam.
3235 5265 3299 5321 Et
3332 5281 3443 5321 non

1869 5355 2041 5409 solum
2091 5352 2495 5421 aﬂirmationes,
2536 5370 2722 5409 verum
2760 5356 2922 5410 etiam
2963 5356 3299 5426 negationes,
3327 5373 3444 5409 ma-

1865 5447 1947 5517 gis
1968 5454 2148 5500 autem
2181 5444 2512 5515 privationes
2548 5446 2613 5499 de
2658 5445 2772 5515 ipso
2797 5446 3069 5509 dicuntur,
3111 5453 3275 5512 atque
3325 5444 3441 5498 hinc

1865 5537 2048 5604 simul,
2095 5536 2242 5590 velut
2290 5537 2463 5605 ipsum
2517 5550 2639 5591 esse
2690 5536 2867 5590 omnis
2914 5534 3101 5589 formae
3134 5543 3190 5587 et
3235 5535 3442 5603 absque

1862 5629 2056 5697 forma,
2096 5637 2152 5683 et
2192 5629 2371 5682 omnis
2411 5628 2594 5699 ﬁgura:
2634 5638 2688 5683 et
2722 5629 2839 5683 sine
2881 5627 3049 5698 ﬁgura
3073 5641 3165 5681 seu
3194 5627 3437 5695 pulchri-

1864 5722 2047 5779 tudine
2092 5738 2104 5775 :
2145 5720 2234 5777 illa
2262 5720 2500 5791 quidem,
2530 5722 2655 5791 quia
2694 5735 2851 5776 causa
2902 5727 2983 5776 est
3037 5719 3334 5779 formarum
3381 5725 3435 5771 et
