3866 6234
438 356 543 410 847

1607 358 1663 413 S.
1704 358 2001 415 NONVS"
2038 359 2500 415 AREOPAGITJE

3603 362 3709 416 858

436 471 727 541 ﬁgurarum
757 473 1027 537 omnium;
1070 475 1183 528 hare
1219 488 1364 540 vero,
1394 475 1517 545 quia
1548 491 1708 545 supra
1740 494 1800 531 ea
1843 477 2010 531 omni:

2131 477 2245 531 ἔστι
2274 477 2405 541 Θεὸς
2427 477 2670 548 ἀσχέτως
2696 495 2789 530 και
2816 478 3184 551 ἐξῃρημένως·
3218 479 3307 531 καὶ
3347 477 3496 531 οὐδὲν
3536 478 3710 541 τέλος.

430 566 535 621 est,
580 568 630 612 et
671 574 833 628 supra
877 561 1275 628 incorporeum,
1322 574 1377 617 et
1427 580 1591 634 supra
1647 568 2023 623 immaterial:-

434 659 603 704 tatem
638 650 810 706 forma
856 653 1144 723 specieque
1182 669 1397 721 carens,
1434 659 1700 728 principia
1726 671 1779 714 et
1809 661 1944 716 ﬁnes
1971 675 2024 716 et

433 744 611 797 media
647 758 829 799 rerum
862 746 1318 815 circumplecaens
1353 768 1365 803 :
1403 750 1606 803 nullum
1638 752 1781 807 enim
1814 754 2024 822 princi-

432 840 580 907 pium
630 847 733 903 est,
765 853 926 907 supra
970 840 1113 909 quod
1155 856 1261 895 non
1296 844 1365 897 sit
1404 843 1543 899 Deus
1576 846 2026 915 incomprehense

431 938 489 984 et
516 939 793 997 exempto;
821 940 874 984 et
905 930 1081 985 nullus
1108 930 1247 995 ﬁnis.
1272 943 1393 1002 post
1422 950 1581 1003 quem
1607 953 1711 991 non
1744 940 1814 994 sit
1840 939 1979 993 Deus
2007 953 2020 1000 ;

431 1028 488 1076 et
534 1021 736 1075 nullutn
778 1024 1050 1090 medium,
1100 1024 1153 1078 in
1188 1040 1297 1095 quo
1325 1042 1431 1081 non
1463 1030 1535 1083 sit
1572 1027 1739 1097 Deus,
1776 1030 1927 1099 juxta
1960 1033 2023 1086 il~

430 1114 521 1169 lud
558 1132 571 1167 :
607 1114 716 1185 Ego
746 1114 889 1172 Deus
915 1116 1145 1183 primus,
1184 1128 1237 1172 et
1275 1133 1376 1188 ego
1410 1121 1707 1191 posthaec;
1743 1134 1795 1178 et
1827 1134 2025 1192 praeter

431 1220 518 1261 me
542 1223 647 1263 non
680 1218 763 1264 est
784 1210 924 1264 alius
949 1219 970 1247 ι
994 1228 1007 1276 ;
1033 1210 1133 1267 hoc
1154 1212 1295 1267 enim
1329 1222 1412 1269 est
1435 1215 1784 1285 principium,
1802 1228 1853 1272 et
1877 1219 2020 1287 ﬁnis,

429 1313 485 1357 et
530 1304 791 1365 medium,
824 1303 1011 1373 utique
1058 1307 1355 1361 secundum
1409 1325 1569 1362 nnatr.
1594 1321 1649 1363 et
1692 1325 2021 1381 supraquam

429 1396 633 1450 unitam
670 1395 833 1468 447
865 1412 1105 1451 causam.
1159 1397 1313 1453 Licet
1366 1403 1510 1454 enim
1538 1403 1691 1456 multi
1742 1404 1851 1457 sint
1892 1404 2021 1459 οπε-

428 1498 553 1542 ctus
580 1498 633 1542 et
663 1504 885 1543 munera
930 1488 1163 1555 infinita,
1199 1501 1379 1545 tamen
1419 1508 1580 1561 supra
1604 1510 1820 1549 onmem
1860 1498 2019 1550 unio-

429 1595 552 1634 nent
586 1581 748 1634 habet
799 1596 962 1635 unum
1013 1582 1143 1635 illud
1192 1599 1390 1651 causa,
1434 1601 1555 1655 quce
1601 1587 1810 1657 liquido
1846 1590 2023 1643 omni-

428 1671 530 1726 bus
589 1673 773 1727 illucet
814 1688 964 1727 more
1010 1675 1141 1728 solis
1192 1674 1352 1743 hujus
1398 1678 1674 1733 sensibilis
1724 1702 1735 1736 :
1780 1681 1825 1734 si
1877 1683 2021 1735 enim

432 1766 554 1830 hic,
593 1780 715 1820 eum
736 1780 803 1821 ex
830 1766 941 1821 Deo
972 1767 1251 1829 subsistat,
1310 1770 1507 1826 multas
1570 1771 1904 1827 substantias
1957 1790 2019 1830 ac

441 1861 691 1914 diversas
722 1860 1015 1928 qualitates
1039 1876 1181 1914 unus
1220 1862 1487 1917 exsistens
1512 1862 1858 1919 uniformiter
1892 1867 2014 1921 illu-

431 1952 624 2016 minet,
676 1962 751 2017 et,
789 1952 1183 2008 illuminatione
1226 1970 1329 2007 una
1364 1964 1416 2009 et
1455 1954 1605 2008 unita
1638 1968 2015 2025 permanente,

429 2044 660 2098 diversa:
714 2045 845 2098 ﬁant
891 2046 1269 2114 Operationes;
1320 2056 1523 2115 quanto
1586 2047 1756 2118 magis
1806 2048 1858 2103 in
1906 2049 2017 2104 Deo

428 2137 551 2205 quis
589 2136 717 2191 illud
752 2138 1038 2208 intelligat,
1068 2142 1157 2209 qui
1190 2150 1295 2192 tam
1326 2140 1471 2193 illius
1496 2154 1659 2209 quam
1694 2148 2013 2196 creterarum

430 2246 607 2283 rerum
644 2232 896 2285 conditor
921 2233 1268 2287 exsistit?Et
1293 2233 1336 2287 si
1371 2232 1451 2287 sol
1482 2242 1753 2288 tantorum
1788 2249 2013 2304 Operum

427 2336 491 2374 ac
560 2323 861 2377 motionum
923 2339 1120 2378 causas
1192 2324 1537 2381 uniformiter
1599 2330 2010 2398 pratacceperit,

428 2411 580 2466 unite
616 2421 763 2468 totus
805 2415 1064 2471 omnibus
1106 2414 1403 2486 aﬂ‘ulgens,
1439 2416 1729 2487 unicuique
1767 2434 2012 2475 commo-

426 2507 528 2559 dus
560 2503 847 2575 inventus;
874 2518 1078 2577 quanto
1107 2510 1277 2579 magis
1308 2513 1447 2579 apud
1480 2512 1794 2567 Creatorem
1821 2529 2011 2568 exem-

425 2598 596 2666 plaria
644 2615 826 2655 rerum
878 2604 1121 2656 omnium
1152 2604 1417 2659 exsistere
1466 2606 1881 2660 concedamus?
1933 2609 2011 2662 Ac

425 2691 580 2746 Plato
614 2693 830 2762 quidem
863 2694 1011 2749 ideas
1040 2705 1093 2750 et
1139 2697 1470 2765 exemplaria
1506 2698 1676 2752 nimis
1717 2699 1807 2751 vili
1839 2709 1892 2751 et
1926 2700 2011 2753 in-

425 2782 584 2853 digna
626 2782 719 2837 Dei
751 2785 966 2840 ratione
994 2786 1239 2856 accepit;
1279 2788 1368 2841 hic
1398 2787 1562 2841 Pater
1598 2802 1728 2842 vero
1758 2789 1857 2843 hac
1892 2792 2011 2861 qui-

429 2874 554 2927 dem
585 2890 714 2930 voce
737 2892 865 2931 usus
894 2887 975 2931 est
1000 2918 1014 2943 ,
1048 2880 1141 2933 sed
1186 2894 1404 2933 sensum
1435 2880 1551 2950 ejus
1584 2882 1669 2949 pie
1697 2881 2009 2951 explicavit,

425 2968 637 3033 dicens,
666 2970 993 3039 exemplaria
1034 2986 1154 3026 esse
1186 2972 1426 3027 rationes
1455 2974 1914 3043 prmexsistentes,
1949 2988 2009 3026 ac

422 3060 634 3115 divinas
657 3060 963 3117 voluntates
988 3077 1110 3133 quae
1134 3065 1402 3118 deﬁniunt
1428 3080 1491 3119 ac
1520 3062 1726 3120 faciunt
1756 3066 2009 3121 universa

423 3151 565 3217 (sola
601 3151 744 3206 enim
777 3152 919 3223 (Dei)
963 3154 1247 3209 voluntate
1288 3154 1471 3208 omnia
1512 3156 1839 3226 consistunt)
1871 3172 2010 3229 quas
2036 3187 2081 3243 ε

423 3253 479 3297 et
508 3244 977 3311 prtedetiuitiones
1016 3260 1110 3301 seu
1150 3247 1655 3315 prtedestinationes
1688 3249 1845 3305 divus
1873 3252 2014 3305 Pau-

422 3335 510 3390 lus
536 3336 794 3406 appellat,
829 3336 1021 3393 dicens
1056 3357 1070 3392 :
1104 3337 1247 3404 Quos
1276 3349 1449 3394 autem
1482 3345 1895 3412 prwdeatinavit,
1920 3347 2013 3400 hos

421 3439 468 3481 et
510 3428 711 3482 vocavit
751 3440 811 3492 ις
843 3438 898 3483 et
927 3428 1056 3484 alibi
1090 3446 1103 3483 :
1149 3429 1253 3495 Qui
1290 3432 1681 3499 prwdestinavit
1725 3451 1816 3488 nos
1846 3437 1901 3488 in
1933 3453 2014 3489 va-

421 3523 624 3577 luulate
655 3540 751 3577 sua
780 3522 829 3574 ι).
860 3522 1016 3591 Quod
1054 3532 1235 3579 autem
1271 3526 1436 3579 etiam
1480 3528 1813 3582 substantias
1839 3530 2013 3583 addu-

420 3626 509 3668 cat
556 3616 854 3669 secundum
924 3620 1290 3685 egressionem
1342 3635 1371 3672 a
1430 3619 1770 3684 substantia,
1831 3621 2013 3676 istius-

421 3708 565 3761 modi
624 3710 895 3764 rationem
950 3711 1133 3766 habet.
1192 3712 1413 3765 Dixerat
1469 3713 1519 3767 in
1566 3714 1675 3768 Deo
1719 3728 1837 3768 esse
1895 3730 2011 3767 om-

421 3801 569 3855 nium
622 3816 803 3855 rerum
853 3803 1229 3872 exemplaria;
1273 3804 1470 3860 deimle
1528 3821 1593 3859 ac
1638 3806 1682 3860 si
1726 3808 1847 3877 quis
1878 3806 2011 3860 alia-

421 3909 542 3947 rum
582 3892 800 3962 quidem
842 3911 1025 3950 rerum
1065 3896 1302 3953 rationes
1336 3897 1389 3952 in
1424 3898 1533 3953 Deo
1574 3915 1695 3954 esse
1728 3900 1891 3963 dicat,
1922 3910 2007 3953 ut-

418 3998 548 4058 puta
596 3987 1065 4057 providentiarum
1123 4004 1187 4044 ae
1244 4005 1570 4055 munerum,
1625 4000 2005 4059 rnotuumque,

417 4082 564 4136 sicut
613 4079 911 4151 apostolica
942 4080 1085 4136 dicta
1120 4084 1381 4151 tradunt;
1425 4084 1497 4138 ita
1542 4096 1600 4138 ut
1633 4084 1759 4138 hinc
1786 4086 2004 4155 quidem

418 4174 787 4243 probabiliter
823 4173 1134 4244 colligatur,
1188 4177 1702 4245 prredestinationes
1757 4178 2002 4230 ministe-

417 4265 484 4318 rii
515 4276 567 4319 et
598 4264 938 4335 apostolatus
981 4264 1331 4334 rationesque
1373 4267 1566 4319 horum
1611 4280 1737 4321 esse
1781 4266 1833 4320 in
1872 4266 2000 4327 Deo,

416 4356 656 4423 ipsarum
703 4366 884 4409 autem
931 4369 1288 4424 personarum
1332 4356 1663 4425 exemplaria
1715 4372 1819 4410 non
1857 4370 1998 4411 esse.

414 4448 495 4501 Ac
537 4447 581 4502 si
630 4446 752 4516 quis
798 4447 979 4517 itaque
1038 4448 1343 4503 istiusmodi
1392 4449 1661 4518 opinionis
1723 4447 1899 4509 foret,
1947 4456 2001 4501 et

2135 569 2251 639 μεθ’
2275 568 2305 620 6
2330 569 2430 621 οὐκ
2464 568 2578 619 ἐστι
2607 568 2737 631 Θεός
2757 586 2769 597 ·
2805 570 2898 621 καὶ
2919 570 3071 623 οὐδὲν
3101 570 3283 640 μέσον,
3314 572 3371 622 ἐν
3396 563 3441 637 ᾧ
3463 570 3567 622 οὐκ
3600 570 3711 622 ἐστι

2126 661 2277 723 Θεὸς,
2328 658 2466 713 κατὰ
2506 659 2597 711 τό·
2640 658 2781 727 Ἐγὼ
2810 660 2943 723 Θεὸς
2981 660 3226 731 πρῶτος,
3278 662 3369 714 καὶ
3414 663 3526 728 ἐγὼ
3577 662 3711 732 μετὰ

2126 752 2316 815 ταῦτα,
2362 754 2456 804 κα)⁵
2501 752 2637 822 πλὴν
2668 751 2803 821 ἐμοῦ
2839 753 2938 805 οὐκ
2975 752 3087 805 ἐστι
3111 770 3123 781 ·
3169 752 3326 805 τοῦτο
3353 754 3461 823 γάρ
3490 755 3645 805 ἐστιν
3679 757 3709 825 η

2128 841 2289 912 ἀρχὴ,
2333 842 2394 893 το
2435 841 2604 905 τέλος,
2647 842 2742 894 κοιλ¹
2778 842 2837 894 τὸ
2883 842 3065 912 μέσον,
3106 843 3246 895 κατὰ
3273 842 3400 911 γοῦν
3450 844 3586 913 μίαν
3624 846 3711 896 καὶ

2130 934 2557 1004 ὐπερηνωμένην
2587 934 2786 988 αἰτίαν.
2837 936 2899 986 Εἰ
2934 934 3042 1005 γὰρ
3072 936 3238 990 πολλὰ
3266 936 3331 988 τὰ
3355 937 3577 989 αἰτιατὰ
3619 937 3710 989 καὶ

2125 1028 2179 1078 αἱ
2230 1028 2430 1079 δωοεαί
2478 1026 2717 1095 ἄπειροι,
2773 1027 2906 1080 ἀλλὰ
2958 1030 3051 1081 καὶ
3110 1030 3249 1100 ὑπὲρ
3298 1032 3479 1082 πᾶσαν
3514 1030 3710 1082 ’ἐνωσιν

2125 1118 2236 1187 ἔχει
2270 1119 2331 1170 τὸ
2369 1120 2565 1172 ἐνιαῖον
2606 1118 2666 1169 τὸ
2701 1118 2891 1181 αἴτιον,
2928 1120 3210 1189 ἀχράντως
3248 1124 3361 1184 τοῖς
3391 1122 3561 1173 πᾶσιν
3597 1123 3711 1173 ἐπι-

2125 1210 2363 1279 λάμπει,
2403 1212 2559 1282 δίκην
2598 1209 2692 1265 τοῦ
2738 1212 2993 1283 αἰσθητοῦ
3036 1213 3225 1264 τούτου
3263 1212 3413 1283 ἡλίου
3458 1231 3471 1241 ·
3519 1216 3569 1266 εἰ
3608 1215 3711 1283 γὰρ

2123 1297 2277 1366 οὗτος
2300 1306 2327 1356 6
2356 1306 2420 1356 ἐκ
2452 1303 2547 1356 τοῦ
2577 1304 2711 1357 Θεοῦ
2738 1304 2975 1367 ὑποστὰς
3009 1304 3206 1367 πολλὰς
3231 1306 3415 1367 οὐσίας
3452 1307 3549 1357 καὶ
3595 1305 3709 1357 δια-

2124 1397 2320 1465 φόρους
2364 1397 2653 1468 ποιότητας
2695 1391 2774 1460 εἷς
2812 1396 2887 1448 ὢν
2924 1397 3209 1467 μονοειδῶς
3249 1398 3577 1467 ἐπιλάμπει,
3624 1399 3711 1449 καὶ

2125 1489 2390 1558 μενούσης
2418 1492 2545 1560 μιᾶς
2572 1491 2662 1543 καὶ
2696 1491 2901 1553 ἐνιαίας
2934 1491 3032 1561 τῆς
3055 1490 3326 1561 λάμψεως,
3351 1491 3603 1562 διάτοροι
3629 1492 3709 1560 γί-

2123 1597 2300 1633 νονται
2343 1583 2397 1633 αἱ
2432 1582 2734 1653 ἐνέργειαι⁹
2780 1583 2957 1653 πολλῷ
3003 1601 3065 1653 γε
3113 1584 3309 1655 μᾶλλον
3340 1586 3434 1638 ἐπὶ
3482 1586 3623 1641 Θεοῦ
3656 1587 3711 1638 τὸ

2122 1673 2361 1726 τοιοῦτον
2404 1675 2613 1746 νοήσειέ
2646 1694 2729 1740 τις
2752 1677 2845 1729 τοῦ
2868 1676 3092 1748 ποιητοῦ
3124 1680 3215 1731 καὶ
3253 1678 3440 1741 αὐτοῦ,
3485 1682 3583 1733 καὶ
3608 1679 3708 1732 τῶν

2124 1764 2297 1817 ἄλλων
2332 1766 2605 1821 ἁπάντων.
2636 1768 2744 1819 Καὶ
2771 1770 2819 1819 εἰ
2842 1770 2869 1820 6
2894 1767 3041 1837 ἥλιος
3074 1768 3171 1831 τὰς
3195 1767 3371 1831 αἰτίας
3400 1768 3515 1820 τῶν
3537 1768 3710 1821 τοσού-

2053 1836 2091 1892 u
2121 1873 2228 1909 των
2271 1857 2560 1928 ἐνεργειῶν
2596 1860 2688 1911 καὶ
2726 1860 2991 1929 κινήσεων
3031 1859 3313 1929 μονοειδῶς
3354 1863 3707 1932 προείληφεν,

2120 1951 2333 2013 ἐνιαίως
2364 1951 2483 2015 ὅλος
2507 1952 2708 2006 ἅπασιν
2740 1952 3082 2023 ἐπιλάμπων,
3113 1956 3205 2006 καί
3227 1956 3441 2025 ἐκάστῳ
3463 1956 3708 2027 εὑρισκό-

2122 2056 2281 2108 μενος
2332 2041 2656 2112 πρόσφοροςο
2705 2042 2882 2113 πολλῷ
2928 2061 2991 2111 γε
3034 2044 3230 2115 μᾶλλον
3284 2048 3708 2117 συγχωρήσομεν

2120 2129 2254 2186 εἶναι
2297 2136 2446 2206 παρὰ
2470 2136 2547 2207 τῷ
2575 2136 2890 2208 δημιουργῷ
2919 2138 2985 2190 τὰ
3010 2139 3118 2191 τῶν
3151 2139 3313 2191 όντων
3353 2141 3581 2192 πάντων
3610 2158 3706 2191 πα-

2122 2226 2479 2297 ραδείγματα.
2520 2228 2629 2280 Καὶ
2651 2230 2678 2280 6
2713 2228 2810 2297 μὲν
2834 2229 3054 2281 Πλάτων
3082 2228 3179 2292 τὰς
3212 2230 3355 2293 ἰδέας
3382 2231 3478 2282 καὶ
3512 2231 3583 2283 τὰ
3614 2246 3699 2281 πα-

2118 2317 2453 2389 ραδείγματα
2494 2320 2765 2383 ταπεινῶς
2811 2321 2904 2373 καὶ
2951 2320 3182 2387 ἀναξίως
3225 2320 3359 2374 Θεοῦ
3412 2321 3667 2390 ὲξεξληφε
3693 2338 3704 2349 σ

2116 2411 2143 2461 6
2181 2410 2237 2463 δὲ
2293 2412 2473 2483 πατὴρ
2507 2416 2572 2483 τῇ
2617 2414 2711 2482 μὲν
2747 2412 2889 2478 λέξει
2936 2415 3223 2484 ἐχρήσατο,
3265 2415 3362 2485 τὴν
3397 2414 3458 2466 δὲ
3504 2415 3711 2466 ἔννοιαν

2116 2502 2354 2566 εὐσεϐῶς
2382 2503 2685 2575 ἐξηγήσατο
2704 2545 2717 2565 ,
2748 2505 3161 2576 παραδείγματα
3190 2507 3363 2574 λέγων
3389 2510 3523 2571 τούς
3550 2512 3710 2577 προῦ-

2116 2594 2393 2662 φεστῶτας
2435 2596 2643 2665 λόγους,
2694 2601 2787 2651 καὶ
2830 2598 2895 2651 τὰ
2932 2599 3255 2669 ἀφοριστικὰ
3295 2601 3565 2669 ποιητικὰ
3600 2601 3710 2653 Osi:

2116 2688 2416 2757 Θελήματα.
2452 2690 2623 2760 (μόνῳ
2662 2691 2772 2763 γὰρ
2815 2692 2891 2763 τῷ
2924 2692 3204 2763 βούλεσθαι
3251 2693 3317 2745 τὰ
3357 2694 3544 2747 πάντα
3594 2694 3711 2745 ὑπέ-

2117 2790 2360 2853 στησεν·)
2410 2784 2501 2848 οὓς
2530 2788 2622 2839 καὶ
2651 2787 3019 2858 προορισμούς
3047 2787 3075 2838 6
3098 2786 3236 2850 Οεῖος
3267 2786 3480 2850 Παῦλός
3508 2804 3673 2856 φησιν
3697 2804 3707 2816 ·

2119 2875 2237 2941 Οὓς
2273 2876 2339 2927 δὲ
2378 2877 2693 2946 προώρισε,
2740 2879 2932 2948 λέγων,
2982 2882 3229 2945 τούτους
3269 2880 3365 2932 καὶ
3406 2880 3707 2933 ἐκάλεσε·

2115 2969 2208 3021 καὶ
2238 2970 2462 3041 ἑτέρωθι
2481 2988 2493 2999 ο
2532 2974 2864 3039 Πραίίσας
2898 2972 3053 3043 ἡμᾶς
3086 2973 3156 3025 ἑν
3182 2971 3259 3036 τῷ
3288 2972 3585 3041 θελήματι
3615 2976 3710 3025 αἰε-

2116 3061 2240 3113 τοῦ.
2283 3061 2356 3114 Τὸ
2390 3061 2465 3125 δὲ,
2511 3065 2633 3116 ἐπεὶ
2682 3067 2774 3117 καὶ
2804 3066 2989 3129 οὐσίας
3031 3067 3264 3136 παράγει
3295 3065 3434 3117 κατὰ
3462 3066 3567 3135 τὴν
3612 3066 3711 3117 ἀπὸ

2115 3155 2304 3218 οὐσίας
2334 3156 2577 3219 ἔκϐασιν,
2618 3157 2860 3210 τοιοῦτόν
2900 3176 3020 3211 τινα
3051 3159 3162 3228 ἔχει
3191 3158 3365 3225 λόγον.
3398 3157 3602 3221 Εἶπεν,
3634 3160 3709 3209 ὅτι

2122 3249 2337 3303 πάντων
2392 3250 2715 3303 τῶν⁸όντων
2765 3250 2832 3302 τὰ
2872 3250 3287 3321 παραδείγματα
3341 3253 3399 3303 ἐν
3447 3251 3533 3320 τῷ
3599 3250 3709 3319 Θεῷ

2119 3343 2297 3403 ἐστιν,
2344 3336 2464 3396 εἶτα
2493 3341 2733 3412 ὡσπερεί
2766 3358 2909 3404 τινος
2946 3340 3055 3393 τῶν
3090 3339 3265 3393 ἄλλων
3306 3342 3403 3410 μὲν
3454 3342 3589 3405 τοὺς
3632 3342 3709 3393 λό-

2116 3449 2244 3499 γους
2264 3431 2495 3496 διδόντος
2520 3429 2659 3486 εἶναι
2683 3434 2739 3485 ἐν
2762 3433 2839 3503 τῷ
2860 3432 2997 3503 Θεῷ,
3020 3432 3260 3504 δηλονότι
3282 3433 3389 3485 τῶν
3413 3434 3706 3505 προνοιῶν,

2113 3524 2220 3576 τῶν
2245 3523 2479 3596 δωρεῶν,
2508 3526 2617 3577 τῶν
2648 3526 2935 3596 κινήσεων,
2962 3524 3145 3589 καθὼς
3168 3527 3259 3578 καὶ
3274 3525 3341 3578 τὰ
3370 3526 3707 3579 ἀποστολικᾶ

2116 3619 2253 3689 ῥητὰ
2295 3620 2541 3689 ἔχουσιν·
2597 3620 2673 3683 ὡς
2720 3618 3049 3686 συνάγεσθαι
3089 3619 3217 3683 ἴσως
3263 3620 3542 3683 ἐντεῦθεν,
3590 3623 3707 3684 τούς

2116 3711 2215 3780 μὲν
2261 3715 2631 3783 προορισμούς
2665 3713 2762 3782 τῆς
2796 3711 3071 3775 διακονίας
3110 3713 3203 3765 καί
3240 3712 3341 3782 τῆς
3374 3713 3705 3783 ἀποστολῆς,

2113 3806 2207 3857 καί
2244 3806 2370 3869 τοὺς
2408 3806 2597 3873 λόγους
2628 3809 2833 3858 τούτων
2868 3800 3006 3858 εἶναι
3052 3807 3110 3858 ἐν
3140 3804 3215 3875 τῷ
3246 3804 3385 3875 Θεῷ,
3430 3806 3623 3858 αὐτῶν
3656 3806 3707 3859 δὲ

2109 3896 2219 3949 τῶν
2245 3896 2550 3969 προσώπων
2580 3898 2649 3950 τὰ
2697 3896 3114 3968 παραδείγματα
3153 3898 3227 3968 μὴ
3257 3893 3395 3950 εἶναι
3415 3916 3428 3926 ⁸
3464 3898 3705 3969 ὡσπερεί

2108 4007 2251 4053 τινος
2270 3990 2397 4054 γοῦν
2417 3991 2666 4062 οἰομένου
2687 3990 2911 4044 τοιαῦτα
2935 3991 3029 4044 καὶ
3056 3989 3379 4061 χωρίζοντος
3399 3991 3517 4043 τῶν
3541 4007 3701 4063 προσ-

2108 4081 2273 4134 ώπων
2312 4082 2410 4145 τὰς
2437 4081 2731 4151 ἐνεργείας,
2767 4082 2899 4151 φησί
2930 4081 3211 4139 συνιστῶν,
3254 4081 3336 4132 ὅτι
3396 4082 3497 4133 καὶ
3530 4081 3704 4133 αὐτεν

2109 4176 2228 4228 καθ’
2260 4175 2390 4227 αὐτὸ
2416 4175 2522 4226 τῶν
2557 4174 2861 4246 προσώπων
2890 4175 3016 4237 τούς
3049 4174 3237 4241 λόγους
3260 4174 3371 4243 ἔχει
3415 4175 3554 4245 παρ’
3582 4176 3702 4226 ἐαυ-

2106 4264 2182 4335 τῷ
2218 4268 2247 4318 6
2285 4265 2639 4336 δημιουργὸς,
2684 4263 2805 4316 ἐπεὶ
2847 4263 2940 4315 καὶ
2971 4263 3159 4325 οὐσίας
3198 4264 3461 4331 παράγει.
3500 4264 3698 4332 Σκέψαι

2104 4355 2213 4425 γὰρ
2251 4356 2357 4408 ἀπὸ
2398 4355 2507 4407 τῶν
2553 4354 2674 4407 καθ’
2723 4356 2870 4424 ἡμᾶς
2909 4352 3217 4423 τεχνητῶν,
3252 4354 3332 4405 ὅτι
3372 4356 3541 4423 ἡμεῖς
3584 4354 3695 4424 μὲν,

2106 4449 2225 4501 ἐπεὶ
2278 4447 2377 4499 οὐκ
2422 4446 2611 4508 οὑσίας
2653 4446 2996 4517 παράγομεν,
3040 4444 3158 4497 οὐδὲ
3195 4446 3320 4506 τούς
3365 4443 3564 4513 λόγους
3600 4445 3699 4497 τῶν

414 4556 443 4593 a
499 4542 750 4611 personis
816 4541 1062 4597 actiones
1113 4551 1431 4611 separaret,
1491 4542 1725 4606 asserit,
1786 4550 2004 4595 creato-

2116 4542 2302 4595 οὐσιῶν
2352 4543 2482 4613 παρ’
2528 4543 2736 4602 ἑαυτοῖς
2785 4539 3011 4609 ἔχομεν·
3049 4536 3216 4601 ἕξεων
3256 4538 3311 4590 δέ
3352 4541 3449 4591 καὶ
3508 4540 3695 4609 τέχνης

414 4650 527 4688 rem
578 4636 935 4705 ipsarummet
972 4651 1335 4704 personarum
1369 4649 1583 4703 quoque
1635 4636 1873 4689 rationes
1904 4649 1998 4705 pe-

415 4743 511 4782 nes
548 4743 606 4783 se
658 4730 863 4783 habere
891 4776 903 4793 ,
947 4745 1069 4783 cum
1112 4730 1275 4781 etiam
1332 4728 1662 4783 substantias
1710 4729 1993 4794 producat.

415 4818 695 4887 Siquidem
742 4818 793 4871 id
840 4820 1137 4873 observare
1180 4819 1309 4871 licet
1353 4818 1405 4870 iu
1451 4819 1612 4872 rebus
1661 4818 1999 4873 nostratibus

412 4923 531 4967 arte
574 4911 753 4978 factis,
795 4914 1053 4982 quoniam
1106 4928 1203 4967 nos
1230 4913 1450 4980 quidem
1498 4928 1619 4965 eum
1662 4911 1996 4967 substantias

2107 4635 2295 4703 λόγους
2339 4634 2490 4685 οὐδὲν
2536 4632 2731 4685 κωλύει
2770 4631 2913 4700 ἔχειν
2956 4633 3121 4700 ἡμᾶς,
3158 4630 3276 4683 καθ’
3314 4630 3410 4694 οὓς
3442 4631 3693 4683 ἀποτελε-

2105 4728 2257 4797 σοείη
2286 4728 2356 4795 ¹τὸ
2388 4726 2667 4796 τεχνητόν.
2714 4726 2770 4775 Ὀ
2799 4725 2854 4777 δὲ
2884 4724 3015 4786 Θεὸς
3035 4765 3048 4787 ,
3083 4725 3205 4776 ἐπεὶ
3243 4726 3334 4775 καὶ
3364 4723 3575 4777 τούτων
3604 4724 3692 4775 κὰ-

2103 4818 2296 4870 κείνων
2337 4813 2701 4885 παραγωγεύς
2743 4815 2911 4873 ἐστιν,
2956 4812 3181 4873 εἰκότως
3204 4810 3312 4881 ἔχει
3337 4812 3435 4863 καὶ
3460 4809 3691 4880 ἀμφοτέ-

2104 4928 2213 4981 ρων
2251 4910 2375 4971 τούς
2403 4908 2615 4975 λόγους,
2642 4906 2734 4958 καὶ
2756 4906 2864 4958 τῶν
2897 4905 3096 4957 οὐσιῶν
3121 4906 3211 4957 καὶ
3238 4904 3345 4957 τῶν
3376 4903 3567 4969 ἕξεων.

413 5020 519 5060 non
552 5007 934 5076 producamus,
992 5006 1427 5060 substantiarum
1478 5020 1694 5076 quoque
1746 5006 1991 5060 rationts
2035 5004 2176 5074 apud
2231 5018 2331 5057 nos
2376 5001 2603 5055 minime
2654 4998 2948 5061 habemus;
2981 4998 3365 5051 habitudiuum
3433 5007 3614 5049 autem
3638 5004 3686 5048 et

412 5099 547 5153 artis
578 5102 817 5153 rationes
836 5098 1035 5153 habere
1059 5113 1156 5151 nos
1176 5097 1309 5151 nihil
1335 5104 1500 5162 vetat,
1555 5096 1853 5151 secundum
1881 5110 2018 5165 quas
2044 5110 2130 5147 res
2161 5104 2281 5149 arte
2315 5094 2455 5146 facta
2485 5090 2815 5145 absolvatur.
2876 5090 3017 5145 Deus
3061 5104 3217 5152 vero,
3278 5105 3403 5143 cum
3437 5098 3551 5143 tam
3580 5090 3685 5143 hzec

410 5210 574 5266 quam
608 5194 693 5247 illa
736 5192 1037 5264 producat,
1069 5192 1264 5246 merito
1305 5192 1470 5246 habet
1504 5199 1861 5260 utrorumque
1901 5191 2163 5254 rationes,
2206 5198 2312 5242 tam
2352 5188 2779 5241 substantiarum
2817 5200 2978 5255 quam
3019 5185 3327 5239 habituum.

482 5287 513 5360 θ
578 5286 668 5343 IX.
737 5285 989 5341 Clemens
1045 5292 1226 5337 autem
1276 5285 1633 5355 philosophus
1683 5284 1833 5337 urbis
1881 5281 1990 5334 Ro-

414 5395 589 5435 manze
646 5379 979 5448 episcopus,
1047 5386 1105 5429 ut
1165 5378 1384 5447 quidam
1445 5379 1774 5447 interpretes
1821 5375 1991 5448 448

412 5472 594 5535 aitmt,
629 5468 946 5539 Opinionem
977 5467 1267 5537 quamdam
1320 5476 1542 5521 secutus
1584 5476 1687 5531 est,
1718 5482 1837 5536 quae
1870 5479 1989 5517 tra-

412 5564 507 5627 dit,
539 5563 702 5616 etiatn
734 5563 786 5616 in
820 5568 1174 5633 generatione
1198 5576 1381 5615 rerum
1411 5559 1690 5615 sensilium
1723 5560 1986 5628 quasdam

411 5670 531 5710 esse
575 5670 771 5711 causas
813 5654 1164 5727 principales.
1199 5653 1664 5721 Quemadmodum
1718 5652 1900 5721 itaque
1932 5652 1984 5705 in

489 5805 511 5831 ι
533 5794 701 5862 Apoc.
730 5810 867 5858 xm,
896 5795 978 5848 15.
1059 5806 1085 5835 ι
1110 5794 1268 5851 Rom.
1304 5808 1422 5859 vnt,
1459 5791 1549 5848 30.
1628 5792 1656 5832 ιι
1682 5782 1885 5860 Ephes.
1912 5807 1950 5857 ι,
1982 5790 2035 5846 5.

2172 5280 2199 5351 ς
2237 5279 2328 5333 ΙΧ.
2378 5280 2435 5332 Ὀ
2472 5279 2653 5350 μέντοι
2678 5278 2961 5347 φιλόσοφος
2992 5278 3223 5349 Κλήμης
3249 5279 3277 5329 6
3314 5278 3535 5348 Ῥώμης
3569 5279 3679 5332 ἐπί-

2100 5391 2321 5435 σκοπος,
2366 5372 2441 5435 ὦς
2472 5374 2600 5441 φασί
2627 5390 2770 5435 τινες
2801 5370 3189 5442 ἐξηγούμενοι,
3222 5370 3351 5443 δόξῃ
3392 5374 3499 5423 τινί
3524 5388 3678 5438 κατη-

2099 5465 2391 5535 κολούθησε
2430 5464 2681 5538 λεγούσῃ,
2725 5465 2819 5517 καὶ
2862 5467 2920 5516 ἐν
2955 5467 3018 5534 τῇ
3046 5464 3257 5531 γενέσει
3282 5464 3391 5516 τῶν
3417 5463 3677 5534 αἰσθητῶν

2098 5554 2236 5611 εἷναί
2274 5574 2425 5619 τινας
2455 5556 2687 5628 ἀρχικὰς
2725 5556 2930 5619 αἰτίας.
2968 5556 3055 5619 Ὠς
3090 5554 3221 5623 γοῦν
3256 5558 3314 5607 ἐν
3342 5559 3456 5619 τοῖς
3480 5556 3673 5625 νοητοῖς

2098 5650 2211 5703 ἔστι
2247 5650 2426 5718 λέγειν
2460 5649 2557 5713 τὰς
2586 5651 2799 5720 νοήσεις
2833 5648 2931 5712 τὰς
2970 5649 3152 5713 θείας,
3185 5648 3376 5716 λόγους
3427 5646 3673 5720 ἀρχικοπ
