3866 6234
183 365 305 423 859

773 372 858 428 DE
894 374 1154 431 DIVINIS
1186 375 1589 445 NOMINIBUS,
1623 380 1776 436 CAP.
1816 380 1880 439 V.
1915 413 1986 425 —
2020 383 2371 439 PARAPHR.
2409 386 2588 442 PACH
2604 386 2880 445 YMERAS.

3348 397 3454 452 850

182 484 291 538 καὶ
336 486 770 558 παραδείγματα,
823 493 992 556 οὕτως
1025 497 1084 547 ὲν
1120 500 1228 560 τοῖς
1272 498 1548 566 αἰσθητοῖς
1591 498 1758 568 ἕλεγεπ

1882 500 2286 557 intellectilibus
2331 502 2456 558 licet
2502 505 2716 570 dicere,
2752 507 2966 562 divinas
3009 509 3257 565 notiones
3288 513 3454 567 ratio-

179 568 336 624 εἷναί
366 590 486 627 τινα
518 576 936 652 ὰρχηγικώτερα
961 584 1394 656 παραδείγματα,
1421 587 1514 640 τοῦ
1537 589 1634 658 μὲν
1661 587 1780 641 ὲνύ-

177 663 283 716 λου
310 667 467 737 τυχὸν
495 671 666 741 πυρὸς
688 672 748 724 τὸ
770 673 1008 746 αἰθέριον
1033 715 1047 738 ,
1099 676 1209 731 τῶν
1233 678 1288 732 δὲ
1314 681 1630 752 πηγιμαίων
1653 682 1778 736 ὑδά-

175 774 299 810 των
331 759 399 812 τὰ
440 760 806 832 ὑπερουράνια
835 764 1017 830 ὕδατα,
1057 768 1211 823 ἅτινα
1240 770 1505 842 ἁῦλότερά
1528 771 1642 837 πώς
1673 775 1776 825 εἰσι

175 849 299 902 τῶν
337 851 663 923 ὑφειμένων,
703 858 834 924 παρ’
859 857 982 910 ὅσον
1009 859 1036 911 6
1063 860 1158 930 μὲν
1183 861 1348 935 αἰθὴρ
1375 865 1537 928 αὑτὸς
1569 868 1627 919 ὲν
1649 868 1774 920 ἑαυ-

173 941 262 1011 τῷ
312 944 481 997 καίων
523 945 834 1014 ὑφίσταται,
883 949 951 1002 τὰ
996 952 1054 1005 δὲ
1102 953 1358 1025 ὑπεράνω
1395 957 1502 1010 τῶν
1533 958 1775 1030 οὐρανῶν

175 1033 359 1088 ὕδατα
392 1036 512 1108 δίχα
544 1039 636 1092 τοῦ
675 1043 1040 1112 προσήκοντος
1093 1050 1444 1120 περιορισμοῦ
1488 1052 1777 1120 συσφίγγε-

171 1143 271 1179 ται
321 1129 414 1181 καὶ⁸
439 1130 744 1202 συνέχεται·
780 1137 874 1188 καὶ
917 1137 1114 1206 μᾶλλον
1159 1141 1249 1192 ἐπὶ
1289 1143 1656 1212 σφαιροειδοῦς
1683 1144 1776 1198 καὶ

170 1219 482 1292 ὀλισθηρᾶς
522 1222 652 1276 ὄντα
690 1225 926 1295 φύσεως,
972 1230 1139 1301 ἄμφω
1184 1232 1238 1286 δὲ
1277 1240 1662 1306 συγκρατείται
1697 1236 1774 1307 τῷ

169 1312 564 1387 δημιουργικῷ
613 1319 704 1370 καὶ
745 1319 874 1392 θείῳ
921 1320 1209 1394 θελήματι.
1253 1326 1350 1378 Διά
1395 1327 1551 1380 τοῦτο
1585 1327 1640 1381 δὲ
1682 1330 1775 1382 καί.

169 1404 324 1475 πρός
350 1423 402 1458 τι
430 1408 852 1480 παραδείγματά
884 1431 1015 1486 φησι
1039 1433 1051 1444 ·
1083 1417 1219 1486 πρὸς
1253 1418 1362 1488 γὰρ
1384 1420 1556 1473 ταῦτα
1591 1423 1774 1475 ἐκεῖνα

168 1496 626 1569 παραδείγματα,
665 1503 756 1556 καί
785 1505 884 1575 οὑχ
911 1506 1096 1572 ἁπλῶς
1121 1511 1356 1580 ἀρκτικὰ
1380 1511 1546 1578 αἴτια,
1579 1512 1656 1577 ὡς
1681 1508 1772 1567 οῦ-

167 1586 269 1649 τός
296 1606 468 1660 φησι,
500 1591 568 1645 τὰ
608 1592 873 1666 θεαρχικά
897 1597 1196 1670 θελήματα.
1235 1601 1414 1655 Ἀλλοι
1438 1605 1493 1657 δὲ
1513 1604 1582 1658 τά
1608 1603 1772 1676 νοητά

166 1676 288 1730 τῶν
328 1679 624 1751 αἰσθητῶν,
648 1685 741 1737 καὶ
782 1685 985 1741 τούτων
1021 1689 1180 1744 πάλιν
1213 1691 1282 1744 τὰ
1329 1693 1628 1764 ὑψηλότερα
1666 1696 1772 1749 τῶν

167 1771 502 1834 κατωτάτω,
542 1774 959 1847 παραδείγματα
985 1778 1163 1847 λέγειν
1187 1782 1277 1834 τὸν
1304 1784 1446 1854 ἱερὸν
1471 1785 1769 1857 ὲκλαϐόμε-

1883 607 1978 649 nes
2010 609 2132 650 esse
2172 596 2499 666 principales
2526 610 2579 653 et
2635 603 2988 672 exemplaria,
3031 603 3107 659 sic
3147 605 3197 658 in
3239 608 3454 662 sensili-

1878 685 1978 738 bus
2027 684 2165 740 dixit
2209 702 2328 742 esse
2362 691 2612 758 quaedam
2656 694 3041 764 priueipaliora
3093 698 3451 766 exemplaria,

1879 789 1932 827 γ.
1963 791 2018 845 g.
2073 777 2214 848 ignis
2245 781 2547 837 materialis
2590 785 2825 853 qualitas
2875 787 3123 850 :etheria,
3166 798 3222 843 et
3271 789 3453 844 fonta-

1879 861 2009 922 liuin
2059 885 2321 940 aquarum
2368 875 2789 942 superccelestes
2830 893 3006 948 aquae.
3045 895 3163 950 quae
3192 882 3456 952 quodam-

1880 963 2043 1016 modo
2111 965 2281 1034 magis
2327 966 2714 1022 immateriales
2771 981 2894 1024 sunt
2964 973 3352 1042 inferioribus,
3399 977 3453 1031 in

1877 1063 2139 1120 quantum
2193 1055 2364 1110 aether
2408 1057 2626 1125 quidem
2675 1059 2787 1128 ipse
2817 1061 2867 1114 in
2897 1061 3076 1130 seipso
3100 1067 3300 1121 ardens
3327 1068 3454 1121 sub-

1877 1143 2055 1208 sistit,
2109 1160 2265 1214 aqua:
2309 1162 2438 1203 vero
2483 1152 2902 1218 supercrelestes
2950 1155 3069 1209 sine
3106 1157 3452 1214 circumscri-

1876 1235 2060 1303 ptione
2091 1239 2450 1294 conveniente
2479 1244 2935 1314 constringuntur
2965 1263 3028 1302 ac
3065 1251 3449 1316 continentur;

1876 1326 2006 1395 quin
2055 1329 2234 1397 potius
2267 1347 2388 1385 cum
2419 1334 2744 1392 orbicularis
2785 1353 2847 1391 ac
2875 1337 3032 1394 ﬂuxae
3069 1352 3279 1397 naturae
3315 1345 3448 1406 sint,

1877 1429 2111 1490 utraque
2148 1423 2446 1481 conditoris
2477 1442 2540 1482 ae
2569 1429 2753 1484 divina
2779 1432 3056 1489 voluntate
3079 1436 3454 1498 continentur,

1875 1507 2144 1575 Quocirca
2174 1515 2339 1569 etiam
2370 1517 2436 1571 ad
2476 1519 2681 1591 aliquid
2729 1524 3064 1593 exemplaria
3111 1541 3238 1582 esse
3277 1529 3448 1590 dicit;

1875 1605 1941 1658 ad
1995 1604 2108 1661 haec
2154 1607 2270 1677 ipsa
2302 1612 2446 1664 enim
2484 1615 2843 1684 exemplaria,
2887 1627 2940 1672 et
2985 1635 3089 1672 non
3135 1621 3454 1690 simpliciter

1873 1710 2069 1753 causas
2108 1700 2463 1770 principales,
2504 1714 2562 1758 ut
2609 1705 2698 1761 hic
2728 1707 2826 1774 ait,
2859 1709 3054 1765 divinae
3095 1720 3221 1765 sunt
3261 1713 3453 1768 volun-

1877 1798 2034 1843 tates.
2089 1791 2204 1844 Alii
2253 1808 2381 1848 vero
2424 1795 2758 1853 intellectilia
2816 1801 3120 1867 sensilium,
3167 1813 3223 1858 et
3256 1804 3449 1858 borum

166 1877 254 1914 νοι
286 1862 610 1934 Κλήμεντα,
646 1870 724 1932 εἰς
748 1872 1043 1942 σαφήνειαν
1069 1874 1170 1944 τῆς
1210 1876 1464 1949 τοιαύτης
1488 1878 1644 1950 δόξης
1679 1880 1758 1933 κα]

1875 1885 2068 1938 iterum
2113 1887 2436 1943 sublimiora
2476 1890 2797 1946 inferiorum
2836 1895 3166 1965 exemplaria
3201 1896 3452 1951 Clemen-

163 1952 422 2006 τοιοῦτόν
458 1972 510 2008 τι
553 1959 914 2029 παράγουσιν.
958 1963 1189 2018 ’Υπόθου
1233 1968 1343 2040 γὰρ
1372 1971 1652 2042 γραμμὴν,
1701 1968 1768 2044 ἦς

163 2043 232 2095 τὸ
266 2045 373 2115 μὲν
399 2045 512 2100 ἄνω
541 2050 706 2122 μέρος
730 2052 1063 2109 ἀποδιδόσθω
1087 2060 1200 2121 τοῖς
1234 2063 1442 2129 νοητοῖς
1462 2101 1475 2125 ,
1505 2062 1567 2114 τὸ
1590 2063 1644 2116 δὲ
1673 2043 1770 2118 κά-

161 2154 248 2190 τω
298 2144 415 2205 τοῖς
454 2143 732 2216 αἰσθητοῖς
754 2164 766 2176 °
824 2151 911 2202 καὶ
946 2152 1151 2207 τούτων
1175 2155 1235 2208 τὸ
1267 2157 1365 2226 μὲν
1392 2158 1766 2229 ἀρχηγικωτέ-

168 2250 316 2302 ροις,
351 2237 495 2309 ἅπερ
525 2240 631 2293 εἰσί
669 2240 736 2294 τά
775 2242 919 2306 ἰδίως
943 2247 1107 2315 νοητὰ
1133 2288 1146 2313 ,
1179 2249 1238 2302 τὸ
1267 2251 1480 2319 πρῶτον
1506 2254 1598 2306 καί
1623 2254 1764 2307 ἀνώ-

163 2343 339 2380 τατον
383 2330 568 2401 μέρος,
600 2336 715 2396 τοῖς
749 2333 806 2386 δὲ
848 2337 912 2388 ἐκ
949 2337 1058 2392 τῶν
1089 2341 1293 2412 νοητῶν
1319 2344 1380 2396 τὸ
1420 2347 1536 2415 μετ’
1568 2349 1763 2412 ἐκεῖνο,

163 2409 271 2467 εἶθ’
306 2415 472 2482 οὕτω,
505 2420 629 2474 καθ’
657 2422 924 2479 ὑπόϐασιν
951 2427 1050 2498 τῆς
1072 2409 1336 2502 γραμμῆς
1361 2409 1431 2487 τά
1460 2435 1610 2489 ἄλλα.
1647 2409 1765 2490 Aet;

165 2506 256 2573 ξαι
298 2509 413 2598 γάρ
440 2511 580 2566 θέλει
621 2517 653 2584 ή
687 2517 909 2591 τοιαύτη
938 2519 1062 2585 δόξα
1087 2561 1101 2583 ,
1138 2524 1211 2593 μὴ
1239 2526 1338 2596 τῆς
1361 2526 1516 2593 ἀξίας
1542 2529 1642 2598 τῆς
1665 2533 1762 2585 αὑσ

162 2600 267 2670 τῆς
314 2597 456 2656 εἶναι
497 2605 565 2658 τά
607 2609 802 2673 πάντα,
847 2610 962 2664 ἀλλ’
985 2611 1045 2677 ἐξ
1072 2614 1314 2687 ἀλλήλων
1345 2619 1459 2674 ἔνια
1484 2623 1762 2693 γινόμενα,

163 2691 281 2751 οἷον
332 2698 401 2750 τά
452 2701 717 2773 ὑφειμένα
763 2707 877 2780 εἴδη
913 2713 1023 2766 τῶν
1068 2712 1388 2771 καθολικῶν.
1439 2719 1551 2771 Καὶ
1591 2721 1765 2777 ταῦτα

169 2792 271 2860 μέν
303 2811 450 2860 τινες
472 2815 485 2827 ·
517 2799 578 2853 τὸ
605 2800 662 2854 δὲ
699 2802 839 2867 ὅλον,
871 2801 1043 2877 οἶμαι,
1067 2809 1142 2873 ὡς
1168 2811 1232 2864 ἂν
1256 2812 1364 2866 τῶν
1390 2814 1563 2886 λόγων
1593 2839 1761 2875 κατα-

168 2885 548 2959 στοχάσωμαι,
577 2891 737 2947 τοῦτό
766 2896 912 2950 ἐστιν
934 2915 945 2927 '
985 2899 1103 2954 Ὅτι
1129 2905 1316 2977 ἐπειδὴ
1344 2908 1451 2961 τῶν
1468 2913 1672 2982 νοητῶν
1694 2917 1762 2971 τὰ

166 2977 418 3048 παρόντα
455 2980 716 3052 λέγουσιν,
756 2987 833 3052 ὡς
872 2991 900 3042 6
947 2992 1119 3061 μέγας
1159 2996 1475 3066 Ἀπόστολος
1511 2977 1627 3059 εἰπε
1668 3009 1760 3062 τοῦ

168 3068 342 3138 νόμου
399 3073 577 3138 σκιὰν,
630 3071 785 3142 οὗτος
832 3079 891 3146 ἐξ
924 3083 1280 3156 ἀντιστρόφου
1329 3093 1512 3146 ἐκεῖνα
1557 3097 1761 3153 τούτων

167 3161 402 3216 ἐκάλεσε
429 3167 858 3240 παραδείγματα.
895 3173 992 3228 Διὰ
1025 3177 1180 3231 τοῦτο
1209 3181 1317 3254 γάρ
1342 3180 1462 3238 εἷπε
1493 3189 1586 3241 καὶ
1622 3193 1755 3263 πρός
1783 3213 1824 3269 C

166 3273 217 3309 τι
255 3259 289 3327 ἡ
337 3258 500 3314 εἰκὼν
525 3263 660 3333 πρὸς
683 3265 744 3318 τὸ
771 3269 1137 3342 παράδειγμα,
1185 3277 1277 3329 καὶ
1312 3278 1373 3331 τὸ
1413 3258 1760 3357 παράδειγμα

169 3350 310 3420 πρὸς
337 3350 438 3424 τὴν
466 3356 670 3430 εἰκόνα.
703 3360 838 3431 Φησί
866 3363 1046 3417 τοίνυν
1075 3367 1103 3419 6
1135 3368 1340 3442 Πατὴρ,
1368 3372 1470 3437 ὅτι,
1493 3350 1545 3428 εἰ
1569 3350 1758 3431 κάέιεῖ-

167 3459 258 3505 νος
295 3443 367 3498 τὰ
403 3448 567 3520 νοητά
616 3451 724 3504 τῶν
762 3454 1036 3527 αἰσθητῶν
1061 3461 1286 3515 ἐκάλεσε
1314 3467 1754 3539 παραδείγματα,

169 3534 303 3603 (ὅρα
324 3537 455 3606 γὰρ,
490 3542 643 3611 φησί,
675 3544 951 3613 ποιήσεις
975 3551 1124 3605 κατὰ
1156 3553 1263 3605 τὸν
1289 3534 1482 3611 τύπέον
1637 3534 1756 3616 ὃειέ

168 3627 392 3694 χθέντα
411 3633 555 3704 σοι’)
596 3633 712 3689 ἀλλ’
735 3632 828 3690 οῦν
854 3639 954 3692 οὑκ
980 3642 1086 3694 εἰσί
1100 3645 1322 3700 τοιαῦτα
1345 3651 1756 3724 παραδείγματα

164 3715 232 3768 τὰ
263 3719 432 3788 νοητά
470 3724 674 3785 ἐκεῖνα,
714 3725 854 3780 ὥστε
897 3730 988 3782 καὶ
1023 3738 1372 3807 προσκυνητά
1399 3733 1557 3806 εἶναι,
1583 3743 1658 3806 ὡς
1689 3743 1756 3796 τὰ

165 3808 287 3863 θεῖα
315 3811 618 3885 θελήματα,
649 3818 782 3873 ἀλλά
806 3823 1034 3880 κάκεῖνα
1061 3830 1340 3900 ποιήματά
1361 3834 1488 3897 εἰσι,
1519 3835 1612 3887 καὶ
1640 3835 1756 3906 ἕχο-

165 3919 265 3972 μεν
314 3905 533 3961 ἀκούειν
560 3911 655 3963 καὶ
698 3914 824 3985 περὶ
872 3917 1072 3983 αὑτῶν,
1104 3921 1286 3987 καθὼς
1308 3925 1335 3976 6
1365 3926 1604 3998 Μωὺσῆς
1630 3932 1755 4002 περὶ

161 3995 270 4049 τῶν
312 3999 588 4072 αἰσθητῶν
615 3998 766 4057 εἶπεν
799 4006 874 4071 ὡς
901 4009 1008 4063 ἀπὸ
1037 4012 1130 4066 τοῦ
1159 4014 1314 4068 Θεοῦ·
1361 4018 1434 4072 Οὑ
1465 4022 1756 4093 παρέδειξά

165 4104 244 4142 σοι
287 4091 430 4145 αὐτὰ
466 4094 560 4147 τοῦ
594 4099 916 4170 πορεύεσθαι
945 4105 1120 4159 ὀπίσω
1151 4108 1362 4175 αὑτῶν,
1402 4113 1515 4166 ἀλλ’
1555 4116 1639 4169 ἵνα
1667 4118 1752 4171 διὰ

162 4181 371 4235 τούτων
410 4187 544 4258 πρὸς
570 4189 630 4242 τὸ
655 4191 823 4258 ὅντως
861 4196 919 4249 ὃν
960 4200 1054 4251 καὶ
1091 4201 1182 4254 τὸν
1219 4204 1446 4276 ποιητὴν
1476 4208 1753 4282 ἁναγώμε-

162 4270 250 4327 θα.
288 4274 508 4351 Ἐπειδή
527 4299 669 4346 τινες
681 4283 791 4338 τῶν
807 4287 1072 4360 Ἑλλήνων
1093 4292 1192 4357 τὰς
1213 4270 1355 4359 ἰδέας
1375 4270 1466 4353 τιίαί
1482 4300 1548 4354 τὰ
1568 4270 1745 4374 naria-

162 4365 431 4439 δείγματα
449 4374 786 4432 ἑνυπόστατα
831 4380 1057 4452 ἔφησαν,
1100 4387 1322 4454 τούτους
1353 4393 1748 4465 ἀπορῤαπίζων

163 4460 364 4528 φησίνο
399 4463 461 4516 Εἰ
505 4465 614 4537 γὰρ
660 4469 734 4541 μὴ
781 4471 966 4536 ἁπλῶς
1004 4479 1097 4529 καί
1135 4480 1351 4547 ἐνιαίως
1377 4460 1580 4541 εἷεν-αἱ
1609 4460 1744 4543 ἰδέαι

161 4555 378 4624 νοήσεις
400 4557 572 4630 ὑπερη
584 4559 1025 4633 πλωμέναιοῦσαι
1046 4571 1139 4624 τοῦ
1162 4574 1627 4648 ὑπερηπλωμένου
1651 4585 1743 4635 καὶ
1778 4564 1821 4616 D

164 4641 591 4716 ὑπερηνωμένου
634 4651 768 4704 Θεοῦ
789 4694 804 4718 ,
853 4655 1104 4722 σύνθετος
1132 4660 1197 4714 ἂν
1235 4641 1367 4734 είηνὸ
1389 4641 1520 4731 Θεδς
1550 4671 1612 4722 ἐκ
1642 4688 1748 4724 πα-

167 4735 522 4810 ραδείγματος
541 4744 635 4796 καὶ
650 4745 862 4811 ἑαυτοῦ,
877 4750 1012 4822 ὅπερ
1032 4753 1251 4827 διπλόην
1267 4759 1513 4830 ὠνόμασε
1533 4781 1545 4793 ο
1571 4767 1748 4820 πάντα

162 4824 251 4881 οὑν
288 4832 582 4887 ἀναθετέον
608 4839 672 4907 τῇ
703 4839 890 4912 πρώτῃ
917 4845 1087 4915 αἰτίᾳ.
1134 4824 1270 4901 Ἀλλ’
1303 4853 1365 4903 οὑ
1378 4824 1400 4918 1,
1431 4854 1565 4908 διότι
1597 4876 1750 4929 μερι-

163 4922 231 4975 κά
268 4924 368 4976 καὶ
409 4926 732 5018 έτερόχρονα
763 4931 830 4985 τὰ
867 4937 1081 4990 αἰτιατὰ
1103 4980 1117 5003 ,
1155 4941 1254 5012 ἤδη
1292 4922 1616 5018 ὑπονοητέον
1657 4922 1750 5005 ita}

165 5017 466 5088 μερισμούς
517 5037 668 5086 τινας
727 5025 1178 5098 ἰδιοῦποστάτους,
1220 5035 1253 5104 ἢ
1297 5037 1402 5108 μὴν
1443 5017 1586 5104 ἰδίως
1635 5046 1746 5098 ἐπι-

161 5114 484 5184 νοουμένους
518 5120 612 5171 ἐπὶ
647 5120 782 5174 Θεοῦ
807 5141 819 5152 ·
853 5124 987 5178 ἀλλὰ
1030 5128 1127 5198 μία
1168 5132 1284 5182 ἐστὶ
1314 5133 1404 5185 καὶ
1444 5133 1580 5206 αὕτη
1622 5135 1746 5208 ἐξῃ-

166 5206 374 5276 ρημένη
404 5210 605 5274 παντὸς
630 5213 829 5268 ἐνιαίου
856 5219 887 5287 ἡ
918 5217 1110 5284 ἕνωσις
1135 5239 1146 5250 ·
1180 5225 1318 5277 κατά
1355 5226 1481 5294 μίαν
1509 5228 1616 5299 γὰρ
1652 5206 1746 5284 καὶ

162 5298 256 5369 τὴν
305 5299 478 5370 αὑτὴν
535 5303 633 5373 οὑχ
673 5306 862 5371 ἁπλῶς
901 5311 1178 5384 ἁπλότητα
1207 5356 1221 5379 ,
1267 5317 1381 5370 ἀλλ’
1438 5298 1743 5392 ὑπερϐολὴν

117 5453 120 5458 _
162 5391 478 5462 ἁπλότητος,
520 5395 696 5450 πάντα
730 5402 788 5453 ἐν
820 5404 980 5475 ἑαυτῇ
1014 5405 1272 5477 μὴμόνον
1312 5413 1571 5482 περιέχει,
1607 5391 1742 5468 ἀλλά

116 5485 118 5488 ’
163 5485 248 5536 καὶ
280 5485 504 5556 προέχει
543 5497 986 5565 προωρισμένως,
1016 5499 1293 5574 ἀρξαμένη
1317 5504 1416 5575 τῆς
1437 5507 1740 5562 ούσιοποιοῦ

164 5576 414 5644 προόδου,
455 5578 550 5629 καὶ
584 5586 924 5657 παραγωγῆς
967 5588 1075 5641 τῶν
1121 5593 1452 5662 κτισμάτων,
1498 5597 1607 5651 ἀπὸ
1650 5600 1744 5652 τοῦ

166 5664 295 5723 εἶναι
333 5671 533 5740 ἑαυτῆς
565 5689 576 5701 ·
619 5673 810 5747 ὥσπερ
851 5681 943 5733 καὶ
983 5682 1151 5752 αὐτῆς
1185 5682 1448 5747 ζωοποιοῦ
1487 5689 1594 5743 ἀπὸ
1645 5691 1743 5761 τῆς

233 5867 250 5893 ε
286 5857 457 5913 Exod.
484 5873 612 5924 xxv,
648 5860 735 5916 40.

1871 1985 1980 2031 tem
2028 1979 2210 2033 dicere
2262 1981 2662 2048 existimantes,
2713 1985 2781 2039 ad
2826 1986 3133 2041 istiusmodi
3177 1989 3450 2058 opinionis

1869 2067 2312 2138 explicationem,
2335 2073 2464 2142 quid
2481 2075 2661 2132 simile
2695 2075 2995 2133 adducunt.
3018 2079 3274 2150 Suppone
3300 2083 3444 2138 enim

1870 2157 2069 2213 lineam
2099 2161 2252 2228 cujus
2280 2165 2533 2233 superior
2565 2167 2783 2236 quidem
2838 2186 2904 2240 pa
2918 2187 2970 2225 rs
3013 2173 3137 2228 data
3161 2172 3230 2229 sit
3288 2175 3449 2230 rebus

1869 2256 2293 2324 intellectilibus,
2344 2261 2573 2318 inl‘erior
2619 2279 2747 2320 vero
2797 2268 3121 2335 sensilibus;
3168 2281 3330 2339 atque
3381 2272 3449 2326 iis

1865 2347 2081 2417 quidem
2121 2367 2242 2421 qua:
2274 2353 2418 2409 inter
2458 2355 2572 2409 btec
2600 2357 2895 2425 primatum
2932 2369 3135 2426 tenent,
3173 2378 3294 2432 quze
3322 2377 3450 2418 sunt

1867 2442 2086 2511 proprie
2136 2444 2519 2516 intelligibilia,
2574 2449 2808 2516 primam
2855 2464 2920 2504 ac
2950 2453 3289 2520 superiorem
3324 2470 3448 2523 par-

1871 2542 1976 2586 tem
2031 2535 2332 2607 obtigisse,
2404 2538 2816 2596 intelleetilibus
2864 2551 3046 2598 autem
3096 2545 3450 2602 inferioribus

1868 2624 2208 2693 inferiorem,
2247 2637 2303 2682 et
2341 2630 2410 2683 ita
2444 2632 2680 2696 caeteris,
2714 2635 3011 2689 secundum
3038 2637 3194 2691 lineae
3217 2638 3447 2701 descen-

1866 2732 2004 2772 sum.
2044 2719 2322 2789 Siquidem
2349 2723 2472 2778 talis
2508 2725 2694 2794 epinio
2726 2727 2840 2781 vult
2879 2728 3077 2784 docere
3113 2732 3296 2786 omnia
3340 2748 3444 2786 non

1866 2825 1989 2866 esse
2024 2813 2267 2882 ejusdem
2315 2815 2598 2886 dignitatis
2624 2858 2638 2883 ,
2670 2819 2764 2874 sed
2797 2822 3040 2888 quaedam
3072 2837 3138 2879 ex
3168 2838 3227 2879 se
3259 2835 3448 2879 mutuo

1864 2903 2192 2974 dependere,
2233 2907 2378 2961 velut
2426 2907 2700 2976 subjectas
2741 2913 2948 2981 species
2996 2915 3062 2968 ab
3111 2915 3444 2970 universali-

1863 2998 1987 3052 bus.
2017 2997 2084 3052 Et
2114 2999 2230 3055 haec
2264 3001 2482 3071 quidem
2532 3004 2836 3074 aliquorum
2880 3015 2960 3059 est
3010 3007 3282 3061 sententia
3319 3031 3329 3062 :
3361 3019 3443 3063 to-

1865 3098 1950 3144 tus
1989 3105 2139 3158 vero,
2182 3104 2447 3162 quantum
2481 3109 2549 3148 ex
2578 3095 2758 3150 verbis
2791 3099 2928 3166 ipsis
2965 3099 3217 3169 conjicio,
3251 3115 3445 3155 sensus

1862 3183 1950 3238 hic
1987 3192 2070 3238 est
2107 3201 2120 3238 :
2168 3185 2312 3254 quod
2347 3201 2468 3240 cum
2514 3188 2802 3256 prasentia
2860 3189 3043 3243 dicant
3087 3205 3209 3244 esse
3258 3206 3442 3245 rerum

1865 3276 2217 3344 spiritalium,
2257 3278 2397 3332 sicut
2449 3295 2678 3349 magnus
2723 3281 3014 3349 Apostolus
3060 3297 3124 3336 ea
3168 3298 3289 3352 qua:
3317 3291 3446 3336 sunt

1863 3366 1999 3437 legis
2030 3371 2278 3422 umbram
2312 3369 2642 3438 appellavit,
2679 3370 2748 3424 ita
2775 3372 2879 3426 .bic
2909 3370 2999 3424 illa
3041 3370 3126 3427 bis
3163 3387 3444 3440 opponens

1861 3462 2192 3531 exemplaria
2226 3464 2460 3518 vocavit.
2515 3463 2728 3520 Idcirco
2779 3464 2925 3518 enim
2981 3463 3121 3518 dixit
3167 3465 3330 3517 etiam
3374 3467 3440 3518 ad

1860 3552 2090 3624 aliquid,
2127 3553 2309 3624 imago
2339 3554 2593 3610 videlicet
2627 3557 2694 3610 ad
2729 3555 3045 3622 exemplar,
3079 3566 3134 3608 et
3161 3555 3442 3624 exemplar

1859 3647 1930 3700 ad
1967 3648 2280 3716 imaginem.
2316 3649 2407 3702 Ait
2445 3650 2625 3718 itaque
2667 3649 2756 3702 hic
2799 3647 2978 3711 Pater,
3022 3651 3164 3718 quod
3198 3650 3242 3703 si
3274 3649 3438 3704 etiam
3529 3650 3536 3659 ’

1859 3739 1949 3794 ille
1980 3741 2313 3795 intellectilia
2353 3741 2636 3797 sensilium
2679 3743 3010 3813 exemplaria
3052 3744 3268 3798 vocavit
3305 3744 3442 3814 (vide

1858 3835 2018 3899 enim,
2063 3835 2272 3904 inquit,
2316 3835 2485 3904 facias
2520 3837 2810 3889 secundum
2851 3837 3117 3905 excutiatur
3160 3841 3301 3907 quod
3347 3838 3442 3891 tibi

1859 3937 2208 3980 monstratum
2261 3938 2337 3981 est
2374 3928 2458 3997 ο),
2519 3928 2706 3995 utique
2770 3944 2875 3982 non
2938 3939 3067 3983 sunt
3130 3929 3437 3984 istiusmodi

1856 4021 2190 4090 exemplaria
2226 4021 2568 4077 intellectilia
2608 4023 2696 4075 illa
2730 4063 2744 4088 ,
2791 4038 2912 4092 qua:
2957 4023 3122 4078 etiam
3161 4024 3435 4078 adoranda

1857 4117 1968 4170 sint
2002 4124 2062 4169 ut
2096 4116 2294 4169 divinae
2323 4116 2658 4182 voluntates,
2694 4132 2880 4170 verum
2901 4115 2990 4171 illa
3016 4132 3229 4186 quoque
3253 4127 3434 4171 creata

1856 4220 2016 4276 sunt,
2053 4209 2226 4278 deque
2263 4209 2328 4262 iis
2366 4211 2618 4264 audimus
2653 4210 2704 4263 id
2738 4209 2882 4279 quod
2919 4208 3130 4280 Moyses
3165 4209 3230 4263 de
3265 4210 3439 4263 sensi-

1856 4303 1994 4358 libus
2029 4301 2123 4356 Dei
2159 4303 2380 4355 nomine
2428 4301 2567 4354 dixit
2604 4318 2617 4353 :
2655 4299 2768 4353 Non
2825 4301 3039 4355 ostendi
3080 4298 3174 4352 tibi
3213 4300 3328 4353 haec
3378 4308 3436 4352 ut

1853 4397 2094 4452 ambules
2129 4388 2273 4464 post'
2297 4407 2360 4447 ea
2391 4431 2407 4454 ,
2453 4395 2546 4448 sed
2583 4405 2642 4448 ut
2677 4410 2769 4462 per
2801 4395 2915 4448 haec
2949 4396 3016 4446 ad
3053 4394 3103 4446 id
3138 4394 3279 4463 quod
3311 4408 3436 4446 vere

1852 4500 1934 4544 est
1989 4500 2044 4542 et
2089 4466 2414 4543 creatorem
2453 4487 2807 4540 adducantur.
2853 4485 3022 4557 M9
3068 4486 3200 4539 Cum
3263 4487 3429 4555 aliqui

1851 4582 2084 4651 gentiles
2118 4581 2396 4642 dixerint,
2451 4578 2598 4631 ideas
2649 4592 2770 4632 esse
2818 4580 3147 4646 exemplaria
3185 4594 3304 4648 quae
3339 4594 3433 4647 per

1853 4691 1910 4729 se
1944 4673 2284 4738 subsistunt,
2346 4673 2446 4727 bos
2497 4670 2737 4724 refutans
2771 4669 2896 4723 ait:
2937 4669 3050 4725 Nisi
3100 4671 3246 4724 enim
3297 4673 3431 4726 ideae

1853 4763 1936 4818 ba:
2001 4764 2249 4819 notiones
2321 4772 2504 4818 essent
2564 4762 2888 4831 simpliciter
2935 4773 2990 4814 et
3040 4761 3190 4814 unite
3239 4777 3433 4830 super-

1851 4869 2126 4923 expansae,
2174 4854 2645 4924 supereminenter
2687 4861 2744 4908 et
2777 4868 3105 4922 supraquam
3142 4856 3276 4908 uniti
3313 4854 3429 4919 Dei,

1854 4947 2045 5012 utique
2081 4947 2221 4998 Deus
2257 4944 2594 5013 compositus
2628 4954 2773 4998 esset
2805 4959 2872 4998 ex
2920 4945 3218 5015 exemplari
3254 4956 3308 5001 et
3342 4965 3429 5002 se-

1854 5039 1994 5109 ipso,
2047 5041 2190 5109 quod
2239 5041 2608 5110 duplicitatem
2658 5041 2984 5110 appellavit;
3034 5041 3216 5096 omnia
3267 5043 3432 5111 igitur

1853 5137 2042 5207 prima:
2089 5149 2266 5188 causa:
2314 5133 2637 5188 ascribcnda
2685 5144 2831 5188 sunt.
2883 5134 2988 5188 Sed
3043 5149 3238 5204 neque,
3285 5138 3427 5204 quod

1852 5228 2115 5298 partiales
2149 5239 2205 5282 et
2238 5227 2441 5282 diversi
2493 5227 2754 5295 temporis
2786 5227 2897 5280 sint
2930 5226 3153 5282 cﬂ'ectus
3177 5271 3190 5296 ,
3241 5230 3425 5282 statim

1851 5323 2239 5391 suspicandum
2291 5333 2374 5377 est
2395 5363 2410 5385 ,
2443 5337 2566 5376 esse
2602 5322 2900 5378 divisiones
2931 5323 3190 5393 quasdam
3237 5337 3336 5390 per
3369 5337 3427 5377 se

1852 5417 2213 5475 subsistentes
2241 5457 2255 5480 ,
2292 5421 2372 5469 vel
2409 5426 2564 5470 certe
2600 5418 2817 5486 proprie
2852 5416 3154 5471 intellectas
3187 5416 3239 5470 in
3278 5416 3421 5480 Deo;

1850 5510 1945 5563 sed
1982 5509 2138 5563 unica
2175 5517 2256 5563 est
2302 5510 2602 5578 eademque
2649 5509 2900 5564 eminens
2942 5511 3207 5564 universa:
3242 5509 3420 5562 unita-

1847 5602 1920 5656 tis
1971 5601 2136 5667 unio;
2187 5617 2308 5656 nam
2357 5601 2657 5655 secundum
2707 5617 2866 5655 unam
2918 5611 2972 5656 et
3018 5603 3262 5654 eamdem
3311 5616 3418 5653 non

1848 5694 2169 5765 simpliciter
2201 5695 2606 5764 simplicitatem
2629 5734 2642 5757 ,
2697 5694 2790 5749 sed
2824 5694 3172 5749 eminentiam
3211 5693 3419 5763 simpli-
