3866 6234
450 355 546 413 851
1622 375 1681 429 S.
1720 371 2020 427 DIONYSII
2055 371 2520 427 AREOPAGITE
3612 374 3705 430 853

439 485 662 552 citatis,
712 485 895 539 omnia
945 486 996 539 in
1044 487 1219 557 scipsa
1257 502 1363 543 non
1398 487 1572 543 solum
1608 490 1891 554 continet,
1928 506 1966 538 Vt

2178 489 2266 559 οῆς
2288 488 2515 553 ἑαυτῶν,
2550 490 2643 543 καὶ
2668 492 2764 562 τῆς
2787 490 3114 545 τελειοποιοῦ
3134 492 3242 554 ἀπὸ
3269 492 3366 563 τῆς
3383 492 3705 555 τελειώσεως

442 592 559 628 rum
607 578 775 631 etiam
836 577 1111 647 przehabet
1176 578 1516 647 przedeﬁnite
1567 582 1832 637 inchoans
1894 598 1969 653 prt

2178 580 2344 650 ιυτῆς.
2398 576 2532 634 Εἷπε
2576 581 2632 635 δὲ
2660 581 2837 647 τοῦτο,
2868 584 2991 637 ἐπεὶ
3022 583 3091 636 τὰ
3126 584 3301 637 πάντα
3346 586 3410 637 ὲκ
3441 584 3538 637 τοῦ
3581 584 3705 636 Θεοῦ

438 680 685 734 gressum
750 683 909 722 suum
981 667 1456 735 substantiﬁcum,
1521 679 1577 724 et
1640 680 1956 725 creaturaru

2180 672 2403 737 'évov'co,
2438 674 2532 726 καὶ
2558 673 2623 726 τά
2652 676 2827 729 πάντα
2861 675 2956 729 τοῦ
2982 676 3117 730 Θεοῦ
3154 677 3471 747 μετέχουσιν
3500 676 3707 740 οἰκείως

441 760 852 825 productionem
888 774 918 814 a
952 760 1036 814 sui
1075 761 1245 829 ipsius
1279 775 1425 827 esse,
1461 763 1602 817 sicut
1635 764 1801 818 etiam
1840 765 1968 833 ipsa:

2183 767 2354 829 ιυτοῖς,
2397 768 2490 819 καὶ
2527 767 2710 831 καθὼς
2755 768 2935 839 ἔχουσι
2978 770 3228 839 φύσεωςο
3266 773 3315 823 εί
3346 769 3447 841 μέν
3484 773 3594 823 εἱσι
3627 771 3710 840 μό-

436 849 862 905 viviﬁcationem
888 868 917 905 a
939 852 1020 905 sui
1051 852 1223 921 ipsius
1250 852 1385 921 vita,
1410 867 1465 907 et
1491 857 1957 911 consummatione

2180 878 2235 923 ιν,
2278 858 2386 911 ἀπὸ
2424 858 2517 911 τοῦ
2567 856 2706 915 εἶναι
2732 861 2825 914 τοῦ
2858 863 3003 916 θείου
3028 880 3040 892 ·
3071 864 3121 915 εί
3159 864 3215 915 δὲ
3241 862 3525 931 γνωστικά
3562 863 3707 923 εἰσιν,

443 957 469 993 ι
510 954 608 995 sua
652 942 1006 1011 perfectione.
1049 946 1194 1001 Dixit
1225 954 1403 1001 autem
1435 950 1537 1003 hoc
1559 989 1573 1012 ,
1612 951 1865 1018 quoniam
1898 965 1970 1003 on

2182 952 2233 1003 τὸ
2272 951 2371 1021 τῆς
2417 951 2567 1015 θείας
2620 952 2905 1021 γνώσεως·
2953 956 3000 1007 sl
3040 955 3096 1007 δὲ
3135 955 3227 1007 καὶ
3256 952 3442 1025 νοερὰ,
3482 952 3594 1007 ἀπὸ
3622 953 3709 1021 τῆς

438 1031 527 1085 .tia
554 1048 621 1087 ex
660 1032 768 1090 Deo
794 1034 934 1091 facta
964 1045 1111 1103 sunt,
1132 1048 1295 1107 atque
1327 1041 1509 1097 omnia
1544 1042 1738 1109 seipsis
1778 1044 1965 1112 prOprin

2192 1041 2275 1105 ίας
2310 1044 2404 1096 καὶ
2448 1043 2588 1114 ὑπὲρ
2632 1046 2814 1097 πᾶσαν
2852 1045 3037 1116 νόησιν
3076 1046 3334 1115 νοήσεως.
3376 1046 3639 1114 ’Δρχεται
3664 1043 3710 1094 δὲ

438 1124 573 1178 etin
611 1134 872 1195 quantum
908 1136 1156 1183 naturam
1186 1130 1413 1195 habent,
1448 1131 1613 1186 Deum
1656 1133 1965 1201 participatn

2185 1150 2224 1201 ις
2254 1134 2560 1187 οὺσιοποιοῦ
2607 1136 2857 1205 προόδου,
2901 1137 2983 1189 ότι
3028 1135 3258 1207 πρώτως
3291 1134 3623 1205 ἐπινοοῦμεν
3661 1136 3712 1186 τὸ

436 1218 481 1270 si
525 1218 741 1287 quidem
786 1229 995 1274 tantum
1052 1226 1367 1285 exsistant,
1401 1224 1732 1292 participant
1774 1225 1958 1279 divinu

2181 1224 2265 1275 val
2314 1241 2479 1288 τινος,
2531 1225 2626 1277 καὶ
2678 1221 2777 1279 εἷθ’
2827 1225 2970 1279 οὕτω
2992 1227 3052 1279 τὸ
3091 1226 3312 1279 τοιῶσδε
3352 1222 3499 1279 εἶναι
3533 1225 3708 1279 τοῦτο.

435 1322 595 1375 esse;
631 1310 675 1363 si
706 1320 1060 1379 cognoscant,
1104 1313 1347 1366 divinam
1382 1313 1850 1382 cognitionem;si
1885 1330 1951 1368 ve

2185 1314 2316 1367 >ίνυν
2354 1316 2557 1387 ἧρξατο
2598 1317 2699 1386 τῆς
2745 1318 3001 1389 τοιαύτης
3030 1318 3254 1389 προόδου
3293 1318 3401 1372 ἀπὸ
3444 1316 3543 1370 τοῦ
3586 1313 3712 1369 εἶναι

434 1400 599 1454 etiam
634 1401 975 1471 intelligant,
1022 1404 1265 1458 divinam
1297 1404 1721 1460 intellectionem
1756 1420 1877 1475 qua
1903 1421 1961 1461 on

2185 1408 2327 1477 ιυτῆς
2352 1426 2364 1437 ·
2410 1410 2509 1463 οὐκ
2533 1411 2691 1482 ἢρκει
2727 1411 2837 1483 γὰρ
2861 1414 2927 1482 τῇ
2964 1411 3282 1480 ἀγαθότητι,
3319 1411 3459 1481 μόνῃ
3490 1412 3559 1481 τῇ
3601 1410 3712 1477 περὶ

434 1509 561 1547 nem
595 1497 810 1550 excedit
842 1496 1285 1566 intelligentiam.
1328 1496 1561 1552 Inchoat
1608 1509 1787 1553 autem
1827 1515 1854 1552 a
1889 1502 1961 1555 sui

2186 1502 2331 1571 ιυτῆς
2378 1503 2785 1573 ἐνασχολεῖσθαι
2827 1503 3051 1574 θεωρίᾳ,
3082 1502 3193 1555 ἀλλ’
3234 1502 3341 1555 ἔδει
3365 1501 3605 1572 χ’.)θῆναι
3632 1502 3713 1553 καὶ

436 1584 712 1639 stantiﬁco
761 1602 1074 1655 progressu,
1110 1589 1367 1658 quoniam
1407 1590 1641 1658 primum
1669 1590 1963 1660 intelliginn

2133 1594 2349 1649 ὁδεῦσαι
2376 1596 2435 1648 τὸ
2461 1596 2662 1664 ἀγαθὸν
2685 1597 2765 1659 εἰς
2797 1595 3015 1649 πλείονα
3040 1595 3109 1648 τὰ
3126 1596 3584 1667 εὑεργετούμενα.

433 1692 557 1733 esse
598 1680 847 1748 alicujus,
891 1691 946 1737 et
984 1684 1177 1739 deinde
1226 1686 1306 1740 sic
1355 1686 1437 1740 vel
1485 1686 1664 1741 taliter
1712 1687 1841 1743 illud
1880 1704 2020 1744 esse.
2078 1689 2420 1763 Quapropter
2462 1692 2767 1748 istiusmodi
2826 1706 3172 1763 prOgressum
3215 1693 3497 1747 inchoavit
3534 1708 3567 1747 a
3638 1692 3710 1745 sui

435 1774 604 1842 ipsius
628 1788 786 1841 esse;
822 1791 928 1830 non
954 1778 1096 1831 enim
1122 1779 1255 1833 satis
1301 1789 1383 1834 est
1416 1782 1665 1847 bonitati,
1699 1784 1743 1837 si
1801 1784 1947 1839 circa
1997 1789 2344 1858 semetipsam
2378 1790 2612 1857 propria:
2662 1797 2816 1842 vacet
2869 1788 3339 1860 contemplationi,
3400 1787 3503 1843 sed
3562 1785 3711 1841 debe-

433 1869 526 1923 bat
559 1886 656 1939 per
689 1870 841 1941 plura
870 1873 1131 1929 beneﬁcia
1149 1874 1374 1929 diﬁ'undi
1403 1892 1465 1932 ac
1511 1880 1826 1949 propagari.

508 1964 535 2034 §
586 1962 651 2018 Χ.
714 1963 819 2019 Per
885 1968 1069 2020 omnia
1130 1977 1310 2022 autem
1366 1968 1610 2024 dimanat
1668 1973 2026 2040 providentia,

2206 1971 2233 2041 ᾗ
2263 1973 2329 2024 Χ,
2372 1970 2469 2023 Διά
2498 1970 2715 2023 πάντων
2754 1968 2810 2022 δὲ
2836 1970 2994 2038 φοιτᾷ
3021 1970 3087 2039 τῇ
3120 1966 3364 2038 προνοίᾳ,
3398 1968 3504 2020 καὶ
3548 1966 3710 2019 πάντα

433 2063 743 2124 cunctaque
775 2056 947 2126 replet
975 2059 1234 2125 essentia,
1268 2070 1323 2115 et
1366 2062 1419 2114 in
1456 2063 1617 2117 rebus
1642 2065 1897 2120 omnibus
1928 2066 1958 2120 d

2184 2069 2237 2135 λη
2249 2068 2332 2133 ροῖ
2354 2063 2447 2116 τοῦ
2481 2059 2641 2127 εἷναι,
2669 2062 2763 2116 καὶ
2790 2064 2883 2114 ἐπὶ
2915 2063 3049 2115 πᾶσι
3080 2064 3192 2123 τοῖς
3230 2056 3379 2114 οὖσιν
3408 2059 3711 2127 ἀγάλλεται.

434 2143 694 2199 lectatur.
733 2146 846 2202 lloc
894 2163 1020 2203 vero
1064 2149 1217 2212 dicit,
1256 2166 1363 2205 non
1410 2154 1554 2220 quod
1588 2153 1729 2208 Deus
1774 2154 1957 2210 aﬁ‘ecti

2189 2157 2303 2209 >ὖτο
2329 2157 2384 2211 δὲ
2413 2158 2581 2225 λέγει,
2609 2156 2708 2227 οὐχ
2736 2158 2818 2209 ὅτι
2847 2158 2875 2208 ὁ
2903 2155 3036 2217 Θεὸς
3077 2154 3247 2217 πάθος
3286 2153 3399 2225 ἔχει
3430 2156 3614 2225 χαρᾶς
3635 2154 3716 2205 καὶ

434 2252 561 2291 nem
597 2238 794 2294 habeat
822 2242 1001 2310 gaudii
1031 2252 1087 2297 et
1126 2243 1536 2309 exsultationis,
1568 2248 1661 2301 sed
1692 2263 1719 2299 a
1751 2249 1909 2303 nobis
1947 2250 1958 2302 i

2187 2246 2521 2311 ναλλιάσεως,
2556 2247 2670 2300 ἀλλ’
2695 2247 2791 2315 ἀφ’
2817 2246 2974 2317 ἡμῶν
2999 2246 3293 2318 χαιρόντων
3316 2248 3431 2309 τοῖς
3459 2246 3575 2300 τῶν
3601 2249 3714 2317 ἠμε-

434 2328 514 2383 sis
545 2330 910 2397 gaudentibus
950 2334 1017 2387 de
1048 2348 1276 2403 operum
1309 2345 1625 2391 nostrorum
1674 2340 1961 2409 perfection

2190 2357 2299 2410 ρων
2326 2339 2500 2410 ἔργων
2532 2338 2985 2409 ἀποτελέσμασιν,
3023 2338 3181 2410 είπερ
3219 2337 3359 2392 κατὰ
3392 2339 3563 2408 λόγον
3598 2356 3715 2411 προ-

435 2419 556 2485 bus,
611 2422 880 2491 siquidem
940 2426 1242 2481 secundum
1296 2430 1564 2484 rationem
1620 2432 1942 2500 procedant,

2183 2436 2299 2495 ιῖεν,
2328 2434 2420 2486 καὶ
2451 2433 2719 2503 μηδεμίαν
2751 2431 2971 2503 μομφὴν
2998 2431 3194 2502 ἔχοιενο
3232 2431 3392 2485 τοῦτο
3434 2433 3559 2503 γάρ
3606 2435 3710 2487 ἐστι

437 2513 642 2567 nullam
692 2516 973 2571 incurrant
1026 2520 1552 2589 reprehensionem;
1609 2525 1709 2577 hoc
1747 2524 1892 2578 enim
1924 2524 1964 2578 si

2193 2528 2222 2578 ἡ
2244 2528 2276 2596 ὴ
2301 2525 2451 2597 παρὰ
2478 2528 2542 2596 τῇ
2584 2525 2704 2595 θεία
2743 2526 2837 2577 καὶ
2872 2526 2994 2595 ἱερᾷ
3030 2524 3217 2595 Γραφῇ
3260 2524 3377 2595 μετ’
3421 2526 3720 2587 ὲπιτάσεως

435 2616 653 2673 quoque
688 2604 801 2658 vult
838 2606 928 2661 illa
960 2622 1084 2682 quae.
1117 2608 1170 2662 in
1210 2610 1395 2664 divina
1443 2624 1708 2680 sacraque
1737 2613 1957 2683 Scripta

2193 2619 2406 2687 είκρισις
2428 2660 2442 2681 ,
2484 2618 2543 2670 τὸ
2562 2658 2575 2682 ,
2622 2617 2775 2671 Ἰδοὺ
2818 2615 2973 2670 καλὰ
3000 2617 3162 2669 λίαν.
3188 2616 3494 2686 Σύμφωνον
3523 2617 3720 2678 τούτοις

437 2696 657 2751 additur
690 2697 1012 2765 approbatio
1063 2719 1073 2751 ε
1128 2698 1261 2753 Ecce
1314 2700 1451 2755 bona
1506 2703 1760 2757 valded-O.
1816 2704 1964 2770 Quibi

2293 2736 2297 2759 ι
2320 2710 2469 2782 παρά
2493 2709 2570 2781 τῷ
2599 2709 2729 2781 θείῳ
2763 2708 2947 2773 Δαϐὶδ,
2968 2708 3464 2777 Εὐφρανθήσεται
3491 2713 3719 2778 Κύριος.

435 2790 693 2857 congruit
734 2799 791 2845 et
827 2790 957 2846 illud
1006 2792 1172 2847 divini
1204 2793 1424 2850 Davidis
1458 2797 1692 2853 dicentis
1730 2822 1740 2852 :
1792 2794 1962 2853 Lwtab

2293 2823 2319 2870 ι,
2362 2806 2457 2859 ἐπὶ
2485 2804 2607 2870 τοῖς
2622 2804 2815 2873 ἔργοις
2830 2802 3038 2857 αὑτοῦ·
3059 2802 3152 2855 καὶ
3170 2801 3229 2854 τὸ
3250 2801 3343 2854 τοῦ
3356 2802 3721 2873 Σολομῶντος,

435 2889 525 2931 tur
551 2879 807 2933 Dominus
850 2883 905 2934 in
954 2886 1197 2950 operibus
1241 2888 1351 2940 suis
1408 2886 1471 2953 ¹;
1510 2888 1749 2957 illudque
1780 2890 1961 2944 Salotn

2308 2900 2469 2969 ἥμην
2492 2896 2527 2966 ᾖ
2548 2895 2930 2967 προσέχαιρε.
2954 2894 3065 2949 Kal.
3080 2894 3209 2963 γοῦν
3236 2894 3426 2965 ὥσπερ
3452 2897 3615 2968 φωνὴ
3641 2897 3723 2966 μία

438 2976 570 3031 nis:
638 2974 751 3044 Ego
784 2990 928 3029 eram
955 2979 1040 3031 cui
1075 2980 1464 3047 congaudebat.
1518 2982 1731 3035 Etenim
1790 2991 1850 3035 ut
1898 2999 1962 3036 vo

2301 2994 2451 3065 παρὰ
2499 2991 2710 3045 πολλῶν
2758 2988 2961 3055 ἀκοῶν,
3007 2990 3243 3060 μένουσα
3273 2988 3369 3041 καὶ
3398 2988 3573 3043 πάλιν
3619 2989 3723 3059 μία,

437 3081 562 3121 cum
600 3080 705 3120 una
752 3069 843 3132 sit,
890 3083 920 3120 a
958 3069 1146 3123 multis
1186 3086 1405 3141 quoque
1445 3072 1694 3140 auribus,
1731 3076 1783 3128 in
1818 3089 1877 3129 se
1920 3092 1964 3130 υι

2293 3104 2439 3157 [εται,
2469 3086 2528 3137 οὐ
2566 3082 2848 3155 προτέρως
2879 3099 2972 3135 και
2999 3081 3260 3153 ὑστέρως,
3294 3080 3354 3132 οὐ
3384 3082 3723 3152 μεμερισμέ-

444 3175 663 3216 rursum
712 3174 1093 3229 perseverans,
1138 3178 1243 3217 non
1288 3165 1439 3234 prius
1492 3181 1668 3235 neque
1732 3170 1971 3237 posteriu

2196 3197 2255 3243 ις,
2287 3179 2387 3231 οὑκ
2409 3176 2510 3230 ἀνὰ
2545 3176 2708 3247 μέρος
2742 3174 2860 3245 μὲν,
2887 3172 3145 3236 ὁλοτελῶς
3165 3172 3241 3235 δὲ,
3262 3171 3398 3224 ἀλλὰ
3426 3174 3532 3225 καὶ
3562 3173 3723 3225 ὁλοτε-

437 3267 617 3322 neque
665 3252 879 3309 divisim
930 3268 1107 3321 neque
1150 3254 1476 3322 partialiter,
1534 3258 1629 3312 sed
1668 3260 1900 3329 integre,
1933 3278 1964 3313 sl

2193 3269 2259 3331 ὃς,
2294 3269 2389 3320 καὶ
2438 3266 2692 3330 καθόλου,
2742 3266 2835 3318 καὶ
2880 3266 3016 3334 ἅμα,
3065 3265 3160 3317 καὶ
3192 3263 3458 3326 ὡσαύτως
3512 3264 3594 3328 ὡς
3623 3264 3720 3334 μία·

443 3344 689 3399 totaliter
719 3353 774 3399 et
802 3360 871 3401 ex
920 3356 1051 3411 toto,
1099 3357 1154 3401 et
1193 3347 1359 3400 simul
1408 3358 1465 3403 et
1502 3351 1696 3405 eodem
1750 3355 1931 3417 modo,

2293 3360 2427 3432 πρὸς
2448 3360 2663 3413 πάντων
2680 3359 2773 3411 καὶ
2790 3358 2850 3410 τὸ
2863 3357 3015 3409 Θεῖον
3046 3355 3336 3427 μετέχεται
3354 3356 3564 3420 ἑνικῶς
3574 3374 3632 3409 τε
3649 3356 3727 3408 καὶ

443 3452 549 3491 una
583 3438 912 3507 percipitur;
957 3440 1039 3495 sic
1087 3439 1252 3512 5.50
1290 3443 1455 3496 etiam
1490 3442 1635 3499 Deus
1674 3445 1835 3501 unice
1864 3456 1920 3502 et
1951 3448 1964 3501 i

2197 3453 2415 3516 οτελῶς,
2450 3452 2543 3505 καὶ
2560 3451 2700 3521 ἀρχή
2722 3452 2837 3503 ἐστι
2866 3450 3108 3511 πάντων,
3133 3449 3208 3511 ὡς
3237 3447 3433 3512 αἴτιον,
3468 3450 3574 3501 καὶ
3594 3447 3724 3508 τέλος

443 3538 601 3597 tegrc
624 3529 694 3583 ab
730 3530 986 3583 omnibus
1015 3532 1396 3600 participatur,
1439 3535 1791 3606 omniumque
1834 3537 1970 3605 print

2196 3568 2209 3613 ;
2236 3544 2296 3601 οὗ
2322 3547 2503 3599 ἕνεκα·
2532 3545 2709 3597 πάντα
2729 3541 3009 3611 γὰρένεκα
3023 3540 3180 3605 Θεοῦ,
3196 3539 3308 3593 ἀλλ’
3330 3540 3393 3591 οὐ
3412 3539 3510 3593 διὰ
3528 3540 3723 3612 χρείαν,

441 3619 592 3686 pium
647 3628 756 3684 est,
810 3629 1071 3691 tanquam
1123 3638 1314 3690 causa,
1359 3623 1482 3679 ﬁnis
1524 3638 1583 3680 ut
1627 3627 1783 3697 cujus
1839 3642 1967 3682 caus

2198 3642 2251 3694 ,λ’
2274 3640 2604 3710 ἀγαθὸτητα’
2635 3638 2729 3691 καὶ
2750 3638 2921 3707 πέρας
2944 3634 3179 3697 πάντων,
3198 3634 3361 3687 οἱονεὶ
3383 3651 3452 3687 πε
3460 3634 3725 3705 ριεκτικὸν

442 3725 568 3763 nam
602 3711 787 3765 omnia
821 3721 1043 3781 propter
1087 3713 1255 3768 Deum
1294 3725 1445 3780 sunt,
1492 3731 1684 3770 verum
1743 3733 1852 3774 non
1906 3734 1969 3787 pr

2200 3736 2230 3786 L‘t
2246 3735 2389 3804 ὄρος.
2423 3731 2587 3784 Οὐδὲν
2604 3730 2712 3800 γὰρ
2733 3727 2973 3781 ἐκϐαίνει
2987 3727 3087 3797 τὴν
3111 3725 3274 3779 αὐτοῦ
3294 3726 3627 3779 δυναστείαν
3650 3725 3727 3777 καὶ

443 3810 564 3870 pter
594 3804 1018 3870 necessitatem,
1066 3807 1159 3860 sed
1196 3820 1420 3877 propter
1449 3809 1787 3876 bonitatem;
1824 3820 1880 3865 et
1910 3811 1970 3864 ﬁt:

2200 3826 2422 3877 >όνοιαν.
2467 3821 2582 3875 ἀλλ’
2614 3823 2693 3883 εἰς
2728 3820 2861 3873 αὐτὸ
2896 3819 2964 3873 τὰ
3010 3817 3187 3871 πάντα
3221 3816 3619 3887 περατοῦν-ται,
3649 3817 3727 3868 ml.

444 3893 692 3947 omnium
728 3904 835 3964 est,
870 3905 929 3948 ut
963 3896 1055 3965 qui
1088 3898 1332 3952 continet
1364 3910 1421 3954 et
1462 3900 1722 3955 terminat
1752 3902 1971 3957 univcrs

2199 3918 2364 3989 τειρία
2398 3916 2579 3987 πάσης
2606 3913 2861 3983 ἀπειρίας
2910 3913 3006 3964 καὶ
3046 3911 3300 3981 πέρατος*
3349 3908 3413 3973 ὲξ
3468 3910 3596 3963 ἴσου
3634 3910 3726 3977 γὰρ

445 3983 592 4042 Nihil
620 3986 767 4040 enim
814 3997 1145 4056 potestatem
1184 4005 1248 4044 ae
1286 3990 1687 4060 providentiam
1738 3992 1855 4061 ejus
1899 3992 1972 4046 ei!

2197 3983 2659 4064 toisimvmt'xa‘t
2693 4008 2727 4076 ἠ
2760 4003 2988 4075 ἀπειρία
3019 4005 3112 4056 καὶ
3151 4004 3213 4055 τὸ
3242 4003 3421 4073 πέρας
3449 4005 3561 4074 τῆς
3594 4003 3724 4061 θείας

448 4081 554 4147 git,
603 4078 698 4133 sed
739 4078 793 4133 in
848 4081 966 4151 ipso
1017 4092 1212 4136 cuncta
1267 4084 1650 4151 terminantur,
1695 4094 1751 4140 et
1797 4083 1973 4139 inlinit

2198 4103 2419 4175 πειρίας,
2452 4099 2704 4168 καθάπερ
2746 4096 2897 4169 ἡλίου
2936 4098 3033 4150 καὶ
3060 4095 3291 4167 οὐρανοῦ
3330 4097 3380 4147 οἱ
3420 4096 3569 4166 πρὸς
3608 4094 3725 4149 αὐτὰ

449 4170 631 4227 omnis
659 4170 951 4229 inﬁnitatis
997 4189 1062 4228 ac
1115 4175 1516 4232 terminationis
1555 4176 1807 4241 exsistit;
1849 4192 1976 4246 aequ:

2196 4170 2448 4256 λέποντα,
2480 4192 2512 4263 ἢ
2549 4190 2747 4262 μᾶλλον
2781 4190 2875 4243 καὶ
2907 4188 3100 4253 πλέον,
3130 4188 3225 4241 καὶ
3251 4187 3614 4257 ὑπερέκεινα,
3645 4187 3723 4239 καὶ

450 4266 580 4320 liter
606 4266 752 4320 enim
786 4266 1055 4321 deﬁciunt
1097 4281 1206 4321 tam
1249 4266 1488 4322 inﬁnitas
1530 4284 1692 4336 quam
1724 4270 1977 4329 terminat

2198 4285 2383 4356 τείρως
2407 4282 2813 4336 ἀπολείπονται.
2858 4279 3017 4332 Ἀλλὰ
3039 4279 3124 4343 τίς
3155 4280 3188 4349 ἡ
3224 4280 3283 4331 ὲν
3308 4280 3423 4342 τοῖς
3448 4279 3581 4332 καθ’
3602 4278 3725 4348 ἡμᾶς

449 4374 481 4411 a
538 4357 723 4413 divina
779 4358 1071 4427 inﬁnitate,
1127 4359 1271 4413 sicut
1312 4375 1342 4414 a
1387 4360 1502 4416 sole
1541 4375 1609 4417 ac
1641 4362 1778 4417 cmlo
1805 4362 1899 4432 qui
1948 4364 1976 4417 il

2196 4377 2365 4448 τειρία
2386 4394 2399 4441 ;
2419 4375 2577 4429 Εἴποι
2606 4391 2691 4437 τις
2712 4374 2795 4427 ἄν·
2845 4373 2909 4426 Ἡ
2936 4372 3036 4442 ὖλη
3065 4373 3098 4442 ἡ
3127 4371 3217 4423 ἀεὶ
3250 4369 3723 4441 μετασχηματιζοο

454 4452 757 4516 intuentur,
788 4452 871 4506 vel
910 4454 1089 4520 potius
1119 4453 1283 4506 etiam
1323 4455 1497 4524 magis
1528 4464 1584 4509 et
1628 4457 1907 4511 excessive
1953 4472 1981 4509 a

2196 4466 2301 4537 ἕνη,
2330 4468 2424 4520 xal.
2454 4464 2642 4519 ἄλλοτε
2678 4466 2757 4527 εἰς
2787 4462 2920 4517 ἄλλα
2964 4462 3077 4533 εῐδη
3121 4460 3565 4532 μεταϐάλλουσα.
3608 4458 3723 4513 Ἀλλ’

452 4557 562 4609 que
592 4542 804 4599 inﬁnite
842 4544 1123 4599 deﬁciunt.
1159 4544 1357 4598 Verum
1394 4562 1642 4614 quaenam
1676 4558 1760 4602 est
1797 4550 1849 4602 in
1876 4550 1979 4604 rebl

2196 4559 2239 4613 iv
2272 4560 2366 4613 καὶ
2385 4559 2525 4629 αὕτη
2561 4560 2619 4611 ὲν
2640 4556 2720 4627 τῷ
2748 4555 2868 4625 Θεῷ
2892 4554 3257 4625 πεπέρασται,
3294 4555 3342 4606 εί
3380 4554 3477 4606 καὶ
3512 4552 3723 4612 icturi;

455 4635 797 4690 nostratibus
831 4636 1111 4691 inﬁnitas?
1142 4636 1199 4691 Si
1230 4638 1375 4691 dicat
1403 4639 1527 4706 quis
1565 4641 1869 4705 materiam,
1918 4656 1982 4710 qu

2197 4668 2263 4703 ττι
2287 4650 2379 4703 καὶ
2402 4650 2674 4721 ἀόριστος.
2719 4647 2877 4701 Ἔστι
2916 4643 3047 4714 γοῦν
3075 4645 3138 4697 τὸ
3170 4644 3326 4697 Θείον
3360 4644 3619 4714 ἀπειρία,
3649 4641 3724 4693 καὶ

455 4742 676 4797 semper
718 4730 1143 4800 transﬁguratur
1190 4743 1354 4801 atque
1405 4733 1459 4786 in
1500 4734 1635 4788 alias
1691 4744 1856 4804 atque
1904 4734 1975 4787 ali

2195 4744 2248 4813 ῆς
2285 4709 2542 4814 ἀπειρίας
2561 4783 2575 4807 ,
2615 4709 2715 4811 οὐχ
2739 4739 2814 4802 ὡς
2855 4734 3471 4807 μετασχηματιζόμενον
3495 4736 3620 4788 κατ’
3644 4732 3722 4786 αὑ-

454 4818 662 4873 formas
712 4830 1144 4889 transmittatur;
1208 4824 1359 4893 atqui
1394 4826 1512 4880 hzec
1560 4826 1674 4895 ipsa
1721 4841 1938 4896 quoque

2193 4837 2269 4907 ἧς,
2308 4835 2421 4888 ἀλλ’
2459 4834 2535 4898 ὡς
2573 4834 2667 4887 καὶ
2702 4830 2909 4901 ταύτην
2950 4829 3009 4895 ἐξ
3049 4829 3152 4881 οὐκ
3190 4826 3360 4880 ὅντων
3393 4824 3720 4897 παραγαγεῖν.

456 4911 568 4965 Deo
600 4915 947 4981 terminatur,
975 4924 1326 4985 quantumvis
1370 4918 1642 4973 instabilis
1676 4920 1752 4973 sit
1788 4929 1846 4974 et
1865 4920 1983 4989 ,indt

2197 4926 2333 4979 ίπὼν
2354 4926 2410 4979 δὲ
2430 4924 2682 4996 ἀπειρίας
2711 4923 2805 4975 καὶ
2826 4920 3081 4991 πέρατος,
3106 4918 3239 4989 φησὶ
3262 4916 3371 4969 τῶν
3393 4917 3472 4979 ὡς
3502 4918 3722 4969 dumm—

459 5006 636 5059 linita.
661 5005 756 5061 Est
793 5008 975 5075 itaque
1019 5010 1160 5063 Deus
1208 5009 1451 5066 inﬁnitas
1505 5012 1668 5065 etiam
1723 5012 1982 5067 inﬁnitati

2191 5017 2346 5070 ένων·
2370 5017 2429 5069 οὐ
2457 5015 2567 5086 γὰρ
2587 5013 2789 5084 κυρίως
2809 5011 2986 5065 ταῦτα
3014 5011 3091 5074 ὡς
3106 5010 3221 5076 ἕξις
3244 5008 3341 5061 καὶ
3363 5008 3630 5079 στέρησις
3642 5008 3718 5059 ἁν-

459 5114 569 5152 non
618 5099 774 5168 quasi
831 5104 1130 5156 secundum
1181 5116 1240 5158 se
1272 5103 1713 5171 transformetur,
1750 5107 1848 5161 sed
1893 5122 1986 5177 qut

2193 5111 2431 5171 ἱκεινται,
2463 5108 2591 5180 (ἔδει
2621 5106 2730 5177 γὰρ
2752 5103 2987 5174 φανῆναί
3022 5120 3153 5156 ποτε
3174 5102 3271 5171 τὴν
3308 5100 3447 5165 ἕξιν,
3490 5102 3647 5171 εἴπερ
3668 5094 3720 5166 ἦν

464 5195 607 5247 hanc
634 5208 703 5248 ex
734 5192 905 5247 nihilo
949 5196 1234 5262 producat.
1278 5195 1473 5251 Dicens
1523 5208 1706 5253 autem
1753 5199 1986 5253 inﬁnitat

2188 5202 2324 5265 οὖτο,
2361 5202 2457 5253 καὶ
2492 5198 2635 5251 οὕτω
2667 5196 2921 5265 γενέσθαι
2949 5195 3048 5266 τὴν
3077 5194 3381 5266 στέρησινο)
3421 5192 3563 5245 ἀλλὰ
3609 5189 3715 5262 μᾶλ-

460 5296 517 5340 et
544 5284 976 5350 terminationis,
1010 5287 1087 5339 ait
1130 5288 1271 5340 sicut
1308 5289 1711 5358 oppositorum;
1748 5306 1853 5345 non
1894 5294 1980 5346 eni

2189 5314 2238 5350 av
2262 5296 2338 5359 ὡς
2368 5293 2673 5363 κατάφασις
2712 5292 2806 5344 καὶ
2843 5290 3115 5359 ἀπόφασις
3140 5287 3496 5342 ἀντίκεινται·
3526 5285 3716 5353 λέγεται

462 5382 578 5434 ιιωο
630 5379 851 5450 pr0prie
899 5378 1045 5433 sicut
1074 5379 1293 5434 habitus
1337 5389 1390 5434 et
1426 5383 1660 5450 privatio
1692 5395 1989 5452 opponuntt

2189 5386 2258 5458 ἀρ
2287 5375 2409 5439 καθ’
2441 5384 2552 5449 ἕξιν
2583 5384 2676 5437 καὶ
2701 5382 2977 5453 στέρησιν,
3006 5381 3206 5433 νοεῖται
3236 5378 3295 5431 δὲ
3328 5377 3475 5430 κατὰ
3500 5376 3716 5441 κατάφαν

463 5474 774 5544 (oportebat
814 5473 958 5527 enim
1012 5488 1278 5543 apparere
1321 5474 1622 5543 aliquando
1665 5476 1939 5543 habitum,
1968 5493 1990 5531 s

2190 5496 2236 5531 ιν
2271 5478 2362 5530 καὶ
2389 5477 2682 5545 ἀπόφασιν.
2719 5475 2979 5543 Ἄπειρον
3006 5471 3117 5542 γὰρ
3152 5471 3369 5539 λέγεται
3402 5469 3468 5522 τὸ
3504 5468 3583 5539 μὴ
3620 5466 3715 5535 ἔχον

464 5568 684 5635 quidem
712 5567 758 5621 is
785 5575 923 5630 erat,
955 5574 1005 5619 et
1030 5566 1111 5620 sic
1145 5565 1261 5619 ﬁeri
1288 5567 1837 5639 privationem),quin‘
1860 5572 1991 5638 potit

2187 5571 2345 5641 εέρας,
2361 5570 2421 5623 οὐ
2446 5570 2506 5622 τὸ
2528 5567 2786 5639 στερηθὲν
2812 5567 3065 5636 πέρατος·
3091 5567 3148 5618 ὲν
3164 5564 3247 5616 ἐνὶ
3266 5563 3475 5633 μέντοι,
3501 5556 3714 5631 δηλονότι

467 5671 819 5729 opponuntur
877 5661 1014 5715 sicut
1085 5659 1372 5717 alﬁrmatio
1432 5672 1487 5717 ct
1554 5665 1790 5734 negatio.
1836 5664 1994 5721 Dicitt

2189 5668 2387 5733 νιαίως,
2421 5665 2496 5730 ὼς
2525 5663 2785 5729 πολλάκις
2807 5662 3045 5735 εἴρηται,
3078 5659 3148 5713 τὰ
3176 5657 3356 5712 πάντα
3384 5655 3415 5708 ὁ
3447 5652 3605 5719 Θεὸς,
3644 5645 3716 5703 κά

503 5831 735 5892 “Gen.
772 5854 810 5903 ι,
850 5839 972 5912 51.-
1020 5838 1209 5894 ίΡδίιῐ.
1243 5854 1357 5906 Clll,
1394 5840 1487 5894 5|.

466 6104 511 6143 ι
