3866 6234
188 356 301 411 853

771 368 860 425 DE
896 369 1151 432 DlVlNlS
1182 376 1587 443 NOMINIBUS,
1627 379 1778 435 CAP.

1928 413 1995 423 -
2029 381 2377 438 ranarum.
2413 374 2886 443 PACHYME‘M.

3366 388 3507 447 εει·

190 476 422 549 προέχει
458 482 538 546 ὡς
587 484 779 553 αἴτιος,
823 492 919 543 καὶ
959 493 1268 567 ὑπέστησεν
1306 498 1379 564 ὼς
1411 498 1660 571 ποιητὴς,
1694 501 1781 554 καί

1892 502 2040 557 enim
2076 503 2374 559 secundum
2410 505 2654 560 habitum
2684 514 2740 562 et
2782 504 3166 576 privationem,
3214 506 3475 580 intelligi-

188 572 391 645 παρὼν
412 575 614 646 ὁμοίως
635 581 749 643 τοῖς
768 582 902 635 πᾶσι
920 586 1014 639 καὶ
1043 588 1339 659 πανταχοῦ·
1375 591 1469 644 καὶ
1494 593 1586 646 ἐπὶ
1610 592 1788 646 πάντα

189 664 413 734 πρόεισι
446 668 511 737 τῇ
544 673 850 742 συστατικῇ
894 674 1141 747 προνοίᾳ,
1173 678 1268 731 καὶ
1295 678 1381 748 ἐφ’
1415 680 1608 733 ἑαυτοῦ
1639 678 1786 751 μένει

183 754 269 818 ὡς
296 755 439 827 ὑπὲρ
473 758 653 813 πάντα
681 760 758 814 ὢν
783 763 876 816 καὶ
905 764 1130 835 μηδενὸς
1152 768 1427 841 δεόμενος.
1458 770 1569 825 Καὶ
1599 770 1788 837 ἑστώς

186 848 315 900 δστι
352 847 433 918 τῷ
470 849 612 904 κατά
646 854 811 923 μηδὲν
853 856 991 921 ὅλως
1032 861 1090 912 ὲν
1121 861 1270 933 αὐτῷ
1310 862 1455 935 ἴχνος
1487 862 1788 936 μεταϐολῆς

186 937 538 1010 θεωρεῖσθαι·
564 944 659 997 καὶ
680 948 1035 1017 κινούμενος
1067 951 1231 1007 πάλιν
1254 956 1313 1007 ἐν
1340 953 1419 1025 τῷ
1448 955 1691 1027 συνέχειν
1721 955 1788 1010 τὰ

187 1028 329 1084 ὄντα
359 1034 453 1087 καί
483 1040 829 1108 συγκρατεῖν.
864 1042 976 1095 Καὶ
1015 1038 1171 1109 αὖθις
1211 1047 1270 1099 οὺ
1309 1048 1485 1102 ταῦτά
1511 1051 1680 1115 ἐστιν,
1705 1050 1787 1102 δτι

184 1125 335 1195 ὑπὲρ
354 1125 545 1180 ταῦτα·
572 1130 784 1202 κίνησις
810 1133 920 1205 γὰρ
950 1135 1143 1208 ἀτελὴς
1168 1139 1420 1210 ἐνέργειά
1440 1144 1577 1196 ἐστι·
1599 1144 1787 1207 στάσις

179 1215 249 1268 δὲ
280 1219 313 1288 ἡ
351 1219 698 1274 παντάπασιν
726 1224 1003 1298 ἀκινησία·
1033 1230 1173 1300 ἥτις,
1205 1233 1252 1284 εἰ
1285 1231 1420 1302 μετὰ
1450 1233 1550 1304 τὴν
1573 1234 1788 1304 κίνησιν

180 1305 425 1373 γένοιτο,
453 1310 659 1382 ἠρεμία
699 1312 766 1368 ἂν
790 1315 1039 1390 κληθείη.
1076 1321 1148 1374 Τὸ
1172 1324 1344 1375 κακοῦ
1370 1319 1510 1378 εἶναι
1536 1324 1596 1377 τὸ
1632 1324 1786 1378 Θεῖον

182 1401 338 1475 ὑπὲρ
364 1404 464 1475 τὴν
502 1406 666 1477 ἀτελῆ
693 1409 1000 1482 ἐνέργειαν,
1032 1414 1273 1487 εὔδηλον·
1315 1419 1395 1471 ὅτι
1435 1420 1491 1474 δὲ
1528 1423 1619 1477 καὶ
1647 1424 1787 1497 ὑπὲρ

178 1496 374 1548 πᾶσαν
402 1498 708 1569 ἀκινησίαν,
737 1500 895 1572 δῆλον
926 1506 990 1558 ὲκ
1010 1506 1103 1560 τοῦ
1130 1508 1199 1562 τὰ
1232 1510 1407 1565 πάντα
1438 1511 1582 1585 ἔχειν
1612 1496 1784 1589 Omp-

178 1587 398 1659 οχικῶς
421 1629 437 1654 ,
468 1591 563 1644 καὶ
608 1593 669 1645 οὐ
702 1592 886 1659 καθώς
920 1598 1025 1651 εἰσι
1058 1599 1151 1651 καὶ
1177 1601 1440 1656 νοοῦντας.
1468 1605 1529 1659 Εἰ
1558 1604 1666 1678 γὰρ
1691 1587 1786 1662 καὶ

178 1680 313 1736 λίαν
347 1683 562 1756 συνᾴδει
594 1686 686 1739 ἐπὶ
707 1686 841 1739 Θεοῦ
868 1688 929 1742 τὸ
963 1693 1311 1747 παντάπασιν
1351 1696 1626 1769 ἀκίνητον,
1652 1700 1786 1755 ἀλλὰ

179 1774 288 1827 καὶ
315 1774 473 1829 τοῦτο
500 1777 841 1850 ὑπεροχικῶς
876 1783 991 1836 ἐστί
1019 1801 1077 1837 τε
1096 1787 1191 1839 καὶ
1227 1790 1428 1844 νοεῖται
1451 1793 1508 1845 ἐν
1540 1792 1618 1864 τῷ
1645 1793 1781 1865 Θεῷ.

179 1867 309 1921 Οὐκ
334 1867 393 1922 ἐν
424 1887 529 1923 τινι
566 1871 674 1925 τῶν
712 1872 881 1928 ὄντων
917 1875 1085 1931 πάλιν
1120 1880 1238 1934 ἐστὶ
1280 1881 1369 1936 διὰ
1401 1883 1463 1937 τὸ
1515 1886 1574 1939 ἐν
1614 1889 1781 1942 πᾶσιν

177 1957 441 2029 ἄσχετον·
470 1962 622 2017 οὐδὲν
645 1968 915 2039 προσήκει
956 1969 1131 2042 τούτῳ
1163 1971 1274 2026 τῶν
1299 1976 1553 2043 αἰωνίων,
1578 1979 1661 2032 ὅτι
1686 1980 1780 2033 καὶ

175 2050 301 2104 τῶν
322 2053 535 2108 αἰώνων
561 2060 790 2131 ποιητής
814 2063 981 2117 ἐστιν·
1024 2064 1174 2118 οὐδὲν
1202 2066 1312 2121 τῶν
1337 2068 1441 2122 ὑπὸ
1469 2071 1679 2142 χρόνον,
1697 2074 1779 2127 ότι

176 2144 286 2238 καὶ
317 2146 524 2217 χρόνων
550 2152 800 2224 ποιητής.
838 2154 1042 2209 Αἰώνια
1068 2156 1123 2210 δὲ
1157 2158 1304 2229 λέγει
1334 2160 1435 2226 τὰς
1465 2164 1658 2238 νοερὰς
1688 2167 1778 2221 δυ-

178 2236 389 2331 νάμεις
409 2239 485 2304 ὡς
510 2241 703 2308 αἰῶνος
734 2248 1089 2319 μετεχούσας,
1119 2252 1215 2306 καὶ
1231 2252 1317 2306 διὰ
1344 2254 1407 2308 τὸ
1436 2256 1536 2327 τῆς
1559 2236 1666 2331 rapo
1685 2260 1779 2313 τοῦ

179 2329 387 2399 χρόνου
425 2332 643 2401 φύσεως
678 2339 932 2406 γενέσθαι
966 2342 1155 2408 αὑτάς·
1194 2344 1385 2417 χρόνος
1414 2348 1522 2420 γὰρ
1549 2329 1656 2404 dab
1680 2353 1781 2422 τῆς

176 2424 424 2495 οὐρανοῦ
456 2430 551 2483 καὶ
590 2431 692 2503 γῆς
724 2434 1000 2506 ποιήσεως
1021 2437 1357 2510 ἀριθμεῖται.
1395 2444 1469 2497 Τὸ
1495 2445 1586 2509 δὲ,
1616 2447 1780 2500 Οὐδὲν

180 2521 462 2592 προσήκει
486 2524 681 2596 τούτῳ,
719 2528 840 2581 κατ’
873 2529 1061 2583 οὐσίαν
1088 2531 1297 2603 νόησον,
1331 2536 1426 2590 καὶ
1446 2537 1505 2589 οὐ
1538 2538 1659 2591 κατ’
1685 2539 1780 2593 ἀλ-

176 2607 293 2681 λην
328 2611 453 2666 τινὰ
493 2613 721 2685 ἔννοιαν,
755 2613 864 2673 οἷον
891 2621 1293 2696 κυϐερνήσεως,
1320 2629 1415 2683 καὶ
1446 2630 1777 2699 συστάσεως,

179 2705 290 2757 καὶ
343 2704 452 2759 τῶν
494 2710 771 2767 τοιούτων.
820 2714 1132 2786 Σημείωσαι
1187 2718 1243 2772 δὲ
1276 2721 1544 2788 ἐντεῦθεν,
1592 2724 1676 2778 ὅτι
1720 2725 1782 2779 τὸ

180 2792 428 2865 ᾶναρχον
456 2798 550 2851 καί
577 2798 813 2865 αἰώνιον,
844 2803 903 2855 οὐ
945 2804 1053 2875 μὴν
1082 2805 1149 2868 ,δὲ
1180 2808 1288 2860 πᾶν
1324 2808 1391 2861 τὸ
1426 2808 1644 2873 αἰώνιον
1686 2813 1781 2865 καὶ

178 2884 450 2957 ἄναρχον.
490 2889 768 2945 Αύτοαιὼν
802 2894 862 2948 δὲ
890 2894 951 2947 τὸ
982 2894 1137 2950 Θεῖον
1156 2938 1172 2963 ,
1207 2899 1291 2952 ὅτι
1319 2898 1380 2952 τὸ
1416 2896 1558 2955 εἶναι
1589 2902 1780 2956 τούτου

181 2978 271 3050 μὴ
303 2980 465 3050 μόνον
503 2984 682 3057 χρόνῳ
717 2987 779 3041 οὐ
816 2992 1118 3062 μετρεῖται,
1156 2992 1273 3046 ἀλλ’
1306 2994 1414 3047 οὐδ’
1456 2996 1633 3063 αἰῶνι,
1665 2998 1781 3053 ἀλλ’

178 3072 327 3125 αὑτό
355 3076 502 3129 ἐστιν
547 3077 726 3150 ἑαυτῷ
764 3079 918 3134 αἰών.
958 3082 1151 3155 Μὲτρα
1198 3084 1255 3139 δὲ
1297 3086 1408 3141 τῶν
1448 3085 1618 3142 ὄντων
1653 3090 1781 3155 τοὺς

178 3167 397 3233 αἰῶνας
414 3170 525 3224 τῶν
561 3173 770 3245 νοητῶν
789 3214 806 3238 ,
840 3176 935 3229 καὶ
960 3178 1086 3241 τοὺς
1116 3177 1339 3249 χρόνους
1359 3180 1469 3235 τῶν
1506 3183 1781 3254 αἰσθητῶν

178 3278 349 3331 φησι·
368 3261 435 3315 τά
457 3263 565 3336 γὰρ
584 3265 750 3336 νοητά
785 3267 860 3333 ὡς
878 3269 983 3322 ὑπὸ
1009 3270 1207 3341 μέτρου
1231 3271 1325 3326 τοῦ
1348 3273 1542 3339 αἰῶνος
1568 3279 1780 3349 μετρεὶ-

176 3370 301 3417 ται,
331 3355 379 3407 εἰ
408 3357 502 3409 καὶ
529 3357 834 3429 ὁμωνύμως
864 3360 941 3431 τῷ
972 3362 1258 3433 μετροῦντι
1281 3364 1437 3419 αἰῶνι
1463 3366 1558 3419 καὶ
1588 3368 1657 3421 τά
1693 3387 1782 3440 με·

177 3444 320 3513 τρού
331 3461 464 3514 μενα
492 3445 762 3515 λέγονται.
787 3450 997 3515 Αἰῶνες
1020 3451 1128 3525 γὰρ
1154 3453 1399 3523 λέγονται
1424 3458 1518 3509 καὶ
1544 3459 1593 3511 οἰ
1615 3458 1782 3527 ἄγγε-

178 3536 290 3588 λοι.
325 3537 482 3591 Οὕτω
504 3542 599 3594 καί
628 3542 722 3595 ἐπὶ
745 3542 854 3597 τῶν
884 3544 1179 3616 αἰσθητῶν·
1204 3547 1274 3600 τὰ
1298 3549 1408 3620 γὰρ
1440 3552 1779 3623 μετρούμενα

177 3625 269 3694 τῷ
312 3626 488 3698 χρόνῳ
532 3630 838 3703 ὁμωνύμως
877 3633 1057 3705 χρόνοι
1085 3635 1353 3706 λέγονται,
1391 3640 1467 3704 ὠς
1496 3641 1530 3711 ἡ
1564 3642 1778 3714 κίνησις

178 3719 299 3772 τῶν
332 3721 580 3796 ἀστέρων
608 3726 704 3781 καὶ
736 3727 830 3781 τοῦ
855 3727 1027 3799 ἡλίου,
1055 3731 1150 3784 καὶ
1183 3734 1232 3786 οἰ
1268 3733 1389 3803 βίοι·
1422 3735 1779 3809 μετρούμενοι

176 3810 302 3883 γὰρ
332 3813 437 3867 ὑπὸ
471 3816 663 3888 χρόνου
682 3859 697 3883 ,
743 3820 924 3892 χρόνοι
954 3821 1220 3891 λέγονται·
1252 3828 1282 3879 ό
1318 3826 1427 3899 γὰρ
1456 3828 1645 3900 χρόνος
1674 3823 1775 3893 εἷς·

175 3902 259 3955 τά
285 3903 344 3956 δὲ
390 3907 638 3978 μετρικοί
662 3910 864 3981 χρόνοι,
903 3909 979 3974 ὡς
1009 3910 1115 3964 ὑπὸ
1135 3913 1236 3984 τῆς
1260 3918 1389 3986 μιᾶς
1419 3918 1779 3989 παρατάσεως

176 3991 284 4044 τοῦ
330 3994 449 4059 ἑνὸς
496 3998 687 4068 χρόνου
735 4002 1100 4074 μετρούμενα.
1148 4004 1333 4059 Πάντα
1362 4001 1453 4061 οὖν
1507 4007 1679 4063 ταῦτα
1708 4009 1778 4063 δι’

177 4082 382 4150 αὐτοῦ,
409 4087 502 4140 καὶ
536 4089 632 4142 ἀπ’
666 4092 853 4159 αὑτοῦ,
878 4093 974 4147 καὶ
996 4096 1056 4148 ἐν
1077 4095 1227 4167 αὐτῷ
1246 4098 1414 4153 ἐστιν.

1894 603 1981 647 tur
2007 602 2187 648 autem
2218 609 2313 665 per
2340 595 2756 651 alﬁrmationem
2796 604 2851 652 et
2887 597 3252 667 negationem.
3288 596 3474 654 Inﬁni-

1892 700 2007 743 tum
2042 702 2277 758 namque
2302 689 2505 745 dicitur
2534 690 2585 744 id
2624 692 2769 760 quod
2799 705 2906 746 non
2946 691 3109 746 habet
3140 691 3326 757 ﬁnem,
3360 707 3469 748 non

1891 780 2033 848 quod
2066 780 2338 850 privatum
2384 794 2468 837 est
2500 783 2639 848 ﬁne;
2678 784 2818 838 Deus
2848 783 3115 854 siquidem
3160 784 3215 838 in
3254 800 3362 838 uno
3416 785 3468 839 id

1890 882 1977 927 est
2005 873 2180 939 unite,
2223 882 2282 929 ut
2323 888 2469 945 saepe
2496 876 2697 930 dictum
2748 885 2854 943 est,
2887 875 3069 931 omnia
3102 885 3157 931 et
3190 876 3473 946 praehabet

1889 975 2157 1031 utcausa,
2203 974 2257 1022 et
2296 968 2596 1023 subsistere
2629 968 2758 1022 facit
2804 978 2863 1022 ut
2906 969 3176 1033 conditor,
3210 978 3373 1037 atque
3395 968 3472 1022 si-

1892 1057 2093 1114 militer
2118 1059 2371 1114 omnibus
2399 1068 2453 1114 et
2483 1060 2684 1129 ubique
2715 1075 2957 1130 praasens
2981 1068 3084 1123 est,
3112 1069 3168 1115 et
3194 1060 3261 1116 ad
3285 1060 3465 1115 omnia

1889 1164 1953 1205 se
2003 1151 2250 1207 extendit
2298 1152 2703 1207 conservatrice
2761 1152 3135 1222 providentia,
3185 1151 3238 1206 in
3288 1151 3469 1220 seipso

1862 1252 2076 1315 .manet
2107 1254 2360 1313 tanquam
2394 1260 2561 1314 supra
2604 1245 2786 1299 omnia
2838 1247 3137 1309 exsistens.
3168 1254 3222 1300 et
3268 1245 3468 1302 nullius

1891 1349 2076 1403 egens.
2118 1334 2186 1390 Et
2212 1347 2359 1391 stans
2407 1336 2625 1400 dicitur,
2665 1337 2791 1404 quia
2840 1337 2892 1391 in
2935 1352 3000 1392 eo
3051 1336 3255 1391 nullum
3300 1335 3468 1391 vesti.

1890 1426 2038 1497 gium
2087 1427 2407 1482 mutationis
2450 1428 2722 1494 cernitur;
2765 1438 2819 1483 et
2875 1444 3087 1483 rursum
3131 1445 3187 1483 se
3230 1444 3463 1492 ntovem,

1889 1518 2014 1587 quia
2048 1534 2136 1574 res
2165 1519 2410 1574 continet
2451 1531 2616 1589 atque
2643 1530 2955 1579 conservat.
2990 1520 3055 1575 Et
3102 1536 3319 1575 rursum
3354 1536 3463 1575 non

1890 1609 2004 1664 haac
2028 1619 2133 1677 est,
2161 1611 2255 1666 sed
2285 1627 2445 1682 supra
2472 1612 2620 1669 haec:
2663 1613 2833 1668 motio
2872 1614 3038 1680 enim,
3081 1622 3163 1669 est
3192 1614 3337 1669 actio
3368 1614 3469 1668 im.

1890 1701 2176 1771 perfecta;
2229 1704 2390 1759 statio
2432 1719 2563 1760 vero
2611 1716 2694 1760 est
2731 1707 3046 1762 omnimoda
3080 1707 3462 1773 immobilitas’;

1890 1810 2011 1864 quae
2036 1796 2083 1850 si
2109 1806 2232 1864 post
2262 1806 2469 1864 motum
2520 1799 2636 1866 ﬁat,
2682 1800 2845 1868 quies
2883 1800 3267 1870 appellabitur.
3294 1800 3463 1855 Deum

1813 1874 1855 1930 Β
1885 1894 2065 1939 autem
2118 1886 2243 1941 mali
2281 1887 2563 1957 plusquam
2607 1889 2981 1961 imperfectam
3019 1890 3289 1947 actionem
3321 1905 3461 1956 esse,

1884 1977 2092 2033 clarum
2124 1988 2237 2047 est;
2263 1982 2404 2050 quod
2430 1996 2562 2036 vero
2588 1982 2751 2036 etiam
2796 1982 2869 2037 sit
2911 1997 3073 2051 supra
3116 1983 3465 2037 immobilita-

1885 2076 2013 2133 tem,
2044 2069 2247 2123 clarum
2281 2079 2365 2125 est
2396 2087 2460 2126 ex
2493 2085 2558 2126 eo
2605 2072 2746 2140 quod
2781 2073 2964 2127 omnia
2995 2074 3195 2127 habeat
3218 2076 3466 2128 eminen-

1886 2169 1986 2230 ter,
2016 2172 2071 2218 et
2100 2179 2205 2219 non
2236 2164 2377 2219 sicut
2399 2179 2487 2221 res
2509 2176 2637 2221 sunt
2657 2176 2711 2222 et
2734 2166 3124 2238 intelliguntur.
3156 2166 3268 2225 Etsi
3308 2167 3457 2223 enim

1884 2252 1993 2309 Deo
2024 2257 2179 2313 valde
2206 2271 2451 2313 consona
2493 2258 2567 2313 sit
2600 2260 2918 2335 omnimoda
2967 2260 3341 2329 immobilitas,
3378 2270 3465 2318 at-

1883 2355 2067 2401 tamen
2097 2363 2160 2402 ea
2198 2349 2313 2418 ipsa
2349 2349 2656 2405 eminenter
2683 2359 2767 2406 est
2798 2359 2854 2406 et
2895 2350 3215 2423 intelligitur
3247 2353 3300 2407 in
3330 2355 3462 2410 Deo.

1881 2436 2119 2494 Rursum
2148 2456 2253 2495 non
2289 2452 2374 2497 est
2414 2443 2477 2497 in.
2501 2443 2609 2498 ullo
2653 2458 2843 2499 eorum
2890 2460 3012 2514 qua:
3055 2455 3204 2512 sunt,
3238 2446 3365 2515 quia
3406 2446 3460 2500 iu

1880 2527 2040 2601 45],
2094 2532 2347 2588 omnibus
2407 2533 2979 2604 incomprehensibilis
3041 2536 3289 2603 exsistit;
3324 2536 3460 2592 nihil

1883 2640 2062 2679 rerum
2106 2626 2489 2681 :eviternarum
2546 2626 2623 2681 illi
2694 2629 2972 2697 convenit,
3033 2630 3161 2699 quia
3218 2643 3461 2685 avorum

1882 2729 2096 2785 quoque
2129 2717 2379 2773 conditor
2407 2719 2650 2786 exsistit;
2682 2719 2815 2773 nihil
2843 2734 3025 2774 rerum
3058 2720 3458 2792 temporalium,

1881 2809 2008 2877 quia
2082 2819 2391 2879 temporum
2443 2826 2662 2881 quoque
2714 2821 2931 2868 creator
2989 2804 3113 2880 est;
3172 2814 3460 2869 aeviternas

1882 2910 2062 2955 autem
2096 2910 2254 2956 vocat
2288 2904 2517 2957 virtutes
2555 2903 2834 2959 intellectu
2870 2904 3146 2973 praeditas,
3198 2907 3458 2976 quoniam

1881 2993 1979 3046 aevi
2020 2994 2314 3064 participes
2351 2997 2645 3062 exsistunt,
2691 3007 2745 3051 et
2782 2999 2910 3067 quia
2956 3008 3148 3052 natura
3192 3003 3453 3068 temporis

1881 3087 2094 3156 priores
2154 3095 2312 3154 sunt;
2363 3090 2622 3159 quoniam
2679 3098 2893 3160 tempus
2933 3106 2962 3144 a
3006 3090 3143 3155 caeli
3193 3101 3460 3161 terrasque

1884 3179 2163 3235 creatione
2197 3192 2563 3252 computatur.
2609 3185 2761 3251 Quod
2793 3196 2975 3239 autem
3018 3186 3121 3254 ipsi
3155 3186 3289 3241 nihil
3322 3201 3424 3241 con
3452 3222 3459 3229 -

1884 3272 2088 3336 veniat,
2123 3272 2361 3343 intellige
2394 3277 2694 3330 secundum
2726 3277 3107 3341 substantiam,
3147 3284 3215 3332 et
3246 3291 3351 3330 non
3377 3292 3462 3331 se-

1882 3364 2119 3417 cundum
2155 3364 2318 3417 aliam
2358 3367 2667 3435 quampiam
2711 3368 3147 3439 intelligentiam,
3195 3383 3246 3421 ν.
3278 3384 3332 3439 g.
3362 3384 3458 3439 gu-

1882 3457 2220 3513 bernationis
2278 3474 2343 3512 ac
2412 3462 2857 3531 constitutionis,
2947 3474 3113 3533 atque
3175 3463 3455 3518 similium.

1882 3552 2018 3606 Nola
2057 3565 2185 3605 vero
2217 3552 2363 3614 hinc.
2404 3554 2456 3608 id
2504 3555 2646 3622 quod
2689 3556 2960 3626 principio
3010 3565 3185 3620 caret,
3238 3570 3458 3624 quoque

1881 3648 2142 3693 aeternum
2199 3655 2341 3705 esse,
2384 3656 2490 3695 non
2546 3651 2724 3697 tamen
2780 3659 2941 3699 omne
3001 3644 3144 3715 quod
3192 3654 3455 3699 aeternum

1882 3738 1987 3797 est,
2018 3732 2287 3804 principio
2312 3748 2521 3789 carere.
2556 3733 2698 3789 Deus
2722 3744 2900 3789 autem
2924 3745 3017 3790 est
3038 3737 3268 3806 ipsamet
3299 3743 3460 3789 aeter-

1882 3824 2045 3889 nitas,
2082 3828 2342 3895 quoniam
2380 3825 2498 3895 ejus
2533 3841 2654 3883 esse
2696 3844 2801 3883 non
2854 3828 3028 3883 solum
3067 3838 3309 3898 tempore
3348 3843 3456 3884 non

1884 3929 2259 3986 mensuratur,
2289 3922 2384 3976 sed
2414 3936 2591 3991 neque
2619 3922 2943 3985 aeternitate,
2975 3921 3068 3976 sed
3097 3930 3181 3976 est
3228 3922 3459 3991 ipsamet

1881 4013 2180 4068 aeternitas.
2238 4014 2330 4068 Ait
2378 4024 2557 4070 autem
2589 4014 2785 4070 saecula
2825 4013 3270 4086 intelligibiiium,
3320 4024 3460 4070 tem-

1881 4119 2015 4175 pora
2050 4121 2184 4163 vero
2229 4108 2512 4164 sensilium
2558 4123 2845 4166 mensuras
2884 4124 3034 4175 esse;
3068 4109 3336 4180 siquidem
3372 4109 3457 4163 in.

182 4179 497 4246 tellectilia,
558 4192 814 4255 tanquam
871 4205 1145 4247 mensurae
1193 4193 1475 4264 subjecta,
1533 4196 1731 4253 saeculo
1790 4210 2200 4269 mensurantur,
2273 4204 2376 4258 etsi
2428 4205 2617 4261 eodem
2665 4205 2906 4270 nomine,
2950 4210 3073 4273 quae
3127 4216 3443 4259 mensuran-

178 4282 307 4340 tur,
355 4284 411 4328 et
449 4276 593 4344 quod
648 4290 951 4348 mensurat,
1011 4282 1334 4339 afﬁciantur.
1385 4285 1583 4357 Angeli
1630 4288 1776 4343 enim
1835 4292 2004 4347 etiam
2055 4295 2254 4350 saecula
2291 4297 2651 4367 appellantur.
2701 4299 2777 4353 Ita
2805 4298 3051 4353 etiamin
3104 4296 3405 4353 sensilibus
3436 4342 3451 4353 .

176 4383 316 4437 quae
345 4368 488 4423 enim
551 4381 797 4443 tempore
861 4387 1268 4443 mensurantur,
1329 4379 1521 4434 eodem
1581 4394 1708 4435 cum
1754 4390 2001 4454 tempore
2052 4389 2271 4443 nomine
2316 4391 2680 4460 appellantur,
2741 4398 2800 4445 ut
2853 4399 3033 4446 motus
3074 4400 3346 4446 astrorum
3397 4400 3455 4445 et

176 4460 347 4525 solis,
384 4471 439 4515 et
480 4472 669 4520 aetates
706 4466 830 4522 vitae
875 4484 890 4521 :
949 4478 1191 4541 tempore
1245 4471 1391 4527 enim
1453 4483 1783 4531 mensurataa
1842 4486 2087 4550 tempora
2134 4483 2410 4549 dicuntur,
2463 4485 2732 4555 siquidem
2780 4493 2993 4554 tempus
3053 4500 3269 4551 unum;
3293 4500 3450 4544 men-

177 4553 395 4608 suralia
434 4570 563 4611 vero
609 4566 854 4628 tempora
893 4572 1042 4627 sunt,
1087 4578 1208 4633 quae
1270 4566 1432 4621 unius
1476 4567 1636 4639 hujus
1678 4572 1939 4641 temporis
1993 4578 2317 4633 extensione
2378 4553 2793 4635 mens—urantur.
2863 4578 2989 4635 Haac
3037 4578 3224 4649 itaque
3266 4580 3450 4635 omnia

178 4662 289 4719 per
312 4647 512 4716 ipsum,
546 4657 600 4705 et
625 4651 694 4706 ab
720 4650 859 4722 ipso,
889 4664 944 4709 et
975 4655 1026 4709 in
1061 4656 1180 4724 ipso
1209 4668 1358 4713 sunt.
