3866 6234
191 275 304 332 857

940 282 1029 336 DE
1062 281 1318 339 DlVlNlS
1354 280 1752 349 NOMINIBUS,
1785 282 1938 338 CAP.
1983 285 2068 340 Vi.
2094 316 2163 325 ——
2189 284 2511 342 CORDERII
2546 285 2776 342 ΝΟΤᾹΞ.

3372 293 3477 349 858

189 394 296 466 τὴν
324 393 448 448 καθ’
473 396 620 468 ἡμᾶς
653 419 796 472 φημι
825 401 921 472 τὴν
951 401 1257 474 ὁρωμένην,
1285 403 1345 455 οὐ
1377 401 1474 474 τὴν
1517 401 1787 472 πανσθενῆ

1903 418 2018 456 ram
2064 411 2306 457 nostram
2347 404 2468 457 dico
2505 419 2626 472 quae
2672 403 2907 466 videtur,
2947 420 3052 459 non
3105 413 3284 458 autem
3332 407 3474 462 illam

189 495 299 567 τῆς
330 495 481 559 θείας
509 495 674 565 ζωῆς·
711 495 848 564 αὐτῇ
879 494 988 566 γὰρ
1013 493 1088 557 ὡς
1114 493 1305 548 πασῶν
1333 493 1466 564 οὔσῃ
1498 492 1607 546 τῶν
1634 491 1790 556 ζωῶν

191 589 382 657 φύσει,
411 589 506 642 καὶ
534 587 768 658 μάλιστα
790 587 896 640 τῶν
921 587 1233 659 θειοτέρων,
1255 585 1480 656 οὐδεμία
1503 585 1616 657 ζωὴ
1639 585 1790 658 παρὰ

191 680 364 749 φύσιν
393 679 427 751 ἢ
452 680 592 751 ὑπὲρ
621 696 781 749 φυσιν
835 680 997 731 Ὥστε
1029 681 1076 732 οἱ
1108 679 1234 750 περὶ
1268 678 1456 732 τούτου
1478 679 1578 750 τῆς
1614 696 1792 750 παρα-

188 773 348 836 νοίας
375 771 614 843 Σίμωνος
641 771 1013 843 ἀπιρρητικοὶ
1033 772 1079 802 ³⁸
1105 770 1251 838 λόγοι
1291 772 1478 842 πὸρῤω
1519 770 1664 824 θείου
1702 789 1790 840 χο-

193 862 296 933 ροῦ
314 863 382 924 ⁸⁷,
430 864 524 915 καὶ
567 861 666 930 τῆς
713 861 814 930 σῆς
861 862 1013 932 ἱερᾶς
1066 861 1246 932 ψυχῆς
1302 861 1786 933 ἀπεληλάσθωσαν.

193 951 403 1004 Ἐλαθε
418 951 528 1024 γὰρ
543 952 727 1015 αὑτὸν,
745 952 819 1016 ὡς
845 948 1016 1023 οἶμαι,
1036 953 1129 1006 καὶ
1149 951 1324 1005 ταῦτα
1349 953 1510 1021 σοφὸν
1543 952 1786 1022 οἰόμενον

187 1045 362 1113 εἶναι,
397 1049 459 1102 τὸ
500 1049 574 1120 μὴ
596 1050 706 1102 δεῖν
740 1051 831 1104 τὸν
872 1050 1240 1122 εὑφρονοῦντα
1275 1050 1354 1122 τῷ
1396 1053 1664 1123 προφανεϊ
1691 1051 1789 1122 τῆς

185 1143 505 1213 αἰσθήσεως
539 1143 681 1214 λόγῳ
708 1146 980 1215 συμμάχῳ
1012 1145 1245 1216 χρῆσθαι
1270 1144 1412 1197 κατὰ
1448 1146 1546 1215 τῆς
1575 1147 1792 1199 πάντων

186 1235 442 1303 ἀφανοῦς
465 1237 662 1300 αἰτίας.
689 1239 798 1290 Καὶ
821 1236 976 1290 τοῦτο
1003 1240 1121 1291 ἐστι
1142 1239 1331 1308 ῥητέον
1360 1237 1527 1308 αὐτῷ,
1552 1239 1614 1292 τὸ
1644 1238 1794 1308 παρὰ

187 1325 364 1393 φύσιν
384 1328 428 1358 ⁸⁸
456 1329 648 1382 εἰπεῖν·
681 1330 817 1400 αὐτῇ
854 1329 963 1400 γὰρ
998 1331 1148 1383 οὐδὲν
1174 1329 1434 1385 ἐναντίον.

1898 492 2326 562 omnipotentem
2352 493 2478 545 vita;
2520 491 2750 557 divinae;
2809 491 2937 545 huic
2971 491 3116 544 enim
3169 499 3226 543 ut
3255 506 3376 560 qua:
3407 495 3478 548 sit

1896 589 2139 643 omnium
2181 589 2441 651 vitarum,
2490 596 2543 641 et
2591 601 2781 640 earum
2824 589 3122 656 prmsertim
3176 599 3298 655 qua:
3341 585 3480 640 divi-

1897 681 2081 735 niores
2127 688 2251 732 sunt
2299 689 2527 741 natura,
2558 677 2700 731 nulla
2744 678 2853 730 vita
2890 689 2973 732 est
3000 687 3187 732 contra
3229 685 3477 730 naturam

1895 780 1988 826 aut
2011 786 2172 840 supra
2211 780 2486 824 naturam.
2531 767 2899 836 Quamobrem
2956 771 3194 824 vesania:
3239 767 3480 827 Simonis

1898 863 2313 920 contradictorii
2346 876 2627 916 sermones
2671 861 2857 930 procul
2899 877 2929 914 a
2967 862 3150 915 divino
3181 869 3333 916 coetu
3360 869 3480 913 tua-

1892 972 1997 1026 que
2016 953 2242 1025 spiritali
2266 953 2444 1007 anima
2471 951 2827 1020 repellantur;
2867 951 3069 1007 latebat
3092 955 3236 1006 enim
3278 953 3476 1020 ipsum,

1892 1049 1968 1103 uti
2023 1057 2183 1118 puto,
2251 1045 2466 1100 tametsi
2530 1043 2633 1098 sibi
2701 1045 2916 1113 sapiens
2978 1045 3302 1108 videbatur,
3352 1057 3476 1109 eum

1894 1143 1984 1210 qui
2020 1155 2166 1194 sana!
2209 1137 2406 1192 mentis
2446 1137 2536 1203 sit,
2585 1136 2824 1190 evidenti
2873 1151 3069 1190 sensus
3125 1138 3334 1189 ratione
3383 1136 3479 1188 ad-

1888 1235 2089 1306 jutrice
2122 1234 2200 1288 uti
2253 1243 2442 1288 contra
2488 1237 2799 1288 abstrusam
2834 1234 3075 1286 omnium
3115 1245 3335 1283 causam
3367 1243 3472 1290 non

1895 1338 2173 1398 oportere.
2202 1329 2380 1396 Atque
2411 1328 2514 1380 hoc
2550 1327 2600 1381 ei
2633 1327 2922 1381 dicendum
2965 1334 3070 1388 est,
3112 1324 3162 1377 id
3198 1338 3320 1376 esse
3346 1338 3475 1375 con-

1902 1431 1984 1474 tra
2017 1429 2270 1474 naturam
2309 1419 2524 1485 dicere;
2557 1419 2606 1473 ei
2655 1419 2800 1472 enim
2845 1416 2976 1472 nihil
3007 1427 3089 1471 est
3118 1415 3471 1470 contrarium.

1761 1559 1787 1631 §
1832 1557 1940 1618 ΙΙΙ.

280 1695 375 1762 Ἐξ
417 1698 585 1771 αὐτῆς
637 1702 871 1766 ζωοῦται
931 1707 1024 1758 καὶ
1069 1706 1462 1776 πριθάλπεται
1538 1708 1632 1760 καὶ
1683 1705 1787 1772 ζῶα

1973 1707 2053 1760 Ab
2096 1705 2211 1775 ipsa
2267 1704 2625 1759 viviﬁcantur
2653 1710 2707 1755 et
2757 1700 3012 1756 foveatur
3049 1702 3323 1765 universa,
3363 1712 3472 1755 tam

184 1788 379 1842 πάντα
399 1792 490 1842 καὶ
520 1792 684 1859 φυτά.
701 1794 813 1846 Καὶ
833 1792 944 1847 εἴτε
971 1795 1164 1866 νοερὰν
1182 1795 1376 1860 εἴποις,
1402 1796 1508 1849 εἴτε
1541 1795 1783 1866 λογικὴν,

185 1878 307 1931 εἴτε
343 1881 687 1954 αἰσθητικὴν,
721 1885 831 1938 εἴτε
864 1886 1192 1959 θρεπτικὴν,
1218 1890 1312 1941 καὶ
1333 1887 1656 1960 αὐξητικὴν,
1677 1888 1786 1940 εἴτε

181 1973 389 2026 ὁποίαν
421 1977 550 2029 ποτὲ
577 1976 741 2048 ζωὴν,
767 1978 799 2049 ἢ
838 1979 984 2049 ζωῆς
1011 1981 1183 2052 ἀρχὴν
1203 2023 1217 2045 ,
1251 1981 1284 2052 ἢ
1330 1980 1474 2052 ζωῆς
1509 1982 1695 2035 οὐσίαν
1717 1983 1783 2046 99,

184 2067 256 2131 ἐξ
282 2067 456 2138 αὐτῆς
492 2071 586 2122 καὶ
615 2071 679 2142 ζῇ
712 2073 804 2124 καὶ
833 2071 1048 2137 ξωοῖ¹⁰⁰
1083 2075 1180 2143 τῆς
1223 2075 1365 2146 ὑπὲρ
1410 2077 1591 2129 πᾶσαν
1619 2075 1784 2147 ζωὴν,

182 2160 292 2213 καὶ
322 2163 381 2212 ἐν
426 2162 562 2232 αὐτῇ
599 2164 719 2216 κατ’
755 2163 935 2218 αἰτίαν
974 2165 1220 2230 ἑνοειδῶς
1249 2167 1681 2239 προῦφέστηκεν.
1724 2169 1789 2220 Ἠ

183 2251 307 2323 γὰρ
332 2253 348 2282 ¹
383 2252 663 2323 ὑπέρζωος
705 2256 799 2308 καὶ
824 2253 1105 2328 ζωαρχικὴ
1148 2258 1259 2328 ζωὴ
1297 2259 1392 2312 καὶ
1429 2259 1608 2330 πάσης
1642 2259 1788 2329 ζωῆς

183 2348 348 2399 ἐστιν
371 2345 538 2409 αἰτία,
583 2349 677 2400 καὶ
719 2349 1002 2416 ζωογόνος,
1046 2351 1140 2402 καὶ
1183 2351 1650 2424 ἁποπληρωτικὴ,
1694 2354 1789 2406 καὶ

180 2435 502 2508 διαιρετικὴ
529 2436 674 2508 ζωῆς
692 2441 733 2502 ³,
763 2442 856 2492 καὶ
894 2443 958 2492 ἐκ
983 2441 1161 2512 πάσης
1184 2441 1328 2514 ζωῆς
1353 2445 1616 2515 ὑμνητὲα,
1649 2445 1790 2499 κατὰ

181 2524 296 2596 τὴν
322 2524 644 2594 πολυγονίαν
673 2528 782 2580 τῶν
805 2528 992 2582 πασῶν
1025 2530 1200 2597 ζωῶν,
1228 2533 1303 2597 ὡς
1331 2535 1668 2607 παντοδαπὴ,
1695 2536 1789 2589 καὶ

185 2615 352 2689 πάσῃ
369 2615 480 2689 ζωῇ
504 2618 525 2650 ³
554 2619 903 2693 Θεωρουμὲνη
931 2625 1024 2678 καὶ
1059 2626 1394 2698 ὑμνουμένη,
1421 2629 1514 2682 καὶ
1539 2629 1614 2692 ὡς
1637 2630 1792 2681 ἀνεν-

185 2707 346 2778 δεὴς,
384 2710 580 2780 μᾶλλον
625 2713 680 2767 δὲ
718 2715 1075 2790 ὑπερπλήρης
1107 2719 1272 2789 ζωῆς,
1300 2723 1331 2791 ἡ
1360 2720 1650 2786 αὑτόζωος,
1696 2723 1790 2776 καὶ

185 2801 274 2864 ὡς
303 2803 446 2887 ὑπὲρ
478 2808 655 2860 πᾶσαν
684 2807 827 2880 ζωὴν
850 2811 1108 2876 ζωοποιὸς
1130 2814 1222 2865 καὶ
1246 2815 1545 2886 οπερζωος,
1576 2817 1607 2887 ἦ
1640 2818 1789 2881 ὅπως

189 2895 266 2948 ἄν
286 2913 373 2960 τις
395 2897 493 2969 τὴν
521 2899 666 2972 ζωὴν
699 2901 798 2974 τὴν
825 2903 1130 2974 ἄφθεγκτον
1160 2906 1523 2980 ἀνθρωπικῶς
1551 2909 1790 2982 ἀνυμνή-

192 3003 305 3040 σοι.

1895 1797 2151 1852 animalia
2183 1812 2346 1866 quam
2395 1796 2613 1866 plantaa.
2660 1795 2723 1848 Et
2765 1796 2878 1850 sive
2918 1795 3216 1864 spiritalem
3246 1796 3471 1858 dixeris,

1893 1890 2008 1944 sive
2033 1890 2376 1954 rationalem,
2409 1889 2524 1943 sive
2560 1891 2894 1950 sensitivam,
2941 1889 3056 1943 sive
3085 1890 3398 1942 nutritivam
3421 1896 3476 1942 et

1894 1983 2186 2036 auctriccm
2206 2023 2222 2048 ,
2245 1983 2357 2036 sive
2391 1981 2828 2050 qualemcunque
2854 1981 3014 2054 453
3046 1983 3262 2036 tandem
3285 1982 3474 2048 vitam,

1896 2076 1978 2128 vel
2007 2077 2130 2128 vita).
2167 2077 2521 2146 principium,
2552 2078 2632 2131 vel
2666 2077 2792 2130 vita:
2834 2076 3149 2139 essentiam,
3177 2089 3243 2129 ex
3271 2077 3385 2144 ipsa
3420 2085 3476 2128 et

1893 2169 2026 2222 vivit
2067 2181 2123 2222 et
2178 2171 2324 2240 viget
2376 2185 2543 2238 supra
2577 2183 2793 2222 omnem
2847 2169 3035 2234 vitam,
3067 2177 3123 2220 ct
3157 2166 3209 2219 in
3243 2167 3359 2232 ipsa
3389 2181 3475 2220 se-

1891 2262 2128 2315 cundum
2164 2277 2383 2318 causam
2440 2260 2784 2316 uuifermiter
2817 2259 3169 2329 praeexsistit.
3217 2257 3351 2312 Nam
3383 2274 3474 2312 su-

1893 2370 2156 2424 praquam
2192 2355 2371 2408 vitalis
2421 2364 2475 2408 et
2523 2355 2647 2407 vita:
2671 2353 3010 2422 principialis
3041 2354 3177 2414 vita,
3214 2361 3269 2405 et
3291 2352 3470 2403 omnis

1895 2447 2016 2500 vine
2051 2461 2215 2499 causa
2246 2455 2347 2510 est,
2384 2447 2631 2514 adeoque
2661 2443 2903 2498 viviﬁcat
2937 2451 2991 2496 et
3029 2441 3267 2510 complet
3311 2452 3474 2510 atque

1894 2537 2176 2604 distinguit
2233 2538 2424 2602 vitam,
2488 2546 2542 2591 et
2595 2551 2660 2590 ex
2703 2536 2851 2588 omni
2913 2536 3022 2588 vita
3086 2533 3472 2602 prazdicanda,

1889 2627 2042 2696 juxta
2101 2626 2390 2682 fecundam
2440 2629 2672 2682 vitarum
2735 2627 2979 2681 omnium
3010 2624 3470 2694 propagationem,

1895 2722 2036 2776 unde
2064 2730 2318 2788 tanquam
2355 2722 2644 2791 omnigena
2692 2722 2981 2788 omnisque
3029 2719 3136 2772 vita
3170 2717 3477 2785 concipitur

1895 2831 1958 2870 ae
1987 2816 2314 2881 celebratur,
2350 2826 2404 2870 et
2435 2827 2494 2869 ut
2538 2813 2740 2869 nullius
2786 2814 2992 2883 indiga,
3039 2811 3149 2866 imo
3177 2827 3308 2866 vero
3351 2812 3476 2866 vita:

1894 2909 2241 2978 superplena,
2279 2911 2462 2976 seipsa
2508 2909 2719 2973 vivens,
2752 2916 2806 2962 et
2841 2906 2998 2978 quasi
3047 2921 3261 2960 omnem
3309 2906 3474 2959 vitam

1813 3015 1860 3074 (ζ
1893 3001 2197 3066 viviﬁcans,
2247 3013 2303 3055 et
2348 3002 2703 3066 supervivens
2731 3040 2746 3065 ,
2809 3001 2927 3054 sive
2983 3000 3477 3068 quomodocunque

1897 3092 2223 3149 ineﬂabilem
2251 3095 2398 3149 illam
2429 3095 2597 3147 vitam
2639 3094 2877 3147 humano
2910 3107 3060 3144 more
3089 3093 3313 3144 laudare
3351 3091 3475 3160 quis

1895 3195 2083 3252 possit.

1389 3450 1932 3510 ADNOTATIONES
1963 3453 2307 3510 CORDERII.

294 3593 322 3667 ς)
356 3597 398 3649 l.
426 3593 888 3667 _1_Vunclai_tdr_i_nda
911 3594 1060 3667 nobis
1092 3607 1168 3649 est
1196 3597 1298 3649 εὔια
1325 3607 1542 3658 (eterna,
1568 3613 1632 3650 ea:
1648 3615 1752 3666 qua
1783 3614 1875 3663 per
1897 3614 1952 3650 se
1971 3598 2102 3661 vita,
2132 3606 2181 3648 et
2211 3596 2382 3667 amitis
2412 3597 2518 3648 vita
2538 3606 2738 3667 manat.
2760 3595 2896 3660 Quid
2921 3595 2992 3667 sit
3019 3610 3111 3663 per
3125 3611 3179 3647 se
3212 3595 3340 3659 vita,
3364 3595 3482 3648 eol-

205 3663 322 3737 ligé
343 3681 406 3720 ex
425 3665 576 3721 Notis
591 3667 657 3719 ad
678 3665 704 3736 §
727 3663 1010 3737 lV_eapitis
1034 3667 1412 3733 pnecedentis.
1437 3663 1788 3733 Quibus-hare
1824 3667 1962 3721 adde
1985 3682 2048 3719 ex
2087 3678 2276 3721 sancto
2307 3664 2573 3719 Maximo:
2601 3665 3077 3737 Quemadmodum
3096 3673 3308 3733 oportet
3329 3667 3478 3718 dice-

201 3735 290 3802 re,
323 3737 656 3806 quandoque
685 3735 906 3805 quidem
941 3736 1318 3801 accipiendum
1348 3754 1471 3792 esse
1511 3739 1700 3800 Deum,
1734 3755 1857 3792 cum
1893 3737 2131 3791 dicimus
2165 3752 2259 3798 per
2285 3752 2344 3790 se
2374 3737 2562 3799 vitam,
2585 3745 2638 3788 et
2664 3736 2780 3789 'alia
2812 3736 3117 3801 ejusmodi:
3148 3737 3479 3804 quandoque

200 3822 344 3862 vero
377 3809 569 3860 horum
611 3807 922 3860 effectorem
966 3822 1108 3867 esse.
1143 3807 1193 3860 id
1219 3823 1301 3860 esu,
1330 3808 1444 3861 haec
1472 3825 1720 3871 creasse;
1755 3809 2016 3875 quoniam
2069 3818 2330 3875 tanquam
2375 3822 2540 3861 causa
2576 3807 2665 3859 ille
2690 3806 2910 3871 quidem
2967 3807 3160 3858 horum
3198 3817 3250 3858 ct
3275 3806 3478 3871 princi-

198 3877 356 3944 pium
389 3881 448 3944 et
489 3887 814 3944 supraquam
857 3876 1181 3942 principium
1216 3887 1445 3932 vocatur
1479 3879 1564 3932 his
1606 3879 2014 3942 noniinibus,ea
2046 3892 2176 3930 vero
2203 3892 2322 3944 quae
2352 3879 2465 3932 base
2490 3878 2834 3944 participant,
2871 3876 3017 3936 inde,
3054 3880 3102 3926 id
3138 3885 3220 3927 cst
3257 3890 3320 3926 ex
3350 3890 3476 3941 par-

203 3943 480 4018 ticipatis,
507 3943 932 4018 dieunt_ur_esse,
958 3954 1020 4018 _et
1054 3947 1256 4011 vivere,
1287 3961 1340 4002 et
1371 3949 1552 4001 divina
1591 3966 1730 4002 esse.
1757 3949 1890 4002 Vitaa
1921 3949 2087 4018 igitur
2116 3943 2556 4008 creatiouein,7et
2586 3947 2903 4018 substantiae
2931 3945 3285 4018 creationem,
3305 3946 3474 4018 ipsas,

200 4015 457 4080 inquam,
485 4026 572 4066 res
603 4012 730 4088 fecit
760 4015 922 4067 Deus.
956 4015 1196 4088 Primum
1231 4019 1394 4087 igitur
1419 4021 1719 4088 cogitemus
1744 4035 1854 4070 rem
1883 4012 2072 4087 ipsum,
2105 4019 2300 4071 deinde
2339 4019 2506 4084 ipsius
2536 4018 2611 4070 rei
2645 4017 2955 4088 generalem
3002 4017 3272 4088 notionem
3303 4012 3477 4067 infor—

197 4097 471 4156 mempsﬂ;
506 4097 557 4136 V.
590 4101 649 4156 ς.
680 4084 845 4137 vitam
881 4097 976 4138 aut
1014 4084 1376 4141 substantiam
1420 4084 1675 4144 universe
1710 4084 2133 4151 consideratam,
2167 4100 2221 4140 et
2257 4099 2440 4156 postea
2477 4088 2530 4140 iu
2565 4084 2741 4155 parte.
2789 4086 2914 4140 Hice
2962 4098 3141 4140 autem
3181 4087 3331 4152 dicit,
3369 4102 3474 4138 non

198 4152 370 4222 quasi
405 4153 571 4228 dicat,
605 4155 830 4207 alteram
869 4157 1090 4228 quidem
1116 4159 1280 4210 vitam
1315 4175 1433 4214 esse
1459 4161 1631 4228 ipsum
1659 4159 1852 4222 Deum,
1875 4160 2099 4212 alteram
2129 4152 2602 4226 veroproduelam
2631 4157 3040 4212 substantialem
3063 4172 3204 4215 esse,
3229 4169 3275 4209 et
3311 4156 3472 4208 veluti

194 4238 309 4298 per
333 4237 391 4276 se
421 4224 775 4298 exsistentem
809 4235 1005 4291 praeter
1036 4227 1227 4291 Deum,
1252 4245 1413 4296 quam
1462 4224 1790 4298 participant
1821 4245 1940 4298 qua:
1978 4230 2141 4281 vitam
2186 4224 2512 4298 participant
2539 4245 2552 4294 ;
2579 4231 2670 4281 sed
2700 4229 2899 4295 potius,
2935 4232 3074 4298 sicut
3102 4229 3215 4294 ipse
3235 4241 3363 4298 suus
3393 4237 3475 4298 est

197 4295 486 4373 interpres
521 4291 751 4364 cap.X|,
773 4311 866 4373 per
889 4312 946 4348 se
969 4299 1185 4373 quidem
1217 4291 1353 4362 vita,
1390 4291 1586 4368 inquit,
1614 4291 1672 4373 et
1709 4291 1900 4373 pense
1952 4291 2214 4373 potestas,
2246 4310 2299 4352 et
2343 4291 2886 4373 pecse’similituilo,
2919 4307 2972 4373 et
3007 4291 3470 4373 alia'lmjusmodi

197 4364 422 4438 dicitur
447 4365 610 4429 Deus,
641 4368 786 4432 quod
816 4367 928 4418 haec
953 4369 1024 4420 sit
1056 4369 1197 4420 Deus
1241 4364 1500 4438 tanquam
1543 4364 2021 4438 principialiter'et
2039 4372 2224 4424 divine
2252 4380 2306 4423 et
2329 4364 2628 4422 elﬁcienter
2659 4386 2672 4421 :
2707 4369 2820 4421 hinc
2845 4369 2988 4421 enim
3032 4378 3115 4420 est
3143 4368 3255 4438 ipse
3282 4382 3471 4418 eorum

196 4448 376 4486 verus
399 4433 530 4509 fons
555 4451 570 4496 ;
603 4443 793 4509 auctor
821 4451 950 4490 vero
975 4447 1057 4491 est
1091 4453 1186 4505 per
1209 4455 1266 4494 se
1302 4433 1424 4494 vita:
1449 4452 1502 4494 et
1534 4433 1816 4504 similium,
1849 4451 2106 4508 tanquam
2134 4441 2370 4509 largiens
2394 4441 2710 4509 participate
2738 4439 2804 4491 iis
2833 4453 2952 4506 qua:
2978 4433 3211 4506 primum
3242 4437 3379 4490 inter
3409 4453 3470 4489 ca

194 4519 332 4580 quae
358 4515 486 4557 sunt
517 4505 620 4580 hoc
651 4505 854 4580 donum
887 4509 1237 4575 participant.
1270 4511 1478 4564 Cuncta
1528 4527 1780 4578 namque,
1809 4521 1865 4564 ut
1897 4505 2160 4580 cujusque
2207 4505 2414 4564 natura}
2464 4511 2737 4574 convenit,
2788 4505 3096 4576 hujusmodi
3134 4509 3273 4560 dona
3300 4509 3471 4580 parti—

194 4575 396 4640 Cipam
429 4591 443 4628 ε
479 4577 671 4649 Prima:
704 4577 922 4649 quidem
952 4589 1007 4649 et
1037 4595 1306 4644 suprema:
1337 4583 1480 4634 inter
1511 4575 1761 4636 caelestes
1799 4594 2011 4637 mentes
2035 4575 2300 4635 creatura:
2331 4582 2659 4649 participant
2686 4575 2986 4649 praecipue;
3016 4595 3136 4644 qua:
3160 4575 3472 4631 vero’dein-

192 4659 376 4725 ροβε..
394 4646 723 4725 participant
757 4646 895 4725 infra
927 4648 1070 4725 illas.
1101 4650 1241 4725 Cum
1267 4663 1442 4704 autem
1471 4652 1756 4721 Dionysius
1792 4653 1983 4706 horum
2007 4646 2540 4721 contemplationem
2577 4646 2774 4725 dilatat
2805 4668 2819 4702 :
2853 4646 2878 4700 “‹
2921 4649 3028 4703 Nec
3058 4649 3246 4725 aliam,
3279 4651 3470 4716 inquit,

193 4717 554 4796 divinitatem
584 4732 706 4784 quae
732 4718 899 4769 vitam
926 4721 1104 4796 pariat
1137 4722 1388 4796 dicimus,
1425 4717 1621 4796 praeter
1646 4739 1865 4796 causam
1913 4717 2241 4796 supraquani
2276 4725 2516 4796 divinam
2539 4723 2782 4796 omnium
2812 4736 3151 4796 quaaeunque
3179 4720 3383 4796 vivunt,
3419 4731 3472 4796 et

199 4800 310 4860 per
345 4790 561 4860 sevita;
587 4801 830 4842 causam.
876 4806 894 4838 ι
923 4790 1077 4854 Quod
1109 4792 1295 4844 sinon
1326 4803 1410 4846 est
1441 4795 1546 4846 alia
1573 4810 1739 4848 causa
1772 4790 2112 4857 viventium;
2147 4809 2247 4846 nec
2270 4793 2375 4846 alia
2407 4793 2665 4845 divinitas
2689 4807 2809 4860 qua:
2843 4793 3005 4843 vitam
3037 4792 3209 4857 pariat
3237 4791 3473 4860 viventi—

199 4857 332 4937 ηοξ,
371 4856 474 4936 nisi
506 4857 618 4910 vita
647 4872 977 4937 supraquam
1014 4861 1302 4937 divina,_et
1330 4863 1634 4918 substantia
1665 4879 2009 4937 supraquam
2055 4856 2385 4927 Substantia,
2418 4872 2472 4937 et
2496 4865 2667 4929 ipsum
2691 4856 3184 4937 singularissiiimm
3215 4869 3268 4937 et
3292 4859 3474 4937 splen-

195 4926 558 5003 didissimum
604 4943 795 4993 unum,
833 4938 887 4982 et
913 4932 1016 4985 hoc
1039 4941 1125 4985 est
1152 4933 1265 4987 sola
1312 4949 1476 4989 causa
1529 4926 1815 5000 omnium;
1863 4926 2092 4988 evidens
2147 4944 2252 4996 est,
2303 4926 2445 5000 quod
2505 4926 2618 4987 haec
2649 4926 2982 5003 quae'primo
3009 4943 3062 4986 et
3093 4926 3472 5003 principaliter

195 5006 361 5063 sunt,
393 5007 450 5077 et
479 4996 675 5051 eﬂ‘ecta
711 5008 955 5077 tantum,
983 5003 1120 5056 nihil
1150 5018 1337 5057 eorum
1372 5021 1493 5077 quae
1523 5018 1706 5074 postea
1740 4996 2183 5077 sunt,tanquam
2209 4996 2395 5067 cauSa,
2433 4996 2692 5058 ellieiunt'.
2732 4996 2940 5058 Idcirco
2973 4996 3148 5077 bonus
3174 4996 3335 5063 Deus,
3381 5016 3472 5077 eo-

198 5083 356 5147 rum.
391 5071 632 5147 ipsorum
674 5083 816 5147 .quae
866 5072 1052 5147 prima
1109 5082 1256 5138 sunt,
1319 5071 1542 5130 eﬂector
1596 5077 1832 5139 dicitur,
1881 5071 2083 5147 deinde
2138 5090 2326 5147 eorum
2382 5090 2501 5143 qua!
2556 5077 2809 5129 universe
2848 5074 3204 5147 participant,
3249 5081 3304 5122 ut
3363 5071 3469 5122 vita

194 5139 455 5191 omnium
485 5139 781 5220 viventium
817 5156 832 5205 ;
864 5142 918 5220 in
950 5153 1128 5220 parte,
1163 5158 1220 5198 ut
1251 5147 1360 5199 vita
1392 5149 1699 5220 hominum,
1738 5145 2077 5220 angelorum,
2121 5161 2228 5201 etc.
2275 5143 2367 5198 Sic
2398 5139 2745 5220 demonstrat
2782 5139 2961 5220 solum
3004 5139 3170 5220 Deum
3201 5156 3320 5194 esse
3344 5156 3475 5220 cau-

197 5213 632 5289 samomniuin,
671 5213 787 5265 sive
823 5213 1000 5282 prima
1038 5215 1319 5273 dicuntur.
1362 5217 1481 5274 sive
1517 5222 1773 5273 universe
1812 5213 1928 5270 Sive
1970 5218 2022 5270 in
2054 5227 2226 5284 parte,
2266 5227 2320 5271 et
2366 5216 2481 5271 sive
2525 5219 2604 5271 sic
2654 5217 2979 5285 participala
3032 5215 3308 5274 dicuntur,
3358 5213 3472 5263 sive

198 5282 617 5350 participantia.

1489 5465 1719 5521 VARI/[‘3
1754 5464 2158 5520 LECTIONES.

1664 5698 1706 5728 9⁸
1753 5697 1883 5750 αὐτὸ
1943 5697 2092 5768 παρὰ
2128 5700 2308 5768 φύσιν,
2348 5700 2416 5753 Μ.
2455 5700 2546 5754 Sc.
2626 5699 2669 5731 ⁸⁸
2703 5696 2889 5761 οὐσίας
2925 5697 3091 5766 ζωήν,
3128 5697 3188 5750 Ρ.
3272 5697 3338 5729 ¹⁰⁰
3373 5706 3468 5749 και

268 5693 320 5728 ⁹⁶
352 5692 892 5766 ἀντιρῤητικιῖηεροι,
931 5696 988 5751 S.
1029 5696 1072 5728 ³⁷
1108 5699 1340 5768 χωρίου,
1379 5699 1449 5752 Μ.
1488 5698 1579 5752 Se.
1664 5698 1706 5728 93
1753 5697 1883 5750 αὐτὸ
1943 5697 2092 5768 παρὰ
2128 5700 2308 5768 φύσιν,
2348 5700 2416 5753 Μ.
2455 5700 2546 5754 Sc.
2626 5699 2669 5731 99
2703 5696 2889 5761 οὐσίας
2925 5697 3091 5766 ζωήν,
3128 5697 3188 5750 Ρ.
3272 5697 3338 5729 ¹⁰⁰
3373 5713 3440 5749 κα

268 5767 365 5833 'm,
398 5768 468 5818 Μ.
535 5768 624 5820 Sc.
662 5765 757 5818 καὶ
811 5764 944 5838 ζωὴ,
982 5768 1074 5823 καὶ
1108 5769 1254 5836 ζωοί,
1291 5770 1350 5824 Ρ.
1387 5773 1399 5802 ¹
1437 5772 1484 5822 ει
1519 5769 1660 5841 γάρ,
1699 5769 1768 5825 Μ.
1805 5769 1895 5825 Sc.
1977 5774 1994 5800 ²
2031 5772 2164 5841 ζωή,
2202 5775 2270 5826 Μ.
2306 5773 2394 5827 Sc.
2470 5772 2488 5803 ³
2512 5770 2604 5824 καὶ
2641 5771 2785 5822 πᾶσα
2819 5770 2955 5841 ζωή,
2985 5771 3038 5824 b‘.
3064 5775 3100 5824 t’
3145 5768 3200 5823 U.
3227 5768 3314 5824 Sc.
3341 5768 3440 5822 Sar

2031 5801 2164 5841 ξωιλ,
2202 5801 2270 5826 JI.
2307 5801 2394 5827 ot.
2475 5801 2484 5803 ‘
2513 5801 2604 5824 buv-
2646 5801 2785 5822 ηυιυυι
2819 5801 2955 5841 ξωιλ,
2986 5801 3038 5824 υ.
3064 5801 3082 5824 1
3146 5801 3200 5823 ν.
3227 5801 3314 5824 υι.
3341 5801 3465 5822 ναι.

203 5765 365 5833 ζῶσι,
398 5764 487 5818 Μ(
535 5764 624 5820 Sc.
662 5765 757 5818 καὶ
788 5764 944 5838 ζωὴ,
982 5768 1074 5823 καὶ
1108 5764 1254 5836 ζωοί,
1291 5770 1350 5824 Ρ.
1387 5773 1399 5802 ¹
1437 5772 1484 5822 εἰ
1519 5769 1660 5842 γάρ,
1699 5769 1768 5825 Μ.
1805 5769 1895 5825 Sc.
