3866 6234
403 337 507 393 859
1582 336 1639 391 S.
1685 334 1987 391 DIONYSII
2022 330 2485 390 AREOPAGITIE
3558 338 3657 394 360

476 451 612 524 Nota
646 460 850 524 autem.
881 460 942 505 ut
975 452 1026 507 In
1058 453 1086 524 ᾗ
1123 454 1157 508 4
1204 454 1269 507 ad
1287 468 1409 520 cap.
1441 452 1483 507 V
1521 451 1906 524 Indicavimus,
1936 465 2035 517 per
2061 464 2120 524 se
2145 449 2313 501 vitam
2338 463 2460 503 esse
2487 448 2965 524 participationem
2999 449 3342 524 simpliciter,
3398 467 3529 521 qua
3556 469 3654 507 non

406 521 762 593 distinguitur
797 538 827 575 a
854 520 1180 589 viventibus,
1208 540 1235 577 a
1262 524 1458 593 quibus
1489 522 1849 590 participatur
1872 522 2329 593 secundumrrem
2360 535 2375 593 ;_
2410 534 2469 573 re
2495 520 2641 593 enim
2674 522 2779 593 vita
2811 532 2866 574 et
2897 522 3085 593 vivens
3123 522 3266 575 idem
3318 520 3476 583 sunt,
3527 524 3663 577 sicut

409 592 726 645 humanitas
758 592 1077 659 simplieiler
1105 588 1344 649 ethomo
1371 588 1585 646 ratione
1618 588 1827 661 tantum
1852 590 2131 661 differunt.
2163 588 2300 655 Quia
2333 590 2474 643 sicut
2502 591 2814 644 humanitas
2840 591 2950 644 sola
2984 592 3073 644 illa
3108 594 3662 661 comprehenditqute

408 662 691 734 hominem
715 664 998 727 deliniunt,
1029 674 1083 717 et
1114 681 1216 717 non
1250 680 1372 734 quae
1418 662 1700 734 naterinm
1756 660 1967 714 faciunt
2022 660 2380 734 individuam,
2411 674 2584 734 neque
2618 661 3197 734 humanitasaetuiaut
3220 666 3462 733 potentia
3490 660 3663 718 conti-

408 740 499 785 net
524 732 786 798 principia
826 750 943 797 qua:
976 730 1313 787 individuum
1346 734 1602 794 reddunt,
1644 732 1809 803 homo
1838 745 1968 783 vero
1988 731 2238 803 continet
2263 730 2503 803 polentia
2535 747 2549 793 ;
2594 731 2673 803 sic
2695 747 2879 803 perse
2901 733 3007 785 vita
3043 732 3129 785 illa
3153 730 3397 787 continet
3423 750 3551 803 quae
3584 736 3659 786 vi-

409 811 627 855 ventem
659 803 947 873 deﬁniunt,
980 815 1254 871 quatenus
1286 805 1442 857 vivit.
1478 803 1667 873 Itaque
1693 811 1751 853 ut
1779 801 1951 873 homo
1980 800 2285 853 formaliter
2313 809 2397 873 est
2432 801 2771 873 humanitate
2800 802 2983 867 homo,
3016 804 3095 857 sic
3125 804 3315 857 vivens
3336 800 3532 873 per'se
3554 806 3660 857 vita

408 874 613 943 vivens.
667 869 1018 943 I'articipatio
1073 883 1290 938 autem,
1323 869 1619 929 secundum
1671 872 2047 943 exsistcntiam
2079 909 2094 932 ,
2127 879 2231 943 est
2274 870 2381 943 vita
2437 869 2524 943 illa
2576 871 2893 943 simpliciter
2922 874 3036 943 jam
3082 884 3296 943 recepta
3324 869 3376 927 in
3415 873 3663 941 subjecto

407 942 643 1014 vivente,
685 942 827 1014 sicut
868 944 1181 998 humanitas
1222 945 1519 998 secundum
1558 942 1959 1014 exsisteutiam,
2001 949 2085 994 est
2124 940 2176 1014 iu
2220 941 2320 993 hoc
2360 942 2579 1014 homine
2617 943 2706 1009 qui
2733 942 2897 1014 454
2924 940 3146 998 exsistit
3175 940 3327 1010 ;sola
3352 940 3663 1000 enim’sin.

408 1012 619 1080 gularia
656 1012 926 1066 exsistunt
962 1014 1013 1066 in
1052 1030 1234 1068 rerum
1270 1024 1486 1077 natura,
1512 1012 1839 1065 universalia
1876 1026 2005 1063 vero
2038 1021 2091 1063 et
2118 1010 2391 1064 abstracta
2440 1012 2613 1065 solum
2650 1014 2701 1066 in
2739 1010 2934 1068 nitente.

482 1082 508 1151 §
543 1081 603 1154 Il.
645 1080 711 1133 Id
744 1085 882 1150 quod
909 1086 1210 1154 antiquitati
1236 1086 1444 1153 quidem
1468 1095 1653 1154 contra
1679 1092 1924 1134 naturam
1956 1097 2066 1134 esse
2093 1081 2750 1154 uidetur._Antiquitatetn
2788 1084 2873 1137 hic
2909 1095 3065 1139 vocat
3098 1084 3323 1139 stultam
3355 1095 3413 1139 et
3451 1086 3655 1139 fatuam

406 1151 715 1231 opinionem
741 1151 1085 1231 gentilium,
1115 1168 1171 1208 ut
1208 1151 1430 1231 sanctus
1466 1153 1736 1231 Maximus
1770 1160 2017 1205 notatum
2053 1151 2293 1219 reliquit.
2330 1151 2518 1221 Itaque
2552 1168 2659 1207 non
2695 1155 2933 1225 antiquis
2980 1156 3332 1225 simpliciter,
3368 1160 3470 1212 sed
3510 1156 3667 1210 fatuis

408 1222 663 1289 antiquis,
702 1226 877 1275 visum
914 1240 1037 1277 esse
1076 1226 1175 1279 hoc
1211 1226 1363 1280 dicit.
1591 1222 1601 1233 ’

479 1290 507 1361 §
548 1291 633 1365 Ill.
670 1292 746 1365 Ab
790 1295 902 1360 ipsa
950 1296 1285 1364 t-iri/‘icantur
1326 1306 1372 1348 et
1419 1295 1661 1362 foveatur
1690 1292 1957 1365 universa,
2010 1301 2120 1365 etc.
2158 1292 2301 1346 Deus
2334 1292 2501 1359 enim,
2538 1295 2714 1363 tnquit
2746 1294 2989 1358 Lessius,
3023 1297 3158 1351 libro
3191 1308 3345 1352 sexto
3380 1297 3463 1350 De
3502 1298 3667 1365 perfe-

411 1362 673 1435 ctionibus
708 1364 919 1425 divinis.
950 1362 1071 1433 cap.
1110 1365 1165 1427 5,
1203 1381 1309 1419 non
1346 1366 1520 1417 solttm
1559 1366 1688 1426 vita,
1725 1363 1817 1416 sed
1854 1364 2030 1435 prima
2060 1362 2175 1435 vita
2209 1372 2263 1415 et
2305 1372 2507 1418 aeterna
2544 1362 2674 1427 vita,
2708 1375 2761 1420 et
2796 1368 2911 1433 ipsa
2947 1369 3069 1421 vita:
3104 1368 3379 1435 plenitudo
3433 1362 3513 1420 ae'
3556 1362 3669 1418 uni-

407 1434 663 1504 versitas,
716 1435 896 1504 omnis
931 1432 1051 1488 vita:
1087 1437 1243 1504 origo
1276 1446 1331 1489 et
1364 1436 1766 1489 consummatio
1789 1472 1803 1495 ,
1840 1432 2167 1501 principium
2204 1443 2258 1485 et
2294 1435 2455 1497 ﬁnis;
2495 1436 2547 1489 in
2599 1453 2709 1501 quo
2741 1432 2907 1490 etiam
2956 1432 3141 1491 omnia
3177 1454 3296 1504 quae
3332 1454 3441 1491 non
3482 1439 3669 1490 vivunt

407 1503 517 1554 vita
549 1510 693 1557 sunt.
732 1503 849 1566 Ipse
884 1506 1027 1558 cuitu
1065 1517 1147 1559 est
1184 1505 1531 1574 supervitalis
1567 1504 1814 1557 essentia
1842 1512 1897 1557 et
1926 1504 2400 1571 superesseutialis
2433 1506 2566 1571 vita,
2624 1522 2838 1561 omnem
2874 1508 3090 1562 vitalem
3125 1503 3495 1562 substantiam
3536 1510 3666 1560 intra

408 1586 469 1625 se
504 1574 933 1648 eminentissittie
968 1586 1023 1627 et
1070 1576 1477 1643 simplicissime
1532 1575 1888 1648 praehabens,
1920 1583 1974 1625 et
2007 1574 2300 1648 causaliter
2331 1576 2700 1643 complectens
2723 1617 2737 1639 ,
2781 1586 2835 1630 et
2861 1587 3014 1631 extra
3049 1594 3106 1632 se
3135 1579 3481 1648 quamlibet,
3516 1578 3669 1647 juxta

406 1658 561 1718 suam
597 1645 856 1718 speciem,
890 1642 1558 1709 formans.conservans,
1586 1656 1657 1718 et,
1685 1644 1993 1718 perliciens.
2032 1642 2151 1718 Ipse
2186 1642 2612 1718 estusuanvitalis
2644 1648 2913 1714 operatio,
2950 1650 3030 1718 (ut
3063 1642 3376 1717 sie—loquar)
3408 1642 3669 1703 nimirum

407 1714 878 1787 suaintellectio,
917 1732 1049 1769 suus
1082 1732 1271 1781 amor,
1309 1733 1466 1771 suum
1505 1716 1793 1787 gaudium,
1825 1728 1926 1787 sua
1965 1714 2217 1766 beatitas.
2272 1715 2345 1767 Ex
2398 1716 2491 1769 illo
2544 1720 2862 1786 supervitali
2908 1714 3054 1773 fonte
3099 1714 3278 1772 omnia
3314 1714 3441 1787 qum
3496 1718 3671 1785 aliquo

412 1783 573 1835 modo
606 1784 800 1837 vivunt
832 1790 992 1838 vitam
1032 1788 1311 1847 hauriunt,
1351 1796 1405 1840 et
1441 1786 1639 1839 vitales
1695 1785 1988 1857 facultates
2028 1796 2317 1857 motusque
2369 1783 2671 1852 arcessunt,
2708 1789 2811 1841 alia
2862 1791 3292 1857 prmstantiores,
3327 1783 3437 1843 alia
3498 1783 3675 1843 minus

410 1864 768 1921 prmslantes,
801 1857 957 1924 juxta
993 1859 1219 1925 gradum
1258 1858 1520 1926 cujusque
1554 1868 1608 1927 et
1643 1856 1890 1927 ordinem
1924 1872 1938 1919 ;
1978 1853 2103 1927 inde
2139 1855 2248 1907 vita
2285 1858 2463 1908 omnis
2497 1869 2551 1912 et
2585 1853 2887 1927 plantarum
2924 1869 2979 1913 et
3013 1861 3325 1913 animalium
3350 1901 3365 1921 ,
3402 1869 3464 1914 et
3499 1859 3671 1912 homi~

409 1938 537 1997 num
562 1933 617 1977 et
656 1922 963 1979 daemonum
997 1922 1053 1979 et
1078 1922 1640 1997 angelorunt,—omuis
1692 1926 1796 1997 vita
1835 1922 2102 1997 naturalis
2133 1922 2687 1997 etsupernaturalis,
2725 1929 2885 1997 hujus
2919 1930 3101 1985 saeculi
3141 1942 3195 1984 et
3225 1930 3439 1992 futuri,
3471 1941 3673 1996 tempo-

410 1993 541 2067 ralis
577 2004 632 2047 et
665 2006 892 2067 ιιιιθτιιιι.
917 1993 1178 2064 Denique,
1205 1999 1344 2051 sicut
1381 1998 1493 2065 ipse
1528 2004 1607 2049 est
1633 1996 1876 2067 omnium
1912 1994 2300 2067 exsistentiuin
2332 2012 2452 2051 esse
2486 1993 2963 2067 supet'esseiitiale,
2990 2002 3061 2054 ita
3096 2001 3335 2054 omnium
3369 1993 3672 2054 viventium

407 2064 517 2142 vita
554 2066 920 2142 supervitalis,
946 2068 1035 2142 uti
1057 2067 1361 2142 pionysius
1392 2064 1489 2142 ait.
1522 2066 1687 2120 Plura
1722 2066 1848 2120 vide
1883 2065 2024 2134 apud
2051 2064 2235 2118 divum
2261 2064 2738 2138 Thomam-parte
2761 2069 2959 2140 prima,
2991 2073 3291 2142 quaestione
3321 2073 3414 2139 18,
3455 2070 3617 2125 artic.
3648 2069 3668 2122 I

407 2141 461 2185 et
496 2138 875 2205 sequentibus,
907 2138 995 2192 ttbi
1037 2139 1279 2209 disputat
1306 2140 1372 2193 de
1403 2138 1537 2191 vita.

1400 2425 1893 2483 PARAPIIRASIS
1932 2425 2381 2483 ΡΛΟΙΙΥΜΕΒᾸΞ
2414 2426 2548 2498 (ιε).

480 2565 509 2637 §
548 2568 587 2620 l.
628 2568 819 2637 Incipit
849 2571 914 2623 de
940 2568 1048 2621 vita
1089 2578 1293 2622 aiterna
1325 2570 1490 2623 verba
1524 2570 1723 2632 facere,
1776 2572 1985 2625 scilicet

2160 2570 2185 2639 ς
2226 2569 2265 2621 I.
2312 2570 2571 2639 ’Λρχεται
2600 2567 2727 2638 περὶ
2764 2568 2861 2638 τῆς
2906 2567 3123 2621 αίωνίου
3167 2566 3347 2635 λέγειν
3379 2566 3560 2637 ζωῆς,
3585 2568 3677 2638 τῆς

411 2661 615 2714 divina.
658 2660 940 2715 IEternam
974 2670 1156 2715 autem
1204 2662 1355 2725 dicit,
1390 2679 1495 2717 non
1536 2666 1679 2732 quod
1703 2666 1991 2733 participet

410 2754 766 2807 aeternitatem
793 2756 1085 2823 (siquidem
1140 2755 1257 2808 lure
1310 2758 1553 2809 euntinet
1597 2757 1986 2825 zeternitates),

410 2846 503 2899 sed
550 2846 709 2900 sicuti
768 2847 908 2902 Deus
939 2858 995 2902 et
1025 2864 1122 2903 ens
1166 2849 1371 2902 dicitur
1418 2857 1471 2901 et
1518 2848 1804 2917 plusquam
1850 2863 1988 2911 ens;

411 2955 534 2992 cum
575 2940 718 3007 quod
748 2940 817 2993 sit
846 2941 1167 2994 exsistentia
1200 2940 1481 3009 plusquam
1511 2942 1850 3003 exsistentia,
1879 2950 1988 2993 tum

412 3032 554 3099 quod
588 3046 691 3085 non
725 3034 1016 3101 participet
1054 3033 1372 3095 essentiam,
1425 3031 1519 3083 sed
1552 3033 1619 3084 sit
1662 3044 1989 3098 supraquam

411 3125 643 3179 essentia
670 3140 685 3189 ;
730 3125 809 3178 sic
857 3126 1020 3176 etiam
1052 3134 1252 3176 mterna
1276 3132 1361 3177 est
1388 3124 1497 3175 vita
1522 3124 1662 3189 ejus,
1692 3129 1747 3177 et
1777 3139 1988 3176 rursum

414 3218 700 3286 plusquam
745 3227 971 3271 teterna.
1013 3215 1242 3269 Aiterna
1293 3216 1539 3284 quidem,
1572 3218 1700 3283 quia
1738 3217 1852 3285 ipse
1884 3216 1987 3269 sibi

412 3312 691 3365 aeternitas
714 3320 769 3365 et
790 3310 1122 3380 perpetuitas
1144 3310 1394 3375 exsistit;
1430 3325 1757 3378 supraquam
1788 3319 1989 3363 :eterna

412 3419 566 3471 vero,
596 3405 719 3475 quia
755 3404 869 3474 ipse
901 3404 1222 3457 smculorum
1252 3417 1471 3471 quoque
1504 3402 1755 3455 conditor
1780 3412 1882 3456 est.
1912 3401 1989 3455 Ex

419 3503 520 3551 hac
550 3498 662 3550 vita
709 3498 1039 3566 sempiterna
1078 3511 1173 3564 per
1199 3509 1256 3549 se
1288 3494 1395 3547 vita
1442 3495 1727 3561 onmisque
1755 3494 1864 3549 vita
1886 3505 1989 3548 est.

416 3588 521 3641 Per
555 3606 613 3644 se
644 3590 753 3642 vita
800 3588 1147 3655 intelligenda
1220 3594 1302 3640 est
1365 3586 1417 3638 in
1470 3586 1577 3639 Deo
1633 3588 1772 3641 ratio
1812 3600 1995 3639 exem-

419 3682 584 3749 plaris
617 3681 785 3751 ipsius
809 3680 935 3733 vitae
967 3694 982 3741 ;
1010 3677 1187 3733 omnis
1209 3685 1387 3729 autem
1422 3677 1553 3738 vita,
1586 3675 1902 3744 accipienda
1930 3689 1993 3729 ea

418 3790 542 3843 qua:
580 3783 662 3827 est
694 3774 743 3826 in
776 3772 1000 3841 angelis,
1032 3782 1081 3825 et
1118 3772 1170 3825 iu
1199 3770 1535 3835 hominibus,
1565 3782 1726 3838 atque
1774 3768 1996 3836 insuper

420 3869 475 3921 in
500 3867 697 3929 brutis,
730 3876 785 3919 et
816 3866 1115 3933 stirpibus;
1152 3864 1276 3917 licet
1300 3864 1442 3915 enim
1471 3864 1652 3915 omnia
1699 3863 1887 3915 vivant
1910 3864 1994 3915 vi-

2095 2660 2244 2723 οείας
2264 2660 2482 2732 δηλαδή.
2537 2660 2770 2713 Αίωνίαν
2804 2660 2860 2712 δὲ
2905 2660 3071 2727 λέγει,
3116 2660 3213 2730 οὐχ
3242 2660 3325 2712 ὅτι
3362 2659 3461 2713 τοῦ
3494 2660 3680 2722 αἰῶνος

2097 2752 2347 2823 μετέχει,
2409 2752 2569 2823 (αὕτη
2632 2751 2741 2824 γὰρ
2800 2752 3039 2822 περιέχει
3091 2752 3185 2803 καὶ
3237 2752 3366 2814 τοὺς
3409 2753 3623 2814 αἰῶνας
3648 2750 3683 2815 ⁵)

2092 2844 2205 2897 ἀλλ’
2266 2845 2453 2913 ὥσπερ
2514 2846 2731 2913 λέγεται
2799 2846 2895 2915 μὲν
2948 2844 3042 2896 καὶ
3097 2843 3156 2896 ὃν
3215 2846 3243 2897 ὁ
3300 2844 3480 2907 Θεὸς,
3544 2844 3683 2911 λέγε-

2092 2949 2183 2985 ται
2217 2932 2393 2985 δὲκαὶ
2441 2932 2581 3004 ὑπὲρ
2619 2932 2679 2985 τὸ
2708 2932 2799 2983 ὃν·
2832 2931 2893 2983 τὸ
2939 2932 3059 3002 μὲν,
3100 2930 3182 2983 ὅτι
3239 2930 3387 2981 ἐστὶν
3452 2927 3684 2999 ὕπαρξις

2096 3025 2236 3095 ὑπὲρ
2283 3024 2547 3094 ὓπαρξιν
2594 3023 2655 3075 τὸ
2709 3022 2783 3085 δὲ,
2848 3022 2930 3074 ὅτι
2988 3021 3048 3073 οὐ
3120 3020 3335 3091 μετέχει
3392 3019 3496 3071 τοῦ
3535 3015 3684 3079 εἶναι,

2095 3116 2207 3169 ἀλλ’
2237 3115 2375 3185 ὑπὲρ
2408 3114 2469 3166 τὸ
2500 3108 2636 3166 εἷναί
2665 3115 2812 3165 ἐστιν
2830 3129 2842 3141 ·
2876 3110 3019 3164 οὕτω
3041 3112 3136 3163 καὶ
3163 3109 3380 3173 αἰώνιος
3406 3112 3443 3180 ὴ
3471 3108 3588 3179 ζωὴ
3607 3110 3687 3161 αὖ·

2094 3207 2208 3270 τοῦ,
2240 3207 2333 3259 καὶ
2354 3206 2511 3259 πάλιν
2542 3202 2921 3276 ὑπεραιώνιος.
2946 3204 3171 3265 Αίώνιος
3204 3203 3324 3271 μὲν,
3358 3200 3503 3254 διότι
3534 3200 3685 3260 αὐτὸς

2095 3297 2273 3368 ἑαυτῷ
2304 3300 2449 3350 ἐστιν
2487 3296 2620 3350 αίὼν
2660 3298 2753 3349 καὶ
2787 3295 3023 3365 ἀϊδιότης
3050 3312 3061 3324 ·
3100 3293 3467 3365 ὑπεραιώνιος
3510 3293 3592 3353 δὲ,
3615 3293 3689 3345 ὅτι

2096 3391 2189 3443 καὶ
2212 3388 2422 3441 αἰώνων
2470 3384 2624 3452 οὗτός
2660 3391 2777 3440 ἐστι
2822 3387 3067 3457 ποιητής.
3114 3387 3208 3438 Ἐκ
3238 3384 3448 3455 ταύτης
3481 3385 3583 3455 τῆς
3612 3385 3687 3436 ἀϊ-

2095 3488 2206 3541 δίου
2241 3488 2387 3557 ζωῆς
2486 3484 2731 3556 αὖτοζωὴ
2770 3487 2864 3539 καὶ
2895 3486 3043 3537 πᾶσα
3073 3482 3205 3553 ζωή.
3255 3481 3559 3551 Αὑτοζωὴν
3580 3497 3689 3548 νοη-

2096 3581 2215 3632 τέον
2247 3580 2337 3633 τὸν
2365 3582 2421 3632 ὲν
2445 3580 2521 3651 τῷ
2544 3579 2662 3649 Θεῷ
2691 3577 3188 3649 παραδειγματικὺν
3204 3576 3361 3643 λόγον
3382 3577 3491 3647 τῆς
3517 3576 3657 3645 ζωῆς
3673 3593 3685 3604 ’

2100 3672 2280 3724 πᾶσαν
2313 3670 2367 3723 δὲ
2400 3669 2544 3741 ζωὴν
2589 3671 2688 3741 τὴν
2728 3672 2785 3722 έν
2814 3672 2923 3730 τοῖς
2956 3667 3229 3736 ἀγγέλοις,
3259 3666 3357 3736 τὴν
3391 3668 3452 3720 ὲν
3478 3668 3593 3729 τοῖς
3613 3666 3689 3717 ἁν-

2099 3763 2355 3835 Οριῖ)ποις,
2389 3764 2468 3815 ἔτι
2503 3764 2557 3815 δὲ
2586 3764 2679 3815 καὶ
2715 3761 2814 3832 τὴν
2858 3764 2915 3812 ἐν
2944 3762 3055 3823 τοῖς
3086 3760 3321 3827 ἀλόγοις,
3355 3760 3455 3811 καὶ
3490 3760 3573 3811 ἔτι
3601 3756 3689 3827 τὴν

2098 3856 2154 3907 ὲν
2185 3857 2295 3917 τοῖς
2331 3856 2514 3923 φυτοῖς
2539 3871 2552 3884 ⁸
2586 3854 2651 3907 ἂν
2680 3853 2788 3923 γὰρ
2827 3853 2922 3904 καὶ
2977 3852 3155 3903 πάντα
3209 3850 3343 3912 ζῶσι
3381 3852 3480 3903 καὶ
3523 3852 3690 3903 πάντα

424 3973 644 4028 tamque
690 3959 1035 4027 participent,
1095 3957 1318 4025 proprio
1371 3966 1550 4009 tamen
1612 3956 1807 4023 cuique
1838 3958 1996 4009 modo

2104 3946 2375 4017 μετέχωσι
2425 3945 2523 4015 τῆς
2577 3942 2740 4015 ζωῆς,
2792 3943 2903 3996 ἀλλ’
2936 3942 3151 4005 οἰκείως
3186 3941 3405 4010 ἑκάστῳ
3440 3942 3584 3994 κατὰ
3608 3940 3690 3992 τὸν

422 4070 522 4124 pro
556 4055 767 4107 ratione
799 4062 1004 4106 natura:
1042 4066 1151 4105 suae
1178 4052 1289 4103 vita
1317 4050 1724 4104 disseminatur.
1772 4048 1999 4118 Pr0prie

424 4150 608 4196 autem
662 4144 1061 4204 disseminatur,
1132 4140 1401 4208 siquidem
1454 4139 1707 4195 omnibus
1772 4140 2003 4194 viventis

429 4233 699 4287 membris
751 4233 859 4286 vita
917 4233 1260 4301 aspergitur,
1314 4247 1502 4285 verum
1554 4246 1660 4285 non
1704 4233 2000 4286 secundum

428 4330 590 4384 aliam
620 4339 784 4398 atque
824 4327 985 4381 aliam
1039 4329 1163 4380 vita:
1205 4334 1412 4396 partem
1459 4328 1511 4380 in
1551 4326 1654 4380 alia
1698 4336 1860 4393 atque
1898 4326 2003 4381 alia

428 4424 673 4493 corporis
711 4430 887 4491 parte,
920 4420 1014 4473 sed
1048 4429 1155 4473 tota
1187 4420 1238 4471 in
1272 4418 1549 4483 omnibus,
1584 4418 1726 4472 sicut
1755 4420 1807 4473 in
1840 4420 2005 4473 semi-

430 4531 498 4569 ne
527 4514 578 4567 in
605 4514 719 4568 suis
743 4510 995 4565 folliculis
1033 4510 1349 4571 distributo,
1390 4508 1443 4560 in
1478 4523 1808 4577 unaquaque
1850 4519 2006 4579 parte

428 4608 606 4660 omnis
638 4606 720 4658 vis
765 4603 991 4659 seminis
1043 4602 1261 4656 exsistit
1291 4602 1499 4669 integra
1545 4610 1601 4655 et
1632 4600 1893 4670 perfecta.
1928 4602 2007 4656 Ex

433 4702 535 4754 hac
565 4700 671 4753 vita
700 4708 901 4753 aeterna
933 4696 1247 4765 angelorum
1285 4695 1395 4747 vita
1415 4703 1498 4749 est
1528 4704 1579 4747 et
1605 4695 1877 4758 subsistit,
1913 4696 2005 4762 qui

432 4802 488 4845 et
536 4790 871 4845 immortales
941 4788 1307 4857 appellantur,
1363 4797 1417 4842 et
1468 4803 1573 4841 non
1627 4787 2006 4853 immortales;

439 4882 568 4936 illud
609 4883 849 4951 quidem,
892 4882 1018 4951 quia
1054 4890 1179 4935 sunt
1211 4879 1694 4949 incorruptibiles;
1730 4880 1832 4935 hoc
1855 4896 2009 4945 vero,

438 4984 688 5043 respectu
730 4975 965 5042 propriae
1008 4974 1461 5036 immortalitatis,
1510 4974 1637 5041 quia
1680 4989 1785 5027 non
1826 4990 1923 5043 per
1954 4988 2012 5028 se

439 5068 641 5122 habent
715 5064 1179 5119 immortalitatem
1249 5064 1325 5117 uti
1386 5064 1521 5133 ipsa,
1578 5063 1670 5117 sed
1720 5077 1816 5131 per
1869 5062 2012 5115 illius

437 5171 653 5215 :eternze
680 5175 744 5214 ac
760 5158 925 5231 555
943 5158 1137 5213 divina:
1162 5158 1286 5213 vita‘.
1311 5158 1784 5228 participationem
1813 5171 2010 5225 ;qu:un

435 5266 491 5310 et
522 5256 630 5309 vim
655 5252 1013 5310 conservandi
1057 5252 1264 5307 habere
1304 5253 1456 5312 dicit.
1497 5252 1569 5306 ita
1608 5259 1667 5305 ut
1709 5252 1874 5306 rebus
1900 5266 2008 5305 non

2104 4038 2204 4107 τῆς
2263 4036 2477 4106 φύσεως
2529 4034 2693 4087 αὑτοῦ
2732 4034 2888 4103 λόγον
2925 4032 2986 4086 τὺ
3022 4032 3119 4103 ζῇν
3150 4031 3554 4103 διασπείρεται.
3607 4033 3690 4085 Οίο

2108 4136 2253 4187 κεῖον
2286 4132 2342 4185 δὲ
2373 4132 2469 4185 καὶ
2492 4132 2557 4184 τὸ
2594 4129 2999 4196 διασπείρεται
3024 4144 3037 4156 ·
3094 4126 3564 4197 παρεσπαρμένον
3594 4126 3691 4193 γάρ

2104 4231 2219 4282 ἐστι
2241 4227 2301 4279 τὸ
2325 4225 2423 4297 ζῇν
2449 4228 2561 4288 τοῖς
2614 4222 2706 4277 τοῦ
2740 4222 2939 4287 ζῶντος
2974 4220 3191 4291 μέλεσιν
3237 4218 3436 4282 ἅπασι,
3472 4217 3611 4289 πλὴν
3637 4216 3689 4267 οὐ

2106 4319 2247 4373 κατὰ
2304 4316 2569 4389 μερισμόν
2611 4333 2731 4367 τινα
2782 4314 2875 4367 καὶ
2904 4312 3031 4367 ἄλλο
3077 4311 3241 4382 μέρος
3275 4310 3445 4381 ζωῆς,
3477 4312 3538 4362 ὲν
3559 4307 3691 4375 ἄλλῳ

2113 4411 2268 4481 μέρει
2300 4408 2570 4479 σώματος,
2605 4406 2719 4461 ἀλλ’
2762 4406 2906 4459 ᾶπαν
2951 4406 3010 4457 ὲν
3040 4405 3225 4467 πᾶσιν,
3264 4401 3459 4472 ὥσπερ
3489 4401 3586 4453 καὶ
3608 4399 3690 4453 ἐπὶ

2111 4500 2205 4553 τοῦ
2239 4503 2319 4565 εἰς
2362 4500 2462 4564 τὰς
2498 4499 2718 4561 κύστεις
2760 4494 3161 4567 μεμερισμένοι)
3206 4492 3525 4562 σπέρματος
3572 4490 3691 4545 hm-

2114 4611 2181 4647 σα
2216 4594 2248 4663 ἡ
2279 4591 2373 4645 τοῦ
2402 4591 2713 4662 σπέρματος
2753 4588 2981 4657 δύναμις
3005 4588 3063 4638 ὲν
3096 4585 3311 4654 ἑκάστῳ
3342 4584 3506 4656 μέρει
3528 4582 3691 4636 ὁλοτε-

2111 4687 2207 4757 λὴς
2242 4687 2335 4739 καὶ
2374 4683 2559 4737 τελεία
2587 4681 2755 4735 ἐστίν.
2797 4681 2891 4733 Ἐκ
2923 4678 3128 4748 ταύτης
3162 4677 3260 4746 τῆς
3290 4676 3518 4729 αἰωνίου
3554 4672 3689 4741 ζωῆς

2114 4783 2147 4850 ἡ
2172 4779 2281 4832 τῶν
2309 4777 2555 4847 ἀγγέλων
2600 4775 2712 4845 ζωή
2759 4774 2876 4827 ἐστί
2914 4789 2972 4825 τε
3014 4770 3109 4823 καὶ
3153 4768 3471 4839 ὑφίσταται,
3511 4768 3688 4826 οἵτινες

2115 4875 2209 4927 καὶ
2252 4872 2507 4925 ἀθάνατοι
2555 4868 2821 4937 λέγονται,
2864 4866 2959 4920 καὶ
3005 4865 3107 4918 οὐκ
3154 4863 3446 4917 ἀθάνατοι·
3496 4863 3558 4914 τὸ
3585 4859 3688 4929 μὲν,

2115 4965 2202 5019 διὰ
2236 4965 2295 5018 τὸ
2322 4960 2461 5017 εἶναι
2478 4960 2793 5031 ἀνώλεθροι,
2827 4958 2889 5011 τὸ
2915 4958 2992 5022 δὲ,
3020 4956 3157 5028 πρὸς
3190 4954 3252 5008 τὸ
3278 4953 3489 5025 κυρίως
3509 4953 3689 5006 ἀθάνα-

2116 5070 2219 5116 τοι,
2247 5053 2329 5104 ὃτι
2357 5051 2419 5102 οὐ
2453 5051 2581 5117 παρ’
2617 5049 2823 5101 ἑαυτῶν
2852 5046 2914 5099 τὸ
2944 5044 3210 5099 ἀθάνατον
3250 5042 3488 5114 ἔχουσιν,
3518 5042 3688 5109 ὥσπερ

2120 5147 2316 5205 ἐκεῖνο,
2342 5141 2477 5195 ἀλλὰ
2515 5139 2656 5193 κατὰ
2708 5136 2944 5209 μετοχὴν
2980 5137 3078 5206 τῆς
3105 5134 3328 5189 αἰωνίου
3356 5135 3574 5202 ἐκείνης
3608 5131 3687 5183 καὶ

2121 5238 2271 5300 Οείας
2290 5234 2455 5306 ζωῆς,
2490 5235 2556 5304 ἣν
2583 5233 2677 5287 καὶ
2706 5228 2997 5301 συνοχικὴν
3027 5226 3177 5295 λέγει
3203 5225 3278 5289 ὡς
3304 5225 3403 5296 τὴν
3436 5224 3577 5295 ζωὴν
3604 5220 3687 5289 τὴν

438 5348 613 5403 solum
644 5350 810 5405 vitam
846 5345 1115 5409 conferat,
1144 5360 1332 5398 verum
1379 5346 1547 5399 etiam
1579 5354 1638 5397 ut
1661 5356 1998 5411 perseverent

2119 5333 2176 5383 ὲν
2204 5333 2317 5393 τοῖς
2340 5324 2460 5382 οὖσι
2493 5327 2568 5399 μὴ
2600 5326 2759 5397 μόνον
2801 5321 3305 5393 δημιουργήσασαν,
3345 5317 3483 5370 ἀλλὰ
3512 5316 3601 5369 καὶ
3619 5315 3685 5373 είς

440 5442 740 5497 contineat.
768 5441 835 5495 Et
855 5441 997 5495 sicut
1019 5440 1084 5493 de
1106 5446 1232 5492 ente
1267 5437 1525 5497 diximus,
1558 5437 1729 5490 Deum
1761 5451 1867 5489 non
1893 5442 1998 5487 tant

2116 5425 2177 5477 τὸ
2206 5421 2482 5493 διαμένειν
2532 5417 2881 5488 συνέχουσαν.
2934 5414 3047 5467 Καὶ
3091 5410 3282 5481 ὥσπερ
3313 5409 3407 5463 ἐπὶ
3433 5408 3528 5461 τοῦ
3555 5407 3685 5497 δντος

445 5544 558 5588 tum
582 5534 750 5603 ipsius
773 5547 871 5602 per
899 5546 958 5587 se
979 5546 1120 5598 esse,
1157 5529 1211 5584 itl
1238 5539 1325 5585 est
1352 5530 1583 5584 rationis
1612 5544 1717 5598 qua
1749 5543 1846 5583 ens
1872 5542 1997 5581 crea

2118 5514 2399 5584 ἐλέγομεν,
2427 5513 2509 5565 ὅτι
2551 5512 2645 5564 καὶ
2686 5507 2749 5561 τὸ
2786 5504 2918 5560 αὐτὸ
2960 5498 3121 5567 εἶναι,
3169 5499 3417 5553 τουτέστι
3464 5497 3558 5551 τοῦ
3603 5495 3683 5563 δη-

446 5635 554 5691 tur,
597 5642 770 5681 aevum
817 5625 1084 5693 esse;sic
1129 5625 1291 5679 etiam
1348 5622 1579 5679 rationis
1613 5622 1752 5693 ejus,
1778 5636 1884 5691 qua
1908 5621 1998 5674 vit:

2129 5614 2450 5689 μιουργικοῦ
2484 5614 2641 5683 λόγου
2672 5609 2766 5665 τοῦ
2800 5608 2953 5673 ὄντος
2975 5606 3123 5660 ἐστὶν
3152 5603 3284 5658 αἰὼν
3314 5604 3343 5657 ὁ
3364 5601 3531 5666 Θεός·
3565 5597 3687 5652 οὕτω

529 5801 638 5863 (42)
673 5802 805 5858 Vide
831 5803 1048 5859 Scholia
1106 5802 1162 5859 S.
1206 5800 1423 5857 Maximi
1456 5810 1563 5857 tom
1588 5800 1655 5869 ll,
1686 5816 1805 5871 cap.
1842 5799 1874 5854 6
1928 5798 2007 5853 Dc
2040 5797 2225 5852 divinis
2260 5798 2456 5851 nomin.
