3866 6234
207 286 348 344 861
832 292 920 348 DE
953 293 1210 353 DIVIMS
1240 294 1641 363 NOMINIBUS,
1675 294 1786 357 CA]

1898 295 1947 358 Ἰ.
1980 297 2416 358 -ΡΑΒΑΡΗΙΜ
2455 301 2930 368 PACHYMEIUE.
3392 320 3500 376 862

206 420 339 474 καὶ
363 421 456 475 τοῦ
483 422 581 493 τῆς
610 422 755 495 ζωῆς
801 424 1189 498 δημιουργικοῦ
1243 427 1400 496 λόγου
1434 431 1580 485 αἰτία
1609 430 1755 484 ἐστὶν

1898 431 2267 500 producitur,
2298 449 2461 489 causa
2506 432 2728 488 exsistit
2769 433 2954 488 divina
3004 435 3134 490 vita.
3161 437 3286 495 Haec
3316 451 3498 497 autem

203 511 366 565 θεία
390 512 522 584 ζωή.
546 513 734 567 Ταῦτα
754 515 810 568 δὲ
837 516 974 570 κατά
999 517 1108 573 τῶν
1136 519 1543 591 πρεσϐευόντων
1575 520 1716 584 ίδέας
1738 522 1786 572 αἱ

1929 526 2228 580 secundum
2259 525 2602 594 antiquiores
2647 524 2906 579 dicuntur
2951 527 3082 582 idem
3115 544 3209 597 per
3232 547 3292 585 se
3317 535 3496 591 subsi-

204 603 612 668 θυποστάτους
635 607 731 660 καὶ
761 607 1057 673 συναϊδίους
1089 608 1168 679 τῷ
1205 611 1523 683 δημιουργῷ
1553 611 1786 680 λέγονται

1925 623 2133 670 stentes
2163 625 2218 670 et
2251 617 2484 670 creatori
2519 625 2831 670 coaeternaa.
2879 616 2956 670 Ex
2997 618 3100 672 hac
3144 633 3347 677 interna
3384 627 3496 682 vita

217 692 350 748 Ἐκ
381 697 582 767 ταύτης
623 698 724 768 τῆς
766 699 984 752 αἰωνίου
1027 701 1172 771 ζωῆς
1215 702 1270 754 αἱ
1305 702 1520 771 λογικαὶ
1562 701 1730 772 ψυχαὶ
1761 719 1786 754 τ

1927 708 2124 762 anima!
2151 704 2444 760 rationales
2476 705 3055 774 incorruptibilitatem
3085 709 3305 777 habent,
3339 714 3494 768 bruta

198 793 544 867 ἀνώλεθρον
579 796 781 867 έχουσι,
811 796 880 850 τὰ
898 797 1068 866 ἄλογα
1091 797 1204 862 ζῶα
1234 798 1409 852 πάντα
1439 799 1592 864 ζῶσι,
1628 800 1721 853 καὶ
1749 816 1786 852 τ‹

1924 798 2106 854 omnia
2133 797 2342 860 vivunt,
2385 805 2439 851 et
2487 795 2684 865 plantzc
2709 835 2725 861 ,
2768 798 2910 866 quod
2945 797 3135 853 ultimo
3176 802 3300 856 vitae
3327 806 3495 873 gradu

198 888 384 955 φυτά
414 888 473 942 τὸ
504 888 602 960 ζῇν
637 889 818 960 ἔχουσι
857 890 996 943 κατὰ
1031 890 1259 962 ἔσχατον
1286 892 1576 962 ἀπήχημα,
1598 891 1675 956 ὡς
1703 892 1786 945 ὲλέ

1925 891 2217 959 gaudeant,
2265 890 2406 944 sicut
2432 899 2591 942 antea
2640 889 2898 944 diximus.
2938 888 3071 946 Vitae
3104 893 3287 962 itaque
3312 896 3496 951 bruto-

195 997 408 1052 γομεν
447 983 731 1054 πρότερον.
767 985 832 1037 Ai
869 983 999 1053 γοῦν
1033 985 1168 1049 ζωαὶ
1199 984 1308 1037 τῶν
1351 984 1558 1053 ἀλόγων
1588 985 1683 1038 καὶ
1708 984 1786 1038 τῶ

1924 995 2043 1034 rum
2075 996 2137 1035 ac
2165 980 2473 1050 plantarum
2523 997 2629 1035 non
2676 993 2804 1036 sunt
2835 983 3051 1048 divinae,
3085 987 3177 1040 sed
3206 987 3347 1056 ignis
3381 1005 3495 1041 ma-

195 1074 422 1140 φυτῶν
465 1076 563 1128 οὐκ
597 1077 705 1129 είσὶ
738 1074 896 1140 θεῖαι,
926 1076 1060 1130 ἀλλὰ
1094 1076 1190 1130 τοῦ
1234 1077 1420 1131 ὲνύλου
1450 1077 1620 1150 πυρός
1640 1095 1700 1130 τε
1724 1096 1786 1132 κα

1923 1073 2125 1128 terialis
2151 1089 2212 1127 ac
2237 1073 2483 1144 spiritus.
2535 1072 2838 1127 Humanam
2884 1071 3065 1129 autem
3114 1077 3282 1131 vitam
3327 1091 3487 1134 vocat

1921 1165 2091 1220 David
2122 1166 2396 1234 spiritum,
2425 1167 2614 1221 dicens
2645 1186 2658 1221 :
2699 1166 2918 1236 Auferes
2939 1169 3180 1236 spiritum
3207 1187 3409 1235 eorum,
3443 1187 3493 1228 et

1919 1259 2158 1326 deﬁcient
2182 1260 2206 1297 8
2234 1275 2252 1322 ;
2283 1267 2376 1316 et:
2403 1257 2626 1312 Emitte:
2656 1261 2900 1328 spiritum
2929 1270 3098 1326 tuum,
3142 1273 3187 1316 et
3229 1266 3494 1318 creaban-

1918 1359 2008 1403 tur
2031 1349 2078 1412 ιι,
2110 1349 2360 1404 videlicet
2403 1351 2456 1403 in
2500 1352 2918 1406 resnscitatione
2962 1368 3025 1406 ac
3067 1356 3488 1410 resurrecﬁone.

1918 1441 2133 1509 Auferrt‘
2161 1452 2345 1496 autem
2381 1443 2562 1512 posuit
2611 1458 2712 1512 pro
2757 1445 3020 1514 separari,
3073 1446 3380 1514 declarans,
3422 1453 3492 1502 ab

1917 1536 2072 1589 initio
2101 1551 2316 1606 quoque
2344 1537 2594 1606 spiritum
2623 1536 2790 1591 fuisse
2813 1538 2997 1592 datum
3033 1556 3048 1604 ;
3075 1538 3337 1605 inﬁrmari
3362 1556 3492 1597 vero

195 1170 368 1223 πνεύ
379 1189 564 1243 ματος.
592 1172 703 1244 Τὴν
727 1172 782 1226 δὲ
811 1172 1160 1245 ἀνθρωπίνην
1205 1172 1348 1244 ζωὴν
1395 1172 1616 1243 πνεῦμά
1651 1189 1817 1242 φησιν

193 1263 231 1314 ὀ
259 1260 466 1325 Δαυῖδ,
505 1261 677 1330 λέγων
704 1279 718 1293 ’
780 1262 1154 1328 Ἀντανελεῖς
1197 1262 1263 1316 τὸ
1315 1264 1551 1333 πνεῦμα
1594 1261 1815 1328 αὐτῶν,

193 1351 326 1404 καὶ
387 1353 777 1421 ἐκλείψουσι·
829 1353 924 1406 καὶ
967 1351 1148 1406 πάλιν
1222 1351 1683 1418 Ἐξαποστελεῖς
1737 1350 1800 1404 τὸ

192 1443 466 1514 πνεῦμά
484 1460 620 1509 σου,
651 1443 749 1498 καὶ
783 1443 1233 1511 κτισθήσονται,
1257 1445 1498 1515 δηλονότι
1528 1447 1607 1508 εἰς
1634 1443 1815 1498 παλιν-

191 1534 398 1599 ςωῖαν
435 1537 529 1589 καὶ
569 1534 944 1602 ἐξανάστασιν.
984 1535 1056 1588 Τὸ
1071 1536 1180 1608 γάρ
1206 1536 1688 1605 (ἐπαναιρεῖσθαι
1718 1537 1814 1589 ἐπὶ

190 1626 309 1679 τοῦ
347 1628 704 1697 κεχωρίσθαι
725 1627 958 1693 τέθεικε,
998 1627 1230 1692 δεικνὺς,
1254 1628 1338 1681 ὅτι
1367 1630 1462 1683 καὶ
1489 1628 1617 1700 παρ’
1643 1628 1808 1681 αὐτοῦ

190 1718 464 1789 ἀρχῆθεν
485 1717 640 1788 ἐδόθη
656 1718 715 1771 τὸ
734 1717 950 1790 πνεῦμα
968 1735 980 1748 ·
1014 1718 1293 1772 ἀσθενεῖν
1322 1719 1379 1772 δὲ
1403 1720 1538 1791 πρὸς
1565 1719 1626 1772 τὸ
1655 1717 1811 1791 μετέ-

1916 1628 2050 1681 dicit
2090 1628 2144 1681 in
2195 1629 2356 1696 hujus
2404 1631 2528 1682 vita:
2568 1629 3003 1698 participatione,
3048 1633 3172 1700 quia
3204 1649 3308 1687 non
3343 1633 3489 1687 domi

1913 1729 2046 1781 suae,
2099 1731 2198 1771 nec
2240 1733 2270 1771 a
2324 1718 2518 1788 scipsis
2566 1719 2730 1772 vitam
2787 1720 3012 1788 habent,
3053 1723 3148 1778 sed
3206 1723 3422 1779 insitam
3457 1739 3488 1778 a

357 1784 483 1878 -τῆς
524 1784 674 1878 ζωής
721 1784 924 1880 ταύτης
975 1809 1128 1881 φησὶ,
1174 1807 1263 1862 διὰ
1289 1809 1350 1862 τὸ
1378 1784 1460 1882 μὴ.
1485 1784 1695 1863 οἴκοθεν
1717 1807 1809 1862 καλ⁴
1841 1784 1883 1844 Β
1913 1808 2044 1864 Deo.

189 1901 352 1972 παρ’
371 1899 578 1953 ἑαυτῶν
594 1898 848 1969 ἔχειντὴν
875 1898 1037 1970 ζωὴν,
1054 1898 1166 1952 ἀλλ’
1185 1899 1428 1970 ὲπακτὴν
1456 1899 1520 1952 ὲκ
1534 1898 1628 1952 τοῦ
1647 1898 1804 1954 Θεοῦ.

278 1993 315 2066 §
357 1995 424 2048 II.
469 1994 590 2047 Ὅτι
615 1992 746 2062 γοῦν
773 1992 873 2063 τὴν
897 1991 1042 2062 ζωὴν
1087 1991 1333 2064 ὲπακτὴν
1379 1991 1613 2064 ἔχουσιν,
1648 1992 1809 2047 ἀσθε-

189 2084 413 2138 νοῦντα
434 2084 570 2155 πρὸς
601 2083 700 2153 τὴν
735 2083 968 2154 μετοχὴν
996 2082 1186 2153 αὐτῆς,
1219 2082 1530 2138 ἐκλείπουσι
1548 2101 1562 2113 ·
1589 2083 1686 2137 καὶ
1711 2084 1809 2138 πά-

190 2179 293 2231 λιν
342 2177 808 2249 ὲπιστρεφόμενα,
853 2178 1016 2232 πάλιν
1051 2178 1339 2243 ζωοῦνται.
1372 2179 1616 2250 Τοίνυνή
1646 2178 1805 2232 αὐτο-

191 2271 352 2343 ζωὴ,
377 2272 540 2335 αὐτὸς
571 2274 600 2325 ὁ
627 2271 1018 2343 δημιουργικὸς
1048 2274 1141 2326 καί¹
1181 2272 1678 2344 παραδειγματικὸς
1702 2272 1804 2342 τῆς

191 2364 365 2434 ζωῆς
387 2363 563 2433 λόγος,
596 2365 625 2416 ὁ
656 2366 714 2418 ἐν
741 2363 820 2435 τῷ
855 2363 973 2434 Θεῷ
997 2365 1163 2429 ἀΐδιος
1201 2365 1298 2430 ὢν,
1335 2365 1588 2434 δωρεῖται
1617 2365 1803 2438 ἁπάσῃ

191 2457 325 2527 ζωῇ
360 2455 421 2508 τὸ
445 2451 604 2521 εἶναι,
634 2454 728 2508 καὶ
752 2457 818 2527 τῇ
852 2454 1061 2521 ἁπλῶς,
1088 2457 1183 2509 καὶ
1209 2457 1276 2528 τῇ
1321 2454 1442 2509 καθ’
1473 2454 1680 2510 ἕκαστα
1718 2456 1799 2511 ol-

191 2549 380 2617 κείως
414 2550 632 2625 ἑκάστῳ
676 2547 785 2603 τῶν
835 2548 1081 2617 ζώνιωνο
1124 2553 1219 2606 καὶ
1258 2554 1373 2616 τοῖς
1409 2552 1505 2623 μὲν
1551 2552 1800 2621 ἀγγέλοις

193 2644 361 2716 ζωὴν
396 2644 577 2699 δίδωσι
618 2644 718 2716 τὴν
764 2643 925 2698 ἆῦλον
967 2645 1062 2698 καὶ
1110 2643 1355 2715 θεοειδῆο
1401 2645 1510 2697 ὅλοι
1556 2645 1664 2716 γάρ
1695 2647 1800 2699 εἰσι

195 2736 351 2802 ζωαὶ
394 2736 647 2802 ὲνούσιοι,
692 2736 780 2790 ἀεὶ
818 2737 913 2791 καὶ
948 2735 1365 2808 ἀπαρεγκλίτως
1410 2735 1718 2806 κινούμενοι
1741 2739 1800 2791 ἐν

193 2827 283 2899 τῷ
325 2826 448 2899 ζῇν.
486 2826 890 2898 Ὑπερεκτείνει
915 2826 971 2879 δὲ
992 2827 1092 2898 τὴν
1115 2827 1370 2898 τοιαύτην
1388 2825 1531 2896 ζωὴν
1570 2826 1634 2878 δι’
1666 2827 1800 2895 ἀγα-

196 2917 414 2988 θότητα
434 2917 869 2989 (ἀμεταμέλητα
898 2920 1009 2987 γὰρ
1024 2919 1097 2971 τὰ
1119 2918 1247 2972 θεῖα
1273 2918 1613 2987 χαρίσματα
1635 2917 1674 2986 ·)
1703 2918 1797 2971 καὶ

193 3005 297 3076 τῷ-
316 3007 582 3078 δαιμονίῳ
610 3006 760 3078 φύλῳ
779 3025 792 3038 ·
825 3008 918 3061 καὶ
942 3009 975 3078 ἡ
1000 3008 1112 3080 ζωὴ
1133 3007 1242 3077 γὰρ
1264 3006 1374 3060 τῶν
1395 3007 1665 3078 δαιμόνων
1699 3009 1796 3062 καὶ

197 3101 345 3170 παρ’
368 3099 538 3170 αὐτῆς
583 3100 811 3171 ὑπέστη,
845 3101 942 3153 καὶ
972 3100 1102 3172 παρ’
1150 3101 1321 3173 αὐτῆς
1363 3101 1644 3171 συνέχεται
1693 3101 1794 3172 τῆς
1825 3132 1866 3190 C

198 3188 510 3260 αὐτοζωῆς.
540 3193 804 3262 Δωρεῖται
851 3193 944 3245 καὶ
971 3193 1084 3256 τοῖς
1107 3189 1415 3264 ἀνθρώποις
1439 3194 1557 3256 ταῖς
1591 3192 1797 3264 συμμί-

200 3297 360 3344 κτοις
398 3281 599 3352 ψυχαῖς
657 3281 796 3352 μετὰ
848 3281 1102 3354 σώματος
1133 3281 1233 3352 τὴν
1269 3282 1584 3354 ἀγγελοειδῆ
1626 3281 1794 3354 ζωὴν,

199 3375 352 3446 πλὴν
392 3377 470 3441 ὡς
511 3377 719 3431 ἔνεστι·
770 3377 934 3449 μέσον
983 3375 1094 3448 γὰρ
1135 3378 1235 3449 τῆς
1265 3378 1498 3450 φυσικῆς
1527 3378 1673 3450 ζωῆς
1703 3376 1798 3431 καὶ

197 3466 305 3536 τῆς
323 3467 622 3538 ἀηελικῆς
641 3468 793 3531 ὄντες
817 3471 1001 3539 ἡμεῖς,
1033 3467 1133 3540 τὴν
1171 3469 1344 3542 ῥοπὴν
1383 3471 1470 3524 ἐπ’
1511 3471 1797 3543 ἀμφότερα

201 3560 330 3613 κατ’
369 3559 822 3629 αὐτεξουσιότητα
859 3559 1085 3632 ἔχομεν·
1117 3561 1151 3633 ἢ
1179 3561 1377 3632 μᾶλλον
1415 3564 1610 3629 εἰπεῖν,
1657 3563 1795 3636 πρὸς

197 3653 304 3724 τὴν
331 3649 629 3723 ἀγγελικὴν
664 3651 955 3724 ταχθέντες
985 3651 1151 3726 ζωὴν,
1193 3654 1249 3706 εἷ
1288 3672 1390 3709 που
1433 3658 1499 3726 τῇ
1535 3656 1795 3728 προαιρέ-

203 3763 288 3800 σει
335 3747 426 3799 καὶ
471 3745 947 3817 παρεγκλίνοιμεν,
995 3746 1328 3817 ὑπερϐλύσει
1385 3747 1794 3821 φιλανθρωπίας

203 3836 349 3906 πρὸς
369 3836 433 3890 τὸ
461 3837 520 3902 ἐξ
541 3837 718 3908 ἀρχῆς
744 3837 1162 3908 ἀνακαλούμεθα
1188 3839 1282 3892 καὶ
1312 3840 1754 3912 ὲπιστρεφόμεθα
1775 3857 1790 3874 ·

198 3928 299 3980 καὶ
341 3927 402 3980 τὸ
459 3928 936 4000 θαυμαστότερον,
979 3927 1135 3992 ὅλους
1171 3930 1321 4000 ἡμᾶς
1361 3930 1501 3984 κατὰ
1543 3930 1794 4002 σώματος

198 4020 342 4091 πρὸς
369 4019 469 4092 τὴν
498 4017 800 4092 ἀνώλεθρον
827 4020 974 4092 ζωὴν
1005 4021 1396 4090 ἐπαγγέλλεται
1431 4023 1756 4094 μεταθήσειν
1775 4063 1789 4078 .

198 4113 442 4185 Πρᾶγμα
457 4115 524 4184 τῇ
552 4114 765 4184 ἀνοήτῳ
803 4113 901 4185 μὲν
929 4113 1055 4188 δόξῃ
1086 4114 1197 4169 τῶν
1233 4115 1523 4187 Ἑλλήνων,
1567 4116 1792 4188 (ταύτην

197 4205 312 4277 γὰρ
349 4204 688 4278 παλαιότητα
722 4223 906 4277 φησιν,
933 4205 1010 4270 ὡς
1051 4205 1242 4278 μωρὰν
1271 4208 1364 4260 καὶ
1405 4207 1612 4280 σαθράν
1631 4208 1668 4277 ’)
1696 4208 1791 4262 κα)⁸

197 4296 610 4368 πιστευόμενον,
654 4297 782 4361 ἴσως
811 4297 886 4361 ὼς
933 4296 1084 4367 παρὰ
1123 4297 1284 4366 φύσιν
1325 4297 1549 4352 δοκοῦν·
1591 4302 1788 4355 ἐκεῖνοι

195 4389 308 4458 γὰρ
332 4388 484 4458 παρὰ
515 4386 679 4456 φύσιν
704 4387 952 4457 λέγουσιν
974 4385 1112 4442 εἶναι
1132 4392 1199 4460 τῇ
1230 4388 1331 4461 ὕλῃ
1354 4389 1416 4443 τὸ
1449 4390 1788 4445 ἀπαθανατί-

1981 1987 2008 2060 §
2045 1987 2107 2042 ll.
2148 1986 2288 2054 Quia
2331 1987 2516 2059 itaque
2563 1989 2729 2043 vitam
2762 1990 2980 2046 insitam
3011 1993 3233 2060 habent,
3266 1995 3391 2048 dum
3418 1997 3485 2050 ad

1907 2081 2024 2152 ejus
2060 2081 2526 2152 participationem
2561 2080 2929 2148 infirmantur,
2959 2085 3242 2153 deﬁciunt,
3272 2095 3327 2142 et
3355 2088 3483 2142 dum

1908 2190 2125 2228 rursum
2155 2183 2574 2240 convertuntur,
2633 2189 2848 2229 rursum
2897 2177 3264 2232 viviﬁcantnr.
3302 2179 3489 2247 Itaque

1908 2280 2006 2333 per
2037 2279 2096 2318 se
2126 2265 2238 2319 vita
2273 2274 2356 2320 est
2381 2267 2699 2323 conditricis
2727 2282 2890 2339 atque
2915 2271 3243 2339 exemplaris
3260 2272 3380 2324 vitae
3403 2287 3486 2326 ra-

1907 2355 2001 2421 tio,
2027 2372 2146 2426 qua-i
2172 2359 2225 2410 in
2256 2360 2362 2412 Deo
2383 2369 2587 2413 mterna
2624 2361 2915 2426 exsistens,
2948 2363 3134 2416 tribuit
3158 2377 3280 2416 esse
3323 2365 3468 2415 omni

1903 2451 2046 2519 vitae,
2091 2459 2199 2506 tam
2229 2450 2350 2507 vita:
2381 2451 2702 2524 simpliciter
2733 2468 2896 2523 quam
2929 2453 3151 2508 cuilibet
3183 2453 3480 2507 viventium

1903 2543 1956 2597 in
1977 2545 2298 2612 particulari
2329 2563 2344 2612 ;
2372 2557 2536 2616 atque
2564 2548 2772 2617 angelis
2801 2549 3018 2617 quidem
3057 2545 3150 2602 dat
3176 2543 3341 2602 vitam
3375 2544 3481 2600 im'c

1904 2637 2242 2692 ntalerialem
2301 2654 2365 2692 ac
2427 2639 2749 2695 deiformem
2781 2658 2796 2704 ;
2831 2641 2927 2694 toti
2979 2641 3124 2694 enim
3178 2649 3310 2694 sunt
3355 2639 3479 2693 vitae

1906 2727 2318 2793 substantiales,
2351 2745 2472 2798 qua:
2503 2731 2737 2784 vivendo
2783 2745 3001 2800 semper
3023 2740 3077 2785 et
3110 2732 3482 2785 indesinenter

1903 2829 2206 2872 moventur.
2243 2820 2324 2872 Ad
2367 2822 2537 2889 ipsam
2566 2836 2783 2890 quoque
2815 2823 3029 2876 turbam
3071 2823 3461 2877 dzemoniacam

1902 2910 2210 2966 istiusmodi
2240 2913 2402 2966 vitam
2434 2928 2529 2980 per
2570 2914 2870 2968 bonitatem
2909 2915 3154 2969 extendit
3215 2917 3350 2987 (sine
3371 2933 3479 2986 pa:-

1899 3005 2122 3057 nitentia
2162 3007 2303 3058 enim
2329 3019 2451 3058 sunt
2494 3006 2635 3058 dona
2679 3005 2772 3059 Dei
2811 3008 2826 3046 ί
2860 3009 2900 3074 );
2931 3007 3199 3075 siquidem
3233 3010 3343 3062 vita
3368 3010 3478 3063 dte-

1900 3110 2118 3148 monum
2154 3096 2222 3148 ab
2254 3095 2481 3163 ipsamet
2529 3112 2622 3165 per
2670 3113 2729 3151 se
2768 3099 2874 3150 vita
2901 3114 3116 3167 quoque
3161 3101 3377 3154 exsistit
3405 3116 3470 3156 ac

1902 3190 2239 3243 continetur.
2267 3190 2406 3256 Quin
2435 3201 2489 3244 et
2520 3190 2851 3256 hominibus,
2878 3208 3110 3260 quorum
3138 3193 3332 3246 animae
3357 3210 3475 3248 cor-

1899 3281 2126 3350 poribus
2177 3284 2477 3336 cominista:
2527 3294 2673 3350 sunt,
2718 3286 3126 3353 angeliformem
3173 3287 3336 3340 vitam
3375 3289 3475 3342 :ri—

1899 3372 2036 3437 buit,
2062 3385 2326 3444 quantum
2359 3373 2570 3429 scilicet
2601 3377 2686 3429 t‘as
2717 3386 2841 3441 est;
2879 3393 2976 3432 nos
3002 3378 3172 3443 enim,
3201 3395 3323 3434 cum
3356 3395 3472 3434 me-

1899 3466 1975 3520 dii
2004 3467 2178 3520 simus
2212 3469 2352 3520 inter
2385 3467 2688 3536 angelicam
2739 3469 2905 3521 vitam
2933 3483 2997 3522 ac
3027 3470 3352 3536 naturalem,
3387 3487 3473 3526 se-

1898 3560 2136 3613 cundum
2164 3559 2390 3613 liberum
2423 3560 2712 3615 arbitrium
2757 3561 3022 3615 habemus
3055 3563 3470 3630 propensionem

1897 3652 1966 3704 ad
2001 3661 2335 3720 utramque;
2371 3651 2486 3705 sive
2531 3651 2726 3704 melius
2759 3652 3016 3716 dicendo,
3053 3653 3120 3707 ad
3173 3654 3471 3722 angelicam

1897 3743 2067 3796 vitam
2119 3742 2435 3810 compositi,
2473 3741 2648 3796 sicubi
2695 3757 2794 3811 per
2851 3742 3155 3797 libertatem
3177 3745 3342 3799 etiam
3372 3747 3470 3801 de~

1895 3834 2187 3902 ﬂectimus,
2239 3833 2747 3904 superabundantia
2795 3837 3150 3906 benignitatis
3195 3838 3264 3892 ad
3287 3839 3471 3908 pristi-

1895 3943 2024 3982 num
2047 3936 2247 3981 statum
2301 3942 2620 3983 revocamur
2656 3936 2818 3998 atque
2857 3930 3224 3984 convertimur
3255 3945 3271 3998 ;
3299 3930 3474 4000 quod-

1894 4034 2001 4090 que
2023 4019 2198 4089 magis
2227 4019 2534 4074 mirandum
2567 4028 2673 4086 est,
2703 4022 2872 4075 etiam
2928 4021 3226 4077 secundum
3270 4036 3469 4089 corpus

1892 4112 1960 4166 ad
2012 4112 2480 4182 incorruptibilem
2535 4113 2701 4168 vitam
2779 4129 2879 4169 nos
2938 4114 3290 4169 traducturos
3341 4129 3469 4182 pro-

1893 4206 2086 4261 mittit.
2134 4204 2267 4272 Quze
2308 4221 2394 4260 res
2434 4204 2603 4277 5.56
2664 4208 2870 4260 insanae
2922 4208 3143 4276 quidem
3184 4206 3464 4277 gentilium

1891 4299 2131 4369 opinioni
2164 4299 2345 4370 (quam
2387 4308 2711 4354 vetustatem
2749 4298 3007 4369 appellat,
3035 4299 3232 4368 quippe
3262 4300 3464 4353 fatuam

1890 4401 1945 4446 et
1977 4393 2241 4465 putidam)
2269 4393 2436 4446 etiam
2483 4391 2688 4446 credita
2738 4393 2941 4447 merito
2971 4393 3123 4461 quasi
3153 4401 3344 4446 contra
3369 4408 3468 4446 na-

194 4479 387 4544 ζεσθαι
410 4498 424 4511 ·
452 4479 552 4553 ὕλη
574 4480 686 4553 γὰρ
714 4477 869 4546 οὖσα,
903 4481 998 4535 καὶ
1027 4481 1167 4535 κατὰ
1206 4481 1368 4551 φύσιν
1403 4481 1602 4554 ἔχουσα
1635 4484 1696 4536 τὸ
1723 4487 1782 4537 ὲν

1898 4494 2067 4538 iuraui
2095 4485 2384 4548 videatur;
2415 4482 2488 4536 illi
2536 4483 2682 4535 enim
2715 4484 2890 4548 aiunt,
2940 4497 3061 4536 esse
3085 4493 3276 4538 centra
3305 4491 3463 4537 natu-

192 4571 360 4644 ἑαυτῇ
391 4571 746 4642 μεταϐάλλειν
772 4571 841 4624 τὰ
863 4571 999 4642 εἴδη,
1038 4571 1156 4637 πῶς
1191 4576 1344 4644 μενεί
1371 4576 1430 4627 ὲν
1451 4575 1598 4646 αύτῷ
1628 4577 1781 4630 ἐσαεὶ

191 4664 570 4736 ἀμετάϐλητος
603 4667 696 4719 καὶ
728 4665 1020 4736 ἀκίνητος;
1075 4666 1301 4722 Ἐκεῖνοι
1338 4668 1490 4738 γοῦν,
1520 4672 1586 4741 τῇ
1620 4670 1780 4737 φύσει

191 4753 633 4820 ἀκολουθοῦντες,
664 4757 888 4819 εἰκότως
913 4756 1058 4811 ἅπαν
1087 4757 1235 4822 ξένον
1263 4759 1360 4830 τῆς
1391 4760 1606 4830 φύσεως
1628 4763 1780 4834 παρά

191 4846 356 4915 φύσιν
399 4847 553 4916 φασὶ,
594 4849 690 4901 καὶ
729 4849 802 4921 μὴ
838 4844 1029 4902 οἷόντε
1063 4849 1316 4918 γενέσθαι
1341 4850 1594 4906 πώποτε·
1619 4856 1780 4926 ἡμεῖς

190 4933 269 5000 δὲ,
306 4935 444 5005 πρὸς
471 4933 562 4989 τὸν
591 4935 725 4989 Θεὸν
752 4937 1172 5003 ἀποϐλέποντες,
1201 4939 1294 4994 τὸν
1320 4942 1386 4994 ὲκ
1405 4941 1501 4995 τοῦ
1528 4943 1602 5016 μή
1623 4944 1776 5009 ὄντος

190 5027 255 5081 τὰ
281 5029 463 5082 πάντα
496 5028 640 5102 λόγῳ
685 5031 831 5101 μόνῳ
862 5033 955 5085 καὶ
986 5031 1249 5105 θελήματι
1277 5033 1682 5108 ὑποστήσαντα,
1713 5038 1776 5093 τὸ

189 5120 380 5174 δοκοῦν
411 5120 641 5186 ἐκείνοις
672 5122 823 5194 παρὰ
845 5123 1006 5192 φύσιν
1037 5123 1180 5179 θεῖον
1214 5127 1310 5180 καὶ
1331 5127 1472 5199 ὑπὲρ
1495 5127 1656 5198 φύσιν
1682 5129 1781 5183 λέο

191 5230 380 5284 γομεν,
403 5216 497 5267 καὶ
516 5214 742 5271 δυνατὸν
761 5217 1036 5285 γενέσθαι,
1061 5217 1197 5271 Θεοῦ
1218 5219 1481 5285 θέλοντος.
1504 5221 1640 5276 Θεοῦ
1665 5224 1775 5296 γὰρ

193 5305 511 5378 βουλομένου
534 5308 597 5361 τὸ
615 5309 868 5378 γενέσθαι
891 5327 943 5364 τι
969 5309 1139 5376 ξένον,
1165 5312 1224 5365 οὐ
1254 5312 1483 5386 λέγομεν
1510 5316 1660 5388 παρά
1680 5316 1774 5385 φύ-

191 5414 271 5450 σιν
294 5415 308 5427 ·
344 5397 566 5472 βία’γάρ
596 5401 713 5454 ἐστι
737 5401 894 5455 τοῦτο
917 5402 1016 5474 τῆς
1040 5401 1276 5472 φύσεως,
1301 5407 1396 5460 καὶ
1429 5407 1549 5478 οὐχὶ
1580 5407 1772 5464 σύστα-

191 5506 269 5556 σις
293 5490 528 5560 φύσεως,
567 5491 681 5547 ἀλλ’
710 5494 983 5560 ἀσθένεια,
1017 5495 1157 5549 ὥστε
1199 5500 1498 5568 πεφυκέναι
1526 5503 1621 5556 καὶ
1660 5503 1766 5556 πά-

190 5580 265 5637 λιν
291 5585 384 5637 ἐπὶ
407 5585 470 5638 τὸ
494 5584 635 5640 κατὰ
665 5585 827 5657 φύσιν
855 5588 1122 5660 χωρῆσαι,
1151 5589 1308 5644 εἵπου
1351 5593 1450 5662 τῆς
1480 5593 1600 5663 βίας
1623 5595 1760 5666 ἀφε-

261 5768 455 5827 ‘Psal.
497 5758 634 5835 cui,
673 5771 763 5830 29.

868 5775 894 5815 ιι
925 5773 1083 5844 Ibid,
1115 5777 1205 5835 '50.
1304 5779 1319 5819 ί
1353 5775 1511 5834 Rom.
1550 5794 1624 5844 χι,
1659 5778 1750 5833 29.

1884 4592 2001 4631 ram
2032 4583 2089 4629 ut
2115 4575 2338 4631 materia
2372 4573 2468 4628 liat
2511 4574 2881 4640 immortalis;
2915 4589 3038 4628 nam
3073 4576 3201 4630 dum
3229 4586 3314 4630 est
3341 4594 3460 4630 ma-

1885 4670 2044 4737 teria,
2079 4671 2243 4723 etiam
2273 4669 2569 4723 secundum
2596 4677 2844 4723 naturain
2873 4682 3025 4723 suam
3053 4669 3214 4724 habet
3240 4679 3298 4724 ut
3322 4671 3375 4724 in
3402 4686 3463 4726 se

1881 4762 2090 4818 formas
2146 4769 2499 4825 transmutet,
2547 4761 2823 4828 quomodo
2873 4773 3006 4830 ergo
3058 4761 3112 4814 in
3164 4775 3224 4815 se
3248 4775 3462 4830 semper

1883 4854 2241 4910 immutabilis
2271 4863 2326 4908 et
2357 4852 2656 4907 immobilis
2707 4867 2930 4908 manere
2982 4854 3158 4923 possit
3185 4853 3210 4905 ?
3243 4852 3324 4906 Illi
3357 4853 3460 4906 ita-

1879 4965 1986 5022 qne
2015 4961 2265 5004 naturam
2301 4958 2617 5016 sequentes,
2640 4947 3031 5002 verosimiliter
3063 4947 3271 5012 dicunt,
3296 4962 3457 5000 omne

1879 5045 1931 5100 id
1954 5045 2097 5114 quod
2123 5052 2334 5098 naturae
2370 5043 2716 5113 peregrinum
2744 5055 2806 5095 ac
2832 5055 3032 5096 novum
3055 5041 3276 5105 accidit,
3314 5055 3452 5095 con-

1879 5147 1962 5191 tra
2019 5145 2269 5191 naturam
2319 5151 2461 5201 esse,
2511 5146 2567 5191 et
2619 5137 2737 5190 licri
2775 5151 3054 5205 nunquam
3111 5150 3271 5205 posse
3304 5150 3318 5187 :
3351 5148 3452 5186 nos

1875 5245 2010 5284 vero
2033 5229 2098 5283 ad
2136 5231 2305 5284 Deum
2350 5236 2680 5298 Spectantes,
2723 5228 2816 5297 qui
2863 5228 3046 5282 omnia
3075 5243 3142 5282 ex
3173 5225 3340 5280 nihilo
3370 5226 3452 5280 vel

1878 5323 2045 5376 verbo
2070 5321 2187 5377 solo
2210 5337 2274 5376 ac
2300 5321 2576 5376 voluntate
2606 5335 2700 5375 sua
2730 5321 3033 5375 consistere
3055 5318 3206 5384 fecit,
3238 5317 3290 5371 id
3309 5319 3452 5386 quod

1877 5413 2018 5482 ipsis
2049 5423 2238 5468 contra
2290 5421 2540 5466 naturam
2583 5409 2829 5475 videtur,
2878 5409 2930 5464 id
2981 5423 3082 5464 nos
3129 5409 3368 5462 divinum
3393 5415 3479 5458 et-

1873 5522 2040 5578 supra
2069 5515 2322 5561 naturam
2343 5517 2468 5560 esse
2513 5505 2771 5569 dicimus,
2801 5510 2877 5567 et,
2919 5500 3135 5556 volente
3163 5500 3296 5564 Deo,
3326 5498 3446 5551 ﬁeri

1870 5612 2047 5667 posse.
2084 5598 2196 5656 Deo
2223 5598 2368 5654 enim
2393 5596 2610 5655 volente
2656 5593 2936 5665 quidpiam
2982 5590 3327 5663 peregrinum
3350 5602 3447 5642 seu
