3866 6234
162 329 292 388 865
1247 327 1334 380 DE
1373 326 1624 382 DlVlNlS
1663 325 2060 395 NOMINIBUS,
2095 327 2250 386 CAP.
2294 329 2407 385 Vll.
3363 335 3470 394 866

160 449 332 517 ζωῆς
361 449 455 502 καὶ
484 448 576 502 ἐπὶ
608 444 818 508 πολλοῖς
861 443 1066 514 ἑτέροις
1104 443 1234 514 παρ’
1283 445 1452 514 αὑτῆς
1487 444 1698 513 χέεται·
1739 447 1755 497 i

1879 444 2219 514 simplexque
2239 458 2345 501 est.
2382 445 2582 502 nullius
2611 447 2812 518 indiga,
2829 449 3072 518 quinimo
3095 454 3422 522 superplena
3447 472 3464 522 ;

153 538 478 604 αὐτόζωος,
523 540 618 592 καὶ
645 537 946 608 ὑπέρζωος,
981 536 1014 605 ἡ
1044 532 1324 599 ζωοποιὸς,
1357 535 1390 606 ἦ
1425 537 1573 600 ὅπως
1603 536 1755 591 ἄλλωε

1883 555 1989 594 non
2031 541 2177 595 etiim
2224 543 2360 597 satis
2403 553 2484 598 est
2527 544 2592 599 de
2627 560 2689 599 ea
2731 545 2912 600 dicere
2949 548 3092 616 quod
3134 563 3241 601 non
3277 549 3347 602 sit
3387 550 3470 605 in-

151 629 546 702 ἁνθρωπικῶς
587 629 654 682 ἂν
685 629 916 700 ὑμνήσοι
957 644 1040 691 τις
1078 626 1176 698 τὴν
1216 626 1520 696 ἄφθεγκτον
1559 630 1755 701 ἐκείνης

1880 633 2028 701 diga,
2063 637 2156 688 sed
2185 636 2513 702 addendum,
2543 653 2662 690 eam
2696 652 2817 692 esse
2855 654 3184 708 supraquam
3228 641 3466 710 plenam,

153 725 271 778 καὶ
303 724 458 779 θείαν
492 723 660 796 ζωήν.

1879 725 1932 780 in
1963 736 2228 795 quantum
2265 729 2388 782 vitae
2421 728 2620 782 bonum
2665 729 2734 783 ab
2772 731 2872 784 hac
2914 731 2966 783 in
3009 733 3179 787 multa
3219 733 3325 787 alia
3361 733 3468 788 dif-

149 818 448 884 funditur,
479 827 537 871 ut
567 833 690 886 qua:
729 827 812 872 est
839 817 1018 886 seipsa
1055 817 1265 877 vivens.
1297 826 1352 871 et
1382 818 1762 884 supervivens,
1804 827 1860 872 et
1905 818 2210 884 viviticaus,
2249 820 2332 875 vel
2376 836 2700 892 quocunque
2727 823 2831 876 alio
2861 827 3021 879 modo
3065 826 3306 882 humano
3331 826 3468 882 inef-

153 913 404 969 tabilem
449 913 595 968 illam
643 913 995 984 divinamque
1031 913 1196 967 vitam
1239 912 1464 967 laudare
1501 912 1626 982 quis
1662 912 1854 981 possit.

553 1231 1201 1318 ΚΕΦΑΛΑΙΟΝ
1277 1235 1380 1317 Z’.

236 1366 382 1433 Περὶ
411 1370 650 1437 σοφίας,
687 1371 818 1437 νοῦ,
848 1373 1054 1442 λόγου.
1088 1373 1391 1441 ἀληθείας,
1423 1374 1701 1439 πίστεως.

2213 1241 2380 1315 458
2417 1236 2797 1329 CAPUT
2849 1235 3070 1331 VII.

2005 1373 2082 1428 De
2116 1375 2403 1441 sapientia,
2434 1387 2627 1439 mente,
2659 1377 2881 1440 ratione,
2913 1378 3155 1440 veritate,
3189 1377 3314 1445 ﬁde.

1487 1521 1820 1580 SYNOPSIS
1851 1522 2075 1580 CAPIT]
2089 1527 2149 1580 S.

150 1657 202 1712 Ι.
241 1656 427 1731 Docet,
459 1662 775 1728 sapientiam
816 1662 908 1714 Dei
941 1679 1052 1715 esse
1079 1679 1244 1716 omnis
1275 1664 1547 1727 sapientia:
1575 1663 1882 1716 creatrieem
1908 1703 1921 1724 ,
1953 1678 2218 1731 supraque
2250 1678 2453 1715 omnem
2489 1662 2802 1727 sapientiam
2841 1663 3093 1714 e.rsistere
3127 1661 3461 1730 inuestigabi-

245 1729 352 1803 lem
383 1742 428 1783 et
460 1733 1072 1798 incompreltensibilem;
1107 1751 1269 1803 neque
1295 1734 1583 1787 secundum
1615 1742 1850 1785 nostram
1878 1729 2283 1800 intelligentiam
2307 1734 2629 1785 metiendam
2649 1749 2790 1803 esse.
2827 1732 2887 1787 ll.
2921 1732 3005 1784 Ea:
3033 1749 3093 1783 ea
3124 1730 3220 1784 Dei
3243 1729 3456 1800 sapien-

241 1801 323 1874 tia
355 1803 481 1854 dicit
519 1804 736 1870 angelos
770 1805 981 1863 habere,
1015 1805 1154 1874 quod
1179 1801 1291 1857 sint
1341 1804 1700 1867 inte/lectites,
1735 1813 1781 1854 et
1814 1805 2064 1874 homines
2107 1805 2246 1870 quod
2279 1806 2382 1856 sint
2425 1802 2740 1874 rationales,
2778 1813 2826 1856 et
2872 1820 2953 1855 res
2996 1803 3118 1854 alia:
3159 1804 3453 1857 sensibiles.

243 1869 451 1933 Qumrit
479 1869 711 1939 insuper,
743 1877 1002 1942 quomodo
1027 1869 1179 1927 'Deus
1217 1878 1394 1927 omnia
1431 1875 1576 1926 novit
1612 1875 1724 1926 sine
1765 1873 1874 1926 ulla
1917 1869 2161 1936 actione;
2191 1887 2238 1926 et
2272 1873 2533 1938 quomodo
2567 1877 2744 1925 omnia
2776 1873 3138 1940 cognoscendo
3179 1874 3452 1937 anticipet,

244 1949 295 2013 et
332 1943 386 1994 in
419 1943 588 2007 seipso
619 1959 711 2009 per
740 1945 826 1996 sui
869 1947 1112 1996 notitiam
1140 1953 1462 2010 cognoscat;
1499 1954 1549 1996 et
1592 1944 1766 2013 angeli
1801 1960 2006 2013 quoque
2048 1946 2263 1995 sensilia
2301 1942 2677 1996 intellectiliter
2703 1944 3018 2011 percipiant.
3066 1944 3149 1994 ΙΙΙ.
3183 1943 3452 2007 Ostendit,

243 2009 441 2076 Deum,
477 2023 532 2065 ut
574 2014 626 2066 in
668 2032 721 2065 se
755 2023 852 2075 est,
887 2016 1034 2068 nobis
1065 2009 1301 2082 ignotum
1337 2033 1470 2073 esse.
1500 2009 1843 2083 eamdémqne
1882 2009 2024 2067 nosci
2063 2015 2257 2080 partim
2283 2031 2379 2083 per
2420 2009 2722 2074 notionem,
2762 2014 2955 2078 partim
2989 2015 3103 2064 sine
3135 2017 3367 2075 notione,
3406 2026 3453 2066 et

240 2084 388 2218 2.1m-
406 2084 662 2220 {notitiam
691 2101 802 2136 esse
826 2084 920 2137 illa
951 2081 1259 2138 tltuiniorem
1287 2101 1349 2138 ac
1382 2088 1651 2140 veriorem.
1683 2081 1772 2139 IV.
1802 2085 2078 2150 Quomodo
2108 2083 2246 2137 Deus
2281 2081 2506 2136 Verbum
2535 2085 2626 2146 sit,
2650 2086 2786 2146 quod
2823 2090 2900 2136 est
2934 2084 3158 2152 simplex
3185 2088 3375 2136 veritas
3403 2094 3454 2136 et

267 2153 374 2205 'dei
433 2156 835 2209 undantentum.

239 2153 374 2218 ﬁdei
406 2153 835 2218 fundamentum.

1753 2289 1847 2366 §l

235 2440 381 2511 Φέρε
413 2439 489 2503 δὲ,
522 2439 571 2491 εἰ
603 2437 771 2502 δοκεῖ,
802 2437 899 2509 τὴν
927 2437 1137 2510 ἀγαθὴν
1169 2441 1262 2492 και
1293 2438 1518 2492 αἰωνίαν
1545 2441 1567 2467 ⁵
1600 2435 1755 2507 ζωὴν.

1943 2433 2057 2505 Age
2089 2448 2278 2504 porro,
2315 2433 2511 2501 ipsam,
2555 2432 2598 2486 si
2639 2432 2839 2502 placet,
2876 2449 3056 2489 veram
3088 2445 3454 2507 :eternamque

148 2534 263 2587 καὶ
307 2532 384 2595 ὡς
427 2531 614 2603 σοφὴν,
659 2534 751 2584 καὶ
785 2531 860 2594 ὡς
896 2531 1221 2601 αὑτοσοφίαν
1263 2531 1539 2603 ὑμνῶμεν,
1573 2531 1755 2602 μᾶλλοι

1872 2526 2064 2588 vitam,
2090 2525 2279 2587 etiam,
2310 2531 2366 2575 ut
2398 2524 2721 2592 sapientem,
2775 2525 3061 2594 ipsamque
3127 2529 3452 2596 sapientiam

145 2626 220 2678 δὲ
273 2623 354 2686 ὡς
395 2623 576 2695 πάσης
618 2623 808 2693 σοφίας
857 2624 1244 2696 ὑποστατικὴν,
1285 2625 1379 2678 καὶ
1407 2625 1547 2696 ὑπὲρ
1587 2626 1755 2679 πᾶσαι

1871 2617 2226 2680 celebremus,
2291 2617 2399 2671 imo
2459 2631 2584 2670 vero
2638 2627 2891 2686 tanquam
2939 2619 3114 2672 omnis
3172 2623 3458 2690 sapientia:

155 2718 368 2786 σοφίαν
399 2716 491 2769 καὶ
534 2715 746 2768 σὺνεσιν
777 2716 1104 2786 ὑπεροῦσαν.
1135 2718 1209 2769 Οὑ
1246 2717 1356 2788 γὰρ
1396 2717 1552 2788 μόνον
1579 2718 1607 2769 ό
1637 2717 1755 2780 Θεὸς

1869 2710 2317 2779 procreatricem,
2351 2724 2628 2778 supraque
2663 2724 2880 2763 omnem
2917 2713 3244 2780 sapientiam
3278 2725 3332 2768 et
3368 2715 3454 2791 in;

153 2808 534 2880 ὒπερπλήρης
561 2809 678 2861 ἐστὶ
708 2808 918 2878 σοφίας,
946 2810 1039 2863 καὶ
1061 2810 1160 2881 τῆς
1190 2811 1455 2874 συνέσεως
1477 2809 1640 2864 αὑτοῦ
1667 2810 1755 2862 οὑκ

1871 2803 2221 2872 telligentiam
2273 2801 2629 2854 eminentem.
2686 2800 2802 2853 Non
2858 2803 3004 2855 enim
3055 2805 3194 2858 Deus
3244 2814 3452 2858 tantum

155 2901 321 2953 ἐστιν
359 2898 608 2970 ἀριθμὸς,
643 2896 778 2950 ἀλλὰ
833 2900 926 2950 καὶ
942 2897 1137 2962 παντὸς
1169 2897 1350 2966 λόγου,
1389 2899 1482 2950 καὶ
1523 2896 1636 2960 νοῦ,
1675 2897 1755 2950 καλ

1869 2907 2197 2962 supraquam
2230 2891 2420 2961 plenus
2451 2892 2714 2960 sapientia
2739 2893 2971 2958 exsistit,
2999 2903 3049 2948 et
3084 2895 3456 2966 intelligentiae

156 2992 366 3060 σοφίας
405 2991 777 3062 ὑπερίδρυται.
825 2993 934 3044 Καὶ
970 2991 1129 3044 τοῦτο
1173 2989 1466 3060 ὑπερφυῶς
1508 2990 1766 3059 ἐννοήσας

168 3087 204 3137 ὁ
233 3083 380 3146 θεῖος
409 3083 574 3146 ὅντως
609 3083 766 3154 ἀνὴρ,
800 3086 827 3136 ὁ
883 3083 1061 3146 κοινὸς
1102 3082 1260 3153 ἡμῶν
1289 3083 1383 3136 καὶ
1413 3082 1505 3134 τοῦ
1531 3082 1767 3152 καθηγε-

167 3177 345 3247 μόνος
387 3175 554 3246 ἥλιος,
605 3175 673 3228 Τὸ
704 3175 905 3244 μωρὸν
936 3176 1040 3230 τοῦ
1065 3176 1210 3229 Θεοῦ
1260 3175 1602 3244 σοφώτερον
1646 3174 1766 3228 τῶν

151 3265 517 3334 ἀνθρώπων,
538 3266 724 3337 φησὶν,
754 3267 813 3320 οὑ
845 3267 1002 3338 μόνον
1023 3268 1105 3320 ὅτι
1137 3268 1284 3320 πᾶσα
1309 3267 1623 3338 ἀνθρωπίνη
1652 3268 1766 3322 διά-

154 3376 287 3411 νοια
345 3357 522 3428 πλάνη
561 3358 646 3422 τίς
681 3361 830 3423 ἐστι,
880 3358 1172 3431 κρινομένη
1219 3360 1354 3430 πρὸς
1401 3361 1464 3413 τὸ
1507 3361 1762 3432 σταθερὸν

153 3451 262 3502 καὶ
296 3450 522 3519 μόνιμον
559 3450 578 3480 ⁵
628 3448 737 3502 τῶν
774 3449 934 3503 θείων
976 3450 1068 3502 καὶ
1114 3449 1464 3504 τελειοτάτων
1491 3452 1758 3522 νοήσεων·

154 3541 282 3596 ἀλλ’
315 3542 398 3593 ὅτι
427 3542 520 3594 καὶ
557 3541 786 3612 σύνηθές
815 3544 932 3594 ἐστι
961 3543 1073 3606 τοῖς
1106 3542 1393 3611 θεολόγοις,
1437 3544 1762 3597 ἀντιπεπον-

155 3632 341 3694 θότως
399 3633 492 3683 ἐπὶ
547 3630 685 3684 Θεοῦ
745 3632 814 3684 τὰ
877 3631 976 3702 τῆς
1038 3634 1343 3704 στερήσεως
1398 3632 1757 3701 ἀποφάσκειν.

155 3721 328 3774 Οὕτω
352 3723 444 3774 καὶ
479 3721 710 3790 ἀόρατόν
749 3739 881 3792 φησι
910 3723 978 3776 τὰ
1008 3723 1177 3792 Λόγια
1205 3723 1266 3777 τὸ
1312 3725 1570 3795 παμφαὲς
1609 3724 1722 3794 φῶς
1742 3740 1756 3752 ·

1868 2982 1983 3052 ejus
2018 3000 2123 3038 non
2161 2995 2246 3038 est
2282 2997 2563 3047 numerus,
2597 2983 2689 3037 sed
2726 3000 2893 3053 supra
2934 3000 3152 3040 onmem
3187 2991 3452 3044 rationem

1866 3085 1922 3129 et
1961 3085 2197 3130 mentem
2232 3085 2283 3130 et
2317 3075 2638 3143 sapientiam
2691 3075 3010 3132 collocatur.
3065 3079 3228 3147 quue
3262 3094 3452 3148 super—

1869 3169 2196 3222 naturaliter
2229 3168 2539 3235 intelligens
2567 3168 2654 3222 vir
2684 3167 2842 3238 plane
2871 3169 3108 3235 divinus,
3145 3173 3454 3226 communis

1867 3260 1955 3314 ille
1994 3269 2179 3314 noster
2210 3259 2490 3327 nostrique
2515 3260 2867 3327 praeceptoris
2902 3259 3004 3325 sol,
3033 3258 3212 3324 Quod,
3251 3261 3448 3330 inquit,

1866 3352 2084 3405 stultum
2117 3362 2191 3405 est
2234 3350 2348 3415 Dei,
2386 3352 2676 3418 sapientius
2713 3361 2789 3405 est
2815 3352 3112 3406 horninibus
3141 3351 3186 3415 ⁸,
3223 3369 3326 3407 non
3357 3369 3448 3408 so-

1867 3444 1974 3496 lum
2019 3444 2162 3512 quod
2203 3443 2380 3498 omnis
2432 3443 2668 3496 humana
2720 3442 2975 3512 cogitatio
3027 3458 3184 3497 error
3224 3445 3451 3506 quidam

1864 3536 1953 3599 sit,
1988 3535 2032 3589 si
2067 3551 2191 3590 cmn
2227 3535 2534 3588 divinarum
2572 3534 3216 3604 absolutissimarumque
3246 3535 3452 3590 intelli-

1863 3627 2171 3697 gentiarum
2201 3627 2460 3682 ﬁrmitate
2492 3627 2891 3696 stabilitateque
2933 3640 3310 3696 comparetur;
3359 3645 3450 3684 ve-

1865 3738 1982 3776 rum
2013 3721 2176 3774 etiam
2203 3720 2329 3790 quia
2369 3720 2610 3776 solemne
2640 3730 2724 3776 est
2748 3722 3036 3792 theologis,
3073 3733 3129 3775 ut
3156 3724 3208 3776 in
3242 3724 3350 3778 Deo
3383 3740 3448 3779 ea

81 3807 94 3820 ³
157 3816 263 3868 καὶ
290 3815 382 3866 τὸν
418 3813 792 3886 πολυύμνητον
833 3817 928 3870 καὶ
987 3815 1356 3888 πολυώνυμον,
1395 3817 1632 3888 ἄρρητον
1666 3818 1755 3870 καὶ

1864 3828 1982 3880 qua;
2017 3821 2150 3866 sunt
2192 3799 2510 3882 privationis
2567 3813 2846 3866 contrario
2894 3828 3056 3867 sensu.
3102 3814 3307 3867 dicant.
3356 3815 3448 3870 SIC

155 3903 488 3975 ἀνώνυμον·
527 3907 620 3959 καὶ
666 3908 758 3960 τὸν
801 3910 932 3962 πᾶσι
982 3909 1224 3980 παρόντα
1279 3913 1372 3964 καὶ
1440 3913 1505 3963 ἐκ
1543 3913 1760 3966 πάντων

152 3997 576 4069 εὑρισκόμενον,
610 3999 995 4070 ἀκατάληπτον
1023 4002 1115 4054 καὶ
1135 4002 1554 4074 ἀνεξιχνίαστον.
1574 4003 1760 4074 Τούτῳ

153 4091 229 4161 δὴ
271 4089 351 4160 τῷ
386 4091 574 4161 τρόπῳ
609 4093 704 4144 καὶ
755 4092 851 4145 νῦν
888 4095 916 4145 ὁ
964 4094 1106 4157 θεῖος
1169 4095 1486 4159 Ἀπόστολος
1521 4096 1759 4166 ὑμνῆσαι

153 4179 387 4248 λέγεται
423 4181 634 4252 μωρίαν
663 4181 821 4246 Θεοῦ,
845 4184 906 4236 τὸ
932 4186 1253 4256 φαινόμενον
1302 4190 1358 4240 ὲν
1396 4188 1530 4257 αὑτῇ
1578 4188 1758 4258 παρά-

153 4273 326 4340 λογον
363 4274 457 4325 καὶ
496 4273 715 4338 ἄτοπον,
761 4279 842 4339 εἰς
887 4277 984 4348 τὴν
1027 4278 1264 4349 ἄρρητον
1311 4281 1404 4332 καὶ
1454 4282 1558 4352 πρὸ
1603 4281 1758 4352 λόγου

157 4364 371 4427 παντὸς
425 4365 716 4434 ἀναγαγὼν
761 4367 1036 4439 ἀλήθειαν.
1086 4370 1264 4434 Ἀλλὰ,
1307 4373 1443 4444 ὅπερ
1484 4377 1541 4426 ὲν
1581 4375 1760 4440 ἄλλοις

156 4456 326 4525 ἔφην,
356 4458 572 4521 οξκείως
596 4461 728 4529 ἡμῖν
756 4459 825 4512 τὰ
864 4461 1004 4533 ὑπὲρ
1041 4465 1188 4534 ἡμᾶς
1223 4466 1756 4537 παραλαμϐάνοντες,

158 4551 260 4603 καὶ
287 4549 366 4620 τῷ
397 4551 679 4622 συντρόφῳ
704 4551 811 4604 τῶν
853 4554 1158 4626 αἰσθήσεων
1201 4557 1561 4628 ὲνειλοὺμενοι
1594 4563 1634 4626 θ,
1668 4563 1760 4616 καί

155 4644 282 4704 τοῖς
314 4633 436 4694 καθ’
465 4643 612 4713 ἡμᾶς
653 4642 718 4695 τὰ
763 4643 882 4696 θεῖα
912 4645 1367 4716 παραϐάλλοντες,
1402 4651 1757 4722 ἀπατώμεθα,

160 4733 312 4787 κατὰ
349 4734 411 4786 τὸ
443 4735 764 4806 φαινόμενον
809 4737 899 4790 τὸν
930 4737 1072 4792 Θεῖον
1120 4741 1213 4793 καὶ
1251 4743 1558 4814 ἀπόρρητον
1605 4746 1760 4814 λόγον

163 4825 631 4896 μεταδιώκοντες*
685 4827 802 4880 δέον
858 4829 1056 4884 εἰδέναι
1103 4832 1193 4884 τὸν
1243 4833 1365 4886 καθ’
1419 4836 1564 4906 ἡμᾶς
1613 4838 1757 4903 νοῦν,

159 4919 314 4988 ἔχειν
341 4917 442 4989 τὴν
470 4919 568 4989 μὲν
600 4919 828 4990 δύναμιν
854 4922 934 4985 εἰς
966 4922 1028 4974 τὸ
1066 4927 1226 4989 νοεῖν,
1258 4925 1325 4978 δι’
1371 4921 1438 4997 ἧς
1479 4928 1546 4981 τὰ
1595 4929 1760 5000 νοητὰ

161 5010 380 5082 βλέπει,
411 5009 512 5080 τὴν
538 5010 595 5063 δὲ
621 5011 814 5064 ἕνωσιν
841 5013 1241 5086 ὑπεραίρουσαν
1270 5019 1368 5087 τὴν
1398 5018 1490 5071 τοῦ
1530 5019 1621 5072 νοῦ
1656 5021 1758 5090 φὺ-

161 5120 252 5157 σιν
288 5104 330 5167 ⁷,
367 5102 434 5155 δι’
474 5097 541 5173 ἦς
580 5104 906 5158 συνάπτεται
954 5106 1090 5177 πρὸς
1138 5107 1206 5160 τὰ
1243 5110 1498 5164 ἐπέκεινα
1545 5113 1756 5166 ἑαυτοῦ.

1865 3905 2038 3960 lucem
2067 3903 2564 3974 splendidissimam
2591 3904 2889 3973 Scriptura:
2924 3915 3124 3958 vocant
3148 3907 3448 3974 inaspecta-

1865 4003 2067 4058 bilem:
2107 4011 2161 4057 et
2198 4003 2287 4072 qui
2345 4001 2512 4055 multa
2571 4002 2790 4055 laudum
2835 4001 3067 4072 insignia
3124 4001 3448 4070 nominaque

1864 4096 2048 4159 habet,
2080 4095 2268 4149 dicunt
2306 4091 2627 4148 ineﬂ'abilem
2666 4104 2721 4149 et
2759 4093 3248 4158 inuominabilem;
3284 4103 3448 4164 atque

1862 4204 1988 4242 eum
2019 4188 2109 4256 qui
2133 4187 2388 4240 omnibus
2421 4201 2662 4254 praesens
2701 4195 2784 4239 est
2821 4195 2875 4240 et
2906 4201 2971 4240 ex
3003 4187 3258 4240 omnibus
3298 4186 3448 4239 inve-

1865 4280 2034 4342 nitur,
2080 4287 2278 4332 vocaut
2324 4278 2839 4348 incompreheusum
2886 4286 2941 4331 et
2988 4277 3442 4345 iuvestigabilem.

1864 4371 1975 4424 lloc
2005 4369 2168 4440 igitur
2201 4369 2361 4422 modo
2391 4370 2688 4422 etiamnum
2734 4369 2952 4423 divinus
2993 4370 3280 4439 Apostolus
3310 4371 3447 4422 stul-

1865 4463 2039 4516 titiam
2096 4461 2188 4516 Dei
2237 4461 2466 4516 laudare
2513 4461 2736 4524 dicitur,
2786 4461 2910 4514 dum
2963 4460 3016 4514 id
3073 4461 3214 4528 quod
3269 4462 3324 4514 in
3380 4477 3445 4515 ea

1864 4553 2062 4607 rationi
2095 4552 2432 4607 contrarium
2466 4559 2521 4604 et
2559 4551 2856 4604 absurdum
2896 4550 3131 4616 videtur,
3164 4555 3232 4605 ad
3260 4552 3448 4604 inell‘a-

1862 4646 2024 4701 bilem
2056 4645 2315 4714 omnique
2365 4645 2578 4698 ratione
2625 4643 2888 4713 potiorem
2934 4643 3217 4696 veritatem
3254 4643 3443 4697 refert.

1868 4737 2066 4794 Verum
2097 4737 2177 4808 (ut
2215 4735 2346 4790 alibi
2375 4735 2510 4805 dixi)
2543 4735 2586 4789 si
2631 4749 2782 4789 more
2824 4743 3014 4788 nostro
3043 4750 3106 4790 ea
3136 4752 3253 4805 quae
3276 4752 3443 4805 supra

1862 4847 1963 4887 nos
2001 4841 2129 4885 sunt
2173 4829 2528 4896 accipiamus.
2567 4826 3038 4896 falniliaribusque
3078 4829 3232 4882 nobis
3268 4831 3444 4884 sensi-

1861 4925 1963 4978 bus
1995 4923 2382 4984 inbaareamus,
2418 4930 2581 4987 atque
2626 4919 2806 4972 divina
2857 4934 2980 4972 cum
3036 4921 3198 4975 rebus
3241 4925 3442 4978 nostris

1862 5015 2231 5078 conferamus,
2265 5013 2525 5079 fallimur,
2562 5013 2606 5067 si
2637 5016 2933 5069 secundum
2972 5017 3020 5069 id
3065 5017 3208 5086 quod
3239 5019 3443 5075 deforis

1865 5118 2088 5179 apparet
2117 5107 2358 5161 divinum
2391 5103 2597 5160 Numen
2626 5115 2678 5160 et
2706 5122 2962 5162 arcanam
3000 5109 3142 5163 illam
3176 5113 3441 5167 rationem

158 5194 327 5249 Κατὰ
357 5193 561 5265 ταύτην
584 5190 675 5247 οὖν
704 5193 772 5247 τὰ
797 5195 914 5248 θεῖα
945 5199 1180 5268 νοητέον,
1203 5199 1262 5251 οὑ
1305 5200 1427 5254 καθ’
1448 5204 1478 5272 ἡ
1489 5204 1614 5273 μᾶς,
1640 5203 1754 5257 ἀλλ’

1864 5200 2028 5274 459
2081 5199 2404 5260 metiamur;
2459 5213 2582 5252 cum
2637 5199 2781 5253 scire
2837 5201 3160 5256 debeamus.
3207 5217 3441 5260 'uentem

157 5293 321 5353 ὅλους
370 5293 592 5354 ἑαυτοὺς
640 5290 776 5344 ὅλων
840 5293 1049 5346 ἑαυτῶν
1113 5292 1495 5365 ἐξισταμένους
1557 5296 1599 5360 ⁸,
1660 5298 1754 5350 καὶ

261 5432 288 5469 κ
324 5429 341 5482 Ι
366 5429 490 5484 Cor.
520 5445 558 5494 ι,
581 5429 674 5484 25.

1861 5295 2079 5365 quidem
2117 5301 2356 5346 nostram
2391 5290 2596 5359 pollere
2627 5291 2676 5346 vi
2702 5292 3059 5365 intelligendi,
3087 5311 3193 5366 qua
3233 5313 3316 5352 res
3354 5299 3442 5353 in-

1449 5543 1680 5598 VARIIE
1716 5540 2121 5599 LECTIONES.

233 5711 256 5731 ⁸
292 5701 468 5778 ἀβληθῆ
503 5703 597 5778 καὶ
628 5701 900 5778 αίώνἽ-δ.
925 5703 1001 5778 P._
1059 5704 1082 5778 ξ
1116 5701 1713 5778 πρὸςΑτὺΔβ-ἐϐαιονικαὶ
1749 5701 1993 5778 μόνιμον,
2031 5701 2090 5758 S.
2128 5703 2187 5757 P.
2270 5708 2290 5737 ⁸
2324 5705 2707 5778 ἐνι).λοὺμενοι,
2745 5705 2802 5759 Ρ.
2827 5709 2886 5762 D.

729 5775 750 5806 ⁸
783 5773 919 5829 ὅλων
946 5771 1225 5839 Mittin/,8.
1251 5773 1306 5826 P.
1346 5771 1732 5844 ἐξισταμένων,
1771 5772 1826 5826 S.

162 5777 238 5829 ΔΙ.
274 5775 376 5844 τήν
407 5790 466 5826 τε
490 5813 506 5842 ,
543 5773 635 5830 Sc.

2968 5709 2985 5738 ⁷
3019 5707 3118 5777 τὴν
3161 5706 3215 5760 δέ
3251 5727 3433 5777 φυσιν,

1906 5790 1984 5827 ar.
