3866 6234
90 288 211 347 869
1183 290 1270 345 DE
1301 290 1558 348 DlVlNlS
1589 290 1992 360 NOMINIBUS,
2026 291 2178 350 CAP.
2216 292 2330 350 VII.
3307 295 3413 357 870

88 406 169 458 τὲ
202 404 330 458 θεῖα
353 403 674 477 Θεοπρεπῶς
709 407 949 479 νοητέον.
982 408 1056 462 Τὸ
1097 409 1206 481 γὰρ
1248 410 1409 465 ἄνουν
1437 412 1530 463 καὶ
1564 409 1700 463 ἀναί-

1819 413 2092 481 quomodo
2136 414 2399 483 percipiat
2448 411 2693 476 sensilia,
2724 413 2769 467 si
2819 428 2982 483 supra
3027 429 3250 471 sensum
3291 433 3412 473 om-

89 497 314 568 σθητον
346 499 466 551 καθ’
510 500 805 571 ὑπεροχὴν,
839 502 899 554 οὐ
933 503 1052 555 κατ’
1095 501 1330 572 ἔλλειψιν
1371 505 1465 556 ἐπὶ
1503 502 1638 556 Θεοῦ
1669 505 1700 534 ²⁴

1829 519 1952 559 nem
1991 505 2062 559 sit
2095 504 2428 560 collocatus?
2482 503 2633 573 atqui
2683 503 2910 573 Eloqnia
2967 506 3191 559 tradunt
3236 506 3408 561 Deum

1822 598 2004 652 omnia
2051 612 2237 663 nosse,
2287 598 2531 666 nihilque
2573 598 2811 652 divinam
2859 597 3100 668 effugere
3142 600 3380 668 cognitio

85 591 376 644 τακτέον·
408 589 600 664 ὥσπερ
634 594 730 646 καὶ
769 594 832 646 τὸ
871 595 1067 664 ἄλογον
1100 597 1426 668 ἁνατίθεμεν
1455 596 1532 667 τῷ
1578 597 1722 667 ὑπὲρ

75 684 288 752 θιὸγον,
323 685 417 737 καὶ
443 685 543 756 τὴν
585 684 834 741 ἀτέλειαν
880 688 959 759 τῷ
1009 689 1300 761 ὑπερτελεί
1323 693 1368 722 ¹²
1397 691 1492 743 καὶ
1525 709 1700 762 προλιςε⁴

1821 704 1976 756 nem;
2024 705 2248 757 verum,
2295 700 2354 744 ut
2397 704 2770 759 saepenumero
2819 690 2970 754 dixi,
3016 691 3197 745 divina
3253 700 3412 760 prout

53 775 236 847 ⁴λείῳ
257 792 271 805 ·
308 776 405 830 καὶ
450 777 542 830 τὸν
588 777 770 851 ᾴναφῆ
810 781 904 834 καὶ
948 779 1178 854 ἀόρατον
1213 781 1413 852 γνόφον
1455 782 1534 854 τῷ
1581 786 1700 853 φωτ

1821 780 1932 837 Deo
1971 791 2289 851 competunt
2338 781 2651 851 accipienda
2699 790 2847 835 sunt.
2891 781 3026 837 Nam
3073 785 3308 837 amentia
3357 796 3413 838 et

43 865 176 945 fu?)
223 866 530 938 ἀπροσίτῳ,
582 867 706 922 καθ’
756 869 1030 943 ὑπεροχὴν
1070 871 1165 926 τοῦ
1208 873 1407 944 ὁρατοῦ
1440 875 1490 906 ’³
1519 876 1694 946 φωτός

1821 873 2180 942 insensilitas,
2219 890 2318 944 per
2354 890 2666 941 excessum,
2704 891 2808 930 non
2853 891 2948 944 per
2993 875 3264 930 deiectum
3301 865 3412 932 Deo

1825 967 2174 1032 tribuuntur;
2209 967 2350 1021 sicut
2392 967 2555 1022 etiam
2601 967 2830 1022 rationis
2873 968 3172 1020 carcutiam
3221 968 3268 1022 ei
3317 968 3410 1037 qui

1819 1075 1982 1131 supra
2017 1061 2284 1114 rationem
2321 1069 2406 1114 est
2437 1058 2806 1122 attribuimus,
2849 1069 2905 1112 et
2944 1059 3410 1128 imperfectionem

43 941 60 1000 ί.
85 959 274 1011 ’Ὥστε
306 961 336 1012 6
365 959 507 1023 Θεῖος
535 960 660 1024 νοῦς
690 963 869 1016 πάντα
913 941 1127 1036 συνέχει
1166 941 1482 1037 ’τῇ-πάντων
1515 941 1718 1040 ἐξῃρη-

87 1048 248 1120 μένη
281 1049 503 1118 γνώσει,
546 1052 687 1106 κατὰ
735 1053 836 1126 τὴν
866 1056 1084 1110 πάντων
1116 1057 1294 1111 αἰτίαν
1322 1061 1379 1112 ὲν
1417 1059 1594 1130 ἑαυτῷ
1622 1061 1719 1132 τήν

81 1141 329 1194 πάντων
351 1141 556 1214 εῐδησιν
598 1145 975 1218 προειληφὼς,
1015 1150 1148 1220 πρὶν
1177 1149 1439 1219 ἀγγέλους
1468 1151 1696 1220 γενέσθα

1819 1169 2149 1224 supraquam
2181 1153 2429 1224 perfecto
2465 1170 2528 1207 ac
2569 1153 2967 1223 praeperfecto;
3009 1163 3064 1207 et
3091 1153 3408 1223 caliginem,

85 1230 273 1295 εἰδὼς
326 1234 420 1286 καὶ
464 1237 732 1306 παράγων
771 1237 1056 1306 ἀγγέλους,
1107 1240 1202 1293 καὶ
1253 1240 1429 1294 πάντα
1466 1239 1535 1293 τὰ
1583 1241 1700 1296 ἄλλο

1819 1259 1937 1314 quae
1970 1252 2168 1299 tactum
2207 1244 2490 1314 visumque
2513 1242 2706 1314 fugiat,
2733 1244 2840 1298 luci
2879 1245 3172 1299 inaccessae
3197 1260 3413 1298 accom-

81 1322 323 1377 ἕνδοθεν
371 1326 466 1379 καὶ
519 1327 614 1380 ἀπ’
655 1328 848 1399 αὐτῆς,
893 1329 959 1382 ἵν’
997 1328 1171 1394 οὕτως
1216 1330 1378 1394 εῐπω,
1404 1332 1504 1403 τῆς
1541 1331 1700 1404 ἀρχῆς

1825 1338 2131 1400 modamus,
2168 1336 2466 1391 secundum
2501 1337 2644 1406 quod
2675 1337 2896 1392 excellit
2928 1339 3101 1391 lucem
3134 1337 3409 1406 Spectabi-

82 1411 288 1477 εἰδὼς,
318 1415 410 1468 καὶ
430 1417 510 1480 εἰς
553 1417 743 1471 οὐσίαν
771 1419 918 1487 ἄγων
937 1435 951 1448 ⁸
988 1420 1080 1473 καὶ
1117 1420 1276 1473 τοῦτο
1302 1416 1452 1492 οἶμαι
1484 1424 1700 1494 παραδι-

1819 1430 1944 1486 lem.
1970 1428 2159 1500 Itaque
2185 1444 2338 1484 mens
2364 1428 2545 1483 divina
2573 1429 2986 1498 comprehendit
3017 1428 3198 1482 omnia
3222 1427 3412 1497 cogni-

1818 1525 1963 1579 tione
2001 1525 2238 1593 quadam
2266 1521 2563 1586 eminenti,
2599 1537 2707 1591 qua
2763 1523 3062 1575 secundum
3120 1520 3409 1590 ipsammet

1813 1616 2056 1670 omnium
2100 1629 2321 1670 causam
2351 1613 2406 1668 in
2434 1630 2494 1669 se
2516 1615 2757 1670 omnium
2799 1614 3167 1684 cognitionem
3212 1613 3409 1668 antici-

79 1505 255 1558 6o'vat
289 1507 352 1560 τὸ
380 1508 596 1576 Λόγιον,
627 1510 829 1564 ὁπόταν
882 1511 1070 1582 φησὶν,
1113 1513 1171 1565 '0
1217 1513 1373 1578 εἰδὼς
1425 1513 1493 1568 τὰ
1537 1515 1716 1570 πάντα

1814 1717 1925 1778 pat,
1959 1709 2280 1778 priusquam
2323 1707 2500 1778 angeli
2547 1707 2741 1761 ﬁerent
2781 1721 3118 1776 cognoscens
3162 1706 3408 1779 angelos,

82 1597 238 1667 πρὶν
267 1597 540 1665 γενέσεως
567 1599 774 1653 αὐτῶν.
804 1601 878 1655 Οὐ
908 1601 1018 1674 γὰρ
1047 1604 1112 1656 ὲκ
1140 1602 1249 1656 τῶν
1282 1603 1451 1657 ὄντων
1477 1603 1545 1657 τὰ
1585 1604 1714 1658 ὄντα

85 1685 422 1756 μανθάνων,
451 1683 590 1741 οἶδεν
628 1691 658 1742 6
687 1688 831 1754 θεῖος
856 1690 1003 1757 νοῦς,
1029 1691 1144 1745 ἀλλ’
1187 1691 1246 1758 ἐξ
1290 1692 1476 1757 αὑτοῦ,
1507 1694 1602 1747 καὶ
1653 1697 1712 1747 ὲν

84 1779 284 1849 αὐτῷ,
322 1779 443 1832 κατ’
481 1780 661 1835 αἰτίαν
688 1781 788 1854 τὴν
833 1784 1051 1837 πάντων
1080 1783 1306 1856 εἴδησιν,
1355 1787 1451 1839 καὶ
1486 1786 1700 1855 γνῶσιν,

1819 1817 2021 1872 eosque
2071 1816 2295 1871 creans,
2327 1811 2635 1870 cmteraque
2680 1801 2862 1853 omnia
2893 1799 3043 1853 intus
3080 1807 3135 1852 et
3171 1797 3239 1851 ab
3270 1797 3409 1867 ipso.

82 1870 198 1922 καὶ
232 1869 429 1922 οὐσίαν
468 1870 691 1942 προέχει
745 1873 840 1927 καὶ
875 1874 1329 1947 προσυνείληφεν,
1367 1878 1428 1930 οὐ
1474 1879 1595 1932 κατ’
1635 1920 1640 1927 .
1671 1881 1700 1933 ἰ-

1819 1907 1876 1948 υι
1913 1896 1984 1949 ita
2019 1895 2218 1960 dicam,
2269 1893 2492 1948 exordio
2545 1907 2801 1958 noscens,
2830 1901 2886 1946 et
2926 1892 2977 1945 in
3029 1907 3209 1945 rerum
3252 1901 3411 1944 natu-

83 1959 230 2013 δέαν
258 1961 516 2025 ἑκάστοις
555 1963 883 2029 ἐπιϐάλλων,
925 1965 1061 2020 ἀλλὰ
1090 1967 1235 2020 κατὰ
1267 1968 1397 2039 μίαν
1414 1968 1514 2039 τῆς
1536 1970 1700 2034 αἰτίας

1821 2002 1934 2041 ram
1969 1986 2286 2055 proferens;
2326 1986 2490 2054 idque
2541 1985 2782 2038 arbitror
2830 1981 3171 2052 Scripturam
3201 1980 3411 2051 signiﬁ-

87 2053 379 2124 περιοχὴν
424 2052 494 2107 τὰ
532 2055 711 2110 πάντα
753 2057 908 2122 εἰδὼς
943 2060 1038 2112 καὶ
1087 2060 1358 2130 συνέχωνο
1401 2062 1590 2133 ὥσπερ
1621 2065 1700 2118 κα¹

1819 2095 1965 2145 care,
1995 2095 2116 2134 cum
2153 2079 2263 2132 ait:
2299 2077 2400 2144 Qui
2432 2077 2584 2131 novit
2619 2076 2799 2130 omnia
2823 2075 3145 2143 priusquam
3189 2073 3406 2126 ﬁantm.

79 2147 154 2200 τὸ
191 2144 318 2213 φῶς
353 2147 476 2200 κατ’
497 2147 677 2200 αἰτίαν
704 2150 762 2203 ἐν
786 2150 966 2222 ἑαυτῷ
988 2151 1085 2222 τὴν
1116 2151 1320 2224 εἴδησιν
1350 2151 1446 2207 τοῦ
1490 2155 1700 2218 σκάτους

1819 2169 1934 2224 Non
1961 2171 2104 2224 enim
2139 2184 2204 2223 ex
2244 2170 2406 2224 rebus
2435 2169 2568 2238 ipsis
2599 2182 2689 2222 res
2731 2165 2972 2229 discens,
3005 2165 3158 2218 novit
3186 2178 3281 2217 eas
3322 2163 3406 2216 di-

86 2235 442 2329 npoailqtp—sv
465 2237 533 2329 “,
557 2239 658 2329 οὐκ
689 2239 910 2296 ἄλλοθεν
937 2242 1092 2307 εἰδὼς
1113 2243 1176 2297 τὸ
1209 2245 1398 2309 σκότος
1430 2246 1462 2317 ἢ
1489 2248 1596 2300 ὰπὸ
1619 2245 1700 2300 τοῐ

1819 2266 1943 2316 vina
1969 2276 2142 2325 mens,
2184 2262 2277 2315 sed
2329 2277 2394 2315 ex
2434 2260 2611 2329 seipsa
2662 2267 2716 2313 et
2765 2258 2817 2312 in
2866 2259 3066 2326 seipsa,
3111 2255 3406 2311 secundum

89 2323 310 2390 φωτός.
349 2325 577 2397 Ἑαυτὴν
599 2321 692 2380 οὗν
719 2328 753 2399 ή
785 2329 906 2384 θεία
957 2331 1118 2400 σοφία
1156 2333 1519 2402 γινώσκουσα,
1571 2335 1700 2405 γνώ-

1819 2369 2036 2409 causam
2076 2354 2319 2407 omnium
2360 2353 2666 2417 scientiam,
2703 2361 2758 2405 et
2801 2351 3104 2414 notionem,
3139 2359 3193 2402 et
3219 2362 3408 2402 essen-

90 2431 263 2467 σεται
301 2416 346 2446 ”
375 2417 572 2483 πάντα,
613 2419 794 2486 άΰλως
831 2422 900 2476 τὰ
941 2423 1124 2491 ῦλικᾶ,
1160 2427 1254 2479 καί
1297 2427 1608 2499 ἁμερίστως
1645 2429 1700 2482 τὰ

1819 2448 1950 2502 tiam
1977 2447 2274 2516 przehabet.
2318 2455 2372 2500 et
2412 2455 2539 2499 ante
2566 2443 3004 2514 comprehendit,
3032 2457 3137 2494 non
3177 2440 3409 2510 singulis

90 2511 372 2607 μεριστὰ,
400 2515 494 2568 καὶ
521 2515 588 2570 τὰ
615 2516 786 2571 πολλὰ
809 2519 1047 2586 ὲνιαίως,
1067 2521 1217 2592 αὐτῷ
1239 2521 1316 2592 τῷ
1339 2523 1419 2576 ἐνὶ
1439 2523 1508 2576 τὰ
1536 2525 1700 2578 πάντα

1819 2538 2114 2594 secundum
2141 2537 2403 2607 cujusque
2448 2538 2684 2605 speciem
2737 2535 3046 2601 intendens,
3085 2534 3176 2588 sed
3208 2549 3406 2587 secun-

88 2604 201 2655 καὶ
242 2603 592 2672 γινώσκουσα
634 2610 730 2662 καὶ
773 2612 1098 2683 παράγουσα
1118 2631 1132 2644 ν
1185 2615 1281 2668 καὶ
1329 2615 1440 2686 γὰρ
1479 2618 1527 2669 εἰ
1572 2619 1713 2670 κατὰ

94 2694 243 2766 μίαν
277 2696 456 2750 αἰτίαν
491 2699 520 2750 ὁ
559 2699 692 2766 Θεὸς
722 2703 857 2756 πᾶσι
891 2705 1004 2768 τοῖς
1043 2700 1163 2759 οὖσι
1193 2705 1287 2759 τοῦ
1325 2703 1464 2760 εἶναι
1499 2709 1714 2778 μεταδί-

88 2788 265 2853 δωσι,
299 2788 442 2843 κατᾶ
480 2790 582 2862 τὴν
630 2792 805 2865 αὐτὴν
857 2795 1045 2867 ἑνικὴν
1081 2798 1261 2852 αἰτίαν
1287 2799 1490 2852 οἴσεται
1536 2801 1715 2855 πάντα

89 2881 180 2944 ὡς
207 2879 270 2948 ἐξ
297 2881 491 2936 ἑαυτοῦ
517 2883 666 2950 ὄντα,
701 2887 796 2939 καὶ
824 2889 882 2940 ἐν
921 2888 1099 2960 ἐαυτῷ
1132 2892 1178 2922 ³⁸
1232 2895 1704 2964 προῦφεστηκότα,

92 2972 206 3025 καὶ
241 2972 347 3026 οὐκ
392 2976 456 3028 ἐκ
505 2975 614 3029 τῶν
653 2976 826 3032 ὄντων
857 2979 1084 3051 λήψεται
1126 2982 1228 3054 τὴν
1273 2982 1451 3036 αὐτῶν
1487 2983 1700 3052 γνῶσιν,

1819 3012 2074 3062 noscens,
2125 2998 2262 3052 sciet
2302 2997 2519 3060 omnia;
2555 2995 2861 3049 matcrialia
2907 2996 3026 3049 sine
3063 2995 3313 3060 materia,
3356 3004 3410 3048 et

95 3063 252 3118 ἀλλὰ
282 3066 379 3118 καὶ
402 3067 585 3132 αὐτοῖς
612 3069 866 3136 ἑκάστοις
898 3072 1007 3126 τῶν
1032 3074 1231 3139 αὐτῶν,
1269 3075 1363 3128 καὶ
1401 3075 1580 3141 ἄλλοις
1612 3077 1700 3148 τῆς

1819 3087 2048 3142 indivise
2081 3085 2399 3152 divisibilia,
2425 3095 2478 3140 et
2508 3086 2666 3139 unice
2707 3085 2896 3146 multa,
2941 3084 3056 3152 ipso
3091 3099 3196 3137 uno
3223 3084 3407 3138 omnia

93 3157 290 3250 ᾇλλων
313 3157 566 3228 γνώσεως
595 3162 748 3218 ἔσται
771 3166 1026 3236 χορηγός.
1055 3168 1170 3221 Οὐκ
1200 3167 1310 3239 ἄρα
1361 3170 1390 3222 6
1421 3169 1553 3233 Θεὸς
1585 3171 1700 3225 ἰδίαπ

1823 3190 1877 3234 ει
1921 3195 2259 3250 cognoscens
2320 3189 2374 3235 et
2423 3180 2765 3249 producens;
2827 3193 2950 3229 nam
3005 3177 3049 3230 si
3107 3177 3406 3231 secundum

95 3249 224 3320 ἔχει
251 3250 358 3322 τὴν
408 3252 604 3306 ἑαυτοῦ
651 3256 873 3325 γνῶσιν,
924 3258 1118 3330 ἑτέραν
1163 3260 1221 3314 δὲ
1259 3260 1359 3331 τὴν
1405 3266 1558 3336 κοινῇ
1577 3266 1622 3296 ’⁷
1645 3265 1700 3319 τὸ

1823 3291 1984 3330 unam
2008 3287 2232 3328 causam
2272 3272 2411 3325 Deus
2467 3273 2721 3326 omnibus
2763 3285 2881 3324 esse
2917 3269 3180 3337 impertit,
3207 3284 3405 3323 secun-

95 3342 239 3396 ὄντα
265 3343 450 3397 πάντα
478 3345 957 3418 συλλαμϐάνουσαν
975 3367 989 3381 ο
1019 3353 1154 3424 αὑτὴ
1175 3353 1285 3426 γὰρ
1307 3355 1502 3428 ἑαυτὴν
1525 3358 1559 3428 ή
1580 3357 1700 3412 πάν-

1821 3369 1947 3422 dum
1973 3366 2222 3421 eamdem
2251 3365 2467 3419 unicam
2499 3380 2717 3418 causam
2755 3365 2891 3418 sciet
2920 3364 3101 3416 omnia
3148 3372 3406 3432 tanquam

96 3451 220 3487 των
263 3436 416 3490 αἰτία
450 3437 815 3507 γινώσκουσα,
849 3443 1010 3516 σχολῇ
1037 3462 1141 3498 που
1175 3446 1244 3500 τὰ
1273 3448 1368 3500 ἀπ’
1397 3449 1590 3520 αὐτῆς,
1620 3452 1700 3504 καί

1819 3475 1886 3515 ex
1915 3474 1974 3514 se
1997 3457 2338 3524 exsistenlia,
2361 3466 2414 3511 et
2439 3457 2489 3509 in
2513 3456 2692 3523 seipso
2721 3465 2846 3510 ante
2874 3454 3326 3524 praeexsistcntia,
3353 3463 3409 3506 et

98 3521 187 3579 ὧν
227 3529 379 3582 ἐστιν
415 3531 584 3596 αἰτία,
623 3533 900 3606 ἀγνοήσει.
938 3536 1120 3608 Ταύτῃ
1162 3538 1292 3606 γοῦν
1322 3541 1368 3573 ⁵⁸
1399 3541 1428 3593 6
1475 3541 1607 3606 Θεὸς
1642 3541 1700 3595 τὸ

1822 3565 1930 3604 non
1959 3563 2025 3602 ex
2053 3549 2217 3602 rebus
2249 3561 2432 3600 rerum
2464 3546 2697 3614 accipiet
2741 3546 3039 3610 notionem,
3068 3546 3161 3598 sed
3190 3554 3245 3598 et
3274 3544 3406 3614 ipsis

96 3621 242 3674 ὄντα
269 3621 550 3690 γινώσκει,
590 3627 652 3680 οὐ
681 3630 748 3699 τῇ
785 3631 1066 3705 ἐπιστήμῃ
1095 3631 1204 3685 τῶν
1238 3632 1425 3699 ὄντων,
1459 3635 1596 3690 ἀλλὰ
1644 3641 1700 3709 τῇ

1822 3637 2055 3708 singulis
2097 3638 2336 3706 ipsarum
2376 3637 2602 3705 aliisque
2642 3635 2870 3687 aliarum
2919 3635 3166 3689 notitiam
3205 3634 3404 3701 largie-

97 3713 346 3766 ἑαυτοῦ·
389 3717 482 3768 καὶ
522 3716 632 3789 γὰρ
667 3720 761 3773 καὶ
795 3721 923 3784 τοὺς
955 3722 1216 3791 ἀγγέλους
1245 3725 1442 3779 εἰδέναι
1479 3727 1613 3798 φησί
1646 3729 1700 3781 τὸ

1827 3741 1934 3786 tur.
1982 3729 2097 3783 Non
2142 3729 2307 3783 habet
2344 3729 2528 3798 itaque
2564 3728 2703 3781 Deus
2746 3725 3075 3794 peculiarem
3119 3727 3405 3780 scientiam

96 3806 286 3874 Λόγια
327 3806 395 3861 τὰ
431 3809 524 3862 ἐπὶ
548 3813 648 3882 τῆς
691 3811 815 3882 γῆς,
861 3813 921 3867 οὐ
967 3818 1091 3868 κατ’
1124 3816 1404 3887 αἰσθήσεις
1427 3815 1431 3820 ’
1456 3819 1595 3872 αὐτὰ
1633 3837 1700 3889 γι-

1825 3823 1932 3887 sui,
1961 3822 2120 3876 aliam
2145 3837 2275 3876 vero
2297 3835 2640 3876 communem
2689 3836 2777 3874 res
2818 3834 3008 3873 omnes
3041 3818 3408 3888 complecten-

98 3894 442 3963 νώσκοντας,
479 3899 716 3971 αἰσθητά
751 3919 815 3971 γε
847 3902 993 3970 ὄντα,
1027 3901 1147 3959 κατ’
1179 3908 1384 3961 οἰκείαν
1411 3908 1468 3961 δὲ
1489 3907 1583 3962 τοῦ
1605 3909 1700 3963 Θεο

1826 3926 1955 3980 tem;
1992 3917 2106 3984 ipsa
2137 3915 2281 3968 enim
2306 3916 2548 3968 omnium
2585 3929 2748 3967 causa
2783 3913 3017 3982 seipsam
3050 3927 3402 3983 cognoscens,

96 3987 290 4052 ειδοῦς
311 3989 402 4042 νοῦ
423 3989 654 4062 δύναμιν
676 3994 772 4047 καὶ
797 3995 976 4064 φύσιν.

1821 4004 1969 4058 nullo
1994 4001 2154 4075 46],
2184 4004 2343 4057 modo
2370 4018 2434 4056 ea
2469 4019 2587 4072 quae
2623 4004 2691 4057 ab
2722 4005 2860 4072 ipsa,
2899 4012 2953 4058 et
2982 4018 3213 4072 quorum
3244 4017 3406 4057 causa

1817 2723 2135 2787 continens;
2166 2721 2308 2775 sicut
2338 2730 2394 2774 et
2420 2719 2510 2773 lux
2561 2722 2861 2773 secundum
2891 2733 3113 2772 causam
3159 2721 3410 2772 tenebra-

1817 2831 1934 2870 rum
1963 2815 2234 2869 notionem
2263 2813 2548 2882 anticipat,
2582 2828 2688 2866 non
2724 2811 2945 2865 aliunde
2980 2826 3145 2879 quam
3187 2825 3253 2864 ex
3284 2809 3405 2864 luce

1819 2909 2073 2963 tenebras
2104 2921 2356 2961 noscens.
2397 2903 2646 2973 Seipsam
2694 2904 2862 2972 igitur
2908 2905 3088 2957 divina
3139 2902 3407 2971 sapientia

95 4113 216 4170 est,
250 4105 542 4176 ignorabit.
578 4108 690 4166 Hac
719 4113 882 4183 igitur
918 4116 1060 4172 Deus
1108 4134 1194 4174 res
1250 4137 1612 4192 cognoscens,
1642 4140 1747 4178 non
1787 4124 2016 4178 scientia
2070 4138 2274 4191 rerum,
2335 4123 2427 4177 sed
2476 4124 2702 4178 scientia
2740 4124 2998 4194 suiipsius
3036 4124 3179 4192 ipsas
3220 4124 3402 4189 novit;

95 4199 317 4252 etenim
347 4201 570 4270 angelos
611 4219 827 4275 quoque
872 4207 1152 4280 Scriptura
1186 4223 1416 4269 testatur
1450 4232 1512 4271 ea
1559 4217 1702 4272 scire
1735 4231 1856 4286 qua:
1903 4216 1954 4268 in
2002 4225 2147 4270 terra
2201 4225 2350 4284 sunt,
2378 4231 2484 4270 non
2527 4217 2826 4271 secundum
2853 4233 3043 4274 sensus
3083 4217 3171 4272 illa
3199 4235 3407 4290 cogno—

97 4300 335 4347 scentes
368 4309 490 4363 qua!
541 4298 822 4354 sensibilia
879 4310 1031 4368 sunt,
1058 4303 1152 4359 sed
1190 4306 1488 4362 secundum
1534 4307 1794 4372 virtutem
1828 4321 1892 4361 ac
1917 4315 2166 4360 naturam
2191 4305 2390 4364 mentis
2413 4305 2717 4364 deiformis.

1672 4467 1700 4539 §
1740 4464 1853 4526 III.

1816 2629 1942 2684 dum
1975 2630 2191 2684 unicam
2225 2643 2402 2683 causm
2444 2627 2875 2696 complexionem
2901 2637 3096 2680 cuncta
3143 2625 3322 2680 sciens
3354 2632 3410 2676 et
3501 2701 3508 2706 _

193 4597 400 4651 Ἐπὶδὲ
420 4616 631 4665 τουτοις
659 4599 892 4673 ζητῆσαι
918 4603 1044 4676 χρὴ,
1066 4606 1183 4671 πῶς
1203 4609 1363 4678 ἡμεῖς
1385 4609 1518 4663 Θεὸν
1539 4609 1703 4679 γινώ-

97 4706 338 4760 σκομεν,
356 4690 477 4743 οὐδὲ
490 4692 702 4763 νοητὸν,
723 4693 844 4747 οὐδὲ
863 4695 1137 4768 αἰσθητὸν,
1157 4699 1279 4752 οὐδέ
1291 4717 1345 4753 τι
1357 4701 1584 4756 καθόλου
1597 4703 1706 4757 τῶν

93 4783 281 4836 ὄντων
294 4783 337 4813 ’θ
349 4781 498 4837 ὄντα.
514 4786 743 4857 Μήποτε
755 4782 849 4840 οὖν
865 4789 1062 4860 ἀληθὲς
1074 4793 1268 4860 εἰπεῖν,
1285 4795 1366 4849 ὅτι
1391 4796 1524 4851 Θεὸν
1543 4797 1708 4867 γινώ-

97 4892 316 4946 σκομεν
337 4877 436 4930 οὐκ
455 4879 519 4930 ὲκ
529 4878 632 4948 τῆς
649 4880 812 4933 αὐτοῦ
829 4881 872 4914 ³ο
885 4883 1119 4952 φύσεως,
1137 4884 1434 4958 (ἄγνωστον
1455 4890 1565 4963 γὰρ
1588 4890 1716 4944 τοῦ-

93 4985 189 5029 το,
215 4966 312 5020 καὶ
333 4969 510 5022 πάντα
531 4969 689 5041 λόγον
709 4974 802 5026 καὶ
828 4974 952 5028 νοῦν
975 4977 1273 5050 ὑπεραῖρον
1296 4981 1348 5054 ο)
1375 4981 1489 5035 ἀλλ’
1515 4985 1582 5038 ὲκ
1602 4985 1702 5056 τῆς

96 5058 331 5147 πάντων
361 5058 470 5147 τῷν
494 5060 664 5147 όντων
689 5063 1008 5131 διατάξεως,
1031 5069 1107 5133 ὡς
1128 5070 1188 5135 ἐξ
1207 5072 1371 5126 αὑτοῦ
1399 5074 1700 5147 προϐεϐλη-

98 5141 304 5212 μένης,
336 5144 430 5196 καὶ
455 5145 674 5210 εἰκόνας
705 5148 857 5212 τινὰς
887 5151 980 5204 καὶ
1019 5154 1339 5227 ὁμοιώματα
1384 5141 1494 5213 τῶν
1539 5141 1700 5215 Θείων

95 5232 276 5288 αὐτοῦ
312 5237 772 5310 παραδειγμάτων
796 5245 1049 5317 ἐχούσης,
1086 5251 1166 5314 εἰς
1187 5250 1250 5304 τὸ
1271 5251 1532 5308 ἐπέκεινα
1562 5256 1699 5310 πάν·-

176 5361 218 5390 η
255 5350 395 5410 Dan.
437 5366 560 5421 xm,
593 5354 687 5410 42.

1886 4610 2154 4666 Praeterea
2207 4613 2558 4683 quaerendum
2611 4623 2719 4679 est,
2774 4616 3052 4684 quomodo
3091 4632 3188 4673 nos
3222 4618 3391 4674 Deum

1813 4721 2230 4776 cognoscamus,
2265 4709 2356 4778 qui
2383 4723 2563 4776 neque
2590 4724 2755 4764 sensu
2787 4711 3082 4780 percipitur
3114 4729 3214 4768 nec
3238 4715 3400 4769 intel-

1816 4799 2061 4870 ligentia,
2091 4809 2147 4855 et
2176 4801 2312 4854 nihil
2335 4803 2561 4856 omnino
2583 4811 2756 4856 estex
2786 4803 2852 4855 iis
2877 4819 2996 4872 quae
3019 4813 3166 4858 sunt.
3189 4806 3269 4859 An
3291 4823 3396 4862 non

1816 4892 1996 4960 potius
2035 4905 2164 4946 vere
2202 4891 2438 4955 dicatur,
2485 4891 2636 4958 quod
2669 4893 2837 4944 Deum
2883 4907 2987 4946 non
3019 4898 3399 4962 cognoscimus

1813 4998 1877 5036 ex
1907 4989 2103 5038 natura
2138 4981 2255 5052 ejus
2283 4981 2360 5052 (id
2389 4982 2532 5036 enim
2561 4983 2704 5051 quod
2745 4991 2939 5038 natura
2973 4986 3202 5055 ejus‘est
3247 4989 3398 5043 inco-

1809 5074 2018 5142 gnitum
2046 5082 2156 5138 est,
2175 5082 2230 5128 et
2250 5089 2466 5129 omnem
2487 5074 2754 5128 rationem
2775 5091 2839 5131 ac
2863 5089 3103 5132 mentem
3125 5087 3393 5150 superat),

1807 5167 1902 5222 sed
1931 5183 1998 5222 ex
2027 5167 2223 5222 ordine
2247 5166 2495 5221 omnium
2523 5183 2731 5236 rerum,
2755 5179 3012 5240 tauquam
3040 5174 3109 5227 ab
3137 5173 3257 5241 ipso
3280 5190 3397 5242 pro—

1808 5260 2010 5329 posito,
2043 5272 2101 5315 et
2123 5261 2391 5331 imagines
2420 5262 2682 5331 quasdam
2707 5276 2772 5318 ac
2794 5264 3180 5322 similitudines
3211 5283 3394 5320 excin-

1406 5515 1643 5574 VARM‘I
1685 5519 2093 5584 LECTIONES.

177 5687 221 5716 ¹¹
260 5687 355 5739 ἐπὶ
384 5686 478 5740 τοῦ
501 5686 658 5742 Θεοῦ.

103 5775 215 5823 ται,
255 5756 326 5811 Μ.
365 5757 455 5814 Sc.

750 5693 796 5764 τ’
828 5692 1184 5764 ῦπερτελείῳ,
1224 5693 1284 5749 S.

535 5761 580 5792 "‘
614 5762 673 5813 ὲν
711 5761 879 5835 αὐτῷ,
916 5761 973 5821 S.
1024 5766 1085 5817 Ρ.
1137 5761 1146 5764 ’
1183 5767 1228 5798 ’⁷
1257 5767 1440 5837 κοινήν
1463 5807 1479 5833 ,
1516 5765 1574 5825 S.
1599 5766 1660 5822 P.

1361 5695 1408 5726 ³³
1439 5697 1535 5750 τοῦ
1565 5711 1674 5753 non
1701 5698 1868 5755 habet
1898 5699 1954 5755 S.
1991 5701 2248 5771 ἀοράτου,
2284 5706 2354 5762 Μ.
2393 5708 2484 5764 Sc.
2557 5711 2604 5744 "
2627 5711 2823 5794 παρείλ

1361 5767 1440 5837 μήν
1463 5807 1479 5833 ,
1516 5765 1574 5825 S.
1599 5766 1660 5822 P.
1741 5771 1786 5802 ’⁸
1807 5771 1982 5844 ταύτῃ
2016 5774 2133 5841 οὖν,
2173 5776 2232 5831 Ρ.
2341 5780 2385 5812 ²⁹
2418 5779 2526 5834 τῶν
2559 5799 2787 5844 νοητων,

2865 5731 2980 5782 φεν.
3059 5715 3103 5746 ’⁵
3124 5732 3392 5784 γινώσκε-

2342 5748 2354 5761 .
2394 5729 2486 5792 ac;
2559 5729 2604 5744 ιν
2627 5729 2980 5840 παρειλὲφεν.
3060 5729 3382 5784 ἐνγινωσκε-

2341 5780 2385 5812 ²⁹
2418 5797 2526 5834 των
2559 5799 2787 5851 νοητων,
2873 5825 2885 5838 .
2988 5785 3033 5820 ³ο
3067 5786 3284 5855 ἑαυτοῦ,
3320 5787 3382 5842 Ρ.
