3866 6234
496 311 596 368 ΞΗ
1689 310 1746 366 S.
1786 310 1989 367 DIONY
2002 311 2085 367 Sll
2122 311 2584 370 ΛῐὶΕΟΡΑΟΙΤᾸί

3684 318 3778 372 8Τ2

497 425 1178 494 plariumejusdivinorum
1197 425 1248 478 in
1275 439 1333 479 se
1358 424 1610 488 habente,
1650 427 1716 479 ad
1746 440 2051 495 cognoscen

2184 441 2292 476 των
2339 424 2444 495 ὀδῷ
2469 425 2560 478 καὶ
2589 423 2741 488 ταξει
2766 442 2904 478 κατα
2935 425 3161 497 δύναμιν
3198 426 3421 497 ἄνειμεν
3454 426 3516 479 ἐν
3559 428 3634 496 τῇ
3668 432 3776 481 πᾶν»

497 520 624 574 dnm
673 520 800 574 illud
849 534 1117 573 summum
1168 517 1369 570 bonum
1402 527 1458 571 et
1505 517 1750 572 omnium
1808 519 2076 573 bonorum

498 613 685 674 ﬁnem,
713 613 798 666 via
836 621 890 664 et
919 611 1110 663 ordine
1151 625 1249 678 pro
1287 595 1492 663 viribus
1519 610 1868 663 ascendimus
1896 610 1948 662 in
1979 608 2077 662 ab-

497 705 698 758 latione
740 713 795 756 et
836 704 889 756 in
931 701 1302 770 superlatione
1331 702 1603 766 omnium,
1655 712 1710 756 et
1750 703 1802 755 in
1828 702 2073 754 omnium

494 813 679 851 causa.
707 795 974 860 Quocirca
1023 795 1163 848 Deus
1213 795 1264 846 in
1294 793 1549 848 omnibus
1591 793 1966 862 cognoscitur,
2021 804 2076 847 et

491 888 784 958 separatim
833 886 900 940 ab
939 887 1223 950 omnibus;
1267 896 1322 939 et
1364 901 1461 955 per
1512 886 1880 954 cognitionem
1932 885 2075 939 Deus

491 980 836 1049 cognoscitur
883 994 945 1031 ac
983 994 1080 1047 per
1115 979 1552 1045 ignorationem;
1589 989 1645 1033 et
1665 989 1750 1033 est
1777 980 1844 1033 de
1875 993 1939 1033 eo
1977 993 2073 1032 co-

487 1075 681 1143 gnitio,
715 1073 878 1136 ratio,
921 1082 973 1125 et
1025 1072 1278 1134 scientia,
1336 1081 1390 1124 et
1424 1081 1629 1134 tactus,
1685 1083 1738 1125 et
1771 1088 1988 1137 sensus,
2018 1080 2073 1125 et

484 1167 690 1236 Opinio,
724 1175 778 1219 et
808 1165 1085 1232 cogitatio,
1105 1174 1160 1217 et
1185 1179 1404 1226 nomen,
1433 1174 1488 1217 et
1516 1165 1619 1216 alia
1652 1165 1867 1229 omnia;
1893 1176 1946 1218 et
1979 1179 2072 1218 ne-

484 1272 589 1324 que
625 1254 972 1323 intelligitur,
1024 1269 1204 1322 neque
1243 1254 1465 1319 dicitur,
1519 1270 1693 1323 neque
1725 1256 2066 1320 nominatur;

484 1364 582 1401 nec
612 1357 693 1400 est
731 1347 934 1415 aliquid
970 1363 1154 1400 eorum
1196 1361 1316 1415 qua:
1355 1357 1501 1411 sunt,
1540 1363 1639 1400 nec
1672 1348 1723 1400 in
1752 1348 1933 1416 aliquo
1972 1365 2068 1402 eo-

484 1454 601 1491 rum
646 1453 765 1504 quae
812 1446 942 1490 sunt
999 1439 1381 1507 cognoscitur;
1442 1448 1496 1492 ct
1530 1439 1580 1492 in
1606 1439 1860 1492 onmibus
1884 1442 2066 1493 omnia

479 1542 597 1597 est,
626 1543 680 1586 et
705 1531 838 1585 nihil
872 1533 924 1584 in
953 1530 1091 1595 ullo;
1137 1542 1191 1584 ct
1216 1548 1278 1585 ex
1311 1531 1565 1585 omnibus
1599 1535 1668 1585 ab
1695 1533 1950 1587 omnibus
1978 1547 2068 1586 co—

479 1625 786 1693 gnoscitur,
821 1633 875 1677 et
897 1639 928 1675 a
956 1623 1103 1678 nullo
1136 1641 1201 1678 ex
1241 1624 1348 1678 ulla
1381 1640 1439 1678 re
1475 1641 1489 1678 :
1519 1626 1703 1693 utique
1734 1625 1799 1679 de
1832 1626 1938 1679 Deo
1965 1626 2067 1680 ista

479 1729 627 1772 recte
653 1718 911 1782 dicimus,
964 1727 1018 1773 et
1064 1734 1130 1772 ex
1181 1720 1436 1773 omnibus
1467 1734 1684 1788 quoque
1729 1722 1893 1773 rebus
1921 1720 2065 1774 cele-

479 1812 691 1874 bratur,
721 1811 1021 1864 sccundum
1055 1811 1298 1864 omnium
1336 1826 1570 1880 quorum
1617 1813 1732 1878 ipse
1792 1827 1953 1866 causa
1983 1821 2068 1865 est
2096 1787 2137 1841 Β

476 1906 908 1975 proportionem.
937 1902 1032 1957 Est
1055 1906 1182 1957 item
1207 1904 1550 1958 divinissima
1577 1903 1668 1956 Dei
1701 1903 1918 1968 notitia,
1943 1920 2064 1973 qua:

478 2013 573 2066 per
603 1999 958 2052 nescientiam
986 1999 1273 2067 accipitur,
1299 1997 1595 2050 secundum
1627 1995 1796 2057 illam,
1823 2012 1944 2064 qua:
1973 2012 2064 2050 su-

478 2106 572 2158 pra
609 2091 944 2146 intellectum
969 2097 1072 2152 est,
1094 2087 1615 2152 nnionem,quando
1634 2103 1809 2151 mens,
1841 2104 1868 2140 a
1901 2087 2062 2141 rebus

475 2181 731 2236 omnibus
757 2183 1039 2244 recedens,
1069 2196 1133 2234 ac
1159 2182 1374 2234 demum
1397 2179 1744 2248 semetipsam
1774 2180 2059 2241 deserens,

474 2273 706 2343 desuper
733 2273 1063 2344 fulgentibus
1112 2273 1279 2326 radiis
1309 2274 1516 2336 unitur,
1563 2272 1758 2341 quibus
1782 2271 1834 2324 in
1859 2270 1950 2325 illo
1975 2271 2057 2323 in-

471 2365 757 2419 scrulabili
795 2366 1075 2434 sapientia:
1099 2365 1370 2433 profundo
1399 2364 1768 2418 collustratur.
1799 2365 2054 2417 Attamen

471 2455 554 2520 (ut
575 2454 784 2519 σίκυον(
814 2457 877 2508 iis
899 2471 1111 2524 quoque
1137 2455 1389 2509 omnibus
1419 2467 1504 2509 est
1527 2455 1892 2523 agnoscenda,
1920 2469 2057 2524 quo-

472 2553 615 2601 niam
643 2548 778 2617 ipsa,
808 2550 1107 2602 secundum
1138 2548 1500 2617 Scripturam,
1539 2557 1625 2600 est
1655 2546 1897 2600 omnium
1924 2545 2056 2601 elic-

470 2639 612 2693 ctrix
636 2649 690 2702 ιι,
713 2656 944 2708 qumque
971 2655 1186 2710 semper
1209 2649 1329 2695 erat
1351 2649 1544 2693 cuncta
1565 2652 1900 2707 componens
1923 2654 1968 2704 ο,
2002 2649 2058 2694 et

2179 531 2287 568 των
2338 515 2625 586 ἀφαιρέσει
2661 517 2753 568 καὶ
2798 517 3059 588 ὑπεροχῇ,
3092 519 3184 570 καὶ
3223 519 3276 570 ἐν
3318 520 3385 587 τῇ
3429 518 3664 570 πάντων
3709 523 3776 572 αι-

2178 607 2288 678 τία.
2330 607 2422 660 Διὸ
2454 608 2547 661 καὶ
2572 609 2630 660 ἐν
2665 609 2829 660 πᾶσιν
2863 609 2890 660 ὁ
2926 609 3058 671 Θεὸς
3099 608 3449 676 γινώσκεται,
3478 610 3582 660 καὶ
3617 611 3776 680 χωςές

2179 699 2422 751 πάντων·
2449 698 2540 752 καὶ
2575 699 2662 751 διὰ
2690 699 2943 766 γνώσεως
2970 701 2998 753 6
3028 699 3158 763 Θεὸς
3179 699 3536 768 γινώσκεται,
3565 703 3668 754 καὶ
3697 702 3774 755 διὰ

2177 791 2470 859 ἀγνωσίας,
2507 795 2602 845 καὶ
2639 794 2784 846 ἔστιν
2807 792 2969 845 αὑτοῦ
3000 793 3092 846 κα)⁵
3119 792 3316 863 νόησις,
3347 795 3446 846 καὶ
3469 793 3661 859 λόγος,
3691 795 3773 846 καὶ

2177 888 2473 957 ἐπιστήμη,
2526 888 2620 940 καὶ
2657 887 2862 958 ἐπαφὴ,
2908 887 3002 939 καὶ
3043 886 3312 957 αἴσθησις,
3353 887 3448 940 καὶ
3491 887 3660 952 δόξα,
3691 889 3773 939 καὶ

2175 980 2462 1049 φαντασία.
2494 981 2588 1034 καὶ
2632 982 2820 1053 ὄνομα,
2871 981 2966 1034 καὶ
2994 982 3061 1034 τά
3103 982 3235 1035 ἄλλα
3282 983 3478 1042 πάντα,
3524 985 3630 1034 καί
3659 983 3770 1033 οὔτε

2175 1075 2395 1133 νοεῖται,
2427 1071 2550 1124 οὔτε
2583 1072 2960 1142 λέγεται,οὑτε
2991 1074 3351 1143 ὀνομάζεται·
3387 1074 3483 1126 καὶ
3519 1074 3634 1125 οὐκ
3667 1074 3772 1125 ἐστι

2172 1185 2224 1220 τι
2257 1167 2362 1219 τῶν
2383 1169 2570 1228 ὄντων,
2596 1169 2714 1222 οὑδέ
2736 1169 2792 1222 ἐν
2814 1188 2916 1223 τινι
2937 1168 3046 1223 τῶν
3067 1169 3235 1222 ὄντων
3263 1168 3613 1237 γινώσκεται
3636 1188 3650 1199 ·
3687 1172 3771 1222 καὶ

2172 1261 2230 1311 ἐν
2254 1263 2385 1312 πᾶσι
2409 1261 2582 1314 πάντα
2603 1262 2738 1325 ἐστὶ,
2764 1263 2858 1314 καὶ
2880 1264 2936 1315 ἐν
2953 1263 3125 1315 οὐδενὶ
3145 1263 3314 1324 οὐδὲν,
3337 1264 3434 1315 καὶ
3457 1266 3527 1315 ἐκ
3555 1264 3768 1316 πάντων

2173 1353 2304 1404 πᾶσι
2333 1350 2676 1420 γινώσκεται,
2709 1354 2802 1406 καὶ
2825 1353 2881 1419 ἐξ
2902 1354 3113 1417 οὐδενὸς
3142 1354 3314 1406 οὐδενί
3338 1370 3349 1382 ·
3379 1354 3624 1424 καὶγὰρ
3646 1353 3768 1405 ταῦ·

2169 1463 2237 1497 τα
2266 1444 2441 1515 ὀρθῶς
2467 1446 2595 1514 περὶ
2617 1445 2755 1498 Θεοῦ
2776 1445 3027 1516 λέγομεν,
3059 1446 3152 1498 καὶ
3177 1448 3240 1497 ἐκ
3261 1445 3369 1497 τῶν
3392 1446 3577 1497 ὄντων
3603 1447 3770 1497 ἀπάν-

2168 1551 2277 1588 των
2311 1537 2562 1605 ὑμνεῖται
2609 1537 2750 1589 κατά
2792 1536 2890 1607 τὴν
2932 1539 3146 1591 πάντων
3178 1535 3468 1604 ἀναλογίαν
3509 1531 3597 1588 ὧν
3629 1539 3766 1588 ἐστιν

2169 1628 2359 1690 αἴτιος.
2395 1629 2502 1680 Καὶ
2535 1629 2680 1680 ἔστιν
2718 1624 2873 1691 αὖθις
2910 1631 2941 1699 ἡ
2977 1628 3222 1699 θειοτάτη
3247 1628 3340 1680 τοῦ
3362 1627 3503 1680 Θεοῦ
3542 1627 3761 1694 γνῶσις,

2169 1719 2200 1788 ἡ
2241 1721 2306 1772 δι’
2341 1722 2616 1788 ἀγνωσίας
2665 1719 3066 1790 γινωσκομένη,
3116 1720 3251 1772 κατά
3309 1720 3410 1789 τὴν
3463 1720 3619 1788 ὑπὲρ
3649 1717 3760 1768 νοῦν

2175 1812 2389 1874 ἕνωσιν,
2435 1813 2561 1865 ὅταν
2600 1815 2628 1864 ὁ
2653 1814 2775 1876 νοῦς
2801 1854 2814 1875 ,
2852 1812 2960 1863 τῶν
3001 1812 3168 1863 ὄντων
3228 1811 3451 1864 πάντων
3491 1809 3756 1869 ἀποστὰς.

2168 1905 2356 1959 ἔπειτα
2409 1908 2502 1959 καὶ
2538 1905 2727 1958 ἑαυτὸν
2777 1905 2955 1972 ἀφεὶς,
3008 1903 3178 1974 ἐνωθῇ
3240 1906 3359 1966 ταῖς
3410 1901 3757 1974 ὑπεριραέσιν

2167 1996 2408 2060 ἀκτῖσιν,
2437 1996 2649 2049 ἐκεῖθεν
2679 1997 2773 2048 καὶ
2795 1998 2911 2048 ἐκεῖ
2938 1995 3014 2064 τῷ
3040 1995 3446 2066 ἀνεξερευνήτῳ
3479 1995 3645 2063 βάθει
3671 1993 3757 2060 τῆς

2168 2091 2356 2157 σοφίας
2381 2089 2890 2160 καταλαμπόμενος.
2916 2089 3106 2140 Καίτοι
3130 2087 3222 2140 καὶ
3253 2089 3317 2139 ἐκ
3352 2087 3608 2148 πάντων,
3633 2086 3758 2152 ὅπερ

2167 2182 2322 2252 ἔφην,
2361 2181 2528 2252 αὑτὴν
2569 2181 2868 2249 γνωστέον·
2905 2179 3040 2251 αὕτη
3083 2181 3191 2251 γάρ
3223 2183 3337 2232 ἐστι
3374 2177 3525 2230 κατὰ
3572 2176 3639 2228 τδ
3669 2175 3758 2227 Δό-

2164 2290 2281 2340 γιον
2318 2274 2350 2342 ἠ
2382 2273 2598 2325 πάντων
2635 2270 2910 2343 ποιητικὴ,
2944 2271 3038 2323 καὶ
3068 2271 3156 2322 ἀεὶ
3201 2270 3380 2322 πάντα
3409 2267 3753 2338 ἁρμόζουσα,

2165 2365 2384 2435 καὶτῆς
2412 2364 2607 2418 ἀλύτου
2646 2364 2755 2418 τῶν
2794 2364 3014 2416 πάντων
3059 2362 3378 2434 ἐφαρμογῆς
3417 2362 3514 2413 καὶ
3550 2358 3756 2422 τάξεως

2164 2459 2334 2522 αἰτία,
2384 2459 2479 2511 καὶ
2530 2459 2616 2512 ἀεὶ
2667 2457 2735 2510 τὰ
2775 2457 2904 2527 τέλη
2943 2457 3051 2508 τῶν
3088 2455 3368 2527 προτέρων
3405 2456 3758 2507 συνάπτουσα

2162 2555 2282 2613 ταῖς
2320 2552 2513 2622 ἀρχαῖς
2546 2549 2653 2602 τῶν
2681 2549 2946 2620 δευτέρων
2989 2550 3081 2602 καὶ
3109 2548 3205 2618 τὴν
3242 2547 3368 2618 μίαν
3408 2545 3505 2599 τοῦ
3555 2544 3758 2607 παντὰς

2166 2640 2466 2711 σύμπνοιαν
2493 2640 2585 2692 καὶ
2610 2638 2874 2709 ἁρμονίαν
2901 2634 3317 2706 καλλιεργοῦσα.

472 2731 860 2785 indissolubilis
924 2747 1106 2785 rerum
1168 2732 1413 2785 omnium
1490 2731 1849 2785 connexionis
1904 2731 2234 2800 ordinisque
2289 2747 2452 2786 causa
2485 2770 2501 2794 ,
2578 2744 2900 2799 semperque
2956 2728 3092 2782 lines
3143 2724 3578 2796 praacedentium
3637 2738 3757 2779 cura

469 2824 752 2894 principiis
781 2826 1125 2893 sequentium
1165 2823 1465 2888 connectit,
1511 2823 1844 2892 unicamque
1884 2824 2053 2879 totius
2079 2823 2324 2878 universi
2351 2823 2701 2877 concordiam
2748 2831 2803 2876 et
2831 2819 3242 2875 consonantiam
3276 2817 3617 2872 concinnat.

2033 2942 2061 3016 δ
2106 2939 2214 2998 IV.

541 3061 686 3116 Deus
722 3061 886 3116 etiam
921 3061 1060 3114 ratio
1087 3061 1410 3130 prazdicatur
1433 3077 1462 3115 a
1494 3061 1814 3131 Scripturis,
1840 3078 1944 3115 non
1971 3076 2053 3116 so-

2235 3060 2404 3129 Λόγος
2432 3059 2488 3112 δὲ
2512 3062 2540 3112 6
2567 3059 2699 3123 Θεὸς
2733 3059 2979 3128 ὑμνεῖται
3021 3057 3155 3128 πρὸς
3177 3057 3284 3109 τῶν
3319 3056 3484 3126 ἱερῶν
3513 3059 3754 3125 Λογίων,

468 3153 577 3206 lum
602 3153 728 3222 quia
760 3154 992 3207 rationis
1020 3151 1183 3224 462
1217 3163 1272 3207 et
1313 3153 1510 3208 mentis
1545 3163 1600 3207 et
1631 3155 1911 3222 sapientia:
1944 3155 2055 3207 Iar-

475 3246 618 3316 gitor
637 3256 740 3310 est,
769 3247 861 3300 sed
893 3247 1022 3314 quia
1048 3261 1242 3300 causas
1272 3247 1513 3300 omnium
1540 3247 1592 3299 iu
1623 3261 1680 3301 se
1707 3248 1821 3316 ipso
1841 3247 1905 3278 '°‘
1941 3249 2056 3301 uni-

468 3340 722 3397 formiter
753 3341 1098 3409 anticipavit,
1146 3350 1202 3395 et
1230 3341 1358 3409 quia
1391 3356 1486 3409 per
1509 3342 1698 3395 omnia
1733 3352 1901 3405 meat,
1930 3356 2053 3409 per-

469 3436 698 3499 vadens,
726 3443 782 3486 ut
811 3434 885 3487 ait
909 3435 1194 3503 Scriptura
1226 3444 1272 3496 ι’,
1299 3447 1471 3501 usque
1491 3433 1560 3486 ad
1591 3433 1749 3486 linem
1771 3433 2049 3486 omnium:

463 3539 519 3582 et
553 3528 923 3597 potissimum,
967 3527 1092 3594 quia
1125 3527 1265 3579 ratio
1305 3525 1395 3578 Dei
1443 3540 1606 3594 supra
1653 3540 1872 3578 omnem
1913 3525 2050 3578 sim-

464 3619 758 3686 plicitatem
795 3617 1024 3686 simplex
1057 3627 1161 3679 est,
1190 3617 1334 3670 etab
1359 3617 1617 3670 omnibus
1645 3632 1807 3686 supra
1843 3617 2048 3681 omnia,

463 3723 626 3776 supra
660 3710 1024 3762 substantiam
1051 3708 1319 3762 absoluta.
1361 3706 1518 3761 Ratio
1555 3710 1673 3762 haec
1705 3709 1936 3774 simplex
1965 3717 2050 3762 est

462 3812 527 3850 ac
559 3813 687 3852 vere
720 3800 997 3852 exsistens
1036 3801 1260 3862 veritas,
1295 3799 1443 3853 circa
1470 3814 1652 3868 quam,
1690 3807 1744 3850 ut
1775 3816 1964 3868 puram
1994 3809 2048 3854 et

465 3888 809 3942 infallibilem
874 3890 1256 3942 universorum
1311 3891 1610 3955 notionem,
1673 3891 1806 3946 ﬁdes
1864 3890 2045 3945 divina

460 3989 732 4044 versatur,
775 3996 894 4048 qum
923 3989 1004 4034 est
1045 3991 1306 4036 constans
1341 3983 1581 4036 fidelium
1639 3982 2042 4036 ﬁrmamentum

460 4071 696 4125 ftttldans
728 4072 848 4124 illos
892 4073 943 4124 in
973 4073 1223 4137 veritate,
1267 4084 1429 4142 atque
1474 4074 1527 4127 in
1563 4075 1694 4144 ipsis
1729 4076 2041 4142 veritatem,

461 4167 589 4219 dum
654 4165 1042 4220 indissuasihili
1092 4165 1380 4221 identitate
1436 4168 1736 4235 simplicem
1800 4169 2043 4223 veritatis

462 4257 840 4326 cognitionem
898 4256 1098 4309 habent
1138 4271 1317 4310 rerum
1378 4259 1799 4312 credendarum.
1835 4257 1969 4312 Nam
1994 4263 2038 4314 si

459 4349 704 4418 cognitio
725 4365 812 4402 res
837 4352 1087 4416 cognitas
1113 4366 1233 4403 cum
1253 4355 1711 4421 cognoscentibus
1736 4355 1874 4417 unit,
1897 4355 2040 4424 igno-

460 4445 602 4496 ratio
635 4459 761 4498 vero
783 4445 1056 4513 ignoranti
1090 4459 1259 4498 causa
1292 4455 1374 4498 est
1399 4455 1456 4498 ut
1479 4461 1693 4514 semper
1724 4455 1913 4509 mutet,
1949 4458 2034 4499 at-

455 4551 563 4604 que
596 4552 624 4588 a
662 4537 847 4605 seipso
887 4535 1182 4603 discrepet,
1213 4551 1336 4590 eum
1360 4537 1450 4606 qui
1482 4539 1658 4592 credit
1699 4538 1754 4592 in
1784 4541 2036 4605 veritate,

453 4628 605 4694 juxta
624 4621 1005 4697 'Scripturam,
1032 4628 1164 4682 nihil
1210 4645 1238 4681 a
1269 4645 1394 4683 vero
1425 4631 1548 4684 fidei
1579 4630 1932 4686 fundamento
1957 4636 2035 4686 di-

459 4720 724 4782 movebit,
780 4721 832 4773 in
883 4736 991 4790 quo
1050 4722 1418 4775 constantiam
1482 4721 1706 4776 habebit
1749 4723 2039 4779 immobilis

458 4817 514 4861 et
565 4810 918 4865 immutabilis
967 4812 1294 4866 identitatis.
1360 4813 1539 4867 Probe
1586 4831 1824 4885 namque
1885 4818 2037 4870 novit

457 4901 708 4971 quisquis
731 4904 918 4958 unitns
965 4916 1052 4958 est
1103 4905 1349 4969 veritati,
1404 4924 1566 4976 quam
1634 4909 1773 4963 bene
1831 4924 1890 4963 se
1942 4911 2035 4962 ha-

460 4999 606 5062 beat,
647 4998 898 5065 quamvis
952 5013 1075 5052 cum
1135 4999 1292 5055 multi
1345 5014 1402 5053 ut
1436 5009 1704 5056 amentem
1766 5013 2030 5072 arguant;

460 5089 595 5141 latet
640 5087 786 5141 enim
833 5087 972 5153 illos,
1007 5088 1084 5140 uti
1131 5103 1230 5156 par
1261 5097 1376 5156 est,
1429 5103 1551 5143 eum
1599 5105 1696 5159 per
1725 5105 1864 5145 verte
1908 5091 2032 5144 ﬁdei

433 5181 746 5236 veritatem
797 5198 862 5235 ex
906 5197 1093 5236 errore
1139 5183 1478 5249 excessisse;
1525 5184 1641 5251 ipse
1685 5194 1865 5239 autem
1905 5197 2036 5239 vere

460 5272 706 5340 novitse,
733 5286 836 5326 non
870 5273 951 5344 (ut
978 5273 1052 5326 illi
1078 5271 1409 5341 fabulantur)
1432 5274 1691 5339 insanire,
1717 5275 1812 5330 sed
1841 5275 1910 5331 ab
1940 5276 2022 5327 in-

529 5406 742 5462 luProv.
775 5424 894 5462 vm.
979 5418 1002 5443 ο
1027 5409 1154 5477 Sap.
1186 5425 1282 5463 vn.
1363 5421 1388 5459 ι’
1418 5409 1548 5480 Sap.
1583 5425 1700 5464 vm.

2157 3155 2215 3205 οὑ
2255 3157 2414 3224 μόνον
2447 3155 2528 3206 ὅτι
2552 3152 2645 3205 καὶ
2681 3152 2838 3219 λόγου
2867 3152 2960 3203 καὶ
2983 3149 3074 3203 νοῦ
3097 3151 3188 3202 καὶ
3214 3149 3402 3217 σοφίας
3437 3151 3566 3202 ἐστὶ
3592 3169 3752 3221 χορη-

2156 3246 2272 3312 γὸς,
2309 3245 2422 3297 ἀλλ’
2452 3246 2534 3298 ὃτι
2572 3243 2784 3306 καὶτὰς
2812 3243 3030 3296 πάντων
3060 3242 3237 3304 αἰτίας
3275 3243 3334 3293 ἐν
3369 3241 3560 3310 ἐαυτῷ

2154 3336 2312 3400 ειδῶς
2355 3337 2674 3408 προείληφε,
2718 3335 2811 3388 καὶ
2851 3335 2933 3386 ὅτι
2961 3333 3048 3386 διὰ
3076 3334 3290 3386 πάντων
3315 3335 3488 3403 χωρεῖ
3516 3334 3754 3387 διικνού-

2158 3448 2334 3502 μενος,
2362 3430 2436 3493 ὡς
2478 3429 2545 3482 τὰ
2579 3430 2750 3496 Λόγιά
2773 3445 2958 3498 φησιν,
2984 3427 3111 3497 ἄχρι
3138 3425 3230 3478 τοῦ
3262 3426 3485 3479 πάντων
3526 3429 3748 3491 τέλους·

2155 3530 2246 3581 καὶ
2299 3527 2405 3598 πρό
2441 3543 2504 3594 γε
2553 3525 2780 3587 τούτων,
2835 3525 2917 3576 ὅτι
2952 3523 3142 3592 πάσης.
3160 3521 3472 3590 ἁπλότητος
3523 3525 3557 3575 6
3616 3525 3751 3583 Οεῖος

2153 3619 2545 3691 ὑπερήπλωται
2585 3618 2760 3685 λογος,
2813 3615 2905 3668 καὶ
2949 3615 3163 3667 πάντων
3202 3613 3350 3666 ἐστὶν
3383 3613 3534 3686 ὑπὲρ
3573 3618 3751 3669 πάντα

2154 3713 2294 3767 κατὰ
2348 3713 2409 3764 τὸ
2454 3710 2774 3782 ὑπερούσιον
2817 3707 3233 3777 ἀπολελυμένος.
3285 3704 3459 3772 Οὗτος
3514 3712 3543 3762 6
3599 3709 3751 3775 λόγῳ

2151 3807 2316 3868 ἐστὶν,
2342 3806 2374 3873 ἠ
2399 3804 2546 3872 ἁπλῆ
2570 3804 2661 3854 καὶ
2685 3802 2852 3863 ὅντως
2873 3796 3007 3852 οῦσα
3031 3798 3274 3867 ἀλήθεια,
3291 3799 3421 3869 περὶ
3443 3799 3633 3868 ἣν,ὡς
3657 3817 3751 3851 κα-

2149 3899 2320 3969 θαρὰν
2353 3899 2447 3950 καὶ
2495 3895 2707 3965 ἀπλανῆ
2752 3893 2859 3947 τῶν
2893 3893 3028 3946 ὅλων
3071 3891 3291 3959 γνῶσιν,
3326 3894 3359 3959 ἠ
3401 3892 3528 3944 θεία
3566 3893 3748 3955 πίστις

2147 3993 2311 4053 ἐστὶν,
2365 3993 2397 4061 ἡ
2444 3989 2667 4060 μόνιμος
2716 3988 2824 4039 τῶν
2865 3985 3314 4055 πεπιστευμένων
3349 3985 3390 4015 ³¹
3427 3986 3670 4056 ἵδρυσις,
3716 3987 3747 4057 ἡ

2146 4086 2363 4148 τούτους
2401 4080 2717 4155 ἐνιδρύουσα
2741 4086 2807 4153 τῇ
2837 4082 3064 4154 ἀληθεία
3084 4124 3097 4146 ,
3128 4083 3220 4134 καὶ
3256 4082 3443 4144 αὑτοῖς
3474 4083 3580 4153 τὴν

2146 4178 2315 4241 θειαν,
2341 4174 2727 4246 ἀμεταπείστῳ
2763 4174 3071 4244 ταυτότητι,
3114 4173 3212 4244 τὴν
3245 4172 3427 4243 ἁπλῆν
3477 4174 3585 4242 τῆς
3621 4175 3744 4244 ἀλη-

2145 4269 2294 4329 θείας
2338 4268 2540 4336 γνῶσιν
2583 4269 2815 4338 ἐχόντων
2861 4267 2971 4320 τῶν
3006 4266 3411 4336 πεπεισμένων.
3467 4267 3532 4318 ΕΞ
3568 4267 3740 4338 γὰρὴ

2144 4360 2344 4428 γνῶσις
2371 4360 2602 4429 ἑνωτικὴ
2625 4358 2733 4411 τῶν
2759 4358 3074 4426 ἐγνωκότων
3097 4357 3190 4410 καὶ
3220 4357 3612 4426 ἐγνωσμένων,
3636 4359 3669 4425 ἡ
3689 4357 3740 4408 δὲ

2148 4453 2337 4519 ἄγνοια
2379 4451 2676 4521 μεταϐολῆς
2692 4451 2777 4503 ἀεὶ
2798 4452 2891 4503 καὶ
2912 4450 3011 4518 τῆς
3045 4450 3103 4514 ἐξ
3124 4448 3316 4501 ἐαυτοῦ
3355 4447 3432 4516 τῷ
3460 4448 3738 4516 ἀγνοοῦντι

2144 4542 2460 4614 διαιρέσεως
2496 4542 2662 4598 αἰτία.
2687 4542 2777 4594 τὸν
2815 4543 2872 4593 ἐν
2911 4540 3136 4611 ἀληθείᾳ
3167 4539 3560 4600 πιστεύσαντα,
3604 4540 3737 4592 κατὰ

2145 4635 2234 4688 τὸν
2260 4635 2402 4705 ἱερὸν
2430 4634 2621 4702 Λόγον,
2649 4634 2800 4686 οὐδὲν
2827 4633 3147 4703 ἀποκινήσει
3183 4633 3282 4701 τῆς
3307 4632 3454 4684 κατᾶ
3484 4633 3586 4702 τὴν
3613 4631 3734 4701 ἀλη.

2147 4724 2214 4794 θῆ
2237 4741 2416 4777 πιστιν
2444 4739 2649 4785 εστιας,
2688 4723 2774 4790 ἐφ’
2869 4721 2928 4773 τὸ
2961 4720 3188 4790 μόνιμον
3209 4717 3321 4782 ἕξει
3352 4719 3457 4788 τῆς
3483 4720 3732 4788 ἀκινήτου

2145 4817 2237 4868 καὶ
2259 4815 2597 4885 ἀμεταϐόλου
2619 4814 2966 4883 ταυτότητος.
3000 4807 3074 4864 Εὖ
3105 4810 3214 4880 γὰρ
3247 4807 3390 4862 οἶδεν
3420 4812 3451 4861 6
3489 4810 3627 4881 πρὸς
3641 4809 3732 4877 τὴν

2139 4909 2396 4979 ἀλήθειαν
2431 4907 2670 4970 ἐνωθεὶς,
2706 4906 2786 4957 ὅτι
2825 4901 2884 4958 εὑ
2926 4904 3058 4973 ἔχει,
3101 4902 3205 4955 κᾶν
3233 4903 3282 4953 οἱ
3320 4899 3514 4952 πολλοὶ
3561 4899 3730 4952 νουθε-

2139 5003 2283 5052 τοῖεν
2311 5000 2493 5062 αὑτὸν,
2519 4999 2594 5062 ὡς
2626 4997 2957 5069 ἐξεστηκότα
2979 5013 2990 5024 ·
3025 4993 3277 5046 λανθάνει
3308 4993 3431 5061 μὲν,
3463 4991 3544 5054 ὡς
3571 4989 3725 5051 εξκὸς,

2141 5093 2337 5156 αὐτοὺς
2361 5095 2425 5146 ἐκ
2449 5092 2654 5161 πλάνης
2676 5093 2740 5161 τῇ
2771 5087 2999 5159 ἀληθεία
3035 5086 3123 5140 διὰ
3159 5086 3258 5155 τῆς
3290 5083 3470 5145 ὅντως
3502 5086 3727 5142 πίστεως

2142 5183 2467 5256 ἐξεστηκὼς·
2508 5183 2667 5246 αὐτὸς
2687 5182 2743 5233 δὲ
2776 5179 2989 5250 ἀληθῶς
3009 5174 3149 5230 οἶδεν
3183 5175 3397 5238 ἑαυτὸν,
3425 5176 3532 5244 οὐχ
3563 5176 3609 5240 (ὃ
3632 5188 3723 5240 ςα-

2141 5291 2226 5327 σιν
2269 5274 2310 5306 “
2346 5273 2566 5332 ἐκεῖνοι)
2603 5271 2924 5343 μαινόμενον
2959 5268 3023 5331 ³³,
3061 5267 3194 5321 ἀλλά
3231 5266 3331 5336 τῆς
3364 5266 3605 5318 ἀστάτου
3639 5257 3722 5313 καὶ

1744 5563 1980 5618 νΑῐιιχΕ
2023 5563 2427 5619 LECTIONES.

533 5761 598 5792 "'
635 5763 686 5817 id
712 5773 818 5830 εει,
854 5763 963 5819 sine
996 5765 1104 5818 ulla
1131 5767 1518 5833 compositione.
1591 5769 1633 5800 ³¹
1670 5766 2072 5837 πεπεισμένων,
2096 5766 2149 5822 S.
2181 5767 2243 5821 Ι).
2326 5767 2463 5832 ’πῶς
2497 5783 2681 5836 φασιν,
2717 5765 2778 5822 Ρ.
2853 5763 2898 5796 ³³
2935 5762 3267 5832 μαινόμενοι,
3307 5764 3367 5818 S.
