3866 6234
144 370 263 429 873

846 371 936 428 DE
975 370 1226 430 DIVINIS
1263 371 1658 441 NOMINIBUS,
1696 373 1849 430 CAP.
1893 371 2002 429 VII.
2040 405 2111 416 —
2137 371 2461 429 CORDERII
2494 370 2726 428 NOTAE].

3291 377 3394 434 87d

136 486 450 560 ἀλλοιωτῆς
472 485 601 561 περὶ
624 486 720 561 τὴν
750 492 1063 565 παντοδαπῇ
1092 492 1193 563 τῆς
1219 491 1425 565 πλάνης
1456 490 1725 547 ποικιλίαν

1830 492 2009 547 stabili
2067 491 2420 561 mutabilique
2469 489 2779 545 omnimode
2828 491 3061 547 errantis
3113 495 3397 552 varietatis

134 583 321 652 copi;
341 582 429 636 διὰ
448 582 546 654 τῆς
570 582 748 652 ἁπλῆς
778 585 873 639 καὶ
896 586 983 639 ἀεὶ
1019 586 1160 640 κατὰ
1181 586 1250 640 τὰ
1279 586 1534 659 αὐτὰ-καὶ
1550 583 1731 639 ὡσαύ-

127 690 252 737 τως
318 674 549 748 ὲχούσης
583 677 841 751 ἀληθείας
878 677 1342 750 ὴλευθερωμένον.
1392 678 1547 732 Οὕτω
1596 676 1729 746 γοῦν

126 767 185 816 οἱ
235 766 343 836 τῆς
377 766 499 820 καθ’
533 768 679 838 ἡμᾶς
715 768 1319 853 θεοσοίρία-Ξλὶρχηγικοὶ
1357 767 1730 839 καθηγεμόνες

136 856 297 930 ὑπὲρ
321 857 578 931 ἀληθείας
609 844 1029 933 ἀποθνήσῖιθᾶἷοῖ
1044 863 1223 915 πᾶσαν
1252 859 1485 932 ἡμέραν,
1517 878 1728 933 μαρτυ-

140 950 394 1022 ροῦντες,
417 951 491 1015 ὡς
511 952 677 1017 εἰκὸς,
700 954 793 1007 καὶ
822 953 965 1025 λόγῳ
990 955 1152 1008 παντὶ
1179 952 1273 1007 καὶ
1289 954 1434 1025 ἔργῳ
1454 956 1521 1024 τῇ
1552 953 1730 1026 ἑνιαίᾳ

132 1041 257 1094 τῶν
293 1044 630 1115 Χριστιανῶν
655 1044 1050 1117 ἀληθογνωσία,
1108 1043 1169 1098 τὸ
1217 1044 1405 1098 πασῶν
1445 1044 1613 1116 αὐτὴν
1654 1041 1731 1099 εἶ-

132 1152 237 1188 ναι
277 1136 370 1189 καὶ
403 1135 772 1207 ἁπλουστέραν
792 1137 885 1190 καὶ
905 1136 1201 1209 θειοτέραν,
1245 1136 1443 1209 μᾶλλον
1464 1136 1520 1189 δὲ
1542 1134 1603 1190 τὸ
1629 1137 1727 1189 αὺ-

1830 583 2068 640 motione
2106 598 2201 653 per
2222 582 2553 651 simplicem,
2580 583 2728 637 circa
2759 582 2948 637 eadem
2984 598 3201 653 semper
3226 597 3279 643 et
3306 603 3395 644 eo-

1828 676 1952 732 dem
1984 678 2144 732 modo
2178 691 2237 732 se
2268 677 2581 743 habentem,
2607 678 2897 732 veritatem
2925 691 3047 733 esse
3079 678 3374 736 liberatum

1830 767 1945 825 Hoc
1970 770 2129 825 modo
2155 770 2319 840 primi
2349 771 2547 825 divinae
2589 772 2868 841 sapientia!
2898 774 3070 828 nostri
3099 786 3402 845 praecepto-

1830 877 1924 917 res
1968 878 2069 933 pro
2106 863 2339 918 veritate
2368 863 2611 933 quotidie
2644 862 2972 932 moriuntur,
3017 866 3399 933 testiﬁcantes,

1830 952 1908 1006 uti
1958 968 2059 1022 par
2099 961 2205 1017 est,
2238 962 2295 1008 et
2324 953 2469 1007 omni
2502 967 2755 1008 sermone
2795 964 2850 1008 et
2873 969 3037 1025 opere
3063 956 3401 1027 singularem

1832 1046 1981 1102 illam
2001 1046 2326 1101 Christianae
2349 1047 2595 1101 veritatis
2618 1049 2972 1115 agnitionem,
3000 1049 3241 1103 omnium
3275 1064 3401 1106 esse

1831 1153 1953 1193 cum
1986 1138 2444 1209 simplicissimam
2486 1147 2597 1193 tum
2628 1139 3038 1207 divinissimam,
3082 1142 3191 1195 imo
3218 1142 3399 1212 potius

1833 1229 1973 1283 hanc
2003 1231 2173 1286 solam
2196 1246 2316 1288 esse
2338 1246 2523 1287 veram
2555 1240 2717 1301 atque
2738 1232 2954 1287 unicam
2976 1233 3277 1305 simplicem
3303 1232 3399 1290 Dei

128 1226 247 1297 τὴν
283 1223 543 1300 εἶναιτὴν
572 1227 741 1302 μόνην
774 1228 949 1303 ἀληθῆ
987 1229 1082 1285 καὶ
1116 1229 1245 1300 μίαν
1277 1229 1372 1284 καὶ
1397 1228 1573 1301 ἁπλῆν
1613 1228 1731 1281 θεο-

1055 1326 1060 1332 “
1833 1322 2101 1379 notitiam.

130 1321 407 1387 γνωσίαν.

1751 1512 1819 1526 -—

1287 1695 1296 1703 ,
1331 1638 1856 1693 ΑΒΝΟΤᾹΤΙΟΝΕδ
1895 1634 2245 1690 CORDERII.

225 1777 254 1848 ᾗ
285 1777 325 1831 1.
466 1778 645 1854 locum
679 1776 879 1854 Paulil
902 1776 1031 1854 cor.
1064 1794 1104 1854 i,
1134 1779 1227 1840 25.
1258 1764 1398 1854 vide;
1424 1797 1545 1854 qua:
1584 1796 1747 1849 supra
1784 1781 2024 1854 diximus
2054 1782 2109 1837 in
2145 1780 2291 1854 notis
2324 1780 2391 1835 ad
2438 1782 2676 1851 primum
2710 1790 2875 1851 caput
2908 1782 3073 1853 hujus
3096 1781 3262 1854 libri,
3300 1780 3329 1854 ς
3356 1779 3400 1837 1.

135 1846 362 1923 Sensus
388 1849 635 1923 litterulis
656 1858 772 1903 est:
806 1849 961 1923 Quod
988 1852 1219 1923 stultum
1252 1862 1327 1904 est
1360 1846 1473 1909 Dei.
1504 1852 1552 1905 id
1590 1846 1841 1923 estquod
1866 1853 1917 1906 in
1968 1855 2074 1907 Deo
2103 1862 2157 1906 et
2198 1851 2417 1906 Christo
2441 1846 2577 1907 'nato
2600 1869 2661 1907 ac
2686 1846 2845 1921 passo
2871 1846 3061 1920 putant
3092 1846 3406 1923 gentile§_et

130 1919 457 2043 sliilospphi
495 1920 723 1974 stultum
763 1935 906 1983 esse,
941 1921 996 1973 id
1027 1923 1316 1990 sapientius
1357 1932 1435 1976 est
1468 1921 1790 1989 hominibus,
1827 1922 1877 1977 id
1904 1932 1990 1979 est
2018 1936 2235 1977 omnem
2267 1924 2564 1979 humanam
2608 1919 2935 1992 sapientiam
2968 1919 3199 1980 excedit.
3236 1925 3311 1979 Ita
3337 1921 3400 1977 P.

164 2005 333 2043 .orne
358 2006 460 2043 ius.
3326 2031 3338 2043 ε

164 2005 460 2044 .ornelius.
1302 2005 1305 2006 ⁷
3326 2031 3338 2044 .

225 2069 428 2123 Ibidem
452 2083 466 2121 :
494 2066 663 2121 Istam
692 2070 960 2130 unionem,
990 2085 1095 2137 qua
1124 2070 1275 2122 rebus
1302 2084 1357 2121 se
1389 2068 1746 2135 superioribus
1777 2068 2140 2138 conjungilur,
2174 2076 2418 2120 naturam
2440 2066 2607 2134 ipsius
2634 2065 2786 2135 longe
2809 2084 3077 2136 superare.
3111 2068 3212 2125 Ubi
3251 2080 3401 2133 nota,

138 2139 383 2207 intelligi
416 2148 596 2192 actum
630 2140 775 2203 lidei,
806 2156 911 2208 qua
940 2142 1026 2193 hic
1066 2140 1119 2191 in
1155 2141 1240 2192 via
1270 2138 1558 2207 ilirigimur
1592 2141 1657 2192 ad
1690 2155 1775 2193 res
1806 2140 2019 2208 divinas
2048 2154 2147 2206 pro
2179 2150 2339 2205 captu
2381 2147 2569 2208 nostro
2609 2140 3112 2204 apprehendendas,
3162 2156 3282 2208 qua:
3317 2154 3404 2198 est

138 2213 360 2264 donum
408 2208 500 2264 Dei
542 2220 595 2262 et
633 2207 846 2263 ordinis
884 2209 1345 2277 supernaturalis.
1388 2208 1496 2263 Cur
1527 2218 1707 2263 autem
1751 2209 1892 2264 Deus
1926 2207 2231 2277 hujusmodi
2278 2207 2529 2260 sublimia
2578 2214 2653 2277 et_
2685 2216 2902 2273 captum
2943 2207 3191 2262 nostrum
3246 2226 3408 2266 exce-

140 2282 344 2335 dentia
386 2297 413 2334 a
457 2280 615 2335 nobis
655 2281 803 2334 credi
843 2271 1103 2344 voluerit,
1161 2289 1272 2334 tres
1328 2280 1592 2349 pulchras
1634 2280 1880 2335 rationes
1927 2271 2085 2331 alien
2128 2278 2347 2332 Lessius
2398 2278 2495 2333 lib.
2527 2292 2576 2330 Vl
2617 2274 2693 2328 De
2733 2271 3144 2345 perfectionibus
3182 2280 3398 2347 divinis,

140 2368 281 2406 can.
310 2352 361 2404 5.
388 2364 390 2368 ³

226 2368 469 2475 ς’ἰῗέῑηὶα
503 2429 609 2483 est,
640 2419 838 2490 inquit,
870 2429 929 2475 ut
957 2419 1289 2489 captivanles
1314 2419 1643 2474 intellectum
1670 2429 1909 2474 nostrum
1940 2420 1992 2474 in
2024 2418 2342 2490 obsequium
2372 2417 2515 2490 fidei,
2535 2416 2709 2490 illum
2724 2414 2886 2488 5.63
2914 2426 3081 2490 totum
3108 2418 3217 2473 Deo
3240 2420 3407 2489 subji-

140 2493 499 2557 ciainiis;‘et
522 2486 878 2562 agnoscentes
920 2486 1345 2546 imbecillitatem
1381 2492 1577 2545 mentis
1610 2500 1825 2552 nostrm,
1860 2506 1925 2545 ac
1952 2491 2148 2544 divina:
2178 2486 2465 2557 sapientiae
2499 2486 2868 2554 altitudinem,
2916 2489 3083 2543 Deum
3120 2490 3199 2546 sic
3229 2486 3404 2546 hono-

142 2578 370 2618 τειιιιιε.
556 2576 559 2579 ’

112 2670 115 2673 η
234 2651 253 2681 ι
308 2622 694 2705 Secundaest,
719 2642 780 2685 ut
809 2644 963 2685 mens
996 2640 1181 2705 nostra
1212 2646 1427 2685 sursum
1456 2630 1719 2705 erigatur,
1751 2641 1807 2685 et
1836 2632 1903 2684 ad
1933 2629 2115 2685 divina
2140 2628 2416 2705 elevelur;
2443 2626 2487 2681 si
2520 2627 2663 2705 enim
2688 2626 2843 2705 Deus“
2857 2642 2961 2681 non
2984 2640 3313 2699 pr0poneret
3340 2647 3405 2688 ea

139 2719 282 2773 qua:
312 2712 525 2773 captum
560 2703 854 2755 humanum
880 2704 1172 2763 excedunt,
1203 2718 1361 2773 mens
1381 2718 1483 2753 non
1516 2698 1858 2755 at'tolleretur
1880 2715 2117 2773 sursum,
2144 2699 2236 2755 sed
2268 2700 2445 2773 ili_SUO
2475 2699 2643 2773 gradu
2670 2708 2724 2750 et
2756 2698 2937 2773 intima
2961 2698 3108 2755 sorte
3131 2716 3402 2773 maneret,

156 2768 351 2841 neque
382 2768 461 2825 ad
492 2771 583 2825 Dei
615 2773 880 2825 visionem
902 2775 1305 2841 disponeretur,
1334 2771 1466 2825 lidcs
1489 2773 1631 2825 cnim
1662 2770 2157 2841 supernaturalium
2196 2768 2373 2824 media
2406 2778 2489 2822 est
2537 2770 2676 2821 inter
2705 2769 3071 2838 cognitionem
3100 2771 3405 2829 naturalem

144 2854 215 2898 et
240 2843 510 2897 visionem
538 2842 773 2895 beatam.

234 2933 253 2965 ι
307 2913 511 2976 Tertia,
567 2913 696 2981 quia
732 2927 855 2965 cum
884 2912 992 2965 vita
1034 2921 1235 2965 interna
1285 2912 1356 2965 sit
1403 2928 1564 2981 supra
1604 2922 1878 2974 naturam,
1913 2926 1975 2965 ea
2010 2925 2225 2979 quoque
2267 2923 2389 2977 quae
2429 2908 2494 2963 ad
2529 2906 2673 2962 illam
2708 2908 3155 2981 ducuntudebcnt
3197 2923 3407 2969 natura:

145 2995 383 3051 captum
413 2978 707 3051 superare;
745 2982 872 3036 hinc
903 2992 1189 3052 tant0pere
1217 2984 1269 3035 iu
1300 2978 1600 3053 Scripturis
1631 2985 1830 3038 donum
1863 2982 1988 3037 lidei
2022 2978 2455 3043 commendatur,
2492 2990 2546 3034 et
2590 2994 2657 3031 ex
2693 2981 2877 3033 divina
2908 2978 3275 3039 illusuatione
3306 2986 3406 3040 ha-

146 3057 274 3110 beri
296 3055 513 3107 dicitur.

230 3124 263 3195 ς
288 3123 351 3177 ιι.
392 3123 477 3195 Ea:
494 3139 554 3175 ea
583 3122 909 3177 intellectiles
935 3141 995 3177 ac
1029 3122 1401 3192 intelligentes,
1432 3134 1540 3180 etc.
1564 3124 1705 3180 Hinc
1736 3123 1891 3178 divus
1914 3123 2152 3177 Thomas
2181 3132 2335 3195 parte
2369 3134 2563 3195 prima,
2588 3128 2781 3189 quaest.
2807 3119 2897 3184 55,
2925 3121 3086 3195 artic.
3116 3122 3152 3175 2
3177 3124 3405 3179 conclu-

145 3191 259 3257 dit‘,
290 3193 534 3262 angelos,
566 3209 687 3247 cuin
723 3209 751 3247 a
781 3195 1099 3262 corporibus
1129 3191 1236 3247 sint
1262 3196 1547 3259 abstracti,
1578 3210 1684 3249 non
1710 3196 2015 3264 intelligere
2032 3209 2129 3262 per
2168 3193 2377 3261 species
2407 3206 2434 3243 a
2470 3191 2629 3243 rebus
2651 3198 2922 3264 acceptas,
2951 3194 3045 3245 sed
3073 3210 3168 3262 per
3198 3196 3407 3259 species

147 3266 266 3319 sibi
303 3260 621 3336 naturaliter
650 3260 987 3336 congenitas.
1014 3265 1105 3336 Sic
1136 3265 1303 3329 enim,
1336 3265 1530 3336 inquit,
1565 3274 1778 3336 oportet
1802 3260 2109 3333 intelligere
2146 3260 2547 3317 distinctionem
2587 3260 2949 3336 spiritualium
2973 3260 3405 3336 substantiaruin

145 3344 214 3388 et
245 3334 519 3405 ordinem,
568 3334 707 3388 sicut
739 3330 823 3386 e—st
851 3334 1128 3389 distinctio
1171 3343 1226 3387 et
1269 3330 1423 3388 ordo'
1444 3330 1835 3405 corporalium.
1889 3330 2159 3405 Suprema
2182 3343 2361 3405 autem
2394 3346 2623 3396 corpora
2657 3330 2871 3405 _habeut
2899 3334 3201 3399 potentiam
3233 3336 3286 3389 in
3320 3336 3408 3390 sui

151 3416 360 3477 natura
392 3404 634 3477 totalitei‘
668 3405 975 3477 perfectam
1016 3420 1117 3477 per
1142 3406 1403 3470 formam;
1438 3406 1487 3459 in
1522 3400 1841 3477 corporibus
1874 3400 2055 3477 autem
2084 3404 2431 3477 inferioribus
2463 3400 2704 3468 potentia
2745 3406 2985 3477 materiai
3030 3419 3133 3477 non
3164 3406 3411 3477 letaliter

144 3475 447 3545 perficitur
474 3488 569 3541 per
600 3471 853 3539 fortnam,
886 3476 980 3528 sed
1011 3471 1203 3543 accipit
1231 3491 1372 3528 nunc
1405 3492 1565 3529 tinam
1600 3471 1742 3529 nunc
1764 3476 1925 3529 aliam
1951 3474 2176 3529 fortnam
2205 3476 2273 3528 ab
2296 3472 2726 3545 aliquoagente;
2754 3471 3003 3545 similiter
3030 3484 3085 3528 et
3116 3474 3408 3531 inferiores

148 3542 481 3599 'substantiie
513 3545 878 3607 intellectivm,
910 3542 1342 3599 scilicet’animae
1376 3546 1649 3608 humanaz,
1683 3548 1882 3600 habent
1912 3545 2209 3613 potentiam
2239 3542 2624 3613 intellectivam
2657 3556 2761 3595 non
2794 3543 3115 3612 completam
3147 3546 3409 3598 naturali-

150 3626 267 3677 ter,
302 3615 395 3668 sed
422 3615 724 3682 completur
755 3616 807 3668 in
830 3615 908 3669 eis
935 3616 1265 3685 successive,
1303 3630 1397 3684 per
1427 3617 1527 3671 hoc
1558 3618 1699 3685 quod
1734 3611 2010 3684 accipiunt
2046 3616 2258 3683 species
2291 3611 2657 3685 intelligihiles
2686 3627 2715 3663 a
2750 3611 2943 3685 rebus;
2988 3617 3229 3682 polentia
3274 3630 3407 3670 vero

148 3686 503 3764 iiiteiieciiva
537 3687 587 3737 in
613 3686 937 3764 substantiis
957 3684 1335 3764 spiritualibiis
1352 3684 1749 3764 superioribus,
1776 3688 1826 3740 id
1853 3694 1937 3741 est
1969 3685 2273 3764 inangelis,
2308 3684 2631 3736 naturaliter
2661 3684 2930 3764 coiiiiiieia
2956 3692 3039 3737 est
3067 3700 3163 3764 per
3197 3688 3408 3764 species

148 3755 533 3824 intclligibiles
561 3756 966 3817 connaturales,
985 3751 1051 3809 ad
1082 3757 1263 3809 omnia
1291 3751 1651 3826 intelligenda
1684 3772 1803 3826 quae
1828 3751 2154 3811 naturaliter
2177 3768 2506 3826 cognoscere
2526 3763 2770 3826 possunt.
2796 3751 2980 3807 Etlioc
3010 3751 3175 3826 etiam
3196 3751 3264 3810 ex
3294 3758 3407 3824 ipso

146 3828 327 3881 modo
348 3822 571 3879 essendi
592 3894 599 3895 ί
622 3826 924 3893 liujusniodi
957 3828 1381 3880 substantiarum
1411 3822 1653 3895 apparet,
1696 3822 2011 3881 substantiae
2047 3827 2191 3880 enim
2234 3823 2545 3892 Spirituales
2575 3822 2883 3895 inl'eriores,
2914 3825 3153 3895 scilicet
3187 3822 3404 3888 animae,

150 3897 369 3950 habent
391 3910 512 3950 esse
542 3894 697 3948 aﬂiue
722 3898 933 3963 corpori
962 3899 1012 3950 in
1041 3906 1297 3965 quantum
1327 3893 1457 3951 sunt
1482 3893 1768 3966 corporum
1802 3901 2015 3961 formai,
2052 3906 2105 3949 et
2135 3896 2255 3949 ideo
2279 3909 2343 3946 ex
2374 3895 2493 3962 ipso
2526 3893 2684 3966 modo
2707 3894 2921 3966 essendi
2952 3896 3214 3965 competit
3238 3896 3318 3951 eis
3347 3906 3408 3951 ut

145 3983 182 4020 a
227 3968 553 4033 corporibus
590 3975 644 4017 et
682 3981 1034 4037 percorpora
1058 3963 1221 4020 suam
1253 3963 1641 4037 perfectionem
1674 3968 2069 4037 intelligibilem
2098 3975 2526 4037 consequantur,
2567 3963 2804 4037 alioquin
2836 3965 3039 4037 frustra
3079 3963 3407 4033 corporibus

145 4037 495 4101 unirentur;
526 4033 845 4107 substantia:
870 4033 999 4090 vero
1028 4033 1355 4105 superiores,
1390 4040 1439 4091 id
1471 4048 1553 4093 est
1580 4039 1778 4107 angeli,
1811 4033 1935 4091 sunt
1970 4055 1999 4091 a
2031 4036 2345 4107 corporibus
2366 4033 2623 4107 totaliter
2653 4034 2937 4099 absoluta},
2977 4036 3407 4092 iiiiinaterialiter

146 4117 295 4178 ctin
328 4120 453 4159 esse
483 4105 807 4175 iiitelligibih
828 4108 1228 4169 subsistentes,
1261 4118 1315 4163 et
1342 4109 1463 4163 ideo
1486 4105 2061 4178 suani'perfectioncm
2096 4105 2918 4178 iiitclligibileiii_consequuntur
2944 4122 3038 4178 per
3070 4108 3404 4177 intelligilem

144 4176 439 4249 Lintlxum,
468 4190 575 4249 quo
611 4173 787 4249 iii—Deo
816 4178 1023 4249 species
1056 4193 1236 4231 rerum
1267 4184 1607 4249 cogniturum
1648 4173 1978 4247 acceperunt
2005 4178 2168 4233 simul
2198 4191 2322 4249 cuni
2354 4173 2706 4227 iulellectuali
2738 4173 2952 4229 natura.
2980 4174 3135 4231 Unde
3161 4173 3299 4249 idein
3336 4179 3401 4231 D.

145 4247 404 4301 Thomas
430 4261 491 4298 ex
523 4247 623 4319 hoc
648 4248 775 4301 item
810 4245 928 4302 luco
964 4248 1206 4319 Dionysii
1234 4245 1426 4319 quiest.
1466 4250 1559 4314 58,
1607 4258 1712 4303 art.
1740 4245 1799 4310 '5,
1832 4249 2127 4315 concludit,
2166 4245 2391 4313 angelos
2420 4258 2757 4312 quascunque
2781 4260 3113 4319 cognoscunt
3144 4248 3263 4301 sine
3289 4249 3403 4302 σιε-

144 4333 269 4389 cur
297 4333 329 4389 ιι
358 4318 798 4385 apprehendere,
832 4330 886 4369 et
912 4316 1201 4372 conlirniat
1242 4316 1269 4371 ει
1300 4321 1436 4387 pari.
1472 4322 1660 4389 Angeli
1694 4321 1857 4381 enim,
1894 4321 2092 4389 inquit,
2144 4319 2291 4372 illum
2325 4319 2551 4389 gradum
2590 4324 2774 4367 tenent
2807 4316 2857 4367 iu
2887 4320 3210 4389 substantiis
3240 4320 3407 4387 spiri-

146 4387 627 4460 tualibuquuein
678 4402 905 4460 corpora
954 4389 1196 4442 cuilestia
1261 4385 1314 4442 in
1374 4385 1691 4445 substantiis
1724 4385 2007 4459 corporeis
2053 4390 2215 4460 (unde
2279 4385 2342 4439 et
2378 4385 2627 4460 caelestes
2675 4396 2884 4439 mentes
2924 4402 2953 4439 a
3003 4385 3407 4459 Dionysio—ap-

145 4457 481 4527 pellantur).
511 4458 608 4510 Est
640 4469 821 4511 autem
850 4458 964 4512 haec
992 4461 1292 4513 ilill'ereiitia
1322 4464 1460 4515 inter
1486 4463 1728 4516 caelestia
1753 4473 1806 4514 et
1827 4457 2043 4514 lerreua
2065 4457 2327 4528 corpora,
2357 4459 2500 4528 quod
2529 4469 2757 4528 corpora
2780 4467 2993 4528 terrena
3026 4471 3123 4525 per
3146 4457 3402 4512 iiiutatio-

146 4525 287 4581 ἱιειιι
309 4536 366 4579 et
394 4538 603 4602 _iuotuin
636 4530 1012 4602 adipiscuntur
1038 4547 1189 4584 suam
1226 4532 1471 4584 ult-imam
1500 4534 1911 4599 perlectioneni,
1941 4525 2327 4599 corporavero
2350 4525 2587 4602 ctelestia
2620 4526 2805 4602 statim
2837 4540 2903 4579 ex
2940 4527 3054 4596 ipsa
3089 4542 3186 4602 sua
3210 4538 3403 4582 natura

146 4613 320 4652 suam
355 4597 599 4670 ultimam
632 4600 1022 4667 perfectionem
1055 4606 1275 4655 habent.
1320 4603 1410 4655 Sic
1436 4596 1600 4670 igitur
1631 4601 1916 4656 inferiores
1942 4596 2270 4662 intellectus,
2296 4596 2507 4670 scilicet
2528 4596 2828 4670 hominum,
2856 4611 2950 4664 per
2973 4598 3263 4665 quemdam
3284 4616 3405 4670 ino-

148 4680 274 4722 Iiiin
308 4679 365 4720 et
389 4664 692 4745 ἀίδριιτδιιίιι
725 4670 1107 4745 iiiieliectualis
1136 4664 1884 4745 operationisperfectionem
1915 4673 1972 4745 iii
1999 4672 2307 4745 cognitione
2331 4664 2574 4745 veritatis
2604 4664 3009 4745 adipiscuntur;
3038 4668 3407 4745 duiirscilicet
3438 4678 3439 4685 ‘
3470 4686 3475 4701 '

142 4755 224 4794 ex
249 4753 357 4810 uno
383 4738 605 4806 cegiiito
642 4740 693 4792 in
729 4740 873 4792 aliud
890 4736 1519 4810 cognitum-procedunt:
1552 4744 1609 4797 Si
1642 4754 1822 4798 autem
1850 4743 2033 4797 statim
2064 4736 2117 4794 in
2152 4744 2263 4808 ipsa
2287 4736 2595 4810 cognitione
2617 4736 2870 4804 principii
2903 4742 3012 4791 noti
3051 4740 3402 4807 inspicerent,

144 4809 319 4877 quasi
342 4819 518 4881 notas,
552 4824 741 4881 omnes
774 4806 1155 4866 conclusiones
1181 4806 1600 4881 consequentes,
1628 4816 1679 4867 in
1710 4817 1791 4869 cis
1821 4814 2101 4866 discursus
2134 4806 2439 4881 locuuiinon
2476 4806 2720 4865 haberet,
2758 4810 2939 4881 ethoc
2964 4820 3049 4863 est.
3086 4810 3137 4863 iu
3169 4806 3401 4881 angelis,

144 4882 285 4949 quia
320 4880 503 4954 statim
535 4880 587 4932 in
605 4880 724 4954 illis
749 4882 1083 4954 quiepriuio
1109 4877 1428 4937 naturaliter
1457 4877 1813 4954 cognoscunt,
1850 4883 2141 4950 inspiciunt
2188 4880 2372 4954 omnia
2407 4890 2743 4954 quat-cunque
2774 4877 2827 4929 in
2866 4880 2946 4933 eis
2967 4877 3407 4954 icognosci‘pos-

145 4959 331 5025 sunt;
352 4959 417 5025 et-
444 4952 561 5003 ideo
584 4951 837 5025 dicuntur
878 4949 1287 5025 intellectuales,
1321 4955 1448 5025 quia
1484 4949 1647 5008 etiam
1685 4956 1825 5025 apud
1858 4949 1954 5007 nos
1976 4951 2396 5025 eaquaa‘statim
2439 4949 2768 5025 naturaliter
2791 4951 3297 5019 apprehenduntur,
3324 4953 3405 5025 iii-

146 5022 333 5095 ieltigi
366 5021 642 5095 dicuntur,
679 5023 818 5079 unde
847 5023 1151 5095 intellectus
1182 5018 1377 5077 dicitur
1407 5026 1627 5079 habitus
1661 5018 1957 5095 primorum
1982 5018 2392 5095 principiorum,
2430 5018 2629 5095 animae
2653 5032 2779 5095 vero
2814 5025 3085 5095 humanae,
3113 5038 3232 5090 qua:
3256 5023 3405 5095 _vcri-

147 5087 302 5165 latis
361 5091 608 5165 notitiam
676 5106 771 5157 per
838 5093 1123 5158 quemdam
1186 5096 1489 5149 discursum
1552 5087 1858 5165 acquirunt,
1901 5087 2191 5147 rationales
2248 5100 2532 5165 vocantur.
2592 5087 2745 5165 Quod
2777 5091 2997 5165 quidem
3028 5087 3293 5160 coniiugil
3345 5094 3400 5165 _iii

142 5163 237 5235 eis
294 5176 363 5216 ex
406 5162 938 5235 debilitateluininis
973 5166 1397 5233 intellectualis;
1435 5168 1479 5221 si
1520 5160 1664 5220 enim
1705 5166 1820 5233 ejus
1860 5165 2247 5235 plenitudinem
2299 5164 2583 5235 haberent,
2625 5160 2763 5235 sicut
2803 5163 3029 5235 _angeli,
3097 5166 3277 5235 statim
3342 5162 3398 5235 iii

142 5232 588 5301 primoaspectu
618 5234 1008 5303 principiorum
1048 5244 1209 5289 totam
1240 5229 1492 5293 virtutem
1520 5253 1706 5293 eorum
1730 5229 2284 5306 comprehenderent,
2310 5229 2565 5289 intuendo
2593 5231 2855 5300 quidquid
2892 5229 2960 5286 ex
2981 5236 3061 5287 eis
3081 5232 3397 5303 syllogizari

168 5317 315 5355 ιοδδρ
323 5311 361 5355 ι.

168 5320 361 5355 ιοδδρι.

141 5320 163 5373 ι
227 5376 496 5449 ciuem!“
537 5372 716 5449 ἀθοεεῑρ
760 5374 997 5445 angelos,
1033 5376 1298 5442 homines,
1352 5379 1593 5444 sensilia,
1634 5388 1687 5433 et
1722 5378 1954 5449 denique
1991 5376 2171 5432 omnia
2218 5389 2312 5449 per
2344 5372 2441 5449 Dei
2469 5373 2791 5444 sapientiam
2822 5383 3004 5449 creata
3035 5388 3179 5449 esse,
3214 5381 3269 5425 et
3302 5388 3402 5426 suo

144 5445 319 5519 modo
342 5446 661 5519 sapientiam
691 5447 780 5519 Dei
808 5443 1122 5516 praedicare,
1148 5459 1209 5519 ut
1229 5450 1450 5517 pulchre
1478 5467 1704 5519 magnus
1732 5443 1959 5503 Basilius
1988 5453 2038 5503 iu
2072 5449 2200 5500 illud
2224 5443 2643 5519 Proverliioruin
2680 5460 2796 5509 \‘lll,
2833 5443 2929 5519 9;”,
2964 5444 3217 5519 Dominus
3247 5459 3400 5494 creu-

144 5517 223 5567 vi't
250 5529 332 5566 nte
350 5515 669 5581 principium
698 5518 899 5591 viarum
927 5534 1167 5572 suarum.
1193 5515 1476 5589 Loquitur,
1512 5515 1703 5589 iin'pnt,
1732 5532 1796 5573 ue
1827 5522 2083 5591 sapientia
2111 5517 2314 5582 niundi,
2338 5532 2456 5584 qua:
2484 5527 2731 5591 apparei,
2769 5526 2823 5567 et
2858 5518 3041 5567 \‘0cettl
3073 5515 3186 5591 iere
3220 5528 3315 5579 per
3336 5527 3402 5565 ea

147 5601 277 5651 qua;
303 5596 600 5655 cernuntur
627 5590 849 5650 emittit,
877 5592 1018 5655 quod
1046 5591 1254 5643 scilicet
1284 5584 1311 5643 ii
1344 5584 1652 5644 Deol'act'us
1677 5596 1767 5654 sit,
1812 5601 1865 5645 et
1891 5584 2008 5643 'nou
2037 5588 2257 5643 fortuito
2292 5597 2437 5640 tanta
2480 5584 2739 5655 sapientia
2782 5601 2843 5635 ea
2887 5598 3007 5651 quae
3046 5584 3235 5637 ell'ccta
3271 5592 3406 5655 sunt

147 5659 402 5707 decorat.
434 5652 500 5707 Ut
524 5656 665 5707 enim
697 5656 820 5709 Caeli
849 5652 1096 5710 enarrunt
1129 5660 1351 5726 gloriam
1376 5664 1489 5727 Dei,
1521 5674 1567 5715 et
1588 5680 1713 5728 opus
1743 5652 1994 5713 manuum
2024 5661 2135 5728 ejus
2156 5661 2432 5711 annuntiat
2462 5652 2851 5727 [irriuunenlum
2876 5664 2926 5719 (ι,
2954 5662 3263 5728 _eiiari'atit,
3322 5654 3405 5704 in—

147 5740 349 5794 quam,
378 5740 465 5778 ine
490 5741 619 5779 voce
648 5730 772 5795 quia
803 5745 905 5779 non
932 5740 1052 5782 sunt
1080 5723 1242 5796 vaces,
1275 5748 1435 5802 neque
1463 5723 1749 5789 sermones.
1775 5747 1995 5801 quorum
2028 5723 2129 5784 non
2154 5723 2616 5784 audiunturroces
2646 5741 2865 5779 eorum:
2900 5726 2965 5779 ad
3006 5723 3254 5778 eumdem
3286 5737 3405 5777 iuo-

300 5876 330 5916 τι
365 5867 507 5921 l’sal.
539 5883 689 5931 xviii,
723 5869 775 5921 2.

484 5962 754 6022 ΡΑι-ιιυι.
794 5966 907 6021 (in.
954 5962 1057 6022 Ill.
2142 5962 2145 5969 ’
3014 5954 3091 6014 28
