3866 6234
180 321 296 378 877

731 317 820 375 DF.
857 317 1108 376 DIVINIS
1148 318 1545 383 NOMINIBUS,
1582 319 1735 374 CAP.
1779 313 1891 372 Vll.
1933 348 2002 356 —
2037 314 2384 370 PARAPHR.
2418 313 2888 371 PACllYMER/E.

3346 318 3452 378 878

1241 451 1730 508 PARAPHRASlS
1767 448 2221 507 Heumann;
2266 449 2404 520 (ιδ).

261 595 291 667 §
320 596 365 649 Ι.
396 594 656 657 Εἰπόντες
676 594 804 665 περί
829 593 1058 664 ἀγαθοῦ,
1085 595 1213 665 περὶ
1235 592 1410 657 ὄντος.
1443 594 1571 664 περὶ
1596 591 1762 662 ζωῆς,

1939 591 1967 664 §
1995 591 2032 645 l.
2057 589 2321 658 Quoniam
2352 585 2589 642 diximus
2611 588 2677 643 de
2699 587 2934 655 hono,de
2959 589 3177 656 ente,de
3200 590 3458 660 vita,age,

185 685 346 759 φέρε,
379 686 545 758 αὑτὴν
584 687 680 758 τὴν
716 685 924 758 ἀγαθὴν
970 686 1066 741 καὶ
1098 685 1322 739 αἰωνίαν
1353 683 1496 755 ζωὴν
1519 684 1608 737 τὸν
1631 683 1763 736 Θεὸν

186 780 451 850 ὑμνῶμεν
478 780 570 833 καὶ
605 780 680 844 ὡς
737 781 929 850 σοφήν.
968 779 1210 848 Ἔφθασε
1264 778 1374 851 γὰρ
1431 781 1624 842 εἰπεῖν,
1684 778 1768 830 ὅτι

185 875 300 930 ἀπὸ
335 874 443 926 τῶν
495 872 617 927 καθ’
647 873 793 943 ἡμᾶς
828 872 1134 943 συνάγομεν
1155 871 1224 924 τὰ
1263 872 1403 943 ὑπὲρ
1442 872 1622 942 ἡμᾶς’
1681 869 1769 923 διὰ

186 966 354 1020 τοῦτο
393 965 448 1018 δὲ
502 964 977 1036 ἐπιδιορθοὺμενος
1032 962 1230 1018 ὡσανεί
1282 980 1432 1034 φησι·
1472 961 1686 1016 Μᾶλλον
1715 961 1773 1014 δὲ

185 1057 268 1120 ὡς
297 1057 476 1126 πάσης
524 1057 735 1125 σοφίας,
781 1057 882 1127 τῆς
924 1059 981 1110 ἐν
1013 1057 1263 1126 ἀγγέλοις
1313 1053 1532 1126 δηλαδὴ,
1579 1056 1678 1125 τῆς
1717 1056 1773 1106 ἐν

187 1147 521 1219 ἀνθρώποις,
555 1149 733 1202 αἰτίαν
766 1150 860 1202 καὶ
894 1149 1033 1220 ὑπὲρ
1072 1152 1251 1203 πᾶσαν
1281 1144 1476 1216 σοφίαν
1519 1148 1614 1203 καί⁸
1649 1146 1773 1198 σύν-

189 1239 343 1292 θεσιν
374 1241 680 1311 ὑπεροῦσαν
701 1258 713 1270 ·
746 1241 1131 1309 ἀσυλλόγιστον
1166 1240 1275 1311 γὰρ
1327 1239 1421 1293 καὶ
1451 1239 1695 1310 ἀπρεπὲς
1716 1236 1776 1288 τὸ

189 1333 477 1402 ποιητικόν
509 1349 654 1395 τινος
692 1327 1114 1396 εἶναιτοιοῦτον,
1137 1327 1246 1385 οἷον
1279 1332 1339 1385 τὸ
1393 1333 1620 1403 ποίημα.
1683 1331 1778 1382 Ἐκ

188 1427 325 1496 γοῦν
353 1427 450 1496 τῆς
489 1425 610 1479 καθ’
642 1427 788 1496 ἡμᾶς
817 1425 1029 1494 σοφίας,
1084 1424 1426 1496 ὑπεροχικῶς
1478 1425 1575 1496 τὴν
1629 1422 1778 1476 Θείαν

191 1516 388 1585 σοφίαν
406 1515 797 1586 κατανοοῦμεν,
826 1515 901 1580 ὡς
938 1519 1003 1569 ἐκ
1031 1516 1140 1569 τῶν
1161 1514 1416 1569 αἰτιατῶν
1453 1515 1550 1585 τὴν
1578 1512 1777 1574 αἰτίαν,

188 1609 291 1662 καὶ
311 1610 408 1678 οὐχ
444 1607 628 1671 ἁπλῶς
676 1609 872 1672 αἰτίαν,
917 1609 1052 1662 ἀλλὰ
1100 1610 1195 1662 καὶ
1240 1606 1525 1680 ποιητικὴν
1577 1607 1779 1661 αἰτίαν.

189 1702 269 1753 Οὑ
299 1699 406 1772 γὰρ
438 1700 794 1771 ὑπερπλὴρης
827 1700 986 1771 μόνον
1029 1701 1146 1753 ἐστὶ⁸
1173 1701 1271 1772 τῆς
1297 1698 1485 1768 σοφίας
1509 1698 1647 1752 κατὰ
1681 1699 1779 1777 τὴν

189 1789 234 1841 Γ
241 1790 435 1861 ραφὴν,
456 1790 676 1858 καὶτῆς
690 1791 996 1856 συνέσεως
1012 1791 1196 1844 αὑτοῦ
1215 1793 1324 1844 οὐκ
1338 1791 1506 1861 ἔστιν
1520 1789 1780 1859 ἀριθμός,

188 1883 332 1936 ἀλλὰ
361 1885 454 1937 καὶ
481 1884 735 1936 ἐπέκεινα
775 1885 954 1954 πάσης
983 1886 1175 1954 σοφίας
1207 1885 1343 1938 ἐστί.
1377 1884 1546 1936 Τοῦτο
1583 1884 1782 1953 νοήσας

1871 689 2152 754 ipsammet
2171 685 2363 738 bonam
2387 689 2441 735 et
2465 690 2721 735 aeternam
2742 681 2905 735 vitam
2931 680 3097 736 Deum
3125 683 3463 739 celebremus

1871 777 2036 830 etiam
2081 785 2138 828 ut
2201 774 2522 840 sapientem.
2579 772 2750 826 Antea
2795 772 2940 826 enim
3000 772 3236 838 dixerat,
3299 789 3459 830 nosa

1874 871 2037 923 rebus
2093 868 2293 922 nostris
2317 881 2379 921 ea
2407 881 2526 934 quae
2551 881 2712 934 supra
2739 881 2838 921 nos
2861 876 2987 920 sunt
3038 867 3337 938 colligere;
3371 868 3458 923 ld-

1877 961 2219 1032 eirco,quasi
2248 976 2305 1016 se
2329 961 2769 1030 corrigens,ait:
2800 959 2938 1027 Quin
2971 961 3172 1028 potius,
3192 971 3457 1031 tanquam

1878 1054 2053 1108 omnis
2098 1054 2374 1124 sapientiae
2407 1068 2528 1122 quae
2563 1053 2778 1108 scilicet
2807 1053 2860 1106 in
2894 1052 3102 1121 angelis
3140 1062 3195 1107 et
3223 1053 3462 1108 homini-

1878 1148 1984 1201 bus
2007 1153 2091 1200 est
2119 1162 2339 1201 causam
2364 1155 2419 1200 et
2447 1161 2612 1215 supra
2641 1159 2855 1200 onmem
2878 1146 3199 1212 sapientiam
3223 1156 3278 1216 et
3306 1162 3462 1203 com-

1879 1239 2204 1308 positionem
2226 1239 2606 1303 eminentem;
2669 1236 2811 1291 nulla
2845 1239 2990 1291 enim
3053 1239 3266 1293 ratione
3319 1253 3458 1294 con-

1881 1331 2196 1400 gruentiavc
2228 1329 2590 1394 concluditur,
2624 1345 2845 1384 causam
2874 1329 3180 1385 effectivam
3225 1331 3460 1402 alicujus

1882 1418 2112 1474 similem
2144 1434 2263 1473 esse
2315 1415 2551 1473 effectui.
2607 1415 2684 1472 Ex
2718 1431 2905 1473 nostra
2954 1421 3138 1489 itaque
3193 1423 3460 1492 sapientia

1885 1514 2119 1568 divinam
2154 1513 2478 1578 sapientiam
2513 1529 2607 1582 per
2631 1529 2914 1568 excessum
2946 1514 3318 1586 intelligimus,
3351 1517 3465 1571 sic-

1885 1616 1946 1660 ut
1971 1621 2038 1660 ex
2069 1605 2275 1661 ell‘ectis
2327 1622 2570 1669 causam,
2606 1617 2659 1660 et
2712 1624 2816 1660 non
2864 1608 3184 1677 simpliciter
3209 1623 3453 1670 causam,

1888 1700 1980 1752 sed
2014 1714 2230 1754 causam
2263 1698 2604 1754 efﬁcientem.
2665 1698 2780 1753 Non
2829 1700 2973 1755 enim
3004 1701 3270 1755 duntaxat
3297 1717 3478 1770 supra-

1889 1806 2050 1861 quam
2075 1789 2264 1858 plenus
2286 1801 2368 1844 est
2392 1779 2679 1861 sapientia,
2712 1790 2864 1857 juxta
2893 1792 3249 1861 Scripturam,
3279 1804 3332 1849 et
3374 1795 3461 1848 in-

1893 1882 2187 1952 telligenliw
2213 1883 2326 1951 ejus
2352 1898 2453 1936 non
2473 1892 2550 1936 est
2569 1899 2813 1936 numerus
2830 1894 2874 1951 ι’,
2901 1900 3086 1938 verum
3113 1888 3273 1940 etiam
3297 1905 3463 1959 supra

191 1977 293 2031 καὶ
325 1977 352 2027 ὁ
397 1976 568 2046 μέγας
601 1975 834 2041 Παῦλος,
862 1977 889 2029 ὁ
912 1975 1088 2042 κοινὸς
1119 1977 1250 2048 ἐμοῦ
1282 1995 1342 2030 τε
1370 1976 1464 2029 καὶ
1479 1974 1572 2028 τοῦ
1605 1975 1776 2046 καθη-

1889 1988 2091 2027 omnem
2133 1973 2450 2034 sapientiam
2514 1972 2724 2027 existit.
2773 1971 2886 2029 [Ioc
2941 1976 3248 2048 intelligens
3296 1980 3462 2035 etiam

190 2066 428 2137 γεμόνος
471 2068 731 2139 Ἰεροθέου
763 2067 933 2139 ἥλιος,
975 2069 1045 2121 Τὸ
1091 2068 1292 2138 μωρὸν
1328 2068 1433 2121 τοῦ
1471 2067 1638 2130 Θεοῦ,
1677 2084 1782 2120 σο-

189 2158 464 2230 φώτερον
493 2161 612 2214 τῶν
640 2161 965 2230 ἀνθρώπιον
1002 2161 1200 2231 ἔφησεν
1231 2157 1390 2225 εἶναι,
1422 2162 1482 2212 οὐ
1515 2160 1671 2230 μόνον
1699 2161 1780 2212 ὅτι

193 2247 598 2318 συγκρινομένη
629 2248 662 2317 ἡ
701 2247 943 2318 ἡμετέρα
969 2245 1169 2315 γνῶσις
1200 2247 1334 2316 πρὸς
1357 2244 1453 2316 τὴν
1494 2245 1641 2299 θείαν
1689 2247 1782 2298 καὶ

191 2338 437 2408 ἀπλανῆ,
464 2339 637 2409 πλάνη
669 2335 958 2406 λογίζεται,
990 2336 1104 2390 ἀλλ’
1129 2338 1210 2389 ὅτι
1242 2338 1335 2390 καί
1377 2337 1497 2400 ἔθος
1525 2339 1634 2400 τοῖς
1664 2337 1783 2389 θεο-

192 2431 400 2500 λόγοις,
427 2432 566 2485 κατά
585 2446 708 2483 τινα
739 2430 1088 2483 ἁντιπάθειαν
1118 2429 1225 2482 τῶν
1251 2430 1556 2501 ἡμετέρων,
1593 2433 1656 2482 ἐκ
1682 2430 1782 2498 τῆς

195 2526 507 2595 στερήσεως
535 2524 873 2593 ἀποφάσκειν
894 2521 962 2574 τὰ
984 2520 1234 2584 θεῖα,τῶν
1265 2522 1549 2592 ἡμετέρων
1584 2522 1783 2593 μᾶλλον

194 2618 264 2668 ἐκ
291 2615 400 2668 τῶν
431 2615 596 2681 ἕξεων
637 2615 1054 2686 ὀνομαζομένων
1076 2629 1092 2646 ο
1140 2612 1282 2666 οὑτω
1322 2613 1432 2686 γὰρ
1459 2613 1709 2685 δηλοῦται
1749 2615 1782 2685 ἡ

194 2707 327 2780 θεία
358 2708 623 2780 ὑπεροχή.
653 2709 825 2762 Τοῦτο
844 2709 937 2761 καὶ
965 2707 1190 2778 δύναμιν
1214 2707 1544 2779 ὑπεροχικῆς
1573 2709 1785 2776 ἀποφά-

197 2818 344 2864 σεως
370 2803 428 2855 ἐν
450 2801 621 2872 ἑτέρῳ
650 2801 868 2873 εἴρηκεν
892 2817 906 2830 ·
940 2801 1126 2873 ἐπειδὴ
1155 2801 1265 2872 γὰρ
1295 2802 1444 2854 πᾶσα
1473 2799 1586 2864 egi;
1617 2802 1786 2873 ὑπερ-

192 2893 406 2966 οχικῶς
433 2893 748 2948 ἐλαττοῦται
801 2895 939 2966 πρὸς
979 2893 1048 2947 τὰ
1095 2896 1273 2947 ἐκεῖσε
1293 2933 1307 2956 ,
1337 2892 1422 2946 διὰ
1451 2893 1608 2948 τοῦτο
1641 2897 1787 2949 ἀντι-

199 2987 458 3058 στρόφως
514 2985 648 3057 πρὸς
687 2985 757 3039 τὰ
809 2985 1054 3057 ἡμέτερα
1099 2985 1158 3050 ἐξ
1214 2986 1540 3054 ἀποφάσεως
1596 2988 1782 3039 ἐκεῖνα

196 3079 473 3146 λέγονται.
525 3078 682 3130 Οὕτω
725 3079 819 3131 καὶ
873 3077 1102 3130 κένωσιν
1136 3077 1354 3147 λέγουσι
1381 3077 1478 3150 τὴν
1505 3077 1599 3132 τοῦ
1650 3079 1785 3132 Θεοῦ

199 3168 641 3241 ὲνανθρώπησιν,
671 3170 846 3223 καίτοι
877 3169 1057 3242 πλήρη
1075 3170 1478 3240 τυγχάνουσαν,
1508 3170 1706 3241 μᾶλλον
1731 3172 1786 3225 δὲ

199 3262 535 3334 ὑπερπλήρη
567 3264 662 3315 καὶ
689 3263 896 3330 σοφίας,
923 3262 1329 3332 καὶδυνάμεως,
1358 3264 1450 3316 καὶ
1482 3264 1752 3334 σωτηρίας
1771 3281 1783 3294 ’

199 3355 345 3409 ἀλλὰ
377 3356 471 3408 καὶ
517 3355 799 3408 ἀσθένειαν
845 3354 980 3407 Θεοῦ
1007 3355 1068 3408 τὸ
1097 3354 1184 3408 διὰ
1231 3355 1464 3427 σταυροῦ
1509 3355 1788 3427 τρόπαιον.

201 3447 412 3501 Τοῦτον
453 3443 547 3501 οῦν
591 3447 683 3501 τὸν
709 3447 908 3520 τρόπον
937 3447 1031 3501 καὶ
1076 3449 1285 3520 μωρίαν
1302 3446 1436 3500 Θεοῦ
1473 3446 1570 3518 τὴν
1615 3448 1793 3501 πᾶσαν

204 3541 402 3611 σοφίαν
427 3542 521 3594 καὶ
537 3542 848 3612 ἐπιστήμην
867 3541 1268 3612 ὑπεραίρουσαν
1287 3540 1542 3594 ἐκάλεσεν
1567 3542 1595 3592 ό
1637 3541 1790 3595 Ἀπό-

206 3631 420 3696 στολος,
474 3631 537 3684 τὸ
587 3632 910 3702 φαινόμενον
940 3634 1248 3705 παράλογον
1279 3634 1373 3687 καὶ
1402 3631 1602 3686 ἄτοπον
1640 3635 1790 3705 ἡμῖν,

200 3723 450 3796 δηλονότι
487 3722 606 3786 πῶς
633 3723 766 3785 Θεὸς
797 3725 856 3777 ἐν
884 3725 1048 3794 σαρκὶ
1071 3723 1142 3795 ,ἢ
1192 3725 1310 3788 πῶς
1370 3726 1696 3798 σωματικῶς
1736 3729 1794 3779 ἐν

155 3889 160 3893 ι
201 3817 285 3888 τῷ
312 3815 529 3888 σταυρῷ
557 3815 842 3882 πέπονθεν,
891 3817 1183 3886 ἀναγαγὼν
1210 3821 1287 3882 εἰς
1314 3818 1411 3890 τὴν
1441 3821 1581 3892 ὑπὲρ
1616 3820 1794 3874 πάντα

201 3909 366 3977 λόγον
413 3909 669 3980 ἀλήθειαν
692 3926 705 3938 ο
743 3907 919 3977 λόγοις
953 3912 1062 3981 γὰρ
1090 3910 1188 3963 οὑκ
1218 3910 1282 3964 ἂν
1319 3911 1700 3984 ἐξομαλισθείη
1726 3913 1793 3966 δι’

203 4002 482 4074 αἰσθητῶν
508 4000 829 4066 ἀποδείξεων
854 4001 914 4054 τὸ
946 4004 1258 4075 μυστήριον,
1292 4005 1352 4058 οὑ
1378 4005 1792 4078 προηγουμένης

202 4095 310 4165 τῆς
359 4094 615 4156 πίστεως.
657 4091 838 4155 Ἀλλὰ,
881 4093 1021 4166 ὅπερ
1068 4096 1163 4149 καὶ
1189 4098 1246 4149 ἐν
1279 4096 1460 4160 ἄλλοις
1489 4096 1645 4168 ἔφην,
1702 4095 1793 4149 θέ-

205 4189 397 4250 λοντες
425 4189 641 4253 οἰκείως
671 4191 800 4260 ἡμῖν
825 4188 893 4242 τὰ
927 4190 1068 4261 ὑπὲρ
1105 4191 1254 4261 ἡμᾶς
1293 4191 1658 4263 ἐκλαμϐάνειν
1704 4195 1796 4261 ἐγ-

205 4278 618 4351 καλινδούμενοι
645 4284 765 4345 ταῖς
799 4282 1115 4352 συντρόφοις
1143 4282 1478 4354 αἰσθήσεσιν,
1498 4285 1794 4356 ἀπατώμε-

208 4373 282 4426 θα
302 4389 315 4401 ·
369 4371 488 4425 δέον
516 4372 732 4435 εἰδέναι,
763 4374 845 4426 ὅτι
870 4374 898 4424 ὁ
937 4373 1059 4426 καθ’
1085 4375 1232 4445 ἡμᾶς
1261 4374 1386 4439 νοῦς
1415 4375 1526 4447 ἔχει
1575 4377 1672 4447 μὲν
1702 4379 1797 4432 καὶ

203 4467 442 4536 δύναμιν
464 4467 544 4528 εἰς
587 4465 648 4518 τὸ
701 4469 838 4519 νοεῖν
887 4465 955 4519 τὰ
1007 4465 1194 4538 νοητὰ,
1242 4466 1443 4538 (νοερὸς
1484 4468 1592 4539 γάρ
1649 4471 1796 4522 ἐστιν

207 4558 416 4622 ἁπλαῖς
465 4574 605 4611 τισιν
674 4557 952 4621 ἐπιϐολαῖς
1024 4558 1118 4611 καὶ
1163 4558 1570 4623 ἀναποδείκτοις
1593 4559 1631 4628 ’)
1678 4560 1792 4613 ἀλλ’

208 4653 400 4704 ἐκεῖνα
426 4649 495 4703 τὰ
525 4649 712 4720 νοητὰ,
753 4648 822 4702 τὰ
845 4652 910 4720 τῇ
942 4648 1170 4720 δύναμει
1194 4651 1292 4720 τῆς
1337 4652 1577 4722 νοήσεως
1622 4653 1786 4706 αὑτοῦ

1898 4657 2073 4700 strum
2099 4642 2444 4705 intellectum
2481 4644 2693 4699 habere
2730 4644 2946 4710 quidem
2999 4647 3110 4702 vim
3137 4647 3474 4720 intelligendi
3565 4679 3570 4698 ς

209 4743 572 4813 ἐπικείμεναο
619 4744 731 4804 τοῖς
773 4741 830 4794 δὲ
871 4739 1163 4806 ἐπέκεινα,
1205 4742 1305 4794 οὑκ
1347 4742 1410 4795 ἂν
1450 4743 1789 4797 ἐπιϐαλεῖται

209 4834 420 4898 ποσῶς,
470 4836 518 4886 εἰ
574 4832 817 4904 μὴκατὰ
847 4840 966 4884 τινα
1005 4831 1196 4885 ἕνωσιν
1261 4833 1683 4906 ὑπεραίρουσαν,
1735 4840 1794 4890 ἐν

206 4927 291 4998 τῷ
316 4927 536 4979 πάντων
555 4925 810 4994 ἐκστῆναι
846 4922 955 4974 τῶν
977 4922 1247 4994 αἰσθητῶν
1268 4941 1326 4976 τε
1354 4924 1446 4977 καὶ
1476 4926 1794 4998 νοητῶν,ἕτι

209 5020 269 5074 δὲ
306 5018 402 5072 καὶ
430 5017 529 5086 τῆς
557 5017 762 5079 οἰκείας
788 5015 1072 5085 κινήσεως,
1092 5011 1345 5068 εἶθόῦτω
1372 5017 1472 5086 τῆς
1500 5017 1647 5082 θείας
1663 5016 1797 5087 γνὼ-

213 5127 357 5172 σεως
372 5107 566 5162 ἀκτῖνά
584 5124 705 5161 τινα
719 5105 989 5173 δέξασθαι.
1011 5107 1238 5160 Ἕνωσιν
1261 5107 1316 5159 δέ
1345 5125 1507 5178 φησιν
1534 5109 1593 5162 οὑ
1611 5109 1706 5181 τὴν
1721 5111 1797 5175 ὼς

213 5204 282 5257 ἄν
297 5219 381 5264 τις
395 5201 537 5253 εἴποι
557 5197 700 5270 μίξιν
718 5200 810 5252 καὶ
823 5199 1084 5270 συναφὴν,
1098 5199 1126 5252 ὃ
1137 5199 1198 5270 δὴ
1213 5199 1305 5252 καὶ
1318 5199 1448 5253 αὐτὸ
1459 5200 1691 5270 λέγεται,
1709 5219 1805 5255 κα-

216 5293 330 5357 θὼς
345 5293 439 5346 καὶ
457 5290 662 5363 προῖὼν
672 5290 817 5359 λέγει
829 5292 857 5343 ό
874 5291 1044 5359 ἆγιος·
1067 5294 1250 5345 Ὅταν
1265 5295 1298 5346 ό
1309 5293 1454 5359 νοῦς
1468 5293 1662 5361 ἐνωθῇ
1674 5293 1802 5360 ταῖς

213 5385 375 5452 ὑπὲρ
388 5385 578 5453 φύσιν
601 5382 858 5437 ἀκτῖσιν·
879 5381 992 5435 ἀλλ’
1011 5381 1192 5453 ἐπειδὴ
1206 5383 1262 5434 αἱ
1277 5384 1486 5455 νοήσεις
1500 5385 1804 5458 κατώτεραί

217 5481 325 5531 εἱσι
341 5475 437 5529 τοῦ
453 5475 716 5538 νοοῦντος·
737 5475 830 5527 καὶ
849 5473 1147 5544 σκεδασμὸς
1176 5475 1398 5539 εἰκότως
1425 5475 1519 5530 καὶ
1537 5477 1801 5548 μερισμὸς

215 5569 321 5640 τῆς
344 5568 592 5640 ἐνότητος
607 5565 702 5620 τοῦ
718 5564 808 5619 νοῦ
821 5564 1048 5634 γίνεται,
1063 5566 1151 5618 ὅτε
1167 5557 1278 5620 νόεῖ
1293 5583 1366 5620 τι·
1385 5567 1474 5621 ὅτε
1489 5567 1544 5621 δὲ
1569 5568 1653 5638 ἐφ’
1676 5569 1803 5624 ἑαυ-

295 5715 320 5744 τ
354 5705 441 5762 Ps.
465 5722 646 5774 CXLVI,
677 5707 733 5765 5.
821 5717 843 5746 ³
878 5705 900 5761 1
932 5705 1056 5764 Cor.
1094 5723 1134 5771 ι.
1167 5706 1256 5763 25.

1883 2079 2111 2132 magnus
2139 2062 2361 2127 Paulus,
2391 2064 2696 2117 communis
2729 2064 2818 2118 ille
2877 2080 3030 2120 meus
3057 2068 3270 2148 meique
3325 2084 3466 2136 prae-

1880 2157 2119 2225 ceptoris
2144 2155 2420 2209 llierotltei
2456 2155 2556 2218 sol,
2589 2156 2729 2224 quod
2758 2156 2974 2211 stultum
3000 2169 3075 2212 est
3110 2158 3207 2212 Dei
3247 2162 3464 2230 sapien-

1881 2249 1984 2302 tius
2016 2262 2136 2301 esse
2179 2247 2318 2301 dixit
2357 2248 2655 2302 hominibus
2693 2259 2714 2286 ⁸
2768 2263 2872 2304 non
2909 2250 3081 2304 solum
3107 2252 3250 2319 quod
3279 2264 3465 2308 nostra

1881 2339 2128 2403 scientia,
2158 2355 2278 2393 cum
2322 2340 2504 2393 divina
2553 2341 2645 2394 illa
2709 2355 2828 2409 qum
2879 2357 3068 2395 errare
3115 2358 3222 2396 non
3280 2353 3479 2412 potest

1882 2433 2217 2499 comparata,
2262 2446 2418 2485 error
2447 2442 2748 2501 reputetnr,
2780 2448 2970 2487 verum
3020 2435 3184 2488 etiam
3220 2439 3343 2505 quia
3376 2453 3465 2492 so-

1882 2528 2058 2579 lemne
2075 2532 2156 2578 est
2177 2526 2459 2594 theologis,
2489 2540 2584 2594 per
2609 2528 2898 2594 quamdam
2936 2541 3118 2582 rerum
3145 2539 3458 2584 nosttarum

1884 2616 2223 2670 aversionem
2248 2631 2315 2669 ex
2353 2617 2659 2685 privatione
2695 2632 2782 2671 res
2833 2619 3046 2673 divinas
3091 2633 3188 2688 per
3220 2621 3464 2690 negatio-

1886 2723 1983 2762 nes
2017 2705 2360 2770 elit:rre,cum
2407 2721 2493 2760 res
2520 2717 2720 2761 nostrae
2748 2707 2931 2776 potius
2963 2723 3030 2761 ex
3061 2709 3340 2764 habilibus
3367 2725 3467 2765 no-

1885 2801 2201 2854 minentur:
2242 2800 2321 2854 sic
2345 2799 2486 2854 enim
2511 2799 2692 2853 divina
2741 2799 3064 2855 excellentia
3139 2801 3467 2856 manifesta-

1885 2900 1994 2944 tur.
2025 2891 2138 2945 lloc
2176 2892 2342 2945 etiam
2374 2892 2482 2946 alio
2512 2891 2629 2946 loco
2660 2893 2875 2946 vocavit
2903 2892 3011 2946 vim
3039 2895 3333 2963 quamdam
3367 2910 3462 2948 su-

1887 2981 2302 3052 perexcellentis
2333 2983 2638 3052 negationis
2673 2999 2687 3048 ;
2723 2997 2845 3036 nam
2889 2997 3010 3037 cum
3047 2985 3223 3040 omnis
3247 2985 3468 3042 habitus

1887 3091 1984 3146 per
2005 3089 2286 3130 excessum
2326 3075 2684 3128 imminuatur
2711 3083 2962 3143 respectu
2999 3089 3188 3129 eorum
3222 3091 3341 3145 quae
3389 3077 3466 3133 ibi

1889 3175 2034 3231 sunt,
2073 3167 2274 3222 idcirco
2297 3169 2364 3222 ad
2393 3167 2785 3236 oppositionem
2813 3168 3136 3222 nostratium
3165 3167 3254 3223 illa
3285 3184 3352 3224 ex
3370 3186 3470 3226 ηερ

1892 3259 2111 3328 gatione
2141 3259 2417 3314 dicuntur.
2474 3258 2568 3314 Sic
2607 3261 2769 3314 etiam
2792 3261 3226 3317 exinanitionem
3266 3271 3470 3318 vocant

1895 3351 1988 3406 Dei
2025 3351 2475 3416 incarnationem,
2501 3353 2716 3408 tametsi
2768 3353 2922 3422 plena
2950 3353 3134 3421 fuerit,
3169 3357 3276 3410 imo
3303 3355 3471 3429 566

1893 3454 2223 3511 supraquam
2291 3441 2473 3510 plena,
2513 3451 2620 3495 tam
2653 3442 2942 3510 sapientia,
2975 3459 3135 3514 quam
3177 3447 3374 3503 virtute
3405 3465 3471 3505 ac

1893 3533 2106 3598 salute;
2141 3533 2444 3603 quinetiam
2505 3534 2599 3588 Dei
2655 3534 3054 3604 inﬁrmitatem,
3113 3540 3301 3594 crucis
3351 3549 3471 3597 tro-

1891 3638 2065 3693 pteum
2141 3634 2360 3679 vocant.
2414 3625 2526 3680 Hoc
2552 3625 2718 3696 igitur
2751 3629 2910 3682 modo
2965 3631 3130 3686 etiam
3178 3633 3467 3690 stultitiam

1892 3715 2010 3780 Dei,
2040 3730 2256 3770 omnem
2303 3715 2626 3786 sapientiam
2668 3726 2725 3771 et
2769 3719 3055 3776 scientiam
3109 3727 3470 3780 excedentem

1890 3807 2181 3878 Apostoius
2197 3808 2573 3880 appellavit,id
2629 3809 2774 3879 quod
2813 3813 2971 3869 nobis
3019 3815 3218 3870 rationi
3248 3829 3472 3872 contra--

1895 3900 2033 3955 rium
2057 3909 2112 3955 et
2144 3899 2406 3954 absonum
2439 3901 2756 3968 videbatur;
2789 3906 2999 3961 scilicet
3025 3909 3302 3977 quomodo
3327 3908 3470 3966 Deus

1893 3995 1948 4048 in
1977 4007 2162 4056 carne,
2205 3992 2288 4048 vel
2316 3995 2586 4062 quomodo
2621 3999 2982 4066 corporaliter
3012 4001 3068 4055 in
3091 4017 3253 4058 cruce
3274 4017 3471 4073 passus

1895 4086 1985 4152 sit,
2038 4084 2312 4140 adducens
2338 4086 2405 4140 ad
2447 4089 2758 4154 veritatem,
2809 4107 2930 4162 qua:
2982 4107 3200 4150 onmem
3245 4108 3472 4168 superat

1897 4178 2199 4241 rationem;
2233 4179 2557 4246 mysterium
2587 4180 2732 4234 enim
2781 4181 2884 4237 hoc
2925 4185 3211 4239 sensilium
3241 4189 3471 4242 demon-

1895 4271 2224 4324 strationum
2255 4270 2557 4326 rationibus
2593 4287 2700 4326 non
2731 4275 3136 4342 explanabitur,
3180 4277 3285 4332 nisi
3332 4276 3470 4332 ﬁdes

1896 4365 2187 4431 praecedat.
2205 4362 2312 4419 Sed
2337 4365 2479 4434 quod
2496 4364 2807 4434 etiamalibi
2826 4365 2984 4432 dixit,
3007 4368 3050 4422 si
3067 4368 3297 4424 velimus
3319 4385 3474 4426 more

1895 4466 2084 4512 nostro
2111 4472 2174 4511 ea
2198 4473 2320 4527 qua:
2350 4472 2514 4525 supra
2531 4472 2632 4512 nos
2664 4468 2791 4513 sunt
2820 4461 3471 4528 accipere,l’amiliaribus

1898 4549 2148 4605 sensibus
2174 4548 2750 4619 involuti,decipimur;
2769 4567 2892 4606 cum
2911 4553 3056 4608 scire
3075 4564 3346 4624 oporteat,
3372 4571 3474 4612 no-

1901 4757 1990 4796 res
2014 4743 2359 4800 intellectiles
2382 4751 2400 4814 (
2426 4743 2695 4814 siquidem
2747 4743 3090 4814 simplicibus
3145 4743 3476 4812 quibusdam

1902 4836 2256 4904 conceptibus
2289 4844 2344 4890 et
2375 4835 2947 4890 indemonstrabilibus
2976 4833 3248 4906 intelligit)
3285 4851 3475 4892 verum

1903 4924 2023 4979 illas
2052 4941 2139 4980 res
2167 4925 2512 4982 intellectiles
2557 4942 2678 4996 quae
2727 4927 2825 4981 sub
2859 4925 3200 4995 intelligendi
3231 4925 3352 4996 ejus
3388 4928 3474 4982 fa-

1903 5017 2160 5072 cultatem
2203 5019 2404 5073 cadunt
2431 5035 2447 5085 ;
2477 5035 2564 5074 res
2620 5030 2801 5074 autem
2841 5022 3154 5090 superiores
3197 5037 3476 5090 nunquam

1904 5111 2295 5179 apprehendet,
2327 5110 2432 5165 nisi
2471 5127 2568 5180 per
2597 5113 2924 5167 eminentem
2973 5115 3262 5184 quamdam
3318 5115 3477 5169 unio-

1906 5216 2028 5254 nem
2081 5203 2301 5256 sensilia
2341 5203 2782 5274 intellectiliaque
2819 5215 3015 5261 cuncta
3059 5213 3222 5276 atque
3256 5206 3478 5275 insuper

1905 5303 2109 5348 motum
2141 5295 2416 5364 proprium
2461 5299 2710 5363 excedat,
2734 5309 2901 5368 atque
2942 5299 3017 5352 ita
3042 5299 3255 5352 radium
3285 5312 3478 5366 quem-

1904 5388 2025 5442 dam
2057 5388 2256 5443 divinte
2308 5390 2634 5460 COgnitionis
2664 5391 2918 5461 accipiat.
2976 5391 3242 5447 Unionem
3292 5398 3474 5444 autem

1904 5495 2036 5546 non,
2060 5481 2220 5537 ut-ita
2255 5484 2378 5551 quis
2408 5484 2577 5550 dicat,
2610 5485 2920 5540 mistionem
2953 5493 3008 5540 et
3043 5492 3358 5539 contactum
3381 5497 3477 5538 vo-

1903 5582 2015 5640 cat,
2046 5577 2189 5646 quod
2217 5577 2404 5649 utique
2424 5578 2588 5635 etiam
2613 5578 2834 5648 dicitur,
2865 5586 2923 5634 ut
2956 5592 3077 5635 cum
3099 5577 3154 5633 in
3182 5591 3476 5648 progressu

294 5819 410 5890 H3,
449 5817 584 5877 Vide
643 5817 861 5876 Scholia
908 5816 966 5874 S.
997 5817 1238 5889 Maximi,
1275 5828 1403 5878 tom.
1437 5821 1477 5878 ll
1508 5836 1628 5893 cap.
1661 5820 1690 5876 7
1723 5820 1799 5878 De
1829 5819 1990 5876 divin.
2015 5836 2154 5878 nam.
