3866 6234
393 329 499 387 879
1574 327 1631 384 S.
1674 326 1972 384 DIONYSII
2006 325 2477 384 AREOPAGITA'I
3557 320 3667 377 880

392 445 483 501 hic
536 454 773 501 sanctus
816 445 940 500 ait-:
998 444 1226 509 Quando
1286 460 1430 499 mens
1484 446 1973 514 supernaturalibu

2081 443 2174 497 τοῦ
2200 443 2375 514 μένει,
2403 440 2617 513 ἀμερὴς
2645 441 2923 511 φαίνεται·
2950 439 3041 494 διὰ
3089 438 3247 493 τοῦτο
3266 437 3470 492 ἕνωσιν
3519 436 3669 503 λέγει

388 540 555 593 radiis
578 540 730 593 unita
765 538 949 607 fuerit,
995 538 1093 592 sed
1122 536 1792 605 quoniamintellectiones
1829 540 1971 596 infe-

2081 535 2175 608 τὴν
2204 535 2347 591 κατὰ
2398 535 2460 589 τὸ
2490 536 2691 589 ἑνιαῖον
2720 533 2911 587 ἑαυτοῦ
2947 533 3177 605 ἵδρυσιν,
3217 530 3519 603 προσὸαλεῖ
3560 530 3675 601 γάρ

391 633 565 687 riores
602 640 727 687 sunt
757 629 1113 700 intelligente,
1140 636 1196 684 et
1222 630 1437 698 quando
1484 630 1686 701 aliquid
1717 630 1974 701 intelligi-

2081 630 2210 694 ἴσως
2252 631 2318 700 τῇ
2348 629 2476 701 πε.ρί
2518 626 2655 681 Θεοῦ
2706 625 2929 697 θεωρία,
2967 626 3027 679 οὑ
3062 622 3360 696 μερισθεὶς,
3402 623 3468 676 οὐ
3513 639 3673 692 κινη-

393 732 514 787 tur,
548 720 935 777 verosimiliter
992 722 1158 776 etiam
1207 720 1400 777 divisio
1455 722 1705 793 quadam
1755 724 1971 782 unionis

2081 724 2209 790 θεὶς,
2255 725 2316 777 οὐ
2366 723 2585 794 νοήσας,
2648 720 2763 775 ἀλλ’
2787 720 2923 783 ὅλως
2966 718 3108 773 κατά
3147 734 3267 771 τινα
3288 715 3507 788 άτρεμῆ
3548 716 3672 769 dxt-

392 814 560 884 ipsius
608 814 803 870 mentis
840 814 1023 869 existit
1055 830 1069 879 ;
1114 815 1240 869 dum
1275 828 1405 869 vero
1451 814 1507 869 in
1530 828 1589 871 se
1615 814 1732 884 ipso
1759 826 1966 883 manet,

2081 818 2268 889 νησίαν
2300 819 2357 870 ὲν
2414 814 2493 886 τῷ
2546 809 2702 878 ὅλους
2753 810 3002 883 γίνεσθαι
3058 811 3207 881 ἡμᾶς
3250 808 3346 863 τοῦ
3394 808 3538 862 Θεοῦ
3585 808 3677 863 καὶ

392 907 653 962 indivisus
692 916 965 977 apparet:
996 906 1202 963 idcirco
1256 908 1510 963 unionem
1558 916 1718 964 vocat
1770 920 1970 965 statum

2082 909 2157 981 μὴ
2221 908 2427 963 ἑαυτῶν
2456 924 2467 938 ⁸
2530 906 2674 961 οὕτω
2714 904 2824 977 γὰρ
2874 904 2973 976 τὴν
3013 903 3163 957 Θείαν
3221 903 3425 957 άκτῖνά
3461 920 3550 966 τις
3592 901 3676 955 δέ·

392 996 539 1051 illum
570 1012 730 1066 quem
781 1000 1077 1053 secundum
1132 1013 1192 1053 se
1247 999 1433 1053 unitus
1475 998 1656 1067 habet,
1689 1000 1973 1071 mqualiter
2080 1003 2250 1069 ξεται.

389 1088 535 1142 enim
554 1102 612 1142 se
633 1087 868 1157 applicat
892 1087 1086 1142 divinae
1116 1089 1561 1158 contemplationi
1595 1089 1883 1161 indivisus,
1911 1092 2189 1159 immatus,
2216 1107 2322 1147 non
2344 1090 2671 1162 intelligens,
2700 1090 2793 1145 sed
2823 1090 3029 1161 integre
3044 1086 3361 1155 ,secundum
3382 1087 3677 1157 quamda

389 1180 1346 1249 intremulamimmobilitatem,dum
1377 1184 1472 1238 toti
1504 1186 1663 1242 limus
1688 1186 1809 1247 Dei.
1843 1196 2022 1242 etnon
2042 1188 2211 1241 nostri
2237 1202 2251 1252 ;
2296 1186 2375 1241 sic
2419 1189 2561 1240 enim
2618 1183 2862 1238 divinum
2924 1182 3133 1237 radium
3178 1180 3376 1251 aliquis
3425 1181 3676 1249 accipiet.

463 1272 493 1345 ᾗ
525 1272 589 1328 11.
617 1274 765 1328 llanc
802 1274 986 1344 itaque
1028 1276 1375 1346 sapientiam,
1424 1292 1544 1346 qua:
1573 1294 1681 1334 non
1737 1280 1977 1335 admittit

2163 1278 2192 1349 ᾗ
2220 1279 2285 1331 11.
2314 1277 2533 1347 Ταύτην
2557 1276 2686 1345 γοῦν
2716 1275 2815 1346 τήν
2847 1274 3059 1344 σοφίαν,
3108 1273 3207 1347 τὴν
3234 1274 3308 1345 μὴ
3367 1274 3679 1340 πεφυκυῖαν

390 1366 655 1421 rationem
690 1366 1139 1434 interpretantem
1165 1409 1181 1436 ,
1212 1383 1313 1423 nec
1344 1369 1677 1425 intellectum
1733 1384 1977 1440 compre-

2086 1370 2340 1437 δέξασθαι
2369 1369 2525 1438 λόγον
2564 1368 2978 1439 ἑρμηνευτικὸν,
3020 1365 3203 1437 ἦνοῦν
3246 1362 3679 1434 καταλητπικὺν,

392 1458 742 1523 hendentem,
767 1473 866 1513 nec
887 1458 1210 1529 sapientiam
1260 1464 1635 1519 enuntiantem
1660 1464 1790 1536 (hoc
1816 1478 1977 1520 sensu

2090 1462 2122 1534 ἢ
2157 1461 2351 1531 σοφίαν
2381 1458 2773 1529 ἐξαγγελτικήν
2802 1476 2815 1488 ·
2849 1457 3012 1528 (οὕτω
3040 1457 3149 1528 γάρ
3195 1456 3345 1524 λέγει
3365 1454 3430 1507 τὸ
3466 1454 3677 1524 ἄλογον,

389 1548 533 1603 enim
565 1556 723 1603 vocat
768 1548 1168 1615 irrationalem,
1208 1561 1266 1607 et
1330 1565 1601 1611 amentem
1649 1570 1714 1611 ac
1749 1554 1975 1612 stultam

2086 1554 2182 1606 καὶ
2207 1552 2366 1606 άνουν
2391 1593 2405 1617 ,
2437 1551 2531 1605 καὶ
2556 1550 2758 1621 μωρὸν,
2809 1551 2868 1603 οὐ
2898 1548 3037 1603 κατὰ
3062 1547 3318 1612 διάθεσιν,
3352 1547 3496 1602 ἀλλὰ
3544 1546 3681 1601 κατὰ

391 1658 502 1697 non
557 1656 653 1710 per
690 1640 1056 1712 affectionem,
1085 1645 1180 1700 sed
1244 1662 1339 1715 per
1396 1654 1741 1718 negationem
1772 1658 1827 1704 et
1880 1664 1977 1720 per

2082 1644 2472 1713 ἀπόφασιν,καὶ
2489 1641 2629 1695 κατὰ
2647 1640 2941 1711 ὑπεροχὴν,
2963 1640 3023 1692 οὐ
3041 1640 3178 1693 κατὰ
3196 1639 3436 1708 ἔλλειψιν
3460 1640 3500 1709 ·)
3519 1639 3681 1709 ὑπερ-

391 1750 685 1792 excessum
711 1776 726 1801 ,
755 1751 861 1790 non
912 1747 1134 1806 propter
1179 1738 1505 1810 defectum),
1537 1755 1634 1811 per
1690 1755 1977 1797 excessum

2087 1735 2285 1807 οχικῶς
2331 1731 2424 1789 οὖν
2450 1734 2655 1806 ταύτην
2693 1733 3007 1805 ὑμνοῦντες,
3048 1733 3300 1805 λέγομεν,
3347 1734 3436 1786 ὃτι
3482 1732 3681 1795 παντός

393 1828 558 1899 igitur
582 1829 724 1884 hanc
764 1829 1046 1885 laudantes
1092 1831 1347 1896 dicimus,
1374 1834 1553 1887 omnis
1585 1834 1785 1889 mentis
1814 1845 1869 1889 et
1896 1849 1977 1888 ra-

2086 1832 2205 1883 ὲστι
2234 1830 2327 1882 καὶ
2360 1827 2517 1896 λόγου
2548 1828 2642 1880 καὶ
2665 1827 2757 1879 νοῦ
2797 1827 2892 1881 καὶ
2949 1825 3130 1897 πάσης
3164 1826 3358 1896 σοφίας
3386 1825 3568 1888 αἰτία,
3594 1824 3681 1877 καὶ

396 1926 556 1982 tionis
574 1928 864 1997 omnisque
882 1929 1169 1998 sapientiae
1186 1943 1406 1983 causam
1431 1930 1691 1991 existere,
1720 1940 1775 1983 et
1808 1926 1977 1996 ipsius

2083 1925 2251 1995 αὐτῆς
2279 1926 2391 1976 ἐστι
2421 1924 2569 1975 πᾶσα
2603 1920 2767 1992 βουλὴ
2804 1921 2899 1975 καί
2951 1920 3185 1985 σύνεσις,
3220 1919 3361 1973 κατὰ
3402 1919 3493 1973 τό·
3538 1918 3677 1987 Ἐμὴ

391 2033 513 2075 esse
555 2034 719 2075 omne
746 2020 1031 2076 consilium
1056 2029 1112 2075 et
1140 2021 1453 2086 scientiam,
1473 2019 1628 2088 juxta
1651 2019 1781 2073 illud
1810 2036 1824 2073 :
1857 2016 1981 2074 Mea

393 2123 471 2167 est
504 2114 750 2177 scientia,
784 2130 958 2167 meum
989 2115 1113 2169 item
1157 2115 1437 2169 consilium
1466 2122 1515 2168 et
1547 2116 1804 2168 securitas
1834 2115 1897 2178 ‘;
1927 2123 1986 2169 et

394 2203 445 2255 in
473 2204 583 2270 ipsa
601 2218 779 2256 omnes
814 2202 1048 2257 thesauri
1084 2203 1355 2272 sapientia:
1376 2200 1539 2273 467
1569 2212 1691 2256 sunt
1718 2210 1768 2257 et
1802 2204 1984 2272 cogni-

394 2293 551 2347 tionis
577 2291 875 2345 absconditi
901 2302 926 2329 ιι
947 2330 963 2357 ,
1015 2290 1316 2346 secundum
1346 2306 1601 2360 magnum
1633 2289 1979 2361 Apostolum.

394 2383 612 2437 Etenim
648 2384 791 2438 sicut
831 2391 1034 2438 aeterna
1072 2384 1373 2453 divinaque
1420 2384 1531 2439 vita
1584 2383 1983 2455 suppeditatrix

396 2476 541 2529 dicta
567 2486 651 2529 est
674 2477 838 2528 etiam
868 2474 1038 2544 ipsius
1062 2490 1157 2545 per
1192 2491 1249 2531 se
1281 2478 1420 2540 vitae,
1457 2488 1513 2532 et
1544 2487 1868 2532 caaterarum
1900 2474 1981 2530 vl-

399 2578 575 2620 tarum
604 2566 873 2633 omnium,
913 2568 992 2622 sic
1042 2569 1230 2637 utique
1277 2572 1443 2625 etiam
1493 2569 1864 2638 omuisapiens
1895 2583 1983 2622 sa-

397 2660 593 2725 pientia
651 2660 817 2729 ipsius
848 2676 1065 2731 quoque
1095 2677 1191 2732 per
1215 2677 1273 2716 se
1321 2663 1605 2732 sapientia:
1651 2676 1841 2725 causa,
1874 2660 1982 2716 sci-

399 2751 528 2805 licet
553 2764 652 2821 per
686 2766 744 2807 se
773 2752 888 2807 sive
922 2754 973 2806 in
1012 2767 1090 2817 se,
1121 2753 1348 2808 rationis
1387 2754 1668 2823 sapientia:
1696 2754 1982 2808 creatricis

397 2844 683 2911 omnisque
719 2844 999 2914 sapientia:
1030 2843 1272 2900 effectrix
1300 2847 1508 2912 existit,
1559 2860 1627 2901 ex
1665 2860 1775 2913 qua
1809 2843 1981 2899 intel-

399 2933 664 2990 lectiones
691 2936 893 2990 habent
918 2936 1261 2991 intellectiles
1282 2944 1335 2991 et
1357 2934 1716 3005 intelligentes
1746 2935 1979 2990 virtutes

2084 2015 2357 2079 σύνεσις,
2381 2010 2492 2082 ἐμὴ
2515 2012 2582 2065 δὲ
2593 2009 2798 2079 ,ϐουλὴ
2835 2010 2934 2064 καὶ
2962 2009 3263 2079 ἀσφάλεια
3281 2027 3294 2039 ·
3329 2009 3428 2062 καὶ
3456 2010 3521 2062 ὲν
3546 2011 3680 2081 αὐτῇ

2084 2104 2308 2170 πάντες
2355 2106 2409 2157 ot
2480 2100 2773 2172 θησαυροὶ
2830 2100 2943 2169 τῆς
3003 2103 3224 2172 σοφίας
3262 2102 3406 2163 εἰσὶ,
3443 2102 3549 2155 καὶ
3576 2100 3680 2169 τῆς

2084 2195 2360 2264 γνώσεως
2395 2194 2752 2263 ἀπόκρυφοι,
2804 2194 2946 2247 κατὰ
2982 2194 3074 2247 τὸν
3116 2194 3289 2264 μέγαν
3332 2192 3679 2246 Ἀπόστολον.

2084 2286 2196 2339 Καὶ
2210 2288 2318 2358 γάρ
2348 2286 2537 2359 ὥσπερ
2558 2289 2591 2359 ἡ
2614 2288 2806 2342 αίωνία
2834 2289 2928 2342 καὶ
2951 2286 3073 2342 θεία
3094 2286 3208 2360 ζωὴ
3230 2288 3541 2351 ὑποστάτις
3567 2287 3679 2341 ἐλέ-

2084 2395 2211 2447 γετο
2252 2379 2349 2433 καὶ
2381 2379 2551 2449 αὐτῆς
2593 2379 2694 2449 τῆς
2722 2379 2999 2450 αὐτοζωῆς
3056 2378 3149 2430 καὶ
3178 2375 3285 2429 τῶν
3306 2376 3520 2447 ἑτέρων
3540 2378 3681 2430 άπα-

2086 2472 2194 2526 σῶν
2216 2471 2389 2538 ζωῶν,
2420 2472 2563 2525 οὓτω
2582 2472 2646 2543 δὴ
2670 2473 2763 2526 καὶ
2790 2474 2823 2543 ή
2847 2471 3122 2540 πάνσοφος
3153 2470 3313 2539 σοφία
3332 2510 3348 2534 ,
3379 2472 3541 2523 αἰτία
3571 2470 3685 2523 ἐστὶ

2084 2566 2178 2619 καὶ
2214 2565 2311 2636 τῆς
2340 2564 2685 2634 αὐτοσοφίας,
2716 2564 2963 2635 δηλονότι
2996 2562 3061 2616 δι’
3094 2560 3311 2627 ἑαυτοῦ,
3365 2562 3547 2632 ἤγουν
3593 2562 3681 2615 τοῦ

2084 2660 2142 2710 ὲν
2165 2656 2314 2727 αὺτῷ
2339 2655 2729 2729 δημιουργικοῦ
2754 2655 2913 2724 λόγου
2937 2656 3035 2727 τῆς
3063 2654 3273 2724 σοφίας,
3307 2654 3404 2707 καὶ
3460 2656 3683 2724 ἁπάσης

2086 2752 2277 2820 σοφίας
2308 2753 2621 2816 ὑποστάτις,
2648 2751 2708 2816 ἐξ
2732 2746 2799 2822 ἦς
2825 2749 3006 2821 ἔχουσι
3032 2748 3131 2813 τὰς
3154 2750 3371 2819 νοήσεις
3396 2752 3457 2802 αἱ
3489 2747 3683 2819 νοηταί

2082 2870 2142 2906 τε
2172 2854 2266 2907 καὶ
2288 2854 2473 2925 νοεραὶ
2497 2852 2605 2907 τῶν
2627 2853 2874 2922 ἀγγέλων
2902 2851 3179 2922 δυνάμεις,
3232 2850 3441 2920 Νοεραὶ
3474 2852 3534 2903 αἱ
3582 2850 3681 2919 ὑφ-

2083 2946 2296 3017 ειμέναι
2328 2945 2438 2998 τῶν
2464 2946 2603 3017 ὑπὲρ
2632 2945 2823 3010 αὑτὰς,
2857 2944 2950 2998 καὶ
2992 2945 3163 2997 πᾶσαι
3189 2941 3323 2995 Θεοῦ
3348 2959 3361 2971 ·
3395 2943 3600 3012 νοηταὶ
3629 2942 3683 2992 αἱ

398 3026 740 3097 angelorum.
794 3026 1161 3097 lntelligcntes
1207 3036 1335 3082 sunt
1389 3026 1678 3081 inferiores
1724 3034 1975 3093 respectu

2081 3040 2335 3113 ὑπεράνω
2360 3040 2493 3111 πρὸς
2509 3039 2606 3104 τὰς
2634 3039 2931 3110 ὑφειμένας
2949 3080 2964 3103 ,
3005 3039 3099 3092 καὶ
3130 3039 3299 3090 πᾶσαι
3328 3036 3469 3106 πρὸς
3499 3038 3678 3106 ἡμᾶς’

396 3120 763 3189 superiorum,
788 3130 843 3174 et
890 3135 1079 3175 omnes
1140 3129 1391 3189 respectu
1451 3118 1541 3173 Dei
1576 3136 1589 3171 :
1629 3117 1976 3174 intellectiles

397 3220 521 3263 sunt
558 3210 872 3279 superiores
904 3220 1156 3280 respectu
1192 3208 1540 3273 inferiorum,
1578 3219 1632 3263 et
1662 3223 1853 3263 omnes
1883 3224 1976 3266 re-

397 3307 583 3367 spectu
615 3299 789 3353 nostri
817 3317 831 3365 ;
864 3314 961 3353 nos
981 3300 1126 3353 enim
1158 3298 1422 3352 duntaxat
1452 3313 1642 3353 sumus
1668 3297 1977 3370 intelligen-

398 3400 502 3453 tes,
531 3389 658 3459 quia
706 3405 811 3445 non
869 3390 1130 3444 habemus
1170 3387 1333 3442 aliam
1385 3388 1795 3459 intelligentiam
1838 3389 1978 3444 infe-

396 3483 596 3537 riorem
630 3496 727 3551 per
756 3495 916 3551 quam
951 3480 1613 3551 intelligamur,siquidem
1647 3480 1979 3549 animmque:

400 3590 498 3630 nos
523 3575 790 3644 sequitur,
828 3574 1164 3629 irrationalis
1190 3584 1273 3629 est
1301 3583 1358 3629 et
1394 3572 1591 3628 mentis
1620 3585 1840 3641 expers.
1866 3569 1977 3625 Ha-

400 3668 531 3723 bcnt
572 3666 758 3736 itaque
782 3666 1038 3723 caelestes
1064 3666 1305 3723 Virtutes
1340 3665 1748 3721 intellectiones
1786 3678 1896 3719 non
1924 3663 1977 3718 in

400 3763 777 3828 divisibilibus,
812 3778 908 3818 nos
959 3772 1139 3819 autem
1194 3763 1246 3817 in
1295 3763 1660 3819 divisibilibus
1718 3776 1980 3818 sensuum

401 3857 801 3911 instrumentis.
845 3856 1003 3911 Aliud
1059 3859 1205 3912 enim
1231 3858 1468 3927 auditus,
1523 3866 1577 3910 et
1604 3855 1751 3912 aliud
1805 3857 1976 3921 visus,

401 3957 455 4003 et
497 3949 577 4003 sic
610 3949 675 4005 tle
710 3949 856 4005 aliis.
890 3950 953 4005 Et
976 3952 1045 4007 ab
1076 3952 1159 4005 his
1181 3949 1543 4005 divisibilibus
1572 3949 1866 4005 sensilibus
1903 3964 1983 4004 re-

403 4055 522 4094 rum
576 4040 944 4112 cognitionem
1008 4043 1316 4114 recipimus,
1373 4050 1468 4097 aut
1515 4041 1570 4096 in
1625 4041 1981 4098 divisibilibus

399 4132 616 4202 quidem
647 4146 714 4186 ex
758 4142 911 4201 parte
933 4133 1378 4203 cogitationibus,
1412 4135 1508 4189 sed
1544 4148 1574 4188 a
1611 4133 1979 4189 divisibilibus

401 4224 703 4294 disciplinis
758 4239 855 4278 seu
906 4223 1212 4279 intellectus
1247 4224 1517 4296 objectis;
1552 4226 1656 4282 hoc
1683 4226 1829 4283 enim
1856 4234 1978 4284 est,

399 4332 492 4384 per
512 4316 889 4386 divagaliones.
937 4315 1054 4372 Non
1084 4318 1227 4373 enim
1262 4318 1423 4373 simul
1454 4319 1770 4389 disciplinas
1802 4320 1981 4392 perci-

2081 3136 2240 3206 ήμεῖς
2261 3133 2370 3205 γὰρ
2387 3134 2560 3205 νοεροὶ
2585 3132 2741 3203 μόνον
2766 3131 2952 3203 ἐσμέν·
2987 3130 3107 3184 οὐδὲ
3135 3128 3245 3200 γὰρ
3261 3128 3464 3198 ἔχομεν
3483 3126 3681 3197 ἑτέραν

2081 3227 2236 3299 ἡμῶν
2284 3227 2599 3299 κατωτέραν
2650 3226 2856 3297 νόησιν,
2894 3225 2962 3278 δι’
3017 3218 3085 3295 ἦς
3125 3222 3191 3277 ἂν
3242 3220 3680 3291 νοηθείημενθή

2080 3321 2273 3391 ἄλογος
2321 3319 2431 3391 γάρ
2463 3320 2558 3372 καὶ
2606 3320 2639 3389 ἡ
2682 3318 2842 3383 ἄνους
2872 3316 3018 3387 ψυχὴ
3058 3315 3180 3369 καθ’
3229 3316 3400 3386 ἡμᾶς.
3450 3314 3681 3384 Ἔχουσι

2079 3408 2209 3477 γοῦν
2237 3410 2291 3461 αἱ
2324 3409 2567 3480 οὐράνιαι
2592 3407 2847 3478 δυνάμεις
2892 3407 2990 3471 τὰς
3020 3408 3237 3478 νοήσεις
3275 3406 3377 3457 οῦκ
3420 3407 3488 3457 ἐν
3524 3421 3679 3475 μερι-

2084 3500 2263 3561 στοῖς·
2296 3499 2457 3569 ἡμεῖς
2510 3497 2621 3571 γάρ
2677 3498 2735 3550 ὲν
2780 3499 3056 3569 μεριστοῖς
3096 3498 3209 3559 τοῖς
3255 3494 3676 3566 αἰσθητηρίοις

2083 3590 2211 3642 ἄλλο
2236 3590 2344 3661 γὰρ
2368 3588 2522 3661 ἀκοὴ,
2547 3590 2640 3642 καὶ
2669 3589 2859 3660 ἕτερον
2883 3588 3023 3659 ὗψις,
3058 3588 3153 3641 καὶ
3182 3586 3251 3640 τὰ
3280 3586 3417 3640 άλλα
3447 3588 3678 3659 ὁμοίως.

2082 3683 2191 3735 Καὶ
2230 3682 2340 3736 ἀπὸ
2388 3683 2659 3755 μεριστῶν
2709 3684 2817 3736 τῶν
2868 3682 2990 3736 κατ’
3038 3679 3178 3735 αὐτὰ
3226 3680 3545 3750 αἰσθητῶν,
3584 3682 3683 3752 τὴν

2081 3776 2189 3827 τῶν
2218 3776 2355 3829 ὅλων
2384 3776 2582 3846 γνῶσιν
2602 3773 3128 3847 ἀναλαμϐάνομεν,ἢ
3154 3776 3211 3827 ὲν
3238 3776 3530 3845 μεριστοῖς
3561 3774 3679 3845 μὲν,

2081 3870 2192 3931 τοῖς
2217 3865 2357 3921 κατὰ
2387 3866 2550 3939 μέρος
2596 3868 2882 3939 νοήμασιν,
2936 3865 3045 3919 ἀπὸ
3096 3864 3368 3936 μεριστῶν
3424 3864 3512 3927 δὲ,
3573 3864 3679 3917 τῶν

2086 3960 2373 4032 μαθήσεων
2402 3961 2520 4030 ἦτοι
2545 3959 2651 4013 τῶν
2667 3958 2989 4030 νοουμένων·
3006 3957 3164 4011 τοῦτο
3184 3957 3291 4029 γάρ
3310 3958 3428 4009 ἐστι
3444 3958 3516 4010 τὸ
3535 3956 3681 4020 διεξ-

2083 4052 2317 4108 οδικῶν.
2362 4053 2473 4123 Οὐχ
2503 4053 2618 4123 ἅμα
2638 4052 2747 4123 γὰρ
2767 4052 2865 4115 τὰς
2904 4051 3168 4123 μαθήσεις
3194 4050 3578 4121 λαμϐάνομεν,
3596 4051 3679 4104 άλ-

2082 4146 2150 4201 λά
2181 4145 2355 4217 χρόνῳ
2382 4145 2474 4198 καὶ
2503 4145 2795 4216 μεριστῶς.
2819 4146 2886 4197 Αἱ
2916 4144 2973 4197 δὲ
2996 4143 3181 4213 νοεραὶ
3205 4142 3417 4211 φύσεις,
3435 4143 3675 4197 ἀκοινω-

2083 4240 2256 4311 νήτως
2275 4240 2411 4311 πρὸς
2428 4238 2497 4291 τὰ
2515 4238 2743 4292 τοιαῦτα
2761 4237 2939 4291 πάντα
2955 4236 3194 4307 ἔχουσαι,
3207 4237 3387 4306 ὲνιαίᾳ
3405 4236 3507 4289 καὶ
3531 4236 3673 4306 ἁπλῇ

2083 4333 2262 4403 νοήσει
2290 4332 2387 4402 τῆς
2400 4330 2656 4403 ἀληθείας
2672 4330 2769 4402 τὴν
2788 4330 2987 4399 γνῶσιν
3005 4328 3495 4399 ἐπιλαμϐάνονται.
3525 4329 3601 4382 Τὸ
3620 4328 3674 4381 δὲ

401 4410 597 4479 pimus,
627 4408 723 4464 sed
752 4418 1015 4480 tempore,
1065 4425 1129 4466 ac
1164 4410 1401 4468 divisim.
1456 4411 1820 4482 lntelligentes
1851 4426 1977 4467 vero

2084 4422 2187 4475 ὑπό
2205 4440 2347 4486 τινος
2385 4421 2586 4485 κοινοῦ,
2617 4419 2855 4474 τοιοῦτόν
2900 4422 3046 4473 ἐστιν
3069 4437 3081 4448 '
3112 4421 3166 4474 αἱ
3204 4418 3334 4490 παρ’
3366 4420 3503 4490 ήμῖν
3534 4419 3673 4488 γνῶ·

404 4510 630 4564 ιιιιιυνω,
676 4500 880 4555 nullam
915 4501 971 4555 in
1003 4499 1085 4555 his
1131 4503 1384 4556 omnibus
1421 4503 1975 4559 communicationem

2082 4534 2195 4581 σεις
2241 4516 2348 4570 ἀπὸ
2372 4514 2613 4587 μερικῶν
2641 4513 3023 4584 συναγόμεναι,
3070 4512 3246 4566 κοινόν
3288 4529 3341 4564 τι
3398 4511 3675 4564 ἀποκαθι-

404 4591 690 4656 habentes,
716 4607 819 4646 una
840 4591 1183 4663 simplicique
1204 4593 1579 4650 intellectione
1611 4596 1863 4653 veritatis
1885 4611 1977 4653 co-

403 4682 644 4755 gnitione
667 4684 1028 4741 illustrantur.
1054 4686 1187 4741 illud
1241 4698 1443 4753 autem,
1492 4688 1593 4743 sub
1615 4688 1795 4758 aliquo
1827 4706 1976 4745 com-

406 4776 556 4832 muni
612 4787 697 4832 est
747 4779 1062 4848 ejusmodi:
1120 4787 1319 4835 nostra!
1361 4781 1761 4851 cognitionesa
1814 4784 1975 4839 rebus

403 4870 591 4927 divisis
619 4871 857 4927 collecta:
885 4888 1170 4929 commune
1224 4873 1354 4944 quid
1406 4876 1759 4943 abstrahunt,
1822 4885 1877 4932 et
1906 4878 1975 4933 ab

404 4962 517 5028 illo,
582 4972 839 5033 tanquam
879 4966 1232 5035 praecognita,
1292 4966 1437 5021 aliud
1492 4967 1545 5021 in
1600 4968 1970 5037 cognitionem

401 5054 722 5109 adducitur:
756 5056 1010 5125 quoniam
1031 5056 1274 5127 ipsaamet
1300 5060 1463 5114 etiam
1494 5060 1820 5115 immediate
1848 5074 1975 5129 pro-

402 5145 698 5229 positiones
742 5160 806 5200 ac
853 5146 1062 5216 primae
1092 5149 1322 5216 species,
1368 5165 1475 5205 non
1534 5150 1697 5205 aliter
1750 5152 1974 5208 omnino

401 5239 565 5295 etiam
605 5241 673 5295 ad
700 5241 1214 5297 demonstrationem
1276 5246 1605 5312 conducent,
1656 5246 1760 5302 nisi
1804 5247 1969 5302 etiam

401 5335 530 5404 ipsae
563 5350 628 5391 ex
651 5335 943 5392 sensilibus
967 5335 1437 5410 divisibilibusque
1464 5342 1702 5397 motibus
1727 5342 1794 5397 ad
1818 5358 1974 5399 com-.

399 5444 563 5485 mune
606 5428 883 5499 quidpiam
923 5428 1129 5484 fuerint
1167 5440 1456 5489 revocatae.
1514 5432 1671 5489 Sicut
1715 5433 1864 5490 enim
1911 5433 1970 5490 in

400 5523 562 5589 bello,
584 5523 710 5578 dum
736 5522 796 5578 tit
826 5522 971 5593 fuga,
994 5522 1208 5578 sistitur
1244 5539 1406 5594 un'us,
1426 5536 1483 5581 et
1512 5535 1632 5597 post
1659 5542 1780 5583 eum
1805 5527 1967 5594 alter,

399 5623 454 5668 et
483 5615 696 5683 tertius,
738 5624 794 5671 et
832 5615 912 5671 sic
949 5615 1016 5671 de
1050 5615 1291 5683 caeteris,
1329 5626 1384 5675 et
1415 5617 1496 5674 sic
1551 5618 1691 5678 forte
1720 5619 1956 5679 victores

477 5794 495 5829 '
533 5791 695 5849 Prov.
732 5806 849 5858 vm,
884 5791 973 5847 H.
1058 5805 1087 5834 υ
1121 5793 1331 5851 Coioss.
1367 5809 1426 5862 ιι,
1463 5792 1514 5848 5.

2084 4608 2269 4674 στῶσι,
2298 4610 2391 4662 καὶ
2412 4606 2751 4672 ἀπ’ὲκείνου,
2775 4605 2850 4669 ὡς
2881 4602 3449 4676 προσγινωσκομένου,
3485 4604 3671 4673 ἓτερον

2082 4704 2162 4765 είς
2210 4701 2411 4770 γνῶσιν
2438 4699 2768 4768 συνάγεται·
2802 4696 2897 4751 καὶ
2934 4695 3044 4767 γὰρ
3068 4696 3164 4748 καὶ
3199 4694 3362 4746 αὑταὶ
3392 4695 3447 4746 αἱ
3476 4694 3671 4763 ἄμεσοι

2083 4790 2393 4863 προτάσεις,
2407 4790 2499 4843 καὶ
2515 4787 2834 4859 άρχοειδεῖς,
2849 4787 2949 4839 οὐκ
2964 4784 3137 4847 ἄλλως
3156 4784 3277 4848 ἓξου
3286 4799 3336 4835 σι
3357 4783 3421 4835 τὸ
3437 4782 3667 4835 καθόλου

2082 4885 2176 4938 καὶ
2213 4885 2273 4937 τὸ
2312 4886 2391 4946 εἰς
2418 4880 2688 4945 ἀπόδειξιν
2721 4878 3094 4950 εὕχρηστον,εί
3148 4875 3223 4947 μὴ
3264 4875 3361 4928 καὶ
3402 4869 3571 4929 αὗται
3613 4872 3668 4937 ἐξ

2078 4974 2348 5047 αἰσθητῶν
2380 4974 2474 5027 καὶ
2524 4970 2764 5044 μερικῶν
2798 4970 3066 5040 κινήσεων
3099 4967 3179 5031 εἷς
3229 4984 3284 5019 τι
3313 4965 3496 5019 κοινὸν
3532 4983 3664 5035 συμ-

2079 5064 2477 5137 περιληφθεῖεν.
2514 5064 2601 5126 Ὧς
2626 5061 2734 5131 γὰρ
2751 5062 2807 5113 ὲν
2836 5058 3077 5130 πολέμῳ,
3113 5056 3321 5129 τροπῆς
3341 5055 3660 5125 γενομένης,

2079 5152 2158 5221 εἷς
2186 5156 2335 5228 ἔστη,
2381 5155 2476 5209 καὶ
2534 5154 2653 5226 μετ’
2674 5150 2838 5207 αὐτοῦ
2874 5150 3146 5222 δεύτερος,
3184 5147 3280 5201 καὶ
3308 5147 3497 5217 τρίτος
3522 5186 3537 5209 ,
3575 5145 3663 5198 καὶ

2082 5249 2336 5320 καθεξῆς,
2366 5250 2460 5302 καὶ
2479 5248 2648 5311 οὕτως
2674 5247 2803 5310 ῐσως
2840 5241 3228 5317 ἐπικρατοῦσιν
3254 5241 3303 5293 oi
3324 5239 3466 5301 τέως
3491 5253 3661 5307 παρα-

2080 5340 2447 5404 πεπονθότεςο
2494 5340 2588 5394 καὶ
2636 5339 2730 5392 ἐπὶ
2765 5338 2864 5411 τῆς
2913 5335 3099 5405 κοινῆς
3152 5332 3410 5403 γνώσεως
3465 5328 3658 5401 μερικὲ

2079 5432 2171 5486 καὶ
2195 5430 2429 5501 αἰσθητὰ
2459 5429 2801 5500 συναγόμενα
2838 5429 2899 5482 τὸ
2922 5428 3099 5483 κοινὸν
3130 5423 3370 5479 ποιοῦσι.
3430 5421 3519 5491 Τῷ
3553 5420 3658 5489 γὰρ

2077 5527 2303 5591 πολλοὺς
2341 5525 2598 5590 πολλάκις
2632 5525 2801 5596 ὁποίῳ
2820 5524 2883 5596 δή
2907 5541 3013 5577 τινι
3039 5523 3172 5593 πυρὶ
3209 5519 3529 5591 πλησιάσαι,
3569 5512 3656 5567 καὶ

2067 5618 2459 5692 θερμανθῆναι,
2502 5620 2536 5690 ἡ
2574 5617 2836 5691 καθολικὴ
2854 5615 3150 5686 ἐπεγένετο
3186 5611 3413 5684 γνῶσις,
3438 5612 3521 5664 ὅτι
3553 5606 3654 5659 πᾶν
