3866 6234
188 341 298 399 881

764 338 855 394 DE
890 340 1143 399 DlVlNlS
1176 342 1572 413 NOMINIBUS,
1607 347 1759 405 CAP.
1796 348 1909 406 νη.
1941 379 2012 389 -
2036 347 2381 405 PARAPHR.
2407 349 2875 409 PACHYMERzE.

3332 355 3436 411 882

179 456 300 529 πῦρ
315 456 614 531 θερμαίνει·
631 458 690 525 ἐξ
704 453 765 514 οῦ
780 459 965 515 κοινοῦ
988 463 1462 537 συμπεριεχομένη
1480 466 1512 537 ἡ
1530 465 1758 537 ἡμετέρα

1873 467 2110 522 evadunt
2138 467 2231 538 qui
2263 480 2392 524 ante
2426 468 2882 534 succumbebant;
2917 468 3247 527 siiniliterin
3295 484 3438 525 com-

171 550 415 615 διάνοια,
446 551 632 624 ἕτερον
659 553 1000 623 μανθάνειδι’
1029 555 1370 628 αὐτοῦ,ὂπερ
1384 556 1594 611 ἐπὶτῶν
1606 558 1767 626 ἀγγέ-

174 640 292 694 λων
308 641 409 694 οὐκ
440 641 606 696 ἔστιν’
626 642 760 696 ἀλλά
785 644 984 708 παντὸς
998 643 1210 710 ὑλικοῦ,
1230 645 1470 717 δηλονότι
1484 644 1763 718 αἰσθητοῦ,

174 734 278 787 καὶ
308 733 545 806 πλήθους
576 736 817 807 μερικῶν
848 753 1008 791 τινων
1045 737 1301 807 γνὼσεων
1334 738 1729 811 καθαρεύοντες
1748 781 1762 807 ,

172 821 431 887 ὲνοειδῶς
446 823 547 895 οὐχ
569 823 783 878 ἅπαντα
799 824 868 878 τά
886 826 1004 880 θεῖα
1018 827 1249 893 νοοῦσιν,
1281 827 1395 882 ἀλλ’
1411 830 1511 883 ὅσα
1528 829 1765 884 νοεῖσθαι

171 910 395 976 τούτοις
420 912 718 982 πεφύκασι,
740 914 827 968 διά
858 914 956 987 τὴν
987 916 1096 970 ἀπὸ
1129 916 1266 971 Θεοῦ
1297 919 1435 989 πρὸς
1459 920 1659 982 αὐτοὺς
1688 918 1766 972 ἕλ-

170 999 246 1053 λα
255 1001 410 1072 μψιν,
439 994 584 1076 ᾗτινι
602 1006 697 1057 καὶ
723 1006 1194 1076 καταγλαῒζονται,
1220 1009 1466 1081 καὶπρὸς
1486 1009 1548 1063 τὸ
1568 1011 1766 1064 ὲνιαῖον

170 1093 601 1149 ἀνατυποῦνται·
631 1094 791 1152 τοῦτο
809 1098 917 1170 γάρ
947 1100 1095 1153 ἐστιν
1114 1099 1293 1153 αὐτῶν
1309 1101 1371 1154 τὸ
1387 1100 1636 1165 θεοειδές.
1665 1101 1764 1156 Διά

171 1185 386 1257 ταύτην
406 1186 505 1257 τὴν
528 1186 680 1242 θείαν
702 1191 892 1259 σοφίαν
908 1191 1002 1245 καὶ
1017 1193 1071 1245 ai
1087 1191 1255 1263 ψυχαὶ
1281 1194 1341 1247 τὸ
1362 1192 1581 1263 λογικὸν
1608 1193 1761 1265 ἔχου-

171 1292 256 1329 σι.
310 1276 410 1330 Διά
438 1277 490 1331 τί
510 1278 565 1332 δὲ
590 1279 650 1332 οῦ
678 1280 740 1333 τὸ
773 1281 986 1349 νοερὸν
1016 1279 1169 1337 εἶπεν
1188 1324 1203 1349 ,
1236 1283 1373 1338 ἀλλά
1406 1285 1467 1337 τὸ
1494 1286 1760 1356 λογικὸν,

172 1368 212 1438 ἢ
259 1368 418 1439 δῆλον
448 1371 513 1423 ἐκ
549 1370 644 1424 τοῦ
678 1371 1094 1438 πλεονάζοντος·
1154 1375 1330 1429 πάντα
1367 1376 1478 1449 γάρ
1510 1377 1579 1431 τά
1634 1379 1762 1449 τῇδε

164 1460 282 1513 ὅσα
308 1460 513 1515 οἴδασιν
543 1464 598 1517 ai
650 1463 821 1534 ψυχαὶ
860 1464 1168 1532 διεξοδικῶς
1206 1468 1273 1520 δι’
1307 1468 1651 1535 ἀποδείξεων,
1683 1470 1762 1524 ἔτι

168 1551 235 1604 δὲ
288 1553 384 1606 καὶ
411 1553 499 1607 διὰ
544 1554 786 1627 μερικῶν
813 1557 1117 1629 αἰσθήσεων
1140 1560 1339 1615 οἴδασι.
1392 1562 1472 1615 Τά
1494 1562 1549 1616 δὲ
1597 1563 1764 1633 νοητά

170 1644 294 1695 νοεῖ
330 1643 532 1716 ἡψυχὴ
553 1646 613 1698 οὐ
646 1646 781 1700 καθὸ
820 1648 965 1719 ψυχὴ
1013 1649 1169 1719 λόγον
1210 1650 1429 1723 ἔχουσα,
1463 1654 1600 1708 ἀλλά
1628 1655 1763 1709 καθὸ

169 1734 307 1799 νοῦς
325 1753 340 1767 ο
389 1737 511 1790 τότε
550 1737 660 1810 γὰρ
685 1736 826 1794 οἶδεν
852 1743 880 1794 6
924 1742 1049 1806 νοῦς
1078 1743 1146 1796 τά
1172 1744 1359 1815 νοητὰ,
1388 1747 1478 1800 ὅτε
1504 1747 1577 1819 μὴ
1605 1747 1761 1818 μόνον

171 1826 291 1879 τῶν
316 1828 607 1899 αἰσθητῶν,
631 1830 768 1886 ἀλλὰ
815 1833 908 1885 καὶ
950 1834 1048 1904 τῆς
1093 1833 1271 1904 ψυχῆς
1302 1836 1395 1889 καὶ
1442 1836 1635 1889 ἑαυτοῦ
1657 1835 1765 1901 ὲξί-
1794 1824 1837 1878 Β

172 1937 393 1975 σταται.
427 1923 599 1976 Τοῦτο
640 1923 793 1996 δηλοῖ
824 1926 919 1979 καὶ
942 1926 971 1978 6
998 1926 1139 1990 θεῖος
1178 1926 1517 1993 Ἀπόστολος,
1561 1929 1623 1981 '0
1647 1931 1766 1997 ψυ-

168 2012 349 2079 χικὸς
386 2013 717 2081 ἄνθρωπος,
744 2016 937 2086 λέγων,
976 2020 1048 2072 οὐ
1082 2018 1317 2087 δέχεται
1343 2019 1418 2075 τὰ
1437 2021 1543 2075 τοῦ
1580 2023 1762 2076 πνεύ-

163 2118 382 2171 ματος.
446 2103 851 2160 Ἀπολείπονται
891 2102 983 2161 οὖν
1014 2111 1069 2162 αἱ
1098 2108 1267 2181 ψυχαὶ
1293 2110 1402 2164 τῶν
1437 2111 1651 2167 ἑνιαίων
1670 2114 1764 2168 καὶ

167 2193 486 2263 ἀγγελικῶν
510 2195 645 2250 νοῶν
686 2196 765 2267 τῷ
827 2199 1055 2270 ποικίλῳ
1104 2201 1199 2254 καὶ
1233 2201 1475 2273 μεριστῷ
1496 2204 1595 2274 τῆς
1624 2222 1761 2259 παν-

166 2284 444 2350 τοδαποῦς
468 2286 739 2355 γνώσεως.
779 2285 933 2356 Εἶτα,
964 2292 1150 2364 ἐπειδὴ
1180 2295 1237 2347 αἱ
1274 2293 1415 2348 κατά
1457 2293 1557 2359 τὰς
1584 2296 1762 2367 ψυχὰς

166 2376 431 2446 γνώσεις,
461 2379 549 2433 διά
571 2379 729 2449 λόγου
752 2382 1055 2454 γινόμεναι,
1086 2386 1167 2448 είς
1188 2385 1250 2439 τὸ
1276 2385 1334 2439 ἓν
1364 2387 1761 2442 συνελίττονται

168 2468 358 2539 (τοῦτο
380 2472 489 2543 γάρ
520 2474 636 2526 ἐστι
664 2474 759 2527 καὶ
810 2474 871 2527 τὸ
908 2479 1020 2530 καθ
1040 2476 1054 2496 ’
1080 2476 1226 2531 αὐτὸ
1267 2479 1362 2532 καὶ
1390 2478 1450 2531 τὸ
1497 2481 1760 2535 καθόλου

170 2560 291 2630 τῆς
328 2564 693 2631 ἀποδείξεως
713 2566 753 2637 θ)
782 2567 1058 2633 ἀξιοῦνται
1088 2571 1184 2623 καὶ
1204 2572 1259 2623 αἱ
1282 2570 1452 2642 ψυχαὶ
1471 2572 1580 2626 τῶν
1608 2574 1761 2642 ίσαγ-

168 2652 372 2721 γέλων.
440 2653 537 2707 Διά
604 2655 762 2710 τοῦτο
786 2696 801 2721 ,
850 2657 1040 2730 νόησαι
1091 2656 1281 2713 δὲ’καὶ
1320 2661 1558 2727 ἐνιαίως,
1589 2662 1665 2727 ὡς
1693 2662 1760 2718 ἂν

170 2742 323 2796 εἴποι
369 2759 474 2809 τις,
508 2746 749 2801 νοοῦσιν·
783 2748 817 2818 ἢ
845 2750 939 2803 καὶ
980 2749 1175 2816 ἄλλως,
1222 2754 1311 2805 ὅτε
1345 2753 1419 2825 μὴ
1446 2753 1532 2807 διά
1576 2753 1757 2823 λόγου,

169 2835 317 2889 ἀλλά
340 2837 408 2889 δι’
423 2839 680 2892 ἐπιπόνου
717 2840 812 2894 καὶ
835 2843 953 2895 κατ’
981 2843 1181 2914 ἀρετὴν
1208 2843 1394 2910 ἕξεως,
1417 2845 1445 2898 ὃ
1468 2846 1558 2899 καὶ
1586 2850 1759 2918 κρεῖτ-

169 2944 292 2989 τον,
332 2931 413 2991 είς
458 2929 518 2982 τὸ
546 2932 747 2985 ἑνιαίον
802 2934 900 3004 τῆς
930 2933 1183 3004 γνώσεως
1239 2936 1529 3005 φθάνουσι·
1577 2939 1760 3004 καθὼς

169 3018 326 3073 ἔστιν
346 3020 472 3073 ἰδεῖν
489 3024 547 3075 ἐν
571 3025 683 3087 τοῖς
699 3024 954 3093 μεγάλοις
976 3026 1071 3080 καὶ
1104 3026 1267 3092 θείοις
1284 3031 1553 3100 πατράσιν
1582 3033 1613 3101 ἡ
1622 3029 1756 3101 μῶν,

166 3114 291 3175 τοῖς
318 3111 392 3184 μὴ
416 3113 523 3167 ἀπὸ
554 3115 866 3186 μαθήσεως,
891 3117 1007 3170 ἀλλ’
1037 3118 1144 3171 ἀπὸ
1173 3118 1540 3191 καθαρότητος
1567 3121 1668 3192 τῆς
1690 3122 1757 3176 δι’

168 3203 398 3276 ἀρετὴν,
430 3209 510 3270 είς
556 3208 798 3277 μεγάλας
846 3209 1081 3281 θεωρίας
1123 3210 1357 3277 ἐλθοῦσι,
1405 3215 1500 3268 καὶ
1530 3220 1759 3283 γνώσεις

168 3294 454 3367 θειοτέρας
476 3297 508 3369 ἢ
545 3298 685 3353 κατά
711 3299 1016 3372 ἄνθρωπον.
1050 3304 1171 3356 Ἔτι
1198 3304 1298 3357 οὐκ
1322 3303 1387 3359 ἂν
1424 3306 1646 3380 ἁμάρτῃ
1665 3325 1759 3372 τις

166 3388 269 3441 καὶ
319 3388 449 3458 περὶ
486 3389 593 3444 τῶν
638 3390 944 3463 αίσθήσεων
973 3395 1411 3467 ἀποφηνάμενος,
1459 3400 1541 3452 ὅτι
1571 3400 1758 3453 τελευ-

165 3482 326 3531 ταῖον
355 3478 628 3551 ἀπήχημα
666 3482 767 3552 τῆς
793 3482 943 3548 θείας
974 3484 1167 3554 σοφίας
1221 3488 1360 3542 είσίν
1380 3506 1393 3519 ·
1438 3473 1621 3561 ἔχουσι
1649 3492 1759 3564 γάρ

168 3572 269 3623 καὶ
292 3564 451 3625 αὗται
494 3571 606 3636 ἕξιν
646 3572 769 3626 τινὰ
811 3575 1204 3649 ἀντιληπτικὴν
1233 3578 1343 3631 τῶν
1386 3579 1758 3653 ὑποκειμένων

170 3662 270 3715 καὶ
302 3664 630 3735 γνωστικὴν,
662 3666 712 3718 εί
750 3667 845 3720 καὶ
878 3669 1208 3739 σωματικῶν
1258 3672 1649 3745 αἰσθητηρίων,
1686 3674 1757 3727 δι’

166 3747 249 3808 ὧν
279 3755 381 3826 τῆς
412 3754 591 3827 ψυχῆς
615 3755 960 3829 παρακῦψαι,
989 3759 1279 3814 ἐνδέονται.
1320 3765 1379 3815 Oi
1401 3763 1456 3815 δὲ
1481 3763 1754 3834 δαίμονες,

166 3846 310 3901 καθὸ
349 3846 473 3901 νοῦν
502 3847 598 3901 καὶ
628 3847 783 3902 αὐτοὶ
817 3848 1050 3922 ἔχουσιν,
1074 3853 1139 3906 ὲκ
1164 3853 1267 3923 τῆς
1292 3854 1483 3924 σοφίας
1501 3854 1595 3908 τοῦ
1618 3854 1754 3909 Θεοῦ

163 3938 362 3992 τοῦτον
389 3938 711 4009 κέκτηνται·
753 3940 1116 4014 ἀλογήσαντες
1135 3943 1211 4010 δὲ,
1244 3946 1338 4000 καὶ
1371 3945 1446 4018 μὴ
1476 3946 1757 4017 μείναντες

162 4029 310 4101 ὅπερ
332 4025 497 4101 ἦσαν,
520 4029 793 4085 ἔκπτωσιν
810 4033 1002 4103 σοφίας
1028 4033 1227 4105 μᾶλλον
1254 4034 1573 4107 ὑπέμειναν.
1608 4036 1757 4106 Ἐφίε-

165 4136 292 4173 εται
320 4120 422 4191 μὲν
445 4119 555 4191 γὰρ
584 4120 645 4185 ἐξ
669 4120 895 4189 ἀλογίας
917 4124 1011 4177 καὶ
1036 4124 1177 4177 θέλει
1202 4124 1263 4178 τὸ
1284 4125 1488 4179 ἰσόθεον
1513 4128 1541 4180 ό
1567 4127 1757 4200 δαιμό-

165 4226 284 4273 νιος
313 4208 459 4275 νοῦς,
480 4211 581 4263 οὺκ
615 4207 722 4265 οἶδε
746 4212 805 4266 δὲ
829 4215 978 4278 ὅπως
1004 4214 1195 4269 τούτου
1237 4219 1421 4289 τυχεῖν
1444 4217 1669 4285 ἔνεστιν,
1693 4220 1753 4273 οὐ

165 4298 355 4369 φύσει,
374 4299 561 4354 παθὼν
574 4301 671 4373 τὴν
686 4303 925 4373 ἄγνοιαν,
944 4305 1057 4360 ἀλλ’
1075 4307 1334 4372 ἑκουσίως
1348 4308 1407 4361 τὸ
1424 4309 1575 4382 παρά
1595 4308 1755 4379 φύσιν

162 4389 327 4462 αίρού
334 4408 514 4463 μενος.
539 4393 700 4447 ’Ὥστε
717 4396 810 4449 καὶ
828 4397 951 4450 ἐπεὶ¹
964 4397 1133 4470 ἠλογη
1141 4397 1299 4471 μένος
1317 4400 1463 4453 ἐστὶν
1478 4401 1507 4453 6
1524 4400 1631 4454 τῶν
1646 4400 1757 4455 δαι-

1867 559 2015 613 muni
2066 561 2417 630 cognitione,
2472 560 2767 617 divisibilia
2828 559 3158 630 sensiliaque
3210 556 3437 616 coll‘ec'a

1865 667 2154 710 commune
2199 656 2328 721 quid
2384 653 2613 709 faciunt.
2696 653 2833 709 Nam
2871 669 2937 711 ex
2979 670 3044 709 eo
3089 656 3233 724 quod
3284 654 3437 707 multi

1864 744 2180 816 frequenter
2199 747 2265 800 ad
2298 746 2475 816 ignem
2512 745 2744 815 aliquem
2799 748 3126 803 accedentes
3184 745 3435 801 calefacti

1865 838 1992 905 sint,
2018 838 2292 893 communi
2332 838 2521 894 notitia
2554 848 2839 908 acceptum
2891 848 2992 903 est,
3017 853 3232 894 omnem
3258 839 3437 909 ignem

1864 932 2184 996 calefacere,
2218 947 2325 1003 qua
2379 932 2653 989 communi
2688 931 2881 987 notitia
2935 931 3231 986 informata
3285 948 3438 987 mens

1865 1033 2079 1089 nostra,
2096 1036 2164 1077 ex
2188 1036 2251 1077 ea
2279 1022 2556 1093 quidpiam
2584 1020 2727 1076 aliud
2750 1020 2948 1087 discit;
2974 1022 3119 1090 quod
3149 1036 3255 1076 non
3276 1021 3439 1077 habet

1864 1120 2042 1176 locum
2083 1120 2137 1176 in
2178 1120 2383 1189 angelis
2416 1141 2429 1175 :
2459 1120 2557 1176 sed
2607 1121 2674 1176 ab
2718 1120 2867 1174 omni
2906 1119 3201 1189 materiali,
3243 1121 3298 1176 id
3350 1131 3437 1176 est

1864 1216 2105 1273 sensibili
2143 1214 2501 1271 divisibilium
2553 1215 2837 1270 notionum
2894 1214 3242 1271 multitudine
3288 1216 3438 1285 puri,

1864 1312 2211 1369 uniformiter
2263 1327 2351 1367 res
2390 1310 2624 1375 divinas,
2650 1306 2940 1380 46811οη
2975 1322 3165 1364 omnes
3196 1308 3434 1377 quidem,

1863 1407 1957 1462 sed
1986 1421 2122 1477 quas
2150 1421 2245 1461 eos
2274 1418 2433 1461 nosse
2464 1402 2546 1458 ias
2574 1410 2679 1467 εει,
2709 1416 2807 1469 per
2832 1401 3075 1456 divinam
3110 1401 3439 1456 illustratio-

1865 1513 1988 1552 nem
2021 1496 2348 1568 intelligunt,
2400 1512 2507 1567 qua
2558 1493 2904 1550 illustrantur
2959 1502 3015 1547 et
3048 1496 3115 1549 ad
3165 1493 3437 1548 unitatem

1864 1589 2225 1646 informantur
2244 1609 2257 1645 :
2277 1588 2331 1645 in
2357 1591 2457 1645 hac
2476 1591 2619 1645 enim
2643 1590 2744 1644 sita
2764 1597 2844 1645 est
2861 1602 3051 1643 eorum
3072 1586 3435 1642 deiformitas.

1868 1680 1971 1736 Per
1992 1682 2134 1737 hanc
2154 1696 2372 1752 quoque
2400 1682 2642 1736 divinam
2681 1679 3004 1748 sapientiam
3045 1679 3209 1733 etiam
3243 1679 3441 1733 anima:

1866 1783 2223 1838 ratiocinandi
2246 1784 2356 1837 vim
2380 1783 2652 1839 obtinent.
2702 1782 2814 1837 Cur
2841 1791 3025 1835 autem
3076 1796 3185 1835 non
3229 1780 3438 1852 νοερόν,

1864 1890 1960 1931 seu
1979 1875 2330 1947 intelligendi,
2358 1875 2453 1931 sed
2475 1872 2713 1943 λογικόν,
2740 1872 2792 1927 id
2824 1880 2907 1926 est
2948 1871 3305 1926 ratiocinandi
3331 1870 3437 1924 vim

1864 1969 2086 2033 dixerit,
2110 1983 2178 2024 ex
2224 1967 2524 2023 abundanti
2578 1963 2926 2021 manifestum
2953 1964 3046 2030 ﬁt;
3078 1963 3259 2019 omnia
3292 1964 3439 2019 enim

1862 2076 1983 2132 qua:
2008 2060 2096 2116 hic
2121 2061 2320 2115 animae
2362 2068 2584 2127 norunt,
2620 2074 2720 2129 per
2745 2057 2896 2113 fusas
2947 2057 3187 2111 rationes
3236 2070 3299 2109 ac
3344 2054 3439 2109 de-

1863 2152 2310 2219 monstrationes,
2336 2152 2584 2222 quinimo
2608 2151 2773 2205 etiam
2798 2164 2899 2218 per
2933 2148 3272 2203 sensationes
3293 2146 3437 2200 divi-

1864 2245 2052 2302 sibiles
2086 2245 2410 2316 percipiunt.
2468 2242 2812 2299 lntellectilia
2840 2255 2971 2296 vero
3020 2244 3204 2294 anima
3247 2237 3444 2293 intelli-

1864 2337 1963 2407 git,
1992 2351 2099 2391 non
2144 2337 2197 2391 in
2246 2345 2512 2407 quantum
2542 2336 2723 2389 anima
2755 2334 3021 2388 rationem
3048 2331 3238 2395 habet,
3261 2330 3354 2385 sed
3384 2331 3438 2388 in

1864 2432 2126 2499 quantum
2164 2443 2321 2484 mens
2350 2435 2435 2483 est
2461 2442 2559 2482 seu
2617 2424 2927 2481 intellectus
2960 2441 2975 2479 :
3010 2436 3141 2479 tunc
3170 2423 3318 2478 enim
3357 2423 3442 2476 in-

1867 2519 2062 2591 telligit
2113 2534 2268 2574 mens
2319 2520 2709 2589 intelligibilia,
2740 2520 2961 2591 quando
3006 2526 3062 2573 et
3098 2517 3335 2571 animam
3386 2504 3459 2568 et

1865 2613 2216 2681 semetipsam
2248 2613 2472 2667 deserit.
2534 2610 2649 2668 Hoc
2680 2613 2957 2683 signiﬁcat
2983 2625 3200 2681 quoque
3228 2608 3441 2663 divinus

1863 2710 2153 2783 Apostolus
2199 2709 2385 2766 dicens
2416 2727 2430 2764 :
2465 2709 2726 2765 Animalis
2759 2711 2910 2765 homo
2948 2729 3050 2767 non
3071 2714 3210 2782 capit
3236 2728 3296 2765 ea
3324 2725 3444 2780 qua

1863 2812 1986 2859 sunt
2022 2804 2239 2874 spiritu:
2262 2814 2311 2858 ν.
2379 2803 2647 2859 Deﬁciunt
2688 2805 2871 2877 itaque
2927 2805 3122 2860 animae
3175 2803 3244 2858 ab
3279 2804 3443 2857 unitis

1865 2902 1971 2957 illis
2003 2911 2059 2956 et
2089 2900 2353 2972 angelicis
2384 2900 2658 2956 mentibus
2690 2900 2952 2954 varietate
2978 2907 3034 2952 et
3060 2896 3442 2951 divisibilitate

1864 2994 2169 3066 omnigenac
2194 2992 2544 3064 cognitionis.
2579 2992 2788 3048 Deinde
2814 3006 2937 3046 cum
2964 3004 3042 3045 etc
3072 2989 3441 3058 cognitiones,

1867 3099 1991 3153 quae
2022 3084 2319 3139 secundum
2352 3083 2567 3138 animas
2622 3081 2781 3148 fiunt,
2813 3083 2866 3136 in
2914 3095 3081 3135 unum
3120 3080 3437 3148 conglome—

1788 3164 1829 3222 C
1864 3185 2055 3230 rantur
2080 3175 2208 3246 (hoc
2237 3175 2385 3230 enim
2412 3184 2495 3229 est
2519 3174 2684 3229 etiam
2710 3176 3000 3229 secundum
3024 3188 3078 3227 se
3103 3180 3157 3226 et
3186 3170 3441 3226 uniuersa:

1862 3268 2356 3324 demonstrationis)
2387 3269 2586 3322 animae
2611 3280 2827 3337 quoque
2848 3264 3063 3335 angelis
3091 3265 3437 3333 tequiparan-

1861 3368 1971 3415 tur.
2017 3359 2228 3417 ldcirco
2263 3359 2548 3415 considera
2577 3359 2743 3418 etiam
2770 3367 2830 3412 ut
2878 3356 3061 3424 unite,
3111 3363 3170 3409 ut
3210 3355 3282 3409 ita
3318 3354 3442 3423 quis

1861 3450 2083 3518 dixerit,
2110 3450 2460 3521 intelligant:
2493 3450 2712 3519 quando
2751 3448 3003 3503 videlicet
3048 3445 3182 3499 alias
3211 3460 3316 3499 non
3345 3459 3442 3514 per

1860 3542 2150 3609 rationem,
2192 3542 2287 3598 sed
2309 3557 2409 3613 per
2435 3543 2661 3597 arduum
2692 3541 2989 3610 virtutique
3008 3552 3305 3608 congruum
3328 3535 3433 3589 ha-

1861 3634 2056 3702 biturn,
2101 3636 2248 3706 quod
2276 3637 2463 3707 utique
2487 3633 2836 3707 praestantius
2883 3642 2988 3697 est,
3021 3632 3084 3685 ad
3114 3629 3441 3701 cognitionis

1860 3728 2128 3785 unitatem
2154 3727 2499 3799 pertingunt;
2551 3726 2697 3782 sicut
2724 3725 2911 3778 videre
2958 3722 3172 3777 licetin
3217 3721 3433 3789 magnis

1860 3835 1926 3876 ac
1960 3821 2158 3876 divinis
2215 3817 2468 3875 Patribus
2525 3818 2751 3882 nostris,
2798 3816 2892 3888 qui
2955 3831 3063 3870 non
3103 3813 3431 3878 eruditione,

1859 3913 1957 3968 sed
1988 3914 2247 3983 puritate,
2280 3925 2379 3982 per
2417 3912 2678 3966 virtutem
2730 3909 2799 3963 ad
2832 3922 3059 3977 magnas
3104 3905 3439 3975 contempla-

1859 4007 2035 4063 tiones
2080 4005 2502 4074 divinioresque,
2549 4017 2669 4072 qua:
2704 4003 2999 4057 humanum
3034 4009 3248 4070 captum
3272 4014 3437 4068 supe-

1856 4110 2000 4164 rent,
2028 4098 2364 4171 cognitiones
2406 4103 2791 4167 pervenerunt.
2834 4095 2918 4149 Ad
2947 4093 3061 4147 haee
3090 4105 3431 4159 nequaquam

1859 4172 2165 4258 aberrabit,
2185 4189 2279 4259 qui
2309 4203 2506 4245 sensus
2529 4203 2745 4259 quoque
2773 4188 2923 4258 ipsos
2943 4193 3251 4239 extremum
3272 4181 3435 4251 quasi

1858 4288 2146 4357 quamdam
2172 4284 2365 4340 divinae
2402 4282 2680 4353 sapientia
2707 4278 3076 4336 resonantiam
3105 4274 3427 4344 appellarit:

1857 4394 1983 4434 nam
2007 4388 2061 4434 et
2088 4378 2190 4449 ipsi
2216 4377 2416 4432 habent
2435 4374 2680 4429 habitum
2708 4371 3020 4441 quemdam,
3043 4382 3149 4438 quo
3183 4365 3274 4421 illa
3312 4379 3434 4435 quae

167 4481 375 4553 μονίων
393 4484 535 4548 νοῦς,
558 4486 617 4540 οὐ
637 4489 818 4557 σοφὸς,
836 4488 971 4542 ἀλλά
994 4467 1184 4560 σοφίας
1199 4490 1572 4557 ἐκπεπτωκὼς
1598 4494 1758 4565 ῥηθή-

1863 4474 1930 4530 iis
1960 4472 2327 4544 subjiciuntitr
2348 4469 2620 4539 recipiant
2640 4474 2696 4522 et
2721 4467 3078 4535 cognoscant,
3113 4473 3430 4529 quanquam

165 4594 346 4632 σεται.
392 4576 528 4631 Ἀλλ’
548 4578 630 4633 ὅτι
662 4578 819 4652 μὲνὴ
848 4580 967 4635 θεία
997 4582 1158 4653 σοφία
1190 4583 1391 4647 παντὸς
1423 4584 1517 4639 νοῦ
1553 4587 1647 4639 καὶ
1668 4585 1755 4639 λό-

159 4688 289 4740 γου,
318 4668 414 4724 καὶ
455 4669 634 4742 πάσης
658 4672 963 4745 αἰσθήσεως
987 4673 1279 4739 ὑποστάτις
1301 4676 1419 4729 ἐστὶ
1473 4677 1569 4730 καὶ
1610 4676 1756 4731 αίτία

156 4765 419 4837 εἴρηται,
465 4763 584 4829 πῶς
623 4765 680 4820 δὲ
705 4766 869 4832 αὐτὸς
914 4767 943 4820 6
985 4767 1294 4838 ὑπέρσοφος
1346 4769 1478 4836 Θεὸς
1531 4775 1642 4825 νοεῖ
1684 4771 1754 4825 τά

168 4856 354 4928 νοητὰ,
382 4856 418 4929 ἢ
443 4855 514 4910 τά
543 4857 777 4931 αίσθητά
799 4899 815 4925 ,
846 4859 981 4932 μηδὲ
1024 4860 1217 4935 νοεράς
1263 4861 1401 4934 ἔχων
1447 4865 1751 4936 ἐνεργείας,

167 4951 262 5005 ιιαὶ
291 4948 475 5021 πάσης
505 4950 809 5034 αἰσθήσεως
837 4954 1295 5027 ὑπεριδρυμένος;
1317 4956 1511 5009 Καίτοι
1532 4957 1663 5026 φασὶ
1682 4958 1751 5013 τὰ

162 5040 288 5095 θεῖα
322 5042 420 5096 καὶ
446 5042 567 5115 ἱερά
593 5046 903 5115 Εὐαγγέλια
925 5087 940 5111 ,
968 5047 1147 5115 Κύριε
1165 5086 1180 5113 ,
1220 5046 1301 5102 σὺ
1326 5047 1523 5103 πάντα
1561 5048 1748 5116 οἶδας.

174 5133 401 5206 Ῥητέον
423 5131 538 5201 οῦν,
561 5137 699 5210 ὅπερ
730 5136 866 5210 ἔφην
888 5137 1164 5204 πολλάκις,
1188 5139 1270 5194 ὅτι
1292 5139 1360 5193 τὰ
1386 5138 1527 5194 κατὰ
1554 5140 1753 5213 στέρη-

162 5243 250 5281 σιν
270 5226 541 5301 λεγόμενα
562 5231 654 5284 ἐπὶ
693 5231 852 5296 Θεοῦ,
909 5234 1003 5287 καὶ
1052 5233 1121 5287 τὰ
1163 5234 1384 5288 ἐναντία
1409 5233 1751 5307 ὑπεροχικῶς

161 5316 437 5383 νοοῦνται,
462 5320 523 5372 τὸ
555 5318 767 5389 ἄλογον,
799 5320 860 5375 τὸ
894 5321 1076 5388 ἄνουν,
1105 5320 1167 5375 τὸ
1191 5322 1399 5391 ἀναφὲς
1418 5362 1433 5387 ,
1484 5321 1545 5375 τὸ
1584 5319 1751 5391 ἀόρα-

159 5429 295 5476 τον,
344 5410 489 5465 ὥστε
538 5414 568 5466 ό
618 5411 761 5478 θεῖος
815 5412 942 5479 νοῦς
971 5413 1154 5469 πάντα
1193 5414 1429 5486 συνέχει,
1458 5412 1603 5467 κατά
1627 5428 1751 5465 τινα

160 5502 514 5576 ἐξῃρημένην
547 5503 749 5573 γνῶσιν
780 5504 1123 5578 προειληφὼς
1155 5507 1253 5579 τὴν
1280 5508 1497 5561 πάντων
1524 5505 1749 5577 εἴδησιν,

156 5595 241 5662 ὡς
272 5596 446 5661 αἴτιος
469 5597 706 5663 πάντων,
739 5600 834 5654 καὶ
864 5601 1040 5657 πάντα
1068 5600 1223 5666 εἰδὼς
1254 5599 1485 5667 ἔνδοθεν,
1526 5598 1620 5656 καὶ
1644 5599 1745 5653 οὐκ

249 5788 278 5821 ν
312 5780 331 5839 l
364 5779 492 5839 Cor.
532 5795 593 5855 ιι,
631 5783 721 5842 ﬂ.

1860 4566 2141 4637 corporeis
2172 4564 2552 4620 instrumentis
2581 4558 2858 4617 sensitivis
2894 4571 3031 4625 opus
3060 4556 3315 4619 habeant,
3337 4569 3433 4622 per

1860 4676 1978 4731 qua:
2023 4660 2203 4714 anima
2230 4656 2542 4729 prospiciat.
2591 4656 2875 4709 Daemones
2895 4664 3048 4713 vero,
3077 4647 3131 4701 in
3162 4656 3427 4717 quantum

1856 4763 1913 4809 ει
1943 4751 2047 4822 ipsi
2097 4760 2332 4805 mentem
2368 4749 2685 4813 habent,ex
2725 4744 2911 4799 divina
2968 4740 3235 4811 sapientia
3287 4754 3434 4793 eam-

1858 4852 1978 4907 dem
2011 4852 2431 4917 compararunt;
2474 4858 2502 4897 a
2536 4841 2747 4895 ratione
2776 4848 2957 4895 autem
3021 4835 3222 4900 aversi,
3257 4848 3436 4902 neque

1857 4944 1912 4999 id
1959 4941 2104 5013 quod
2153 4948 2312 4994 erant
2372 4944 2777 5008 permanentes,
2805 4926 3211 5003 prolapsionem
3277 4941 3308 4981 a
3338 4942 3432 4979 sa-

1853 5033 2059 5106 pientia
2091 5032 2270 5104 potius
2295 5030 2687 5085 sustinuerunt.
2729 5024 3010 5096 Siquidem
3050 5036 3202 5075 mens
3227 5018 3432 5073 daemo-

1852 5126 2008 5181 niaca
2046 5138 2115 5180 ex
2166 5121 2579 5180 irrationalitate
2631 5118 2802 5175 ambit
2862 5120 2917 5170 ει
2978 5113 3195 5170 aﬂ'ectat
3250 5125 3433 5178 acqua-

1851 5221 2062 5276 litatem
2117 5216 2242 5281 Dei,
2295 5214 2392 5272 sed
2457 5212 2633 5269 nescit
2683 5208 2955 5282 quomodo
3023 5222 3142 5261 eam
3206 5201 3428 5271 assequi

1856 5311 2062 5383 possit;
2092 5324 2198 5365 non
2229 5307 2377 5379 quod
2416 5314 2611 5360 natura
2652 5303 2907 5374 ignorans
2946 5298 3037 5361 sit,
3082 5296 3177 5351 sed
3231 5291 3429 5347 volun~

1862 5404 2000 5461 tarie
2036 5404 2088 5458 id
2141 5402 2286 5473 quod
2328 5408 2518 5456 contra
2551 5403 2818 5466 “,naturam
2861 5401 2947 5449 est
2989 5390 3177 5459 eligat.
3253 5385 3426 5448 (inde,

1858 5498 1912 5553 in
1962 5505 2224 5567 quantum
2268 5507 2423 5549 mens
2477 5490 2785 5545 daamonum
2845 5502 2876 5541 a
2936 5482 3149 5538 ratione
3206 5476 3421 5540 deficit,

1852 5604 2195 5663 nequaquam
2233 5588 2453 5660 sapiens
2476 5627 2493 5656 ,
2545 5585 2644 5642 scd
2684 5599 2714 5639 a
2754 5579 3018 5654 sapientia
3044 5572 3310 5633 defecisse
3343 5569 3431 5625 di-
