3866 6234
345 5705 374 5744 ,δ

401 343 511 402 883

1570 346 1627 402 s.
1671 343 1970 402 DIONYSII
2005 296 2466 399 summatm

3544 343 3662 398 884

401 468 578 515 cetur.
611 454 777 530 539
803 459 910 514 Sed
945 459 1200 529 quoniam
1237 460 1421 516 divina
1462 458 1740 530 Sapientia
1785 462 1961 516 omnis

2074 459 2121 524 ἐξ
2145 457 2326 521 ἄλλου,
2355 458 2387 528 ἢ
2417 457 2505 511 διὰ
2529 473 2672 521 τινος
2699 457 2861 528 ἄλλης
2885 457 3337 530 προϋπαρχούσης
3354 458 3656 526 γνώσεως*

399 549 603 606 mentis
631 559 687 605 et
719 551 946 607 rationis
972 551 1260 622 omnisque
1288 568 1483 609 sensus
1505 553 1748 609 eﬂ‘eetrix
1781 563 1835 609 et
1856 561 1962 621 est,

398 648 457 694 et
484 655 650 696 causa
681 642 902 707 dicitur,
931 643 1202 713 quomodo
1229 645 1456 713 ipsemet
1493 660 1822 716 supraquam
1871 660 1963 700 sa-

400 733 562 803 piens
597 734 740 790 Deus
771 735 1026 805 intelligit
1077 735 1438 807 intelligibilia
1491 737 1806 802 sensiliave,
1841 751 1965 794 cum

400 839 583 896 neque
621 825 985 896 intelligentes
1022 827 1222 884 habeat
1256 830 1604 900 operationes
1633 870 1648 892 .
1691 841 1747 886 et
1798 845 1963 900 supra

399 931 621 972 omnem
656 932 873 973 sensum
905 919 976 973 sit
999 919 1345 975 collocatus?
1371 923 1627 977 Attamen
1653 922 1837 976 divina
1863 937 1960 977 sa-

402 1021 602 1077 craque
623 1006 912 1078 Evangelia
942 1008 1161 1064 dicunt:
1189 1009 1427 1077 Domine,
1451 1021 1508 1064 tu
1528 1013 1704 1066 omnia
1735 1013 1870 1066 nosti
1891 1013 1962 1065 ν’.

403 1098 702 1154 Dicendum
728 1100 933 1169 itaque,
971 1100 1114 1170 quod
1145 1100 1253 1155 dixi
1281 1103 1497 1170 sapius,
1548 1102 1690 1172 quod
1718 1117 1840 1172 quae
1868 1117 1966 1173 per

398 1191 764 1261 privationem
796 1194 862 1248 de
891 1191 1001 1247 Deo
1030 1194 1311 1259 dicuntur,
1333 1203 1388 1249 et
1411 1197 1710 1260 contraria,
1741 1209 1838 1264 per
1870 1209 1966 1249 ex-

399 1282 708 1338 cellentiam
733 1283 1126 1355 intelligantur,
1162 1295 1222 1340 ut
1253 1287 1587 1352 irrationale,
1637 1302 1847 1352 amens,
1881 1287 1966 1341 in-

400 1374 608 1441 tactile,
642 1375 933 1444 invisibile,
977 1377 1052 1432 ita
1086 1386 1144 1432 ut
1169 1379 1353 1433 divina
1397 1394 1551 1434 mens
1572 1380 1752 1434 omnia
1788 1381 1964 1435 conti-

399 1476 552 1532 neat,
585 1467 883 1522 secundum
914 1469 1246 1526 eminentem
1274 1471 1566 1541 quamdam
1595 1472 1964 1541 cognitionem

399 1558 648 1615 omnium
675 1561 926 1616 notitiam
958 1561 1326 1632 anticipando,
1361 1573 1619 1634 tanquam
1649 1579 1814 1619 causa
1847 1579 1966 1620 om-

399 1650 553 1704 nium
577 1651 877 1721 omniaque
907 1652 1214 1710 intrinsece
1241 1669 1497 1721 noscens,
1523 1666 1577 1711 et
1601 1671 1706 1710 non
1740 1671 1806 1711 ex
1835 1655 1962 1722 alio,

401 1757 581 1813 neque
605 1757 706 1813 per
747 1745 982 1815 aliquam
1011 1747 1175 1801 aliam
1203 1749 1674 1818 praeexsistentem
1699 1748 1967 1819 cognitio-

401 1850 560 1900 nem;
591 1836 734 1891 etab
758 1814 876 1908 ipso
903 1837 1057 1892 initio
1083 1814 1339 1902 noscens,
1374 1854 1482 1894 non
1501 1840 1568 1894 ab
1597 1839 1752 1894 initio
1771 1814 1968 1894 rerum
2001 1814 2044 1868 Β

400 1927 810 1996 productarum,
841 1929 935 1984 sed
986 1931 1056 1985 ab
1093 1931 1388 1986 universali
1435 1931 1593 1986 initio
1645 1931 1790 1996 Deo;
1823 1929 1969 2000 quod

400 2035 524 2075 cum
554 2035 662 2075 non
695 2022 833 2077 satis
863 2025 1150 2078 commode
1176 2022 1228 2077 in
1259 2025 1366 2078 Deo
1393 2023 1566 2093 accipi
1605 2026 1777 2093 possit
1807 2023 1968 2093 (quo-

401 2111 552 2166 niam
581 2110 725 2166 Deus
748 2111 866 2167 sine
896 2111 1054 2166 initio
1089 2121 1197 2176 est,
1239 2121 1294 2165 et
1322 2111 1610 2180 plusquam
1636 2112 1754 2166 sine
1783 2110 1966 2181 initio)

403 2203 650 2260 correxit
677 2203 809 2258 illud
844 2203 1124 2258 addendo:
1155 2202 1224 2258 Ut
1255 2203 1329 2257 ita
1356 2203 1554 2258 dicam.
1589 2202 1757 2258 Recte
1804 2203 1971 2272 igitur

403 2297 570 2351 etiam
605 2310 836 2366 magnus
864 2294 1098 2350 Basilius
1134 2295 1232 2361 ait,
1257 2296 1503 2364 quadam
1543 2309 1668 2350 esse
1705 2310 1825 2364 quae
1847 2294 1970 2364 qui-

402 2387 525 2442 dem
549 2387 818 2457 principio
849 2395 1062 2450 carent,
1096 2387 1189 2441 sed
1220 2386 1383 2441 ﬁnem
1420 2385 1640 2452 habent,
1681 2396 1740 2440 ut
1777 2386 1972 2440 divina:

403 2479 513 2534 illa:
539 2479 834 2534 ereationis
864 2479 1222 2550 cogitationes
1244 2497 1257 2545 ;
1278 2479 1346 2534 ab
1376 2478 1532 2533 initio
1573 2479 1742 2543 enim,
1798 2488 1857 2533 ut
1893 2479 1969 2533 ita

405 2570 610 2633 dicam,
638 2573 780 2639 apud
813 2570 1125 2626 Creatorem
1156 2571 1312 2627 fuere
1363 2573 1602 2626 rationes
1648 2572 1968 2627 creationis.

401 2659 538 2717 Nam
586 2662 790 2717 idcirco
832 2662 1032 2716 dicitur
1067 2680 1079 2715 :
1120 2662 1222 2727 Qui
1257 2663 1393 2716 nosti
1441 2664 1617 2716 omnia
1665 2665 1970 2732 priusquam

401 2753 535 2822 ﬁant
553 2757 662 2818 "';
691 2768 920 2822 quorum
943 2753 1205 2820 originem
1231 2754 1396 2814 novit,
1429 2769 1533 2806 non
1558 2752 1696 2820 quod
1720 2767 1784 2806 ex
1813 2753 1876 2806 iis
1894 2752 1973 2805 di-

405 2852 528 2896 scat
553 2844 737 2912 qualia
764 2845 894 2908 sint,
933 2844 1008 2897 uti
1043 2845 1346 2898 declaravit
1375 2843 1595 2898 dicens:
1641 2843 1756 2897 Non
1787 2859 1850 2897 ex
1887 2857 1972 2896 re-

401 2932 506 2988 bus
532 2934 666 3002 ipsis
694 2950 782 2990 res
811 2936 1048 2999 discens,
1081 2953 1256 3005 neque
1285 2937 1513 3007 singulis
1543 2938 1840 2991 secundum
1871 2952 1970 2990 cu-

399 3038 598 3096 jusque
625 3027 864 3096 speciem
917 3027 1246 3092 intendens,
1307 3031 1402 3081 sed
1447 3038 1703 3096 tanquam
1755 3037 1971 3081 creator

2069 551 2160 604 καὶ
2190 551 2284 604 ἀπ’
2313 549 2484 620 αὐτῆς
2517 548 2618 619 τῆς
2644 550 2819 622 ἀρχῆς
2847 550 3005 615 εἰδὼς
3024 591 3038 616 ,
3067 553 3125 605 οὐ
3170 551 3269 621 τῆς
3305 551 3481 623 ἀρχῆς
3540 552 3667 603 τῶν

2070 643 2479 715 παραχθέντων,
2504 641 2637 695 ἀλλὰ
2660 643 2758 714 τῆς
2785 643 3078 714 ωθολικῆς
3112 644 3285 716 ἀρχῆς
3322 644 3417 697 τοῦ
3455 643 3618 696 Θεοῦ
3645 661 3662 673 ·

2067 736 2225 806 ὅπερ,
2270 735 2393 789 ἐπεὶ
2427 737 2527 788 οὐκ
2583 736 2779 805 εὐαγές
2824 738 2938 789 ἐστι
2995 737 3291 808 λαμϐάνειν
3331 738 3426 790 ἐπὶ
3481 737 3662 798 Θεοῦ,

2069 826 2332 898 (ἄναρχος
2359 826 2466 898 γὰρ
2497 827 2591 880 καὶ
2621 827 2996 900 ὑπεράναρχος
3022 829 3050 880 ὁ
3083 828 3257 900 Θεός.)
3294 829 3527 882 ἐκόλασε
3569 828 3666 881 διὰ

2065 918 2182 983 τοῦ,
2209 917 2500 972 Ἵνέῑπω.
2535 918 2729 982 Καλῶς
2775 918 2904 987 γοῦν
2934 921 3028 974 καὶ
3065 921 3094 972 ὁ
3143 921 3315 991 μέγας
3365 921 3667 983 Bas-ﬂata;

2067 1008 2295 1079 τίθησιν,
2321 1010 2402 1062 ὅτι
2419 1010 2523 1062 είσί
2542 1027 2682 1074 τινα,
2702 1009 2911 1081 ἄναρχα
2931 1011 3050 1080 μὲν,
3069 1010 3321 1083 τελευτὴν
3343 1011 3400 1063 δὲ
3426 1011 3664 1081 ἔχοντα,

2067 1099 2237 1167 λέγων
2261 1097 2359 1161 τὰς
2385 1097 2532 1162 θείας
2553 1099 2654 1169 τῆς
2678 1099 3036 1170 δημιουργίας
3059 1101 3270 1170 νοήσεις
3288 1116 3303 1130 ·
3335 1101 3432 1152 ἀπ’
3462 1100 3667 1170 ἀρχῆς

2067 1190 2195 1260 γὰρ,
2219 1189 2284 1240 ἵν’
2316 1188 2487 1252 οὕτως
2514 1188 2684 1252 εἴπω,
2739 1187 2886 1260 παρὰ
2923 1187 3000 1258 τῷ
3029 1186 3340 1259 δημιουργῷ
3386 1189 3436 1240 οἱ
3492 1188 3666 1254 λόγοι

2066 1281 2166 1350 τῆς
2189 1281 2436 1344 κτίσεως.
2465 1278 2564 1334 Διὰ
2586 1280 2744 1333 τοῦτο
2768 1281 2875 1351 γὰρ
2901 1281 3115 1348 λέγεται
3143 1281 3236 1333 καὶ
3255 1279 3332 1332 τόο
3390 1279 3450 1331 '0
3471 1277 3671 1342 εἰδὼς

2068 1370 2261 1423 πάντα
2276 1371 2416 1440 πρὶν
2430 1371 2718 1440 γενέσεως
2735 1370 2932 1424 αὐτῶν
2946 1388 2958 1400 ·
2987 1363 3061 1424 ὧν
3073 1370 3169 1440 τὴν
3193 1369 3427 1438 γένεσιν,
3454 1371 3568 1421 οὐκ
3597 1370 3668 1420 ὲκ

2067 1461 2160 1515 τοῦ
2183 1461 2618 1532 καταμανθάνειν
2641 1461 2780 1514 αὐτὰ
2805 1463 2962 1516 ὁποῖά
2987 1463 3108 1515 τινά
3131 1463 3267 1514 εἰσιν
3297 1460 3409 1531 ἔχει
3427 1477 3441 1489 ·
3488 1459 3670 1512 τοῦτο

2067 1554 2175 1624 γὰρ
2189 1554 2474 1625 ἐδήλωσεν,
2489 1553 2676 1618 εἰπών,
2699 1556 2807 1609 οὐκ
2823 1554 2890 1607 ἐκ
2912 1551 3028 1607 τῶν
3039 1553 3228 1607 ὄντων
3243 1553 3313 1606 τὰ
3335 1553 3480 1604 ὄντα
3498 1568 3670 1619 μαν-

2068 1645 2282 1710 θάνων,
2299 1645 2492 1710 καὶτὸ,
2518 1646 2589 1700 οὐ
2619 1645 2742 1699 κατ’
2777 1645 2942 1699 ιδέαν
2977 1643 3255 1710 ἑκάστοις
3284 1644 3664 1708 ἐπιϐάλλων,

2068 1737 2180 1790 ἀλλ’
2199 1737 2274 1802 ὡς
2299 1737 2524 1809 ποιητὴς
2550 1737 2752 1791 τούτων
2776 1737 2871 1808 τὴν
2887 1737 3089 1808 εἴδησιν
3109 1735 3217 1789 τῶν
3239 1736 3452 1790 οἰκείων
3467 1736 3669 1807 ἔργων

2074 1830 2316 1902 προέχει,
2348 1829 2503 1894 είδὼς
2527 1831 2673 1894 ὅπως
2696 1829 2835 1882 αὐτὰ
2871 1830 2965 1882 καὶ
2998 1830 3088 1897 ὲφῖ
3117 1825 3198 1892 οἷς
3234 1828 3466 1899 παράξει
3515 1829 3667 1898 πρὸς

2074 1922 2302 1988 γένεσιν.
2353 1915 2451 1974 Ὦν
2493 1923 2526 1991 ἠ
2563 1920 2887 1992 παρατροπὴ
2910 1922 3060 1992 καὶὴ
3100 1920 3334 1990 ἔλλειψις
3357 1961 3372 1984 ,
3421 1920 3603 1989 ἤγουν
3629 1924 3665 1991 ἡ

2073 2012 2339 2082 ἀποτυχία
2367 2013 2459 2065 καὶ¹
2485 2014 2517 2083 ἡ
2545 2011 2834 2082 ἀδυναμία,
2858 2013 2918 2065 τὸ
2940 2012 3107 2066 κακὸν
3131 2013 3358 2079 εἰσάγει,
3403 2015 3468 2081 τῇ
3531 2029 3666 2064 στε-

2077 2104 2341 2175 ρήσεις-οὗ
2361 2104 2499 2158 κατὰ
2527 2105 2687 2174 φύσιν
2727 2103 2785 2157 τὸ
2827 2104 2977 2176 παρὰ
3024 2104 3183 2174 φύσιν
3223 2103 3471 2158 ποιοῦσα.
3509 2103 3667 2174 Πρὸς

2071 2198 2234 2252 τοῦτο
2256 2197 2363 2269 γὰρ
2395 2199 2454 2250 τὸ
2490 2197 2586 2251 τοῦ
2619 2197 2796 2266 φωτὸς
2839 2198 3161 2268 παρήγαγεν
3203 2197 3513 2266 ὑπόδειγμα
3541 2213 3556 2224 ·
3596 2198 3666 2265 τῇ

2072 2289 2182 2360 γὰρ
2214 2289 2402 2342 τούτου
2434 2290 2688 2359 στερήσει
2732 2287 2792 2340 τὸ
2820 2287 3008 2350 σκότος
3057 2287 3462 2355 παρυφίσταται
3491 2325 3512 2350 ,
3567 2287 3670 2339 καὶ

2073 2381 2251 2434 αἰτίαν
2279 2379 2388 2449 ἔχει
2409 2379 2506 2450 τὴν
2535 2378 2801 2431 ἀπουσίαν
2823 2378 2920 2448 τῆς
2951 2377 3042 2430 τοῦ
3071 2378 3247 2447 φωτὸς
3275 2377 3517 2446 φύσεως,
3557 2378 3670 2431 ὦσ-

2074 2489 2179 2544 περ
2213 2471 2435 2526 καὶτῶν
2476 2472 2782 2541 στερήσεων
2819 2473 2876 2524 ai
2926 2470 3064 2537 ἕξεις
3109 2469 3476 2541 ἀρχικώτεραι
3526 2489 3670 2540 τυγ-

2074 2571 2311 2641 χάνουσι,
2329 2572 2441 2635 καὶ,
2470 2571 2545 2634 ὡς
2576 2570 2640 2623 ἄν
2674 2587 2758 2632 τις
2795 2568 2957 2632 εἴποι,
2984 2566 3170 2622 αἰτίαι.
3197 2566 3404 2637 Μηδεὶς
3433 2564 3576 2633 γοῦν
3599 2567 3670 2617 ὲκ

2071 2667 2274 2720 τούτων
2307 2668 2438 2737 πρὸς
2475 2667 2702 2730 ἀτόπους
2730 2665 3015 2733 ὲπαγέσθω
3042 2664 3266 2726 ἐννοίας,
3291 2662 3432 2714 ὥστε
3470 2661 3670 2728 λέγειν

2074 2762 2300 2815 καὶτῶν
2335 2762 2521 2816 κακῶν
2556 2763 2614 2815 ὲν
2665 2758 2842 2828 ἐαυτῷ
2895 2758 3011 2810 κατ’
3037 2756 3214 2810 αἰτίαν
3261 2756 3520 2825 προέχειν
3571 2755 3669 2805 τὸν

2072 2856 2224 2919 Θεὸν,
2250 2856 2414 2926 ἤγουν
2433 2854 2608 2908 αἴτιον
2634 2854 2809 2908 αὐτῶν
2833 2855 2894 2904 ἐκ
2925 2850 3113 2903 τούτου
3140 2848 3463 2916 συνάγεσθαι
3491 2848 3670 2899 αὐτὸν

2073 2945 2212 3002 εἶναι
2232 2966 2243 2977 ·
2271 2948 2368 3018 ἤδη
2410 2947 2518 3017 γὰρ
2547 2946 2710 3010 ἔδειξε
2745 2947 2878 3016 μήτε
2909 2944 2988 3007 ὃν,
3021 2945 3152 3013 μήτε
3179 2943 3237 2994 ἐν
3274 2942 3384 3002 τοῖς
3424 2935 3553 2991 οὖσι
3605 2941 3671 2991 τὸ

2075 3041 2259 3094 κακόν.
2286 3039 2455 3092 Τοῦτο
2507 3039 2561 3091 δὲ
2607 3038 2754 3110 δηλοῖ
2785 3039 2878 3089 καὶ
2921 3037 2980 3088 τὸ
3023 3035 3390 3105 παράδειγμα.
3440 3032 3669 3101 Ὥσπερ

403 3134 624 3173 suorum
702 3133 929 3190 Operum
989 3119 1266 3189 prmhabct
1321 3120 1725 3189 cognitionem,
1791 3119 1969 3172 sciens

2074 3134 2182 3204 γὰρ
2213 3132 2346 3196 εἴτις
2375 3131 2627 3183 ὑπόθοιτο
2651 3130 2712 3182 τὸ
2748 3128 2861 3197 φῶς
2910 3126 3063 3180 τοῦτο
3112 3126 3172 3177 τὸ
3217 3123 3410 3194 ὁρατὸν
3443 3121 3667 3173 ιὲννουν

402 3212 625 3280 quando
653 3222 707 3267 et
731 3213 931 3281 quibus
958 3213 1132 3267 modis
1161 3213 1251 3265 illa
1287 3213 1358 3267 sit
1385 3213 1778 3280 producturus.
1828 3211 1970 3277 Quo-

404 3318 528 3357 rum
553 3306 832 3373 perversio
859 3314 914 3356 et
938 3303 1189 3368 defectio,
1227 3305 1344 3358 sive
1396 3304 1679 3356 frustratio
1705 3312 1758 3356 et
1798 3304 1972 3370 impo-

405 3395 607 3460 tentia,
638 3396 837 3452 malum
888 3396 1212 3460 introducit,
1243 3397 1545 3466 privatione
1572 3397 1687 3464 ejus
1710 3399 1852 3464 quod
1887 3413 1972 3451 se-

405 3497 646 3550 cundum
680 3508 931 3550 naturam
964 3506 1071 3559 est,
1102 3497 1152 3549 id
1191 3497 1334 3562 quod
1371 3506 1559 3550 contra
1612 3507 1862 3550 naturam
1893 3506 1976 3550 est

404 3591 782 3648 introducens.
808 3590 887 3644 Ad
914 3591 1015 3644 hoc
1053 3594 1198 3645 enim
1227 3590 1361 3644 lucis
1407 3589 1714 3658 exemplum
1769 3590 1968 3652 attulit;

407 3700 533 3737 nam
559 3681 717 3750 hujus
754 3683 1060 3751 privatione
1087 3683 1322 3737 lenebrm
1345 3683 1639 3746 exsistunt,
1664 3692 1717 3734 et
1749 3696 1972 3735 causam

405 3775 611 3829 habent
633 3773 933 3829 absentiam
967 3785 1177 3829 natura:
1203 3776 1362 3837 lucis.
1391 3776 1530 3829 sicut
1567 3775 1730 3828 etiam
1758 3773 1972 3827 habitus

405 3866 829 3936 principaliores
858 3881 983 3919 sunt
1020 3867 1438 3935 privationibus,
1492 3875 1584 3928 et,
1637 3876 1697 3919 ut
1747 3866 1818 3919 ita
1853 3866 1974 3934 quis

406 3958 575 4025 dicat,
604 3973 800 4013 causai.
844 3957 1012 4012 Nemo
1037 3960 1218 4028 itaque
1261 3975 1324 4013 ex
1357 3959 1439 4013 his
1471 3960 1537 4012 ad
1571 3967 1678 4010 tam
1710 3959 1975 4012 absurdus

407 4051 711 4104 sententias
734 4048 1053 4114 abducatur,
1095 4049 1359 4112 utdicat,
1388 4050 1553 4102 etiam
1608 4048 1870 4102 malorum
1922 4049 1974 4102 in

407 4141 590 4209 seipse
612 4154 833 4194 causam
869 4140 1070 4194 habere
1094 4139 1284 4206 Deum,
1314 4139 1427 4192 sive
1453 4139 1625 4206 ipsum
1678 4154 1798 4193 esse
1848 4153 1977 4192 cau-

406 4248 526 4288 sam
555 4249 654 4289 cur
679 4235 794 4288 haec
816 4229 1350 4303 producantur;jam
1387 4231 1596 4300 pridem
1617 4233 1765 4286 enim
1795 4241 1976 4286 osten-

409 4335 508 4400 dit,
539 4349 715 4404 neque
741 4348 840 4388 ens
863 4372 879 4398 ,
907 4346 1081 4400 neque
1133 4331 1186 4384 in
1245 4333 1406 4387 rebus
1441 4346 1564 4386 esse
1596 4332 1820 4386 malum.
1863 4329 1977 4385 [loc

408 4441 540 4482 vero
563 4429 730 4483 etiam
762 4427 1009 4481 declarat
1047 4425 1376 4497 exemplum.
1405 4425 1560 4480 Sicut
1589 4426 1734 4480 enim
1776 4426 1821 4479 si
1854 4427 1976 4494 quis

2075 3220 2210 3276 εἶναι
2232 3225 2323 3274 καὶ
2345 3221 2580 3288 λογικὸν,
2609 3216 2722 3271 εἶτα
2755 3217 3053 3287 πυθοίμεθα
3076 3214 3260 3276 αὐτοῦ,
3301 3216 3347 3265 εἰ
3386 3212 3664 3280 γινώσκει

2073 3318 2132 3369 τὸ
2157 3317 2365 3379 σκότος,
2405 3316 2465 3368 τὸ
2485 3315 2540 3367 δὲ
2569 3313 2710 3366 εἴποι
2733 3309 3020 3379 γινώσκειν
3044 3309 3136 3360 καὶ
3167 3307 3296 3377 πρὶν
3325 3306 3559 3375 γένηται
3604 3305 3667 3356 τὸ

2077 3410 2261 3472 σκότος
2282 3426 2293 3437 '
2320 3407 2604 3474 γινώσκειν
2629 3407 2684 3458 δὲ
2712 3405 2769 3456 οὑ
2798 3403 2937 3455 κατὰ
2959 3417 3078 3454 τινα
3109 3403 3321 3469 πεῖραν,
3369 3396 3514 3467 (πῶς
3548 3397 3666 3467 γὰρ

2076 3502 2174 3554 ἴδοι
2199 3502 2385 3563 σκότος
2405 3501 2461 3552 τὸ
2489 3499 2637 3567 mag;
2672 3501 2718 3550 εί
2737 3497 2844 3566 γὰρ
2881 3494 2995 3562 φῶς
3015 3535 3029 3556 ,
3072 3493 3171 3545 οὐκ
3202 3492 3353 3544 ἔσται
3398 3491 3600 3552 σκότος
3623 3491 3665 3558 ³)

2076 3596 2211 3649 ἀλλὰ
2235 3593 2524 3663 γινώσκειν
2550 3591 2692 3643 εἴποι
2734 3591 2792 3642 τὸ
2826 3589 3011 3649 σκότος
3060 3585 3195 3639 καθὸ
3234 3584 3378 3652 φῶς-
3436 3582 3518 3634 διὸ
3567 3583 3667 3633 καὶ

2075 3685 2236 3749 οἶδεν,
2262 3688 2362 3748 ὅτι,
2390 3685 2483 3737 ἐὰν
2511 3682 2760 3754 συστείλῃ
2782 3682 2840 3733 τὸ
2861 3683 3056 3732 οἰκεῖον
3080 3679 3214 3747 φῶς,
3239 3677 3411 3739 οὐδεὶς
3435 3675 3663 3742 ὄψεται.

2077 3779 2234 3834 Οὕτω
2273 3779 2365 3832 καὶ
2385 3780 2412 3831 ὁ
2437 3778 2566 3838 Θεὸς
2592 3775 2710 3827 κατ’
2737 3773 2913 3825 αἰτίαν
2938 3774 2997 3824 ἐν
3041 3769 3219 3838 ἑαυτῷ
3258 3768 3355 3839 τὴν
3392 3767 3669 3819 ἁπάντων

2076 3873 2279 3942 εἴδησιν
2325 3871 2471 3940 ἔχει,
2525 3870 2583 3921 οὑ
2632 3870 2697 3938 τῇ
2743 3866 2909 3935 πείρᾳ⁴
2934 3863 3136 3932 ταύτην
3169 3859 3620 3928 ὲπικτησάμενος
3648 3898 3665 3920 ,

2077 3967 2231 4035 (ἐπεὶ
2267 3962 2512 4035 εὑρεθείη
2544 3963 2608 4015 ἂν
2641 3959 3095 4031 μεταγενέστερος
3142 3958 3169 4008 ὁ
3206 3949 3338 4017 Θεὸς
3366 3953 3468 4020 τῆς
3506 3952 3665 4021 γνώ-

2079 4076 2216 4121 σεως
2237 4058 2286 4125 ,)
2317 4057 2350 4127 ἢ
2381 4054 2518 4108 κατὰ
2552 4071 2672 4106 τινα
2710 4053 2897 4124 χρόνον
2959 4049 3031 4120 μὴ
3071 4046 3368 4116 γινώσκων.
3414 4045 3665 4115 Σημειοῦ

2075 4151 2132 4203 δὲ
2161 4149 2220 4202 τὸ
2255 4141 2653 4200 αὶτιατὸνδεῖναι
2681 4143 2740 4195 τὸ
2773 4141 2957 4203 σκότος
2992 4139 3051 4204 ἐξ
3088 4136 3376 4205 ἐλλείψεως
3415 4135 3508 4187 τοῦ
3540 4152 3660 4202 φω-

2076 4243 2198 4305 τὸς,
2234 4242 2370 4310 ὅπερ
2410 4239 2529 4290 ἐστὶ
2566 4234 2707 4288 κατὰ
2752 4231 3089 4303 Μανιχαίων.
3158 4227 3436 4282 Ἐντεῦθεν
3486 4243 3659 4279 κατα-

2080 4333 2353 4396 σκευάζει,
2385 4331 2466 4383 ὅτι
2497 4328 2638 4381 κατὰ
2667 4328 2792 4398 μίαν
2819 4327 2912 4378 καὶ
2932 4325 3030 4395 τὴν
3060 4323 3228 4393 αὐτὴν
3252 4321 3452 4389 γνῶσιν
3481 4319 3659 4382 sese;

2080 4423 2187 4479 οἶδε
2219 4426 2313 4478 καὶ
2337 4422 2528 4476 ἑαυτὸν
2565 4422 2659 4473 xa‘t
2692 4420 2760 4472 τὰ
2797 4419 2994 4479 πάντα,
3025 4415 3112 4467 διὰ
3145 4413 3302 4466 τοῦτο
3349 4412 3444 4465 καὶ
3477 4409 3659 4472 astu»;

408 4518 582 4573 lucem
608 4521 751 4574 hanc
781 4519 1050 4574 visibilem
1083 4519 1281 4574 mentis
1309 4533 1372 4572 ac
1405 4519 1636 4572 rationis
1671 4528 1971 4586 compotem

2082 4519 2150 4572 τὰ
2184 4519 2363 4582 ὑλικὰ,
2397 4517 2490 4570 καὶ
2512 4515 2580 4568 τὰ
2613 4511 2842 4585 μεριστὰ
2869 4509 3216 4580 ἁμερίστως,
3255 4507 3350 4561 καὶ
3386 4503 3457 4556 τὰ
3486 4502 3657 4555 πολλὰ

410 4622 716 4681 supponat;
747 4613 942 4668 deinde
974 4628 1228 4684 rogemus
1257 4612 1452 4682 ipsam,
1495 4627 1562 4664 an
1606 4613 1859 4666 tenebras
1889 4626 1980 4665 co-

411 4713 660 4772 gnoscat,
686 4704 798 4773 ipsa
827 4716 1010 4759 autem
1035 4721 1092 4759 se
1117 4719 1276 4758 nosse
1301 4703 1468 4767 dicat,
1497 4703 1659 4758 etiam
1688 4712 1979 4771 antequam

411 4795 656 4850 tenebrae
679 4795 842 4867 470
863 4805 1078 4862 essent;
1123 4810 1306 4860 nosse,
1334 4795 1578 4863 inquam,
1620 4809 1725 4846 non
1757 4809 1856 4863 per
1885 4793 1980 4846 ali-

410 4902 579 4956 quam
605 4889 998 4958 experientiam
1032 4886 1344 4959 (quomodo
1386 4887 1532 4940 enim
1583 4885 1674 4939 lux
1727 4885 1982 4940 tenebras

413 4980 616 5036 sciret?
644 4995 765 5034 nam
787 4981 830 5036 si
851 4981 940 5034 lux
963 4981 1056 5047 sit,
1085 4996 1189 5035 non
1215 4989 1375 5036 erunt
1395 4979 1676 5047 tenebrw),
1710 4982 1805 5034 sed
1823 4992 1982 5032 nosse

412 5075 562 5131 dicat
589 5074 846 5130 tenebras
881 5073 936 5127 in
976 5084 1239 5143 quantum
1273 5073 1364 5126 lux
1393 5081 1513 5139 est;
1540 5073 1772 5142 ideoque
1805 5071 1977 5137 novit,

412 5167 556 5238 quod
612 5166 658 5222 si
701 5166 980 5236 proprium
1027 5165 1207 5218 lumen
1241 5165 1598 5228 contraxerit,
1634 5179 1792 5219 nemo
1833 5165 1983 5218 vide-

407 5263 510 5318 bit.
549 5261 626 5316 lta
649 5260 817 5314 etiam
863 5259 1005 5313 Deus
1046 5273 1145 5328 per
1178 5273 1400 5313 causam
1433 5259 1676 5312 omnium
1717 5259 1769 5311 in
1806 5273 1864 5312 se
1887 5273 1980 5313 co-

411 5355 714 5424 gnitionem
747 5353 932 5418 habet,
970 5367 1075 5406 non
1106 5353 1249 5418 quod
1305 5351 1641 5417 experientia
1678 5365 1797 5405 eam
1833 5365 1982 5404 com-

411 5445 692 5517 paraverit
721 5445 870 5514 (tum
901 5443 1045 5497 enim
1075 5442 1218 5497 Deus
1259 5441 1566 5511 cognitione
1605 5441 1872 5510 posterior
1901 5441 1983 5494 in-

412 5539 751 5608 veniretur),
785 5537 960 5591 autin
989 5535 1170 5605 aliquo
1203 5544 1446 5604 tempore
1492 5550 1600 5588 non
1645 5533 1977 5602 cognoverit.

415 5628 560 5683 Nota
590 5637 792 5694 autem,
818 5627 1073 5684 tenebras
1099 5641 1218 5683 esse
1247 5625 1499 5681 elIectum
1535 5625 1624 5694 qui
1671 5641 1733 5679 ex
1771 5623 1979 5679 delectu

532 5806 581 5838 ν’
620 5796 641 5850 ι
669 5795 826 5851 Joan.
851 5809 912 5862 ιι,
935 5800 1021 5857 9.0.
1061 5808 1134 5838 ν’
1165 5800 1368 5858 Daniel.
1412 5814 1532 5866 xm,
1560 5797 1644 5852 4'2.

2083 4611 2298 4673 ὲνιαίως
2322 4627 2334 4638 ·
2377 4608 2535 4671 ἄῦλος
2557 4607 2665 4677 γὰρ
2692 4605 2786 4658 καὶ
2829 4602 3123 4672 ἀμέριστος
3169 4600 3264 4652 καὶ
3303 4597 3514 4660 ἑνιαία,
3565 4596 3661 4648 καὶ

2082 4702 2248 4772 ἁπλῆ,
2280 4705 2312 4772 ἡ
2345 4700 2544 4770 γνῶσις
2576 4702 2608 4770 ἡ
2638 4697 2775 4750 θεία.
2812 4695 2987 4766 Εἴπερ
3037 4690 3298 4762 ἐλέγομεν
3346 4690 3430 4742 δτι
3478 4691 3535 4740 ἐν
3580 4686 3658 4755 τῷ

2083 4795 2182 4859 ἐνἰ,
2219 4791 2459 4864 δηλονότι
2485 4793 2542 4846 ὲν
2564 4793 2630 4862 τῇ
2684 4791 2780 4860 μιᾷ
2803 4788 2894 4841 καὶ
2923 4785 3066 4855 ἁπλῇ
3091 4783 3460 4854 δημιουργικῇ
3499 4779 3658 4832 δυνά-

2086 4905 2176 4958 μει
2207 4886 2479 4954 ὑπέστησε
2504 4882 2573 4936 τὰ
2602 4881 2856 4951 διάφορα,
2885 4876 3024 4929 οὕτω
3051 4875 3143 4927 xa‘t
3163 4875 3222 4926 ὲν
3252 4873 3354 4936 ἑνὶ,
3402 4873 3571 4941 ῆγουν
3601 4872 3657 4921 ὲν

2083 4981 2258 5050 ἑνιαίᾳ
2282 4981 2374 5032 καὶ
2405 4977 2548 5048 ἁπλῇ
2579 4975 2796 5044 γνώσει,
2823 4971 2891 5025 τὰ
2933 4971 3164 5040 διάφορα
3203 4965 3465 5036 γινώσκει
3485 4982 3497 4994 θ
3523 4961 3657 5016 ἀλλὰ

2083 5075 2178 5126 καὶ
2201 5071 2433 5144 χορηγός
2463 5073 2578 5122 ἐστι
2611 5066 2790 5138 πάσης
2819 5063 3096 5133 γνώσεως,
3130 5059 3252 5114 καθ’
3289 5059 3358 5129 ἢν
3390 5054 3657 5125 γνώσεταί

2081 5182 2164 5228 τις
2191 5165 2284 5217 καὶ
2309 5162 2516 5225 ἑαυτὸν,
2548 5161 2641 5214 καὶ
2669 5158 2737 5211 τὰ
2761 5156 2914 5210 ἄλλα.
2946 5153 3060 5206 Οὐκ
3091 5150 3199 5222 ἄρα
3221 5150 3250 5200 ὁ
3272 5147 3406 5211 Θεὸς
3431 5147 3551 5200 κατ’
3567 5145 3658 5198 ἄλ-

2082 5256 2178 5327 λην
2207 5257 2302 5327 μεν
2327 5253 2526 5323 γνῶσιν
2554 5249 2818 5321 γνώσεται
2864 5245 3053 5299 ἑαυτὸν
3073 5283 3087 5306 ,
3131 5242 3251 5296 κατ’
3276 5239 3446 5310 ἄλλην
3488 5238 3545 5290 δὲ
3586 5236 3652 5288 τὰ

2082 5326 2552 5418 δημιουργήματα.
2571 5343 2633 5394 Εἰ
2651 5339 2780 5410 γοῦν
2803 5337 2939 5408 αὑτὴ
2961 5338 2994 5408 ἡ
3019 5333 3166 5389 αἰτία
3187 5332 3428 5392 πάντων,
3460 5326 3654 5396 ἑαυτὴν

2083 5440 2176 5493 καὶ
2202 5439 2294 5506 ἀφ’
2321 5435 2518 5504 ἑαυτῆς
2540 5432 2814 5502 γινώσκει,
2847 5429 2996 5500 πόσῳ
3025 5443 3087 5494 γε
3115 5423 3311 5496 μᾶλλον
3338 5421 3409 5473 τὰ
3445 5421 3540 5472 ἀπ’
3559 5418 3654 5470 αὑ-

2082 5532 2178 5600 τῆς
2208 5529 2512 5600 εἰδήσεται;
2549 5524 2682 5578 ἀλλὰ
2710 5526 2780 5594 τῇ
2816 5520 3029 5583 ἑαυτοῦ,
3065 5519 3158 5572 καὶ
3178 5517 3237 5569 οὐ
3259 5517 3327 5584 τῇ
3351 5513 3461 5565 τῶν
3487 5511 3650 5563 ὄντων

2084 5620 2275 5692 ὲπιςτή
2287 5636 2381 5693 μη.
2424 5619 2718 5691 Ἐπιχειρεῖ
2741 5613 2868 5685 γοῦν
2901 5615 2966 5667 ἐκ
2992 5612 3085 5666 τοῦ
3110 5609 3419 5671 ἐλάττονος,
3446 5606 3530 5660 ὅτι
3559 5601 3652 5659 καὶ
