  <div class='ocr_page' id='page_1' title='image "/cluster/home/n/w/nwhite01/storage/ocr_20150623/3/nnc1.0046978666/486.png"; bbox 0 0 3866 6234; ppageno 0'>
   <div class='ocr_carea' id='block_1_1' title="bbox 199 295 312 353">
    <p class='ocr_par' dir='ltr' id='par_1_1' title="bbox 199 295 312 353">
     <span class='ocr_line' id='line_1_1' title="bbox 199 295 312 353; baseline -0.018 1"><span class='ocrx_word' id='word_1_1' title='bbox 199 295 312 353; x_wconf 77' lang='lat'><strong>885</strong></span> 
     </span>
    </p>
   </div>
   <div class='ocr_carea' id='block_1_2' title="bbox 769 245 1808 342">
    <p class='ocr_par' dir='ltr' id='par_1_2' title="bbox 769 268 1780 342">
     <span class='ocr_line' id='line_1_2' title="bbox 769 268 1780 342; baseline -0.016 0"><span class='ocrx_word' id='word_1_2' title='bbox 769 286 862 342; x_wconf 86' lang='lat' dir='ltr'><strong>DE</strong></span> <span class='ocrx_word' id='word_1_3' title='bbox 893 279 1150 340; x_wconf 81' lang='lat' dir='ltr'><strong>DIVINIS</strong></span> <span class='ocrx_word' id='word_1_4' title='bbox 1182 272 1582 337; x_wconf 83' lang='lat' dir='ltr'><strong>NOMINIBUS,</strong></span> <span class='ocrx_word' id='word_1_5' title='bbox 1622 268 1780 326; x_wconf 82' lang='lat' dir='ltr'><strong>CAP.</strong></span> 
     </span>
    </p>
   </div>
   <div class='ocr_carea' id='block_1_3' title="bbox 1913 245 2916 342">
    <p class='ocr_par' dir='ltr' id='par_1_3' title="bbox 1913 245 2916 321">
     <span class='ocr_line' id='line_1_3' title="bbox 1913 245 2916 321; baseline -0.02 0"><span class='ocrx_word' id='word_1_6' title='bbox 1913 308 1926 321; x_wconf 94' lang='lat'><strong>.</strong></span> <span class='ocrx_word' id='word_1_7' title='bbox 1966 289 2036 306; x_wconf 61' lang='grc' dir='ltr'><strong>-ι</strong></span> <span class='ocrx_word' id='word_1_8' title='bbox 2071 256 2417 317; x_wconf 77' lang='lat' dir='ltr'><strong>PARAPHR.</strong></span> <span class='ocrx_word' id='word_1_9' title='bbox 2449 245 2916 309; x_wconf 66' lang='lat' dir='ltr'><strong>PACHYMERE.</strong></span> 
     </span>
    </p>
   </div>
   <div class='ocr_carea' id='block_1_4' title="bbox 3343 238 3452 296">
    <p class='ocr_par' dir='ltr' id='par_1_4' title="bbox 3343 238 3452 296">
     <span class='ocr_line' id='line_1_4' title="bbox 3343 238 3452 296; baseline -0.028 0"><span class='ocrx_word' id='word_1_10' title='bbox 3343 238 3452 296; x_wconf 77' lang='lat'><strong>886</strong></span> 
     </span>
    </p>
   </div>
   <div class='ocr_carea' id='block_1_5' title="bbox 201 353 1808 482">
    <p class='ocr_par' dir='ltr' id='par_1_5' title="bbox 201 389 1782 482">
     <span class='ocr_line' id='line_1_5' title="bbox 201 389 1782 482; baseline -0.02 -13"><span class='ocrx_word' id='word_1_11' title='bbox 201 418 251 468; x_wconf 83' lang='grc' dir='ltr'><strong>οἰ</strong></span> <span class='ocrx_word' id='word_1_12' title='bbox 279 410 502 482; x_wconf 78' lang='grc' dir='ltr'>ἄγγελοι</span> <span class='ocrx_word' id='word_1_13' title='bbox 519 407 692 463; x_wconf 70' lang='grc' dir='ltr'>οἴδασι</span> <span class='ocrx_word' id='word_1_14' title='bbox 712 405 781 459; x_wconf 89' lang='grc' dir='ltr'><strong>τά</strong></span> <span class='ocrx_word' id='word_1_15' title='bbox 809 402 1061 474; x_wconf 82' lang='grc' dir='ltr'>αἰσθητὰ,</span> <span class='ocrx_word' id='word_1_16' title='bbox 1090 400 1151 454; x_wconf 81' lang='grc' dir='ltr'>οὺ</span> <span class='ocrx_word' id='word_1_17' title='bbox 1179 398 1250 453; x_wconf 80' lang='grc' dir='ltr'>δι’</span> <span class='ocrx_word' id='word_1_18' title='bbox 1273 395 1574 465; x_wconf 81' lang='grc' dir='ltr'>αἰσθήσεως</span> <span class='ocrx_word' id='word_1_19' title='bbox 1600 389 1782 450; x_wconf 82' lang='grc' dir='ltr'>αὐτοῖς</span> 
     </span>
    </p>
   </div>
   <div class='ocr_carea' id='block_1_6' title="bbox 1913 353 3447 482">
    <p class='ocr_par' dir='ltr' id='par_1_6' title="bbox 1913 353 3447 482">
     <span class='ocr_line' id='line_1_6' title="bbox 1913 353 3447 443; baseline -0.022 -4"><span class='ocrx_word' id='word_1_20' title='bbox 1913 383 2022 439; x_wconf 88' lang='lat' dir='ltr'><strong>ucis</strong></span> <span class='ocrx_word' id='word_1_21' title='bbox 2058 379 2293 440; x_wconf 76' lang='lat' dir='ltr'><strong>exsistit,</strong></span> <span class='ocrx_word' id='word_1_22' title='bbox 2351 370 2494 443; x_wconf 74' lang='lat' dir='ltr'><strong>quod</strong></span> <span class='ocrx_word' id='word_1_23' title='bbox 2532 375 2616 424; x_wconf 89' lang='lat' dir='ltr'><strong>est</strong></span> <span class='ocrx_word' id='word_1_24' title='bbox 2675 372 2872 420; x_wconf 90' lang='lat' dir='ltr'><strong>contra</strong></span> <span class='ocrx_word' id='word_1_25' title='bbox 2914 357 3242 414; x_wconf 69' lang='lat' dir='ltr'><strong>Maniclmos</strong></span> <span class='ocrx_word' id='word_1_26' title='bbox 3308 353 3447 408; x_wconf 81' lang='lat' dir='ltr'><strong>Hinc</strong></span> 
     </span>
     <span class='ocr_line' id='line_1_7' title="bbox 1989 445 3446 482; baseline -0.022 27"><span class='ocrx_word' id='word_1_27' title='bbox 1989 475 2001 482; x_wconf 62' lang='grc' dir='ltr'><strong><em>λ</em></strong></span> <span class='ocrx_word' id='word_1_28' title='bbox 2067 481 2072 482; x_wconf 51' lang='grc' dir='ltr'><strong>ί</strong></span> <span class='ocrx_word' id='word_1_29' title='bbox 2282 465 2426 482; x_wconf 38' lang='lat' dir='ltr'><strong>rw</strong></span> <span class='ocrx_word' id='word_1_30' title='bbox 2473 473 2635 482; x_wconf 79' lang='lat'><strong>--—--</strong></span> <span class='ocrx_word' id='word_1_31' title='bbox 2685 453 3039 482; x_wconf 68' lang='grc' dir='ltr'><strong>ιιι--ηιιιιηιη--ο</strong></span> <span class='ocrx_word' id='word_1_32' title='bbox 3082 445 3446 482; x_wconf 57' lang='lat' dir='ltr'><strong>omnium”...</strong></span> 
     </span>
    </p>
   </div>
   <div class='ocr_carea' id='block_1_7' title="bbox 210 479 1790 576">
    <p class='ocr_par' dir='ltr' id='par_1_7' title="bbox 210 479 1790 576">
     <span class='ocr_line' id='line_1_8' title="bbox 210 479 1790 576; baseline -0.019 -16"><span class='ocrx_word' id='word_1_33' title='bbox 210 479 669 576; x_wconf 65' lang='grc' dir='ltr'>προσϐάλλοντες,</span> <span class='ocrx_word' id='word_1_34' title='bbox 706 496 841 552; x_wconf 86' lang='grc' dir='ltr'><strong>ἀλλά</strong></span> <span class='ocrx_word' id='word_1_35' title='bbox 882 495 972 548; x_wconf 85' lang='grc' dir='ltr'>διὰ</span> <span class='ocrx_word' id='word_1_36' title='bbox 1005 493 1285 563; x_wconf 87' lang='grc' dir='ltr'>δυνάμεως</span> <span class='ocrx_word' id='word_1_37' title='bbox 1320 479 1790 551; x_wconf 55' lang='grc' dir='ltr'>ἐπαναϐεϐηκυως</span> 
     </span>
    </p>
   </div>
   <div class='ocr_carea' id='block_1_8' title="bbox 201 576 1780 663">
    <p class='ocr_par' dir='ltr' id='par_1_8' title="bbox 201 576 1780 663">
     <span class='ocr_line' id='line_1_9' title="bbox 201 576 1780 663; baseline -0.016 -11"><span class='ocrx_word' id='word_1_38' title='bbox 201 597 607 659; x_wconf 76' lang='grc' dir='ltr'>ἐπιϐάλλοντες.</span> <span class='ocrx_word' id='word_1_39' title='bbox 644 594 701 647; x_wconf 80' lang='grc' dir='ltr'>Ὀ</span> <span class='ocrx_word' id='word_1_40' title='bbox 722 591 830 663; x_wconf 83' lang='grc' dir='ltr'><strong>γὰρ</strong></span> <span class='ocrx_word' id='word_1_41' title='bbox 848 591 941 644; x_wconf 71' lang='grc' dir='ltr'>ἐπὶ</span> <span class='ocrx_word' id='word_1_42' title='bbox 975 587 1069 641; x_wconf 90' lang='grc' dir='ltr'><strong>τοῦ</strong></span> <span class='ocrx_word' id='word_1_43' title='bbox 1087 584 1292 639; x_wconf 85' lang='grc' dir='ltr'>Γεδεὼν</span> <span class='ocrx_word' id='word_1_44' title='bbox 1320 585 1401 645; x_wconf 86' lang='grc' dir='ltr'><strong>είς</strong></span> <span class='ocrx_word' id='word_1_45' title='bbox 1454 579 1550 650; x_wconf 82' lang='grc' dir='ltr'><strong>τὴν</strong></span> <span class='ocrx_word' id='word_1_46' title='bbox 1589 576 1780 630; x_wconf 80' lang='grc' dir='ltr'>θυσίαν</span> 
     </span>
    </p>
   </div>
   <div class='ocr_carea' id='block_1_9' title="bbox 200 670 1779 756">
    <p class='ocr_par' dir='ltr' id='par_1_9' title="bbox 200 670 1779 756">
     <span class='ocr_line' id='line_1_10' title="bbox 200 670 1779 756; baseline -0.015 -11"><span class='ocrx_word' id='word_1_47' title='bbox 200 691 485 748; x_wconf 76' lang='grc' dir='ltr'>ἐκϐάλλων</span> <span class='ocrx_word' id='word_1_48' title='bbox 506 691 574 741; x_wconf 77' lang='grc' dir='ltr'><strong>ἐκ</strong></span> <span class='ocrx_word' id='word_1_49' title='bbox 599 686 700 756; x_wconf 78' lang='grc' dir='ltr'>τῆς</span> <span class='ocrx_word' id='word_1_50' title='bbox 718 685 922 755; x_wconf 82' lang='grc' dir='ltr'><strong>πέτρας</strong></span> <span class='ocrx_word' id='word_1_51' title='bbox 945 681 1054 752; x_wconf 91' lang='grc' dir='ltr'><strong>πῦρ</strong></span> <span class='ocrx_word' id='word_1_52' title='bbox 1084 681 1184 733; x_wconf 83' lang='grc' dir='ltr'><strong>οὐκ</strong></span> <span class='ocrx_word' id='word_1_53' title='bbox 1203 676 1454 746; x_wconf 79' lang='grc' dir='ltr'><strong>αἰσθήσει</strong></span> <span class='ocrx_word' id='word_1_54' title='bbox 1489 670 1628 725; x_wconf 74' lang='grc' dir='ltr'>οἶδεν</span> <span class='ocrx_word' id='word_1_55' title='bbox 1647 711 1661 733; x_wconf 94' lang='grc'><strong>,</strong></span> <span class='ocrx_word' id='word_1_56' title='bbox 1697 671 1779 723; x_wconf 82' lang='grc' dir='ltr'><strong>ὅτι</strong></span> 
     </span>
    </p>
   </div>
   <div class='ocr_carea' id='block_1_10' title="bbox 203 761 1779 851">
    <p class='ocr_par' dir='ltr' id='par_1_10' title="bbox 203 761 1779 851">
     <span class='ocr_line' id='line_1_11' title="bbox 203 761 1779 851; baseline -0.018 -11"><span class='ocrx_word' id='word_1_57' title='bbox 203 783 502 840; x_wconf 81' lang='grc' dir='ltr'>καυστικὸν</span> <span class='ocrx_word' id='word_1_58' title='bbox 531 781 591 834; x_wconf 88' lang='grc' dir='ltr'><strong>τὸ</strong></span> <span class='ocrx_word' id='word_1_59' title='bbox 615 781 747 851; x_wconf 90' lang='grc' dir='ltr'>πῦρ,</span> <span class='ocrx_word' id='word_1_60' title='bbox 792 778 869 841; x_wconf 86' lang='grc' dir='ltr'>ὼς</span> <span class='ocrx_word' id='word_1_61' title='bbox 901 778 1059 848; x_wconf 80' lang='grc' dir='ltr'><strong>ἡμεῖς</strong></span> <span class='ocrx_word' id='word_1_62' title='bbox 1080 814 1096 839; x_wconf 89' lang='grc'><strong>,</strong></span> <span class='ocrx_word' id='word_1_63' title='bbox 1133 771 1246 826; x_wconf 83' lang='grc' dir='ltr'>ἀλλ’</span> <span class='ocrx_word' id='word_1_64' title='bbox 1283 766 1538 836; x_wconf 73' lang='grc' dir='ltr'>ἀνωτέρω</span> <span class='ocrx_word' id='word_1_65' title='bbox 1573 761 1779 834; x_wconf 82' lang='grc' dir='ltr'>τρόπῳ,</span> 
     </span>
    </p>
   </div>
   <div class='ocr_carea' id='block_1_11' title="bbox 203 853 1782 943">
    <p class='ocr_par' dir='ltr' id='par_1_11' title="bbox 203 853 1782 943">
     <span class='ocr_line' id='line_1_12' title="bbox 203 853 1782 943; baseline -0.016 -14"><span class='ocrx_word' id='word_1_66' title='bbox 203 876 304 928; x_wconf 74' lang='grc' dir='ltr'>καὶ</span> <span class='ocrx_word' id='word_1_67' title='bbox 342 872 485 927; x_wconf 87' lang='grc' dir='ltr'><strong>κατά</strong></span> <span class='ocrx_word' id='word_1_68' title='bbox 522 871 622 943; x_wconf 83' lang='grc' dir='ltr'><strong>τὴν</strong></span> <span class='ocrx_word' id='word_1_69' title='bbox 660 869 866 939; x_wconf 81' lang='grc' dir='ltr'>θεοειδῆ</span> <span class='ocrx_word' id='word_1_70' title='bbox 919 863 1081 920; x_wconf 83' lang='grc' dir='ltr'>αὐτοῦ</span> <span class='ocrx_word' id='word_1_71' title='bbox 1138 862 1384 932; x_wconf 83' lang='grc' dir='ltr'>δύναμιν.</span> <span class='ocrx_word' id='word_1_72' title='bbox 1442 858 1506 910; x_wconf 81' lang='grc' dir='ltr'><strong>Εἰ</strong></span> <span class='ocrx_word' id='word_1_73' title='bbox 1557 853 1689 924; x_wconf 88' lang='grc' dir='ltr'>γοῦν</span> <span class='ocrx_word' id='word_1_74' title='bbox 1734 854 1782 904; x_wconf 78' lang='lat' dir='ltr'><strong>oi</strong></span> 
     </span>
    </p>
   </div>
   <div class='ocr_carea' id='block_1_12' title="bbox 203 942 1779 1035">
    <p class='ocr_par' dir='ltr' id='par_1_12' title="bbox 203 942 1779 1035">
     <span class='ocr_line' id='line_1_13' title="bbox 203 942 1779 1035; baseline -0.016 -16"><span class='ocrx_word' id='word_1_75' title='bbox 203 965 430 1034; x_wconf 80' lang='grc' dir='ltr'>ἄγγελοι</span> <span class='ocrx_word' id='word_1_76' title='bbox 450 942 773 1035; x_wconf 86' lang='grc' dir='ltr'>κρειττόνως</span> <span class='ocrx_word' id='word_1_77' title='bbox 787 959 822 1031; x_wconf 82' lang='grc' dir='ltr'>ἦ</span> <span class='ocrx_word' id='word_1_78' title='bbox 845 959 964 1013; x_wconf 78' lang='grc' dir='ltr'>κατ’</span> <span class='ocrx_word' id='word_1_79' title='bbox 987 955 1238 1026; x_wconf 83' lang='grc' dir='ltr'>αἴσθησιν</span> <span class='ocrx_word' id='word_1_80' title='bbox 1254 952 1428 1006; x_wconf 73' lang='grc' dir='ltr'>οἴδασι</span> <span class='ocrx_word' id='word_1_81' title='bbox 1443 946 1512 1001; x_wconf 86' lang='grc' dir='ltr'>τὰ</span> <span class='ocrx_word' id='word_1_82' title='bbox 1525 942 1779 1016; x_wconf 83' lang='grc' dir='ltr'>αἰσθητὰ,</span> 
     </span>
    </p>
   </div>
   <div class='ocr_carea' id='block_1_13' title="bbox 204 1044 1350 1127">
    <p class='ocr_par' dir='ltr' id='par_1_13' title="bbox 204 1044 1350 1127">
     <span class='ocr_line' id='line_1_14' title="bbox 204 1044 1350 1127; baseline -0.013 -16"><span class='ocrx_word' id='word_1_83' title='bbox 204 1057 362 1127; x_wconf 79' lang='grc' dir='ltr'>πόσῳ</span> <span class='ocrx_word' id='word_1_84' title='bbox 405 1055 603 1127; x_wconf 80' lang='grc' dir='ltr'>μᾶλλον</span> <span class='ocrx_word' id='word_1_85' title='bbox 637 1055 668 1108; x_wconf 83' lang='grc' dir='ltr'>ὁ</span> <span class='ocrx_word' id='word_1_86' title='bbox 704 1051 836 1116; x_wconf 83' lang='grc' dir='ltr'><strong>Θεὸς</strong></span> <span class='ocrx_word' id='word_1_87' title='bbox 858 1049 1035 1114; x_wconf 82' lang='grc' dir='ltr'>ἀΰλως</span> <span class='ocrx_word' id='word_1_88' title='bbox 1057 1046 1125 1100; x_wconf 88' lang='grc' dir='ltr'><strong>τά</strong></span> <span class='ocrx_word' id='word_1_89' title='bbox 1157 1044 1350 1110; x_wconf 77' lang='grc' dir='ltr'>ἐνυλα;</span> 
     </span>
    </p>
   </div>
   <div class='ocr_carea' id='block_1_14' title="bbox 1887 445 3446 545">
    <p class='ocr_par' dir='ltr' id='par_1_14' title="bbox 1887 445 3446 545">
     <span class='ocr_line' id='line_1_15' title="bbox 1887 445 3446 545; baseline -0.02 -16"><span class='ocrx_word' id='word_1_90' title='bbox 1887 475 2103 545; x_wconf 87' lang='lat' dir='ltr'><strong>probat,</strong></span> <span class='ocrx_word' id='word_1_91' title='bbox 2134 465 2432 524; x_wconf 88' lang='lat' dir='ltr'><strong>secundum</strong></span> <span class='ocrx_word' id='word_1_92' title='bbox 2473 473 2638 516; x_wconf 91' lang='lat' dir='ltr'><strong>unam</strong></span> <span class='ocrx_word' id='word_1_93' title='bbox 2683 453 3039 520; x_wconf 86' lang='lat' dir='ltr'><strong>eamdemque</strong></span> <span class='ocrx_word' id='word_1_94' title='bbox 3082 445 3446 517; x_wconf 76' lang='lat' dir='ltr'><strong>cognitionem</strong></span> 
     </span>
    </p>
   </div>
   <div class='ocr_carea' id='block_1_15' title="bbox 1885 536 3448 622">
    <p class='ocr_par' dir='ltr' id='par_1_15' title="bbox 1885 536 3448 622">
     <span class='ocr_line' id='line_1_16' title="bbox 1885 536 3448 622; baseline -0.022 0"><span class='ocrx_word' id='word_1_95' title='bbox 1885 569 2054 622; x_wconf 88' lang='lat' dir='ltr'><strong>Deum</strong></span> <span class='ocrx_word' id='word_1_96' title='bbox 2086 575 2246 618; x_wconf 92' lang='lat' dir='ltr'><strong>nosse</strong></span> <span class='ocrx_word' id='word_1_97' title='bbox 2270 566 2326 612; x_wconf 84' lang='lat' dir='ltr'><strong>et</strong></span> <span class='ocrx_word' id='word_1_98' title='bbox 2355 555 2594 617; x_wconf 83' lang='lat' dir='ltr'><strong>seipsum</strong></span> <span class='ocrx_word' id='word_1_99' title='bbox 2621 559 2677 606; x_wconf 91' lang='lat' dir='ltr'><strong>et</strong></span> <span class='ocrx_word' id='word_1_100' title='bbox 2695 544 2905 610; x_wconf 86' lang='lat' dir='ltr'><strong>omnia,</strong></span> <span class='ocrx_word' id='word_1_101' title='bbox 2929 551 3092 612; x_wconf 90' lang='lat' dir='ltr'><strong>atque</strong></span> <span class='ocrx_word' id='word_1_102' title='bbox 3124 539 3259 593; x_wconf 90' lang='lat' dir='ltr'><strong>adeo</strong></span> <span class='ocrx_word' id='word_1_103' title='bbox 3284 536 3448 591; x_wconf 85' lang='lat' dir='ltr'><strong>etiam</strong></span> 
     </span>
    </p>
   </div>
   <div class='ocr_carea' id='block_1_16' title="bbox 1887 625 3452 712">
    <p class='ocr_par' dir='ltr' id='par_1_16' title="bbox 1887 625 3452 712">
     <span class='ocr_line' id='line_1_17' title="bbox 1887 625 3452 712; baseline -0.022 0"><span class='ocrx_word' id='word_1_104' title='bbox 1887 651 2323 712; x_wconf 81' lang='lat' dir='ltr'><strong>immaterialiter</strong></span> <span class='ocrx_word' id='word_1_105' title='bbox 2348 640 2684 703; x_wconf 88' lang='lat' dir='ltr'><strong>materialia,</strong></span> <span class='ocrx_word' id='word_1_106' title='bbox 2721 644 2776 692; x_wconf 90' lang='lat' dir='ltr'><strong>et</strong></span> <span class='ocrx_word' id='word_1_107' title='bbox 2802 632 2976 690; x_wconf 87' lang='lat' dir='ltr'><strong>divisa</strong></span> <span class='ocrx_word' id='word_1_108' title='bbox 3017 629 3270 690; x_wconf 83' lang='lat' dir='ltr'><strong>indivise,</strong></span> <span class='ocrx_word' id='word_1_109' title='bbox 3308 625 3452 680; x_wconf 82' lang='lat' dir='ltr'><strong>mul-</strong></span> 
     </span>
    </p>
   </div>
   <div class='ocr_carea' id='block_1_17' title="bbox 1884 719 3451 818">
    <p class='ocr_par' dir='ltr' id='par_1_17' title="bbox 1884 719 3451 818">
     <span class='ocr_line' id='line_1_18' title="bbox 1884 719 3451 818; baseline -0.022 -13"><span class='ocrx_word' id='word_1_110' title='bbox 1884 760 2047 818; x_wconf 89' lang='lat' dir='ltr'><strong>taque</strong></span> <span class='ocrx_word' id='word_1_111' title='bbox 2069 745 2249 808; x_wconf 86' lang='lat' dir='ltr'><strong>unite;</strong></span> <span class='ocrx_word' id='word_1_112' title='bbox 2293 737 2563 807; x_wconf 88' lang='lat' dir='ltr'><strong>siquidem</strong></span> <span class='ocrx_word' id='word_1_113' title='bbox 2589 726 2998 792; x_wconf 85' lang='lat' dir='ltr'><strong>immaterialis,</strong></span> <span class='ocrx_word' id='word_1_114' title='bbox 3044 733 3100 779; x_wconf 89' lang='lat' dir='ltr'><strong>et</strong></span> <span class='ocrx_word' id='word_1_115' title='bbox 3148 719 3451 782; x_wconf 88' lang='lat' dir='ltr'><strong>individua,</strong></span> 
     </span>
    </p>
   </div>
   <div class='ocr_carea' id='block_1_18' title="bbox 1879 812 3451 906">
    <p class='ocr_par' dir='ltr' id='par_1_18' title="bbox 1879 812 3451 906">
     <span class='ocr_line' id='line_1_19' title="bbox 1879 812 3451 906; baseline -0.024 -6"><span class='ocrx_word' id='word_1_116' title='bbox 1879 853 1935 900; x_wconf 91' lang='lat' dir='ltr'><strong>et</strong></span> <span class='ocrx_word' id='word_1_117' title='bbox 1959 812 2143 906; x_wconf 41' lang='lat' dir='ltr'><strong>&#39;unita‘,</strong></span> <span class='ocrx_word' id='word_1_118' title='bbox 2167 847 2221 893; x_wconf 93' lang='lat' dir='ltr'><strong>et</strong></span> <span class='ocrx_word' id='word_1_119' title='bbox 2241 832 2469 902; x_wconf 82' lang='lat' dir='ltr'><strong>simplex</strong></span> <span class='ocrx_word' id='word_1_120' title='bbox 2501 835 2584 884; x_wconf 89' lang='lat' dir='ltr'><strong>est</strong></span> <span class='ocrx_word' id='word_1_121' title='bbox 2606 823 2800 882; x_wconf 85' lang='lat' dir='ltr'><strong>notitia</strong></span> <span class='ocrx_word' id='word_1_122' title='bbox 2825 821 2942 876; x_wconf 86' lang='lat' dir='ltr'><strong>Dei.</strong></span> <span class='ocrx_word' id='word_1_123' title='bbox 2972 818 3108 874; x_wconf 89' lang='lat' dir='ltr'><strong>Cum</strong></span> <span class='ocrx_word' id='word_1_124' title='bbox 3133 812 3451 872; x_wconf 84' lang='lat' dir='ltr'><strong>dixerimus.</strong></span> 
     </span>
    </p>
   </div>
   <div class='ocr_carea' id='block_1_19' title="bbox 1881 902 3454 994">
    <p class='ocr_par' dir='ltr' id='par_1_19' title="bbox 1881 902 3454 994">
     <span class='ocr_line' id='line_1_20' title="bbox 1881 902 3454 994; baseline -0.023 -2"><span class='ocrx_word' id='word_1_125' title='bbox 1881 937 2054 992; x_wconf 87' lang='lat' dir='ltr'><strong>Deum</strong></span> <span class='ocrx_word' id='word_1_126' title='bbox 2085 937 2141 988; x_wconf 94' lang='lat' dir='ltr'><strong>in</strong></span> <span class='ocrx_word' id='word_1_127' title='bbox 2183 945 2311 994; x_wconf 91' lang='lat' dir='ltr'><strong>uno,</strong></span> <span class='ocrx_word' id='word_1_128' title='bbox 2358 922 2568 980; x_wconf 82' lang='lat' dir='ltr'><strong>scilicet</strong></span> <span class='ocrx_word' id='word_1_129' title='bbox 2599 919 2654 974; x_wconf 89' lang='lat' dir='ltr'><strong>in</strong></span> <span class='ocrx_word' id='word_1_130' title='bbox 2687 931 2795 972; x_wconf 91' lang='lat' dir='ltr'><strong>una</strong></span> <span class='ocrx_word' id='word_1_131' title='bbox 2851 910 3192 982; x_wconf 86' lang='lat' dir='ltr'><strong>simplicique</strong></span> <span class='ocrx_word' id='word_1_132' title='bbox 3231 902 3454 960; x_wconf 74' lang='lat' dir='ltr'><strong>creandi</strong></span> 
     </span>
    </p>
   </div>
   <div class='ocr_carea' id='block_1_20' title="bbox 1881 994 3454 1088">
    <p class='ocr_par' dir='ltr' id='par_1_20' title="bbox 1881 994 3454 1088">
     <span class='ocr_line' id='line_1_21' title="bbox 1881 994 3454 1088; baseline -0.023 -5"><span class='ocrx_word' id='word_1_133' title='bbox 1881 1027 2143 1085; x_wconf 88' lang='lat' dir='ltr'><strong>facultate</strong></span> <span class='ocrx_word' id='word_1_134' title='bbox 2171 1062 2189 1088; x_wconf 89' lang='lat'><strong>,</strong></span> <span class='ocrx_word' id='word_1_135' title='bbox 2220 1021 2436 1076; x_wconf 89' lang='lat' dir='ltr'><strong>diversa</strong></span> <span class='ocrx_word' id='word_1_136' title='bbox 2458 1010 2787 1075; x_wconf 87' lang='lat' dir='ltr'><strong>condidisse,</strong></span> <span class='ocrx_word' id='word_1_137' title='bbox 2810 1006 2890 1062; x_wconf 91' lang='lat' dir='ltr'><strong>sic</strong></span> <span class='ocrx_word' id='word_1_138' title='bbox 2911 1013 2969 1060; x_wconf 91' lang='lat' dir='ltr'><strong>et</strong></span> <span class='ocrx_word' id='word_1_139' title='bbox 2989 1003 3043 1057; x_wconf 90' lang='lat' dir='ltr'><strong>in</strong></span> <span class='ocrx_word' id='word_1_140' title='bbox 3074 1015 3204 1064; x_wconf 90' lang='lat' dir='ltr'><strong>uno,</strong></span> <span class='ocrx_word' id='word_1_141' title='bbox 3242 997 3358 1052; x_wconf 85' lang='lat' dir='ltr'><strong>sive</strong></span> <span class='ocrx_word' id='word_1_142' title='bbox 3399 994 3454 1048; x_wconf 93' lang='lat' dir='ltr'><strong>in</strong></span> 
     </span>
    </p>
   </div>
   <div class='ocr_carea' id='block_1_21' title="bbox 207 1091 3462 1220">
    <p class='ocr_par' dir='ltr' id='par_1_21' title="bbox 207 1091 3462 1220">
     <span class='ocr_line' id='line_1_22' title="bbox 213 1091 1350 1127; baseline -0.009 -18"><span class='ocrx_word' id='word_1_143' title='bbox 213 1091 362 1127; x_wconf 60' lang='grc' dir='ltr'><strong>..πψ</strong></span> <span class='ocrx_word' id='word_1_144' title='bbox 405 1091 602 1127; x_wconf 59' lang='grc' dir='ltr'>μακινγ</span> <span class='ocrx_word' id='word_1_145' title='bbox 638 1091 668 1108; x_wconf 80' lang='grc' dir='ltr'>υ</span> <span class='ocrx_word' id='word_1_146' title='bbox 707 1091 834 1116; x_wconf 56' lang='grc' dir='ltr'><strong>νιν,</strong></span> <span class='ocrx_word' id='word_1_147' title='bbox 858 1091 1033 1114; x_wconf 55' lang='grc' dir='ltr'><strong>..-κη</strong></span> <span class='ocrx_word' id='word_1_148' title='bbox 1067 1091 1125 1100; x_wconf 71' lang='grc' dir='ltr'><strong>η.</strong></span> <span class='ocrx_word' id='word_1_149' title='bbox 1157 1091 1350 1110; x_wconf 43' lang='grc' dir='ltr'><strong>-.ψη</strong></span> 
     </span>
     <span class='ocr_line' id='line_1_23' title="bbox 207 1091 3462 1220; baseline -0.02 -15"><span class='ocrx_word' id='word_1_150' title='bbox 207 1168 321 1208; x_wconf 87' lang='lat' dir='ltr'><strong>una</strong></span> <span class='ocrx_word' id='word_1_151' title='bbox 366 1149 711 1220; x_wconf 86' lang='lat' dir='ltr'><strong>simplicique</strong></span> <span class='ocrx_word' id='word_1_152' title='bbox 770 1145 1127 1218; x_wconf 82' lang='lat' dir='ltr'><strong>cognitione&#39;,</strong></span> <span class='ocrx_word' id='word_1_153' title='bbox 1187 1139 1402 1195; x_wconf 89' lang='lat' dir='ltr'><strong>diversa</strong></span> <span class='ocrx_word' id='word_1_154' title='bbox 1454 1123 2052 1205; x_wconf 71' lang='lat' dir='ltr'><strong>cegnoscitzquinimo</strong></span> <span class='ocrx_word' id='word_1_155' title='bbox 2075 1118 2240 1174; x_wconf 87' lang='lat' dir='ltr'><strong>etiam</strong></span> <span class='ocrx_word' id='word_1_156' title='bbox 2270 1109 2494 1180; x_wconf 83' lang='lat' dir='ltr'><strong>largitor</strong></span> <span class='ocrx_word' id='word_1_157' title='bbox 2560 1111 2644 1160; x_wconf 88' lang='lat' dir='ltr'><strong>est</strong></span> <span class='ocrx_word' id='word_1_158' title='bbox 2703 1098 2886 1169; x_wconf 83' lang='lat' dir='ltr'><strong>omnis</strong></span> <span class='ocrx_word' id='word_1_159' title='bbox 2949 1091 3301 1166; x_wconf 88' lang='lat' dir='ltr'><strong>cognitionis,</strong></span> <span class='ocrx_word' id='word_1_160' title='bbox 3357 1101 3462 1156; x_wconf 33' lang='lat' dir='ltr'><strong>per.</strong></span> 
     </span>
     <span class='ocr_line' id='line_1_24' title="bbox 1988 1186 3458 1220; baseline 0 0"><span class='ocrx_word' id='word_1_161' title='bbox 1988 1214 2001 1220; x_wconf 85' lang='lat'><strong>-</strong></span> <span class='ocrx_word' id='word_1_162' title='bbox 2201 1206 2235 1220; x_wconf 78' lang='grc' dir='ltr'>η</span> <span class='ocrx_word' id='word_1_163' title='bbox 2379 1199 2588 1220; x_wconf 29' lang='lat'><strong>“4-21-...</strong></span> <span class='ocrx_word' id='word_1_164' title='bbox 2656 1191 3020 1220; x_wconf 66' lang='grc' dir='ltr'><strong>ΑΑκ-ιῖιῖηηαηὶ</strong></span> <span class='ocrx_word' id='word_1_165' title='bbox 3066 1186 3306 1220; x_wconf 68' lang='lat' dir='ltr'><strong>cnincnnn</strong></span> <span class='ocrx_word' id='word_1_166' title='bbox 3363 1198 3458 1220; x_wconf 74' lang='lat' dir='ltr'><strong>(In.</strong></span> 
     </span>
    </p>
   </div>
   <div class='ocr_carea' id='block_1_22' title="bbox 206 1206 2440 1317">
    <p class='ocr_par' dir='ltr' id='par_1_22' title="bbox 206 1206 2440 1317">
     <span class='ocr_line' id='line_1_25' title="bbox 206 1206 2440 1317; baseline -0.021 -15"><span class='ocrx_word' id='word_1_167' title='bbox 206 1262 377 1317; x_wconf 83' lang='lat' dir='ltr'><strong>quam</strong></span> <span class='ocrx_word' id='word_1_168' title='bbox 403 1242 600 1312; x_wconf 89' lang='lat' dir='ltr'><strong>aliquis</strong></span> <span class='ocrx_word' id='word_1_169' title='bbox 625 1249 682 1297; x_wconf 93' lang='lat' dir='ltr'><strong>et</strong></span> <span class='ocrx_word' id='word_1_170' title='bbox 702 1255 762 1296; x_wconf 91' lang='lat' dir='ltr'><strong>se</strong></span> <span class='ocrx_word' id='word_1_171' title='bbox 783 1206 966 1293; x_wconf 47' lang='lat' dir='ltr'><strong>etvalia</strong></span> <span class='ocrx_word' id='word_1_172' title='bbox 989 1206 1287 1305; x_wconf 77' lang='lat' dir='ltr'><strong>cognoscit.</strong></span> <span class='ocrx_word' id='word_1_173' title='bbox 1314 1228 1432 1283; x_wconf 86' lang='lat' dir='ltr'><strong>Non</strong></span> <span class='ocrx_word' id='word_1_174' title='bbox 1463 1240 1592 1296; x_wconf 88' lang='lat' dir='ltr'><strong>ergo</strong></span> <span class='ocrx_word' id='word_1_175' title='bbox 1620 1224 1764 1277; x_wconf 89' lang='lat' dir='ltr'><strong>Deus</strong></span> <span class='ocrx_word' id='word_1_176' title='bbox 1803 1214 2101 1272; x_wconf 89' lang='lat' dir='ltr'><strong>secundum</strong></span> <span class='ocrx_word' id='word_1_177' title='bbox 2165 1206 2327 1261; x_wconf 89' lang='lat' dir='ltr'><strong>aliam</strong></span> <span class='ocrx_word' id='word_1_178' title='bbox 2371 1217 2440 1271; x_wconf 89' lang='lat' dir='ltr'><strong>qu</strong></span> 
     </span>
    </p>
   </div>
   <div class='ocr_carea' id='block_1_23' title="bbox 208 1303 2239 1410">
    <p class='ocr_par' dir='ltr' id='par_1_23' title="bbox 208 1303 2239 1410">
     <span class='ocr_line' id='line_1_26' title="bbox 208 1303 2239 1410; baseline -0.019 -16"><span class='ocrx_word' id='word_1_179' title='bbox 208 1346 464 1410; x_wconf 83' lang='lat' dir='ltr'><strong>gnoscet,</strong></span> <span class='ocrx_word' id='word_1_180' title='bbox 501 1335 802 1391; x_wconf 89' lang='lat' dir='ltr'><strong>secundum</strong></span> <span class='ocrx_word' id='word_1_181' title='bbox 829 1331 990 1385; x_wconf 88' lang='lat' dir='ltr'><strong>aliam</strong></span> <span class='ocrx_word' id='word_1_182' title='bbox 1009 1343 1139 1384; x_wconf 90' lang='lat' dir='ltr'><strong>vero</strong></span> <span class='ocrx_word' id='word_1_183' title='bbox 1167 1333 1467 1382; x_wconf 90' lang='lat' dir='ltr'><strong>creaturas.</strong></span> <span class='ocrx_word' id='word_1_184' title='bbox 1515 1320 1650 1376; x_wconf 87' lang='lat' dir='ltr'><strong>Cum</strong></span> <span class='ocrx_word' id='word_1_185' title='bbox 1684 1316 1872 1382; x_wconf 86' lang='lat' dir='ltr'><strong>itaque</strong></span> <span class='ocrx_word' id='word_1_186' title='bbox 1893 1311 2005 1380; x_wconf 86' lang='lat' dir='ltr'><strong>ipsa</strong></span> <span class='ocrx_word' id='word_1_187' title='bbox 2032 1303 2239 1362; x_wconf 84' lang='lat' dir='ltr'><strong>omniur</strong></span> 
     </span>
    </p>
   </div>
   <div class='ocr_carea' id='block_1_24' title="bbox 206 1399 2568 1503">
    <p class='ocr_par' dir='ltr' id='par_1_24' title="bbox 206 1399 2568 1503">
     <span class='ocr_line' id='line_1_27' title="bbox 206 1399 2568 1503; baseline -0.004 -17"><span class='ocrx_word' id='word_1_188' title='bbox 206 1438 461 1503; x_wconf 84' lang='lat' dir='ltr'><strong>gnoscat,</strong></span> <span class='ocrx_word' id='word_1_189' title='bbox 491 1437 701 1500; x_wconf 89' lang='lat' dir='ltr'><strong>quanto</strong></span> <span class='ocrx_word' id='word_1_190' title='bbox 731 1426 908 1498; x_wconf 88' lang='lat' dir='ltr'><strong>magis</strong></span> <span class='ocrx_word' id='word_1_191' title='bbox 937 1429 1231 1495; x_wconf 86' lang='lat' dir='ltr'><strong>cognoscet</strong></span> <span class='ocrx_word' id='word_1_192' title='bbox 1295 1435 1360 1475; x_wconf 89' lang='lat' dir='ltr'><strong>ea</strong></span> <span class='ocrx_word' id='word_1_193' title='bbox 1420 1429 1540 1486; x_wconf 79' lang='lat' dir='ltr'><strong>quae</strong></span> <span class='ocrx_word' id='word_1_194' title='bbox 1580 1427 1611 1466; x_wconf 73' lang='lat'><strong>3</strong></span> <span class='ocrx_word' id='word_1_195' title='bbox 1642 1424 1701 1465; x_wconf 73' lang='lat' dir='ltr'><strong>Se</strong></span> <span class='ocrx_word' id='word_1_196' title='bbox 1763 1399 2132 1476; x_wconf 59' lang='lat' dir='ltr'><strong>Promanann</strong></span> <span class='ocrx_word' id='word_1_197' title='bbox 2187 1399 2568 1449; x_wconf 55' lang='lat' dir='ltr'><strong>verumtamen</strong></span> 
     </span>
    </p>
   </div>
   <div class='ocr_carea' id='block_1_25' title="bbox 208 1483 2521 1590">
    <p class='ocr_par' dir='ltr' id='par_1_25' title="bbox 208 1483 2521 1590">
     <span class='ocr_line' id='line_1_28' title="bbox 208 1483 2521 1590; baseline -0.019 -12"><span class='ocrx_word' id='word_1_198' title='bbox 208 1536 406 1578; x_wconf 86' lang='lat' dir='ltr'><strong>eorum</strong></span> <span class='ocrx_word' id='word_1_199' title='bbox 438 1534 560 1590; x_wconf 69' lang='lat' dir='ltr'><strong>quae</strong></span> <span class='ocrx_word' id='word_1_200' title='bbox 606 1529 752 1574; x_wconf 85' lang='lat' dir='ltr'><strong>sunt.</strong></span> <span class='ocrx_word' id='word_1_201' title='bbox 801 1483 970 1572; x_wconf 67' lang='lat' dir='ltr'><strong>Infert</strong></span> <span class='ocrx_word' id='word_1_202' title='bbox 1005 1483 1180 1586; x_wconf 69' lang='lat' dir='ltr'><strong>igitur</strong></span> <span class='ocrx_word' id='word_1_203' title='bbox 1223 1528 1251 1567; x_wconf 89' lang='lat' dir='ltr'><strong>a</strong></span> <span class='ocrx_word' id='word_1_204' title='bbox 1282 1483 1515 1579; x_wconf 55' lang='lat' dir='ltr'><strong>minori,</strong></span> <span class='ocrx_word' id='word_1_205' title='bbox 1566 1500 1786 1574; x_wconf 80' lang='lat' dir='ltr'><strong>angelos</strong></span> <span class='ocrx_word' id='word_1_206' title='bbox 1813 1497 1976 1553; x_wconf 89' lang='lat' dir='ltr'><strong>etiam</strong></span> <span class='ocrx_word' id='word_1_207' title='bbox 2009 1491 2153 1548; x_wconf 86' lang='lat' dir='ltr'><strong>scire</strong></span> <span class='ocrx_word' id='word_1_208' title='bbox 2215 1483 2521 1548; x_wconf 87' lang='lat' dir='ltr'><strong>sensibilia,</strong></span> 
     </span>
    </p>
   </div>
   <div class='ocr_carea' id='block_1_26' title="bbox 209 1568 2738 1681">
    <p class='ocr_par' dir='ltr' id='par_1_26' title="bbox 209 1568 2738 1681">
     <span class='ocr_line' id='line_1_29' title="bbox 210 1568 1664 1590; baseline -0.003 -12"><span class='ocrx_word' id='word_1_209' title='bbox 210 1568 406 1578; x_wconf 61' lang='grc' dir='ltr'><strong>πη---</strong></span> <span class='ocrx_word' id='word_1_210' title='bbox 441 1568 558 1590; x_wconf 60' lang='grc' dir='ltr'><strong>τη</strong></span> <span class='ocrx_word' id='word_1_211' title='bbox 606 1568 751 1574; x_wconf 79' lang='lat'><strong>-_----</strong></span> <span class='ocrx_word' id='word_1_212' title='bbox 1032 1568 1105 1586; x_wconf 47' lang='lat' dir='ltr'><strong>u,</strong></span> <span class='ocrx_word' id='word_1_213' title='bbox 1481 1568 1509 1579; x_wconf 88' lang='lat'><strong>.-</strong></span> <span class='ocrx_word' id='word_1_214' title='bbox 1639 1568 1664 1574; x_wconf 76' lang='lat'><strong>-</strong></span> 
     </span>
     <span class='ocr_line' id='line_1_30' title="bbox 209 1568 2738 1681; baseline -0.014 -12"><span class='ocrx_word' id='word_1_215' title='bbox 209 1614 405 1678; x_wconf 87' lang='lat' dir='ltr'><strong>rendo,</strong></span> <span class='ocrx_word' id='word_1_216' title='bbox 427 1612 522 1668; x_wconf 90' lang='lat' dir='ltr'><strong>sed</strong></span> <span class='ocrx_word' id='word_1_217' title='bbox 556 1626 654 1681; x_wconf 91' lang='lat' dir='ltr'><strong>per</strong></span> <span class='ocrx_word' id='word_1_218' title='bbox 684 1611 941 1664; x_wconf 82' lang='lat' dir='ltr'><strong>virtutem</strong></span> <span class='ocrx_word' id='word_1_219' title='bbox 970 1606 1477 1670; x_wconf 84' lang='lat' dir='ltr'><strong>transcendentem,</strong></span> <span class='ocrx_word' id='word_1_220' title='bbox 1532 1601 1599 1655; x_wconf 87' lang='lat' dir='ltr'><strong>iis</strong></span> <span class='ocrx_word' id='word_1_221' title='bbox 1647 1588 2005 1652; x_wconf 90' lang='lat' dir='ltr'><strong>attendendo.</strong></span> <span class='ocrx_word' id='word_1_222' title='bbox 2071 1581 2176 1650; x_wconf 83' lang='lat' dir='ltr'><strong>Qui</strong></span> <span class='ocrx_word' id='word_1_223' title='bbox 2227 1578 2372 1634; x_wconf 86' lang='lat' dir='ltr'><strong>enim</strong></span> <span class='ocrx_word' id='word_1_224' title='bbox 2411 1587 2634 1634; x_wconf 81' lang='lat' dir='ltr'><strong>coram</strong></span> <span class='ocrx_word' id='word_1_225' title='bbox 2660 1568 2738 1625; x_wconf 74' lang='lat' dir='ltr'><strong>Ge</strong></span> 
     </span>
    </p>
   </div>
   <div class='ocr_carea' id='block_1_27' title="bbox 1821 1647 3461 1740">
    <p class='ocr_par' dir='ltr' id='par_1_27' title="bbox 1821 1647 3461 1740">
     <span class='ocr_line' id='line_1_31' title="bbox 1821 1647 3461 1740; baseline -0.024 -4"><span class='ocrx_word' id='word_1_226' title='bbox 1821 1682 1962 1739; x_wconf 89' lang='lat' dir='ltr'><strong>sicut</strong></span> <span class='ocrx_word' id='word_1_227' title='bbox 1998 1690 2122 1739; x_wconf 89' lang='lat' dir='ltr'><strong>nos,</strong></span> <span class='ocrx_word' id='word_1_228' title='bbox 2164 1673 2344 1740; x_wconf 81' lang='lat' dir='ltr'><strong>ignem</strong></span> <span class='ocrx_word' id='word_1_229' title='bbox 2375 1667 2724 1726; x_wconf 88' lang='lat' dir='ltr'><strong>comburere,</strong></span> <span class='ocrx_word' id='word_1_230' title='bbox 2757 1657 2850 1713; x_wconf 88' lang='lat' dir='ltr'><strong>sed</strong></span> <span class='ocrx_word' id='word_1_231' title='bbox 2916 1650 3218 1709; x_wconf 91' lang='lat' dir='ltr'><strong>sublimiori</strong></span> <span class='ocrx_word' id='word_1_232' title='bbox 3280 1647 3461 1707; x_wconf 79' lang='lat' dir='ltr'><strong>modo,</strong></span> 
     </span>
    </p>
   </div>
   <div class='ocr_carea' id='block_1_28' title="bbox 212 1697 1786 1774">
    <p class='ocr_par' dir='ltr' id='par_1_28' title="bbox 212 1697 1786 1774">
     <span class='ocr_line' id='line_1_32' title="bbox 212 1697 1786 1774; baseline -0.011 -15"><span class='ocrx_word' id='word_1_233' title='bbox 212 1705 399 1759; x_wconf 81' lang='lat' dir='ltr'><strong>ficium</strong></span> <span class='ocrx_word' id='word_1_234' title='bbox 425 1719 490 1760; x_wconf 79' lang='lat' dir='ltr'><strong>ex</strong></span> <span class='ocrx_word' id='word_1_235' title='bbox 520 1711 675 1774; x_wconf 88' lang='lat' dir='ltr'><strong>petra</strong></span> <span class='ocrx_word' id='word_1_236' title='bbox 705 1700 981 1769; x_wconf 82' lang='lat' dir='ltr'><strong>ejiciebat,</strong></span> <span class='ocrx_word' id='word_1_237' title='bbox 1013 1714 1119 1754; x_wconf 92' lang='lat' dir='ltr'><strong>non</strong></span> <span class='ocrx_word' id='word_1_238' title='bbox 1143 1697 1390 1768; x_wconf 81' lang='lat' dir='ltr'><strong>percepit</strong></span> <span class='ocrx_word' id='word_1_239' title='bbox 1423 1708 1550 1749; x_wconf 91' lang='lat' dir='ltr'><strong>eum</strong></span> <span class='ocrx_word' id='word_1_240' title='bbox 1600 1703 1786 1752; x_wconf 88' lang='lat' dir='ltr'><strong>sensu,</strong></span> 
     </span>
    </p>
   </div>
   <div class='ocr_carea' id='block_1_29' title="bbox 209 1785 1961 1853">
    <p class='ocr_par' dir='ltr' id='par_1_29' title="bbox 209 1785 1961 1853">
     <span class='ocr_line' id='line_1_33' title="bbox 209 1785 1961 1853; baseline -0.013 -1"><span class='ocrx_word' id='word_1_241' title='bbox 209 1807 272 1853; x_wconf 88' lang='lat' dir='ltr'><strong>et</strong></span> <span class='ocrx_word' id='word_1_242' title='bbox 316 1796 612 1852; x_wconf 91' lang='lat' dir='ltr'><strong>secundum</strong></span> <span class='ocrx_word' id='word_1_243' title='bbox 630 1795 952 1851; x_wconf 88' lang='lat' dir='ltr'><strong>deiformem</strong></span> <span class='ocrx_word' id='word_1_244' title='bbox 981 1807 1133 1848; x_wconf 90' lang='lat' dir='ltr'><strong>suam</strong></span> <span class='ocrx_word' id='word_1_245' title='bbox 1171 1791 1453 1845; x_wconf 86' lang='lat' dir='ltr'><strong>virtutem.</strong></span> <span class='ocrx_word' id='word_1_246' title='bbox 1501 1786 1560 1841; x_wconf 88' lang='lat' dir='ltr'><strong>Si</strong></span> <span class='ocrx_word' id='word_1_247' title='bbox 1603 1785 1789 1850; x_wconf 89' lang='lat' dir='ltr'><strong>itaque</strong></span> <span class='ocrx_word' id='word_1_248' title='bbox 1823 1787 1961 1844; x_wconf 87' lang='lat' dir='ltr'><strong>auge</strong></span> 
     </span>
    </p>
   </div>
   <div class='ocr_carea' id='block_1_30' title="bbox 2243 1279 3455 1361">
    <p class='ocr_par' dir='ltr' id='par_1_30' title="bbox 2243 1279 3455 1361">
     <span class='ocr_line' id='line_1_34' title="bbox 2243 1279 3455 1361; baseline -0.021 -5"><span class='ocrx_word' id='word_1_249' title='bbox 2243 1316 2276 1355; x_wconf 91' lang='lat' dir='ltr'><strong>n</strong></span> <span class='ocrx_word' id='word_1_250' title='bbox 2325 1311 2491 1354; x_wconf 89' lang='lat' dir='ltr'><strong>causa</strong></span> <span class='ocrx_word' id='word_1_251' title='bbox 2525 1292 2764 1361; x_wconf 87' lang='lat' dir='ltr'><strong>seipsam</strong></span> <span class='ocrx_word' id='word_1_252' title='bbox 2830 1285 2999 1341; x_wconf 91' lang='lat' dir='ltr'><strong>etiam</strong></span> <span class='ocrx_word' id='word_1_253' title='bbox 3049 1297 3081 1336; x_wconf 90' lang='lat' dir='ltr'><strong>a</strong></span> <span class='ocrx_word' id='word_1_254' title='bbox 3141 1279 3321 1347; x_wconf 87' lang='lat' dir='ltr'><strong>seipsa</strong></span> <span class='ocrx_word' id='word_1_255' title='bbox 3359 1291 3455 1332; x_wconf 90' lang='lat' dir='ltr'><strong>co-</strong></span> 
     </span>
    </p>
   </div>
   <div class='ocr_carea' id='block_1_31' title="bbox 2619 1371 3459 1451">
    <p class='ocr_par' dir='ltr' id='par_1_31' title="bbox 2619 1371 3459 1451">
     <span class='ocr_line' id='line_1_35' title="bbox 2619 1371 3459 1451; baseline -0.02 -12"><span class='ocrx_word' id='word_1_256' title='bbox 2619 1384 2704 1439; x_wconf 91' lang='lat' dir='ltr'><strong>sui</strong></span> <span class='ocrx_word' id='word_1_257' title='bbox 2733 1374 2940 1451; x_wconf 70' lang='lat' dir='ltr'><strong>ipsius,’</strong></span> <span class='ocrx_word' id='word_1_258' title='bbox 2982 1384 3036 1430; x_wconf 89' lang='lat' dir='ltr'><strong>et</strong></span> <span class='ocrx_word' id='word_1_259' title='bbox 3065 1388 3174 1429; x_wconf 89' lang='lat' dir='ltr'><strong>non</strong></span> <span class='ocrx_word' id='word_1_260' title='bbox 3231 1371 3459 1427; x_wconf 87' lang='lat' dir='ltr'><strong>scientia</strong></span> 
     </span>
    </p>
   </div>
   <div class='ocr_carea' id='block_1_32' title="bbox 2576 1465 3462 1544">
    <p class='ocr_par' dir='ltr' id='par_1_32' title="bbox 2576 1465 3462 1544">
     <span class='ocr_line' id='line_1_36' title="bbox 2576 1465 3462 1544; baseline -0.018 -11"><span class='ocrx_word' id='word_1_261' title='bbox 2576 1492 2684 1533; x_wconf 90' lang='lat' dir='ltr'><strong>non</strong></span> <span class='ocrx_word' id='word_1_262' title='bbox 2757 1488 2856 1544; x_wconf 90' lang='lat' dir='ltr'><strong>per</strong></span> <span class='ocrx_word' id='word_1_263' title='bbox 2897 1483 3092 1526; x_wconf 88' lang='lat' dir='ltr'><strong>sensus</strong></span> <span class='ocrx_word' id='word_1_264' title='bbox 3131 1466 3238 1521; x_wconf 87' lang='lat' dir='ltr'><strong>illis</strong></span> <span class='ocrx_word' id='word_1_265' title='bbox 3292 1465 3462 1519; x_wconf 82' lang='lat' dir='ltr'><strong>inhae-</strong></span> 
     </span>
    </p>
   </div>
   <div class='ocr_carea' id='block_1_33' title="bbox 2742 1557 3465 1633">
    <p class='ocr_par' dir='ltr' id='par_1_33' title="bbox 2742 1557 3465 1633">
     <span class='ocr_line' id='line_1_37' title="bbox 2742 1557 3465 1633; baseline -0.019 -10"><span class='ocrx_word' id='word_1_266' title='bbox 2742 1568 2916 1622; x_wconf 89' lang='lat' dir='ltr'><strong>deone</strong></span> <span class='ocrx_word' id='word_1_267' title='bbox 2951 1563 3132 1633; x_wconf 88' lang='lat' dir='ltr'><strong>ignem</strong></span> <span class='ocrx_word' id='word_1_268' title='bbox 3180 1558 3234 1613; x_wconf 91' lang='lat' dir='ltr'><strong>in</strong></span> <span class='ocrx_word' id='word_1_269' title='bbox 3291 1557 3465 1612; x_wconf 89' lang='lat' dir='ltr'><strong>sacri-</strong></span> 
     </span>
    </p>
   </div>
   <div class='ocr_carea' id='block_1_34' title="bbox 1965 1748 3464 1827">
    <p class='ocr_par' dir='ltr' id='par_1_34' title="bbox 1965 1748 3464 1827">
     <span class='ocr_line' id='line_1_38' title="bbox 1965 1748 3464 1827; baseline -0.022 -3"><span class='ocrx_word' id='word_1_270' title='bbox 1965 1771 2000 1824; x_wconf 92' lang='lat' dir='ltr'><strong>li</strong></span> <span class='ocrx_word' id='word_1_271' title='bbox 2026 1763 2286 1823; x_wconf 91' lang='lat' dir='ltr'><strong>nobiliori</strong></span> <span class='ocrx_word' id='word_1_272' title='bbox 2311 1759 2473 1816; x_wconf 91' lang='lat' dir='ltr'><strong>modo</strong></span> <span class='ocrx_word' id='word_1_273' title='bbox 2507 1769 2672 1827; x_wconf 88' lang='lat' dir='ltr'><strong>quam</strong></span> <span class='ocrx_word' id='word_1_274' title='bbox 2711 1748 3007 1807; x_wconf 87' lang='lat' dir='ltr'><strong>secundum</strong></span> <span class='ocrx_word' id='word_1_275' title='bbox 3049 1756 3272 1800; x_wconf 87' lang='lat' dir='ltr'><strong>sensum</strong></span> <span class='ocrx_word' id='word_1_276' title='bbox 3336 1753 3464 1794; x_wconf 86' lang='lat' dir='ltr'><strong>sen-</strong></span> 
     </span>
    </p>
   </div>
   <div class='ocr_carea' id='block_1_35' title="bbox 211 1859 2182 1959">
    <p class='ocr_par' dir='ltr' id='par_1_35' title="bbox 211 1859 2182 1959">
     <span class='ocr_line' id='line_1_39' title="bbox 211 1859 2182 1959; baseline -0.018 -13"><span class='ocrx_word' id='word_1_277' title='bbox 211 1892 340 1946; x_wconf 91' lang='lat' dir='ltr'><strong>silia</strong></span> <span class='ocrx_word' id='word_1_278' title='bbox 367 1899 728 1959; x_wconf 75' lang='lat' dir='ltr'><strong>cognoscant,</strong></span> <span class='ocrx_word' id='word_1_279' title='bbox 755 1896 960 1959; x_wconf 88' lang='lat' dir='ltr'><strong>quanto</strong></span> <span class='ocrx_word' id='word_1_280' title='bbox 984 1887 1156 1956; x_wconf 85' lang='lat' dir='ltr'><strong>magis</strong></span> <span class='ocrx_word' id='word_1_281' title='bbox 1190 1885 1334 1940; x_wconf 90' lang='lat' dir='ltr'><strong>Deus</strong></span> <span class='ocrx_word' id='word_1_282' title='bbox 1355 1874 1795 1937; x_wconf 82' lang='lat' dir='ltr'><strong>immaterialiter</strong></span> <span class='ocrx_word' id='word_1_283' title='bbox 1833 1859 2182 1922; x_wconf 87' lang='lat' dir='ltr'><strong>materialia?</strong></span> 
     </span>
    </p>
   </div>
   <div class='ocr_carea' id='block_1_36' title="bbox 289 1983 1110 2058">
    <p class='ocr_par' dir='ltr' id='par_1_36' title="bbox 289 1983 1110 2058">
     <span class='ocr_line' id='line_1_40' title="bbox 289 1983 1110 2058; baseline -0.006 -19"><span class='ocrx_word' id='word_1_284' title='bbox 289 1986 317 2058; x_wconf 86' lang='lat'><strong>§</strong></span> <span class='ocrx_word' id='word_1_285' title='bbox 355 1986 448 2038; x_wconf 87' lang='lat' dir='ltr'><strong>III.</strong></span> <span class='ocrx_word' id='word_1_286' title='bbox 500 1985 624 2037; x_wconf 79' lang='grc' dir='ltr'>Ἐπί</span> <span class='ocrx_word' id='word_1_287' title='bbox 652 1983 860 2046; x_wconf 84' lang='grc' dir='ltr'><strong>τούτοις</strong></span> <span class='ocrx_word' id='word_1_288' title='bbox 883 1983 1110 2055; x_wconf 86' lang='grc' dir='ltr'>ἀπορεῖ,</span> 
     </span>
    </p>
   </div>
   <div class='ocr_carea' id='block_1_37' title="bbox 209 2057 1794 2146">
    <p class='ocr_par' dir='ltr' id='par_1_37' title="bbox 209 2057 1794 2146">
     <span class='ocr_line' id='line_1_41' title="bbox 209 2057 1794 2146; baseline -0.008 -18"><span class='ocrx_word' id='word_1_289' title='bbox 209 2074 506 2144; x_wconf 80' lang='grc' dir='ltr'>γινώσκειν</span> <span class='ocrx_word' id='word_1_290' title='bbox 526 2073 819 2146; x_wconf 86' lang='grc' dir='ltr'>λεγόμεθα,</span> <span class='ocrx_word' id='word_1_291' title='bbox 846 2075 940 2127; x_wconf 67' lang='grc' dir='ltr'>καὶ</span> <span class='ocrx_word' id='word_1_292' title='bbox 962 2073 1100 2144; x_wconf 80' lang='grc' dir='ltr'>ὑπὲρ</span> <span class='ocrx_word' id='word_1_293' title='bbox 1121 2070 1189 2124; x_wconf 83' lang='grc' dir='ltr'>τὰ</span> <span class='ocrx_word' id='word_1_294' title='bbox 1221 2069 1405 2141; x_wconf 82' lang='grc' dir='ltr'>νοητά,</span> <span class='ocrx_word' id='word_1_295' title='bbox 1437 2067 1530 2122; x_wconf 64' lang='grc' dir='ltr'>καὶ</span> <span class='ocrx_word' id='word_1_296' title='bbox 1555 2063 1694 2132; x_wconf 82' lang='grc' dir='ltr'>ὑπὲρ</span> <span class='ocrx_word' id='word_1_297' title='bbox 1724 2057 1794 2111; x_wconf 76' lang='grc' dir='ltr'>τὰ</span> 
     </span>
    </p>
   </div>
   <div class='ocr_carea' id='block_1_38' title="bbox 208 2156 1793 2240">
    <p class='ocr_par' dir='ltr' id='par_1_38' title="bbox 208 2156 1793 2240">
     <span class='ocr_line' id='line_1_42' title="bbox 208 2156 1793 2240; baseline -0.009 -18"><span class='ocrx_word' id='word_1_298' title='bbox 208 2167 452 2240; x_wconf 83' lang='grc' dir='ltr'>αἰσθητά</span> <span class='ocrx_word' id='word_1_299' title='bbox 477 2167 820 2240; x_wconf 81' lang='grc' dir='ltr'>ὑπεροχικῶς</span> <span class='ocrx_word' id='word_1_300' title='bbox 846 2167 994 2220; x_wconf 74' lang='grc' dir='ltr'>ὄντα.</span> <span class='ocrx_word' id='word_1_301' title='bbox 1041 2165 1260 2236; x_wconf 80' lang='grc' dir='ltr'>Ἀληθὲς</span> <span class='ocrx_word' id='word_1_302' title='bbox 1285 2164 1414 2234; x_wconf 86' lang='grc' dir='ltr'>γοῦν</span> <span class='ocrx_word' id='word_1_303' title='bbox 1440 2161 1606 2229; x_wconf 82' lang='grc' dir='ltr'><strong>λέγει,</strong></span> <span class='ocrx_word' id='word_1_304' title='bbox 1627 2158 1710 2210; x_wconf 81' lang='grc' dir='ltr'><strong>ὅτι</strong></span> <span class='ocrx_word' id='word_1_305' title='bbox 1728 2156 1793 2225; x_wconf 83' lang='grc' dir='ltr'>τῇ</span> 
     </span>
    </p>
   </div>
   <div class='ocr_carea' id='block_1_39' title="bbox 211 2247 1796 2334">
    <p class='ocr_par' dir='ltr' id='par_1_39' title="bbox 211 2247 1796 2334">
     <span class='ocr_line' id='line_1_43' title="bbox 211 2247 1796 2334; baseline -0.015 -13"><span class='ocrx_word' id='word_1_306' title='bbox 211 2265 384 2321; x_wconf 78' lang='grc' dir='ltr'>αὑτοῦ</span> <span class='ocrx_word' id='word_1_307' title='bbox 407 2262 565 2334; x_wconf 82' lang='grc' dir='ltr'>φύσει</span> <span class='ocrx_word' id='word_1_308' title='bbox 587 2260 864 2330; x_wconf 81' lang='grc' dir='ltr'>ἄγνωστός</span> <span class='ocrx_word' id='word_1_309' title='bbox 898 2262 1045 2313; x_wconf 89' lang='grc' dir='ltr'>ἐστιν</span> <span class='ocrx_word' id='word_1_310' title='bbox 1069 2260 1097 2310; x_wconf 87' lang='grc' dir='ltr'>ὁ</span> <span class='ocrx_word' id='word_1_311' title='bbox 1135 2257 1268 2321; x_wconf 82' lang='grc' dir='ltr'>Θεὸς</span> <span class='ocrx_word' id='word_1_312' title='bbox 1288 2297 1302 2321; x_wconf 88' lang='grc'><strong>,</strong></span> <span class='ocrx_word' id='word_1_313' title='bbox 1336 2255 1446 2308; x_wconf 78' lang='grc' dir='ltr'>ἀλλ’</span> <span class='ocrx_word' id='word_1_314' title='bbox 1488 2256 1522 2323; x_wconf 83' lang='grc' dir='ltr'>ἡ</span> <span class='ocrx_word' id='word_1_315' title='bbox 1557 2250 1663 2303; x_wconf 92' lang='grc' dir='ltr'><strong>τῶν</strong></span> <span class='ocrx_word' id='word_1_316' title='bbox 1699 2247 1796 2317; x_wconf 83' lang='grc' dir='ltr'>δη·-</span> 
     </span>
    </p>
   </div>
   <div class='ocr_carea' id='block_1_40' title="bbox 217 2341 1797 2430">
    <p class='ocr_par' dir='ltr' id='par_1_40' title="bbox 217 2341 1797 2430">
     <span class='ocr_line' id='line_1_44' title="bbox 217 2341 1797 2430; baseline -0.012 -18"><span class='ocrx_word' id='word_1_317' title='bbox 217 2357 655 2430; x_wconf 83' lang='grc' dir='ltr'>μιουργημάτων</span> <span class='ocrx_word' id='word_1_318' title='bbox 683 2353 933 2424; x_wconf 83' lang='grc' dir='ltr'>καλλονὴ,</span> <span class='ocrx_word' id='word_1_319' title='bbox 965 2351 1056 2404; x_wconf 80' lang='grc' dir='ltr'><strong>τὸν</strong></span> <span class='ocrx_word' id='word_1_320' title='bbox 1095 2348 1477 2422; x_wconf 83' lang='grc' dir='ltr'>γενεσιουργὸν</span> <span class='ocrx_word' id='word_1_321' title='bbox 1497 2387 1510 2411; x_wconf 91' lang='grc'><strong>,</strong></span> <span class='ocrx_word' id='word_1_322' title='bbox 1546 2341 1797 2397; x_wconf 78' lang='grc' dir='ltr'>τουτέστι</span> 
     </span>
    </p>
   </div>
   <div class='ocr_carea' id='block_1_41' title="bbox 209 2432 1797 2516">
    <p class='ocr_par' dir='ltr' id='par_1_41' title="bbox 209 2432 1797 2516">
     <span class='ocr_line' id='line_1_45' title="bbox 209 2432 1797 2516; baseline -0.013 -11"><span class='ocrx_word' id='word_1_323' title='bbox 209 2451 315 2504; x_wconf 83' lang='grc' dir='ltr'><strong>τὸν</strong></span> <span class='ocrx_word' id='word_1_324' title='bbox 352 2451 411 2501; x_wconf 85' lang='grc' dir='ltr'><strong>ἐν</strong></span> <span class='ocrx_word' id='word_1_325' title='bbox 432 2447 642 2516; x_wconf 81' lang='grc' dir='ltr'>γενέσει</span> <span class='ocrx_word' id='word_1_326' title='bbox 664 2432 913 2516; x_wconf 76' lang='grc' dir='ltr'>ποιητὴν,</span> <span class='ocrx_word' id='word_1_327' title='bbox 935 2441 1158 2514; x_wconf 85' lang='grc' dir='ltr'>μηνύει·</span> <span class='ocrx_word' id='word_1_328' title='bbox 1186 2442 1220 2511; x_wconf 79' lang='grc' dir='ltr'>ἡ</span> <span class='ocrx_word' id='word_1_329' title='bbox 1235 2439 1344 2511; x_wconf 85' lang='grc' dir='ltr'>γὰρ</span> <span class='ocrx_word' id='word_1_330' title='bbox 1362 2439 1470 2491; x_wconf 88' lang='grc' dir='ltr'><strong>τῶν</strong></span> <span class='ocrx_word' id='word_1_331' title='bbox 1487 2435 1797 2506; x_wconf 87' lang='grc' dir='ltr'>κτισμάτων</span> 
     </span>
    </p>
   </div>
   <div class='ocr_carea' id='block_1_42' title="bbox 211 2525 1799 2608">
    <p class='ocr_par' dir='ltr' id='par_1_42' title="bbox 211 2525 1799 2608">
     <span class='ocr_line' id='line_1_46' title="bbox 211 2525 1799 2608; baseline -0.012 -11"><span class='ocrx_word' id='word_1_332' title='bbox 211 2540 463 2608; x_wconf 84' lang='grc' dir='ltr'>διάταξις</span> <span class='ocrx_word' id='word_1_333' title='bbox 493 2539 700 2602; x_wconf 78' lang='grc' dir='ltr'>εἰκόνες</span> <span class='ocrx_word' id='word_1_334' title='bbox 721 2537 866 2600; x_wconf 80' lang='grc' dir='ltr'>τινὲς</span> <span class='ocrx_word' id='word_1_335' title='bbox 890 2537 985 2590; x_wconf 76' lang='grc' dir='ltr'><strong>καὶ</strong></span> <span class='ocrx_word' id='word_1_336' title='bbox 1011 2533 1330 2606; x_wconf 84' lang='grc' dir='ltr'>ὁμοιώματα</span> <span class='ocrx_word' id='word_1_337' title='bbox 1367 2531 1472 2584; x_wconf 87' lang='grc' dir='ltr'><strong>τῶν</strong></span> <span class='ocrx_word' id='word_1_338' title='bbox 1497 2532 1556 2584; x_wconf 84' lang='grc' dir='ltr'><strong>ἐν</strong></span> <span class='ocrx_word' id='word_1_339' title='bbox 1578 2528 1653 2598; x_wconf 80' lang='grc' dir='ltr'>τῷ</span> <span class='ocrx_word' id='word_1_340' title='bbox 1681 2525 1799 2596; x_wconf 86' lang='grc' dir='ltr'>Θεῴ</span> 
     </span>
    </p>
   </div>
   <div class='ocr_carea' id='block_1_43' title="bbox 218 2618 1798 2704">
    <p class='ocr_par' dir='ltr' id='par_1_43' title="bbox 218 2618 1798 2704">
     <span class='ocr_line' id='line_1_47' title="bbox 218 2618 1798 2704; baseline -0.012 -16"><span class='ocrx_word' id='word_1_341' title='bbox 218 2631 684 2704; x_wconf 79' lang='grc' dir='ltr'>παραδειγμάτων</span> <span class='ocrx_word' id='word_1_342' title='bbox 716 2630 810 2682; x_wconf 74' lang='grc' dir='ltr'><strong>καὶ</strong></span> <span class='ocrx_word' id='word_1_343' title='bbox 848 2625 1253 2699; x_wconf 80' lang='grc' dir='ltr'>δημιουργικῶν</span> <span class='ocrx_word' id='word_1_344' title='bbox 1294 2623 1468 2692; x_wconf 87' lang='grc' dir='ltr'>λόγων</span> <span class='ocrx_word' id='word_1_345' title='bbox 1513 2621 1637 2682; x_wconf 77' lang='grc' dir='ltr'>εἰσὶ,</span> <span class='ocrx_word' id='word_1_346' title='bbox 1678 2618 1798 2671; x_wconf 87' lang='grc' dir='ltr'>καθ’</span> 
     </span>
    </p>
   </div>
   <div class='ocr_carea' id='block_1_44' title="bbox 217 2709 1801 2791">
    <p class='ocr_par' dir='ltr' id='par_1_44' title="bbox 217 2709 1801 2791">
     <span class='ocr_line' id='line_1_48' title="bbox 217 2709 1801 2791; baseline -0.012 -12"><span class='ocrx_word' id='word_1_347' title='bbox 217 2724 319 2790; x_wconf 75' lang='grc' dir='ltr'><strong>οὓς</strong></span> <span class='ocrx_word' id='word_1_348' title='bbox 340 2724 554 2778; x_wconf 73' lang='grc' dir='ltr'>ἅπαντα</span> <span class='ocrx_word' id='word_1_349' title='bbox 587 2725 644 2774; x_wconf 85' lang='grc' dir='ltr'><strong>ἐν</strong></span> <span class='ocrx_word' id='word_1_350' title='bbox 682 2719 828 2791; x_wconf 82' lang='grc' dir='ltr'><strong>αὐτῷ</strong></span> <span class='ocrx_word' id='word_1_351' title='bbox 864 2719 993 2772; x_wconf 71' lang='grc' dir='ltr'>ὄντα</span> <span class='ocrx_word' id='word_1_352' title='bbox 1045 2716 1435 2788; x_wconf 84' lang='grc' dir='ltr'>παρήχθησαν,</span> <span class='ocrx_word' id='word_1_353' title='bbox 1476 2709 1657 2774; x_wconf 87' lang='grc' dir='ltr'>καθὼς</span> <span class='ocrx_word' id='word_1_354' title='bbox 1709 2709 1801 2763; x_wconf 77' lang='grc' dir='ltr'><strong>καὶ</strong></span> 
     </span>
    </p>
   </div>
   <div class='ocr_carea' id='block_1_45' title="bbox 218 2800 1802 2885">
    <p class='ocr_par' dir='ltr' id='par_1_45' title="bbox 218 2800 1802 2885">
     <span class='ocr_line' id='line_1_49' title="bbox 218 2800 1802 2885; baseline -0.011 -17"><span class='ocrx_word' id='word_1_355' title='bbox 218 2819 285 2868; x_wconf 88' lang='grc' dir='ltr'><strong>ἐν</strong></span> <span class='ocrx_word' id='word_1_356' title='bbox 321 2817 389 2885; x_wconf 86' lang='grc' dir='ltr'>τῇ</span> <span class='ocrx_word' id='word_1_357' title='bbox 439 2811 801 2882; x_wconf 75' lang='grc' dir='ltr'>Ἀποκαλύψει</span> <span class='ocrx_word' id='word_1_358' title='bbox 830 2809 924 2863; x_wconf 88' lang='grc' dir='ltr'><strong>τοῦ</strong></span> <span class='ocrx_word' id='word_1_359' title='bbox 956 2808 1204 2876; x_wconf 58' lang='grc' dir='ltr'>θεολόγοι)</span> <span class='ocrx_word' id='word_1_360' title='bbox 1251 2805 1493 2858; x_wconf 78' lang='grc' dir='ltr'>Ἰωάννου</span> <span class='ocrx_word' id='word_1_361' title='bbox 1523 2804 1615 2854; x_wconf 70' lang='grc' dir='ltr'>καὶ</span> <span class='ocrx_word' id='word_1_362' title='bbox 1642 2800 1802 2868; x_wconf 81' lang='grc' dir='ltr'>εὐαγ-</span> 
     </span>
    </p>
   </div>
   <div class='ocr_carea' id='block_1_46' title="bbox 143 2893 1795 2976">
    <p class='ocr_par' dir='ltr' id='par_1_46' title="bbox 143 2893 1795 2976">
     <span class='ocr_line' id='line_1_50' title="bbox 143 2893 1795 2976; baseline -0.013 -14"><span class='ocrx_word' id='word_1_363' title='bbox 143 2967 147 2970; x_wconf 94' lang='lat'>_</span> <span class='ocrx_word' id='word_1_364' title='bbox 219 2906 476 2976; x_wconf 86' lang='grc' dir='ltr'>γελιστοῦ</span> <span class='ocrx_word' id='word_1_365' title='bbox 497 2905 735 2974; x_wconf 79' lang='grc' dir='ltr'>λέγεται,</span> <span class='ocrx_word' id='word_1_366' title='bbox 757 2904 839 2955; x_wconf 83' lang='grc' dir='ltr'><strong>ὅτι</strong></span> <span class='ocrx_word' id='word_1_367' title='bbox 861 2901 928 2954; x_wconf 84' lang='grc' dir='ltr'><strong>τά</strong></span> <span class='ocrx_word' id='word_1_368' title='bbox 963 2901 1140 2954; x_wconf 89' lang='grc' dir='ltr'>πάντα</span> <span class='ocrx_word' id='word_1_369' title='bbox 1177 2893 1318 2969; x_wconf 80' lang='grc' dir='ltr'>ἦσαν</span> <span class='ocrx_word' id='word_1_370' title='bbox 1358 2895 1452 2947; x_wconf 76' lang='grc' dir='ltr'><strong>καὶ</strong></span> <span class='ocrx_word' id='word_1_371' title='bbox 1482 2893 1795 2962; x_wconf 86' lang='grc' dir='ltr'>γεγόνασιν·</span> 
     </span>
    </p>
   </div>
   <div class='ocr_carea' id='block_1_47' title="bbox 217 2979 1801 3071">
    <p class='ocr_par' dir='ltr' id='par_1_47' title="bbox 217 2979 1801 3071">
     <span class='ocr_line' id='line_1_51' title="bbox 217 2979 1801 3071; baseline -0.013 -17"><span class='ocrx_word' id='word_1_372' title='bbox 217 2997 368 3071; x_wconf 77' lang='grc' dir='ltr'>ἦσαν</span> <span class='ocrx_word' id='word_1_373' title='bbox 401 2999 513 3070; x_wconf 84' lang='grc' dir='ltr'>γὰρ</span> <span class='ocrx_word' id='word_1_374' title='bbox 532 2997 600 3051; x_wconf 76' lang='grc' dir='ltr'><strong>τά</strong></span> <span class='ocrx_word' id='word_1_375' title='bbox 626 2997 735 3049; x_wconf 88' lang='grc' dir='ltr'><strong>τῶν</strong></span> <span class='ocrx_word' id='word_1_376' title='bbox 764 2994 1078 3065; x_wconf 84' lang='grc' dir='ltr'>κτισμάτων</span> <span class='ocrx_word' id='word_1_377' title='bbox 1106 2989 1542 3062; x_wconf 86' lang='grc' dir='ltr'>παραδείγματα,</span> <span class='ocrx_word' id='word_1_378' title='bbox 1561 2979 1634 3037; x_wconf 80' lang='grc' dir='ltr'>ὧν</span> <span class='ocrx_word' id='word_1_379' title='bbox 1658 2983 1801 3035; x_wconf 81' lang='grc' dir='ltr'>εἰκό-</span> 
     </span>
    </p>
   </div>
   <div class='ocr_carea' id='block_1_48' title="bbox 223 3075 1803 3161">
    <p class='ocr_par' dir='ltr' id='par_1_48' title="bbox 223 3075 1803 3161">
     <span class='ocr_line' id='line_1_52' title="bbox 223 3075 1803 3161; baseline -0.013 -14"><span class='ocrx_word' id='word_1_380' title='bbox 223 3111 320 3156; x_wconf 89' lang='grc' dir='ltr'><strong>νες</strong></span> <span class='ocrx_word' id='word_1_381' title='bbox 367 3093 437 3145; x_wconf 76' lang='grc' dir='ltr'>τὰ</span> <span class='ocrx_word' id='word_1_382' title='bbox 479 3091 578 3161; x_wconf 79' lang='grc' dir='ltr'>τῆς</span> <span class='ocrx_word' id='word_1_383' title='bbox 626 3090 856 3152; x_wconf 84' lang='grc' dir='ltr'>κτίσεως</span> <span class='ocrx_word' id='word_1_384' title='bbox 887 3083 1322 3154; x_wconf 73' lang='grc' dir='ltr'>ἀποτελέσματα.</span> <span class='ocrx_word' id='word_1_385' title='bbox 1367 3081 1453 3133; x_wconf 90' lang='grc' dir='ltr'>Ἑν</span> <span class='ocrx_word' id='word_1_386' title='bbox 1485 3079 1617 3130; x_wconf 80' lang='grc' dir='ltr'>πᾶσι</span> <span class='ocrx_word' id='word_1_387' title='bbox 1675 3075 1803 3144; x_wconf 85' lang='grc' dir='ltr'>γοῦν</span> 
     </span>
    </p>
   </div>
   <div class='ocr_carea' id='block_1_49' title="bbox 224 3173 1805 3255">
    <p class='ocr_par' dir='ltr' id='par_1_49' title="bbox 224 3173 1805 3255">
     <span class='ocr_line' id='line_1_53' title="bbox 224 3173 1805 3255; baseline -0.012 -16"><span class='ocrx_word' id='word_1_388' title='bbox 224 3186 493 3255; x_wconf 83' lang='grc' dir='ltr'>κτίσμασι</span> <span class='ocrx_word' id='word_1_389' title='bbox 517 3183 650 3246; x_wconf 86' lang='grc' dir='ltr'>Θεὸς</span> <span class='ocrx_word' id='word_1_390' title='bbox 672 3180 1021 3251; x_wconf 84' lang='grc' dir='ltr'>γινώσκεται,</span> <span class='ocrx_word' id='word_1_391' title='bbox 1051 3177 1127 3240; x_wconf 82' lang='grc' dir='ltr'>ὡς</span> <span class='ocrx_word' id='word_1_392' title='bbox 1152 3177 1179 3227; x_wconf 85' lang='grc' dir='ltr'>ὁ</span> <span class='ocrx_word' id='word_1_393' title='bbox 1205 3174 1455 3244; x_wconf 85' lang='grc' dir='ltr'>τεχνίτης</span> <span class='ocrx_word' id='word_1_394' title='bbox 1476 3175 1534 3224; x_wconf 88' lang='grc' dir='ltr'><strong>ἐν</strong></span> <span class='ocrx_word' id='word_1_395' title='bbox 1567 3173 1678 3232; x_wconf 83' lang='grc' dir='ltr'>τοῖς</span> <span class='ocrx_word' id='word_1_396' title='bbox 1716 3186 1805 3220; x_wconf 87' lang='grc' dir='ltr'>τε-</span> 
     </span>
    </p>
   </div>
   <div class='ocr_carea' id='block_1_50' title="bbox 225 3262 1804 3351">
    <p class='ocr_par' dir='ltr' id='par_1_50' title="bbox 225 3262 1804 3351">
     <span class='ocr_line' id='line_1_54' title="bbox 225 3262 1804 3351; baseline -0.011 -21"><span class='ocrx_word' id='word_1_397' title='bbox 225 3280 444 3351; x_wconf 81' lang='grc' dir='ltr'>χνητοῖς</span> <span class='ocrx_word' id='word_1_398' title='bbox 468 3293 482 3306; x_wconf 72' lang='grc' dir='ltr'><strong>ο</strong></span> <span class='ocrx_word' id='word_1_399' title='bbox 537 3275 714 3344; x_wconf 83' lang='grc' dir='ltr'>πάντη</span> <span class='ocrx_word' id='word_1_400' title='bbox 766 3273 830 3344; x_wconf 87' lang='grc' dir='ltr'>δὴ</span> <span class='ocrx_word' id='word_1_401' title='bbox 869 3268 1274 3342; x_wconf 80' lang='grc' dir='ltr'>κεχωρισμένος</span> <span class='ocrx_word' id='word_1_402' title='bbox 1313 3267 1432 3319; x_wconf 82' lang='grc' dir='ltr'>κατ’</span> <span class='ocrx_word' id='word_1_403' title='bbox 1474 3263 1660 3316; x_wconf 83' lang='grc' dir='ltr'>οὐσίαν</span> <span class='ocrx_word' id='word_1_404' title='bbox 1697 3262 1804 3314; x_wconf 90' lang='grc' dir='ltr'><strong>τῶν</strong></span> 
     </span>
    </p>
   </div>
   <div class='ocr_carea' id='block_1_51' title="bbox 227 3356 1805 3434">
    <p class='ocr_par' dir='ltr' id='par_1_51' title="bbox 227 3356 1805 3434">
     <span class='ocr_line' id='line_1_55' title="bbox 227 3356 1805 3434; baseline -0.014 -6"><span class='ocrx_word' id='word_1_405' title='bbox 227 3375 484 3428; x_wconf 82' lang='grc' dir='ltr'>πάντων·</span> <span class='ocrx_word' id='word_1_406' title='bbox 525 3369 838 3431; x_wconf 87' lang='grc' dir='ltr'>κάντεῦθεν,</span> <span class='ocrx_word' id='word_1_407' title='bbox 871 3367 1146 3434; x_wconf 83' lang='grc' dir='ltr'>ἄγνωστος</span> <span class='ocrx_word' id='word_1_408' title='bbox 1184 3362 1278 3425; x_wconf 83' lang='grc' dir='ltr'><strong>ῶν,</strong></span> <span class='ocrx_word' id='word_1_409' title='bbox 1320 3364 1384 3414; x_wconf 84' lang='grc' dir='ltr'><strong>ἐκ</strong></span> <span class='ocrx_word' id='word_1_410' title='bbox 1420 3360 1518 3430; x_wconf 81' lang='grc' dir='ltr'>τῆς</span> <span class='ocrx_word' id='word_1_411' title='bbox 1555 3356 1805 3426; x_wconf 82' lang='grc' dir='ltr'>τοιαύτης</span> 
     </span>
    </p>
   </div>
   <div class='ocr_carea' id='block_1_52' title="bbox 226 3449 1805 3536">
    <p class='ocr_par' dir='ltr' id='par_1_52' title="bbox 226 3449 1805 3536">
     <span class='ocr_line' id='line_1_56' title="bbox 226 3449 1805 3536; baseline -0.013 -15"><span class='ocrx_word' id='word_1_412' title='bbox 226 3467 508 3536; x_wconf 82' lang='grc' dir='ltr'>ἀγνωσίας</span> <span class='ocrx_word' id='word_1_413' title='bbox 555 3462 914 3534; x_wconf 86' lang='grc' dir='ltr'>γινώσκεται·</span> <span class='ocrx_word' id='word_1_414' title='bbox 965 3457 1099 3512; x_wconf 85' lang='grc' dir='ltr'>ἀλλὰ</span> <span class='ocrx_word' id='word_1_415' title='bbox 1139 3457 1232 3510; x_wconf 74' lang='grc' dir='ltr'>καὶ</span> <span class='ocrx_word' id='word_1_416' title='bbox 1283 3454 1370 3508; x_wconf 78' lang='grc' dir='ltr'>διὰ</span> <span class='ocrx_word' id='word_1_417' title='bbox 1404 3452 1512 3504; x_wconf 90' lang='grc' dir='ltr'><strong>τῶν</strong></span> <span class='ocrx_word' id='word_1_418' title='bbox 1552 3449 1805 3503; x_wconf 82' lang='grc' dir='ltr'>ἐναντίων</span> 
     </span>
    </p>
   </div>
   <div class='ocr_carea' id='block_1_53' title="bbox 227 3542 1809 3628">
    <p class='ocr_par' dir='ltr' id='par_1_53' title="bbox 227 3542 1809 3628">
     <span class='ocr_line' id='line_1_57' title="bbox 227 3542 1809 3628; baseline -0.013 -15"><span class='ocrx_word' id='word_1_419' title='bbox 227 3558 583 3628; x_wconf 87' lang='grc' dir='ltr'>γινώσκεται,</span> <span class='ocrx_word' id='word_1_420' title='bbox 624 3555 718 3608; x_wconf 70' lang='grc' dir='ltr'><strong>καὶ</strong></span> <span class='ocrx_word' id='word_1_421' title='bbox 754 3553 841 3606; x_wconf 86' lang='grc' dir='ltr'><strong>διά</strong></span> <span class='ocrx_word' id='word_1_422' title='bbox 879 3551 987 3604; x_wconf 88' lang='grc' dir='ltr'><strong>τῶν</strong></span> <span class='ocrx_word' id='word_1_423' title='bbox 1027 3549 1226 3602; x_wconf 76' lang='grc' dir='ltr'>θέσεων</span> <span class='ocrx_word' id='word_1_424' title='bbox 1266 3547 1359 3600; x_wconf 70' lang='grc' dir='ltr'><strong>καὶ</strong></span> <span class='ocrx_word' id='word_1_425' title='bbox 1396 3544 1483 3597; x_wconf 76' lang='grc' dir='ltr'>διὰ</span> <span class='ocrx_word' id='word_1_426' title='bbox 1521 3542 1629 3595; x_wconf 90' lang='grc' dir='ltr'><strong>τῶν</strong></span> <span class='ocrx_word' id='word_1_427' title='bbox 1652 3543 1809 3609; x_wconf 69' lang='grc' dir='ltr'>ἀφαι-</span> 
     </span>
    </p>
   </div>
   <div class='ocr_carea' id='block_1_54' title="bbox 237 3635 1809 3723">
    <p class='ocr_par' dir='ltr' id='par_1_54' title="bbox 237 3635 1809 3723">
     <span class='ocr_line' id='line_1_58' title="bbox 237 3635 1809 3723; baseline -0.013 -17"><span class='ocrx_word' id='word_1_428' title='bbox 237 3652 443 3723; x_wconf 76' lang='grc' dir='ltr'>ρέσεων</span> <span class='ocrx_word' id='word_1_429' title='bbox 481 3649 716 3718; x_wconf 76' lang='grc' dir='ltr'>λέγεται.</span> <span class='ocrx_word' id='word_1_430' title='bbox 757 3647 819 3698; x_wconf 85' lang='grc' dir='ltr'>Εἰ</span> <span class='ocrx_word' id='word_1_431' title='bbox 845 3644 954 3715; x_wconf 82' lang='grc' dir='ltr'><strong>γὰρ</strong></span> <span class='ocrx_word' id='word_1_432' title='bbox 994 3644 1086 3696; x_wconf 72' lang='grc' dir='ltr'><strong>καὶ</strong></span> <span class='ocrx_word' id='word_1_433' title='bbox 1125 3638 1313 3711; x_wconf 82' lang='grc' dir='ltr'>πρώην</span> <span class='ocrx_word' id='word_1_434' title='bbox 1355 3637 1554 3705; x_wconf 80' lang='grc' dir='ltr'>ἔλεγεν,</span> <span class='ocrx_word' id='word_1_435' title='bbox 1597 3635 1678 3687; x_wconf 80' lang='grc' dir='ltr'>ὅτι</span> <span class='ocrx_word' id='word_1_436' title='bbox 1720 3635 1809 3686; x_wconf 78' lang='grc' dir='ltr'><strong>ἐπὶ</strong></span> 
     </span>
    </p>
   </div>
   <div class='ocr_carea' id='block_1_55' title="bbox 229 3727 1807 3808">
    <p class='ocr_par' dir='ltr' id='par_1_55' title="bbox 229 3727 1807 3808">
     <span class='ocr_line' id='line_1_59' title="bbox 229 3727 1807 3808; baseline -0.014 -10"><span class='ocrx_word' id='word_1_437' title='bbox 229 3742 371 3798; x_wconf 81' lang='grc' dir='ltr'>θεοῦ</span> <span class='ocrx_word' id='word_1_438' title='bbox 410 3741 533 3795; x_wconf 73' lang='grc' dir='ltr'>οὔτε</span> <span class='ocrx_word' id='word_1_439' title='bbox 572 3739 756 3808; x_wconf 68' lang='grc' dir='ltr'>ἐπαφὴ</span> <span class='ocrx_word' id='word_1_440' title='bbox 805 3739 972 3801; x_wconf 86' lang='grc' dir='ltr'>ἐστιν,</span> <span class='ocrx_word' id='word_1_441' title='bbox 1015 3733 1136 3786; x_wconf 69' lang='grc' dir='ltr'>οὔτε</span> <span class='ocrx_word' id='word_1_442' title='bbox 1172 3732 1387 3800; x_wconf 87' lang='grc' dir='ltr'>νόησις,</span> <span class='ocrx_word' id='word_1_443' title='bbox 1443 3727 1566 3781; x_wconf 73' lang='grc' dir='ltr'>οὔτε</span> <span class='ocrx_word' id='word_1_444' title='bbox 1615 3727 1769 3794; x_wconf 81' lang='grc' dir='ltr'>λόγος</span> <span class='ocrx_word' id='word_1_445' title='bbox 1795 3767 1807 3790; x_wconf 92' lang='grc'><strong>,</strong></span> 
     </span>
    </p>
   </div>
   <div class='ocr_carea' id='block_1_56' title="bbox 230 3817 1810 3890">
    <p class='ocr_par' dir='ltr' id='par_1_56' title="bbox 230 3817 1810 3890">
     <span class='ocr_line' id='line_1_60' title="bbox 230 3817 1810 3890; baseline -0.014 0"><span class='ocrx_word' id='word_1_446' title='bbox 230 3835 362 3890; x_wconf 73' lang='grc' dir='ltr'>οὔτε</span> <span class='ocrx_word' id='word_1_447' title='bbox 412 3851 467 3886; x_wconf 91' lang='grc' dir='ltr'><strong>τι</strong></span> <span class='ocrx_word' id='word_1_448' title='bbox 511 3831 666 3886; x_wconf 76' lang='grc' dir='ltr'>ἄλλο·</span> <span class='ocrx_word' id='word_1_449' title='bbox 705 3828 818 3882; x_wconf 86' lang='grc' dir='ltr'>ἀλλ’</span> <span class='ocrx_word' id='word_1_450' title='bbox 851 3823 965 3889; x_wconf 83' lang='grc' dir='ltr'>οῦν,</span> <span class='ocrx_word' id='word_1_451' title='bbox 1005 3827 1093 3878; x_wconf 83' lang='grc' dir='ltr'><strong>ὅτε</strong></span> <span class='ocrx_word' id='word_1_452' title='bbox 1137 3823 1305 3876; x_wconf 88' lang='grc' dir='ltr'>ταῦτα</span> <span class='ocrx_word' id='word_1_453' title='bbox 1355 3821 1422 3873; x_wconf 81' lang='grc' dir='ltr'><strong>τὰ</strong></span> <span class='ocrx_word' id='word_1_454' title='bbox 1463 3819 1648 3872; x_wconf 76' lang='grc' dir='ltr'>θετικὰ</span> <span class='ocrx_word' id='word_1_455' title='bbox 1693 3817 1810 3869; x_wconf 89' lang='grc' dir='ltr'>θεο-</span> 
     </span>
    </p>
   </div>
   <div class='ocr_carea' id='block_1_57' title="bbox 233 3911 1814 4000">
    <p class='ocr_par' dir='ltr' id='par_1_57' title="bbox 233 3911 1814 4000">
     <span class='ocr_line' id='line_1_61' title="bbox 233 3911 1814 4000; baseline -0.013 -16"><span class='ocrx_word' id='word_1_456' title='bbox 233 3929 426 4000; x_wconf 81' lang='grc' dir='ltr'>πρεπῆ</span> <span class='ocrx_word' id='word_1_457' title='bbox 448 3926 693 3996; x_wconf 78' lang='grc' dir='ltr'>νοοῦμεν,</span> <span class='ocrx_word' id='word_1_458' title='bbox 716 3925 810 3976; x_wconf 78' lang='grc' dir='ltr'><strong>καὶ</strong></span> <span class='ocrx_word' id='word_1_459' title='bbox 831 3920 993 3974; x_wconf 76' lang='grc' dir='ltr'>αὐτοῦ</span> <span class='ocrx_word' id='word_1_460' title='bbox 1031 3919 1205 3972; x_wconf 85' lang='grc' dir='ltr'>ταῦτα</span> <span class='ocrx_word' id='word_1_461' title='bbox 1242 3916 1492 3986; x_wconf 71' lang='grc' dir='ltr'>λέγομεν,</span> <span class='ocrx_word' id='word_1_462' title='bbox 1533 3915 1626 3966; x_wconf 80' lang='grc' dir='ltr'><strong>καὶ</strong></span> <span class='ocrx_word' id='word_1_463' title='bbox 1642 3914 1739 3964; x_wconf 78' lang='grc' dir='ltr'><strong>οὐκ</strong></span> <span class='ocrx_word' id='word_1_464' title='bbox 1755 3911 1814 3974; x_wconf 77' lang='grc' dir='ltr'>ἐξ</span> 
     </span>
    </p>
   </div>
   <div class='ocr_carea' id='block_1_58' title="bbox 234 4003 1814 4093">
    <p class='ocr_par' dir='ltr' id='par_1_58' title="bbox 234 4003 1814 4093">
     <span class='ocr_line' id='line_1_62' title="bbox 234 4003 1814 4093; baseline -0.015 -18"><span class='ocrx_word' id='word_1_465' title='bbox 234 4021 398 4093; x_wconf 79' lang='grc' dir='ltr'>ἡμῶν</span> <span class='ocrx_word' id='word_1_466' title='bbox 430 4021 509 4082; x_wconf 90' lang='grc' dir='ltr'><strong>εἰς</strong></span> <span class='ocrx_word' id='word_1_467' title='bbox 545 4020 774 4079; x_wconf 79' lang='grc' dir='ltr'>ἐκεῖνον,</span> <span class='ocrx_word' id='word_1_468' title='bbox 797 4012 980 4085; x_wconf 83' lang='grc' dir='ltr'>χώραν</span> <span class='ocrx_word' id='word_1_469' title='bbox 1019 4011 1201 4082; x_wconf 81' lang='grc' dir='ltr'>ἔχουσι</span> <span class='ocrx_word' id='word_1_470' title='bbox 1256 4006 1529 4074; x_wconf 77' lang='grc' dir='ltr'>λέγεσθαι.</span> <span class='ocrx_word' id='word_1_471' title='bbox 1585 4005 1648 4056; x_wconf 80' lang='grc' dir='ltr'><strong>ἸΙ</strong></span> <span class='ocrx_word' id='word_1_472' title='bbox 1686 4003 1814 4070; x_wconf 83' lang='grc' dir='ltr'>γοῦν</span> 
     </span>
    </p>
   </div>
   <div class='ocr_carea' id='block_1_59' title="bbox 234 4091 1818 4180">
    <p class='ocr_par' dir='ltr' id='par_1_59' title="bbox 234 4091 1818 4180">
     <span class='ocr_line' id='line_1_63' title="bbox 234 4091 1818 4180; baseline -0.015 -15"><span class='ocrx_word' id='word_1_473' title='bbox 234 4109 426 4180; x_wconf 73' lang='grc' dir='ltr'>ἐπαφὴ</span> <span class='ocrx_word' id='word_1_474' title='bbox 447 4109 541 4179; x_wconf 77' lang='grc' dir='ltr'><strong>μὲν</strong></span> <span class='ocrx_word' id='word_1_475' title='bbox 559 4106 714 4178; x_wconf 81' lang='grc' dir='ltr'>ἡμῶν</span> <span class='ocrx_word' id='word_1_476' title='bbox 732 4106 864 4176; x_wconf 89' lang='grc' dir='ltr'>πρὸς</span> <span class='ocrx_word' id='word_1_477' title='bbox 879 4103 939 4155; x_wconf 93' lang='grc' dir='ltr'><strong>τὸ</strong></span> <span class='ocrx_word' id='word_1_478' title='bbox 954 4102 1104 4155; x_wconf 87' lang='grc' dir='ltr'>Θεῖον</span> <span class='ocrx_word' id='word_1_479' title='bbox 1123 4101 1223 4152; x_wconf 81' lang='grc' dir='ltr'><strong>οὐκ</strong></span> <span class='ocrx_word' id='word_1_480' title='bbox 1262 4098 1427 4160; x_wconf 78' lang='grc' dir='ltr'>ἔστιν,</span> <span class='ocrx_word' id='word_1_481' title='bbox 1449 4093 1631 4164; x_wconf 79' lang='grc' dir='ltr'>ἐπαφὴ</span> <span class='ocrx_word' id='word_1_482' title='bbox 1652 4093 1706 4144; x_wconf 79' lang='grc' dir='ltr'><strong>δέ</strong></span> <span class='ocrx_word' id='word_1_483' title='bbox 1722 4091 1818 4142; x_wconf 80' lang='grc' dir='ltr'>αὐ-</span> 
     </span>
    </p>
   </div>
   <div class='ocr_carea' id='block_1_60' title="bbox 236 4184 1819 4269">
    <p class='ocr_par' dir='ltr' id='par_1_60' title="bbox 236 4184 1819 4269">
     <span class='ocr_line' id='line_1_64' title="bbox 236 4184 1819 4269; baseline -0.015 -12"><span class='ocrx_word' id='word_1_484' title='bbox 236 4203 336 4256; x_wconf 86' lang='grc' dir='ltr'><strong>τοῦ</strong></span> <span class='ocrx_word' id='word_1_485' title='bbox 354 4201 542 4255; x_wconf 74' lang='grc' dir='ltr'>ἑαυτοῦ</span> <span class='ocrx_word' id='word_1_486' title='bbox 563 4197 906 4269; x_wconf 82' lang='grc' dir='ltr'>λεχθήσεται,</span> <span class='ocrx_word' id='word_1_487' title='bbox 927 4195 1115 4264; x_wconf 85' lang='grc' dir='ltr'>ῶσπερ</span> <span class='ocrx_word' id='word_1_488' title='bbox 1137 4191 1201 4263; x_wconf 84' lang='grc' dir='ltr'>δὴ</span> <span class='ocrx_word' id='word_1_489' title='bbox 1215 4192 1311 4244; x_wconf 73' lang='grc' dir='ltr'><strong>καὶ</strong></span> <span class='ocrx_word' id='word_1_490' title='bbox 1328 4187 1526 4258; x_wconf 86' lang='grc' dir='ltr'>γνῶσις</span> <span class='ocrx_word' id='word_1_491' title='bbox 1575 4185 1667 4237; x_wconf 70' lang='grc' dir='ltr'><strong>καὶ</strong></span> <span class='ocrx_word' id='word_1_492' title='bbox 1696 4184 1819 4253; x_wconf 82' lang='grc' dir='ltr'>νόη-</span> 
     </span>
    </p>
   </div>
   <div class='ocr_carea' id='block_1_61' title="bbox 242 4275 1821 4362">
    <p class='ocr_par' dir='ltr' id='par_1_61' title="bbox 242 4275 1821 4362">
     <span class='ocr_line' id='line_1_65' title="bbox 242 4275 1821 4362; baseline -0.015 -12"><span class='ocrx_word' id='word_1_493' title='bbox 242 4315 330 4360; x_wconf 88' lang='grc' dir='ltr'><strong>σις</strong></span> <span class='ocrx_word' id='word_1_494' title='bbox 349 4313 362 4326; x_wconf 85' lang='grc'><strong>·</strong></span> <span class='ocrx_word' id='word_1_495' title='bbox 411 4297 466 4348; x_wconf 88' lang='grc' dir='ltr'>αἱ</span> <span class='ocrx_word' id='word_1_496' title='bbox 492 4293 536 4346; x_wconf 85' lang='grc' dir='ltr'>δ’</span> <span class='ocrx_word' id='word_1_497' title='bbox 555 4293 857 4362; x_wconf 74' lang='grc' dir='ltr'>ἀποφάσεις</span> <span class='ocrx_word' id='word_1_498' title='bbox 886 4289 970 4356; x_wconf 82' lang='grc' dir='ltr'><strong>ἐφ’</strong></span> <span class='ocrx_word' id='word_1_499' title='bbox 995 4288 1128 4358; x_wconf 81' lang='grc' dir='ltr'>ἡμῖν</span> <span class='ocrx_word' id='word_1_500' title='bbox 1163 4282 1544 4354; x_wconf 85' lang='grc' dir='ltr'>ταχθήσονται,</span> <span class='ocrx_word' id='word_1_501' title='bbox 1576 4279 1656 4330; x_wconf 79' lang='grc' dir='ltr'>ὅτι</span> <span class='ocrx_word' id='word_1_502' title='bbox 1683 4275 1821 4346; x_wconf 84' lang='grc' dir='ltr'>ὑπὲρ</span> 
     </span>
    </p>
   </div>
   <div class='ocr_carea' id='block_1_62' title="bbox 238 4371 1824 4449">
    <p class='ocr_par' dir='ltr' id='par_1_62' title="bbox 238 4371 1824 4449">
     <span class='ocr_line' id='line_1_66' title="bbox 238 4371 1824 4449; baseline -0.014 -7"><span class='ocrx_word' id='word_1_503' title='bbox 238 4389 418 4441; x_wconf 86' lang='grc' dir='ltr'>ταῦτα</span> <span class='ocrx_word' id='word_1_504' title='bbox 438 4387 617 4440; x_wconf 87' lang='grc' dir='ltr'>πάντα</span> <span class='ocrx_word' id='word_1_505' title='bbox 631 4384 691 4438; x_wconf 89' lang='grc' dir='ltr'><strong>τὸ</strong></span> <span class='ocrx_word' id='word_1_506' title='bbox 712 4383 874 4445; x_wconf 89' lang='grc' dir='ltr'>θεῖον,</span> <span class='ocrx_word' id='word_1_507' title='bbox 894 4381 987 4434; x_wconf 73' lang='grc' dir='ltr'><strong>καὶ</strong></span> <span class='ocrx_word' id='word_1_508' title='bbox 1003 4379 1102 4449; x_wconf 78' lang='grc' dir='ltr'><strong>οὐχ</strong></span> <span class='ocrx_word' id='word_1_509' title='bbox 1123 4373 1232 4430; x_wconf 81' lang='grc' dir='ltr'>οἷόν</span> <span class='ocrx_word' id='word_1_510' title='bbox 1249 4393 1306 4427; x_wconf 87' lang='grc' dir='ltr'><strong>τε</strong></span> <span class='ocrx_word' id='word_1_511' title='bbox 1325 4374 1431 4427; x_wconf 85' lang='grc' dir='ltr'><strong>ἀπὸ</strong></span> <span class='ocrx_word' id='word_1_512' title='bbox 1449 4371 1650 4425; x_wconf 83' lang='grc' dir='ltr'>τούτων</span> <span class='ocrx_word' id='word_1_513' title='bbox 1667 4385 1824 4422; x_wconf 81' lang='grc' dir='ltr'>κατα-</span> 
     </span>
    </p>
   </div>
   <div class='ocr_carea' id='block_1_63' title="bbox 239 4459 1823 4549">
    <p class='ocr_par' dir='ltr' id='par_1_63' title="bbox 239 4459 1823 4549">
     <span class='ocr_line' id='line_1_67' title="bbox 239 4459 1823 4549; baseline -0.013 -17"><span class='ocrx_word' id='word_1_514' title='bbox 239 4481 311 4532; x_wconf 88' lang='grc' dir='ltr'><strong>λα</strong></span> <span class='ocrx_word' id='word_1_515' title='bbox 319 4476 617 4549; x_wconf 79' lang='grc' dir='ltr'>μϐάνεσθαι</span> <span class='ocrx_word' id='word_1_516' title='bbox 638 4474 801 4546; x_wconf 81' lang='grc' dir='ltr'>παρ’ἡ</span> <span class='ocrx_word' id='word_1_517' title='bbox 810 4471 942 4544; x_wconf 86' lang='grc' dir='ltr'>μῶν.</span> <span class='ocrx_word' id='word_1_518' title='bbox 961 4469 1058 4524; x_wconf 78' lang='grc' dir='ltr'>Διά</span> <span class='ocrx_word' id='word_1_519' title='bbox 1075 4468 1232 4522; x_wconf 88' lang='grc' dir='ltr'>τοῦτο</span> <span class='ocrx_word' id='word_1_520' title='bbox 1250 4467 1418 4520; x_wconf 79' lang='grc' dir='ltr'>καὶέκ</span> <span class='ocrx_word' id='word_1_521' title='bbox 1435 4464 1648 4517; x_wconf 90' lang='grc' dir='ltr'>πάντων</span> <span class='ocrx_word' id='word_1_522' title='bbox 1667 4459 1823 4531; x_wconf 78' lang='grc' dir='ltr'>ἡμῶν</span> 
     </span>
    </p>
   </div>
   <div class='ocr_carea' id='block_1_64' title="bbox 240 4549 1824 4634">
    <p class='ocr_par' dir='ltr' id='par_1_64' title="bbox 240 4549 1824 4634">
     <span class='ocr_line' id='line_1_68' title="bbox 240 4549 1824 4634; baseline -0.011 -17"><span class='ocrx_word' id='word_1_523' title='bbox 240 4566 496 4634; x_wconf 83' lang='grc' dir='ltr'>ὑμνεῖται</span> <span class='ocrx_word' id='word_1_524' title='bbox 516 4560 658 4616; x_wconf 86' lang='grc' dir='ltr'>κατὰ</span> <span class='ocrx_word' id='word_1_525' title='bbox 673 4561 770 4632; x_wconf 82' lang='grc' dir='ltr'><strong>τὴν</strong></span> <span class='ocrx_word' id='word_1_526' title='bbox 790 4559 1079 4627; x_wconf 86' lang='grc' dir='ltr'>ἀναλογίαν</span> <span class='ocrx_word' id='word_1_527' title='bbox 1096 4557 1330 4618; x_wconf 85' lang='grc' dir='ltr'>πάντων,</span> <span class='ocrx_word' id='word_1_528' title='bbox 1361 4556 1427 4605; x_wconf 87' lang='grc' dir='ltr'><strong>ἐκ</strong></span> <span class='ocrx_word' id='word_1_529' title='bbox 1446 4553 1553 4604; x_wconf 89' lang='grc' dir='ltr'><strong>τῶν</strong></span> <span class='ocrx_word' id='word_1_530' title='bbox 1565 4551 1729 4604; x_wconf 82' lang='grc' dir='ltr'>ὄντων</span> <span class='ocrx_word' id='word_1_531' title='bbox 1751 4549 1824 4612; x_wconf 87' lang='grc' dir='ltr'><strong>ὡς</strong></span> 
     </span>
    </p>
   </div>
   <div class='ocr_carea' id='block_1_65' title="bbox 1159 1956 1990 2046">
    <p class='ocr_par' dir='ltr' id='par_1_65' title="bbox 1159 1956 1990 2046">
     <span class='ocr_line' id='line_1_69' title="bbox 1159 1956 1990 2046; baseline -0.014 -11"><span class='ocrx_word' id='word_1_532' title='bbox 1159 1979 1276 2043; x_wconf 90' lang='grc' dir='ltr'><strong>πῶς</strong></span> <span class='ocrx_word' id='word_1_533' title='bbox 1311 1979 1474 2046; x_wconf 79' lang='grc' dir='ltr'>ἡμεῖς</span> <span class='ocrx_word' id='word_1_534' title='bbox 1518 1973 1608 2027; x_wconf 89' lang='grc' dir='ltr'><strong>τὸν</strong></span> <span class='ocrx_word' id='word_1_535' title='bbox 1658 1968 1789 2022; x_wconf 83' lang='grc' dir='ltr'>Θεὸν</span> <span class='ocrx_word' id='word_1_536' title='bbox 1823 1972 1863 2025; x_wconf 87' lang='grc' dir='ltr'><strong>Β</strong></span> <span class='ocrx_word' id='word_1_537' title='bbox 1963 1956 1990 2028; x_wconf 80' lang='lat'>§</span> 
     </span>
    </p>
   </div>
   <div class='ocr_carea' id='block_1_66' title="bbox 2029 1934 3467 2018">
    <p class='ocr_par' dir='ltr' id='par_1_66' title="bbox 2029 1934 3467 2018">
     <span class='ocr_line' id='line_1_70' title="bbox 2029 1934 3467 2018; baseline -0.021 -9"><span class='ocrx_word' id='word_1_538' title='bbox 2029 1953 2118 2009; x_wconf 91' lang='lat' dir='ltr'><strong>lll.</strong></span> <span class='ocrx_word' id='word_1_539' title='bbox 2138 1950 2216 2006; x_wconf 83' lang='lat' dir='ltr'><strong>Ad</strong></span> <span class='ocrx_word' id='word_1_540' title='bbox 2239 1951 2354 2006; x_wconf 65' lang='lat' dir='ltr'><strong>hac</strong></span> <span class='ocrx_word' id='word_1_541' title='bbox 2378 1944 2590 2018; x_wconf 60' lang='lat' dir='ltr'><strong>quierit,</strong></span> <span class='ocrx_word' id='word_1_542' title='bbox 2610 1937 2884 2011; x_wconf 88' lang='lat' dir='ltr'><strong>quomodo</strong></span> <span class='ocrx_word' id='word_1_543' title='bbox 2904 1934 3152 1990; x_wconf 90' lang='lat' dir='ltr'><strong>dicamur</strong></span> <span class='ocrx_word' id='word_1_544' title='bbox 3180 1943 3280 1984; x_wconf 92' lang='lat' dir='ltr'><strong>nos</strong></span> <span class='ocrx_word' id='word_1_545' title='bbox 3303 1940 3467 1982; x_wconf 90' lang='lat' dir='ltr'><strong>nosse</strong></span> 
     </span>
    </p>
   </div>
   <div class='ocr_carea' id='block_1_67' title="bbox 1900 2027 3468 2111">
    <p class='ocr_par' dir='ltr' id='par_1_67' title="bbox 1900 2027 3468 2111">
     <span class='ocr_line' id='line_1_71' title="bbox 1900 2027 3468 2111; baseline -0.022 -5"><span class='ocrx_word' id='word_1_546' title='bbox 1900 2027 2089 2110; x_wconf 82' lang='lat' dir='ltr'><strong>Deum,</strong></span> <span class='ocrx_word' id='word_1_547' title='bbox 2115 2054 2171 2100; x_wconf 83' lang='lat' dir='ltr'><strong>et</strong></span> <span class='ocrx_word' id='word_1_548' title='bbox 2198 2059 2262 2099; x_wconf 87' lang='lat' dir='ltr'><strong>ea</strong></span> <span class='ocrx_word' id='word_1_549' title='bbox 2293 2055 2415 2111; x_wconf 68' lang='lat' dir='ltr'><strong>qum</strong></span> <span class='ocrx_word' id='word_1_550' title='bbox 2445 2033 2783 2094; x_wconf 89' lang='lat' dir='ltr'><strong>intellectilia</strong></span> <span class='ocrx_word' id='word_1_551' title='bbox 2829 2027 3162 2094; x_wconf 89' lang='lat' dir='ltr'><strong>sensiliaque</strong></span> <span class='ocrx_word' id='word_1_552' title='bbox 3205 2028 3468 2091; x_wconf 87' lang='lat' dir='ltr'><strong>superant</strong></span> 
     </span>
    </p>
   </div>
   <div class='ocr_carea' id='block_1_68' title="bbox 1896 2119 3466 2197">
    <p class='ocr_par' dir='ltr' id='par_1_68' title="bbox 1896 2119 3466 2197">
     <span class='ocr_line' id='line_1_72' title="bbox 1896 2119 3466 2197; baseline -0.02 -1"><span class='ocrx_word' id='word_1_553' title='bbox 1896 2141 2220 2197; x_wconf 87' lang='lat' dir='ltr'><strong>eminenter.</strong></span> <span class='ocrx_word' id='word_1_554' title='bbox 2253 2133 2448 2188; x_wconf 85' lang='lat' dir='ltr'><strong>Verum</strong></span> <span class='ocrx_word' id='word_1_555' title='bbox 2494 2130 2685 2197; x_wconf 92' lang='lat' dir='ltr'><strong>utique</strong></span> <span class='ocrx_word' id='word_1_556' title='bbox 2731 2123 2883 2187; x_wconf 92' lang='lat' dir='ltr'><strong>dicit,</strong></span> <span class='ocrx_word' id='word_1_557' title='bbox 2914 2119 3084 2174; x_wconf 90' lang='lat' dir='ltr'><strong>Deum</strong></span> <span class='ocrx_word' id='word_1_558' title='bbox 3139 2123 3330 2170; x_wconf 87' lang='lat' dir='ltr'><strong>natura</strong></span> <span class='ocrx_word' id='word_1_559' title='bbox 3372 2127 3466 2167; x_wconf 90' lang='lat' dir='ltr'><strong>sua</strong></span> 
     </span>
    </p>
   </div>
   <div class='ocr_carea' id='block_1_69' title="bbox 1899 2207 3466 2304">
    <p class='ocr_par' dir='ltr' id='par_1_69' title="bbox 1899 2207 3466 2304">
     <span class='ocr_line' id='line_1_73' title="bbox 1899 2207 3466 2304; baseline -0.02 -16"><span class='ocrx_word' id='word_1_560' title='bbox 1899 2234 2138 2304; x_wconf 86' lang='lat' dir='ltr'><strong>ignotum</strong></span> <span class='ocrx_word' id='word_1_561' title='bbox 2167 2220 2558 2289; x_wconf 78' lang='lat' dir='ltr'><strong>exsistere,sed</strong></span> <span class='ocrx_word' id='word_1_562' title='bbox 2585 2227 2961 2274; x_wconf 88' lang='lat' dir='ltr'><strong>creaturarum</strong></span> <span class='ocrx_word' id='word_1_563' title='bbox 2987 2207 3466 2280; x_wconf 86' lang='lat' dir='ltr'><strong>pulchritudinem,</strong></span> 
     </span>
    </p>
   </div>
   <div class='ocr_carea' id='block_1_70' title="bbox 1899 2297 3468 2393">
    <p class='ocr_par' dir='ltr' id='par_1_70' title="bbox 1899 2297 3468 2393">
     <span class='ocr_line' id='line_1_74' title="bbox 1899 2297 3468 2393; baseline -0.02 -15"><span class='ocrx_word' id='word_1_564' title='bbox 1899 2319 2267 2393; x_wconf 87' lang='lat' dir='ltr'><strong>generationis</strong></span> <span class='ocrx_word' id='word_1_565' title='bbox 2299 2323 2600 2375; x_wconf 78' lang='lat' dir='ltr'><strong>auctorem,</strong></span> <span class='ocrx_word' id='word_1_566' title='bbox 2628 2309 2794 2363; x_wconf 85' lang='lat' dir='ltr'><strong>idest</strong></span> <span class='ocrx_word' id='word_1_567' title='bbox 2831 2317 3021 2361; x_wconf 89' lang='lat' dir='ltr'><strong>eorum</strong></span> <span class='ocrx_word' id='word_1_568' title='bbox 3051 2316 3173 2370; x_wconf 76' lang='lat' dir='ltr'><strong>qua:</strong></span> <span class='ocrx_word' id='word_1_569' title='bbox 3201 2297 3468 2368; x_wconf 87' lang='lat' dir='ltr'><strong>producta</strong></span> 
     </span>
    </p>
   </div>
   <div class='ocr_carea' id='block_1_71' title="bbox 1901 2392 3469 2477">
    <p class='ocr_par' dir='ltr' id='par_1_71' title="bbox 1901 2392 3469 2477">
     <span class='ocr_line' id='line_1_75' title="bbox 1901 2392 3469 2477; baseline -0.018 -9"><span class='ocrx_word' id='word_1_570' title='bbox 1901 2392 2064 2477; x_wconf 84' lang='lat' dir='ltr'><strong>sunt,</strong></span> <span class='ocrx_word' id='word_1_571' title='bbox 2125 2407 2511 2467; x_wconf 90' lang='lat' dir='ltr'><strong>conditorem,</strong></span> <span class='ocrx_word' id='word_1_572' title='bbox 2573 2399 2902 2461; x_wconf 88' lang='lat' dir='ltr'><strong>ostendere;</strong></span> <span class='ocrx_word' id='word_1_573' title='bbox 2966 2392 3232 2462; x_wconf 88' lang='lat' dir='ltr'><strong>siquidem</strong></span> <span class='ocrx_word' id='word_1_574' title='bbox 3289 2402 3469 2443; x_wconf 87' lang='lat' dir='ltr'><strong>rerum</strong></span> 
     </span>
    </p>
   </div>
   <div class='ocr_carea' id='block_1_72' title="bbox 1901 2483 3473 2568">
    <p class='ocr_par' dir='ltr' id='par_1_72' title="bbox 1901 2483 3473 2568">
     <span class='ocr_line' id='line_1_76' title="bbox 1901 2483 3473 2568; baseline -0.018 -6"><span class='ocrx_word' id='word_1_575' title='bbox 1901 2515 2207 2562; x_wconf 87' lang='lat' dir='ltr'><strong>creatarmn</strong></span> <span class='ocrx_word' id='word_1_576' title='bbox 2230 2496 2612 2568; x_wconf 79' lang='lat' dir='ltr'><strong>dispositiones</strong></span> <span class='ocrx_word' id='word_1_577' title='bbox 2657 2499 2784 2547; x_wconf 90' lang='lat' dir='ltr'><strong>sunt</strong></span> <span class='ocrx_word' id='word_1_578' title='bbox 2824 2487 3091 2556; x_wconf 90' lang='lat' dir='ltr'><strong>imagines</strong></span> <span class='ocrx_word' id='word_1_579' title='bbox 3121 2483 3369 2553; x_wconf 62' lang='lat' dir='ltr'><strong>quaedam</strong></span> <span class='ocrx_word' id='word_1_580' title='bbox 3409 2495 3473 2534; x_wconf 87' lang='lat' dir='ltr'><strong>ac</strong></span> 
     </span>
    </p>
   </div>
   <div class='ocr_carea' id='block_1_73' title="bbox 1900 2573 3471 2654">
    <p class='ocr_par' dir='ltr' id='par_1_73' title="bbox 1900 2573 3471 2654">
     <span class='ocr_line' id='line_1_77' title="bbox 1900 2573 3471 2654; baseline -0.018 -1"><span class='ocrx_word' id='word_1_581' title='bbox 1900 2594 2287 2654; x_wconf 90' lang='lat' dir='ltr'><strong>similitudines</strong></span> <span class='ocrx_word' id='word_1_582' title='bbox 2317 2603 2505 2644; x_wconf 90' lang='lat' dir='ltr'><strong>eorum</strong></span> <span class='ocrx_word' id='word_1_583' title='bbox 2537 2599 2659 2654; x_wconf 64' lang='lat' dir='ltr'><strong>qua:</strong></span> <span class='ocrx_word' id='word_1_584' title='bbox 2689 2583 2744 2638; x_wconf 92' lang='lat' dir='ltr'><strong>in</strong></span> <span class='ocrx_word' id='word_1_585' title='bbox 2770 2582 2882 2636; x_wconf 90' lang='lat' dir='ltr'><strong>Deo</strong></span> <span class='ocrx_word' id='word_1_586' title='bbox 2906 2586 3031 2634; x_wconf 92' lang='lat' dir='ltr'><strong>sunt</strong></span> <span class='ocrx_word' id='word_1_587' title='bbox 3057 2573 3471 2644; x_wconf 77' lang='lat' dir='ltr'><strong>exemplarium,</strong></span> 
     </span>
    </p>
   </div>
   <div class='ocr_carea' id='block_1_74' title="bbox 1903 2670 3476 2748">
    <p class='ocr_par' dir='ltr' id='par_1_74' title="bbox 1903 2670 3476 2748">
     <span class='ocr_line' id='line_1_78' title="bbox 1903 2670 3476 2748; baseline -0.017 0"><span class='ocrx_word' id='word_1_588' title='bbox 1903 2708 1967 2748; x_wconf 91' lang='lat' dir='ltr'><strong>ac</strong></span> <span class='ocrx_word' id='word_1_589' title='bbox 1999 2688 2219 2745; x_wconf 90' lang='lat' dir='ltr'><strong>creandi</strong></span> <span class='ocrx_word' id='word_1_590' title='bbox 2279 2684 2575 2746; x_wconf 89' lang='lat' dir='ltr'><strong>rationum,</strong></span> <span class='ocrx_word' id='word_1_591' title='bbox 2612 2677 2912 2733; x_wconf 89' lang='lat' dir='ltr'><strong>secundum</strong></span> <span class='ocrx_word' id='word_1_592' title='bbox 2949 2686 3086 2743; x_wconf 92' lang='lat' dir='ltr'><strong>quas</strong></span> <span class='ocrx_word' id='word_1_593' title='bbox 3135 2670 3318 2724; x_wconf 90' lang='lat' dir='ltr'><strong>omnia</strong></span> <span class='ocrx_word' id='word_1_594' title='bbox 3353 2681 3476 2736; x_wconf 66' lang='lat' dir='ltr'><strong>quae</strong></span> 
     </span>
    </p>
   </div>
   <div class='ocr_carea' id='block_1_75' title="bbox 1903 2759 3474 2842">
    <p class='ocr_par' dir='ltr' id='par_1_75' title="bbox 1903 2759 3474 2842">
     <span class='ocr_line' id='line_1_79' title="bbox 1903 2759 3474 2842; baseline -0.017 -4"><span class='ocrx_word' id='word_1_595' title='bbox 1903 2782 2149 2838; x_wconf 75' lang='lat' dir='ltr'><strong>existunt</strong></span> <span class='ocrx_word' id='word_1_596' title='bbox 2198 2777 2251 2830; x_wconf 93' lang='lat' dir='ltr'><strong>in</strong></span> <span class='ocrx_word' id='word_1_597' title='bbox 2296 2775 2412 2842; x_wconf 88' lang='lat' dir='ltr'><strong>ipso</strong></span> <span class='ocrx_word' id='word_1_598' title='bbox 2436 2774 2700 2842; x_wconf 92' lang='lat' dir='ltr'><strong>producta</strong></span> <span class='ocrx_word' id='word_1_599' title='bbox 2758 2776 2915 2832; x_wconf 88' lang='lat' dir='ltr'><strong>sunt;</strong></span> <span class='ocrx_word' id='word_1_600' title='bbox 2955 2763 3282 2835; x_wconf 54' lang='lat' dir='ltr'><strong>sicutﬁ&#39;jl</strong></span> <span class='ocrx_word' id='word_1_601' title='bbox 3311 2759 3474 2815; x_wconf 90' lang='lat' dir='ltr'><strong>etiam</strong></span> 
     </span>
    </p>
   </div>
   <div class='ocr_carea' id='block_1_76' title="bbox 1905 2855 3476 2942">
    <p class='ocr_par' dir='ltr' id='par_1_76' title="bbox 1905 2855 3476 2942">
     <span class='ocr_line' id='line_1_80' title="bbox 1905 2855 3476 2942; baseline -0.015 -14"><span class='ocrx_word' id='word_1_602' title='bbox 1905 2875 1958 2928; x_wconf 91' lang='lat' dir='ltr'><strong>in</strong></span> <span class='ocrx_word' id='word_1_603' title='bbox 1988 2867 2309 2942; x_wconf 81' lang='lat' dir='ltr'><strong>Apocalypsi</strong></span> <span class='ocrx_word' id='word_1_604' title='bbox 2337 2863 2564 2919; x_wconf 85' lang='lat' dir='ltr'><strong>Joannis</strong></span> <span class='ocrx_word' id='word_1_605' title='bbox 2595 2859 2829 2929; x_wconf 83' lang='lat' dir='ltr'><strong>theologi</strong></span> <span class='ocrx_word' id='word_1_606' title='bbox 2861 2869 2916 2912; x_wconf 89' lang='lat' dir='ltr'><strong>et</strong></span> <span class='ocrx_word' id='word_1_607' title='bbox 2957 2855 3311 2926; x_wconf 61' lang='lat' dir='ltr'><strong>evangelista:</strong></span> <span class='ocrx_word' id='word_1_608' title='bbox 3343 2867 3476 2905; x_wconf 84' lang='lat' dir='ltr'><strong>nar-</strong></span> 
     </span>
    </p>
   </div>
   <div class='ocr_carea' id='block_1_77' title="bbox 1906 2947 3479 3032">
    <p class='ocr_par' dir='ltr' id='par_1_77' title="bbox 1906 2947 3479 3032">
     <span class='ocr_line' id='line_1_81' title="bbox 1906 2947 3479 3032; baseline -0.015 -13"><span class='ocrx_word' id='word_1_609' title='bbox 1906 2975 2084 3030; x_wconf 91' lang='lat' dir='ltr'><strong>ratur,</strong></span> <span class='ocrx_word' id='word_1_610' title='bbox 2117 2963 2263 3032; x_wconf 85' lang='lat' dir='ltr'><strong>quod</strong></span> <span class='ocrx_word' id='word_1_611' title='bbox 2294 2958 2475 3014; x_wconf 91' lang='lat' dir='ltr'><strong>omnia</strong></span> <span class='ocrx_word' id='word_1_612' title='bbox 2527 2965 2688 3011; x_wconf 83' lang='lat' dir='ltr'><strong>erant</strong></span> <span class='ocrx_word' id='word_1_613' title='bbox 2743 2961 2796 3007; x_wconf 89' lang='lat' dir='ltr'><strong>et</strong></span> <span class='ocrx_word' id='word_1_614' title='bbox 2844 2950 3096 3013; x_wconf 85' lang='lat' dir='ltr'><strong>fuerunt;</strong></span> <span class='ocrx_word' id='word_1_615' title='bbox 3141 2947 3269 3017; x_wconf 88' lang='lat' dir='ltr'><strong>quia</strong></span> <span class='ocrx_word' id='word_1_616' title='bbox 3321 2952 3479 2999; x_wconf 89' lang='lat' dir='ltr'><strong>erant</strong></span> 
     </span>
    </p>
   </div>
   <div class='ocr_carea' id='block_1_78' title="bbox 1905 3040 3479 3127">
    <p class='ocr_par' dir='ltr' id='par_1_78' title="bbox 1905 3040 3479 3127">
     <span class='ocr_line' id='line_1_82' title="bbox 1905 3040 3479 3127; baseline -0.015 -13"><span class='ocrx_word' id='word_1_617' title='bbox 1905 3056 2236 3127; x_wconf 86' lang='lat' dir='ltr'><strong>exemplaria</strong></span> <span class='ocrx_word' id='word_1_618' title='bbox 2259 3069 2442 3110; x_wconf 89' lang='lat' dir='ltr'><strong>rerum</strong></span> <span class='ocrx_word' id='word_1_619' title='bbox 2460 3061 2790 3111; x_wconf 85' lang='lat' dir='ltr'><strong>creatarum,</strong></span> <span class='ocrx_word' id='word_1_620' title='bbox 2815 3057 3043 3114; x_wconf 90' lang='lat' dir='ltr'><strong>quorum</strong></span> <span class='ocrx_word' id='word_1_621' title='bbox 3066 3040 3327 3108; x_wconf 87' lang='lat' dir='ltr'><strong>imagines</strong></span> <span class='ocrx_word' id='word_1_622' title='bbox 3352 3047 3479 3092; x_wconf 75' lang='lat' dir='ltr'><strong>sunt</strong></span> 
     </span>
    </p>
   </div>
   <div class='ocr_carea' id='block_1_79' title="bbox 1908 3131 3480 3222">
    <p class='ocr_par' dir='ltr' id='par_1_79' title="bbox 1908 3131 3480 3222">
     <span class='ocr_line' id='line_1_83' title="bbox 1908 3131 3480 3222; baseline -0.017 -13"><span class='ocrx_word' id='word_1_623' title='bbox 1908 3165 2173 3209; x_wconf 68' lang='lat' dir='ltr'><strong>creatura:</strong></span> <span class='ocrx_word' id='word_1_624' title='bbox 2199 3148 2582 3222; x_wconf 80' lang='lat' dir='ltr'><strong>perfectiones.</strong></span> <span class='ocrx_word' id='word_1_625' title='bbox 2628 3143 2688 3196; x_wconf 92' lang='lat' dir='ltr'><strong>ln</strong></span> <span class='ocrx_word' id='word_1_626' title='bbox 2748 3139 2998 3195; x_wconf 87' lang='lat' dir='ltr'><strong>omnibus</strong></span> <span class='ocrx_word' id='word_1_627' title='bbox 3044 3148 3172 3204; x_wconf 87' lang='lat' dir='ltr'><strong>ergo</strong></span> <span class='ocrx_word' id='word_1_628' title='bbox 3213 3131 3480 3187; x_wconf 88' lang='lat' dir='ltr'><strong>creaturis</strong></span> 
     </span>
    </p>
   </div>
   <div class='ocr_carea' id='block_1_80' title="bbox 1911 3223 3475 3316">
    <p class='ocr_par' dir='ltr' id='par_1_80' title="bbox 1911 3223 3475 3316">
     <span class='ocr_line' id='line_1_84' title="bbox 1911 3223 3475 3316; baseline -0.017 -14"><span class='ocrx_word' id='word_1_629' title='bbox 1911 3249 2048 3302; x_wconf 90' lang='lat' dir='ltr'><strong>Deus</strong></span> <span class='ocrx_word' id='word_1_630' title='bbox 2068 3243 2439 3316; x_wconf 84' lang='lat' dir='ltr'><strong>cognoscitur.</strong></span> <span class='ocrx_word' id='word_1_631' title='bbox 2462 3239 2603 3292; x_wconf 85' lang='lat' dir='ltr'><strong>sicut</strong></span> <span class='ocrx_word' id='word_1_632' title='bbox 2627 3234 2823 3289; x_wconf 84' lang='lat' dir='ltr'><strong>artifex</strong></span> <span class='ocrx_word' id='word_1_633' title='bbox 2847 3246 2914 3284; x_wconf 81' lang='lat' dir='ltr'><strong>ex</strong></span> <span class='ocrx_word' id='word_1_634' title='bbox 2948 3228 3110 3282; x_wconf 88' lang='lat' dir='ltr'><strong>rebus</strong></span> <span class='ocrx_word' id='word_1_635' title='bbox 3131 3234 3248 3280; x_wconf 88' lang='lat' dir='ltr'><strong>arte</strong></span> <span class='ocrx_word' id='word_1_636' title='bbox 3283 3223 3475 3287; x_wconf 72' lang='lat' dir='ltr'><strong>factis,</strong></span> 
     </span>
    </p>
   </div>
   <div class='ocr_carea' id='block_1_81' title="bbox 1833 3312 3484 3396">
    <p class='ocr_par' dir='ltr' id='par_1_81' title="bbox 1833 3312 3484 3396">
     <span class='ocr_line' id='line_1_85' title="bbox 1833 3312 3484 3396; baseline -0.018 1"><span class='ocrx_word' id='word_1_637' title='bbox 1833 3312 1874 3368; x_wconf 64' lang='grc' dir='ltr'>Ο</span> <span class='ocrx_word' id='word_1_638' title='bbox 1909 3340 2200 3396; x_wconf 90' lang='lat' dir='ltr'><strong>secundum</strong></span> <span class='ocrx_word' id='word_1_639' title='bbox 2230 3331 2589 3390; x_wconf 86' lang='lat' dir='ltr'><strong>substantiam</strong></span> <span class='ocrx_word' id='word_1_640' title='bbox 2622 3341 2752 3382; x_wconf 88' lang='lat' dir='ltr'><strong>vero</strong></span> <span class='ocrx_word' id='word_1_641' title='bbox 2778 3327 2844 3380; x_wconf 91' lang='lat' dir='ltr'><strong>ab</strong></span> <span class='ocrx_word' id='word_1_642' title='bbox 2868 3321 3120 3377; x_wconf 90' lang='lat' dir='ltr'><strong>omnibus</strong></span> <span class='ocrx_word' id='word_1_643' title='bbox 3149 3318 3372 3373; x_wconf 90' lang='lat' dir='ltr'><strong>omnino</strong></span> <span class='ocrx_word' id='word_1_644' title='bbox 3403 3331 3484 3369; x_wconf 89' lang='lat' dir='ltr'><strong>se-</strong></span> 
     </span>
    </p>
   </div>
   <div class='ocr_carea' id='block_1_82' title="bbox 1909 3410 3483 3505">
    <p class='ocr_par' dir='ltr' id='par_1_82' title="bbox 1909 3410 3483 3505">
     <span class='ocr_line' id='line_1_86' title="bbox 1909 3410 3483 3505; baseline -0.015 -18"><span class='ocrx_word' id='word_1_645' title='bbox 1909 3439 2166 3505; x_wconf 87' lang='lat' dir='ltr'><strong>gregatus</strong></span> <span class='ocrx_word' id='word_1_646' title='bbox 2188 3437 2300 3482; x_wconf 85' lang='lat' dir='ltr'><strong>est:</strong></span> <span class='ocrx_word' id='word_1_647' title='bbox 2333 3435 2498 3493; x_wconf 86' lang='lat' dir='ltr'><strong>atque</strong></span> <span class='ocrx_word' id='word_1_648' title='bbox 2521 3437 2644 3477; x_wconf 92' lang='lat' dir='ltr'><strong>cum</strong></span> <span class='ocrx_word' id='word_1_649' title='bbox 2674 3421 2802 3474; x_wconf 88' lang='lat' dir='ltr'><strong>hinc</strong></span> <span class='ocrx_word' id='word_1_650' title='bbox 2834 3418 2908 3472; x_wconf 86' lang='lat' dir='ltr'><strong>sit</strong></span> <span class='ocrx_word' id='word_1_651' title='bbox 2942 3419 3177 3485; x_wconf 89' lang='lat' dir='ltr'><strong>ignotus,</strong></span> <span class='ocrx_word' id='word_1_652' title='bbox 3203 3427 3270 3466; x_wconf 72' lang='lat' dir='ltr'><strong>ex</strong></span> <span class='ocrx_word' id='word_1_653' title='bbox 3297 3410 3483 3464; x_wconf 81' lang='lat' dir='ltr'><strong>istius-</strong></span> 
     </span>
    </p>
   </div>
   <div class='ocr_carea' id='block_1_83' title="bbox 1910 3508 3482 3592">
    <p class='ocr_par' dir='ltr' id='par_1_83' title="bbox 1910 3508 3482 3592">
     <span class='ocr_line' id='line_1_87' title="bbox 1910 3508 3482 3592; baseline -0.017 -13"><span class='ocrx_word' id='word_1_654' title='bbox 1910 3525 2053 3579; x_wconf 91' lang='lat' dir='ltr'><strong>modi</strong></span> <span class='ocrx_word' id='word_1_655' title='bbox 2095 3519 2436 3592; x_wconf 85' lang='lat' dir='ltr'><strong>ignoratione</strong></span> <span class='ocrx_word' id='word_1_656' title='bbox 2476 3513 2852 3585; x_wconf 84' lang='lat' dir='ltr'><strong>dignoscitur;</strong></span> <span class='ocrx_word' id='word_1_657' title='bbox 2887 3508 3135 3579; x_wconf 90' lang='lat' dir='ltr'><strong>quinimo</strong></span> <span class='ocrx_word' id='word_1_658' title='bbox 3162 3520 3231 3558; x_wconf 82' lang='lat' dir='ltr'><strong>ex</strong></span> <span class='ocrx_word' id='word_1_659' title='bbox 3262 3510 3482 3557; x_wconf 82' lang='lat' dir='ltr'><strong>contra-</strong></span> 
     </span>
    </p>
   </div>
   <div class='ocr_carea' id='block_1_84' title="bbox 1913 3598 3480 3684">
    <p class='ocr_par' dir='ltr' id='par_1_84' title="bbox 1913 3598 3480 3684">
     <span class='ocr_line' id='line_1_88' title="bbox 1913 3598 3480 3684; baseline -0.02 -12"><span class='ocrx_word' id='word_1_660' title='bbox 1913 3618 2010 3672; x_wconf 88' lang='lat' dir='ltr'><strong>riis</strong></span> <span class='ocrx_word' id='word_1_661' title='bbox 2027 3613 2396 3684; x_wconf 85' lang='lat' dir='ltr'><strong>cognoscitur,</strong></span> <span class='ocrx_word' id='word_1_662' title='bbox 2427 3609 2733 3676; x_wconf 89' lang='lat' dir='ltr'><strong>diciturque</strong></span> <span class='ocrx_word' id='word_1_663' title='bbox 2751 3614 2861 3658; x_wconf 91' lang='lat' dir='ltr'><strong>tam</strong></span> <span class='ocrx_word' id='word_1_664' title='bbox 2887 3617 2982 3672; x_wconf 93' lang='lat' dir='ltr'><strong>per</strong></span> <span class='ocrx_word' id='word_1_665' title='bbox 3003 3598 3299 3670; x_wconf 91' lang='lat' dir='ltr'><strong>positiones</strong></span> <span class='ocrx_word' id='word_1_666' title='bbox 3315 3607 3480 3662; x_wconf 88' lang='lat' dir='ltr'><strong>quam</strong></span> 
     </span>
    </p>
   </div>
   <div class='ocr_carea' id='block_1_85' title="bbox 1914 3688 3484 3779">
    <p class='ocr_par' dir='ltr' id='par_1_85' title="bbox 1914 3688 3484 3779">
     <span class='ocr_line' id='line_1_89' title="bbox 1914 3688 3484 3779; baseline -0.017 -15"><span class='ocrx_word' id='word_1_667' title='bbox 1914 3724 2009 3779; x_wconf 91' lang='lat' dir='ltr'><strong>per</strong></span> <span class='ocrx_word' id='word_1_668' title='bbox 2036 3699 2635 3767; x_wconf 74' lang='lat' dir='ltr'><strong>ablationes.’Quamvis</strong></span> <span class='ocrx_word' id='word_1_669' title='bbox 2668 3698 2813 3751; x_wconf 91' lang='lat' dir='ltr'><strong>enim</strong></span> <span class='ocrx_word' id='word_1_670' title='bbox 2837 3705 2996 3749; x_wconf 88' lang='lat' dir='ltr'><strong>antea</strong></span> <span class='ocrx_word' id='word_1_671' title='bbox 3025 3690 3228 3746; x_wconf 81' lang='lat' dir='ltr'><strong>dixerit</strong></span> <span class='ocrx_word' id='word_1_672' title='bbox 3257 3691 3323 3744; x_wconf 91' lang='lat' dir='ltr'><strong>de</strong></span> <span class='ocrx_word' id='word_1_673' title='bbox 3350 3688 3484 3746; x_wconf 87' lang='lat' dir='ltr'><strong>Deo.</strong></span> 
     </span>
    </p>
   </div>
   <div class='ocr_carea' id='block_1_86' title="bbox 1915 3778 3484 3870">
    <p class='ocr_par' dir='ltr' id='par_1_86' title="bbox 1915 3778 3484 3870">
     <span class='ocr_line' id='line_1_90' title="bbox 1915 3778 3484 3870; baseline -0.016 -15"><span class='ocrx_word' id='word_1_674' title='bbox 1915 3815 2089 3870; x_wconf 86' lang='lat' dir='ltr'><strong>neque</strong></span> <span class='ocrx_word' id='word_1_675' title='bbox 2120 3805 2326 3851; x_wconf 89' lang='lat' dir='ltr'><strong>tactum</strong></span> <span class='ocrx_word' id='word_1_676' title='bbox 2364 3805 2510 3856; x_wconf 89' lang='lat' dir='ltr'><strong>esse,</strong></span> <span class='ocrx_word' id='word_1_677' title='bbox 2536 3802 2716 3857; x_wconf 91' lang='lat' dir='ltr'><strong>neque</strong></span> <span class='ocrx_word' id='word_1_678' title='bbox 2749 3787 3059 3846; x_wconf 86' lang='lat' dir='ltr'><strong>notionem,</strong></span> <span class='ocrx_word' id='word_1_679' title='bbox 3095 3794 3270 3849; x_wconf 88' lang='lat' dir='ltr'><strong>neque</strong></span> <span class='ocrx_word' id='word_1_680' title='bbox 3312 3778 3484 3832; x_wconf 90' lang='lat' dir='ltr'><strong>ratio-</strong></span> 
     </span>
    </p>
   </div>
   <div class='ocr_carea' id='block_1_87' title="bbox 1918 3869 3488 3957">
    <p class='ocr_par' dir='ltr' id='par_1_87' title="bbox 1918 3869 3488 3957">
     <span class='ocr_line' id='line_1_91' title="bbox 1918 3869 3488 3957; baseline -0.017 -11"><span class='ocrx_word' id='word_1_681' title='bbox 1918 3909 2060 3956; x_wconf 91' lang='lat' dir='ltr'><strong>nem,</strong></span> <span class='ocrx_word' id='word_1_682' title='bbox 2089 3902 2260 3957; x_wconf 91' lang='lat' dir='ltr'><strong>neque</strong></span> <span class='ocrx_word' id='word_1_683' title='bbox 2283 3887 2578 3956; x_wconf 85' lang='lat' dir='ltr'><strong>quidquam</strong></span> <span class='ocrx_word' id='word_1_684' title='bbox 2607 3880 2789 3946; x_wconf 86' lang='lat' dir='ltr'><strong>aliud;</strong></span> <span class='ocrx_word' id='word_1_685' title='bbox 2835 3886 3209 3932; x_wconf 86' lang='lat' dir='ltr'><strong>verumtamen</strong></span> <span class='ocrx_word' id='word_1_686' title='bbox 3270 3869 3488 3941; x_wconf 80' lang='lat' dir='ltr'><strong>quando</strong></span> 
     </span>
    </p>
   </div>
   <div class='ocr_carea' id='block_1_88' title="bbox 1919 3963 3485 4051">
    <p class='ocr_par' dir='ltr' id='par_1_88' title="bbox 1919 3963 3485 4051">
     <span class='ocr_line' id='line_1_92' title="bbox 1919 3963 3485 4051; baseline -0.017 -12"><span class='ocrx_word' id='word_1_687' title='bbox 1919 3987 2032 4039; x_wconf 74' lang='lat' dir='ltr'><strong>haec</strong></span> <span class='ocrx_word' id='word_1_688' title='bbox 2063 3980 2295 4051; x_wconf 89' lang='lat' dir='ltr'><strong>positiva</strong></span> <span class='ocrx_word' id='word_1_689' title='bbox 2317 3974 2661 4032; x_wconf 89' lang='lat' dir='ltr'><strong>convenienti</strong></span> <span class='ocrx_word' id='word_1_690' title='bbox 2705 3971 2864 4044; x_wconf 86' lang='lat' dir='ltr'><strong>modo</strong></span> <span class='ocrx_word' id='word_1_691' title='bbox 2899 3968 3277 4037; x_wconf 87' lang='lat' dir='ltr'><strong>intelligimus,</strong></span> <span class='ocrx_word' id='word_1_692' title='bbox 3319 3963 3485 4016; x_wconf 90' lang='lat' dir='ltr'><strong>etiam</strong></span> 
     </span>
    </p>
   </div>
   <div class='ocr_carea' id='block_1_89' title="bbox 1918 4055 3484 4142">
    <p class='ocr_par' dir='ltr' id='par_1_89' title="bbox 1918 4055 3484 4142">
     <span class='ocr_line' id='line_1_93' title="bbox 1918 4055 3484 4142; baseline -0.016 -12"><span class='ocrx_word' id='word_1_693' title='bbox 1918 4078 2031 4130; x_wconf 73' lang='lat' dir='ltr'><strong>lucc</strong></span> <span class='ocrx_word' id='word_1_694' title='bbox 2066 4075 2232 4142; x_wconf 91' lang='lat' dir='ltr'><strong>ipsius</strong></span> <span class='ocrx_word' id='word_1_695' title='bbox 2253 4084 2373 4124; x_wconf 88' lang='lat' dir='ltr'><strong>esse</strong></span> <span class='ocrx_word' id='word_1_696' title='bbox 2404 4066 2664 4128; x_wconf 86' lang='lat' dir='ltr'><strong>dicimus,</strong></span> <span class='ocrx_word' id='word_1_697' title='bbox 2699 4073 2753 4117; x_wconf 93' lang='lat' dir='ltr'><strong>et</strong></span> <span class='ocrx_word' id='word_1_698' title='bbox 2783 4077 2890 4116; x_wconf 91' lang='lat' dir='ltr'><strong>non</strong></span> <span class='ocrx_word' id='word_1_699' title='bbox 2925 4075 2990 4114; x_wconf 84' lang='lat' dir='ltr'><strong>ex</strong></span> <span class='ocrx_word' id='word_1_700' title='bbox 3019 4059 3179 4113; x_wconf 89' lang='lat' dir='ltr'><strong>nobis</strong></span> <span class='ocrx_word' id='word_1_701' title='bbox 3218 4059 3286 4111; x_wconf 93' lang='lat' dir='ltr'><strong>ad</strong></span> <span class='ocrx_word' id='word_1_702' title='bbox 3311 4055 3484 4124; x_wconf 91' lang='lat' dir='ltr'><strong>ipsum</strong></span> 
     </span>
    </p>
   </div>
   <div class='ocr_carea' id='block_1_90' title="bbox 1923 4148 3487 4233">
    <p class='ocr_par' dir='ltr' id='par_1_90' title="bbox 1923 4148 3487 4233">
     <span class='ocr_line' id='line_1_94' title="bbox 1923 4148 3487 4233; baseline -0.015 -11"><span class='ocrx_word' id='word_1_703' title='bbox 1923 4166 2209 4223; x_wconf 88' lang='lat' dir='ltr'><strong>transferri</strong></span> <span class='ocrx_word' id='word_1_704' title='bbox 2241 4169 2488 4233; x_wconf 90' lang='lat' dir='ltr'><strong>possunt.</strong></span> <span class='ocrx_word' id='word_1_705' title='bbox 2541 4160 2726 4226; x_wconf 89' lang='lat' dir='ltr'><strong>Itaque</strong></span> <span class='ocrx_word' id='word_1_706' title='bbox 2758 4163 2936 4208; x_wconf 91' lang='lat' dir='ltr'><strong>tactus</strong></span> <span class='ocrx_word' id='word_1_707' title='bbox 2967 4150 3189 4222; x_wconf 91' lang='lat' dir='ltr'><strong>quidem</strong></span> <span class='ocrx_word' id='word_1_708' title='bbox 3225 4148 3383 4203; x_wconf 90' lang='lat' dir='ltr'><strong>nobis</strong></span> <span class='ocrx_word' id='word_1_709' title='bbox 3421 4148 3487 4198; x_wconf 90' lang='lat' dir='ltr'><strong>ad</strong></span> 
     </span>
    </p>
   </div>
   <div class='ocr_carea' id='block_1_91' title="bbox 1924 4243 3490 4320">
    <p class='ocr_par' dir='ltr' id='par_1_91' title="bbox 1924 4243 3490 4320">
     <span class='ocr_line' id='line_1_95' title="bbox 1924 4243 3490 4320; baseline -0.013 -3"><span class='ocrx_word' id='word_1_710' title='bbox 1924 4264 2091 4317; x_wconf 87' lang='lat' dir='ltr'><strong>Deum</strong></span> <span class='ocrx_word' id='word_1_711' title='bbox 2123 4274 2230 4313; x_wconf 86' lang='lat' dir='ltr'><strong>non</strong></span> <span class='ocrx_word' id='word_1_712' title='bbox 2284 4265 2391 4320; x_wconf 86' lang='lat' dir='ltr'><strong>est,</strong></span> <span class='ocrx_word' id='word_1_713' title='bbox 2419 4255 2513 4309; x_wconf 91' lang='lat' dir='ltr'><strong>sed</strong></span> <span class='ocrx_word' id='word_1_714' title='bbox 2547 4261 2723 4307; x_wconf 89' lang='lat' dir='ltr'><strong>tactus</strong></span> <span class='ocrx_word' id='word_1_715' title='bbox 2755 4249 2926 4316; x_wconf 87' lang='lat' dir='ltr'><strong>ipsius</strong></span> <span class='ocrx_word' id='word_1_716' title='bbox 2957 4247 3022 4300; x_wconf 86' lang='lat' dir='ltr'><strong>ad</strong></span> <span class='ocrx_word' id='word_1_717' title='bbox 3073 4245 3311 4314; x_wconf 87' lang='lat' dir='ltr'><strong>seipsum</strong></span> <span class='ocrx_word' id='word_1_718' title='bbox 3342 4243 3490 4297; x_wconf 79' lang='lat' dir='ltr'><strong>dicc-</strong></span> 
     </span>
    </p>
   </div>
   <div class='ocr_carea' id='block_1_92' title="bbox 1927 4335 3490 4420">
    <p class='ocr_par' dir='ltr' id='par_1_92' title="bbox 1927 4335 3490 4420">
     <span class='ocr_line' id='line_1_96' title="bbox 1927 4335 3490 4420; baseline -0.014 -11"><span class='ocrx_word' id='word_1_719' title='bbox 1927 4366 2034 4420; x_wconf 92' lang='lat' dir='ltr'><strong>lur,</strong></span> <span class='ocrx_word' id='word_1_720' title='bbox 2092 4356 2234 4409; x_wconf 90' lang='lat' dir='ltr'><strong>sicut</strong></span> <span class='ocrx_word' id='word_1_721' title='bbox 2295 4351 2460 4404; x_wconf 91' lang='lat' dir='ltr'><strong>etiam</strong></span> <span class='ocrx_word' id='word_1_722' title='bbox 2515 4345 2756 4416; x_wconf 88' lang='lat' dir='ltr'><strong>cognitio</strong></span> <span class='ocrx_word' id='word_1_723' title='bbox 2807 4342 3102 4408; x_wconf 91' lang='lat' dir='ltr'><strong>notioque;</strong></span> <span class='ocrx_word' id='word_1_724' title='bbox 3168 4335 3490 4406; x_wconf 89' lang='lat' dir='ltr'><strong>negationes</strong></span> 
     </span>
    </p>
   </div>
   <div class='ocr_carea' id='block_1_93' title="bbox 1925 4431 3491 4508">
    <p class='ocr_par' dir='ltr' id='par_1_93' title="bbox 1925 4431 3491 4508">
     <span class='ocr_line' id='line_1_97' title="bbox 1925 4431 3491 4508; baseline -0.017 -7"><span class='ocrx_word' id='word_1_725' title='bbox 1925 4462 2054 4502; x_wconf 89' lang='lat' dir='ltr'><strong>vero</strong></span> <span class='ocrx_word' id='word_1_726' title='bbox 2073 4441 2490 4501; x_wconf 89' lang='lat' dir='ltr'><strong>etiaminnobis</strong></span> <span class='ocrx_word' id='word_1_727' title='bbox 2529 4444 2826 4508; x_wconf 89' lang='lat' dir='ltr'><strong>ponentur,</strong></span> <span class='ocrx_word' id='word_1_728' title='bbox 2856 4431 3117 4502; x_wconf 91' lang='lat' dir='ltr'><strong>quoniam</strong></span> <span class='ocrx_word' id='word_1_729' title='bbox 3166 4441 3332 4496; x_wconf 89' lang='lat' dir='ltr'><strong>supra</strong></span> <span class='ocrx_word' id='word_1_730' title='bbox 3371 4441 3491 4480; x_wconf 76' lang='lat' dir='ltr'><strong>om—</strong></span> 
     </span>
    </p>
   </div>
   <div class='ocr_carea' id='block_1_94' title="bbox 1928 4516 3494 4595">
    <p class='ocr_par' dir='ltr' id='par_1_94' title="bbox 1928 4516 3494 4595">
     <span class='ocr_line' id='line_1_98' title="bbox 1928 4516 3494 4595; baseline -0.017 -1"><span class='ocrx_word' id='word_1_731' title='bbox 1928 4541 2015 4594; x_wconf 90' lang='lat' dir='ltr'><strong>nia</strong></span> <span class='ocrx_word' id='word_1_732' title='bbox 2043 4538 2142 4592; x_wconf 88' lang='lat' dir='ltr'><strong>ista</strong></span> <span class='ocrx_word' id='word_1_733' title='bbox 2177 4535 2319 4588; x_wconf 89' lang='lat' dir='ltr'><strong>Deus</strong></span> <span class='ocrx_word' id='word_1_734' title='bbox 2358 4541 2478 4594; x_wconf 80' lang='lat' dir='ltr'><strong>est;</strong></span> <span class='ocrx_word' id='word_1_735' title='bbox 2509 4539 2692 4583; x_wconf 89' lang='lat' dir='ltr'><strong>etnon</strong></span> <span class='ocrx_word' id='word_1_736' title='bbox 2728 4532 2908 4595; x_wconf 85' lang='lat' dir='ltr'><strong>potest</strong></span> <span class='ocrx_word' id='word_1_737' title='bbox 2931 4538 2996 4576; x_wconf 86' lang='lat' dir='ltr'><strong>ex</strong></span> <span class='ocrx_word' id='word_1_738' title='bbox 3037 4521 3122 4575; x_wconf 86' lang='lat' dir='ltr'><strong>his</strong></span> <span class='ocrx_word' id='word_1_739' title='bbox 3163 4535 3194 4572; x_wconf 91' lang='lat' dir='ltr'><strong>a</strong></span> <span class='ocrx_word' id='word_1_740' title='bbox 3219 4516 3374 4572; x_wconf 90' lang='lat' dir='ltr'><strong>nobis</strong></span> <span class='ocrx_word' id='word_1_741' title='bbox 3411 4517 3494 4568; x_wconf 82' lang='lat' dir='ltr'><strong>in-</strong></span> 
     </span>
    </p>
   </div>
   <div class='ocr_carea' id='block_1_95' title="bbox 240 4611 1808 4722">
    <p class='ocr_par' dir='ltr' id='par_1_95' title="bbox 240 4611 1808 4722">
     <span class='ocr_line' id='line_1_99' title="bbox 248 4611 1328 4634; baseline -0.008 -7"><span class='ocrx_word' id='word_1_742' title='bbox 248 4611 494 4634; x_wconf 56' lang='grc' dir='ltr'><strong>νιπν---νη</strong></span> <span class='ocrx_word' id='word_1_743' title='bbox 686 4611 760 4632; x_wconf 78' lang='grc'><strong><em>--,-</em></strong></span> <span class='ocrx_word' id='word_1_744' title='bbox 970 4611 980 4627; x_wconf 92' lang='grc'><strong>.</strong></span> <span class='ocrx_word' id='word_1_745' title='bbox 1321 4611 1328 4618; x_wconf 90' lang='grc'>.</span> 
     </span>
     <span class='ocr_line' id='line_1_100' title="bbox 240 4643 1808 4722; baseline -0.011 -12"><span class='ocrx_word' id='word_1_746' title='bbox 240 4659 344 4722; x_wconf 80' lang='grc' dir='ltr'><strong>ὢν,</strong></span> <span class='ocrx_word' id='word_1_747' title='bbox 378 4659 443 4709; x_wconf 78' lang='grc' dir='ltr'><strong>ἐκ</strong></span> <span class='ocrx_word' id='word_1_748' title='bbox 468 4655 576 4709; x_wconf 87' lang='grc' dir='ltr'><strong>τῶν</strong></span> <span class='ocrx_word' id='word_1_749' title='bbox 598 4653 812 4720; x_wconf 80' lang='grc' dir='ltr'>ζώντων</span> <span class='ocrx_word' id='word_1_750' title='bbox 841 4652 915 4715; x_wconf 86' lang='grc' dir='ltr'><strong>ώς</strong></span> <span class='ocrx_word' id='word_1_751' title='bbox 949 4651 1077 4715; x_wconf 79' lang='grc' dir='ltr'>ζῶν,</span> <span class='ocrx_word' id='word_1_752' title='bbox 1115 4651 1177 4702; x_wconf 84' lang='grc' dir='ltr'><strong>ἐκ</strong></span> <span class='ocrx_word' id='word_1_753' title='bbox 1209 4647 1316 4700; x_wconf 89' lang='grc' dir='ltr'><strong>τῶν</strong></span> <span class='ocrx_word' id='word_1_754' title='bbox 1342 4646 1521 4716; x_wconf 79' lang='grc' dir='ltr'>σοφῶν</span> <span class='ocrx_word' id='word_1_755' title='bbox 1542 4645 1617 4706; x_wconf 85' lang='grc' dir='ltr'><strong>ὡς</strong></span> <span class='ocrx_word' id='word_1_756' title='bbox 1640 4643 1808 4711; x_wconf 67' lang='grc' dir='ltr'>σοφία</span> 
     </span>
    </p>
   </div>
   <div class='ocr_carea' id='block_1_96' title="bbox 1913 4611 3495 4722">
    <p class='ocr_par' dir='ltr' id='par_1_96' title="bbox 1932 4611 3495 4700">
     <span class='ocr_line' id='line_1_101' title="bbox 1932 4611 3495 4700; baseline -0.015 -15"><span class='ocrx_word' id='word_1_757' title='bbox 1932 4631 2116 4700; x_wconf 87' lang='lat' dir='ltr'><strong>telligi.</strong></span> <span class='ocrx_word' id='word_1_758' title='bbox 2142 4626 2353 4681; x_wconf 90' lang='lat' dir='ltr'><strong>Idcirco</strong></span> <span class='ocrx_word' id='word_1_759' title='bbox 2377 4627 2544 4678; x_wconf 87' lang='lat' dir='ltr'><strong>etiam</strong></span> <span class='ocrx_word' id='word_1_760' title='bbox 2572 4636 2642 4674; x_wconf 78' lang='lat' dir='ltr'><strong>ex</strong></span> <span class='ocrx_word' id='word_1_761' title='bbox 2665 4618 2916 4673; x_wconf 91' lang='lat' dir='ltr'><strong>omnibus</strong></span> <span class='ocrx_word' id='word_1_762' title='bbox 2946 4629 2975 4667; x_wconf 92' lang='lat' dir='ltr'><strong>a</strong></span> <span class='ocrx_word' id='word_1_763' title='bbox 3005 4614 3163 4668; x_wconf 91' lang='lat' dir='ltr'><strong>nobis</strong></span> <span class='ocrx_word' id='word_1_764' title='bbox 3186 4611 3495 4665; x_wconf 86' lang='lat' dir='ltr'><strong>celebratur</strong></span> 
     </span>
    </p>
   </div>
   <div class='ocr_carea' id='block_1_97' title="bbox 241 4737 1824 4818">
    <p class='ocr_par' dir='ltr' id='par_1_97' title="bbox 241 4737 1824 4818">
     <span class='ocr_line' id='line_1_102' title="bbox 241 4737 1824 4818; baseline -0.013 -12"><span class='ocrx_word' id='word_1_765' title='bbox 241 4753 359 4806; x_wconf 78' lang='lat' dir='ltr'><strong>Kal.</strong></span> <span class='ocrx_word' id='word_1_766' title='bbox 382 4749 543 4804; x_wconf 58' lang='lat' dir='ltr'><strong>Mlti)</strong></span> <span class='ocrx_word' id='word_1_767' title='bbox 573 4749 768 4818; x_wconf 68' lang='grc' dir='ltr'>ἐστὶνὴ</span> <span class='ocrx_word' id='word_1_768' title='bbox 790 4746 1039 4812; x_wconf 84' lang='grc' dir='ltr'>θειοτάτη</span> <span class='ocrx_word' id='word_1_769' title='bbox 1058 4743 1151 4795; x_wconf 89' lang='grc' dir='ltr'><strong>τοῦ</strong></span> <span class='ocrx_word' id='word_1_770' title='bbox 1168 4741 1301 4794; x_wconf 83' lang='grc' dir='ltr'>Θεοῦ</span> <span class='ocrx_word' id='word_1_771' title='bbox 1321 4739 1541 4808; x_wconf 83' lang='grc' dir='ltr'>γνῶσις,</span> <span class='ocrx_word' id='word_1_772' title='bbox 1564 4737 1632 4789; x_wconf 84' lang='grc' dir='ltr'>δι’</span> <span class='ocrx_word' id='word_1_773' title='bbox 1648 4737 1824 4804; x_wconf 87' lang='grc' dir='ltr'>ἀγνω-</span> 
     </span>
    </p>
   </div>
   <div class='ocr_carea' id='block_1_98' title="bbox 223 4826 1823 4919">
    <p class='ocr_par' dir='ltr' id='par_1_98' title="bbox 223 4826 1823 4919">
     <span class='ocr_line' id='line_1_103' title="bbox 223 4826 1823 4919; baseline -0.011 -24"><span class='ocrx_word' id='word_1_774' title='bbox 223 4841 371 4919; x_wconf 75' lang='grc' dir='ltr'><strong>⁸σίας</strong></span> <span class='ocrx_word' id='word_1_775' title='bbox 393 4838 768 4909; x_wconf 81' lang='grc' dir='ltr'>γινωσκομένη</span> <span class='ocrx_word' id='word_1_776' title='bbox 787 4835 928 4890; x_wconf 87' lang='grc' dir='ltr'>κατὰ</span> <span class='ocrx_word' id='word_1_777' title='bbox 946 4834 1042 4905; x_wconf 87' lang='grc' dir='ltr'><strong>τὴν</strong></span> <span class='ocrx_word' id='word_1_778' title='bbox 1059 4831 1331 4904; x_wconf 80' lang='grc' dir='ltr'>ὑπὲρνοῦν</span> <span class='ocrx_word' id='word_1_779' title='bbox 1349 4831 1539 4882; x_wconf 79' lang='grc' dir='ltr'>ἐνωσιν</span> <span class='ocrx_word' id='word_1_780' title='bbox 1557 4828 1650 4881; x_wconf 78' lang='grc' dir='ltr'><strong>καὶ</strong></span> <span class='ocrx_word' id='word_1_781' title='bbox 1665 4826 1823 4879; x_wconf 86' lang='grc' dir='ltr'>συνά-</span> 
     </span>
    </p>
   </div>
   <div class='ocr_carea' id='block_1_99' title="bbox 246 4919 1825 5005">
    <p class='ocr_par' dir='ltr' id='par_1_99' title="bbox 246 4919 1825 5005">
     <span class='ocr_line' id='line_1_104' title="bbox 246 4919 1825 5005; baseline -0.012 -17"><span class='ocrx_word' id='word_1_782' title='bbox 246 4951 429 5005; x_wconf 77' lang='grc' dir='ltr'>φειαν,</span> <span class='ocrx_word' id='word_1_783' title='bbox 470 4930 653 4995; x_wconf 86' lang='grc' dir='ltr'>καθὼς</span> <span class='ocrx_word' id='word_1_784' title='bbox 690 4929 979 5001; x_wconf 80' lang='grc' dir='ltr'>ἐπιφέρει,</span> <span class='ocrx_word' id='word_1_785' title='bbox 1041 4928 1190 4990; x_wconf 83' lang='grc' dir='ltr'>ὅταν,</span> <span class='ocrx_word' id='word_1_786' title='bbox 1232 4924 1424 4992; x_wconf 80' lang='grc' dir='ltr'>λέγων,</span> <span class='ocrx_word' id='word_1_787' title='bbox 1465 4923 1493 4973; x_wconf 91' lang='grc' dir='ltr'>ὁ</span> <span class='ocrx_word' id='word_1_788' title='bbox 1531 4919 1652 4982; x_wconf 91' lang='grc' dir='ltr'>νοῦς</span> <span class='ocrx_word' id='word_1_789' title='bbox 1691 4921 1825 4971; x_wconf 88' lang='grc' dir='ltr'>ἀπο-</span> 
     </span>
    </p>
   </div>
   <div class='ocr_carea' id='block_1_100' title="bbox 247 5010 1825 5088">
    <p class='ocr_par' dir='ltr' id='par_1_100' title="bbox 247 5010 1825 5088">
     <span class='ocr_line' id='line_1_105' title="bbox 247 5010 1825 5088; baseline -0.011 -10"><span class='ocrx_word' id='word_1_790' title='bbox 247 5025 384 5088; x_wconf 84' lang='grc' dir='ltr'><strong>στάς</strong></span> <span class='ocrx_word' id='word_1_791' title='bbox 416 5022 526 5074; x_wconf 89' lang='grc' dir='ltr'><strong>τῶν</strong></span> <span class='ocrx_word' id='word_1_792' title='bbox 560 5021 728 5074; x_wconf 78' lang='grc' dir='ltr'>ὄντων</span> <span class='ocrx_word' id='word_1_793' title='bbox 750 5020 843 5072; x_wconf 72' lang='grc' dir='ltr'><strong>καὶ</strong></span> <span class='ocrx_word' id='word_1_794' title='bbox 861 5017 1050 5072; x_wconf 83' lang='grc' dir='ltr'>ἐαυτὸν</span> <span class='ocrx_word' id='word_1_795' title='bbox 1088 5016 1265 5085; x_wconf 70' lang='grc' dir='ltr'>ἀφεὶς,</span> <span class='ocrx_word' id='word_1_796' title='bbox 1306 5012 1479 5083; x_wconf 84' lang='grc' dir='ltr'>ἐνωθῇ</span> <span class='ocrx_word' id='word_1_797' title='bbox 1520 5013 1637 5073; x_wconf 81' lang='grc' dir='ltr'>ταῖς</span> <span class='ocrx_word' id='word_1_798' title='bbox 1665 5010 1825 5080; x_wconf 86' lang='grc' dir='ltr'>ὑπερ-</span> 
     </span>
    </p>
   </div>
   <div class='ocr_carea' id='block_1_101' title="bbox 247 5102 1824 5186">
    <p class='ocr_par' dir='ltr' id='par_1_101' title="bbox 247 5102 1824 5186">
     <span class='ocr_line' id='line_1_106' title="bbox 247 5102 1824 5186; baseline -0.01 -19"><span class='ocrx_word' id='word_1_799' title='bbox 247 5114 445 5186; x_wconf 79' lang='grc' dir='ltr'>φαέσιν</span> <span class='ocrx_word' id='word_1_800' title='bbox 498 5111 712 5165; x_wconf 87' lang='grc' dir='ltr'>ἀκτῖσιν</span> <span class='ocrx_word' id='word_1_801' title='bbox 738 5150 753 5175; x_wconf 90' lang='grc'><strong>,</strong></span> <span class='ocrx_word' id='word_1_802' title='bbox 817 5108 1224 5179; x_wconf 82' lang='grc' dir='ltr'>ἐλλαμπὸμενος</span> <span class='ocrx_word' id='word_1_803' title='bbox 1293 5104 1371 5174; x_wconf 83' lang='grc' dir='ltr'>τῷ</span> <span class='ocrx_word' id='word_1_804' title='bbox 1422 5102 1824 5172; x_wconf 81' lang='grc' dir='ltr'>ἀνεξερευνήτῳ</span> 
     </span>
    </p>
   </div>
   <div class='ocr_carea' id='block_1_102' title="bbox 250 5192 1824 5277">
    <p class='ocr_par' dir='ltr' id='par_1_102' title="bbox 250 5192 1824 5277">
     <span class='ocr_line' id='line_1_107' title="bbox 250 5192 1824 5277; baseline -0.008 -18"><span class='ocrx_word' id='word_1_805' title='bbox 250 5204 439 5277; x_wconf 75' lang='grc' dir='ltr'>βάθειο</span> <span class='ocrx_word' id='word_1_806' title='bbox 480 5201 690 5256; x_wconf 86' lang='grc' dir='ltr'>ἐκεῖθεν</span> <span class='ocrx_word' id='word_1_807' title='bbox 730 5201 822 5254; x_wconf 79' lang='grc' dir='ltr'><strong>καὶ</strong></span> <span class='ocrx_word' id='word_1_808' title='bbox 859 5201 975 5253; x_wconf 84' lang='grc' dir='ltr'>ἐκεῖ</span> <span class='ocrx_word' id='word_1_809' title='bbox 1009 5196 1249 5268; x_wconf 83' lang='grc' dir='ltr'>δηλονότι</span> <span class='ocrx_word' id='word_1_810' title='bbox 1285 5195 1455 5259; x_wconf 77' lang='grc' dir='ltr'>οὕτως</span> <span class='ocrx_word' id='word_1_811' title='bbox 1501 5196 1526 5266; x_wconf 77' lang='grc' dir='ltr'><strong>ἡ</strong></span> <span class='ocrx_word' id='word_1_812' title='bbox 1567 5192 1824 5263; x_wconf 70' lang='grc' dir='ltr'>ἐλλαμψις</span> 
     </span>
    </p>
   </div>
   <div class='ocr_carea' id='block_1_103' title="bbox 248 5287 1822 5368">
    <p class='ocr_par' dir='ltr' id='par_1_103' title="bbox 248 5287 1822 5368">
     <span class='ocr_line' id='line_1_108' title="bbox 248 5287 1822 5368; baseline -0.009 -16"><span class='ocrx_word' id='word_1_813' title='bbox 248 5299 498 5368; x_wconf 86' lang='grc' dir='ltr'>γίνεται,</span> <span class='ocrx_word' id='word_1_814' title='bbox 535 5297 625 5350; x_wconf 84' lang='grc' dir='ltr'>ὅτε</span> <span class='ocrx_word' id='word_1_815' title='bbox 669 5295 843 5367; x_wconf 80' lang='grc' dir='ltr'>μένων</span> <span class='ocrx_word' id='word_1_816' title='bbox 877 5293 1030 5356; x_wconf 84' lang='grc' dir='ltr'>ἐκεῖ,</span> <span class='ocrx_word' id='word_1_817' title='bbox 1071 5289 1250 5342; x_wconf 88' lang='grc' dir='ltr'>πάντα</span> <span class='ocrx_word' id='word_1_818' title='bbox 1286 5289 1381 5341; x_wconf 78' lang='grc' dir='ltr'><strong>καὶ</strong></span> <span class='ocrx_word' id='word_1_819' title='bbox 1417 5287 1606 5340; x_wconf 79' lang='grc' dir='ltr'>ἑαυτὸν</span> <span class='ocrx_word' id='word_1_820' title='bbox 1645 5287 1822 5355; x_wconf 72' lang='grc' dir='ltr'>ἀφεὶς,</span> 
     </span>
    </p>
   </div>
   <div class='ocr_carea' id='block_1_104' title="bbox 249 5380 1825 5460">
    <p class='ocr_par' dir='ltr' id='par_1_104' title="bbox 249 5380 1825 5460">
     <span class='ocr_line' id='line_1_109' title="bbox 249 5380 1825 5460; baseline -0.01 -15"><span class='ocrx_word' id='word_1_821' title='bbox 249 5391 462 5446; x_wconf 82' lang='grc' dir='ltr'>ἐκεῖθεν</span> <span class='ocrx_word' id='word_1_822' title='bbox 499 5389 852 5460; x_wconf 85' lang='grc' dir='ltr'>ὲλλάμπεται.</span> <span class='ocrx_word' id='word_1_823' title='bbox 903 5384 1119 5454; x_wconf 81' lang='grc' dir='ltr'>Ἀφίησι</span> <span class='ocrx_word' id='word_1_824' title='bbox 1155 5383 1211 5436; x_wconf 82' lang='grc' dir='ltr'><strong>δὲ</strong></span> <span class='ocrx_word' id='word_1_825' title='bbox 1249 5384 1277 5434; x_wconf 88' lang='grc' dir='ltr'>ὁ</span> <span class='ocrx_word' id='word_1_826' title='bbox 1315 5380 1438 5445; x_wconf 90' lang='grc' dir='ltr'>νοῦς</span> <span class='ocrx_word' id='word_1_827' title='bbox 1474 5380 1825 5442; x_wconf 71' lang='grc' dir='ltr'>ἑαυτὸν,ὅταν</span> 
     </span>
    </p>
   </div>
   <div class='ocr_carea' id='block_1_105' title="bbox 250 5471 1827 5556">
    <p class='ocr_par' dir='ltr' id='par_1_105' title="bbox 250 5471 1827 5556">
     <span class='ocr_line' id='line_1_110' title="bbox 250 5471 1827 5556; baseline -0.011 -18"><span class='ocrx_word' id='word_1_828' title='bbox 250 5484 478 5556; x_wconf 82' lang='grc' dir='ltr'>ἀργήσῃ</span> <span class='ocrx_word' id='word_1_829' title='bbox 516 5479 795 5543; x_wconf 84' lang='grc' dir='ltr'>παντελῶς</span> <span class='ocrx_word' id='word_1_830' title='bbox 843 5479 941 5550; x_wconf 85' lang='grc' dir='ltr'><strong>τῆς</strong></span> <span class='ocrx_word' id='word_1_831' title='bbox 978 5476 1183 5540; x_wconf 78' lang='grc' dir='ltr'>οἰκείας</span> <span class='ocrx_word' id='word_1_832' title='bbox 1221 5475 1520 5545; x_wconf 85' lang='grc' dir='ltr'>κινήσεως,</span> <span class='ocrx_word' id='word_1_833' title='bbox 1562 5473 1654 5525; x_wconf 74' lang='grc' dir='ltr'><strong>καὶ</strong></span> <span class='ocrx_word' id='word_1_834' title='bbox 1691 5471 1827 5534; x_wconf 84' lang='grc' dir='ltr'>ὅλως</span> 
     </span>
    </p>
   </div>
   <div class='ocr_carea' id='block_1_106' title="bbox 251 5564 1829 5649">
    <p class='ocr_par' dir='ltr' id='par_1_106' title="bbox 251 5564 1829 5649">
     <span class='ocr_line' id='line_1_111' title="bbox 251 5564 1829 5649; baseline -0.011 -17"><span class='ocrx_word' id='word_1_835' title='bbox 251 5577 582 5649; x_wconf 75' lang='grc' dir='ltr'>ἀκινητήσῃ,</span> <span class='ocrx_word' id='word_1_836' title='bbox 612 5574 778 5646; x_wconf 80' lang='grc' dir='ltr'>μηδὲν</span> <span class='ocrx_word' id='word_1_837' title='bbox 809 5572 935 5626; x_wconf 79' lang='grc' dir='ltr'>ἴδιον</span> <span class='ocrx_word' id='word_1_838' title='bbox 955 5569 1152 5636; x_wconf 83' lang='grc' dir='ltr'>ἐαυτοῦ</span> <span class='ocrx_word' id='word_1_839' title='bbox 1186 5569 1342 5641; x_wconf 72' lang='grc' dir='ltr'>ἔχων,</span> <span class='ocrx_word' id='word_1_840' title='bbox 1375 5567 1509 5640; x_wconf 79' lang='grc' dir='ltr'>μηδὲ</span> <span class='ocrx_word' id='word_1_841' title='bbox 1546 5564 1707 5618; x_wconf 80' lang='grc' dir='ltr'>αὐτοῦ</span> <span class='ocrx_word' id='word_1_842' title='bbox 1732 5564 1829 5626; x_wconf 83' lang='grc' dir='ltr'><strong>ὢν,</strong></span> 
     </span>
    </p>
   </div>
   <div class='ocr_carea' id='block_1_107' title="bbox 254 5655 1831 5745">
    <p class='ocr_par' dir='ltr' id='par_1_107' title="bbox 254 5655 1831 5745">
     <span class='ocr_line' id='line_1_112' title="bbox 254 5655 1831 5745; baseline -0.011 -20"><span class='ocrx_word' id='word_1_843' title='bbox 254 5671 372 5726; x_wconf 85' lang='grc' dir='ltr'>ἀλλ’</span> <span class='ocrx_word' id='word_1_844' title='bbox 393 5670 532 5733; x_wconf 81' lang='grc' dir='ltr'>ὅλως</span> <span class='ocrx_word' id='word_1_845' title='bbox 567 5668 666 5738; x_wconf 85' lang='grc' dir='ltr'><strong>τῆς</strong></span> <span class='ocrx_word' id='word_1_846' title='bbox 706 5665 854 5730; x_wconf 87' lang='grc' dir='ltr'>θείας</span> <span class='ocrx_word' id='word_1_847' title='bbox 892 5664 1107 5745; x_wconf 77' lang='grc' dir='ltr'>ἐκείνης</span> <span class='ocrx_word' id='word_1_848' title='bbox 1151 5661 1528 5735; x_wconf 81' lang='grc' dir='ltr'>κρυφιότητος,</span> <span class='ocrx_word' id='word_1_849' title='bbox 1564 5657 1630 5728; x_wconf 81' lang='grc' dir='ltr'>ἣν</span> <span class='ocrx_word' id='word_1_850' title='bbox 1669 5655 1831 5709; x_wconf 85' lang='grc' dir='ltr'>ἀλλα-</span> 
     </span>
    </p>
   </div>
   <div class='ocr_carea' id='block_1_108' title="bbox 255 5747 1831 5834">
    <p class='ocr_par' dir='ltr' id='par_1_108' title="bbox 255 5747 1831 5834">
     <span class='ocr_line' id='line_1_113' title="bbox 255 5747 1831 5834; baseline -0.01 -15"><span class='ocrx_word' id='word_1_851' title='bbox 255 5761 355 5834; x_wconf 79' lang='grc' dir='ltr'>χοῦ</span> <span class='ocrx_word' id='word_1_852' title='bbox 395 5760 491 5817; x_wconf 70' lang='grc' dir='ltr'><strong>καὶ</strong></span> <span class='ocrx_word' id='word_1_853' title='bbox 527 5758 784 5832; x_wconf 76' lang='grc' dir='ltr'>ἐνδότητα</span> <span class='ocrx_word' id='word_1_854' title='bbox 821 5751 960 5824; x_wconf 70' lang='grc' dir='ltr'>εἷπε.</span> <span class='ocrx_word' id='word_1_855' title='bbox 998 5754 1190 5814; x_wconf 82' lang='grc' dir='ltr'>Καίτοι</span> <span class='ocrx_word' id='word_1_856' title='bbox 1214 5770 1276 5826; x_wconf 80' lang='grc' dir='ltr'><strong>γε</strong></span> <span class='ocrx_word' id='word_1_857' title='bbox 1317 5752 1436 5809; x_wconf 83' lang='grc' dir='ltr'>κατ’</span> <span class='ocrx_word' id='word_1_858' title='bbox 1467 5747 1623 5805; x_wconf 85' lang='grc' dir='ltr'>ἄλλον</span> <span class='ocrx_word' id='word_1_859' title='bbox 1655 5747 1831 5819; x_wconf 88' lang='grc' dir='ltr'>λόγον,</span> 
     </span>
    </p>
   </div>
   <div class='ocr_carea' id='block_1_109' title="bbox 1932 4704 3494 4782">
    <p class='ocr_par' dir='ltr' id='par_1_109' title="bbox 1932 4704 3494 4782">
     <span class='ocr_line' id='line_1_114' title="bbox 1932 4704 3494 4782; baseline -0.017 -3"><span class='ocrx_word' id='word_1_860' title='bbox 1932 4722 2229 4780; x_wconf 89' lang='lat' dir='ltr'><strong>secundum</strong></span> <span class='ocrx_word' id='word_1_861' title='bbox 2257 4717 2502 4773; x_wconf 87' lang='lat' dir='ltr'><strong>omnium</strong></span> <span class='ocrx_word' id='word_1_862' title='bbox 2534 4711 2962 4782; x_wconf 84' lang='lat' dir='ltr'><strong>proportionem,</strong></span> <span class='ocrx_word' id='word_1_863' title='bbox 3018 4720 3085 4758; x_wconf 84' lang='lat' dir='ltr'><strong>ex</strong></span> <span class='ocrx_word' id='word_1_864' title='bbox 3115 4704 3334 4758; x_wconf 91' lang='lat' dir='ltr'><strong>entibus</strong></span> <span class='ocrx_word' id='word_1_865' title='bbox 3373 4712 3494 4755; x_wconf 92' lang='lat' dir='ltr'><strong>tan-</strong></span> 
     </span>
    </p>
   </div>
   <div class='ocr_carea' id='block_1_110' title="bbox 1930 4796 3500 4887">
    <p class='ocr_par' dir='ltr' id='par_1_110' title="bbox 1930 4796 3500 4887">
     <span class='ocr_line' id='line_1_115' title="bbox 1930 4796 3500 4887; baseline -0.014 -18"><span class='ocrx_word' id='word_1_866' title='bbox 1930 4831 2094 4887; x_wconf 86' lang='lat' dir='ltr'><strong>quam</strong></span> <span class='ocrx_word' id='word_1_867' title='bbox 2113 4829 2230 4878; x_wconf 91' lang='lat' dir='ltr'><strong>ens,</strong></span> <span class='ocrx_word' id='word_1_868' title='bbox 2255 4826 2322 4865; x_wconf 83' lang='lat' dir='ltr'><strong>ex</strong></span> <span class='ocrx_word' id='word_1_869' title='bbox 2343 4807 2654 4863; x_wconf 88' lang='lat' dir='ltr'><strong>viventibus</strong></span> <span class='ocrx_word' id='word_1_870' title='bbox 2673 4813 2927 4872; x_wconf 86' lang='lat' dir='ltr'><strong>tauquam</strong></span> <span class='ocrx_word' id='word_1_871' title='bbox 2955 4800 3164 4861; x_wconf 89' lang='lat' dir='ltr'><strong>vivens,</strong></span> <span class='ocrx_word' id='word_1_872' title='bbox 3186 4811 3254 4850; x_wconf 81' lang='lat' dir='ltr'><strong>ex</strong></span> <span class='ocrx_word' id='word_1_873' title='bbox 3276 4796 3500 4864; x_wconf 89' lang='lat' dir='ltr'><strong>sapien-</strong></span> 
     </span>
    </p>
   </div>
   <div class='ocr_carea' id='block_1_111' title="bbox 1933 4886 3502 4975">
    <p class='ocr_par' dir='ltr' id='par_1_111' title="bbox 1933 4886 3502 4975">
     <span class='ocr_line' id='line_1_116' title="bbox 1933 4886 3502 4975; baseline -0.016 -11"><span class='ocrx_word' id='word_1_874' title='bbox 1933 4886 2075 4964; x_wconf 87' lang='lat' dir='ltr'><strong>tibus</strong></span> <span class='ocrx_word' id='word_1_875' title='bbox 2105 4915 2361 4975; x_wconf 86' lang='lat' dir='ltr'><strong>tanquam</strong></span> <span class='ocrx_word' id='word_1_876' title='bbox 2415 4897 2706 4969; x_wconf 89' lang='lat' dir='ltr'><strong>sapientia.</strong></span> <span class='ocrx_word' id='word_1_877' title='bbox 2773 4896 2840 4949; x_wconf 83' lang='lat' dir='ltr'><strong>Et</strong></span> <span class='ocrx_word' id='word_1_878' title='bbox 2881 4907 3097 4947; x_wconf 88' lang='lat' dir='ltr'><strong>rursum</strong></span> <span class='ocrx_word' id='word_1_879' title='bbox 3134 4900 3219 4946; x_wconf 86' lang='lat' dir='ltr'><strong>est</strong></span> <span class='ocrx_word' id='word_1_880' title='bbox 3274 4886 3502 4944; x_wconf 88' lang='lat' dir='ltr'><strong>divinis-</strong></span> 
     </span>
    </p>
   </div>
   <div class='ocr_carea' id='block_1_112' title="bbox 1932 4979 3500 5068">
    <p class='ocr_par' dir='ltr' id='par_1_112' title="bbox 1932 4979 3500 5068">
     <span class='ocr_line' id='line_1_117' title="bbox 1932 4979 3500 5068; baseline -0.016 -10"><span class='ocrx_word' id='word_1_881' title='bbox 1932 5005 2067 5058; x_wconf 88' lang='lat' dir='ltr'><strong>sima</strong></span> <span class='ocrx_word' id='word_1_882' title='bbox 2093 5002 2185 5055; x_wconf 91' lang='lat' dir='ltr'><strong>Dei</strong></span> <span class='ocrx_word' id='word_1_883' title='bbox 2210 4995 2467 5068; x_wconf 87' lang='lat' dir='ltr'><strong>cognitio,</strong></span> <span class='ocrx_word' id='word_1_884' title='bbox 2496 5006 2620 5060; x_wconf 66' lang='lat' dir='ltr'><strong>quae</strong></span> <span class='ocrx_word' id='word_1_885' title='bbox 2651 5003 2750 5059; x_wconf 90' lang='lat' dir='ltr'><strong>per</strong></span> <span class='ocrx_word' id='word_1_886' title='bbox 2780 4985 3184 5058; x_wconf 88' lang='lat' dir='ltr'><strong>ignorationem</strong></span> <span class='ocrx_word' id='word_1_887' title='bbox 3213 4979 3500 5052; x_wconf 82' lang='lat' dir='ltr'><strong>cognosci-</strong></span> 
     </span>
    </p>
   </div>
   <div class='ocr_carea' id='block_1_113' title="bbox 1935 5080 3502 5156">
    <p class='ocr_par' dir='ltr' id='par_1_113' title="bbox 1935 5080 3502 5156">
     <span class='ocr_line' id='line_1_118' title="bbox 1935 5080 3502 5156; baseline -0.017 -6"><span class='ocrx_word' id='word_1_888' title='bbox 1935 5107 2023 5150; x_wconf 93' lang='lat' dir='ltr'><strong>tur</strong></span> <span class='ocrx_word' id='word_1_889' title='bbox 2045 5093 2338 5149; x_wconf 87' lang='lat' dir='ltr'><strong>secundum</strong></span> <span class='ocrx_word' id='word_1_890' title='bbox 2372 5083 2832 5156; x_wconf 88' lang='lat' dir='ltr'><strong>supramentalem</strong></span> <span class='ocrx_word' id='word_1_891' title='bbox 2865 5080 3126 5136; x_wconf 90' lang='lat' dir='ltr'><strong>unionem</strong></span> <span class='ocrx_word' id='word_1_892' title='bbox 3171 5085 3336 5144; x_wconf 88' lang='lat' dir='ltr'><strong>atque</strong></span> <span class='ocrx_word' id='word_1_893' title='bbox 3368 5088 3502 5128; x_wconf 91' lang='lat' dir='ltr'><strong>con-</strong></span> 
     </span>
    </p>
   </div>
   <div class='ocr_carea' id='block_1_114' title="bbox 1923 5169 3500 5255">
    <p class='ocr_par' dir='ltr' id='par_1_114' title="bbox 1923 5169 3500 5255">
     <span class='ocr_line' id='line_1_119' title="bbox 1923 5169 3500 5255; baseline -0.018 -14"><span class='ocrx_word' id='word_1_894' title='bbox 1923 5185 2284 5255; x_wconf 85' lang='lat' dir='ltr'><strong>junctionem,</strong></span> <span class='ocrx_word' id='word_1_895' title='bbox 2325 5179 2469 5233; x_wconf 89' lang='lat' dir='ltr'><strong>sicut</strong></span> <span class='ocrx_word' id='word_1_896' title='bbox 2508 5174 2672 5229; x_wconf 82' lang='lat' dir='ltr'><strong>infert</strong></span> <span class='ocrx_word' id='word_1_897' title='bbox 2704 5172 2942 5242; x_wconf 90' lang='lat' dir='ltr'><strong>quando,</strong></span> <span class='ocrx_word' id='word_1_898' title='bbox 2971 5169 3242 5238; x_wconf 90' lang='lat' dir='ltr'><strong>inquiens,</strong></span> <span class='ocrx_word' id='word_1_899' title='bbox 3278 5178 3431 5219; x_wconf 89' lang='lat' dir='ltr'><strong>mens</strong></span> <span class='ocrx_word' id='word_1_900' title='bbox 3471 5177 3500 5214; x_wconf 91' lang='lat' dir='ltr'><strong>a</strong></span> 
     </span>
    </p>
   </div>
   <div class='ocr_carea' id='block_1_115' title="bbox 1935 5259 3502 5337">
    <p class='ocr_par' dir='ltr' id='par_1_115' title="bbox 1935 5259 3502 5337">
     <span class='ocr_line' id='line_1_120' title="bbox 1935 5259 3502 5337; baseline -0.017 -3"><span class='ocrx_word' id='word_1_901' title='bbox 1935 5279 2098 5335; x_wconf 85' lang='lat' dir='ltr'><strong>rebus</strong></span> <span class='ocrx_word' id='word_1_902' title='bbox 2128 5275 2406 5337; x_wconf 86' lang='lat' dir='ltr'><strong>recedens,</strong></span> <span class='ocrx_word' id='word_1_903' title='bbox 2439 5279 2494 5325; x_wconf 92' lang='lat' dir='ltr'><strong>et</strong></span> <span class='ocrx_word' id='word_1_904' title='bbox 2527 5267 2878 5335; x_wconf 83' lang='lat' dir='ltr'><strong>semetipsam</strong></span> <span class='ocrx_word' id='word_1_905' title='bbox 2932 5263 3213 5327; x_wconf 86' lang='lat' dir='ltr'><strong>deserens,</strong></span> <span class='ocrx_word' id='word_1_906' title='bbox 3267 5259 3502 5324; x_wconf 80' lang='lat' dir='ltr'><strong>desuper</strong></span> 
     </span>
    </p>
   </div>
   <div class='ocr_carea' id='block_1_116' title="bbox 1937 5345 3502 5440">
    <p class='ocr_par' dir='ltr' id='par_1_116' title="bbox 1937 5345 3502 5440">
     <span class='ocr_line' id='line_1_121' title="bbox 1937 5345 3502 5440; baseline -0.018 -14"><span class='ocrx_word' id='word_1_907' title='bbox 1937 5368 2271 5440; x_wconf 84' lang='lat' dir='ltr'><strong>fulgentibus</strong></span> <span class='ocrx_word' id='word_1_908' title='bbox 2302 5363 2468 5419; x_wconf 89' lang='lat' dir='ltr'><strong>radiis</strong></span> <span class='ocrx_word' id='word_1_909' title='bbox 2491 5361 2703 5423; x_wconf 87' lang='lat' dir='ltr'><strong>unitur,</strong></span> <span class='ocrx_word' id='word_1_910' title='bbox 2728 5355 2929 5426; x_wconf 90' lang='lat' dir='ltr'><strong>quibus</strong></span> <span class='ocrx_word' id='word_1_911' title='bbox 2955 5356 3008 5409; x_wconf 92' lang='lat' dir='ltr'><strong>in</strong></span> <span class='ocrx_word' id='word_1_912' title='bbox 3038 5353 3130 5407; x_wconf 89' lang='lat' dir='ltr'><strong>illo</strong></span> <span class='ocrx_word' id='word_1_913' title='bbox 3153 5345 3502 5406; x_wconf 87' lang='lat' dir='ltr'><strong>inscrutabili</strong></span> 
     </span>
    </p>
   </div>
   <div class='ocr_carea' id='block_1_117' title="bbox 1934 5437 3501 5517">
    <p class='ocr_par' dir='ltr' id='par_1_117' title="bbox 1934 5437 3501 5517">
     <span class='ocr_line' id='line_1_122' title="bbox 1934 5437 3501 5517; baseline -0.018 0"><span class='ocrx_word' id='word_1_914' title='bbox 1934 5437 2101 5516; x_wconf 72' lang='lat' dir='ltr'><strong>fundo</strong></span> <span class='ocrx_word' id='word_1_915' title='bbox 2121 5457 2514 5517; x_wconf 88' lang='lat' dir='ltr'><strong>collustratur;</strong></span> <span class='ocrx_word' id='word_1_916' title='bbox 2547 5450 2671 5504; x_wconf 91' lang='lat' dir='ltr'><strong>inde</strong></span> <span class='ocrx_word' id='word_1_917' title='bbox 2696 5447 2952 5502; x_wconf 90' lang='lat' dir='ltr'><strong>videlicet</strong></span> <span class='ocrx_word' id='word_1_918' title='bbox 2981 5452 3035 5498; x_wconf 93' lang='lat' dir='ltr'><strong>et</strong></span> <span class='ocrx_word' id='word_1_919' title='bbox 3076 5443 3149 5498; x_wconf 88' lang='lat' dir='ltr'><strong>ibi</strong></span> <span class='ocrx_word' id='word_1_920' title='bbox 3175 5441 3255 5495; x_wconf 91' lang='lat' dir='ltr'><strong>sic</strong></span> <span class='ocrx_word' id='word_1_921' title='bbox 3283 5439 3343 5493; x_wconf 82' lang='lat' dir='ltr'><strong>fit</strong></span> <span class='ocrx_word' id='word_1_922' title='bbox 3375 5437 3501 5492; x_wconf 92' lang='lat' dir='ltr'><strong>illu-</strong></span> 
     </span>
    </p>
   </div>
   <div class='ocr_carea' id='block_1_118' title="bbox 1937 5529 3553 5619">
    <p class='ocr_par' dir='ltr' id='par_1_118' title="bbox 1937 5529 3553 5619">
     <span class='ocr_line' id='line_1_123' title="bbox 1937 5529 3553 5619; baseline -0.017 -10"><span class='ocrx_word' id='word_1_923' title='bbox 1937 5553 2150 5618; x_wconf 89' lang='lat' dir='ltr'><strong>stratio,</strong></span> <span class='ocrx_word' id='word_1_924' title='bbox 2180 5548 2398 5619; x_wconf 87' lang='lat' dir='ltr'><strong>quando</strong></span> <span class='ocrx_word' id='word_1_925' title='bbox 2423 5545 2496 5599; x_wconf 87' lang='lat' dir='ltr'><strong>ibi</strong></span> <span class='ocrx_word' id='word_1_926' title='bbox 2530 5557 2778 5604; x_wconf 82' lang='lat' dir='ltr'><strong>manens,</strong></span> <span class='ocrx_word' id='word_1_927' title='bbox 2806 5537 2988 5593; x_wconf 89' lang='lat' dir='ltr'><strong>omnia</strong></span> <span class='ocrx_word' id='word_1_928' title='bbox 3013 5543 3070 5590; x_wconf 90' lang='lat' dir='ltr'><strong>et</strong></span> <span class='ocrx_word' id='word_1_929' title='bbox 3089 5534 3321 5602; x_wconf 86' lang='lat' dir='ltr'><strong>seipsam</strong></span> <span class='ocrx_word' id='word_1_930' title='bbox 3347 5529 3504 5585; x_wconf 86' lang='lat' dir='ltr'><strong>dcse-</strong></span> <span class='ocrx_word' id='word_1_931' title='bbox 3541 5529 3553 5555; x_wconf 83' lang='lat'><strong><em>‘</em></strong></span> 
     </span>
    </p>
   </div>
   <div class='ocr_carea' id='block_1_119' title="bbox 1939 5623 3502 5711">
    <p class='ocr_par' dir='ltr' id='par_1_119' title="bbox 1939 5623 3502 5711">
     <span class='ocr_line' id='line_1_124' title="bbox 1939 5623 3502 5711; baseline -0.017 -9"><span class='ocrx_word' id='word_1_932' title='bbox 1939 5662 2088 5711; x_wconf 86' lang='lat' dir='ltr'><strong>rens,</strong></span> <span class='ocrx_word' id='word_1_933' title='bbox 2155 5644 2280 5698; x_wconf 91' lang='lat' dir='ltr'><strong>inde</strong></span> <span class='ocrx_word' id='word_1_934' title='bbox 2326 5639 2654 5694; x_wconf 89' lang='lat' dir='ltr'><strong>illustratur.</strong></span> <span class='ocrx_word' id='word_1_935' title='bbox 2709 5633 2860 5686; x_wconf 87' lang='lat' dir='ltr'><strong>Mens</strong></span> <span class='ocrx_word' id='word_1_936' title='bbox 2909 5639 3090 5685; x_wconf 90' lang='lat' dir='ltr'><strong>autem</strong></span> <span class='ocrx_word' id='word_1_937' title='bbox 3153 5623 3502 5694; x_wconf 88' lang='lat' dir='ltr'><strong>semetipsam</strong></span> 
     </span>
    </p>
   </div>
   <div class='ocr_carea' id='block_1_120' title="bbox 1944 5713 3506 5810">
    <p class='ocr_par' dir='ltr' id='par_1_120' title="bbox 1944 5713 3506 5810">
     <span class='ocr_line' id='line_1_125' title="bbox 1944 5713 3506 5810; baseline -0.022 -8"><span class='ocrx_word' id='word_1_938' title='bbox 1944 5738 2191 5810; x_wconf 86' lang='lat' dir='ltr'><strong>deserit,</strong></span> <span class='ocrx_word' id='word_1_939' title='bbox 2244 5732 2462 5808; x_wconf 87' lang='lat' dir='ltr'><strong>quando</strong></span> <span class='ocrx_word' id='word_1_940' title='bbox 2500 5741 2724 5802; x_wconf 89' lang='lat' dir='ltr'><strong>prorsus</strong></span> <span class='ocrx_word' id='word_1_941' title='bbox 2749 5733 2930 5793; x_wconf 81' lang='lat' dir='ltr'><strong>cessat</strong></span> <span class='ocrx_word' id='word_1_942' title='bbox 2968 5724 3034 5780; x_wconf 90' lang='lat' dir='ltr'><strong>ab</strong></span> <span class='ocrx_word' id='word_1_943' title='bbox 3084 5720 3231 5778; x_wconf 91' lang='lat' dir='ltr'><strong>omni</strong></span> <span class='ocrx_word' id='word_1_944' title='bbox 3285 5713 3506 5787; x_wconf 80' lang='lat' dir='ltr'><strong>proprio</strong></span> 
     </span>
    </p>
   </div>
  </div>
