3866 6232
203 349 330 406 861
819 354 907 409 DE
940 354 1197 413 DIVIMS
1227 355 1628 424 NOMINIBUS,
1662 355 1817 417 CAP.
1844 355 1934 421 Vl.
1968 358 2403 417 ~—-PARAPHR.
2443 362 2917 427 PACHYMERIE.
3380 380 3486 435 862

202 482 443 536 καὶτοῦ
470 483 569 554 τῆς
597 483 743 557 ζωῆς
788 486 1176 558 δημιουργικοῦ
1230 489 1387 557 λόγου
1421 491 1567 545 αἰτία
1596 490 1743 544 ἐστὶν
1778 510 1779 517 η

1916 492 2255 560 producitur,
2286 510 2448 549 causa
2494 492 2715 548 exsistit
2756 493 2941 547 divina
2992 494 3121 549 vita.
3150 496 3272 553 Haae
3303 510 3485 556 autem

200 572 347 626 θεία
372 574 510 646 ζωή.
534 575 720 628 Ταῦτα
742 576 797 629 δὲ
824 578 961 631 κατὰ
987 579 1095 633 τῶν
1124 581 1530 651 πρεσϐευόντων
1563 581 1703 645 ἰδέας
1725 581 1779 633 αἰ

1917 586 2215 641 secundum
2247 585 2589 653 antiquiores
2634 584 2893 639 dicuntur
2939 586 3069 642 idae
3102 604 3196 656 per
3220 606 3278 645 se
3304 594 3483 650 subsi-

200 664 599 729 θυτοοστάτους
622 668 718 720 καὶ
749 668 1044 733 συναῖδίους
1078 670 1155 739 τῷ
1192 672 1510 743 δημιουργῷ
1540 672 1809 741 λέγονται.

213 754 330 809 Ἐκ
364 757 569 828 ταύτης
610 759 711 829 τῆς
754 761 971 813 αἰωνίου
1014 762 1159 832 ζωῆς
1203 763 1258 815 αἱ
1293 763 1508 831 λογικαὶ
1550 762 1717 833 ψυχαὶ
1749 761 1810 815 τὸ

195 855 532 928 ἀνώλεθρον
568 856 768 927 ἔχουσι,
799 856 866 910 τὰ
886 858 1055 927 ἄλογα
1078 858 1191 923 ζῶα
1221 859 1397 913 πάντα
1426 858 1579 925 ζῶσι,
1616 860 1709 914 καὶ
1737 859 1806 913 τὰ

194 949 366 1016 φυτὰ
400 950 460 1003 τὸ
492 950 589 1021 ζῇν
624 949 805 1021 έχουσι
846 951 984 1004 κατά
1019 951 1246 1022 ἔσχατον
1274 953 1563 1023 ἀπήχημα,
1586 952 1662 1016 ὼς
1691 952 1807 1006 ἐλέ-

192 1059 392 1113 γομεν
434 1044 718 1116 πρότερον.
755 1045 819 1097 Δί
856 1044 987 1114 γοῦν
1021 1046 1156 1110 ζωαὶ
1187 1045 1295 1097 τῶν
1340 1045 1546 1114 ἀλόγων
1576 1045 1805 1098 καὶτῶν

192 1136 408 1201 φυτῶν
452 1137 552 1189 οὐκ
586 1138 692 1190 εἰσὶ
725 1136 883 1201 θεῖαι,
914 1138 1047 1191 ἀλλά
1082 1137 1178 1191 τοῦ
1222 1138 1407 1192 ένύλου
1438 1138 1607 1210 πυρός
1628 1155 1687 1191 τε
1712 1138 1806 1192 καὶ

191 1232 552 1303 πνεύματος.
580 1233 691 1304 Τὴν
715 1234 771 1287 δὲ
798 1233 1148 1305 ἀνθρωπίνην
1193 1233 1336 1305 ζωὴν
1382 1233 1603 1304 πνεῦμά
1639 1249 1804 1302 φησιν

189 1324 227 1375 ὁ
254 1321 454 1385 Δαυῒδ,
494 1322 664 1391 λέγων
692 1340 705 1353 ·
767 1323 1143 1389 Ἀντανελεῖς
1186 1323 1251 1377 τὸ
1303 1324 1539 1393 πνεῦμα
1582 1322 1802 1388 αὐτῶν,

190 1413 313 1465 καὶ
371 1414 765 1482 ἐκλείψουσι·
817 1414 912 1467 καὶ
955 1413 1135 1467 πάλιν
1211 1412 1671 1478 Έξαποστελεῖς
1724 1410 1788 1464 τὸ

187 1505 454 1575 πνεῦμά
473 1522 608 1569 σου,
638 1505 736 1559 καὶ
772 1504 1221 1571 κτισθήσονται,
1246 1505 1485 1575 δηλονότι
1516 1508 1595 1569 εἰς
1622 1504 1803 1557 παλιν-

188 1596 384 1660 ζωῖαν
423 1598 519 1650 κα)⁹
558 1596 932 1663 ἐξανάστασιν.
973 1597 1045 1649 Τὸ
1060 1597 1168 1669 γὰρ
1194 1596 1675 1665 ἀπαναιρεῖσθαι
1706 1596 1801 1649 ἐπὶ

186 1688 300 1740 τοῦ
334 1689 691 1757 κεχωρίσθαι
713 1688 946 1754 τέθεικε,
986 1688 1218 1752 δεικνὺς,
1242 1689 1325 1741 ὅτι
1356 1691 1450 1743 καὶ
1477 1689 1604 1760 παρ’
1632 1688 1795 1741 αὐτοῦ

187 1779 452 1851 ἀρχῆθεν
475 1779 628 1849 ἐδόθη
644 1779 703 1832 τὸ
722 1778 937 1851 πνεῦμα
956 1796 968 1809 ’
1002 1779 1281 1833 ἀσθενεῖν
1310 1779 1367 1832 δὲ
1392 1781 1525 1851 πρὸς
1553 1778 1614 1831 τὸ
1642 1778 1798 1850 μετέ-

1913 684 2120 730 stentes
2150 686 2205 730 et
2238 676 2472 730 creatori
2507 684 2818 730 cozeternre.
2866 675 2943 729 Ex
2984 678 3087 731 hac
3131 692 3334 736 aeterna
3371 686 3483 740 vita

1915 768 2111 822 animae
2139 764 2432 819 rationales
2464 765 3042 833 incorruptibilitatem
3072 770 3292 836 habent,
3325 773 3481 827 bruta

1912 858 2094 915 omnia
2120 857 2331 920 vivunt,
2373 865 2427 911 et
2476 855 2672 925 planta:
2697 894 2713 920 ,
2756 858 2897 925 quod
2932 857 3123 912 ultimo
3163 862 3287 915 vita:
3314 865 3483 932 gradu

1912 951 2205 1019 gaudeant,
2253 950 2394 1003 sicut
2420 960 2579 1002 antea
2627 949 2886 1003 diximus.
2926 948 3059 1005 Vita:
3092 953 3274 1021 itaque
3299 956 3483 1010 bruto-

1911 1056 2030 1094 rum
2063 1056 2124 1095 ac
2153 1040 2460 1111 plantarum
2511 1057 2617 1095 non
2664 1053 2792 1095 sunt
2822 1042 3038 1107 divinae,
3072 1047 3165 1099 sed
3194 1047 3334 1115 ignis
3368 1064 3482 1101 ma-

1910 1133 2113 1187 tcrialis
2138 1149 2199 1187 ac
2225 1133 2471 1203 spiritus.
2523 1132 2826 1187 Humanam
2873 1130 3053 1188 autem
3102 1137 3269 1190 vitam
3314 1150 3474 1193 vocat

1909 1225 2078 1280 David
2110 1226 2384 1294 Spiritum,
2413 1227 2601 1281 dicens
2632 1246 2645 1281 :
2687 1226 2905 1295 Auferes
2927 1228 3168 1295 spiritum
3195 1246 3396 1294 eorum,
3431 1246 3480 1287 et

1907 1319 2145 1386 deﬁcient
2170 1320 2194 1357 8
2221 1335 2240 1382 ;
2272 1328 2363 1376 et:
2394 1316 2614 1372 Emitte:
2644 1321 2887 1387 spiritum
2917 1330 3086 1386 tuum,
3130 1332 3175 1376 et
3218 1326 3481 1377 creaban-

1906 1410 2065 1471 turb,
2098 1410 2348 1464 videlicet
2391 1411 2443 1463 in
2488 1412 2906 1465 resuscitatione
2949 1428 3012 1466 ac
3055 1416 3476 1469 resurrectione.

1906 1501 2120 1569 Δηίοντὶ
2149 1512 2333 1556 autem
2369 1503 2550 1571 posuit
2600 1518 2699 1571 pro
2745 1504 3008 1573 separari,
3061 1506 3367 1573 declarans,
3410 1512 3480 1561 ab

1905 1596 2061 1649 initio
2089 1612 2304 1665 quoque
2333 1597 2582 1666 spiritum
2611 1596 2778 1651 fuisse
2800 1597 2985 1651 datum
3021 1614 3035 1663 ;
3064 1598 3325 1665 inﬁrmari
3350 1615 3480 1656 vero

1904 1688 2038 1741 dicit
2079 1688 2132 1741 in
2183 1688 2343 1755 hujus
2393 1692 2516 1741 vita:
2557 1689 2991 1758 participatione,
3036 1692 3160 1759 quia
3193 1708 3296 1746 non
3332 1692 3476 1746 domi

1901 1789 2034 1841 suae,
2087 1791 2186 1831 nec
2229 1792 2259 1831 a
2312 1778 2507 1847 scipsis
2554 1779 2718 1832 vitam
2776 1780 3000 1848 habent,
3042 1783 3136 1837 sed
3194 1783 3410 1838 insitam
3445 1798 3476 1837 a

344 1844 472 1939 ’τῆς
515 1844 661 1939 ζωῆς
709 1844 913 1941 ταύτῆς
963 1870 1115 1941 φησὶ,
1162 1868 1251 1922 διὰ
1278 1870 1338 1923 τὸ
1366 1844 1448 1943 μὴ.
1474 1844 1683 1923 οἴκοθεν
1705 1867 1797 1922 καὶ
1829 1844 1871 1903 Β
1901 1868 2031 1924 Deo.

185 1962 339 2033 παρ’
357 1960 567 2014 ἑαυτῶν
584 1960 836 2030 ἔχειντὴν
863 1958 1025 2030 ζωὴν,
1042 1958 1155 2012 ἀλλ’
1174 1960 1417 2030 ὲπακτὴν
1445 1960 1509 2012 ὲκ
1524 1958 1616 2011 τοῦ
1635 1958 1792 2014 Θεοῦ.

274 2055 303 2127 §
343 2056 411 2109 Il.
458 2056 579 2108 Ὅτι
604 2053 734 2122 γοῦν
761 2053 861 2123 τὴν
886 2052 1030 2123 ζωὴν
1075 2052 1321 2124 ὲπακτὴν
1368 2052 1601 2123 ἔχουσιν,
1636 2053 1798 2106 ἀσθε-

185 2146 401 2199 νοῦντα
422 2145 559 2216 πρὸς
591 2144 689 2214 τὴν
724 2144 955 2215 μετοχὴν
984 2143 1175 2214 αὐτῆς,
1208 2143 1517 2198 ἐκλείπουσι
1536 2161 1550 2174 ·
1578 2144 1673 2197 καὶ
1700 2145 1797 2198 πά-

185 2240 287 2292 λιν
330 2238 795 2310 ὲπιστρεφόμενα,
842 2239 1004 2292 πάλιν
1039 2239 1327 2304 ζωοῦνται.
1361 2238 1604 2310 Τοίνυνὴ
1634 2238 1794 2292 αύτοο

186 2332 339 2404 ζωὴ,
366 2333 529 2396 αὐτὸς
561 2335 588 2386 ὁ
615 2332 1005 2403 δημιουργικὺς
1037 2334 1130 2386 καὶ
1169 2333 1667 2404 παραδειγματικὸς
1691 2333 1792 2401 τῆς

186 2426 352 2495 ζωῆς
376 2425 553 2494 λόγος,
585 2426 613 2477 ὁ
644 2427 703 2478 ὲν
730 2424 808 2495 τῷ
843 2424 961 2495 Θεῷ
985 2425 1151 2490 ἀΐδιος
1190 2426 1286 2491 ὣν,
1323 2426 1576 2495 δωρεῖται
1606 2426 1792 2499 ἁπάσῃ

185 2519 314 2588 ζωῇ
347 2516 410 2569 τὸ
434 2512 593 2581 εἶναι,
623 2515 717 2569 καὶ
741 2518 806 2587 τῇ
841 2515 1050 2581 ἁπλῶς,
1077 2517 1171 2570 καὶ
1199 2518 1265 2589 τῇ
1310 2515 1432 2570 καθ’
1460 2516 1669 2571 ἕκαστα
1706 2517 1788 2572 οί-

185 2611 368 2678 uim;
403 2611 620 2685 ἑκάστῳ
665 2608 773 2663 τῶν
824 2609 1069 2678 ζώνιων·
1113 2614 1207 2666 καὶ
1247 2615 1361 2676 τοῖς
1397 2613 1493 2683 μὲν
1540 2612 1787 2681 ἀγγέλοις

186 2706 348 2777 ζωὴν
385 2706 567 2759 δίδωσι
607 2705 706 2777 τὴν
753 2705 914 2759 ἀῦλον
956 2706 1051 2758 καὶ
1099 2704 1343 2776 θεοειδῆ·
1390 2705 1499 2758 ὅλοι
1545 2706 1653 2776 γάρ
1684 2708 1788 2759 εἰσι

187 2798 339 2863 ζωαὶ
384 2797 635 2863 ένούσιοι,
680 2798 769 2851 ἀεὶ
807 2798 901 2852 καὶ
937 2795 1353 2868 ἀπαρεγκλίτως
1399 2796 1706 2867 κινούμενοι
1730 2800 1788 2851 ἐν

186 2889 276 2959 τῷ
315 2887 437 2959 ζῇν.
475 2887 878 2960 ’Υπερεκτείνει
904 2887 960 2939 δὲ
981 2888 1081 2958 τὴν
1104 2887 1359 2959 τοιαύτην
1377 2886 1520 2957 ζωὴν
1559 2886 1623 2939 δι’
1656 2888 1788 2955 ἀγα-

190 2979 403 3049 θότητα
424 2978 858 3049 (ἀμεταμέλητα
888 2981 997 3048 γὰρ
1014 2980 1086 3031 τὰ
1109 2979 1236 3033 θεῖα
1262 2980 1601 3048 χαρίσματα
1624 2978 1662 3047 ⁸)
1692 2978 1787 3031 καὶ

187 3068 287 3138 τῷ-
305 3068 571 3140 δαιμονίῳ
600 3068 749 3139 φύλῳ
769 3085 781 3098 ⁸
814 3069 906 3122 καὶ
931 3071 964 3139 ή
989 3068 1101 3141 ζωὴ
1123 3068 1231 3138 γὰρ
1254 3067 1363 3121 τῶν
1384 3068 1655 3138 δαιμόνων
1689 3069 1784 3123 καὶ

191 3164 333 3232 παρ’
358 3161 528 3231 αὐτῆς
573 3160 800 3231 ὑπέστη,
835 3162 931 3214 καὶ
962 3161 1091 3233 παρ’
1139 3162 1310 3233 αὐτῆς
1353 3162 1634 3231 συνέχεται
1682 3162 1783 3231 τῆς
1814 3192 1855 3250 C

189 3250 499 3321 αὑτοζωῆς.
530 3254 793 3323 Δωρεῖται
840 3254 933 3305 καὶ
961 3254 1073 3317 τοῖς
1097 3251 1404 3324 ἀνθρώποις
1428 3255 1547 3316 ταῖς
1580 3252 1786 3324 συμμί-

192 3360 350 3405 κτοις
387 3342 589 3413 ψυχαῖς
647 3342 785 3413 μετὰ
837 3342 1091 3414 σώματος
1122 3343 1223 3413 τὴν
1259 3343 1574 3415 ἀγγελοειδῆ
1615 3342 1783 3415 ζωὴν,

190 3437 341 3507 πλὴν
382 3438 459 3502 ὡς
500 3438 709 3491 ἔνεστι·
759 3438 924 3509 μέσον
973 3437 1084 3509 γὰρ
1124 3438 1225 3510 τῆς
1255 3439 1487 3510 φυσικῆς
1517 3439 1661 3510 ζωῆς
1692 3438 1787 3492 καὶ⁵

189 3527 295 3597 τῆς
313 3528 611 3599 ἀΠελικῆς
631 3529 782 3592 ὄντες
806 3532 991 3600 ἡμεῖς,
1022 3528 1122 3601 τὴν
1162 3530 1334 3602 ῥοπήν
1373 3532 1460 3583 ἐπ’
1500 3532 1786 3603 ἀμφότερα

191 3621 319 3675 κατ’
360 3621 811 3690 αὑτεξουσιότητα
850 3621 1075 3693 ἔχομεν’
1107 3622 1141 3694 ἢ
1170 3622 1366 3693 μᾶλλον
1405 3625 1600 3689 εἰπεῖν,
1648 3624 1785 3696 πρὸς

187 3715 295 3785 τὴν
322 3710 619 3784 ἀγγελικὴν
654 3713 945 3784 ταχθέντες
975 3713 1141 3786 ζωὴν,
1183 3715 1238 3767 εἴ
1278 3733 1379 3769 που
1423 3718 1488 3787 τῇ
1525 3716 1785 3788 προαιρέ-

193 3824 280 3860 σει
326 3808 416 3860 καὶ
462 3806 937 3878 παρεγκλίνοιμεν,
985 3807 1318 3878 ὑπερϐλύσει
1374 3808 1783 3881 φιλανθρωπίας

194 3898 340 3968 πρὸς
361 3897 423 3951 τὸ
453 3898 511 3964 ag
532 3899 708 3969 ἀρχῆς
734 3897 1152 3969 ἀνακαλούμεθα
1178 3900 1271 3952 καὶ
1302 3900 1743 3972 ὲπιστρεφόμεθα
1764 3918 1779 3934 '

188 3989 291 4041 καὶ
332 3988 392 4041 τὸ
450 3989 925 4061 θαυμαστότερον,
969 3988 1125 4053 ὅλους
1161 3991 1311 4061 ἡμᾶς
1351 3990 1491 4043 κατά
1533 3991 1783 4062 σώματος

188 4081 333 4151 πρὸς
360 4080 459 4152 τὴν
489 4079 790 4152 ἀνώλεθρον
817 4081 964 4153 ζωὴν
995 4081 1386 4151 ἐπαγγέλλεται
1420 4084 1745 4155 μεταθήσειν
1765 4125 1779 4138 .

188 4176 433 4246 Πρᾶγμα
448 4176 515 4244 τῇ
543 4174 755 4245 ἀνοήτῳ
793 4175 891 4246 μὲν
919 4175 1045 4248 δόξῃ
1076 4175 1186 4229 τῶν
1223 4175 1512 4247 Ἑλλήνων,
1557 4176 1782 4248 (ταύτην

186 4266 303 4338 γὰρ
341 4266 678 4339 παλαιότητα
712 4283 896 4337 φησιν,
924 4265 1000 4331 ὡς
1041 4266 1232 4339 μωράν
1260 4270 1354 4321 καὶ
1394 4268 1658 4340 σαθράν·)
1686 4269 1781 4323 καὶ

186 4357 601 4428 πιστευόμενον,
644 4358 772 4422 ἴσως
801 4358 877 4421 ὡς
924 4357 1073 4427 παρά
1113 4358 1274 4427 φύσιν
1315 4358 1539 4412 δοκοῦν·
1582 4362 1778 4416 ἐκεῖνοι

183 4449 300 4519 γὰρ
324 4450 475 4519 παρὰ
507 4447 669 4516 φύσιν
694 4448 942 4518 λέγουσιν
964 4447 1103 4502 εἶναι
1122 4453 1189 4521 τῇ
1220 4449 1321 4521 ὕλῃ
1344 4450 1405 4503 τὸ
1440 4451 1779 4505 ἀπαθανατί-

1970 2047 1996 2119 ς
2034 2047 2095 2102 ll.
2137 2046 2277 2114 Quia
2321 2048 2505 2119 itaque
2553 2049 2717 2103 vitam
2751 2050 2967 2105 insitam
2999 2052 3221 2119 habent,
3255 2054 3379 2107 dum
3406 2057 3474 2109 ad

1896 2141 2013 2211 ejus
2048 2141 2515 2211 participationem
2550 2141 2917 2208 infirmanlur,
2947 2145 3230 2212 deficiunt,
3260 2154 3315 2201 et
3344 2148 3472 2201 dum

1897 2250 2113 2288 rursum
2144 2244 2563 2299 convertuntur,
2622 2249 2837 2288 rursum
2886 2237 3251 2291 viviﬁcantur.
3291 2238 3477 2306 Itaque

1897 2340 1995 2394 per
2026 2340 2084 2378 se
2115 2326 2226 2379 vita
2262 2334 2345 2379 est
2370 2327 2687 2382 conditricis
2716 2341 2878 2398 atque
2904 2330 3231 2399 exemplaris
3249 2331 3369 2383 vita:
3392 2346 3474 2385 ra-

1895 2415 1989 2481 tio,
2015 2433 2135 2486 qnze
2161 2418 2213 2470 in
2246 2420 2351 2472 Deo
2372 2429 2575 2472 zeterna
2613 2421 2903 2485 exsistens,
2937 2422 3122 2475 tribuit
3147 2436 3268 2475 esse
3312 2424 3457 2474 omni

1893 2511 2035 2579 vitae,
2080 2520 2188 2566 tatu
2218 2511 2339 2567 vitm
2370 2510 2691 2583 simpliciter
2722 2528 2884 2583 quam
2918 2513 3139 2568 cuilibet
3173 2512 3469 2566 viventium

1892 2603 1945 2658 in
1966 2605 2286 2673 particulari
2318 2623 2333 2671 ;
2361 2618 2524 2675 atque
2553 2608 2761 2677 angelis
2790 2609 3007 2676 quidem
3046 2604 3139 2661 dat
3165 2603 3329 2661 vitam
3363 2603 3469 2659 illh

1892 2697 2231 2752 litaterialem
2290 2714 2354 2752 ac
2416 2699 2738 2755 deiformem
2770 2718 2785 2762 ;
2820 2701 2915 2753 toti
2968 2701 3112 2754 enim
3167 2708 3298 2753 sunt
3344 2698 3468 2752 vita:

1895 2788 2307 2852 substantiales,
2340 2805 2461 2858 quae
2492 2791 2725 2844 vivendo
2772 2805 2990 2859 semper
3012 2800 3067 2844 ct
3099 2792 3471 2844 indesinenter

1891 2889 2195 2932 moventur.
2232 2880 2313 2933 Ad
2356 2882 2526 2949 ipsam
2556 2896 2771 2949 quoque
2805 2883 3018 2935 turbam
3060 2882 3450 2937 daamoniacam

1891 2971 2199 3027 lsllllSﬂlOdi
2229 2974 2391 3026 vitam
2423 2988 2518 3041 per
2560 2973 2859 3028 bonitatem
2899 2975 3143 3028 extendit
3204 2977 3339 3046 (sine
3360 2992 3468 3044 pte-

1888 3065 2111 3116 nitentia
2151 3067 2291 3118 enim
2318 3079 2439 3118 sunt
2483 3067 2623 3119 dona
2668 3065 2762 3119 Dei
2801 3068 2815 3105 ί
2850 3069 2890 3133 );
2920 3067 3188 3135 siquidem
3223 3069 3331 3121 vita
3357 3070 3468 3123 da:-

1889 3170 2107 3208 monum
2143 3157 2211 3208 ab
2243 3155 2469 3223 ipsamet
2518 3172 2611 3225 per
2660 3173 2718 3211 se
2757 3158 2863 3211 vita
2890 3174 3105 3226 quoque
3150 3160 3366 3213 exsistit
3395 3176 3459 3215 ac

1891 3250 2228 3304 continetur.
2257 3251 2395 3316 Quin
2424 3260 2478 3303 et
2510 3251 2840 3316 hominibus,
2867 3268 3099 3321 quorum
3128 3253 3321 3305 animae
3347 3269 3465 3307 cor-

1888 3342 2115 3410 poribus
2166 3344 2466 3396 comtnista:
2516 3354 2662 3409 sunt,
2707 3346 3115 3413 angeliformem
3162 3347 3325 3399 vitam
3364 3348 3465 3401 ιιιί-

1888 3433 2026 3497 buit,
2051 3445 2315 3504 quantum
2348 3433 2559 3488 scilicet
2590 3437 2675 3488 l'as
2706 3446 2791 3489 est
2817 3453 2830 3501 ;
2869 3453 2965 3491 nos
2991 3438 3161 3502 enim,
3191 3454 3312 3493 cum
3346 3454 3461 3493 me-

1888 3526 1964 3581 dii
1994 3528 2167 3580 sintus
2201 3529 2341 3580 inter
2374 3527 2678 3595 angelicam
2728 3528 2894 3581 vitam
2921 3544 2986 3583 ac
3017 3530 3342 3595 naturalem,
3377 3547 3462 3586 se-

1888 3621 2125 3673 cundum
2154 3620 2379 3673 liberum
2412 3620 2702 3675 arbitrium
2747 3620 3012 3675 habemus
3043 3622 3460 3690 propensionem

1887 3712 1956 3764 ad
1990 3722 2325 3780 utramque;
2360 3711 2475 3765 sive
2521 3711 2716 3765 melius
2749 3712 3006 3777 dicendo,
3042 3713 3109 3767 ad
3164 3714 3461 3781 angelicam

1887 3803 2056 3857 vitam
2108 3802 2424 3871 compositi,
2463 3802 2638 3855 sicubi
2685 3818 2783 3871 per
2841 3802 3145 3857 libertatem
3167 3806 3332 3859 etiam
3362 3807 3459 3861 de-

1884 3894 2176 3961 ﬂectimus,
2229 3894 2737 3964 superabundantia
2784 3897 3139 3966 benignitatis
3186 3898 3253 3952 ad
3276 3898 3460 3967 pristi-

1884 4003 2013 4041 num
2037 3997 2237 4041 statum
2291 4002 2610 4043 revocamur
2646 3996 2809 4058 atque
2847 3991 3213 4045 convertimur
3244 4005 3261 4057 ς
3288 3990 3463 4060 ςυυά·

1884 4095 1990 4150 que
2013 4080 2187 4149 magis
2218 4080 2525 4134 mirandum
2557 4089 2662 4146 est,
2694 4082 2862 4136 etiam
2918 4081 3216 4136 secundum
3260 4096 3459 4149 corpus

1882 4173 1950 4227 ad
2001 4172 2470 4242 incorruptibilem
2526 4174 2691 4227 vitam
2769 4189 2869 4229 nos
2928 4174 3280 4228 traducturos
3330 4188 3458 4241 pro-

1883 4266 2075 4321 mittit.
2124 4265 2257 4332 Qua:
2298 4281 2384 4321 res
2424 4264 2593 4337 5.56
2655 4268 2860 4320 insana:
2912 4268 3132 4336 quidem
3174 4266 3453 4336 gentilium

1881 4360 2121 4429 opinioni
2154 4359 2335 4431 (quam
2377 4369 2702 4415 vetustatem
2740 4358 2996 4429 appellat,
3025 4359 3222 4428 quippe
3252 4359 3453 4412 fatuam

1880 4462 1935 4506 et
1968 4454 2231 4526 putidam)
2259 4454 2427 4506 etiam
2473 4452 2678 4507 credita
2728 4453 2931 4507 merito
2962 4453 3112 4520 quasi
3143 4461 3335 4505 contra
3359 4468 3457 4506 na-

183 4543 378 4607 ζεσθαι
401 4560 414 4572 ·
443 4541 543 4614 ῦλη
566 4542 676 4614 γὰρ
704 4538 859 4606 οὖσα,
895 4543 988 4595 καὶ
1017 4542 1157 4595 κατά
1196 4542 1359 4612 φύσιν
1393 4543 1591 4615 ἔχουσα
1625 4544 1686 4597 τὸ
1714 4547 1772 4598 ἐν

1890 4554 2057 4599 turam
2086 4546 2375 4608 videatur;
2404 4543 2479 4596 illi
2527 4543 2671 4595 enim
2705 4544 2880 4608 aiunt,
2930 4557 3050 4597 esse
3075 4553 3266 4597 coiitra
3294 4552 3453 4596 natu-

180 4634 350 4704 ἑαυτῇ
382 4633 736 4703 μεταϐάλλειν
762 4632 831 4685 τὰ
854 4632 989 4703 εἴδη,
1029 4633 1146 4698 πῶς
1181 4637 1334 4704 μενεί
1362 4638 1420 4688 ἐν
1442 4636 1589 4707 αὐτῷ
1618 4638 1771 4691 ἐσαεὶ

178 4725 560 4797 ἀμετάϐλητος
593 4728 686 4780 καὶ
718 4726 1011 4797 ἀκίνητος;
1066 4728 1291 4783 Ἐκεῖνοι
1329 4728 1479 4799 γοῦν,
1511 4733 1577 4801 τῇ
1611 4730 1770 4797 φύσει

177 4815 623 4881 ἀκολουθοῦντες,
654 4818 879 4881 εἰκότως
904 4818 1049 4871 ἆπαν
1077 4818 1226 4883 ξένον
1254 4820 1351 4890 τῆς
1382 4820 1596 4891 φύσεως
1618 4824 1770 4893 παρά

176 4908 346 4977 φύσιν
389 4908 544 4976 φασὶ,
586 4912 680 4962 καὶ
720 4910 793 4981 μὴ
829 4905 1019 4963 οἷόντε
1053 4910 1306 4979 γενέσθαι
1332 4911 1583 4966 πώποτε·
1609 4917 1771 4986 ἡμεῖς

174 4995 258 5060 δὲ,
295 4996 435 5067 πρὸς
462 4995 554 5050 τὸν
582 4996 716 5050 Θεὸν
743 4999 1162 5065 ἀποϐλέποντες,
1192 5001 1285 5055 τὸν
1311 5003 1377 5054 ὲκ
1396 5002 1492 5056 τοῦ
1518 5004 1592 5076 μὴ
1613 5004 1766 5069 ὄντος

174 5089 246 5143 τὰ
272 5090 454 5143 πάντα
488 5090 631 5162 λόγῳ
675 5092 822 5162 μόνῳ
853 5094 945 5145 καὶ
976 5092 1239 5166 θελήματι
1267 5095 1672 5168 ὑποστήσαντα,
1704 5099 1768 5154 τὸ

173 5181 371 5236 δοκοῦν
402 5182 631 5246 ἐκείνοις
663 5183 815 5254 παρὰ
836 5184 997 5252 φύσιν
1027 5185 1171 5241 θεῖον
1204 5189 1301 5241 καὶ
1321 5189 1462 5260 ὑπὲρ
1486 5188 1646 5258 φύσιν
1673 5190 1771 5244 λέ-

174 5293 370 5346 γομεν,
394 5277 488 5329 καὶ
508 5274 732 5331 δυνατὸν
752 5277 1027 5345 γενέσθαι,
1052 5279 1187 5333 Θεοῦ
1209 5280 1471 5346 θέλοντος.
1495 5283 1630 5337 Θεοῦ
1656 5285 1765 5356 γὰρ

175 5368 502 5440 βουλομένου
526 5369 588 5422 τὸ
607 5370 858 5439 γενέσθαι
882 5388 934 5424 τι
960 5371 1130 5437 ξένον,
1155 5373 1215 5426 οὐ
1245 5373 1474 5447 λέγομεν
1502 5376 1651 5449 παρά
1671 5377 1765 5446 φύ-

173 5478 261 5513 σιν
285 5477 298 5489 ·
335 5459 558 5533 βίαγάρ
587 5463 703 5515 ἐστι
728 5463 886 5516 τοῦτο
909 5464 1008 5535 τῆς
1032 5463 1267 5532 φύσεως,
1291 5468 1386 5521 καὶ
1420 5468 1540 5538 οὐχ).
1571 5468 1762 5524 σύστα-

172 5570 259 5617 σις
283 5552 519 5621 φύσεως,
558 5554 672 5608 ἀλλ’
701 5555 975 5622 ἀσθένεια,
1008 5556 1149 5610 ὥστε
1192 5562 1488 5629 πεφυκέναι
1517 5565 1612 5616 καὶ
1651 5565 1757 5617 πά-

171 5645 254 5699 λιν
282 5646 377 5699 ὲπὶ
399 5646 462 5698 τὸ
486 5646 626 5700 κατά
657 5647 818 5718 φύσιν
848 5650 1113 5720 χωρῆσαι,
1142 5650 1298 5705 εἵπου
1342 5654 1440 5724 τῆς
1471 5655 1591 5725 βίας
1614 5656 1751 5725 ἀφε-

250 5833 275 5871 “
300 5830 446 5888 Psal.
488 5820 587 5885 'cut
612 5868 626 5895 ,
664 5832 755 5890 29.

860 5837 886 5875 ιι
917 5835 1074 5903 Ibid,
1106 5838 1196 5895 50.
1294 5839 1309 5879 ί
1344 5836 1501 5895 Rom.
1541 5856 1615 5906 x1,
1650 5839 1741 5894 29.

1874 4653 1991 4691 ram
2022 4644 2079 4689 ut
2105 4635 2328 4691 materia
2364 4634 2459 4688 ﬁat
2503 4634 2830 4689 immortalis
2857 4652 2871 4699 ;
2905 4649 3027 4687 nam
3063 4636 3190 4689 dum
3219 4646 3304 4689 est
3332 4654 3451 4690 ma-

1876 4731 2033 4796 teria,
2069 4732 2233 4783 etiam
2263 4729 2559 4783 secundum
2587 4738 2834 4782 naturam
2863 4742 3016 4783 suam
3044 4728 3204 4783 habet
3230 4739 3288 4784 ut
3313 4732 3365 4784 in
3392 4746 3453 4786 se

1872 4822 2079 4879 formas
2138 4829 2489 4885 transmntet,
2538 4821 2813 4888 quomodo
2864 4834 2997 4889 ergo
3049 4820 3102 4873 in
3154 4834 3213 4875 se
3239 4836 3453 4890 semper

1873 4915 2231 4970 immutabilis
2262 4924 2317 4968 et
2348 4912 2646 4967 immobilis
2698 4928 2920 4967 manere
2973 4913 3148 4982 possit
3176 4913 3200 4965 ?
3233 4912 3314 4965 Illi
3348 4912 3451 4965 ita-

1870 5026 1975 5082 que
2006 5023 2256 5063 naturam
2292 5018 2607 5077 sequentes,
2631 5006 3020 5061 verosimiliter
3053 5007 3261 5072 dicunt,
3287 5021 3447 5059 omne

1870 5105 1921 5161 id
1946 5106 2087 5175 quod
2114 5113 2324 5158 naturte
2361 5102 2706 5173 peregrinum
2735 5114 2797 5155 ac
2822 5115 3022 5155 novum
3045 5101 3266 5164 accidit,
3304 5115 3442 5154 con-

1870 5208 1953 5252 tra
2010 5207 2260 5252 naturam
2310 5212 2451 5261 esse,
2502 5205 2558 5251 et
2610 5196 2727 5249 ﬁeri
2766 5210 3045 5265 nunquam
3101 5209 3261 5263 posse
3295 5210 3309 5247 :
3342 5207 3443 5245 nos

1867 5306 2000 5345 vero
2023 5290 2089 5343 ad
2126 5292 2295 5344 Deum
2341 5296 2671 5359 spectantes,
2713 5289 2806 5357 qui
2853 5287 3037 5342 omnia
3066 5303 3132 5342 ex
3164 5285 3331 5340 nihilo
3361 5286 3443 5339 vel

1869 5384 2035 5437 verbo
2061 5382 2178 5438 solo
2201 5398 2264 5436 ac
2291 5382 2567 5437 voluntate
2597 5396 2691 5435 sua
2721 5382 3023 5435 consistere
3046 5378 3196 5443 fecit,
3229 5377 3281 5430 id
3300 5378 3443 5445 quod

1868 5474 2009 5543 ipsis
2040 5484 2229 5527 contra
2282 5482 2530 5527 naturam
2574 5470 2819 5535 videtur,
2869 5469 2921 5524 id
2972 5484 3071 5523 nos
3119 5468 3359 5521 divinum
3383 5474 3470 5517 et-

1864 5582 2030 5638 supra
2060 5576 2313 5621 naturam
2335 5578 2459 5621 esse
2504 5565 2762 5629 dicimus,
2792 5570 2867 5627 et,
2910 5560 3125 5616 volente
3154 5560 3287 5623 Deo,
3318 5558 3437 5611 lleri

1861 5673 2038 5727 posse.
2075 5659 2186 5716 Deo
2214 5659 2360 5714 enim
2385 5656 2601 5715 volente
2648 5654 2927 5725 quidpiam
2973 5650 3317 5723 peregrinum
3341 5662 3438 5702 seu
