3866 6232
447 303 557 361 865

1627 301 1686 357 8.
1727 299 2031 358 DlONYSlI
2069 300 2530 358 AREOPAGITE

3618 303 3725 362 δῶ

449 434 647 475 novum
673 417 810 482 fieri,
846 417 1067 472 minime
1089 426 1278 473 contra
1315 421 1566 470 naturam
1598 429 1722 470 esse
1751 417 2013 481 dicimus;

2132 416 2250 487 θείη
2279 417 2492 486 καὶτῆς
2523 417 2671 488 παρᾶ
2694 417 2853 486 φύσιν
2892 419 3179 490 κινήσεως.
3208 419 3278 473 Τὸ
3307 419 3349 472 δ’
3379 419 3523 490 ὅπερ
3554 421 3722 489 φύσιν

447 513 532 567 vis
561 511 704 566 enim
738 512 852 564 ha‘c
888 519 973 565 est
1023 519 1250 572 natura),
1284 518 1340 563 et
1399 522 1505 561 non
1566 521 1774 564 natura:
1822 516 2020 572 status,

447 603 546 660 sed
577 602 944 665 imbecillitas,
980 603 1053 654 ita
1087 611 1146 654 ut
1172 600 1353 653 denuo
1383 601 1450 653 ad
1483 600 1786 654 naturalem
1823 610 2022 654 statum

449 698 629 752 redire
659 698 874 760 debeat,
907 697 951 749 si
971 695 1188 764 quando
1219 694 1299 746 vis
1319 691 1409 746 illa
1441 703 1750 762 motusque,
1776 693 1867 763 qui
1894 708 2026 748 con-

449 798 529 842 tra
565 799 814 842 naturam
854 797 957 846 est.
994 786 1299 839 auferatur.
1325 785 1479 849 Quod
1513 800 1642 839 vero
1672 800 1834 854 supra
1867 795 2025 838 natu-

448 894 563 932 ram
595 889 696 941 est,
731 888 930 933 statum
952 878 1113 932 habet
1135 889 1189 932 et
1231 888 1440 930 natura:
1467 877 2022 942 transl’ormationem,

446 971 518 1024 ita
568 981 625 1024 ut
664 972 770 1024 Deo
813 971 1032 1041 quidem
1091 972 1307 1024 volente
1360 971 1475 1032 ﬂat,
1527 969 1792 1024 miraculo
1839 981 2022 1025 autem

445 1065 688 1118 etiamin
728 1065 1014 1117 identitate
1070 1064 1150 1117 sui
1203 1063 1417 1116 ordinis
1471 1073 1782 1132 perseveret
1813 1080 1827 1115 :
1859 1063 1931 1116 ita
1968 1073 2025 1118 ut

447 1157 723 1225 ignoretur
753 1156 968 1225 penitus
993 1156 1043 1208 id
1075 1156 1219 1224 quod
1257 1156 1408 1224 prius
1431 1154 1734 1208 secundum
1767 1165 2019 1208 naturam

445 1249 648 1302 habere
675 1250 982 1303 dicebatur.
1019 1248 1230 1317 Proprii
1285 1258 1463 1300 autem
1515 1255 1696 1302 motus
1748 1247 2022 1314 peregrini

443 1342 690 1410 quidem,
726 1351 780 1396 et
830 1357 989 1411 supra
1027 1357 1122 1395 eos
1169 1357 1308 1408 quos
1340 1356 1439 1395 nos
1487 1341 1751 1395 habemus
1790 1341 2021 1404 dicendi,

441 1433 536 1486 sed
570 1434 778 1503 proprii
811 1449 874 1488 ac
910 1435 1210 1488 secundum
1263 1445 1518 1487 naturam
1551 1434 1689 1504 ejus.
1723 1433 1838 1488 Etsi
1877 1436 2022 1488 enim

441 1523 657 1576 dicatur
699 1538 822 1577 esse
851 1539 1014 1592 supra
1052 1533 1327 1586 naturam,
1383 1531 1564 1576 tamen
1601 1523 2021 1592 (superintelligi

441 1616 624 1684 debet)
679 1627 920 1669 nostram
973 1617 1110 1670 hanc
1168 1631 1289 1684 quae
1332 1615 1570 1680 videtur,
1617 1625 1672 1669 et
1702 1631 1821 1669 eam
1859 1631 2022 1684 quam

439 1708 591 1776 prius
627 1708 833 1769 habuit,
865 1722 969 1759 non
1005 1716 1186 1761 autem
1228 1717 1313 1759 est
1341 1723 1502 1775 supra
1542 1717 1793 1761 naturam
1845 1709 2024 1761 omni-

2129 507 2386 559 σύστασιν
2425 508 2661 577 ἔχεικαὶ
2715 509 3231 580 μετασχηματισμὺν
3281 509 3526 579 φύσεως,
3575 510 3717 563 ὥστε

2126 599 2380 667 γενέσθαι
2416 600 2512 671 μὲν
2542 600 2677 653 Θεοῦ
2713 600 2976 664 θέλοντος,
3001 601 3180 672 μένειν
3203 603 3260 655 δὲ
3282 604 3374 656 καὶ
3395 603 3718 673 θαυμαστὴν

2127 692 2220 743 καὶ
2249 693 2306 743 ὲν
2338 693 2403 761 τῇ
2429 691 2715 762 ταυτότητι
2756 691 2856 761 τῆς
2885 691 3091 758 τάξεως
3134 692 3319 757 αὑτοῦ,
3341 691 3417 756 ὡς
3449 693 3714 761 ἀγνοῆσαι

2127 784 2466 836 παντάπασιν
2486 784 2624 854 ὅπερ
2649 783 2869 851 ἐλέγετο
2893 785 3036 854 ἔχειν
3060 785 3197 838 κατά
3227 786 3386 854 φύσιν
3418 786 3708 854 πρότερον.

2127 876 2237 938 Τάς
2260 875 2315 928 δὲ
2346 876 2550 939 οἰκείας
2594 877 2836 946 κινήσεις
2868 875 3025 941 ξένας
3052 877 3150 947 μὲν
3176 879 3270 930 καὶ
3300 877 3446 947 ὑπὲρ
3466 877 3497 928 ὃ
3520 876 3712 945 ἔχομεν

2125 967 2321 1034 λέγειν,
2353 966 2427 1030 ὡς
2459 967 2663 1030 οἰκείας
2682 966 2738 1019 δὲ
2768 967 2859 1019 καὶ
2884 967 3022 1020 κατὰ
3056 968 3215 1036 φύσιν
3244 968 3431 1022 αὑτοῦ.
3484 970 3584 1020 Ἀν
3610 975 3711 1037 γαρ

2127 1059 2220 1110 καὶ
2243 1059 2381 1128 ὑπὲρ
2407 1060 2568 1126 φύσιν
2593 1058 2836 1128 λέγηται,
2864 1059 2979 1112 ἀλλ’
3015 1056 3109 1113 οὖν
3136 1060 3235 1130 τὴν
3266 1059 3388 1112 καθ’
3414 1060 3572 1129 ἡμᾶς
3595 1060 3689 1111 ταί

2125 1168 2222 1220 την
2261 1152 2353 1204 καὶ
2389 1153 2675 1222 ὁρωμένην
2707 1155 2798 1206 καὶ
2826 1153 2922 1223 τὴν
2970 1157 3036 1223 ἣν
3073 1148 3183 1223 εἶχε
3217 1153 3379 1222 τυχὸν
3419 1152 3703 1222 πῴτερον.

2125 1241 2184 1293 οὑ
2230 1241 2336 1312 μὴν
2373 1240 2426 1293 δὲ
2467 1243 2567 1311 τὴν
2606 1243 2876 1314 πανσθενῆ
2917 1244 3009 1296 καὶ
3048 1242 3196 1296 Θείαν
3238 1259 3250 1271 ·
3299 1245 3367 1312 τῇ
3427 1242 3546 1312 γὰρ
3597 1243 3706 1312 Θείᾳ

2127 1331 2304 1399 φύσει,
2345 1333 2420 1396 ὡς
2451 1331 2586 1406 οὔσῃ
2625 1333 2784 1402 φύσει
2825 1335 2919 1388 καὶ
2951 1335 3206 1388 συστάσει
3247 1333 3356 1386 τῶν
3385 1335 3548 1398 ζωῶν
3573 1337 3705 1388 cim-

2128 1424 2254 1487 σῶν,
2287 1425 2381 1477 καὶ
2414 1424 2647 1495 μάλιστα
2684 1426 2792 1478 τῶν
2825 1425 3114 1496 θειοτέρων
3142 1425 3316 1477 είτουν
3345 1424 3458 1477 τῶν
3496 1427 3704 1494 ἀγγελι-

2126 1514 2257 1577 κῶν,
2291 1515 2322 1586 ἢ
2355 1515 2461 1586 μὴν
2499 1515 2605 1568 τῶν
2637 1518 2695 1569 ὲν
2716 1519 2782 1587 τῇ
2816 1517 3106 1570 ἀναστάσει
3127 1516 3234 1569 τῶν
3261 1517 3539 1586 σωμάτων
3583 1520 3704 1586 μετὰ

2123 1607 2309 1680 ψυχῶν
2341 1608 2561 1674 ζωσῶν,
2595 1609 2818 1680 οὐδεμία
2864 1612 2980 1664 ἐστὶ
3025 1611 3136 1682 ζωὴ
3173 1611 3204 1680 ἦ
3261 1609 3413 1680 παρὰ
3473 1609 3702 1678 φύσιν,ἦ

2126 1702 2265 1773 ὑπὲρ
2292 1702 2470 1770 φύσιν.
2509 1703 2644 1755 Ποία
2674 1702 2783 1774 γάρ
2810 1701 2922 1776 ζωὴ
2951 1703 3028 1773 τῷ
3063 1703 3180 1774 Θεῷ
3223 1706 3377 1776 παρά
3421 1707 3594 1774 φύσιν
3624 1705 3705 1756 καὶ

441 1808 716 1867 potentem
744 1813 806 1851 ac
837 1799 1072 1851 divinam
1105 1816 1120 1864 ;
1161 1799 1357 1853 divinae
1389 1799 1655 1867 siquidem
1695 1809 1925 1865 naturae,
1962 1811 2013 1855 ut

2122 1794 2292 1864 βίαιος
2321 1811 2334 1858 ;
2366 1794 2499 1846 Ποία
2523 1793 2577 1846 δὲ
2613 1794 2754 1866 ὑπὲρ
2785 1794 2944 1863 φύσιν
2984 1796 3082 1864 τὴν
3124 1796 3315 1849 ἑαυτοῦ
3345 1814 3360 1862 ;
3392 1797 3447 1850 τί
3476 1797 3591 1868 γὰρ
3622 1799 3704 1848 καὶ

437 1907 561 1958 qum
582 1900 664 1944 est
692 1900 886 1944 natura
916 1900 1199 1960 statusque
1227 1892 1461 1944 vitarum
1489 1891 1754 1954 omnium,
1786 1907 2016 1962 przeser-

441 1985 537 2038 tint
563 1985 891 2038 diviniorum
918 1985 1033 2039 sive
1057 1984 1454 2054 angelicarum,
1500 1985 1582 2039 vel
1613 1985 1775 2038 etiam
1823 2001 2019 2055 corpo-

439 2091 559 2128 rum
593 2077 644 2129 in
672 2076 1078 2131 resurrectione
1102 2075 1237 2128 vivis
1267 2075 1552 2129 animabus
1578 2075 2016 2146 coniunctorum,

438 2165 584 2218 nulla
614 2166 719 2220 vita
754 2175 840 2220 est
865 2176 1056 2220 contra
1104 2176 1378 2226 naturam,
1415 2165 1501 2220 vel
1539 2180 1699 2235 supra
1742 2176 2015 2220 naturam.

438 2259 629 2325 Qualis
662 2261 806 2312 enim
856 2260 965 2313 vita
999 2259 1108 2312 Deo
1143 2269 1336 2312 contra
1369 2268 1622 2310 naturam
1667 2273 1734 2312 ac
1779 2259 2015 2312 violenta

433 2350 554 2405 sit?
584 2366 702 2419 qua:
733 2365 860 2404 vero
908 2366 1073 2420 supra
1127 2361 1376 2403 naturam
1416 2349 1575 2420 ejus?
1597 2351 1725 2418 quid
1784 2351 1930 2403 enim
1963 2361 2017 2405 et

435 2443 597 2512 quale
621 2444 860 2497 divinam
898 2455 1146 2496 naturam
1176 2444 1439 2513 superet?
1468 2443 1642 2508 Unde,
1677 2443 1892 2512 quando
1935 2444 2016 2497 di-

435 2533 612 2586 cimus
645 2535 710 2586 de
743 2534 872 2597 Deo,
910 2534 1052 2602 quod
1110 2536 1210 2587 hoc
1242 2536 1312 2588 sit
1351 2544 1408 2588 et
1443 2535 1547 2588 hoc
1591 2535 1805 2588 dicatur
1854 2549 2015 2602 supra

437 2632 712 2686 naturam,
738 2638 842 2676 non
872 2624 1221 2693 intelligimus
1253 2633 1505 2678 naturam
1531 2623 1668 2692 ejus,
1703 2625 1845 2678 absit
1873 2626 1885 2677 !
1920 2626 2014 2678 scd

436 2727 706 2779 nostram,
728 2723 782 2767 et
817 2725 1140 2771 czcterarum
1169 2733 1353 2773 rerum
1382 2718 1629 2771 omnium
1665 2734 1678 2782 ;
1715 2728 1765 2771 et
1794 2719 2015 2788 quando

435 2825 651 2864 rursum
684 2825 715 2864 e
745 2819 932 2865 contra
969 2811 1202 2867 dicimus
1238 2813 1539 2867 secumlum
1577 2822 1858 2878 naturam,
1909 2829 2012 2866 nun

436 2911 675 2955 nostram
723 2901 1072 2971 intelligimus
1141 2919 1436 2973 rerumque
1498 2914 1861 2966 czeterarum,
1920 2905 2014 2958 sed

433 2993 625 3062 ipsius.
663 2996 1026 3063 Quamobrem
1063 2996 1504 3051 contradictorize
1553 2996 1798 3051 Simonis
1849 2999 2014 3049 ratio-

435 3098 550 3147 nes,
581 3096 770 3138 contra
802 3087 1106 3139 doctrinam
1129 3099 1250 3153 qua:
1275 3085 1371 3148 ait,
1397 3099 1625 3152 corpora
1650 3096 1832 3136 nostra
1850 3081 2011 3154 457

2121 1886 2302 1940 ὁποῖον
2330 1887 2390 1939 τὸ
2417 1887 2514 1957 τῆς
2544 1887 2693 1951 θείας
2733 1887 2948 1956 φύσεως
2993 1889 3318 1960 ὑπερέκεινα
3357 1908 3372 1955 ;
3405 1891 3598 1953 ”Ωστε,
3627 1891 3703 1942 ὅτε

2122 1975 2350 2046 λέγομεν
2390 1977 2482 2030 ἐπὶ
2527 1978 2683 2042 Θεοῦ,
2727 1980 2808 2032 ὅτι
2849 1978 3007 2032 τοῦτό
3045 1980 3160 2033 ἐστι
3192 1982 3284 2033 καὶ
3312 1981 3479 2035 τοῦτο
3503 1981 3705 2049 λέγεται

2121 2069 2260 2140 ὑπὲρ
2289 2069 2467 2138 φύσιν,
2494 2072 2554 2122 οὐ
2575 2070 2672 2142 τὴν
2695 2071 2888 2125 ἑαυτοῦ
2915 2072 3165 2144 λέγομεν,
3196 2074 3271 2144 μὴ
3291 2073 3546 2141 γένοιτοί
3585 2075 3706 2127 ἀλλά

2120 2163 2218 2232 τὴν
2249 2163 2525 2234 ἡμετέραν
2564 2181 2625 2216 τε
2670 2165 2761 2218 καὶ
2795 2164 2893 2236 τὴν
2915 2165 3021 2218 τῶν
3069 2165 3243 2219 ἄλλων
3291 2166 3559 2220 ἁπάντων
3579 2186 3592 2196 ·
3624 2170 3709 2220 καὶ

2118 2256 2206 2308 ὅτε
2242 2254 2399 2308 πάλιν
2425 2255 2564 2308 κατά
2588 2255 2769 2326 φύσιν,
2805 2258 3195 2327 ἀντιστρόφως,
3226 2259 3285 2310 οὗ
3312 2259 3415 2329 τὴν
3438 2261 3709 2332 ἡμετέραν

2119 2364 2178 2399 τε
2208 2347 2300 2400 καὶ
2324 2347 2429 2401 τῶν
2461 2347 2654 2411 ἄλλων,
2687 2347 2821 2401 ἀλλά
2851 2349 2950 2420 τὴν
2974 2349 3188 2402 ἑαυτοῦ.
3215 2351 3276 2404 Oi
3293 2350 3429 2419 γοῦν
3455 2353 3709 2423 ἀντιρῥτπ

2118 2443 2261 2494 τικοὶ
2300 2440 2394 2493 τοῦ
2447 2441 2686 2512 Σίμωνος
2737 2440 2883 2510 λόγοι
2938 2443 3078 2495 κατά
3138 2441 3231 2495 τοῦ
3291 2442 3573 2514 δόγματος
3623 2446 3710 2496 τοῦ

2122 2531 2391 2599 λέγοντος,
2440 2534 2521 2586 ὅτι
2575 2534 2643 2586 τὰ
2695 2533 2923 2604 σώματα
2965 2533 3120 2604 ἡμῶν
3166 2533 3710 2605 ἁθανατισθήσονται,

2121 2626 2309 2697 πόρρω
2347 2625 2828 2696 ἀπεληλάσοωσαν.
2874 2627 2945 2679 Τὸ
2971 2626 3026 2679 δὲ
3051 2627 3258 2680 οἴεσθαι
3285 2627 3479 2681 τοῦτον
3510 2632 3576 2681 ἐκ
3610 2631 3711 2682 τῶν

2119 2717 2365 2789 φανερῶν
2396 2719 2602 2771 τούτων
2653 2720 2746 2772 καί
2776 2718 3050 2789 αἰσθητῶν
3077 2720 3175 2784 τὰς
3215 2721 3529 2786 ἀποδείξεις
3580 2724 3715 2775 κατὰ

2116 2809 2216 2879 τῆς
2258 2809 2642 2880 ἀκαταλήπτου
2674 2811 2766 2864 καὶ
2814 2813 2978 2864 πᾶσιν
3033 2812 3271 2879 ἀφανοῦς
3325 2815 3512 2878 αἰτίας
3565 2819 3711 2879 ταῖς·

2116 2901 2332 2954 πάντων
2369 2901 2684 2973 πορίζεσθαι
2737 2903 2961 2974 μάταιόν
3012 2907 3160 2957 ὲστι⁸
3206 2905 3273 2958 τὰ
3319 2905 3434 2977 γὰρ
3486 2907 3714 2972 δοξαστὶ

2115 2993 2286 3046 ταῦτα
2333 2995 2426 3046 καὶ
2477 2994 2709 3066 αἰσθητά
2741 2994 2857 3059 πῶς
2891 2995 3184 3065 ἀνατρέψει
3221 2998 3408 3050 ἐκεῖνα
3446 2998 3516 3050 τὰ
3574 3000 3711 3068 ὑπὲρ

2116 3085 2366 3156 αἴσθησιν
2405 3088 2498 3140 καὶ
2547 3088 2762 3140 ἃπασαν
2817 3087 3036 3156 νόησιν;
3072 3089 3286 3152 οὐδενὸς
3335 3091 3432 3143 καὶ
3479 3091 3562 3160 τῷ
3600 3092 3715 3160 Θεῴ

433 3175 844 3231 immortalitate
912 3177 1183 3239 donanda,
1244 3175 1432 3244 procul
1485 3175 1837 3244 repellantur.
1868 3175 2013 3230 llunc

2123 3179 2365 3233 ἐναντίου
2405 3180 2576 3244 ὄντος,
2607 3180 2722 3244 πῶς
2748 3180 2899 3233 ἐσται
2925 3198 2977 3234 τι
3015 3181 3166 3252 παρά
3187 3182 3346 3250 φύσιν
3380 3186 3477 3237 καὶ
3512 3185 3712 3255 βίαιον;

433 3277 614 3322 autem
645 3271 926 3335 arbitrari,
968 3285 1034 3323 ex
1067 3269 1150 3322 his
1181 3267 1490 3336 conspicuis
1517 3277 1572 3321 et
1603 3267 1687 3320 his
1737 3269 2028 3324 sensilibus
2065 3282 2255 3325 contra
2312 3273 2924 3342 incomprehensibilem
2993 3282 3156 3342 atque
3217 3276 3483 3330 omnibus
3520 3278 3716 3330 obscu—

434 3379 550 3416 ram
585 3366 960 3418 universorum
985 3379 1204 3417 oausam
1237 3363 1740 3417 demonstrationes
1771 3365 2016 3432 praebere
2042 3381 2220 3433 posse,
2252 3382 2450 3420 vanum
2491 3376 2620 3433 est;
2656 3367 2930 3437 quomodo
2986 3367 3130 3420 enim
3184 3367 3236 3422 id
3296 3370 3442 3437 quod
3495 3384 3713 3422 omnem

431 3471 649 3509 sensum
700 3467 754 3510 et
805 3458 1196 3527 cogitationem
1236 3466 1461 3526 superat
1515 3465 1858 3510 evertentea
1885 3473 2009 3525 quae
2039 3474 2202 3512 sensu
2231 3467 2285 3512 et
2318 3459 2651 3528 cogitatione
2677 3460 3105 3530 percipiuntur?
3173 3476 3296 3515 cum
3362 3471 3554 3515 autem
3606 3462 3713 3515 Deo

430 3549 565 3602 nihil
597 3550 669 3603 sit
703 3553 1062 3614 contrarium,
1118 3551 1392 3619 quomodo
1429 3550 1634 3618 aliquid
1668 3551 1774 3603 erit
1809 3551 1857 3602 ei
1886 3560 2073 3603 contra
2103 3560 2357 3604 naturam
2384 3553 2468 3606 vel
2500 3553 2840 3624 violentum?

507 3643 534 3714 §
577 3643 659 3696 lll.
689 3643 822 3698 Cum
855 3659 982 3697 vero
1013 3645 1081 3698 ab
1117 3645 1232 3712 ipso
1265 3643 1568 3697 vivilicetur
1604 3642 1653 3695 id
1686 3643 1826 3710 quod
1855 3642 2010 3710 vivit,

430 3735 543 3785 sive
575 3733 798 3802 angelus
825 3733 897 3786 sit
920 3734 1032 3786 sive
1060 3735 1244 3797 homo,
1275 3733 1393 3785 sive
1424 3734 1638 3786 brutum
1665 3734 1775 3787 sive
1805 3733 2009 3802 planta,

428 3836 485 3877 et
525 3841 588 3878 ex
631 3827 742 3893 ipso
782 3827 900 3878 vitae
935 3827 1115 3879 ontnis
1152 3826 1392 3890 initium,
1439 3828 1669 3894 vitagque
1703 3826 2007 3892 substantia

430 3916 520 3974 sit,
571 3912 831 3966 credibile
887 3914 1051 3966 etiam
1103 3924 1221 3967 erat
1273 3924 1328 3969 et
1387 3915 1516 3968 illud
1568 3916 2006 3980 resurrectionis,

431 4003 689 4071 quoniam
725 4004 792 4056 ab
829 4005 946 4073 ipso
981 4007 1047 4057 ad
1086 4006 1266 4060 denuo
1313 4007 1604 4060 vivendum
1656 4007 2011 4059 resuscitabi-

432 4113 574 4148 mur.
615 4096 744 4150 Vita:
795 4113 955 4164 porro
1004 4099 1326 4167 principimu
1364 4102 1440 4154 ait
1473 4116 1595 4154 esse
1640 4102 1852 4154 animas
1894 4099 2011 4169 (per

429 4190 526 4244 has
566 4192 710 4244 enim
747 4206 997 4258 corpora,
1049 4208 1169 4260 quae
1216 4194 1282 4245 ad
1323 4195 1482 4245 vitam
1542 4193 1788 4256 veniunt,
1825 4193 2010 4246 vivunt

426 4295 482 4338 et
532 4285 862 4354 moventur),
908 4285 1033 4338 vitae
1081 4296 1260 4339 autem
1303 4286 1594 4338 essentiam
1633 4286 1777 4352 ipsas
1822 4299 1917 4354 per
1949 4300 2008 4339 se

424 4391 545 4430 esse
577 4377 787 4432 animas
837 4378 1284 4447 iutellectilesque
1318 4377 1550 4430 virtutes
1592 4376 1882 4447 (siquidem
1927 4377 2008 4430 ha:

2193 3643 2220 3715 §
2241 3645 2328 3696 lll.
2350 3645 2501 3697 Ἐπεὶ⁵
2523 3645 2580 3698 δὲ
2607 3646 2735 3716 παρ’
2756 3645 2920 3698 αὐτοῦ
2939 3643 3170 3710 ζωοῦται
3185 3646 3245 3698 τὸ
3262 3645 3539 3709 ζῶον,κᾶν
3555 3648 3712 3714 ἅγγε-

2114 3736 2204 3798 λος
2227 3732 2283 3810 ᾖ,
2303 3737 2404 3790 κᾶν
2422 3738 2516 3791 ἀνθ
2527 3755 2724 3810 ρωπος,
2741 3739 2841 3792 κᾶν
2858 3739 3070 3806 ἄλογον,
3088 3739 3190 3791 κᾶν
3207 3738 3394 3806 φυτὸν,
3420 3740 3519 3790 καὶ
3546 3739 3605 3804 ἐξ
3624 3742 3711 3791 αὑ-

2111 3829 2205 3882 τοῦ
2226 3831 2374 3883 πᾶσα
2391 3830 2534 3901 ζωῆς
2551 3831 2693 3902 ἀρχὴ
2719 3831 2810 3884 καὶ
2838 3831 2981 3900 ζωῆς
2998 3830 3177 3892 οὐσία,
3201 3828 3392 3880 πιστὸν
3421 3830 3490 3883 ἂν
3513 3831 3605 3900 εἴη
3627 3832 3710 3883 καὶ

2111 3923 2172 3974 τὸ
2196 3923 2295 3992 τῆς
2312 3924 2678 3986 ἀναστάσεως,
2695 3924 2776 3975 ὅτι
2799 3924 2924 3994 παρ’
2942 3921 3104 3975 αὐτοῦ
3123 3923 3202 3985 εἰς
3225 3920 3566 3984 παλινζωὴν
3591 3924 3710 3974 ἀνα-

2121 4015 2452 4085 στησόμεοα.
2481 4017 2632 4087 Ζωῆς
2651 4015 2706 4068 δὲ
2729 4017 2902 4088 ἀρχὴν
2925 4015 3024 4079 τὰς
3043 4015 3220 4084 ψυχάς
3236 4031 3394 4084 φησι,
3421 4014 3516 4084 (δι’
3537 4016 3707 4066 αὐτῶν

2122 4107 2231 4177 γὰρ
2253 4105 2322 4158 τά
2352 4109 2428 4169 εἰς
2451 4106 2595 4177 ζωὴν
2617 4107 2885 4177 ἐρχόμενα
2904 4105 3130 4176 σώματα
3154 4105 3332 4170 ζῶντὰ
3371 4107 3484 4159 εἰσι
3512 4111 3610 4159 καὶ
3630 4126 3706 4159 κι-

2118 4201 2374 4268 νοῦνται·)
2420 4200 2562 4269 ζωῆς
2590 4199 2644 4251 δὲ
2674 4199 2857 4251 οὐσίαν
2903 4198 3071 4260 αὑτὰς
3117 4197 3238 4250 καθ’
3274 4197 3450 4260 αὑτὰς
3486 4199 3592 4262 τὰς
3618 4199 3705 4267 ψυ-

2118 4291 2218 4360 χὰς
2256 4291 2349 4345 καὶ
2384 4291 2481 4353 τὰς
2521 4290 2717 4360 νοητὰς
2737 4290 3011 4360 δυνάμεις·
3052 4284 3230 4359 (αὗται
3270 4289 3380 4360 γάρ
3423 4293 3532 4342 εἰσι
3581 4289 3706 4355 ζωαὶ

2118 4381 2370 4443 ὲνούσιοι,
2424 4382 2517 4434 καὶ
2558 4379 2918 4448 αὑτοκίνητοι,
2962 4379 3055 4430 καὶ
3100 4378 3406 4448 ἀθάνατον)
3459 4372 3623 4430 αὗται

425 4481 554 4523 sunt
582 4470 990 4544 substantiales,
1014 4485 1069 4525 et
1102 4488 1199 4540 per
1226 4486 1284 4526 se
1325 4470 1552 4524 mobiles
1585 4481 1745 4539 atque
1781 4471 2004 4523 immor-

2119 4474 2168 4541 ἐξ
2200 4475 2366 4544 αὐτῆς
2389 4474 2486 4544 τῆς
2519 4473 2658 4542 ὑπὲρ
2688 4473 2866 4523 πᾶσαν
2897 4470 3039 4539 ζωὴν
3065 4468 3212 4531 Θείας
3242 4469 3388 4538 ζωῆς
3433 4471 3531 4522 καὶ
3558 4470 3698 4532 ζῶσι,

427 4561 608 4627 tales;
648 4545 729 4617 ha:
785 4574 964 4617 autem
1004 4580 1070 4618 ex
1112 4566 1340 4633 ipsamet
1393 4563 1577 4618 divina
1621 4565 1727 4616 vita
1764 4579 1884 4633 qua:
1927 4572 2008 4617 est

427 4669 587 4721 supra
622 4671 838 4709 onmem
890 4660 1076 4721 vitam,
1116 4668 1171 4711 et
1221 4659 1408 4712 vivunt
1457 4672 1801 4728 corporaque
1834 4655 2007 4707 viviti-

424 4758 576 4813 cant,
628 4749 679 4801 in
713 4764 819 4816 qua
867 4751 1049 4804 divina
1092 4753 1198 4805 vita
1251 4754 1377 4807 licet
1413 4753 1595 4806 multa:
1639 4753 1747 4805 sint
1781 4751 1922 4817 vitae,
1953 4760 2009 4803 et

422 4838 662 4907 ejusdem
699 4843 934 4897 nominis
968 4859 1094 4898 cum
1135 4857 1342 4908 nostra,
1391 4857 1570 4899 tamen
1609 4861 1718 4898 uno
1756 4844 1917 4897 modo
1950 4851 2007 4896 et

423 4933 722 4986 secundum
745 4949 904 4988 unam
926 4937 1142 4989 vitalem
1161 4952 1382 4991 causam
1408 4937 1808 5006 prmexsistunt.
1829 4935 2007 5001 Quare

425 5022 589 5088 Deus,
619 5031 874 5092 tauquam
901 5037 1093 5080 auctor
1115 5036 1168 5080 et
1199 5037 1610 5082 consummalor
1631 5027 1756 5080 vita:
1785 5035 2003 5088 postne,

423 5124 683 5184 tauquam
720 5125 1009 5171 contentor
1055 5129 1111 5172 et
1148 5121 1487 5187 distributor,
1529 5133 1780 5190 tanquam
1821 5122 2006 5188 dispo-

423 5229 560 5268 nens
589 5211 926 5267 diﬂerentias
961 5213 1140 5265 onmis
1169 5212 1313 5279 vita',
1343 5213 1552 5267 scilicet
1586 5212 2004 5276 intellectilium,

424 5305 796 5368 rationalium,
849 5304 1153 5369 sensilium,
1206 5315 1262 5359 et
1309 5320 1496 5358 eorum
1550 5321 1670 5374 qua:
1716 5311 2004 5372 augentur,

420 5398 662 5450 omnimn
693 5395 1021 5465 principium
1066 5394 1718 5448 cxsistit.Consideratur
1764 5393 1908 5445 enim
1952 5396 2003 5443 iu

421 5491 570 5544 onmi
619 5490 729 5544 vita
769 5494 1070 5544 secundum
1114 5487 1466 5557 multiplicem
1514 5487 1636 5540 vitae
1691 5488 1998 5553 generatio-

425 5596 545 5633 nem
591 5595 655 5635 ac
702 5581 1066 5635 varietatem:
1109 5578 1210 5632 alia
1261 5587 1345 5632 est
1392 5577 1535 5630 enim
1572 5578 1772 5646 angeli,
1810 5586 1864 5630 ct
1898 5576 2002 5628 alia

425 5669 680 5736 hominis,
721 5680 776 5725 et
820 5671 925 5724 alia
973 5669 1140 5732 bruti,
1193 5677 1248 5722 et
1305 5667 1410 5721 alia
1455 5666 1687 5736 planta);
1741 5667 2004 5736 quocirca

425 5764 800 5818 tuttsidcratur
852 5775 909 5819 ιιι
961 5763 1246 5833 omnigcna
1302 5761 1643 5828 diversaque,
1679 5778 1796 5830 qua:
1854 5760 2002 5814 unita

2114 4565 2204 4616 καὶ
2235 4563 2432 4625 ζωοῦσι
2479 4562 2544 4614 τὰ
2583 4561 2831 4632 σώματα,
2875 4564 2932 4613 ἐν
3045 4563 3112 4630 τῇ
3166 4559 3287 4630 θεία
3329 4560 3469 4630 ζωῇ,
3515 4563 3566 4612 εἰ
3620 4560 3698 4610 καὶ

2112 4656 2302 4708 πολλαί
2334 4659 2436 4708 εἰσι
2465 4654 2600 4719 ζωαὶ
2646 4655 2738 4708 καὶ
2771 4653 3050 4724 ὁμώνυμοι
3099 4655 3151 4705 αἰ
3204 4652 3324 4705 καθ’
3366 4653 3543 4722 ἡμὴ,
3596 4651 3695 4705 ἀλλ’

2110 4744 2201 4800 οὖν
2236 4748 2478 4811 ὲνοειδῶς
2514 4749 2605 4799 καὶ
2634 4745 2774 4799 κατά
2813 4746 2938 4816 μίαν
2967 4745 3064 4816 τὴν
3088 4743 3326 4814 ζωτικὴν
3357 4744 3544 4797 αἰτίαν
3575 4760 3692 4810 προ-

2113 4841 2448 4908 ῦςρίστανται.
2495 4839 2551 4890 Ὀ
2589 4834 2681 4892 οὖν
2713 4838 2865 4900 Θεὸς,
2913 4836 2989 4900 ὡς
3021 4835 3190 4898 αἴτιος
3227 4835 3323 4888 καὶ
3364 4834 3690 4905 συμπληρω-

2109 4934 2259 4997 τικὸς
2280 4934 2377 5003 τῆς
2413 4932 2556 5002 ζωῆς
2586 4931 2761 5002 ἡμῶν,
2803 4930 2877 4993 ὡς
2916 4929 3169 4999 συνοχεὺς
3216 4927 3310 4980 καὶ
3348 4927 3686 4998 διαιρετικὸς,

2109 5026 2183 5089 ὼς
2211 5025 2464 5090 διατάξας
2504 5025 2701 5096 δηλαδὴ
2722 5023 2821 5086 τὰς
2845 5023 3107 5092 διαφορὰς
3136 5021 3354 5090 ἀπάσης
3383 5019 3555 5090 ζωῆς,
3582 5037 3687 5087 νοη-

2109 5119 2236 5182 τῶν,
2260 5118 2512 5185 λογικῶν,
2549 5115 2901 5188 αἰσθητικῶν,
2937 5113 3269 5184 αὑξητικῶν,
3306 5114 3450 5184 ἀρχὴ
3482 5116 3684 5167 πάντων

2111 5210 2275 5263 ἐστίν.
2325 5209 2696 5279 Ἐνθεωρεῖται
2726 5209 2782 5262 δὲ
2815 5209 3002 5280 ἁπάσῃ
3027 5207 3138 5276 ζωῇ
3172 5206 3312 5259 κατὰ
3338 5206 3440 5275 τὴν
3473 5206 3682 5270 πολυγο-

2109 5303 2227 5356 νίαν
2255 5304 2347 5356 καὶ
2367 5302 2464 5372 τὴν
2504 5300 2775 5354 ποικιλίαν
2804 5301 2902 5370 τῆς
2941 5300 3087 5369 ζωῆς
3106 5318 3117 5328 ·
3140 5299 3273 5368 ἄλλη
3307 5297 3418 5368 γὰρ
3442 5296 3676 5364 ἀγγέλου,

2110 5393 2198 5444 καὶ
2219 5390 2350 5461 ἄλλη
2367 5389 2674 5462 ἀνθρώπου,
2693 5392 2787 5443 καὶ
2815 5389 2947 5459 ἄλλη
2969 5389 3185 5457 ἀλόγου,
3209 5388 3304 5441 καὶ
3321 5387 3460 5458 ἄλλη
3492 5381 3672 5455 (potat?

2107 5483 2194 5535 διὰ
2212 5483 2364 5536 τοῦτο
2394 5483 2734 5554 ἐνοεωρεῐται
2763 5482 3078 5552 παντοδαπὴ
3108 5483 3200 5534 καὶ
3226 5481 3446 5549 ποικίλη
3467 5483 3501 5550 ἡ
3519 5474 3672 5532 ὲνιαία

2108 5594 2164 5628 τε
2190 5577 2281 5628 καὶ
2311 5575 2532 5645 ἀπλῆ,ἡ
2571 5576 2846 5647 ἀνενδεὴς,
2877 5576 3073 5646 μᾶλλον
3101 5575 3156 5627 δὲ
3179 5576 3271 5627 καὶ
3302 5574 3667 5644 ὑπερπλήρῃς·

2107 5671 2165 5721 οὐ
2186 5670 2496 5738 γάρίκανὸν
2533 5673 2622 5723 ἐπὶ
2648 5671 2848 5739 ταύτης
2889 5670 2949 5721 τὸ
2992 5667 3234 5725 ἀνενδεὲς
3279 5667 3460 5733 λέγειν
3485 5706 3498 5723 ,
3556 5660 3668 5716 ἀλλὰ

2110 5759 2428 5829 προσθετέον
2459 5764 2550 5814 καὶ
2589 5761 2648 5812 τὸ
2689 5759 3062 5832 ὑπερπλήρης,
3106 5758 3237 5812 καθὸ
3266 5759 3324 5811 τὸ
3356 5759 3554 5825 ἀγαθὸν
3584 5752 3664 5818 τῆς
