3866 6232
161 325 291 384 865
1248 323 1335 376 DE
1373 322 1624 378 DIVINIS
1664 322 2060 392 NOMINIBUS,
2095 323 2250 382 CAP.
2293 325 2406 382 Vll.
3363 331 3470 390 866

157 444 332 513 ζωῆς
363 445 456 498 καὶ⁴
484 443 577 498 ἐπὶ
608 441 818 504 πολλοῖς
861 439 1066 510 ἑτέροις
1104 438 1234 510 παρ’
1283 441 1452 511 αὐτῆς
1487 441 1666 510 χέεται
1687 458 1698 470 ·
1738 443 1755 493 i

1879 440 2218 511 simplexque
2239 455 2345 498 e3t.
2382 440 2581 498 nullius
2611 443 2810 514 indiga,
2829 445 3072 514 qninimo
3096 449 3422 519 snperplena
3447 469 3464 518 ;

152 534 478 600 αὐτόζωος,
523 536 617 588 καὶ
646 532 946 604 ὑπέρξωος,
981 532 1014 601 ἠ
1045 528 1325 595 ζωοποιὸς,
1357 531 1390 602 ἢ
1426 533 1574 596 ὅπως
1603 533 1755 587 ἄλλω.

1883 551 1988 591 non
2031 537 2176 592 enim
2223 539 2359 593 satis
2403 549 2483 595 est
2526 541 2592 595 de
2627 557 2688 594 ea
2731 541 2912 597 dicere
2949 543 3092 611 quod
3135 560 3242 598 non
3277 545 3347 599 sit
3387 547 3470 601 in-

151 625 547 698 ἁνθρωπικῶς
587 625 654 679 ἂν
685 625 916 696 ὑμνήσοι
957 640 1040 687 τις
1078 622 1177 695 τὴν
1216 621 1520 692 ἄφθεγκτον
1559 627 1755 696 ιῐικείνηι

1880 628 2027 697 diga,
2063 633 2156 684 sed
2184 633 2512 698 addendum,
2543 649 2662 686 eam
2695 648 2816 688 esse
2855 650 3184 704 snpraqnam
3228 637 3466 706 plenam,

152 722 271 774 mi
302 720 458 775 θείαν
493 718 661 792 ζωήν.

1879 722 1932 776 in
1962 733 2228 791 quantum
2265 725 2388 778 vitae
2420 724 2619 778 bonum
2664 725 2735 778 ab
2772 727 2872 780 hac
2913 727 2966 779 in
3009 729 3179 783 multa
3220 729 3325 784 alia
3361 730 3468 784 dif-

147 814 449 880 funditur,
479 823 537 867 ιιι
567 828 691 883 qua:
730 823 811 869 est
840 813 1018 881 seipsa
1055 813 1264 873 vivens.
1297 822 1352 868 et
1382 813 1762 880 supervivens,
1804 823 1859 868 et
1904 814 2210 880 viviticans,
2249 816 2332 872 vel
2375 833 2700 887 quocunque
2726 819 2831 872 alio
2861 823 3020 890 modo
3065 822 3305 878 humano
3331 823 3468 878 inef-

152 908 404 965 tabilem
450 909 596 964 illam
643 909 996 980 divinamqne
1032 909 1197 963 vitam
1239 907 1464 963 laudare
1501 908 1626 978 quis
1662 909 1854 977 possit.

553 1227 1201 1314 ΚΕΦΑΛΑΙΟΝ
1277 1231 1380 1312 Ζ’.

234 1362 382 1428 Περὶ
412 1365 650 1433 σοφίας,
687 1367 818 1432 νοῦ,
848 1370 1053 1437 λόγου.
1088 1369 1391 1437 ἀληθείας,
1423 1370 1700 1435 πίστεως.

2213 1237 2380 1311 458
2417 1232 2797 1325 CAPUT
2849 1231 3070 1327 νιί.

2005 1370 2082 1424 De
2116 1371 2403 1437 sapientia,
2434 1383 2627 1435 meme,
2658 1373 2881 1436 ratione,
2913 1374 3156 1437 veritate,
3189 1373 3314 1440 fide.

1487 1517 1819 1576 SYNOPSIS
1851 1518 2075 1575 CAPITI
2089 1523 2148 1576 S.

149 1653 202 1708 I.
243 1652 428 1727 Docet,
460 1658 774 1724 sapientiam
816 1658 908 1710 Dei
941 1675 1052 1711 esse
1078 1675 1244 1712 omnis
1275 1660 1547 1722 sapientia:
1575 1659 1882 1711 creatricem
1908 1699 1920 1719 ,
1953 1674 2218 1727 supraque
2249 1675 2452 1711 omnem
2489 1658 2802 1722 sapientiam
2841 1659 3093 1710 exsistere
3127 1656 3461 1725 inuestigabi-

247 1725 352 1799 lem
383 1738 429 1779 et
461 1729 1072 1794 incomprehensibilem;
1107 1747 1269 1799 neque
1295 1731 1582 1783 secundum
1614 1738 1849 1781 nostram
1877 1725 2282 1796 intelligentiam
2306 1729 2628 1781 metiendam
2649 1744 2789 1799 esse.
2826 1728 2886 1782 ΙΙ.
2920 1728 3004 1780 Ea;
3032 1745 3093 1799 ea
3125 1727 3220 1780 Dei
3243 1730 3456 1796 sapien-

243 1797 324 1869 tia
356 1799 482 1850 dicit
521 1800 736 1866 angelos
770 1801 981 1859 habere.
1015 1802 1154 1869 quod
1179 1797 1290 1853 sint
1341 1799 1700 1862 intellectiles,
1735 1809 1781 1850 et
1827 1801 2064 1851 homines
2107 1801 2246 1866 quod
2279 1801 2380 1851 sint
2423 1798 2739 1861 rationales,
2778 1809 2825 1851 et
2872 1815 2953 1850 res
2995 1798 3117 1850 alia:
3159 1801 3453 1852 sensibiles.

246 1865 452 1928 Quarrit
481 1865 711 1935 insuper,
743 1873 1002 1937 quomodo
1027 1865 1179 1922 'Deus
1217 1874 1394 1923 omnia
1431 1871 1575 1922 novit
1612 1871 1724 1922 sine
1765 1869 1874 1921 ulla
1917 1865 2160 1931 actione;
2191 1884 2236 1922 et
2271 1869 2532 1933 quomodo
2567 1872 2744 1921 omnia
2775 1869 3137 1937 cognoscendo
3179 1871 3451 1933 anticipet,

247 1945 296 2009 et
333 1938 386 1990 in
419 1939 588 2003 seipse
619 1955 710 2005 per
740 1941 826 1992 sui
869 1943 1112 1992 notitiam
1140 1949 1462 2005 cognoscat;
1499 1949 1548 1992 et
1591 1939 1765 2009 angeli
1800 1956 2006 2008 quoque
2047 1941 2263 1991 sensilia
2301 1938 2676 1992 intellectiliter
2703 1940 3018 2006 percipiant.
3065 1940 3149 1991 Ill.
3183 1939 3451 2002 Ostendit,

244 2005 442 2073 Deum,
478 2019 534 2060 ut
574 2010 625 2061 in
667 2028 720 2061 se
755 2019 852 2072 est,
887 2012 1033 2064 nobis
1065 2012 1301 2078 ignotum
1337 2028 1469 2069 esse.
1500 2005 1842 2078 eamdemque
1881 2005 2023 2062 nasci
2063 2011 2257 2076 partim
2286 2026 2378 2078 per
2419 2005 2722 2071 notionem,
2761 2010 2954 2074 partim
2989 2011 3102 2060 sine
3135 2013 3366 2071 notione,
3405 2022 3453 2062 et

241 2080 389 2129 Imnr
422 2080 661 2131 notitiam
691 2096 801 2132 esse
826 2080 920 2133 illa
951 2077 1258 2134 dwiniorem
1287 2097 1348 2134 ac
1382 2083 1650 2136 veriorem.
1683 2077 1771 2135 IV.
1802 2080 2077 2145 Quomodo
2108 2079 2246 2132 Dens
2281 2077 2505 2132 Verbum
2535 2081 2626 2142 sit,
2649 2081 2786 2141 quod
2823 2086 2899 2132 est
2933 2080 3157 2148 simplex-
3185 2084 3374 2132 veritas
3403 2090 3454 2132 et

242 2149 374 2214 ﬁdei
406 2150 836 2217 fundamentum.

1753 2285 1846 2362 δι

237 2436 381 2507 Φέρε
414 2435 490 2498 δὲ,
523 2435 571 2486 εί
603 2433 770 2498 δοκεῖ,
801 2433 899 2505 τὴν
927 2433 1136 2506 ἀγαθὴν
1169 2437 1261 2488 καί
1292 2434 1517 2488 αἰωνίαν
1545 2437 1566 2462 ⁵
1599 2431 1755 2503 ζωὴν.

1941 2429 2056 2500 Age
2088 2443 2278 2500 porro,
2314 2429 2510 2497 ipsam,
2554 2427 2598 2481 si
2638 2427 2838 2498 placet,
2875 2445 3055 2485 veram
3087 2441 3454 2503 aeternamque

151 2530 263 2584 καὶ
307 2527 384 2591 ὡς
428 2527 614 2599 σοφὴν,
659 2529 751 2580 καὶ
785 2527 860 2590 ὡς
896 2527 1221 2597 αὑτοσοφίαν
1262 2527 1538 2600 ὑμνῶμεν,
1572 2527 1768 2598 μᾶλλον

150 2622 222 2674 δὲ
274 2619 354 2682 ὡς
395 2619 575 2691 πάσης
618 2619 808 2689 σοφίας
857 2620 1244 2692 ὑποστατικὴν,
1285 2621 1378 2674 καὶ
1406 2621 1546 2692 ὑπὲρ
1586 2622 1767 2675 πᾶσαν

159 2714 368 2781 σοφίαν
400 2712 492 2764 καὶ
533 2711 745 2764 σύνεσιν
777 2711 1103 2782 ὑπεροῦσαν.
1135 2713 1208 2765 Οὐ
1245 2713 1355 2784 γὰρ
1395 2713 1552 2783 μόνον
1578 2713 1606 2764 ὁ
1635 2713 1768 2776 Θεὸς

156 2804 427 2875 ὑπερπλὴ
439 2821 534 2875 ρης
561 2806 678 2857 ἐστὶ
708 2803 918 2873 σοφίας,
945 2806 1038 2858 καὶ
1061 2806 1159 2877 τῆς
1189 2806 1454 2869 συνέσεως
1476 2805 1639 2859 αὑτοῦ
1667 2807 1767 2859 οὑκ

158 2897 320 2948 ἐστιν
359 2893 609 2966 ἀριθμὸς,
643 2892 778 2946 ἀλλὰ
832 2896 925 2946 καὶ
941 2893 1136 2958 παντὸς
1169 2893 1350 2961 λόγου,
1388 2894 1481 2946 καὶ
1522 2892 1634 2957 νοῦ,
1673 2892 1767 2946 καὶ

159 2987 366 3055 σοφίας
405 2985 777 3057 ὑπερὶδρυται.
825 2989 934 3040 Καὶ
969 2987 1128 3040 τοῦτο
1173 2985 1465 3055 ὑπερφυῶς
1507 2985 1765 3055 ἐννοήσας

171 3083 204 3131 ὁ
235 3078 381 3142 θεῖος
409 3079 574 3142 ὅντως
609 3079 766 3150 ἀνὴρ,
799 3081 827 3132 ὁ
882 3079 1060 3142 κοινὸς
1101 3077 1259 3149 ἡμῶν
1288 3079 1383 3131 καὶ
1412 3077 1505 3130 τοῦ
1531 3077 1766 3148 καθηγε-

170 3172 345 3242 μόνος
387 3170 554 3241 ἥλιος,
605 3170 673 3223 Τὸ
703 3171 904 3240 μωρὸν
935 3171 1039 3225 τοῦ
1065 3172 1210 3224 Θεοῦ
1259 3170 1602 3239 σοφώτερον
1645 3170 1765 3224 τῶν

156 3261 517 3329 ἀνθρώπων,
538 3261 724 3333 φησὶν,
753 3263 812 3315 οὑ
844 3263 1002 3334 μόνον
1023 3263 1104 3316 ὃτι
1136 3264 1284 3316 πᾶσα
1308 3264 1622 3334 ἀνθρωπίνη
1651 3263 1765 3318 διά-

159 3371 286 3406 νοια
345 3353 522 3423 πλάνη
562 3353 646 3417 τίς
680 3357 830 3419 ἐστι,
879 3354 1171 3427 κρινομένη
1219 3356 1354 3426 πρὸς
1401 3356 1462 3409 τὸ
1506 3355 1762 3428 σταθερὸν

157 3446 264 3497 καὶ
296 3445 523 3514 μόνιμον
559 3445 579 3476 ⁵
628 3445 736 3497 τῶν
773 3445 934 3498 θείων
974 3445 1067 3498 καὶ
1114 3445 1464 3500 τελειοτάτων
1490 3448 1757 3518 νοήσεων·

159 3537 283 3590 ἀλλ’
315 3537 399 3589 ὅτι
428 3537 521 3589 καὶ
557 3537 786 3608 σύνηθές
815 3539 932 3590 ἐστι
960 3539 1073 3601 τοῖς
1105 3537 1393 3607 θεολόγοις,
1437 3540 1760 3594 ἀντιπεπον-

159 3627 342 3688 Θὸτως
399 3627 492 3679 ἐπὶ
548 3627 684 3680 Θεοῦ
745 3627 814 3680 τὰ
877 3627 975 3697 τῆς
1037 3628 1342 3699 στερήσεως
1398 3628 1756 3697 ἀποφάσκειν.

160 3716 328 3769 υῦτω
352 3719 444 3769 καὶ
479 3717 709 3785 ἀόρατόν
749 3734 880 3788 φησι
909 3719 977 3771 τὰ
1007 3719 1176 3787 Λόγια
1204 3718 1265 3772 τὸ
1312 3721 1569 3791 παμφαὲς
1609 3720 1722 3790 φῶς
1741 3735 1756 3748 ⁸

1872 2521 2063 2583 vitam,
2089 2520 2278 2583 etiam,
2310 2527 2365 2571 ut
2398 2520 2720 2588 sapientem,
2774 2521 3060 2590 ipsamque
3127 2525 3451 2592 sapientiam

1870 2613 2225 2676 celebremus,
2290 2613 2398 2666 imo
2457 2627 2584 2666 vero
2637 2623 2890 2682 tanquam
2937 2615 3113 2668 omnis
3171 2619 3458 2686 sapientia:

1868 2707 2316 2775 procreatricem,
2350 2720 2628 2774 supraque
2661 2721 2880 2760 omnem
2916 2708 3243 2776 sapientiam
3277 2721 3332 2763 et
3367 2711 3454 2764 itt-

1870 2799 2221 2868 telligentiam
2273 2797 2628 2850 eminentem.
2685 2796 2801 2850 Non
2857 2798 3002 2851 enim
3053 2800 3194 2854 Dens
3244 2779 3451 2855 tantum

1869 2903 2196 2958 supraquam
2229 2887 2419 2956 plenus
2450 2887 2713 2956 sapientia
2738 2889 2970 2954 exsistit,
2997 2899 3048 2944 et
3083 2891 3455 2962 intelligentia:

1867 2978 1982 3048 ejus
2017 2996 2122 3034 non
2160 2990 2244 3034 est
2281 2994 2562 3043 numerus,
2596 2979 2688 3034 sed
2725 2996 2892 3049 supra
2933 2997 3151 3036 onmem
3186 2986 3451 3040 rationem

1866 3081 1921 3125 et
1961 3081 2196 3126 mentem
2232 3081 2284 3125 et
2316 3071 2638 3139 sapientiam
2690 3072 3009 3128 collocatur.
3065 3075 3227 3143 quue
3261 3090 3452 3145 super-

1869 3165 2195 3218 naturaliter
2228 3164 2538 3231 intelligens
2565 3164 2653 3217 vir
2684 3163 2842 3234 plane
2871 3165 3106 3231 divinus,
3143 3169 3454 3222 communis

1867 3255 1954 3310 ille
1993 3265 2179 3310 noster
2210 3255 2489 3324 nostrique
2515 3255 2867 3323 praeceptoris
2901 3255 3004 3321 sol,
3032 3255 3210 3320 Quod,
3249 3257 3447 3326 inquit,

1865 3347 2083 3401 stultum
2117 3359 2191 3401 est
2233 3346 2348 3411 Dei,
2386 3348 2676 3414 sapientius
2713 3357 2788 3400 est
2815 3347 3112 3401 hominibus
3140 3347 3186 3412 k,
3221 3366 3325 3404 non
3356 3365 3448 3404 so-

1867 3441 1974 3492 lmn
2018 3440 2162 3508 quod
2203 3439 2380 3494 omnis
2431 3439 2666 3492 humana
2719 3438 2974 3508 cogitatio
3026 3453 3182 3493 error
3223 3441 3450 3502 quidam

1863 3532 1953 3594 sit,
1987 3531 2032 3585 si
2066 3547 2190 3586 cum
2227 3530 2534 3584 divinarum
2571 3530 3215 3601 absolntissimarumque
3245 3532 3450 3586 intelli-

1863 3624 2170 3693 gentiarum
2200 3623 2460 3678 ﬁrmitate
2491 3623 2890 3692 stabilitateque
2933 3636 3308 3692 comparetur;
3358 3642 3449 3680 ve-

1864 3734 1981 3772 rum
2012 3717 2175 3770 etiam
2202 3716 2328 3785 quia
2368 3716 2610 3771 solemne
2639 3727 2724 3772 est
2747 3719 3034 3788 theologis,
3071 3730 3128 3771 ut
3155 3721 3206 3772 in
3240 3720 3349 3773 Deo
3381 3737 3447 3775 ea

88 3805 100 3814 ’
160 3811 265 3864 καὶ
291 3810 382 3862 τὸν
417 3809 791 3882 πολυύμνητον
832 3813 928 3865 καὶ
987 3811 1356 3883 πολυώνυμον,
1394 3813 1631 3884 ἄρρητον
1666 3815 1755 3867 καὶ

1864 3824 1981 3877 quae
2017 3817 2149 3862 sunt
2191 3795 2509 3878 privationis
2565 3809 2845 3862 contrario
2893 3824 3055 3863 sensu
3101 3810 3306 3863 dicant.
3355 3811 3447 3865 διε

159 3899 455 3970 ἀνώνυμον
477 3919 488 3931 ·
527 3903 620 3954 καὶ
665 3904 757 3956 τὸν
800 3905 932 3957 πᾶσι
981 3905 1223 3976 παρόντα
1278 3909 1372 3960 κα)⁹
1439 3909 1504 3959 ἐκ
1543 3908 1759 3962 πάντων

157 3993 576 4064 εὑρισκόμενον,
609 3995 994 4066 ἀκατάληπτον
1023 3998 1115 4050 καὶ
1135 3997 1554 4070 ἀνεξιχνίαστον.
1573 3999 1759 4071 Τούτῳ

156 4086 231 4156 δὴ
272 4085 352 4156 τῷ
387 4087 574 4157 τρόπῳ
610 4089 704 4140 καὶ
755 4088 851 4141 νῦν
887 4090 916 4140 ὁ
965 4089 1106 4153 θεῖος
1169 4091 1486 4154 Ἀπόστολος
1521 4092 1758 4162 ὑμνῆσαι

156 4174 387 4242 λέγεται
423 4177 633 4247 μωρίαν
663 4177 820 4242 Θεοῦ,
845 4179 906 4232 τὸ
932 4182 1252 4252 φαινόμενον
1301 4185 1358 4236 ὲν
1395 4183 1530 4254 αὐτῇ
1577 4185 1758 4254 παρά-

157 4269 326 4335 λογον
363 4269 457 4321 καὶ
496 4269 715 4334 ἄτοπον,
761 4274 841 4335 είς
887 4272 984 4343 τὴν
1027 4274 1264 4345 ἄρῤητον
1310 4278 1404 4328 καὶ
1453 4278 1558 4348 πρὸ
1602 4278 1757 4348 λόγου

159 4359 370 4423 παντὸς
425 4361 716 4429 ἀναγαγὼν
760 4363 1036 4435 ἀλήθειαν.
1085 4366 1263 4431 ⁹Λλλὲι,
1307 4369 1442 4440 ὅπερ
1483 4373 1540 4422 ἐν
1581 4371 1759 4436 ἄλλοις

159 4451 326 4521 ἔφην,
356 4454 572 4517 οἰκείως
596 4457 728 4525 ἡμῖν
755 4455 824 4508 τὰ
864 4458 1004 4529 ὑπὲρ
1040 4461 1187 4530 ἡμᾶς
1223 4462 1756 4533 παραλαμϐάνοντες,

161 4547 260 4598 καὶ
287 4545 366 4615 τῷ
397 4546 679 4617 συντρόφῳ
704 4547 810 4599 τῶν
853 4550 1158 4622 αίσθήσεων
1201 4553 1560 4625 ὲνειλούμενοι
1594 4559 1633 4621 θ,
1667 4560 1760 4611 καὶ

158 4640 281 4699 τοῖς
315 4629 436 4689 καθ’
465 4639 612 4708 ἡμᾶς
654 4638 718 4691 τὰ
763 4639 881 4692 θεῖα
912 4641 1366 4711 παραϐάλλοντες,
1402 4647 1757 4718 ἀπατώμεθα,

162 4728 312 4782 κατὰ
349 4730 411 4782 τὸ
443 4731 764 4802 φαινόμενον
808 4733 898 4785 τὸν
930 4733 1072 4787 θεῖον
1120 4736 1212 4788 καὶ
1250 4738 1558 4810 ἀπόρρητον
1604 4742 1759 4810 λόγον

164 4821 631 4892 μεταδιώκοντες·
685 4823 802 4876 δέον
857 4825 1055 4879 εἰδέναι
1102 4828 1193 4880 τὸν
1243 4829 1364 4882 καθ’
1417 4832 1562 4902 ἡμᾶς
1613 4833 1756 4900 νοῦν,

162 4914 314 4983 ἔχειν
341 4913 442 4984 τὴν
471 4915 568 4984 μὲν
601 4914 828 4986 δύναμιν
853 4918 934 4980 είς
965 4917 1027 4970 τὸ
1065 4923 1225 4984 νοεῖν,
1257 4921 1324 4974 δι’
1370 4917 1436 4993 ἧς
1478 4924 1545 4977 τὰ
1593 4925 1759 4996 νοητὰ

163 5005 380 5077 βλέπει,
411 5005 512 5076 τὴν
538 5006 595 5058 δὲ
621 5007 813 5059 ἕνωσιν
841 5008 1240 5082 ὑπεραίρουσαν
1269 5014 1367 5083 τὴν
1398 5014 1490 5067 τοῦ
1530 5016 1620 5069 νοῦ
1655 5017 1757 5085 φύ-

164 5115 251 5152 σιν
288 5099 329 5163 ⁷,
367 5097 434 5151 δι’
474 5093 541 5169 ἧς
580 5099 905 5154 συνάπτεται
953 5102 1090 5172 πρὸς
1137 5103 1206 5156 τὰ
1244 5107 1498 5160 ἐπέκεινα
1543 5109 1755 5163 ἑαυτοῦ.

1865 3901 2037 3956 lucem
2067 3900 2562 3970 splendidissimam
2589 3900 2888 3969 Scriptura:
2923 3911 3123 3954 vocant
3147 3903 3448 3970 inaspecta-

1863 4000 2067 4053 liilem:
2106 4007 2160 4053 et
2197 3999 2286 4068 qui
2345 3998 2512 4052 multa
2570 3998 2788 4052 laudum
2833 3997 3066 4068 insignia
3123 3998 3447 4067 nominaque

1863 4092 2047 4155 habet,
2079 4092 2267 4145 dicunt
2305 4088 2626 4144 ineffabilem
2665 4101 2719 4145 et
2757 4089 3246 4155 innominabilem;
3283 4099 3447 4160 atque

1861 4200 1988 4238 eum
2019 4185 2109 4252 qui
2133 4183 2387 4236 omnibus
2420 4197 2661 4250 praesens
2700 4191 2783 4235 est
2819 4191 2873 4236 et
2905 4197 2969 4236 ex
3002 4184 3256 4236 omnibus
3297 4182 3446 4235 inve-

1863 4277 2034 4338 nitur,
2080 4283 2277 4328 vocant
2324 4275 2837 4344 incomprehensum
2885 4283 2940 4327 et
2987 4273 3440 4341 investigabilem.

1863 4367 1974 4420 Hoc
2005 4365 2168 4436 igitur
2201 4365 2360 4418 modo
2390 4366 2686 4418 etiamnum
2733 4364 2950 4418 divinus
2992 4366 3279 4435 Apostolus
3309 4367 3445 4419 stul-

1864 4459 2038 4512 titiam
2095 4457 2188 4512 Dei
2237 4457 2465 4512 laudare
2512 4457 2734 4520 dicitur,
2784 4457 2908 4509 dun:
2961 4456 3014 4510 id
3071 4457 3213 4524 quod
3268 4458 3322 4510 in
3379 4473 3444 4512 ea

1864 4549 2062 4604 rationi
2095 4547 2432 4603 contrarium
2465 4555 2519 4600 et
2558 4547 2854 4600 absurdum
2895 4545 3130 4612 videtur,
3163 4551 3230 4601 ad
3258 4548 3446 4600 inell'a-

1861 4642 2023 4697 bilem
2055 4641 2314 4710 omnique
2365 4640 2577 4693 ratione
2625 4639 2887 4708 potiorem
2933 4639 3216 4692 veritatem
3252 4639 3442 4693 refert.

1867 4733 2066 4790 Verum
2095 4733 2177 4804 (ut
2215 4732 2345 4786 alibi
2373 4731 2508 4800 dixi)
2541 4731 2586 4785 si
2631 4745 2780 4785 more
2823 4738 3013 4784 nostro
3043 4746 3104 4785 ea
3135 4748 3252 4800 qua:
3275 4747 3441 4802 supra

1861 4843 1962 4883 nos
2001 4837 2128 4881 sunt
2171 4824 2526 4892 accipiamus.
2567 4821 3036 4892 familiaribusque
3077 4824 3231 4878 nobis
3267 4827 3442 4880 sensi-

1860 4922 1962 4974 bus
1994 4919 2382 4980 inbazreamus,
2417 4925 2580 4983 atque
2624 4915 2806 4968 divina
2856 4931 2980 4968 cum
3034 4917 3197 4971 rebus
3241 4921 3441 4974 nostris

1861 5012 2230 5075 conferamus,
2265 5009 2524 5074 fallimur,
2561 5009 2604 5063 si
2636 5011 2932 5065 secundum
2970 5013 3018 5065 id
3064 5014 3207 5082 quod
3238 5015 3442 5071 deforis

1864 5114 2088 5175 apparet
2117 5103 2357 5157 divinum
2390 5099 2596 5156 Numen
2625 5111 2677 5157 et
2705 5118 2960 5158 arcanam
2999 5105 3142 5158 illam
3175 5109 3440 5163 rationem

161 5189 327 5244 Κατὰ
356 5189 561 5260 ταύτην
584 5186 675 5243 οὖν
703 5189 772 5243 τὰ
797 5191 914 5244 θεῖα
944 5194 1179 5264 νοητέον,
1203 5196 1262 5248 οὐ
1304 5197 1426 5250 καθ’
1447 5201 1614 5269 ἡμᾶς,
1639 5199 1753 5254 ἀλλ’

1864 5196 2027 5270 459
2080 5195 2404 5256 metiamur;
2458 5209 2580 5248 cum
2635 5195 2780 5250 scire
2836 5197 3158 5253 debeamus.
3207 5213 3440 5255 'uentem

164 5288 211 5304 σος

161 5288 321 5350 ὅλους
370 5289 593 5350 ἑαυτοὺς
640 5285 776 5340 ὅλων
839 5289 1049 5342 ἑαυτῶν
1112 5288 1494 5362 ἐξισταμένους
1556 5293 1598 5356 ⁸,
1659 5295 1753 5347 καὶ

263 5427 287 5465 Ιι
324 5425 341 5478 Ι
366 5424 490 5479 Cor.
521 5441 558 5489 ι,
582 5425 674 5480 25.

1860 5291 2078 5362 quidem
2115 5296 2354 5342 nostram
2391 5286 2594 5355 pollere
2627 5287 2676 5342 vi
2701 5289 3058 5361 intelligendi,
3086 5307 3192 5362 qua
3232 5309 3315 5348 res
3353 5295 3440 5348 in-

1448 5539 1679 5594 VARIA'}
1714 5537 2120 5596 LECTIONES.

235 5697 258 5727 ⁸
292 5697 468 5775 ἁληθῆ
503 5698 598 5775 καὶ
629 5696 900 5775 αἰώνἽ-Ξ.
924 5699 1001 5775 Ρ.-
1058 5700 1081 5775 ξ
1115 5697 1712 5775 πρὸς-τὺλβέϐαιονικαὶ
1748 5698 1992 5775 μρνιμον,
2031 5699 2090 5755 S.
2127 5699 2187 5755 P.
2269 5706 2288 5735 ⁸
2323 5703 2706 5775 ἐνιλλοὺμενοι,
2744 5702 2801 5756 Ρ.
2826 5705 2885 5758 D.

729 5770 750 5801 ⁸
783 5769 918 5825 ὅλων
946 5768 1224 5834 amans.
1251 5770 1306 5823 P.
1345 5768 1732 5841 ἐξισταμένων,
1771 5769 1826 5823 S.

167 5773 240 5824 LI.
275 5770 376 5840 τήν
407 5785 467 5821 τε
490 5809 506 5837 ,
544 5768 636 5825 Sc.

2967 5706 2984 5734 ⁷
3018 5703 3117 5774 τὴν
3160 5703 3213 5757 δὲ.
3250 5724 3432 5774 φυσιν,

1907 5787 1984 5824 δι’.
