3866 6232
387 277 489 333 867

1565 267 1625 324 S.
1661 263 1966 322 DIONYSII
1997 260 2470 320 AREOPAGszE

3584 260 3681 314 868

389 385 670 443 tellectiles
710 393 1054 446 contueatur,
1103 390 1285 437 tamen
1332 380 1495 436 istam
1545 382 1828 443 unionem,
1878 391 1984 446 qua

2108 374 2245 438 ῐλους
2275 374 2411 428 Θεοῦ
2457 371 2839 444 γιγνομένους·
2893 371 3140 443 κρεῖττον
3181 371 3290 443 γὰρ
3327 368 3476 426 εἶναι
3519 373 3686 431 Θεοῦ,

391 481 556 535 rebus
586 495 646 535 se
686 478 1065 548 superioribus
1103 473 1478 544 coniungitur,
1519 483 1772 526 naturam
1811 471 1983 541 ipsius

364 571 550 639 -longe
581 585 865 640 superare.
894 568 1205 624 Secundum
1245 567 1388 620 hanc
1420 567 1609 636 itaque
1647 563 1830 616 divina
1858 569 1987 616 sunt

393 663 762 735 intelligenda,
808 676 916 714 non
965 673 1114 714 more
1171 667 1380 721 nostro,
1438 657 1532 710 sed
1573 663 1844 724 quatenus
1884 667 1983 708 nos

393 757 492 822 ipsi
532 765 674 809 totos
711 770 739 807 a
778 755 938 807 nobis
992 754 1120 805 totis
1180 750 1520 812 abdicamus,
1560 757 1613 801 et
1665 749 1760 800 toti
1799 755 1983 799 trans-

393 849 534 903 imus
579 847 631 900 in
681 847 890 909 Deum;
943 843 1210 913 siquidem
1264 840 1423 911 longe
1473 847 1696 909 praestat
1743 851 1844 892 nos
1885 834 1983 889 Dei

392 958 514 997 esse
551 956 711 1010 quam
748 950 998 1002 nostros;
1032 938 1108 990 sic
1141 935 1288 989 enim
1324 935 1504 989 divina
1535 931 1695 986 nobis
1726 930 1840 984 dari
1883 943 1980 998 po-

393 1038 597 1095 terunt,
631 1032 675 1084 si
707 1045 828 1082 cum
863 1030 970 1082 Deo
1013 1027 1276 1082 fuerimus
1310 1025 1604 1091 conjuncti.
1635 1021 1782 1076 Hanc
1817 1021 1982 1091 igitur

395 1124 622 1176 rationis
651 1132 932 1191 expertem
965 1130 1018 1173 et
1048 1130 1324 1173 amentem
1349 1129 1511 1186 atque
1539 1116 1742 1170 fatuam
1765 1115 1983 1183 sapien-

392 1215 522 1268 tiam
577 1214 852 1282 superlate
902 1213 1211 1272 laudantes,
1262 1212 1532 1274 dicamus,
1567 1208 1747 1262 omnis
1787 1207 1986 1262 mentis

391 1314 448 1358 et
498 1305 760 1366 rationis,
815 1304 1105 1371 omnisque
1160 1301 1442 1370 sapientia:
1498 1308 1554 1354 et
1617 1297 1987 1368 intelligentia:

392 1414 616 1454 causam
670 1413 833 1462 esse;
893 1406 947 1451 et
1009 1397 1183 1466 ipsius
1220 1410 1340 1450 esse
1381 1408 1545 1447 omne
1591 1392 1904 1455 consilium,
1934 1399 1990 1443 et

2083 469 2180 522 xui
2212 467 2286 539 μὴ
2317 467 2526 520 ἑαυτῶν
2555 468 2576 499 ⁸
2595 483 2608 496 ·
2639 465 2783 518 οὓτω
2813 465 2923 538 γὰρ
2952 465 3107 518 ἔσται
3135 464 3204 518 τά
3239 465 3361 518 θεῖα
3407 465 3546 518 ama
3587 469 3691 528 cui;

2086 559 2224 631 μετά
2255 558 2390 612 Θεοῦ
2417 559 2722 629 γινομένοις
2747 560 2810 611 ¹⁰.
2845 557 3064 629 Ταύτην
3102 554 3195 611 οὖν
3233 557 3333 629 τὴν
3363 557 3574 626 ἄλογον
3608 560 3692 610 καὶ

2083 649 2245 702 ἄνουν
2275 650 2369 702 xui
2395 649 2587 720 μωρὰν
2627 649 2820 718 σοφίαν
2867 648 3210 719 ὑπεροχικῶς
3255 649 3591 720 ὑμνοῦντες,
3626 653 3695 703 εῖ-

2082 756 2298 811 πωμεν,
2334 741 2417 793 ὅτι
2452 739 2648 804 παντός
2689 743 2804 793 ἐστι
2849 739 2961 802 νοῦ,
3011 740 3105 793 καὶ
3146 739 3328 808 λόγου,
3376 743 3479 794 xui
3517 743 3693 810 πάσης

2083 831 2294 900 σοφίας,
2341 831 2436 884 xui
2490 829 2758 893 συνέσεως
2801 829 2981 882 αἰτία·
3028 831 3123 883 xui
3164 830 3335 900 αὐτῆς
3380 831 3504 882 ἐστι
3555 832 3696 883 πᾶσιι

2083 925 2268 996 βουλὴ,
2300 926 2394 978 καὶ
2423 924 2552 994 παρ’
2585 924 2754 995 αὐτῆς
2780 925 2928 976 πᾶσα
2960 924 3160 992 γνῶσις
3186 923 3281 976 καὶ
3314 921 3568 985 σύνεσις,
3611 929 3697 977 xui

2082 1027 2143 1078 ὲν
2178 1019 2319 1089 αὐτῇ
2353 1019 2552 1081 πάντες
2578 1019 2626 1069 οἱ
2661 1016 2922 1086 θησαυροὶ
2949 1015 3050 1085 τῆς
3082 1015 3275 1085 σοφίας
3301 1015 3401 1069 xui
3432 1015 3538 1084 τῆς
3571 1015 3698 1082 γνὼ-

2082 1112 2220 1176 σεὼς
2250 1113 2388 1164 εἰσιν
2412 1111 2738 1180 ἀπόκρυφοι.
2788 1111 2897 1162 Καὶ
2942 1108 3054 1179 γὰρ
3107 1108 3397 1179 ἑπομένως
3438 1110 3559 1170 τοῖς
3598 1107 3694 1176 ἤδη

2083 1205 2501 1276 προειρημένοις
2544 1204 2925 1276 ή’ὺπέρσοφος
2967 1203 3060 1257 καὶ
3099 1203 3374 1272 πάνσοφος
3414 1202 3571 1255 αἰτία
3611 1202 3698 1254 καὶ

2081 1298 2182 1368 τῆς
2216 1297 2542 1365 αύτοσοφίας
2583 1297 2677 1350 καὶ
2717 1296 2817 1366 τῆς
2861 1296 2991 1366 ὅλης
3037 1297 3131 1349 xui
3167 1296 3266 1368 τῆς
3297 1296 3429 1348 καθ’
3468 1296 3697 1349 ἓκαστὲν

2088 1392 2237 1443 ἐστιν
2266 1390 2582 1453 ύποστάτις.

393 1492 462 1545 ab
508 1507 574 1546 ea
626 1505 842 1545 omnem
899 1489 1188 1544 scientiam
1236 1497 1291 1541 et
1344 1485 1768 1556 intelligentiam
1823 1482 2122 1553 proficisci,
2161 1483 2299 1538 etin
2357 1497 2418 1536 ea
2473 1497 2667 1537 omnes
2727 1482 3014 1536 thesauros
3051 1479 3340 1550 sapientia:
3405 1488 3470 1534 et
3529 1478 3696 1533 scien-

394 1580 482 1634 tiae
536 1581 890 1636 absconditos
948 1594 1069 1633 esse
1121 1577 1165 1633 ι.
1219 1577 1434 1631 Etenim
1483 1575 1874 1631 convenienter
1920 1573 1988 1631 iis
2017 1588 2139 1642 qua:
2174 1583 2334 1626 antea
2373 1573 2516 1628 dicta
2549 1581 2700 1638 sunt,
2740 1587 2904 1628 causa
2967 1587 3296 1644 supraquam
3349 1571 3587 1640 sapiens
3646 1585 3695 1628 et

393 1673 574 1728 oninia
609 1674 810 1738 sciens,
837 1687 934 1742 per
986 1687 1045 1727 se
1091 1669 1373 1740 sapientia:
1409 1677 1463 1724 et
1498 1669 1666 1724 totius
1698 1666 1983 1738 sapientia!
2009 1665 2339 1720 universalis
2374 1674 2429 1720 et
2455 1665 2752 1738 singularis
2774 1663 3048 1721 effectrix.

1960 1825 1988 1899 §
2033 1823 2114 1885 ΙΙ.

470 1977 499 2048 ς
529 1977 590 2031 Il.
627 1975 705 2030 Ex
741 1991 802 2031 ea
840 1977 1188 2032 intellectiles
1221 1992 1282 2031 ac
1312 1975 1675 2046 intelligentes
1705 1970 1986 2042 angeliea—
2020 1977 2061 2031 Β

399 2087 518 2124 rum
553 2071 814 2124 mentium
858 2070 1090 2124 virtutes
1139 2069 1418 2139 simplices
1455 2083 1518 2121 ac
1554 2069 1743 2122 beatas
1788 2064 1991 2118 habent

399 2161 820 2231 intelligentias,
875 2161 1003 2213 dum
1067 2175 1174 2213 non
1225 2160 1468 2214 dividuis
1518 2167 1612 2211 aut
1657 2173 1687 2211 c
1732 2156 1990 2220 dividuis,

399 2251 484 2304 vel
534 2251 789 2304 sensibus
836 2249 921 2303 vel
971 2249 1184 2304 diffusis
1241 2249 1564 2312 rationibus,
1615 2245 1992 2301 ratiocinando

400 2345 638 2398 divinam
665 2343 923 2412 colligunt
947 2343 1252 2407 scientiam,
1289 2357 1387 2397 nec
1418 2342 1608 2395 iisdem
1629 2340 1993 2396 communiter

402 2439 704 2500 adhaerent,
739 2438 834 2491 sed
860 2439 928 2490 ab
951 2437 1097 2490 omni
1127 2437 1351 2491 materia
1379 2435 1798 2505 pluralitateque
1820 2449 1990 2505 purae,

402 2531 658 2598 spiritali,
711 2544 740 2581 a
796 2529 1023 2581 materia
1071 2538 1285 2582 secreto
1328 2539 1490 2596 atque
1536 2527 1792 2582 uniformi
1832 2528 1993 2580 modo

401 2636 467 2674 ca
504 2618 745 2686 capiunt,
785 2632 905 2683 quae
934 2615 988 2669 in
1016 2616 1214 2671 divinis
1245 2617 1469 2688 intelligi
1511 2626 1772 2687 possunt;
1802 2629 1993 2685 estque

406 2713 512 2766 illis
559 2712 640 2764 vis
684 2709 947 2780 spiritalis
1003 2723 1167 2781 atque
1215 2713 1464 2781 operatio
1515 2711 1887 2781 impermista,
1940 2720 1995 2765 et

407 2803 756 2859 immaculata
795 2803 1028 2871 puritate
1063 2803 1438 2874 resplendens,
1479 2811 1535 2857 et
1579 2803 1878 2872 conspicax
1908 2803 1992 2856 di-

404 2897 652 2950 vinarum
686 2893 1192 2964 intelligentiarum,
1232 2912 1352 2964 qua:
1395 2896 1682 2951 divisionis
1720 2910 1784 2950 ac
1815 2905 1993 2950 mate-

405 2989 501 3043 ria:
534 2989 803 3058 carentia,
841 3003 939 3042 nec
971 3004 1078 3042 non
1117 2987 1370 3042 deiformi
1400 2988 1610 3042 unitate
1654 2987 1720 3041 ad
1756 2988 1994 3040 divinam

404 3090 460 3133 ct
485 3081 768 3151 plusquam
813 3084 1112 3150 sapientem
1147 3088 1382 3133 mentem
1417 3095 1481 3135 ac
1511 3079 1803 3144 rationem,
1825 3095 1996 3148 quan-

409 3184 520 3226 tum
549 3174 664 3228 fieri
702 3183 900 3244 potest,
936 3190 1030 3244 per
1078 3173 1316 3226 divinam
1370 3172 1694 3237 sapientiam
1742 3171 1996 3226 cli'orma-

408 3276 517 3320 tur.
554 3267 690 3320 Ilinc
730 3267 900 3320 etiam
949 3267 1145 3320 animae
1193 3267 1555 3320 ratiocinandi
1587 3266 1693 3320 vim
1726 3267 1990 3334 obtinent,

407 3375 528 3426 qua:
557 3359 682 3412 dum
724 3375 820 3428 per
853 3359 1134 3429 digressus
1183 3359 1447 3427 quosdam
1489 3368 1543 3412 et
1581 3374 1678 3426 per
1735 3360 1996 3430 ambages

411 3467 591 3506 rerum
651 3452 982 3519 investigarit
1037 3451 1346 3516 veritatem,
1392 3462 1618 3522 propter
1667 3453 1896 3508 divisam
1943 3462 1999 3509 et

409 3543 724 3598 omnifidam
776 3543 1094 3596 varietatem
1155 3557 1258 3596 non
1313 3559 1504 3613 parum
1560 3547 1627 3600 ab
1673 3546 1842 3602 unitis
1892 3546 2001 3601 illis

412 3634 685 3688 mentibus
733 3634 1030 3699 deficiunt;
1093 3635 1187 3688 sed
1243 3634 1330 3688 ubi
1371 3638 1588 3690 denmm
1641 3653 1672 3694 e
1720 3639 1904 3694 multis
1944 3639 1999 3692 in

412 3745 578 3784 unum
628 3745 749 3786 sese
809 3731 1111 3800 colligunt,
1165 3733 1438 3800 angelicas
1488 3731 1689 3796 etiam,
1737 3740 1998 3800 quantum

413 3822 631 3889 quidem
670 3822 960 3876 animabus
1003 3823 1276 3892 congruit,
1319 3822 1702 3892 intelligentias
1731 3823 2000 3877 aemulan-

414 3922 522 3967 tur.
543 3913 683 3980 Quin
713 3925 768 3966 et
802 3928 996 3968 sensus
1030 3914 1176 3980 ipsos
1201 3914 1388 3984 siquis
1407 3915 1686 3984 sapientia:
1708 3916 2000 3984 quemdam

416 4006 633 4060 sibilum
674 4020 792 4060 esse
820 4007 1044 4072 dixerit,
1080 4021 1421 4076 nequaquam
1459 4023 1488 4060 a
1519 4022 1647 4063 vero
1680 4009 1999 4065 aberrabit:

417 4116 537 4152 nam
569 4107 625 4153 ct
657 4099 964 4153 daemonum
1001 4114 1217 4169 quoque
1254 4115 1425 4165 mens,
1454 4101 1504 4154 in
1549 4111 1811 4168 quantum
1851 4117 2002 4157 mens

415 4202 520 4256 est,
551 4208 615 4245 ex
652 4191 766 4260 ipsa
796 4201 907 4258 est;
933 4192 985 4246 in
1019 4202 1284 4262 quantum
1328 4208 1457 4248 vero
1502 4210 1689 4250 amens
1713 4205 1819 4264 est,
1859 4207 1916 4251 et
1950 4198 2003 4252 id

417 4285 560 4352 quod
600 4285 809 4354 appetit
841 4300 940 4338 nec
963 4285 1086 4347 scit,
1112 4299 1210 4340 nec
1235 4285 1349 4339 vult
1374 4287 1613 4356 assequi,
1640 4289 1823 4344 verius
1852 4305 1881 4344 a
1914 4307 2004 4345 sa-

418 4377 616 4442 pientia
637 4377 869 4431 defectio
891 4377 995 4431 dici
1014 4377 1191 4432 debet.
1220 4378 1326 4432 Sed
1351 4379 1516 4451 460
1538 4381 1797 4448 quoniam
1821 4382 2003 4436 divina

419 4468 686 4536 sapientia
739 4468 1023 4537 ipsiusmct
1065 4470 1381 4540 sapientiai,
1429 4482 1594 4541 atque
1625 4473 1802 4528 omnis
1837 4474 2002 4528 etiam

420 4561 640 4623 inclitis,
669 4562 895 4615 rationis
937 4577 1000 4615 ac
1033 4577 1228 4617 sensus
1264 4564 1611 4632 principium,
1643 4574 1698 4619 et
1737 4580 1924 4635 causa,
1952 4574 2008 4620 ct

2175 1971 2262 2038 Ἐξ
2307 1970 2477 2042 αὐτῆς
2530 1969 2584 2023 αἱ
2632 1969 2824 2041 νοηταὶ
2865 1969 2959 2022 xui
3004 1966 3189 2039 vospui
3227 1964 3339 2019 τῶν
3381 1964 3698 2034 ἀγγελικῶν

2093 2069 2230 2123 νοῶν
2254 2071 2512 2138 δυνάμεις
2556 2068 2657 2132 τὰς
2699 2066 2876 2130 ἁπλᾶς
2913 2066 3008 2118 xui.
3037 2064 3313 2135 μακαρίας
3356 2062 3552 2132 ἔχουσι
3583 2063 3698 2131 νοή-

2095 2182 2228 2228 σεις,
2279 2163 2378 2216 οὐκ
2425 2165 2483 2217 ὲν
2532 2160 2895 2233 μεριστοῖς,ἢ
2942 2158 3050 2212 ἀπὸ
3099 2156 3395 2229 μεριστῶν,
3424 2157 3462 2227 ἢ
3508 2156 3700 2224 αἰσθή-

2096 2273 2252 2321 σεων,
2308 2254 2342 2326 ἢ
2402 2255 2574 2324 λόγων
2618 2252 2924 2319 διεξοδικῶν
2953 2253 2992 2283 ¹¹
3026 2252 3354 2320 συνάγουσαι
3399 2250 3510 2319 τὴν
3550 2249 3700 2302 θείαν

2093 2346 2293 2415 γνῶσιν
2311 2381 2328 2409 ,
2355 2345 2474 2398 οὐδὲ
2503 2345 2608 2397 ύπὸ
2635 2361 2780 2408 τινος
2805 2341 2984 2396 κοινοῦ
3016 2341 3152 2413 πρὸς
3179 2339 3352 2394 ταῦτα
3386 2357 3698 2410 συμπεριε-

2095 2440 2341 2512 χόμεναι,
2401 2439 2602 2502 παντὸς
2659 2438 2716 2491 δὲ
2777 2435 2961 2490 ὑλικοῦ
3016 2436 3110 2488 xui
3157 2433 3397 2505 πλήθους
3444 2436 3492 2464 ¹¹
3536 2436 3703 2487 καθα-

2098 2533 2374 2606 ρεύουσαι,
2403 2531 2624 2603 νοερῶς,
2661 2530 2861 2593 ἀΰλως,
2902 2527 3147 2592 ἐνοειδῶς
3173 2528 3238 2591 ¹³,
3267 2527 3340 2580 τὰ
3377 2527 3555 2599 νοητὰ
3599 2527 3705 2580 τῶν

2097 2624 2256 2677 θείων
2280 2623 2486 2676 νοοῦσισ
2523 2623 2617 2675 xui
2655 2621 2798 2675 ἔστιν
2828 2621 3018 2682 αὑταῖς
3129 2617 3559 2689 νοερὼνδύναμις
3607 2618 3700 2670 xui

2095 2717 2366 2784 ἐνέργεια,
2396 2718 2462 2787 τῇ
2495 2715 2686 2785 ἀμιγεῖ
2726 2714 2820 2766 xui
2862 2713 3116 2782 ἀχράντῳ
3155 2709 3498 2780 καθαρότητι
3537 2727 3703 2778 κατη-

2095 2809 2418 2880 γλαῐσμένη,
2459 2808 2554 2861 xui
2597 2805 2891 2876 συνοπτικὴ
2931 2805 3039 2857 τῶν
3075 2803 3234 2857 θείων
3269 2803 3520 2874 νοήσεων
3564 2803 3703 2872 ἁμε-

2100 2901 2239 2973 ρείᾳ,
2298 2901 2391 2953 xui
2434 2899 2613 2971 ὰῦλίᾳ,
2660 2900 2755 2952 καὶ
2800 2896 2879 2968 τῷ
2924 2895 3174 2959 θεοειδῶς
3223 2895 3302 2947 ἑνὶ
3345 2896 3390 2924 ¹⁸
3419 2894 3565 2965 πρὸς
3614 2894 3702 2946 τὸν

2097 2996 2239 3048 θεῖον
2275 2996 2316 3024 ’⁵
2347 2993 2655 3064 ὑπέρσοφον
2694 2991 2789 3044 xui
2822 2989 2968 3055 νοῦν,
2999 2989 3093 3042 xui
3121 2987 3298 3056 λόγον,
3333 2986 3411 3050 ῶς
3453 2986 3701 3055 ἐφικτὸν,

2097 3086 2519 3157 ἀποτυπουμένη
2563 3084 2650 3138 διὰ
2697 3083 2794 3154 τὴν
2833 3082 2982 3136 θείαν
3021 3082 3232 3151 σοφίαν.
3269 3080 3385 3134 Καὶ
3427 3081 3610 3150 ψυχαὶ
3648 3079 3703 3129 th

2097 3179 2312 3250 λογικὸν
2343 3179 2524 3251 ἔχουσι
2569 3176 2878 3244 διεξοδικῶς
2923 3176 3020 3246 μὲν
3060 3175 3156 3227 καὶ
3201 3172 3389 3242 κύκλῳ
3426 3173 3564 3243 περὶ
3607 3174 3705 3243 τὴν

2097 3273 2206 3326 τῶν
2239 3272 2407 3324 ὄντων
2440 3269 2697 3340 ἀλήθειαν
2732 3266 3246 3339 περιπορευόμεναι,
3285 3265 3384 3318 xui.
3416 3264 3500 3334 τῷ
3551 3283 3704 3336 μερι-

2103 3364 2211 3435 στῷ
2234 3365 2327 3417 καὶ
2369 3362 2447 3433 τῷ
2477 3360 2802 3430 παντοδαπῷ
2829 3361 2873 3391 ¹⁶
2901 3360 2998 3431 τῆς
3027 3358 3298 3422 ποικιλίας
3330 3358 3706 3428 ἀπολειπόμε-

2100 3473 2188 3509 ναι
2221 3454 2330 3507 τῶν
2359 3453 2573 3506 ἑνιαίων
2604 3453 2738 3506 νοῶν
2767 3452 2808 3482 ”
2829 3469 2841 3480 '
2872 3454 2938 3522 τῇ
2963 3451 3018 3504 δὲ
3039 3450 3148 3502 τῶν
3181 3448 3394 3502 πολλῶν
3426 3450 3513 3512 εἰς
3553 3449 3614 3500 τὸ
3650 3449 3706 3500 ἐν

2103 3546 2384 3612 συνελίξει,
2416 3547 2510 3599 xui
2555 3545 2662 3598 τῶν
2694 3543 2995 3612 ίσαγγέλων
3025 3545 3284 3613 νοήσεων,
3313 3543 3400 3609 ἐφ’
3431 3541 3564 3593 ὅσον
3607 3540 3707 3608 ψυ-

2102 3642 2224 3711 χαῖς
2250 3642 2450 3692 οἰκεῖον
2482 3639 2575 3691 xui
2615 3638 2858 3708 ἐφικτὸν,
2903 3637 3243 3708 ἀξιούμεναι.
3282 3634 3446 3687 Ἀλλ-ὰ
3485 3636 3586 3687 καὶ
3607 3635 3704 3697 τὰς

2102 3737 2383 3808 αίσΟήσεις
2431 3733 2621 3796 αὑτὰς,
2673 3733 2773 3785 οὐκ
2807 3731 2871 3784 ἄν
2915 3748 2999 3794 τις
3035 3731 3270 3802 ἁμάρτοι
3322 3730 3562 3793 σκοποῦ,
3607 3731 3706 3798 τῆς

2106 3829 2297 3899 σοφίας
2335 3827 2606 3898 ἁπήχημα
2631 3827 2806 3896 φήσας
2825 3841 2838 3853 ·
2874 3823 3051 3876 καίτοι
3084 3824 3179 3876 xui.
3203 3824 3232 3874 ὁ
3252 3821 3537 3892 δαιμόνιος
3559 3821 3703 3883 vuig,

2105 3916 2139 3995 ᾖ
2166 3921 2289 3985 νοῦς
2317 3921 2380 3985 ’⁸,
2406 3919 2464 3984 ἐξ
2493 3917 2664 3987 αὐτῆς
2690 3919 2805 3969 ἐστι
2823 3932 2835 3944 ·
2862 3915 2984 3968 καθ’
3009 3917 3132 3968 ὅσον
3161 3913 3217 3966 δὲ
3244 3913 3372 3977 νοῦς
3395 3917 3552 3966 ἐστιν
3578 3913 3703 3983 ἠλο-

2104 4013 2585 4084 γημένος,τυχεῖν,
2611 4003 2671 4062 οὗ
2687 4009 2917 4078 ἐφίεται,
2953 4007 3026 4079 μὴ
3053 4005 3226 4069 εἰδὼς,
3269 4006 3412 4075 μήτε
3444 4005 3706 4075 βουλόμε-

2105 4124 2214 4172 νος,
2246 4105 2517 4159 ἔκπτωσιν
2548 4103 2736 4171 σοφίας
2765 4099 3098 4171 κυριώτερον
3141 4097 3302 4150 αὐτὸν
3335 4099 3698 4170 προσρητέον.

2119 4200 2257 4254 Ἀλλ’
2285 4201 2366 4252 ὅτι
2397 4198 2492 4268 μὲν
2522 4196 2712 4264 σοφίας
2743 4194 2910 4263 αὐτῆς
2953 4194 3046 4246 xui
3078 4192 3278 4262 πάσης,
3309 4191 3407 4243 καὶ
3438 4190 3538 4243 νοῦ
3581 4209 3704 4243 παν-

2105 4293 2217 4357 τὸς,
2250 4291 2553 4358 καὶλόγου,
2585 4289 2678 4342 xui
2729 4285 3033 4356 αἰσθήσεως
3085 4284 3326 4364 πάσηςέ)
3357 4282 3482 4336 θεία
3516 4285 3695 4352 σοφία,

2107 4383 2383 4456 καὶὰρχὴ,
2409 4382 2502 4435 xui
2528 4380 2697 4442 αἰτία,
2731 4379 2825 4432 καὶ
2848 4377 3143 4440 ὑποστάτις
3169 4379 3232 4440 ¹⁹,
3260 4377 3356 4429 καὶ
3393 4375 3699 4438 τελείωσις,

2107 4482 2201 4534 xui.
2243 4475 2474 4549 φρουρὰ,
2517 4475 2610 4528 xui
2662 4474 2856 4544 πέρας,
2910 4472 3152 4542 εἴρηται·
3210 4470 3327 4533 πῶς
3368 4469 3428 4522 δὲ
3473 4471 3642 4535 αὐτὸς
3678 4473 3704 4523 ὁ

2105 4569 2237 4633 Θεὸς
2287 4571 2315 4620 ὁ
2353 4566 2668 4638 ὑπέρσοφρς,
2693 4563 2879 4645 σοφία,
2925 4563 3018 4614 xui
3059 4561 3202 4626 νοῦς,
3247 4562 3342 4614 καὶ
3387 4561 3576 4631 λόγος,
3619 4563 3702 4615 xui

421 4653 782 4718 procreatrix,
819 4662 873 4706 ct
905 4652 1191 4722 perfectio,
1219 4667 1276 4710 et
1300 4657 1572 4723 custodia,
1599 4665 1654 4711 et
1690 4658 1995 4712 terminatio

2108 4647 2306 4730 γνῶσις
2338 4662 2384 4691 ²⁰
2417 4659 2696 4730 ύμνεῖται;
2727 4647 2848 4718 ea;
2887 4653 2996 4725 γὰρ
3022 4655 3205 4725 νοήσει
3232 4670 3284 4706 τι
3315 4653 3432 4707 τῶν
3472 4655 3699 4726 νοητῶν,

422 4742 564 4794 dicta
611 4754 728 4807 est;
789 4745 1062 4811 quomodo
1119 4761 1251 4816 ergo
1310 4749 1450 4802 Deus
1502 4748 1616 4817 ipse
1667 4764 2000 4819 supraquam

423 4839 638 4906 sapiens
668 4837 959 4904 sapientia,
993 4848 1048 4891 et
1090 4854 1265 4904 mens,
1302 4850 1355 4894 et
1404 4841 1653 4908 verbum,
1675 4852 1729 4898 et
1763 4846 2003 4912 cognitio

424 4929 788 4998 pra-dicatur?
819 4930 1090 4997 quomodo
1113 4931 1258 4984 enim
1299 4931 1563 5002 intelligat
1589 4934 1882 5003 quidquam
1917 4938 2001 4990 in-

397 5023 795 5088 .‘n-lluctilium,
838 5022 880 5075 si
925 5038 1029 5076 non
1071 5025 1269 5078 habeat
1308 5026 1605 5095 spiritalem
1650 5030 1872 5085 actum?
1920 5033 2004 5086 vel

572 5181 588 5220 ¹
622 5185 832 5239 Guloss.
860 5197 918 5249 η,
950 5183 1004 5237 5.

2106 4755 2206 4806 οὐκ
2233 4754 2370 4823 ἔχων
2408 4750 2599 4821 νοερὰς
2644 4747 2957 4818 ὲνεργείας;
2984 4746 3018 4816 ἢ
3049 4745 3163 4809 πῶς
3198 4745 3473 4814 γνώσεται
3512 4748 3588 4800 τὰ
3629 4749 3701 4800 αἱ·

2111 4846 2317 4918 σθητὰ,
2373 4846 2552 4915 πάσης
2605 4840 2911 4912 αἰσθήσεως
2977 4837 3452 4910 ὑπεριδρυμένος;
3509 4842 3699 4895 Καίτοι

2111 4939 2288 4992 πάντα
2315 4938 2473 4991 αὐτὸν
2503 4935 2698 4990 εἰδέναι
2746 4933 2880 5004 φησὶ
2922 4929 2991 4984 τὰ
3032 4931 3221 4999 Λόγια,
3258 4933 3353 4985 καὶ
3402 4933 3566 4986 οὐδὲν
3598 4934 3699 4986 δια-

2114 5033 2334 5101 φεύγειν
2351 5030 2448 5102 τὴν
2470 5028 2620 5083 θείαν
2641 5028 2841 5097 γνῶσιν
2859 5043 2870 5055 ·
2901 5022 3058 5088 ἀλλὰ,
3093 5024 3230 5092 ὅπερ
3257 5023 3395 5096 ἔφην
3422 5025 3696 5089 πολλάκις,

1714 5339 1951 5398 VARle
1986 5339 2388 5399 LECTIONES.

500 5483 520 5511 θ
555 5481 648 5552 xui
690 5481 826 5552 μέλη
862 5479 1061 5542 αὐτῶν,
1097 5480 1170 5534 Μ.
1211 5479 1300 5552 Sf.
1381 5481 1426 5552 ξο
1459 5481 1795 5552 γενομένοις,
1831 5479 1896 5536 Ρ.
1916 5481 1973 5534 S.

433 5625 475 5694 "3
511 5623 605 5694 xui
645 5623 754 5694 τῶν
809 5623 1080 5694 μεριστῶν
1139 5624 1232 5675 xui
1278 5623 1658 5690 παντοδαπῶν,
1715 5622 1857 5679 SJ’.

433 5693 478 5724 ⁸⁸
512 5693 604 5744 καὶ
635 5691 901 5760 γνώστης,
939 5691 1074 5747 S.P.
1101 5694 1191 5749 Sc.
1213 5694 1327 5749 Sar.

2054 5481 2095 5512 ¹¹
2123 5479 2455 5545 διεξοδικῶς,
2491 5477 2552 5531 Ρ.

432 5553 521 5605 Sr.
562 5551 654 5604 xui
686 5549 863 5615 ἆΰλως
885 5594 899 5617 ,
935 5553 1030 5605 xui.
1062 5549 1340 5616 ένοειδῶς,
1377 5551 1437 5605 P.
1473 5549 1568 5604 xui.
1594 5549 1842 5622 ’νοητῶς,
1877 5552 2054 5615 άΰλως
2075 5592 2089 5614 ,
2127 5551 2185 5605 S.
2291 5551 2336 5584 ”

433 5625 475 5654 ¹“
511 5623 605 5674 καὶ
645 5623 754 5676 τῶν
810 5623 1080 5678 μεριστῶν
1139 5624 1232 5675 xui
1278 5623 1658 5678 παντοδαπῶν.
1715 5622 1857 5678 SJ’.
1940 5626 1979 5655 ¹⁷
2016 5622 2251 5678 ἐννοιῶν,
2310 5621 2348 5676 S

2238 5663 2367 5688 ,ψ

2633 5479 2675 5508 ¹²
2709 5479 2934 5543 πάθους.
2970 5478 3015 5510 ’⁸
3048 5479 3191 5532 καθα
3231 5480 3326 5544 ῶς,
3371 5482 3560 5544 άΰλως
3581 5522 3593 5542 ,
3627 5480 3689 5535 5|.

2633 5549 2684 5602 P.
2724 5550 2847 5602 Sar.
2898 5551 2940 5581 ”‘
2976 5552 3112 5602 πρὸς
3160 5498 3228 5602 τε
3253 5553 3443 5602 νοερόν
3468 5594 3482 5602 .
3523 5552 3688 5602 M.Sc.

2291 5551 2342 5628 ίξ
2383 5549 2590 5628 ἑνιαίιρ,
2628 5549 2693 5628 P._
2724 5550 2847 5628 Sa_r_.
2898 5551 2950 5628 ίξ
2976 5552 3134 5628 πρὸς-
3160 5549 3220 5628 τὸ
3253 5553 3443 5628 νοερόν
3468 5594 3482 5615 ,

2452 5622 2494 5652 ’⁸
2528 5623 2576 5674 εί
2607 5619 2750 5686 νοῦς,
2789 5619 2859 5674 Μ.
2917 5619 3031 5678 St‘f
3095 5623 3138 5654 ¹⁹
3171 5619 3495 5688 ὑπόστασις,
3534 5624 3583 5677 5.
3607 5622 3687 5675 Sc.
