3866 6232
89 287 211 346 869
1181 291 1269 346 DE
1301 293 1558 351 DIVINIS
1589 292 1992 364 NOMINIBUS,
2025 294 2177 354 CAP.
2214 296 2329 354 VII.
3306 302 3412 363 870

88 405 169 457 τὰ
202 403 329 457 θεῖα
352 403 672 477 Θεοπρεπῶς
708 408 948 479 νοητέον.
981 409 1054 463 Τὸ
1097 410 1205 482 γὰρ
1247 411 1407 466 ἄνουν
1435 414 1530 465 καὶ
1563 411 1688 465 ἀναί

1818 417 2092 484 quomodo
2135 418 2398 487 percipiat
2447 416 2692 482 sensilia,
2723 418 2769 472 si
2818 433 2981 489 supra
3026 435 3248 478 sensum
3290 441 3412 480 om-

89 495 313 566 σοητον
344 498 464 550 καθ’
508 499 804 571 ὑπεροχὴν,
838 503 898 554 οὐ
931 504 1051 555 κατ’
1093 502 1330 574 ἔλλειψιν
1370 507 1463 559 ἐπὶ
1502 504 1638 557 Θεοῦ
1668 507 1689 538 ¹

1827 522 1951 562 nem
1991 508 2061 562 sit
2093 508 2427 564 collocatus?
2481 509 2632 578 atqui
2682 508 2909 578 Eloquia
2966 512 3190 566 tradunt
3235 513 3406 568 Deum

84 589 375 643 τακτέον’
407 589 598 664 ὥσπερ
632 595 728 646 καὶ
769 595 830 647 τὸ
869 595 1066 665 ἄλογον
1099 598 1426 670 ἀνατίθεμεν
1453 598 1530 669 τῷ
1577 600 1681 653 ὐπὲ

1821 601 2002 655 omnia
2048 616 2235 667 nosse,
2285 603 2530 671 nihilque
2572 603 2810 657 divinam
2858 603 3099 674 effugere
3141 607 3378 674 cognitio
3453 655 3456 658 .

74 682 286 750 θιὸγον,
321 684 415 736 κα)⁴
442 684 542 756 τὴν
583 685 833 741 ἀτέλειαν
878 689 958 760 τῷ
1008 690 1367 762 amp—.5151”
1395 693 1491 746 καὶ
1523 711 1689 765 προτε

1820 707 1975 759 nem;
2022 708 2247 761 verum,
2293 704 2352 749 ut
2395 709 2768 764 saepenumero
2819 696 2968 760 dixi,
3015 697 3196 751 divina
3251 708 3411 767 prout

61 773 270 846 ’λείῳο
305 774 403 829 καὶ
448 776 540 830 τὸν
586 778 768 852 ἀναφῆ
807 781 902 834 καὶ
947 781 1176 854 ἀόρατον
1212 783 1411 854 γνὸφον
1453 784 1532 856 τῷ
1580 805 1689 855 φωτ

1819 783 1931 840 Deo
1969 795 2288 855 competunt
2336 786 2649 856 accipienda
2697 795 2846 841 sunt.
2889 787 3024 842 Nam
3070 791 3305 844 amentia
3355 803 3412 845 et

54 863 174 943 ζτῷ
222 865 529 938 ἀπροσίτῳ,
580 868 704 921 καθ’
754 869 1028 943 ὑπεροχὴν
1068 873 1163 927 τοῦ
1206 875 1405 945 ὁρατοῦ
1438 877 1487 908 ’³
1517 879 1689 947 φωτός

1818 876 2178 946 insensilitas,
2216 894 2316 948 per
2352 895 2664 946 excessum,
2703 897 2806 935 non
2851 897 2946 950 pcr
2992 881 3262 936 defectum
3300 869 3410 938 Deo

1823 970 2171 1036 tribuuntur;
2207 971 2348 1025 sicut
2390 972 2553 1026 etiam
2598 973 2828 1028 rationis
2870 974 3171 1027 carentiam
3218 975 3266 1029 ei
3315 975 3408 1044 qui

54 941 66 978 λ’
85 958 272 1010 ’Ὠστε
304 960 334 1011 6
363 957 505 1022 Θείος
533 960 659 1024 νοῦς
688 963 867 1016 πάντα
911 941 1125 1037 συνέχει
1163 941 1480 1038 ’τῇ-πάντων
1513 941 1715 1042 ἐξῃρη-

89 1046 246 1119 μένῃ
278 1048 501 1117 γνώσει,
543 1052 685 1106 κατὰ
732 1054 833 1126 τὴν
863 1057 1082 1111 πάντων
1113 1059 1292 1112 αἰτίαν
1320 1062 1376 1114 ὲν
1414 1061 1592 1133 ἑαυτῷ

1816 1079 1979 1134 supra
2015 1065 2282 1118 rationem
2318 1073 2404 1118 est
2434 1064 2805 1126 attribuimus,
2847 1075 2902 1118 ct
2942 1065 3407 1134 imperfectionem

84 1139 327 1230 πάντων
348 1140 554 1213 εἴδησιν
595 1145 972 1218 προειληφὼς,
1013 1150 1145 1222 πρὶν
1174 1151 1436 1220 ἀγγέλους
1465 1153 1689 1222 γενέσθα

1815 1173 2146 1228 supraquam
2179 1157 2426 1227 perfecto
2462 1174 2525 1212 ac
2566 1158 2964 1228 praeperfecto;
3006 1170 3061 1214 et
3089 1160 3406 1230 caliginem,

90 1228 271 1294 εἰδὼς
323 1233 418 1285 καὶ
463 1236 729 1306 παράγων
768 1238 1053 1307 ἀγγέλους,
1105 1242 1200 1294 καὶ
1250 1241 1426 1295 πάντα
1463 1242 1532 1295 τὰ
1581 1243 1689 1298 ἀλλ(

1815 1263 1934 1317 qua:
1967 1255 2165 1302 tactum
2204 1249 2488 1318 visumque
2511 1247 2704 1319 fugiat,
2730 1249 2837 1303 luci
2876 1251 3170 1304 inaccessa:
3195 1267 3410 1305 accom-

87 1321 321 1412 ἔνδοθεν
369 1325 464 1378 καὶ
515 1326 612 1379 ἀπ’
653 1328 844 1399 αὐτῆς,
889 1329 956 1382 ἶν’
993 1329 1168 1395 οὕτως
1213 1331 1374 1395 εἴπω,
1400 1334 1501 1404 τῆς
1538 1334 1689 1406 ἀρχῆι

1823 1341 2128 1404 modamus,
2165 1341 2463 1396 secundum
2498 1343 2641 1411 quod
2672 1343 2894 1397 excellit
2925 1344 3098 1397 lucem
3131 1345 3406 1412 Spectabi-

1797 1433 1940 1500 ,lem.
1967 1431 2156 1503 Itaque
2182 1449 2336 1488 meus
2361 1433 2542 1488 divina
2570 1435 2984 1504 comprehendit
3014 1435 3195 1489 omnia
3219 1435 3408 1504 cogni-

89 1410 286 1476 εἰδὼς,
315 1415 408 1467 καὶ
427 1416 508 1479 εἰς
551 1416 740 1471 οὐσίαν
767 1418 915 1488 ἄγων
934 1435 948 1448 ’
984 1421 1076 1473 καὶ
1114 1421 1272 1475 τοῦτο
1298 1418 1448 1493 οἶμαι
1480 1426 1713 1496 παραδι-

87 1503 253 1558 δόναι
288 1506 350 1559 τὸ
377 1507 593 1576 Λόγιον,
623 1510 825 1564 ὁπόταν
879 1512 1066 1583 φησὶν,
1110 1513 1168 1567 '0
1214 1514 1369 1580 εἰδὼς
1421 1515 1489 1570 τὰ
1533 1517 1689 1573 πάντ(

1814 1527 1960 1582 tione
1997 1529 2234 1596 quadam
2263 1525 2559 1591 eminenti,
2596 1542 2704 1596 qua
2759 1529 3058 1581 secundum
3116 1527 3406 1596 ipsammet

1809 1619 2052 1672 omnium
2097 1633 2318 1674 causam
2348 1617 2402 1672 in
2430 1634 2490 1674 se
2513 1620 2754 1674 omnium
2795 1620 3164 1690 cognitionem
3209 1620 3405 1674 antici—

90 1596 236 1666 πρὶν
265 1597 538 1664 γενέσεως
564 1599 770 1654 αὐτῶν.
800 1602 874 1656 Οὐ
904 1602 1014 1674 γὰρ
1043 1605 1108 1657 ὲκ
1137 1603 1244 1658 τῶν
1278 1604 1447 1658 ὄντων
1473 1605 1541 1659 τὰ
1581 1606 1710 1660 ὄντα

1810 1720 1921 1781 pat,
1954 1713 2275 1782 priusquam
2318 1712 2495 1782 angeli
2544 1711 2738 1765 ﬁerent
2778 1726 3114 1781 cognoscens
3158 1713 3404 1786 angelos,

93 1684 419 1754 μανθάνων,
448 1682 587 1741 οἶδεν
624 1690 654 1742 6
684 1689 827 1754 θεῖος
851 1691 999 1756 νοῦς,
1025 1692 1140 1745 ἀλλ’
1182 1693 1243 1759 ἐξ
1285 1693 1472 1759 αὐτοῦ,
1503 1696 1599 1749 καὶ
1648 1699 1708 1749 ἐν

91 1777 282 1848 αὐτῷ,
319 1778 440 1831 κατ’
477 1780 657 1835 αἰτίαν
684 1781 784 1854 τὴν
829 1784 1046 1838 πάντων
1076 1783 1302 1857 εἴδησιν,
1351 1788 1446 1841 καὶ
1481 1788 1682 1857 γνῶσιν

1812 1820 2017 1875 eosque
2067 1821 2290 1875 creaus,
2324 1815 2632 1875 cacteraque
2677 1806 2858 1858 omnia
2889 1805 3038 1859 intus
3075 1813 3131 1858 et
3167 1804 3235 1858 ab
3266 1804 3404 1874 ipso.

89 1868 197 1920 καὶ
231 1868 426 1921 οὐσίαν
465 1871 687 1942 προέχει
740 1873 836 1928 καὶ
871 1868 1324 1948 προσυνείληφεν,
1363 1879 1424 1932 οὐ
1469 1881 1591 1934 κατ’
1630 1922 1635 1926 .
1666 1884 1689 1935 ἰ·

1814 1909 1872 1952 ut
1909 1899 1980 1952 ita
2015 1899 2213 1964 dicam,
2264 1898 2488 1952 exordio
2541 1912 2797 1962 noscens,
2826 1907 2881 1952 et
2922 1897 2973 1950 iu
3024 1913 3205 1952 rerum
3248 1909 3406 1951 uatu-

87 1958 228 2011 δέαν
257 1960 513 2024 ἑκάστοις
551 1963 878 2030 ἐπιϐάλλων,
920 1965 1056 2020 ἀλλά
1085 1969 1231 2022 κατὰ
1263 1969 1392 2040 μίαν
1409 1971 1509 2041 τῆς
1531 1972 1689 2026 αἰτίαι

1815 2005 1930 2044 ram
1964 1990 2282 2059 proferens;
2321 1991 2485 2058 idque
2537 1991 2778 2043 arbitror
2825 1987 3166 2058 Scripturam
3197 1987 3406 2058 signiti-

89 2051 374 2123 περιοχὴν
419 2052 490 2106 τὰ
529 2055 706 2109 πάντα
749 2058 903 2122 εἰδὼς
938 2061 1033 2113 καὶ
1083 2061 1352 2132 συνέχων·
1396 2063 1584 2136 ὥσπερ
1616 2083 1689 2120 κα

1811 2098 1960 2148 care,
1990 2099 2112 2138 cum
2149 2083 2259 2136 ait:
2294 2082 2395 2148 Qui
2427 2082 2579 2135 novit
2614 2081 2794 2135 omnia
2819 2081 3140 2148 priusquam
3184 2080 3401 2132 liantm.

82 2145 154 2198 τὸ
191 2143 315 2212 φῶς
349 2146 472 2199 κατ’
493 2147 673 2200 αἰτίαν
699 2150 757 2202 ἐν
781 2151 961 2222 ἑαυτῷ
982 2151 1080 2223 τὴν
1110 2153 1315 2225 εἴδησιν
1345 2154 1441 2208 τοῦ
1485 2157 1689 2219 σκότους

1811 2173 1929 2227 Νοιι
1955 2175 2100 2226 enim
2133 2188 2199 2226 ex
2239 2174 2401 2228 rebus
2431 2173 2563 2243 ipsis
2594 2187 2684 2228 res
2726 2172 2966 2234 discens,
3000 2171 3153 2224 novit
3181 2185 3276 2224 eas
3317 2170 3402 2223 di-

89 2233 436 2334 zpoe'ﬂ'qtp-sv
460 2237 528 2303 ³⁵,
552 2238 654 2334 οὐκ
683 2238 904 2296 ἄλλοθεν
933 2243 1086 2308 εἰδὼς
1108 2245 1170 2298 τὸ
1204 2247 1394 2311 σκότος
1424 2248 1456 2320 ἢ
1483 2251 1590 2302 ἀπὸ
1614 2248 1689 2302 toi

1811 2269 1938 2319 vina
1964 2280 2137 2328 mens,
2179 2266 2272 2334 sed
2324 2281 2390 2319 ex
2429 2265 2606 2334 scipsa
2657 2273 2711 2319 et
2760 2264 2812 2317 in
2861 2265 3061 2332 seipsa,
3105 2263 3400 2317 secundum

91 2321 307 2388 φωτός.
344 2324 572 2397 Ἐαυτὴν
595 2320 686 2380 οὗν
713 2329 747 2399 ἠ
780 2329 901 2384 θεία
952 2332 1112 2402 σοφία
1151 2334 1513 2404 γινώσκουσα,
1566 2338 1689 2408 γνὼ-

1811 2372 2030 2412 causam
2071 2358 2314 2411 omnium
2355 2357 2660 2422 scientiam,
2697 2367 2753 2410 et
2796 2355 3097 2420 notionem,
3134 2365 3187 2408 et
3213 2369 3403 2409 essen-

91 2429 259 2466 σεται
297 2416 341 2446 "
369 2416 567 2482 πάντα,
608 2419 788 2486 ἀῦλως
825 2422 895 2476 τὰ
936 2423 1119 2491 ὑλικά,
1154 2428 1248 2480 καί¹
1292 2429 1602 2500 ἀμερίστως
1639 2431 1689 2485 τέ

1810 2451 1944 2504 tiam
1971 2451 2268 2520 praehabet,
2312 2459 2367 2504 et
2407 2459 2534 2504 ante
2560 2449 2998 2519 comprehendit,
3026 2463 3130 2501 non
3171 2447 3403 2517 singulis

91 2510 366 2611 μεριστὰ,
394 2514 489 2567 καὶ
515 2515 583 2569 τά
610 2517 780 2571 πολλὰ
804 2520 1042 2587 ἐνιαίως,
1062 2522 1211 2594 αὐτῷ
1232 2523 1311 2594 τῷ
1333 2525 1413 2577 ἑνὶ
1433 2525 1502 2579 τὰ
1530 2528 1689 2580 πάντα

1810 2542 2107 2597 secundum
2135 2541 2397 2611 cujusque
2442 2542 2678 2610 speciem
2731 2540 3040 2608 intendens,
3078 2540 3170 2594 sed
3201 2555 3400 2593 secun-

89 2603 197 2654 καὶ
237 2602 586 2672 γινώσκουσα
629 2609 724 2663 καὶ
767 2613 1093 2684 παράγουσα
1112 2632 1125 2645 ·
1179 2617 1275 2670 καὶ
1323 2617 1433 2689 γὰρ
1473 2621 1521 2672 εἰ
1567 2622 1707 2673 κατά

94 2693 238 2764 μίαν
271 2695 450 2750 αἰτίαν
485 2698 514 2750 ὁ
553 2698 686 2765 Θεὸς
716 2703 851 2756 πᾶσι
884 2707 997 2769 τοῖς
1037 2701 1157 2760 οὖσι
1186 2707 1280 2760 τοῦ
1319 2704 1458 2762 εἶναι
1492 2712 1707 2780 μεταδί-

88 2786 258 2851 δωσι,
293 2788 436 2842 κατὰ
475 2790 576 2862 τὴν
624 2793 798 2865 αὐτὴν
851 2796 1038 2868 ἑνικὴν
1075 2799 1254 2854 αἰτίαν
1280 2801 1484 2855 οἴσεται
1529 2803 1708 2858 πάντα

89 2879 174 2942 ὡς
200 2879 264 2946 ἐξ
291 2881 485 2936 ἑαυτοῦ
511 2883 660 2950 ὄντα,
695 2887 790 2940 καὶ
817 2889 876 2941 ἐν
914 2889 1092 2961 ἐαυτῷ
1125 2893 1171 2924 ²⁶
1225 2897 1697 2966 προῦφεστηκότα,

92 2971 200 3024 καὶ
233 2972 340 3026 οῦκ
386 2975 450 3027 ὲκ
499 2975 608 3029 τῶν
647 2976 819 3033 ὄντων
851 2979 1077 3052 λήψεται
1119 2983 1220 3056 τὴν
1265 2984 1444 3038 αὐτῶν
1480 2985 1689 3055 γνῶσιν.

1810 3015 2066 3067 noscens,
2118 3002 2255 3056 sciet
2294 3001 2511 3066 omnia;
2548 3001 2854 3054 matcrialia
2899 3001 3018 3055 siue
3057 3003 3306 3067 materia,
3348 3011 3402 3054 et

93 3061 244 3116 ἀλλά
275 3065 373 3118 καὶ
397 3067 578 3132 αὐτοῖς
605 3069 858 3136 ἑκάστοις
891 3073 1000 3127 τῶν
1024 3075 1224 3140 αὐτῶν,
1262 3077 1356 3130 καὶ
1394 3077 1573 3143 ἄλλοις
1605 3079 1689 3150 τῆς

1812 3091 2040 3145 indivise
2073 3090 2391 3156 divisibilia,
2417 3101 2471 3144 et
2501 3091 2659 3144 unice
2699 3090 2888 3152 multa,
2933 3090 3048 3158 ipso
3084 3105 3189 3144 uno
3215 3091 3400 3145 omnia

91 3156 741 3254 ébmv‘yvmaswgisctat
764 3167 1019 3238 χορηγός.
1048 3169 1162 3223 Οὐκ
1193 3168 1302 3240 ἄρα
1354 3172 1383 3224 6
1414 3171 1546 3235 Θεὸς
1577 3173 1689 3228 ἰδίατ

1815 3193 1870 3237 et
1914 3199 2252 3253 cognoscens
2312 3194 2366 3239 et
2415 3185 2757 3254 producens;
2819 3199 2942 3235 nam
2997 3183 3040 3236 si
3098 3184 3399 3238 secundum

93 3247 216 3318 ἔχει
245 3249 350 3343 τὴν
401 3251 597 3306 ἑαυτοῦ
643 3257 866 3325 γνῶσιν,
916 3259 1111 3332 ἑτέραν
1154 3261 1213 3314 δὲ
1251 3263 1351 3333 τὴν
1397 3269 1550 3338 κοινῇ
1569 3268 1615 3299 ’⁷
1637 3268 1689 3322 τέ

1815 3294 1976 3333 unam
2000 3291 2223 3332 causam
2265 3277 2404 3330 Deus
2459 3277 2712 3330 omnibus
2754 3291 2873 3330 esse
2909 3275 3172 3343 impertit,
3199 3290 3396 3330 secun-

93 3341 233 3394 ὂντα
258 3342 444 3396 πάντα
471 3345 949 3418 συλλαμϐάνουσαν
967 3368 981 3382 ⁸
1011 3353 1146 3425 αὐτὴ
1167 3354 1277 3426 γὰρ
1299 3357 1494 3430 ἑαυτὴν
1517 3360 1550 3430 ἡ
1573 3360 1689 3414 πάν-

1813 3372 1939 3426 dum
1965 3369 2214 3424 eamdem
2244 3369 2459 3423 unicam
2490 3385 2709 3422 causam
2747 3371 2882 3423 sciet
2912 3369 3093 3422 omnia
3139 3377 3397 3440 tanquam

94 3449 213 3486 των
255 3435 409 3489 αἰτία
442 3437 807 3506 γινώσκουσα,
841 3444 1002 3516 σχολῇ
1029 3463 1133 3499 που
1167 3449 1235 3502 τὰ
1265 3450 1360 3502 ἀπ’
1389 3451 1581 3522 αὐτῆς,
1611 3455 1689 3506 κα¹

1811 3478 1880 3518 ex
1907 3477 1966 3517 se
1989 3462 2330 3527 exsistentia,
2353 3471 2406 3516 ct
2430 3461 2480 3514 in
2505 3461 2684 3528 seipse
2712 3471 2839 3515 ante
2865 3461 3317 3530 praeexsistcntia,
3343 3469 3400 3513 et

95 3519 180 3577 ὧν
220 3528 371 3581 ἐστιν
407 3530 576 3596 αἰτία,
615 3533 892 3606 ἀγνοήσει.
929 3537 1112 3609 Ταύτῃ
1153 3540 1284 3608 γοῦν
1314 3543 1360 3574 ³⁸
1390 3544 1420 3595 6
1466 3519 1598 3608 Θεὸς
1634 3545 1689 3598 τὸ

1812 3568 1922 3606 non
1951 3567 2016 3606 ex
2045 3553 2209 3606 rebus
2241 3566 2424 3604 rerum
2455 3551 2688 3620 accipiet
2732 3551 3029 3616 notionem,
3059 3552 3152 3604 sed
3182 3561 3236 3605 et
3265 3551 3397 3620 ipsis

93 3619 234 3673 ὄντα
260 3621 542 3713 γινώσκει,
582 3627 644 3679 οὐ
674 3631 740 3700 τῇ
776 3631 1057 3706 ἐπιστήμῃ
1086 3633 1195 3687 τῶν
1229 3633 1416 3701 ὄντων,
1451 3637 1587 3692 ἀλλά
1635 3643 1689 3712 τῇ

1813 3641 2046 3712 singulis
2088 3642 2327 3710 ipsarqu
2367 3641 2593 3710 aliisque
2633 3640 2861 3692 aliarum
2909 3641 3157 3694 notitiam
3196 3640 3395 3707 largie-

94 3712 338 3765 ἑαυτοῦ*
381 3716 475 3768 καὶ
514 3716 624 3788 γὰρ
658 3720 753 3773 καὶ
787 3722 913 3785 τοὺς
946 3723 1208 3792 ἀγγέλους
1236 3727 1432 3781 εἰδέναι
1470 3729 1604 3800 φησὶ
1637 3731 1689 3784 τὲ

1817 3743 1926 3789 tur.
1973 3731 2088 3787 Non
2133 3733 2298 3787 habet
2335 3733 2519 3802 itaque
2555 3733 2694 3786 Deus
2736 3731 3066 3800 peculiarem
3109 3733 3395 3786 scientiam

94 3804 278 3895 Λάγια
318 3805 388 3860 τὰ
424 3809 516 3861 ἐπὶ
540 3811 640 3882 τῆς
682 3811 806 3883 γῆς,
852 3813 912 3868 οῦ
958 3819 1082 3870 κατ’
1115 3818 1395 3890 αἰσθήσεις
1419 3817 1423 3822 ’
1447 3822 1586 3875 αὐτὰ
1624 3840 1689 3892 γι-

1816 3827 1923 3891 sui,
1951 3826 2110 3879 aliam
2136 3841 2266 3880 vero
2288 3840 2630 3880 communem
2680 3841 2768 3879 res
2809 3840 2998 3879 omnes
3031 3825 3398 3895 complecten-

95 3893 434 3962 νώσκοντας,
470 3899 707 3971 αἰσθητά
741 3919 807 3972 γε
837 3903 984 3970 ὄντα,
1017 3903 1138 3960 κατ’
1169 3909 1375 3964 οἰκείαν
1401 3910 1458 3964 δὲ
1479 3909 1574 3964 τοῦ
1595 3912 1689 3966 θεο

1817 3929 1946 3985 tem;
1983 3921 2097 3988 ipsa
2128 3918 2271 3972 enim
2296 3921 2538 3973 omnium
2576 3934 2738 3972 causa
2773 3919 3007 3988 seipsam
3040 3933 3392 3988 cognoscens,

93 3985 281 4052 ειδοῦς
302 3988 394 4042 νοῦ
415 3989 644 4062 δύναμιν
667 3994 763 4047 καὶ
787 3995 967 4064 φύσιν.

1811 4007 1959 4060 nullo
1984 4005 2144 4078 461
2175 4008 2333 4062 modo
2361 4023 2424 4060 ea
2459 4024 2577 4076 qua:
2613 4010 2681 4062 ab
2712 4011 2850 4078 ipsa,
2889 4018 2943 4063 et
2972 4023 3203 4078 quorum
3234 4023 3396 4064 causa

1809 2726 2130 2791 continens;
2160 2725 2302 2780 sicut
2331 2735 2386 2779 et
2414 2724 2504 2778 lux
2555 2727 2854 2778 secundum
2884 2739 3106 2777 causam
3153 2728 3403 2778 tenebra-

1811 2835 1928 2873 rum
1957 2820 2228 2873 notionem
2257 2818 2540 2886 anticipat,
2575 2833 2681 2871 non
2718 2817 2938 2871 aliunde
2973 2832 3137 2886 quam
3180 2832 3246 2870 ex
3277 2817 3398 2871 luce

1812 2912 2066 2966 tenebras
2097 2925 2350 2965 noscens.
2391 2909 2639 2978 Seipsam
2687 2909 2854 2977 igitur
2901 2910 3081 2963 divina
3131 2909 3399 2977 sapientia

92 4111 208 4169 est,
236 4103 534 4200 ignorabit.
569 4108 681 4166 Hac
709 4113 872 4184 igitur
908 4117 1050 4173 Deus
1098 4135 1184 4176 res
1241 4138 1602 4194 c0guoscens,
1632 4143 1736 4181 non
1777 4127 2006 4182 scientia
2060 4143 2264 4196 rerum,
2325 4129 2417 4182 sed
2466 4129 2692 4183 scientia
2730 4129 2988 4200 suiipsius
3025 4130 3168 4198 ipsas
3210 4131 3392 4197 novit;

92 4197 308 4250 etenim
339 4200 561 4269 angelos
602 4219 817 4275 quoque
862 4208 1142 4281 Scriptura
1175 4225 1407 4271 testatur
1439 4233 1502 4273 ea
1550 4221 1692 4275 scire
1725 4235 1846 4290 quae
1893 4219 1944 4272 in
1992 4228 2136 4274 terra
2191 4230 2340 4288 sunt,
2368 4237 2474 4275 non
2517 4223 2816 4276 secundum
2842 4238 3033 4280 sensus
3072 4224 3160 4279 illa
3189 4242 3397 4297 cogno—

93 4299 326 4346 scentes
359 4307 482 4362 quae
532 4298 811 4354 sensibilia
870 4312 1020 4369 sunt,
1047 4305 1141 4360 sed
1179 4309 1478 4365 secundum
1524 4311 1784 4365 virtutem
1817 4325 1882 4365 ac
1905 4319 2155 4364 naturam
2180 4310 2380 4368 mentis
2403 4310 2707 4369 deiformis.

1661 4470 1690 4543 ς
1729 4467 1842 4529 Ill.

1809 2633 1936 2687 dum
1969 2633 2185 2688 unicam
2219 2648 2396 2688 causm
2438 2632 2868 2701 complexionem
2895 2642 3090 2686 cuncta
3137 2631 3315 2686 sciens
3347 2639 3403 2683 ct

185 4596 390 4650 Ἐπὶ-δὲ
411 4615 620 4664 τουτοις
648 4600 882 4673 ζητῆσαι
907 4605 1033 4678 χρὴ,
1055 4607 1172 4672 πῶς
1192 4611 1352 4680 ἡμεῖς
1374 4611 1506 4666 Θεὸν
1528 4612 1692 4682 γινώ-

92 4705 328 4760 σκομεν,
346 4689 468 4742 οὐδὲ
481 4692 691 4763 νοητὸν,
712 4694 833 4747 οὐδὲ
852 4696 1126 4770 αἰσθητὸν,
1146 4701 1267 4754 οὐδέ
1280 4704 1572 4758 τικαθόλου
1587 4705 1694 4760 τῶν

89 4781 270 4834 ὄντων
283 4782 326 4812 ³⁸
339 4780 489 4837 ὄντα.
504 4786 732 4857 Μήποτε
745 4783 838 4842 οῦν
853 4790 1051 4861 ἀληθὲς
1063 4795 1257 4861 εἰπεῖν,
1273 4797 1354 4852 ὅτι
1379 4799 1512 4854 Θεὸν
1531 4800 1696 4870 γινώ-

91 4890 306 4944 σκομεν
326 4876 426 4929 οὐκ
445 4878 509 4930 ἐκ
519 4878 621 4948 τῆς
639 4880 800 4934 αὐτοῦ
817 4882 860 4914 ³⁰
874 4884 1108 4952 φύσεως,
1126 4886 1422 4960 (ἄγνωστον
1443 4893 1553 4966 γὰρ
1576 4893 1704 4947 τοῦ-

88 4982 180 5059 το,
205 4965 301 5019 καὶ
322 4967 499 5059 πάντα
521 4969 678 5041 λόγον
698 4975 791 5027 καὶ
816 4975 941 5029 νοῦν
963 4978 1261 5052 ὑπεραῖρον
1363 4984 1477 5038 ἀλλ’
1503 4988 1570 5040 ὲκ
1590 4989 1690 5059 τῆς

91 5056 319 5150 πάντων
349 5058 460 5150 τῷν
481 5059 654 5150 οντων
677 5063 995 5150 διατάξεως,
1019 5071 1095 5134 ὡς
1115 5071 1176 5137 ἐξ
1194 5075 1358 5128 αὐτοῦ
1386 5056 1688 5150 προϐεϐλή-

93 5140 292 5211 μένης,
324 5144 420 5196 καὶ
445 5144 662 5210 εἰκόνας
693 5148 845 5213 τινὰς
875 5153 968 5205 καὶ
1006 5155 1327 5229 ὁμοιώματα
1371 5140 1481 5215 τιῦν
1526 5140 1686 5218 Θείων

90 5231 264 5286 αὐτοῦ
300 5236 760 5310 παραδειγμάτων
785 5245 1037 5318 ἐχούσης,
1074 5253 1154 5315 εἰς
1175 5252 1237 5306 τὸ
1258 5253 1518 5310 ἐπέκεινα
1548 5259 1686 5313 πάν-

167 5359 208 5388 πι
245 5349 384 5409 Dan.
425 5365 548 5420 xm,
581 5353 674 5410 42.

1874 4614 2142 4671 Praeterea
2196 4618 2546 4688 quaerendum
2600 4627 2706 4685 est,
2762 4622 3039 4690 quomodo
3079 4638 3177 4678 nos
3210 4625 3379 4680 Deum

1802 4725 2219 4780 cognoscamus,
2254 4714 2345 4783 qui
2372 4729 2552 4781 neque
2579 4729 2744 4769 sensu
2775 4717 3071 4785 percipitur
3102 4735 3202 4775 nec
3225 4721 3388 4776 intel-

1805 4803 2048 4874 ligentia,
2079 4814 2136 4859 et
2165 4806 2302 4859 nihil
2323 4808 2550 4861 omnino
2571 4815 2655 4860 cst
2677 4823 2744 4861 ex
2773 4809 2839 4861 iis
2864 4825 2984 4878 qua:
3007 4819 3153 4864 sunt.
3176 4813 3257 4866 An
3279 4830 3384 4869 non

1804 4895 1983 4964 potius
2021 4909 2152 4949 vere
2190 4895 2426 4959 dicatur,
2473 4896 2623 4963 quod
2657 4898 2824 4950 Deum
2869 4912 2975 4951 non
3006 4905 3387 4968 cognoscimus

1801 5001 1865 5040 ex
1894 4993 2091 5042 natura
2125 4985 2242 5055 ejus
2271 4986 2348 5056 (id
2376 4986 2520 5042 enim
2549 4988 2691 5055 quod
2731 4995 2926 5043 natura
2960 4991 3190 5060 ejus‘est
3234 4997 3386 5049 inco-

1797 5077 2006 5146 gnitum
2033 5085 2142 5142 est,
2163 5086 2217 5132 et
2237 5093 2454 5134 omnem
2475 5079 2741 5134 rationem
2762 5096 2826 5136 ac
2850 5094 3090 5138 mentem
3113 5095 3380 5157 supcrat),

1795 5171 1888 5225 sed
1917 5187 1986 5225 ex
2014 5171 2211 5226 ordine
2234 5170 2482 5226 omnium
2510 5187 2717 5241 rerum,
2741 5185 2999 5245 tanquam
3027 5180 3097 5233 ab
3125 5180 3244 5248 ipso
3267 5197 3384 5249 pro-

1795 5263 1996 5333 posito,
2030 5275 2088 5319 et
2111 5265 2378 5336 imagines
2407 5267 2669 5336 quasdam
2693 5281 2758 5323 ac
2780 5270 3167 5328 similitudines
3197 5289 3381 5328 exem-

1393 5517 1630 5578 VARI/E
1670 5522 2078 5588 LECTIONES.

167 5686 210 5714 ’ί
248 5686 342 5738 ἐπὶ
371 5685 466 5739 τοῦ
488 5685 644 5742 Θεοῦ.

738 5693 783 5766 ξ’
812 5693 919 5766 ῦπε
928 5694 1171 5766 ρτελείῳ,
1211 5695 1270 5752 S.

95 5773 205 5820 ται,
243 5755 314 5810 Μ.
352 5756 442 5813 Sc.

522 5761 568 5791 ’“
600 5763 660 5814 ὲν
698 5762 865 5834 αὐτῷ,
902 5761 960 5821 S.
1010 5767 1071 5819 P.
1123 5761 1132 5766 ’
1169 5769 1214 5800 ’⁷
1242 5771 1426 5840 κοινήν
1449 5810 1465 5836 ,
1502 5769 1560 5829 S.
1586 5771 1646 5826 P.

1348 5698 1394 5729 ³³
1425 5700 1520 5754 τοῦ
1551 5716 1660 5757 non
1687 5703 1940 5790 habet
1977 5705 2233 5777 ἀοράτου,
2270 5711 2340 5767 Μ.
2379 5713 2470 5769 Sc.
2543 5717 2590 5749 "
2613 5717 2810 5801 παρείλ

1348 5771 1426 5840 μήν
1449 5810 1465 5836 ,
1502 5769 1560 5829 S.
1586 5771 1646 5826 P.
1727 5775 1771 5807 ³⁸
1793 5793 1968 5849 ταυτῃ
2001 5779 2118 5846 οῦν,
2159 5781 2216 5836 Ρ.
2327 5786 2372 5818 ’³
2404 5785 2512 5839 τῶν
2545 5805 2773 5849 νοητων,

2852 5738 2966 5789 φεν.
3045 5723 3090 5753 ’³
3111 5739 3378 5791 γινωσκε-

2328 5754 2340 5766 .
2380 5735 2470 5769 ac.
2545 5735 2590 5749 η
2613 5735 2966 5846 παρειλὲφεν.
3045 5735 3090 5753 ²⁰
3111 5739 3368 5791 γινωσκε-

2327 5786 2372 5818 ’⁵
2404 5785 2512 5839 τῶν
2545 5805 2773 5857 νοητων,
2860 5831 2871 5845 .
2974 5793 3019 5828 ³ο
3053 5794 3272 5863 ἑαυτοῦ,
3306 5795 3368 5852 Ρ.
