3866 6232
501 303 600 360 ΞΠ

1693 301 1749 357 S.
1789 301 2088 358 DIONYSII
2125 301 2587 360 AREOPAGITJ‘I

3683 307 3788 362 872

501 417 1252 486 plariumejusdivinorumin
1278 431 1336 470 se
1361 415 1613 479 habente,
1653 418 1719 470 ad
1749 432 2054 486 cognoscen

2187 432 2296 468 των
2342 415 2447 486 ὀδῷ
2474 416 2565 468 καὶ
2593 413 2745 478 ταξει
2771 432 2909 468 κατα
2939 414 3168 487 δύναμιν
3204 415 3425 486 ἀνειμεν
3459 415 3520 468 ἐν
3559 418 3634 486 τῇ
3667 422 3786 472 πὰν-

500 513 628 566 dnm
677 512 804 566 illud
853 525 1121 564 summum
1172 509 1372 562 bonum
1406 518 1461 562 et
1508 509 1753 564 omnium
1811 510 2079 563 bonorum

502 605 689 666 ﬁnem,
716 604 802 657 via
840 612 894 655 et
923 602 1114 655 ordine
1155 616 1254 668 pro
1291 601 1496 654 viribus
1523 601 1872 654 ascendimus
1900 601 1952 653 in
1983 599 2080 653 ab-

501 696 701 750 latione
743 704 800 748 et
840 695 892 748 in
935 693 1306 762 superlatione
1336 693 1607 757 omnium,
1658 703 1714 746 et
1754 694 1805 746 in
1831 693 2076 746 omnium

498 804 683 843 causa.
711 786 978 852 Quocirca
1027 786 1167 839 Deus
1217 785 1268 838 in
1299 785 1553 839 omnibus
1595 784 1969 852 cognoscitur,
2024 795 2079 837 et

495 879 788 950 separatim
837 878 904 931 ab
943 879 1228 941 omnibus;
1271 887 1325 930 et
1369 893 1465 945 per
1516 877 1884 945 cognitionem
1936 877 2078 930 Deus

494 972 840 1041 cognoscitur
888 986 949 1023 ac
988 985 1084 1038 per
1119 971 1557 1037 ignorationem;
1593 979 1649 1024 et
1669 979 1753 1024 est
1781 971 1848 1023 de
1879 984 1942 1023 eo
1981 984 2076 1022 co-

491 1067 685 1135 gnitio,
718 1065 882 1128 ratio,
925 1074 978 1116 et
1030 1063 1282 1124 scientia,
1340 1072 1394 1115 et
1429 1072 1633 1124 tactus,
1689 1073 1741 1116 et
1774 1079 1992 1127 sensus,
2022 1071 2077 1116 et

488 1159 695 1228 Opinio,
728 1166 783 1211 et
813 1156 1164 1225 cogitatio,et
1189 1171 1408 1216 nomen.
1437 1166 1492 1208 et
1520 1156 1623 1207 alia
1656 1155 1871 1219 omnia;
1897 1165 1950 1208 et
1983 1170 2076 1208 ne-

488 1264 593 1316 que
630 1247 976 1315 intelligitur,
1029 1261 1208 1314 neque
1247 1246 1469 1310 dicitur,
1522 1260 1697 1314 neque
1730 1247 2070 1310 nominatur;

488 1356 586 1393 nec
617 1349 698 1392 est
736 1339 938 1408 aliquid
974 1354 1158 1392 eorum
1201 1353 1320 1406 qua:
1359 1347 1506 1401 sunt,
1544 1354 1643 1391 nec
1677 1339 1728 1392 in
1756 1338 1937 1407 aliquo
1976 1356 2072 1392 eo-

488 1446 606 1483 rum
651 1446 769 1496 quaa
816 1438 946 1482 sunt
1003 1431 1385 1499 cognoscitur;
1446 1439 1500 1483 et
1535 1430 1864 1483 inonmihus
1888 1433 2071 1483 omnia

484 1535 602 1590 est,
630 1535 684 1578 et
710 1524 842 1577 nihil
877 1525 928 1576 in
956 1523 1095 1587 ullo;
1141 1533 1195 1576 et
1220 1540 1282 1576 ex
1315 1522 1569 1576 omnibus
1603 1525 1672 1575 ab
1699 1524 1954 1577 omnibus
1982 1538 2072 1576 co-

484 1617 790 1684 gnoscitur,
825 1625 879 1669 et
901 1631 932 1667 a
961 1615 1108 1670 nullo
1141 1632 1205 1669 ex
1245 1615 1352 1669 ulla
1386 1631 1444 1669 re
1480 1632 1492 1668 :
1523 1617 1708 1684 utique
1739 1615 1803 1669 de
1836 1617 1942 1668 Deo
1969 1617 2071 1670 ista

484 1722 632 1764 recte
657 1710 916 1773 dicimus,
968 1719 1023 1764 et
1068 1726 1134 1764 ex
1185 1711 1440 1764 oumibus
1471 1725 1688 1779 quoque
1735 1713 1897 1763 rebus
1925 1711 2069 1763 cele-

485 1805 696 1865 bratur,
725 1803 1025 1856 secuudum
1059 1803 1302 1854 omnium
1341 1816 1574 1871 quorum
1621 1803 1736 1869 ipse
1796 1818 1958 1856 causa
1987 1811 2072 1855 est
2101 1777 2142 1831 Β

482 1898 912 1966 proportionem.
941 1894 1037 1947 Est
1060 1896 1186 1948 item
1211 1895 1554 1948 divinissima
1582 1893 1673 1947 Dei
1706 1894 1922 1958 notitia,
1948 1911 2068 1964 quae

483 2005 578 2057 per
608 1990 962 2043 nescientiam
991 1990 1277 2058 accipitur,
1303 1988 1600 2040 secundum
1632 1986 1801 2047 illam,
1827 2002 1949 2055 qua:
1977 2002 2069 2040 su-

483 2097 577 2149 pra
614 2083 948 2137 inlclleclum
974 2087 1076 2144 est,
1099 2080 1380 2141 unionem,
1399 2078 1620 2143 quando
1639 2094 1813 2141 mens,
1845 2095 1872 2131 a
1905 2078 2066 2131 rebus

480 2172 736 2226 omnibus
761 2173 1044 2235 recedens,
1073 2187 1138 2224 ac
1163 2173 1379 2224 demum
1401 2170 1749 2239 scmetipsam
1779 2170 2064 2232 deserens,

479 2264 711 2334 desuper
739 2264 1068 2335 fulgentibus
1117 2264 1284 2317 radiis
1313 2265 1521 2327 unitur,
1567 2263 1763 2332 quibus
1787 2262 1838 2315 in
1864 2261 1956 2316 illo
1979 2261 2061 2314 in—

477 2356 762 2410 scrutabili
799 2357 1080 2425 sapientiae
1104 2356 1374 2424 profundo
1403 2355 1773 2408 collustratur.
1804 2355 2058 2408 Attamen

476 2447 560 2510 (ut
581 2446 789 2510 dixi)ex
819 2447 882 2499 iis
904 2461 1116 2515 quoque
1142 2447 1395 2501 omnibus
1423 2458 1509 2500 est
1532 2446 1896 2514 agnoscenda,
1925 2461 2062 2514 quo-

477 2543 620 2592 niam
648 2539 783 2608 ipsa,
813 2542 1112 2593 secundum
1143 2539 1504 2608 Scripturam,
1545 2547 1630 2591 est
1659 2537 1902 2591 omnium
1928 2536 2061 2592 elle-

475 2631 616 2684 ctrix
641 2640 695 2693 ιι,
718 2647 949 2700 qumque
976 2646 1192 2701 semper
1213 2640 1333 2686 erat
1355 2640 1549 2683 cuncta
1569 2643 1905 2698 componens
1928 2644 1973 2694 ο,
2007 2639 2062 2684 et

2182 523 2291 558 των
2341 506 2629 576 ἀφαιρέσει
2665 507 2758 559 καὶ
2803 507 3066 578 ὑπεροχῇ,
3098 509 3191 560 καὶ
3229 509 3282 560 ἐν
3324 510 3391 577 τῇ
3432 507 3664 560 πάντων
3709 513 3786 562 αι-

2181 598 2291 669 τία.
2333 598 2425 650 Διὸ
2458 598 2551 651 καὶ
2576 599 2635 650 ἐν
2669 599 2834 650 πᾶσιν
2869 599 2896 650 ὁ
2931 599 3065 661 Θεὸς
3105 598 3452 666 γινώσκεται,
3482 600 3584 650 καὶ
3618 601 3786 670 χωρὶς

2182 690 2397 742 πάντων
2414 708 2426 719 ’
2453 689 2544 742 καὶ
2579 689 2666 742 διά
2695 689 2948 756 γνώσεως
2975 691 3004 742 ὁ
3033 689 3166 753 Θεὸς
3185 689 3539 758 γινώσκεται,
3566 694 3669 745 καὶ
3697 693 3782 745 διὰ

2180 782 2474 849 ἀγνωσίας,
2511 785 2607 836 καὶ
2644 784 2790 836 ἐστιν
2813 782 2975 836 αὑτοῦ
3005 783 3098 836 καὶ
3125 784 3322 853 νόησις,
3354 785 3450 836 καὶ
3474 784 3662 850 λόγκ,
3692 785 3782 837 καὶ

2180 879 2477 948 ἐπιστήμη,
2531 878 2625 931 καὶ
2662 878 2868 948 ἐπαφὴ,
2914 878 3008 929 καὶ
3048 877 3318 947 αἴσθησις,
3361 877 3459 929 καὶ
3504 877 3660 942 δόξα,
3691 881 3781 929 καὶ

2179 971 2466 1040 φαντασία.
2498 972 2592 1024 καὶ
2637 973 2826 1044 ὄνομα,
2877 972 2972 1024 καὶ
3000 973 3067 1024 τά
3108 973 3241 1025 ἀλλα
3288 973 3491 1033 πάντα,
3532 975 3632 1024 καὶ
3661 974 3777 1024 οὒτε

2179 1066 2400 1123 νοεῖται,
2432 1062 2554 1115 οὔτε
2587 1063 2826 1132 λέγεται,
2844 1064 2966 1117 οὗτε
2997 1063 3320 1134 ὀνομάζεται
3346 1081 3359 1093 ’
3395 1064 3497 1116 καὶ
3529 1064 3636 1115 οὑκ
3669 1064 3779 1116 ἔστι

2177 1176 2228 1210 τι
2260 1158 2366 1210 τῶν
2387 1160 2575 1218 όντων.
2600 1159 2719 1212 οὑδὲ
2741 1160 2797 1212 ἓν
2819 1177 2922 1213 τινι
2943 1159 3052 1214 τῶν
3072 1159 3242 1212 ὅντων
3269 1158 3616 1228 γινώσκεται
3639 1178 3652 1189 ·
3689 1163 3779 1212 καὶ

2176 1252 2234 1301 ἐν
2258 1253 2389 1303 πᾶσι
2413 1253 2586 1304 πάντα
2608 1253 2744 1316 ἐστὶ,
2769 1253 2863 1305 καὶ
2885 1255 2942 1306 ἐν
2958 1253 3131 1306 οὐδενὶ
3151 1253 3320 1316 οὐδὲν,
3345 1255 3442 1306 καὶ
3468 1255 3538 1306 ἐκ
3562 1255 3776 1306 πάντων

2178 1344 2308 1394 πᾶσι
2337 1341 2680 1410 γινώσκεται,
2714 1345 2807 1396 καὶ
2830 1343 2886 1410 ἐξ
2907 1344 3119 1407 οὐδενὸς
3149 1345 3320 1396 οὑδενί
3346 1361 3357 1372 ·
3388 1346 3489 1397 καὶ
3512 1344 3628 1415 γὰρ
3649 1343 3776 1396 ταῦ-

2173 1453 2241 1487 τα
2271 1435 2444 1505 ὀρθῶς
2472 1454 2536 1488 πε
2548 1437 2599 1504 ρὶ
2622 1435 2760 1488 Θεοῦ
2781 1436 3032 1506 λέγομεν,
3065 1437 3158 1488 καὶ
3183 1438 3246 1488 ἐκ
3269 1435 3378 1488 τῶν
3399 1436 3584 1487 ὄντων
3609 1437 3778 1488 ἀπάν-

2172 1541 2281 1578 των
2315 1527 2567 1595 ὑμνεῖται
2613 1527 2755 1579 κατά
2797 1527 2895 1597 τὴν
2938 1529 3152 1581 πάντων
3183 1526 3480 1594 ἀναλογίαν
3523 1521 3602 1579 ὧν
3633 1529 3773 1578 ἐστιν

2173 1618 2364 1680 αἴτιος.
2400 1619 2507 1670 Καὶ
2540 1619 2685 1670 ἔστιν
2723 1615 2878 1682 αὖθις
2915 1621 2946 1689 ἡ
2983 1619 3228 1689 Θειοτάτη
3253 1619 3348 1670 τοῦ
3372 1617 3517 1670 Θεοῦ
3551 1618 3768 1684 γνῶσις,

2174 1709 2204 1777 ἡ
2246 1711 2311 1762 δι’
2347 1712 2620 1778 ἀγνωσίας
2669 1710 3072 1780 γινωσκομένη,
3122 1710 3257 1762 κατά
3315 1710 3415 1779 τὴν
3473 1710 3624 1778 ὑπὲρ
3653 1707 3768 1758 νοῦν

2180 1803 2394 1864 ἕνωσιν,
2440 1804 2566 1854 ὅταν
2605 1805 2632 1854 ὁ
2659 1804 2780 1866 νοῦς
2807 1843 2819 1865 ,
2857 1802 2966 1854 τῶν
3007 1802 3175 1854 ὄντων
3235 1801 3459 1854 πάντων
3501 1800 3763 1860 ἀποστὰς.

2173 1896 2361 1949 ἔπειτα
2414 1898 2508 1949 καὶ
2543 1895 2732 1949 ἐαυτὸν
2782 1895 2961 1962 ἀφεὶς,
3013 1893 3185 1964 ἐνωθῇ
3247 1895 3368 1956 ταῖς
3416 1891 3764 1964 ὑπερφαέσιν

2172 1987 2413 2050 ἀκτῖσιν,
2442 1987 2654 2039 ἐκεῖθεν
2683 1988 2778 2039 καὶ
2800 1989 2917 2038 ἐκεῖ
2944 1985 3019 2055 τῷ
3047 1985 3454 2056 ἀνεξερευνὴτῳ
3489 1985 3649 2054 βάθει
3675 1983 3764 2051 τῆς

2173 2081 2362 2147 σοφίας
2386 2079 2896 2150 καταλαμπόμενος.
2923 2079 3112 2131 Καίτοι
3137 2077 3228 2130 καὶ
3260 2079 3322 2129 ἐκ
3360 2077 3612 2136 πάντων,
3636 2077 3765 2142 ὅπερ

2172 2173 2327 2243 ἔφην,
2366 2172 2533 2242 αὑτὴν
2574 2171 2874 2240 γνωστέον·
2912 2171 3047 2242 αὕτη
3090 2172 3197 2242 γάρ
3229 2173 3344 2222 ἐστι
3382 2167 3534 2220 κατά
3575 2166 3643 2218 τὸ
3673 2165 3766 2218 Λό-

2169 2281 2286 2331 γιον
2323 2265 2356 2333 ἡ
2387 2263 2604 2316 πάντων
2640 2261 2916 2333 ποιητικὴ,
2950 2261 3045 2314 καὶ
3075 2261 3162 2313 ἀεὶ
3207 2259 3389 2312 πάντα
3416 2257 3760 2328 ἁρμόζουσα,

2170 2359 2261 2408 καὶ
2290 2356 2389 2426 τῆς
2417 2355 2612 2408 ἀλύτου
2652 2355 2761 2408 τῶν
2799 2355 3020 2407 πάντων
3065 2353 3388 2424 ἐφαρμογῆς
3422 2352 3525 2403 καὶ
3557 2348 3762 2413 τάξεως

2169 2449 2338 2512 αἰτία,
2389 2450 2484 2502 καὶ
2536 2450 2621 2502 ἀεὶ
2673 2447 2741 2500 τὰ
2781 2447 2911 2518 τέλη
2949 2447 3058 2500 τῶν
3095 2446 3376 2518 προτέρων
3412 2447 3764 2498 συνάπτουσα

2167 2545 2287 2603 ταῖς
2325 2542 2518 2612 ἀρχαῖς
2552 2540 2659 2593 τῶν
2687 2540 2952 2611 δευτέρων
2996 2540 3088 2592 καὶ
3116 2538 3212 2609 τὴν
3249 2537 3378 2608 μίαν
3415 2535 3518 2589 τοῦ
3561 2536 3764 2598 παντᾷ

2170 2630 2472 2701 σύμπνοιαν
2499 2629 2591 2683 καὶ
2616 2629 2881 2700 ἁρμονίαν
2908 2625 3323 2697 καλλιεργοῦσα.

477 2722 866 2776 indissolubilis
929 2737 1111 2776 rerum
1173 2723 1418 2776 omnium
1495 2721 1854 2776 connexionis
1909 2722 2238 2791 ordinisque
2294 2738 2457 2776 causa
2490 2760 2507 2784 ,
2583 2735 2906 2790 semperque
2962 2718 3100 2772 ﬁnes
3151 2715 3582 2786 prazcedentium
3642 2728 3763 2770 cum

475 2815 758 2884 principiis
787 2817 1130 2884 sequentium
1171 2813 1470 2879 connectit,
1516 2815 1850 2883 unicamque
1889 2814 2058 2869 totius
2083 2814 2329 2869 universi
2356 2814 2707 2867 concordiam
2754 2821 2809 2866 et
2838 2810 3249 2866 consonantiam
3283 2807 3621 2863 concinnat.

2037 2933 2066 3006 δ
2112 2929 2218 2989 ιν.

547 3052 692 3106 Deus
728 3051 892 3107 etiam
927 3052 1066 3106 ratio
1092 3052 1416 3122 prmdicatur
1439 3068 1468 3106 a
1499 3052 1819 3122 Scriptnris,
1845 3069 1948 3106 non
1975 3067 2058 3107 so-

2239 3051 2410 3120 Λόγος
2437 3051 2494 3103 δὲ
2518 3053 2546 3103 ό
2573 3050 2704 3114 Θεὸς
2738 3050 2985 3119 ὑμνεῖται
3026 3047 3162 3117 πρὸς
3185 3047 3292 3100 τῶν
3326 3046 3495 3118 ἱερῶν
3526 3049 3760 3116 Λογίων,

474 3144 583 3198 lum
608 3144 734 3213 quia
766 3145 998 3198 rationis
1026 3143 1189 3214 462
1223 3155 1278 3198 et
1319 3145 1515 3199 mentis
1550 3155 1605 3198 et
1636 3146 1916 3212 sapientia:
1949 3146 2060 3198 lar.

480 3237 624 3307 gitor
644 3248 746 3301 cst,
774 3237 867 3291 sed
899 3238 1028 3304 quia
1053 3253 1248 3290 causas
1278 3238 1518 3291 omnium
1545 3238 1597 3290 in
1627 3252 1685 3292 se
1712 3239 1826 3307 ipso
1845 3238 1911 3268 ’θ’
1946 3240 2061 3291 uni-

474 3331 728 3389 formiter
759 3332 1105 3400 anticipavit,
1152 3341 1207 3385 et
1235 3331 1363 3400 quia
1397 3347 1491 3400 per
1515 3333 1703 3385 omnia
1738 3343 1906 3395 meat,
1935 3347 2058 3400 per-

475 3427 704 3490 vadens,
732 3433 788 3478 ut
817 3425 890 3478 ait
915 3425 1200 3494 Scriptura
1232 3434 1278 3486 P,
1305 3438 1476 3492 usque
1497 3423 1566 3477 ad
1596 3424 1754 3476 linem
1777 3424 2054 3477 omnium:

469 3531 525 3574 et
559 3519 929 3588 potissimum,
973 3517 1099 3585 quia
1132 3518 1272 3569 ratio
1311 3516 1401 3569 Dei
1449 3531 1612 3584 supra
1659 3531 1877 3569 omnem
1917 3515 2054 3569 sim-

471 3610 764 3677 plicitatem
801 3607 1030 3677 simplex
1063 3619 1167 3670 est,
1196 3607 1340 3661 etab
1365 3607 1622 3660 omnibus
1651 3623 1812 3676 supra
1847 3607 2053 3672 omnia,

469 3714 633 3767 supra
666 3701 1030 3754 substantiam
1057 3699 1325 3753 absoluta.
1367 3697 1524 3752 Ratio
1561 3701 1678 3752 haec
1710 3699 1941 3765 simplex
1971 3709 2056 3754 est

468 3804 533 3842 ac
565 3804 693 3842 vere
726 3791 1004 3844 exsistens
1042 3792 1266 3853 veritas,
1301 3791 1448 3843 circa
1475 3805 1657 3858 quam,
1695 3798 1751 3842 ιιι
1780 3807 1970 3860 puram
2000 3801 2054 3845 et

472 3879 816 3933 infallibilem
881 3881 1262 3934 universorum
1317 3882 1615 3946 notionem,
1679 3882 1811 3936 ﬁdes
1869 3882 2051 3936 divina

467 3981 739 4035 versatur,
781 3987 900 4040 quae
929 3981 1010 4025 est
1051 3982 1313 4026 constans
1347 3974 1586 4027 ﬁdelium
1644 3973 2048 4027 ﬁrmamentmn

467 4062 703 4116 {ululans
735 4063 855 4116 illos
899 4064 950 4116 in
979 4065 1230 4128 veritate,
1274 4075 1434 4132 atque
1480 4065 1533 4118 in
1569 4067 1700 4135 ipsis
1736 4067 2047 4133 veritatem,

468 4158 596 4210 dum
661 4155 1048 4210 indissuasihili
1099 4157 1386 4212 identitate
1442 4159 1742 4226 simplicem
1806 4160 2049 4214 veritatis

469 4249 847 4318 cognitionem
903 4248 1105 4300 habent
1145 4262 1324 4302 rerum
1385 4251 1804 4304 credendarum.
1841 4249 1975 4304 Nam
2000 4254 2044 4306 si

465 4341 711 4409 cognitio
733 4356 818 4394 res
843 4343 1094 4407 cognitas
1120 4358 1240 4395 cum
1260 4345 1717 4412 cognoscentibus
1743 4347 1880 4408 unit,
1903 4345 2046 4415 igno-

467 4437 610 4488 ratio
642 4450 768 4490 vero
790 4437 1064 4504 ignoranti
1097 4451 1266 4488 causa
1299 4446 1380 4490 cst
1405 4447 1463 4489 ut
1485 4453 1699 4506 semper
1730 4447 1920 4500 mutet,
1955 4449 2041 4490 at-

463 4541 570 4594 que
603 4543 632 4580 a
669 4528 854 4595 seipso
895 4527 1188 4595 discrepet,
1220 4543 1344 4581 eum
1367 4529 1457 4598 qui
1489 4530 1664 4583 credit
1706 4530 1760 4584 in
1790 4532 2043 4596 veritate,

461 4619 613 4685 juxta
633 4612 1012 4688 'Scripturam,
1039 4620 1171 4673 nihil
1217 4637 1244 4673 a
1275 4637 1401 4674 vero
1432 4622 1554 4675 ﬁdei
1587 4622 1939 4678 fundamento
1963 4627 2042 4677 di-

467 4711 732 4774 movebit,
788 4712 839 4764 in
891 4728 999 4781 quo
1057 4713 1425 4766 constantiam
1489 4713 1712 4767 habebit
1755 4715 2046 4770 immobilis

465 4808 521 4852 et
573 4801 925 4856 immutabilis
975 4803 1302 4858 identitatis.
1367 4805 1546 4859 Probe
1593 4822 1830 4876 namque
1891 4809 2042 4862 novit

465 4893 716 4963 quisquis
739 4895 925 4950 unitus
973 4907 1059 4950 est
1110 4897 1356 4961 veritati,
1411 4915 1573 4968 quam
1640 4901 1779 4954 bene
1837 4916 1896 4955 se
1948 4903 2042 4954 ha-

467 4990 614 5054 heat,
655 4989 906 5057 quamvis
959 5005 1082 5044 cum
1143 4989 1300 5047 multi
1352 5005 1409 5045 ut
1442 5002 1710 5046 amentem
1772 5005 2037 5063 arguant;

468 5081 602 5134 latet
647 5079 794 5133 enim
841 5079 980 5146 illos,
1015 5079 1092 5132 uti
1139 5094 1238 5148 par
1269 5088 1384 5147 est,
1435 5095 1558 5135 eum
1605 5097 1702 5150 per
1731 5096 1870 5136 vera:
1915 5082 2038 5135 ﬁdei

469 5175 754 5228 veritatem
805 5190 870 5228 ex
914 5189 1101 5229 errore
1147 5175 1486 5240 excessisse;
1533 5175 1648 5242 ipse
1691 5185 1871 5230 autem
1912 5189 2043 5230 vere

467 5265 714 5333 novitse,
740 5279 843 5319 non
877 5266 958 5337 (ut
985 5265 1059 5319 illi
1085 5263 1417 5331 fabulantur)
1439 5265 1698 5330 insanire,
1724 5265 1819 5320 sed
1848 5267 1916 5322 ab
1948 5267 2028 5319 iu-

535 5399 749 5456 υΡιὉν.
782 5417 901 5456 \‘lll.
985 5411 1009 5437 ο
1033 5402 1160 5470 Sap.
1194 5418 1288 5455 vn.
1371 5413 1396 5451 P
1425 5401 1555 5471 Sap.
1590 5417 1707 5456 vm.

2162 3145 2221 3196 οὑ
2260 3147 2420 3215 μόνον
2453 3146 2534 3197 ὅτι
2557 3143 2651 3196 καὶ
2687 3143 2844 3210 λόγου
2873 3143 2965 3194 καὶ
2988 3141 3080 3194 νοῦ
3103 3141 3195 3193 καῖ
3222 3141 3410 3208 σοφίας
3443 3142 3574 3193 ἐστὶ
3595 3159 3757 3212 χορη-

2161 3237 2278 3303 γὸς,
2315 3235 2428 3288 ἀλλ’
2458 3237 2540 3289 ὃτι
2578 3237 2670 3288 καὶ
2691 3234 2790 3297 τάς
2819 3234 3036 3286 πάντων
3066 3233 3244 3296 αἰτίας
3283 3234 3341 3284 ἐν
3377 3233 3569 3302 ἑαυτῷ
3605 3252 3759 3304 μονο-

2160 3327 2318 3392 ειδῶς
2361 3328 2680 3399 προείληφε,
2724 3327 2817 3380 καὶ
2857 3326 2938 3377 ὃτι
2966 3324 3054 3377 διὰ
3082 3325 3297 3378 πάντων
3320 3326 3498 3395 χωρεῖ
3528 3325 3758 3379 διικνού-

2163 3439 2340 3493 μενος,
2368 3421 2442 3484 ώς
2484 3421 2551 3473 τὰ
2586 3421 2756 3488 Λόγιά
2780 3436 2964 3488 φησιν,
2991 3418 3118 3488 ἄχρι
3144 3415 3237 3468 τοῦ
3270 3418 3495 3471 πάντων
3539 3420 3754 3482 τέλους·

2159 3521 2252 3572 καὶ
2305 3517 2411 3589 πρό
2448 3535 2511 3585 γε
2559 3516 2786 3577 τούτων,
2840 3515 2923 3567 ὅτι
2958 3512 3480 3582 πάσηςιάπλότητος
3535 3517 3566 3567 ὁ
3623 3515 3756 3574 65h;

2159 3610 2550 3682 ὑπερήπλωται
2591 3609 2767 3676 λογος,
2819 3606 2910 3659 καὶ
2955 3606 3171 3658 πάντων
3209 3605 3358 3656 ἐστὶν
3392 3605 3546 3676 ὑπὲρ
3583 3610 3755 3660 πάντα

2160 3705 2300 3758 κατὰ
2354 3704 2415 3755 τὸ
2461 3701 2781 3773 ὑπεροὺσιον
2823 3698 3240 3768 ἀπολελυμένος.
3293 3694 3466 3762 Οὗτος
3525 3702 3555 3752 ὀ
3605 3700 3756 3767 λόγῳ

2156 3797 2322 3859 ἐστὶν,
2348 3798 2380 3864 ἡ
2405 3795 2552 3863 ἁπλῆ
2577 3795 2668 3845 καὶ
2691 3793 2858 3854 ὅντως
2880 3787 3014 3842 οὖσα
3037 3789 3281 3859 ἀλήθεια,
3298 3790 3428 3860 περὶ
3449 3790 3641 3859 ﬁnd»;
3665 3808 3757 3844 κα-

2155 3890 2326 3961 Οαράν
2360 3890 2452 3942 καὶ
2501 3887 2714 3956 ἀπλανῆ
2758 3884 2864 3937 τῶν
2899 3884 3034 3936 ὅλων
3079 3883 3298 3950 γνῶσιν,
3332 3885 3366 3950 ἡ
3410 3882 3540 3936 θεία
3576 3885 3753 3946 πίστις

2153 3985 2318 4044 ἐστὶν,
2371 3985 2404 4052 ἡ
2450 3981 2674 4051 μόνιμος
2723 3979 2830 4030 τῶν
2871 3976 3320 4046 πεπιστευμένων
3357 3976 3400 4006 ³¹
3434 3976 3679 4048 ἵδρυσις,

2152 4077 2370 4140 τούτους
2407 4072 2723 4146 ἐνιδρύουσα
2748 4077 2813 4144 τῇ
2843 4073 3072 4145 ἀληθεία
3092 4115 3105 4136 ,
3135 4073 3227 4125 καὶ
3263 4073 3449 4134 αὑτοῖς
3483 4074 3589 4144 τὴν

2152 4169 2322 4232 Οειαν,
2348 4165 2734 4237 ἀμεταπείστῳ
2770 4165 3078 4236 ταυτότητι,
3121 4165 3218 4234 τὴν
3251 4163 3435 4233 ἀπλῆν
3484 4165 3595 4235 τῆς
3631 4167 3749 4234 ἀλη-

2151 4260 2300 4321 Οείας
2345 4259 2547 4328 γνῶσιν
2589 4260 2821 4329 ἐχόντων
2867 4257 2977 4310 τῶν
3014 4256 3419 4326 πεπεισμένων.
3475 4257 3543 4309 ΕΞ
3579 4258 3744 4328 γάρὴ

2151 4352 2350 4420 γνῶσις
2377 4351 2608 4420 ἑνωτικὴ
2631 4350 2740 4402 τῶν
2765 4348 3081 4417 ἐγνωκότων
3103 4348 3197 4401 καὶ
3226 4347 3624 4416 ἐγνωσμένων,
3648 4351 3680 4417 ἡ

2155 4444 2342 4511 ἄγνοια
2385 4442 2682 4512 μεταϐολῆς
2699 4443 2783 4493 ἀεὶ¹
2804 4442 2897 4494 καὶ
2919 4441 3018 4509 τῆς
3052 4441 3110 4505 ἐξ
3131 4438 3322 4491 ἑαυτοῦ
3362 4439 3440 4508 τῷ
3466 4440 3743 4508 ἀγνοοῦντι

2150 4534 2466 4604 διαιρέσεως
2503 4534 2668 4589 αἰτία.
2693 4532 2783 4584 τὸν
2820 4534 2879 4584 ἐν
2917 4531 3142 4602 ἀληθεία
3173 4530 3574 4594 πιστεύσαντα,
3617 4531 3742 4583 κατὰ

2151 4627 2241 4678 τὸν
2266 4627 2408 4696 ἱερὸν
2436 4626 2626 4692 Λόγον,
2656 4625 2806 4677 οὐδὲν
2834 4625 3153 4693 ἀποκινήσει
3190 4623 3290 4691 τῆς
3315 4623 3460 4675 κατᾶ
3492 4625 3600 4694 τὴν
3627 4623 3740 4691 ἀληο

2153 4716 2220 4785 Οῆ
2244 4732 2423 4768 πιστιν
2451 4731 2655 4776 εστιας,
2694 4713 2780 4781 ἐφ’
2876 4711 2936 4764 τὸ
2968 4711 3194 4782 μόνιμον
3215 4708 3327 4772 ἔξει
3357 4711 3464 4778 τῆς
3491 4711 3737 4780 ἀκίνητα)

2151 4809 2243 4859 καὶ
2266 4806 2604 4876 ἀμεταϐόλου
2626 4804 2972 4874 ταυτότητος.
3007 4797 3081 4854 Εὖ
3111 4801 3220 4870 γὰρ
3253 4797 3399 4852 οἶδεν
3429 4802 3458 4853 ὁ
3498 4803 3641 4872 πρὸς
3655 4800 3737 4868 τὴν

2146 4899 2402 4971 ἀλήθειαν
2438 4898 2677 4961 ἐνωϐεὶς,
2712 4897 2793 4948 ὃτι
2832 4892 2890 4950 εὖ
2933 4895 3064 4964 ἔχει,
3108 4892 3211 4946 κᾶν
3239 4893 3288 4944 οἱ
3326 4890 3525 4942 πολλοὶ
3575 4890 3736 4943 νουθε-

2146 4994 2290 5044 τοῖεν
2317 4991 2500 5054 αὑτὸν,
2525 4990 2600 5054 ὡς
2633 4989 2964 5060 ἐξεστηκότα
2986 5004 2997 5014 ·
3031 4983 3284 5037 λανθάνει
3314 4983 3440 5052 μὲν,
3471 4982 3555 5046 ὡς
3585 4982 3730 5041 εἰκὼ.

2148 5084 2344 5148 αὑτοὺς
2367 5087 2431 5137 ἐκ
2455 5083 2660 5152 πλάνης
2683 5084 2747 5151 τῇ
2777 5078 3006 5150 ἀληθείᾳ
3041 5077 3128 5130 διὰ
3165 5077 3264 5146 τῆς
3297 5074 3476 5136 ὅντως
3511 5077 3732 5133 πίστεως

2149 5174 2474 5247 ἐξεστηκὼς·
2515 5174 2674 5236 αὑτὸς
2693 5173 2750 5224 δὲ
2782 5169 2996 5241 ἀληθῶς
3015 5164 3154 5221 οἶδεν
3189 5164 3406 5228 ἑαυτὸν,
3435 5166 3542 5235 οὐχ
3576 5167 3623 5230 (ὅ
3648 5179 3730 5231 φα-

2149 5283 2234 5317 σιν
2275 5265 2317 5296 "
2353 5264 2572 5322 ἐκεῖνοι)
2610 5261 2930 5333 μαινόμενον
2964 5259 3030 5323 ³³,
3066 5257 3200 5311 ἀλλά
3236 5257 3338 5325 τῆς
3371 5258 3620 5309 ἀστάτου
3653 5247 3730 5305 καὶ

1752 5555 1987 5610 VARH‘J
2031 5554 2434 5610 LECTIONES.

539 5759 603 5789 ”'
641 5759 692 5813 id
718 5769 824 5824 est,
861 5759 970 5814 sine
1001 5759 1110 5813 ulla
1137 5761 1526 5827 compositione.
1599 5762 1641 5793 ³ι
1677 5758 2080 5830 πεπεισμένων,
2104 5758 2156 5813 S.
2188 5758 2250 5812 1).
2334 5758 2470 5822 δ’ὡς
2505 5774 2689 5827 φασιν,
2724 5755 2785 5812 Ρ.
2859 5752 2904 5786 ³³
2940 5752 3273 5822 μαινόμενοι,
3313 5753 3373 5808 S.
