3866 6232
181 339 297 396 877

734 337 823 394 DE
860 337 1112 396 DlVlNlS
1150 338 1548 403 NOMINIBUS,
1585 340 1738 395 CAP.
1781 335 1894 394 νη.
1937 370 2004 378 -
2039 335 2387 392 PARAPllR.
2421 335 2890 394 PACIIYMERXE.

3349 342 3455 402 878

1245 473 1732 528 PARAPHRASIS
1769 470 2224 528 PACHYMERJE
2269 471 2407 543 (45).

260 613 290 685 §
321 614 366 667 Ι.
397 613 659 677 Εἰπόντες
678 614 806 685 περὶ
832 613 1061 684 ἀγαθοῦ,
1087 616 1215 686 περὶ
1238 613 1412 677 ὄντος,
1445 615 1574 684 περὶ
1598 611 1764 682 ζωῆς,

1943 612 1970 684 §
1998 613 2036 666 l.
2060 611 2324 680 Quoniam
2354 608 2591 664 diximus
2614 610 2680 665 de
2702 609 2936 677 bono,de
2961 612 3179 678 ente,de
3203 613 3461 683 vita,age,

183 703 346 778 φέρε,
379 705 546 776 αὐτὴν
586 706 682 778 τὴν
718 705 927 778 ἀγαθὴν
973 706 1068 760 καί
1101 706 1325 760 αἰωνίαν
1355 703 1499 777 ζωὴν
1522 705 1611 757 τὸν
1633 704 1766 756 Θεὸν

185 798 452 870 ὑμνῶμεν
478 799 572 852 καὶ
607 799 682 863 ὡς
740 799 931 870 σοφήν.
970 799 1212 868 Ἔφθασε
1266 798 1376 872 γὰρ
1433 801 1626 863 εἰπεῖν,
1687 799 1769 851 ὅτι

183 893 300 947 ἀπὺ
335 891 444 945 τῶν
496 891 618 946 καθ’
649 893 795 962 ἡμᾶς
830 892 1136 964 συνάγομεν
1157 891 1226 945 τὰ
1265 893 1404 963 ὑπὲρ
1444 892 1624 962 ἡμᾶς’
1683 890 1772 943 διὰ

182 984 355 1038 τοῦτο
393 984 448 1036 δὲ
503 983 980 1056 ἐπιδιορθούμενος
1033 981 1233 1038 ὡσανεί
1284 1001 1434 1055 φησι·
1473 981 1688 1036 Μᾶλλον
1717 982 1774 1035 δὲ

182 1075 267 1139 ὡς
296 1075 477 1145 πάσης
525 1075 736 1144 σοφίας,
782 1077 884 1146 τῆς
925 1079 983 1130 ἐν
1015 1077 1265 1146 ἀγγέλοις
1315 1074 1534 1146 δηλαδὴ,
1580 1076 1679 1146 τῆς
1718 1077 1775 1127 ἐν

184 1166 522 1238 ἀνθρώποις,
556 1168 734 1221 αἰτίαν
767 1169 862 1222 καί
895 1169 1035 1240 ὑπὲρ
1074 1172 1252 1224 πᾶσαν
1283 1164 1478 1236 σοφίαν
1521 1169 1616 1223 καὶ
1651 1166 1775 1219 σύν-

186 1256 344 1311 θεσιν
375 1259 681 1330 ὐπεροῦσαν
702 1277 714 1289 ·
747 1259 1132 1330 ἀσυλλόγιστον
1167 1260 1277 1332 γὰρ
1328 1259 1422 1313 καί
1453 1259 1697 1331 ἀπρεπὲς
1717 1256 1778 1309 τὸ

186 1351 477 1420 ποιητικόν
510 1368 656 1414 τινος
693 1347 1116 1416 εἶναιτοιοῦτον,
1138 1347 1248 1404 οἷον
1280 1352 1340 1405 τὸ
1394 1353 1622 1424 ποίημα.
1685 1351 1780 1403 Ἐκ

185 1445 326 1514 γοῦν
353 1445 451 1515 τῆς
489 1444 611 1498 καθ’
643 1446 789 1516 ἡμᾶς
818 1444 1030 1514 σοφίας,
1085 1444 1428 1516 ὑπεροχικῶς
1479 1445 1576 1516 τὴν
1631 1442 1780 1496 Θείαν

188 1534 388 1604 σοφίαν
407 1535 798 1606 κατανοοῦμεν,
827 1535 902 1600 ὡς
939 1539 1003 1589 ἐκ
1032 1535 1140 1588 τῶν
1162 1535 1416 1589 αἰτιατῶν
1454 1535 1552 1605 τὴν
1579 1532 1778 1595 αἰτίαν,

184 1627 290 1680 καὶ
311 1628 408 1697 οὐχ
444 1626 629 1691 ἁπλῶς
676 1629 873 1693 αἰτίαν,
918 1628 1052 1681 ἀλλά
1101 1630 1195 1682 καὶ
1241 1627 1526 1700 ποιητικὴν
1578 1627 1780 1681 αἰτίαν.

186 1720 268 1771 Οὐ
298 1718 407 1790 γὰρ
438 1719 795 1791 ὑπερπλήρης
827 1719 987 1790 μόνον
1030 1720 1146 1772 ἐστί
1173 1721 1271 1791 τῆς
1297 1718 1486 1788 σοφίας
1509 1718 1648 1772 κατὰ
1681 1720 1780 1797 τὴν

185 1808 233 1860 Γ
240 1809 436 1880 ραφὴν,
456 1809 676 1878 καὶτῆς
691 1811 997 1876 συνέσεως
1012 1811 1196 1864 αὐτοῦ
1215 1813 1325 1864 οὐκ
1339 1811 1507 1881 ἔστιν
1520 1810 1782 1880 ἀριθμὸς,

183 1901 332 1954 ἀλλὰ
361 1904 453 1956 καὶ
481 1903 735 1956 ἐπέκεινα
776 1904 954 1973 πάσης
984 1905 1175 1973 σοφίας
1206 1905 1344 1957 ἐστί.
1377 1904 1547 1956 Τοῦτο
1583 1905 1783 1974 νοήσας

1873 711 2154 775 ipsammet
2173 706 2365 758 bonam
2389 710 2443 757 et
2466 711 2723 757 aeternam
2743 703 2908 757 vitam
2932 703 3099 758 Deum
3127 705 3464 762 celebremus

1873 798 2038 851 etiam
2084 806 2140 849 ut
2204 795 2524 862 sapientem.
2581 793 2752 848 Antea
2797 794 2942 848 enim
3001 795 3238 861 dixerat,
3301 812 3461 852 nosa

1875 891 2038 944 rebus
2095 889 2295 944 nostris
2319 903 2381 942 ea
2409 902 2528 956 qua:
2553 903 2714 956 supra
2740 903 2839 943 nos
2863 899 2988 942 sunt
3040 889 3339 960 colligere;
3373 891 3459 945 id-

1879 982 2046 1044 circo,
2065 983 2221 1053 quasi
2250 997 2307 1037 se
2330 983 2636 1051 corrigens,
2655 983 2730 1035 ait
2754 995 2771 1034 :
2802 981 2940 1049 Quin
2973 983 3173 1051 potius,
3194 994 3458 1054 tanquam

1880 1075 2055 1129 omnis
2099 1075 2376 1144 sapientiae
2410 1089 2530 1144 quae
2565 1073 2780 1130 scilicet
2809 1075 2863 1128 in
2895 1075 3104 1143 angelis
3142 1085 3196 1130 et
3225 1076 3463 1131 homini-

1879 1169 1986 1222 bus
2009 1174 2092 1222 est
2120 1183 2341 1222 causam
2366 1177 2420 1222 et
2449 1182 2613 1236 supra
2642 1181 2856 1222 omnem
2880 1168 3200 1234 sapientiam
3224 1179 3278 1239 et
3307 1185 3463 1226 com-

1881 1260 2205 1328 positionem
2227 1260 2607 1325 eminentem;
2669 1258 2813 1313 nulla
2846 1261 2992 1313 enim
3053 1263 3268 1316 ratione
3320 1277 3458 1316 con-

1883 1352 2198 1421 gruentiavc
2229 1351 2591 1416 concluditur,
2625 1366 2847 1405 causam
2875 1351 3181 1408 elfectivam
3227 1354 3461 1426 alicujus

1883 1439 2114 1494 similem
2145 1455 2264 1494 esse
2316 1437 2552 1494 cllectui.
2607 1435 2685 1494 Ex
2719 1453 2907 1495 nostra
2955 1443 3139 1511 itaque
3195 1445 3462 1515 sapientia

1885 1535 2120 1588 divinam
2156 1535 2479 1599 sapientiam
2514 1551 2608 1603 per
2631 1551 2915 1591 excessum
2947 1536 3319 1608 intelligimus,
3353 1540 3466 1593 ric-

1887 1637 1947 1680 ut
1973 1642 2039 1681 ex
2070 1626 2276 1682 ell‘eetis
2327 1643 2571 1691 causam,
2607 1640 2660 1682 et
2713 1647 2816 1682 non
2865 1630 3186 1699 simpliciter
3210 1646 3455 1692 causam,

1889 1720 1982 1773 sed
2015 1734 2230 1774 causam
2263 1719 2605 1775 cﬂicientem.
2666 1720 2780 1775 Non
2829 1722 2974 1776 enim
3005 1723 3271 1778 duntaxat
3298 1740 3480 1793 supra-

1890 1826 2050 1881 quaiu
2076 1811 2264 1879 plenus
2287 1823 2368 1866 est
2393 1801 2680 1882 sapientia,
2713 1812 2864 1879 juxta
2893 1814 3250 1884 Scripturam,
3280 1828 3332 1872 et
3375 1818 3462 1871 in-

1893 1903 2188 1972 telligentia:
2213 1904 2326 1972 ejus
2352 1919 2454 1957 non
2473 1914 2549 1958 est
2570 1921 2813 1958 numerus
2830 1916 2874 1973 ι’,
2903 1922 3086 1961 verum
3113 1911 3273 1963 etiam
3297 1927 3464 1981 supra

186 1997 292 2050 καὶ
325 1996 352 2046 ὁ
397 1995 569 2066 μέγας
601 1995 834 2061 Παῦλος,
862 1998 889 2049 ὀ
913 1993 1088 2061 κοινὸς
1119 1996 1250 2068 ἐμοῦ
1283 2015 1341 2050 τε
1370 1995 1571 2050 καὶτοῦ
1605 1996 1776 2067 καθη-

1888 2009 2092 2047 mnnem
2133 1995 2450 2055 sapientiam
2514 1993 2724 2049 existit.
2773 1993 2886 2051 Hoc
2940 1998 3248 2070 intelligens
3296 1980 3463 2058 etiam

186 2085 427 2156 γεμόνος
470 2087 731 2158 Ἰεροθέου
763 2087 933 2158 ἥλιος,
974 2089 1044 2141 Τὸ
1090 2088 1292 2157 μωρὸν
1329 2088 1433 2141 τοῦ
1472 2087 1638 2150 Θεοῦ,
1678 2105 1782 2141 σο-

186 2177 463 2249 φώτερον
493 2179 611 2233 τῶν
639 2180 964 2248 ἀνθρώπιον
1002 2180 1200 2250 ἔφησεν
1231 2177 1390 2245 εἶναι,
1423 2182 1482 2233 οὐ
1515 2181 1671 2250 μόνον
1699 2181 1780 2234 ὅτι

190 2266 597 2337 συγκρινομένη
629 2268 661 2336 ἡ
701 2265 942 2336 ἡμετέρα
969 2265 1169 2333 γνῶσις
1200 2266 1334 2336 πρὸς
1357 2264 1452 2336 τὴν
1494 2265 1641 2319 Θείαν
1689 2267 1782 2319 καὶ

189 2357 436 2427 ἀπλανῆ,
464 2357 636 2428 πλάνη
668 2355 957 2425 λογίζεται,
989 2356 1104 2409 ἀλλ’
1129 2357 1210 2409 ὅτι
1242 2358 1337 2409 καὶ
1378 2357 1496 2420 ἔθος
1525 2360 1634 2420 τοῖς
1664 2358 1783 2410 θεο-

189 2449 398 2518 λόγοις,
426 2452 565 2504 κατά
584 2465 707 2503 τινα
737 2449 1087 2503 ἁντιπάθειαν
1118 2448 1225 2502 τῶν
1251 2450 1556 2522 ἡμετέρων,
1593 2453 1656 2503 ἐκ
1681 2451 1782 2519 τῆς

191 2544 506 2614 στερήσεως
534 2543 872 2612 άποφάσκειν
893 2541 961 2594 τά
983 2540 1234 2604 θεῖα,τῶν
1265 2542 1549 2613 ἡμετέρων
1583 2542 1782 2613 μᾶλλον

191 2637 263 2687 ἐκ
289 2633 398 2687 τῶν
430 2633 594 2700 ἕξεων
635 2635 1053 2706 ὀνομαζομένων
1074 2650 1092 2666 ο
1139 2631 1281 2686 οὕτω
1322 2632 1431 2706 γὰρ
1459 2632 1709 2705 δηλοῦται
1749 2636 1782 2705 ἡ

192 2725 326 2797 θεία
357 2727 621 2800 ὑπεροχή.
653 2728 823 2781 Τοῦτο
843 2729 936 2781 καὶ
963 2727 1189 2799 δύναμιν
1212 2727 1544 2799 ὑπεροχικῆς
1572 2729 1784 2797 ἀποφά-

196 2835 342 2883 σεως
368 2822 426 2874 ἐν
448 2820 620 2890 ἑτέρῳ
647 2821 867 2892 εἴρηκεν
891 2837 904 2850 ’
939 2821 1125 2894 ἐπειδὴ
1154 2820 1264 2892 γὰρ
1294 2822 1443 2873 πᾶσα
1472 2819 1586 2884 ἕξις
1616 2823 1784 2894 ὑπερ-

191 2912 404 2984 οχικῶς
430 2913 747 2966 ἐλαττοῦται
799 2915 938 2986 πρὸς
977 2913 1046 2966 τὰ
1094 2917 1272 2967 ἐκεῖσε
1293 2953 1306 2976 ,
1335 2913 1421 2966 διὰ
1451 2913 1606 2966 τοῦτο
1639 2917 1786 2969 ἀντι-

198 3005 456 3077 στρόφως
513 3005 646 3076 πρὸς
686 3004 756 3058 τὰ
807 3004 1053 3076 ἡμέτερα
1097 3005 1157 3070 ἐξ
1213 3006 1539 3074 ἀποφάσεως
1595 3008 1780 3060 ἐκεῖνα

195 3097 472 3164 λέγονται.
523 3096 680 3149 Οὕτω
723 3097 818 3150 καὶ
871 3097 1101 3150 κένωσιν
1135 3097 1352 3166 λέγουσι
1380 3097 1476 3170 τὴν
1503 3098 1597 3152 τοῦ
1649 3099 1784 3152 Θεοῦ

199 3187 639 3260 ἐνανθρῶπησιν,
669 3189 844 3242 καίτοι
875 3189 1055 3261 πλήρη
1073 3190 1477 3260 τυγχάνουσαν,
1507 3191 1704 3261 μᾶλλον
1729 3192 1785 3245 δὲ

198 3280 533 3353 ὑπερπλήρη
564 3283 660 3334 καὶ
687 3282 895 3350 σοφίας,
921 3281 1328 3353 καὶδυνάμεως,
1356 3284 1447 3336 καὶ
1481 3284 1751 3355 σωτηρίας
1769 3301 1781 3313 ·

197 3372 344 3427 ἀλλὰ
375 3375 469 3426 καὶ
515 3373 797 3427 ἀσθένειαν
844 3374 978 3427 Θεοῦ
1005 3375 1066 3427 τὸ
1095 3374 1182 3428 διὰ
1230 3375 1462 3447 σταυροῦ
1507 3376 1786 3448 τρόπαιον.

198 3465 409 3519 Τοῦτον
451 3461 544 3519 οὖν
589 3465 680 3520 τὸν
707 3467 906 3539 τρόπον
934 3467 1029 3520 καὶ
1075 3468 1284 3540 μωρίαν
1301 3467 1434 3520 Θεοῦ
1471 3467 1568 3539 τὴν
1613 3469 1790 3522 πᾶσαν

202 3560 400 3629 σοφίαν
423 3561 518 3612 καὶ
534 3561 846 3631 ἐπιστήμην
866 3561 1266 3632 ὑπεραίρουσαν
1285 3560 1540 3614 ἐκάλεσεν
1565 3563 1592 3613 ὁ
1636 3562 1788 3615 Ἀπό-

204 3650 416 3714 στολος,
471 3650 534 3703 τὸ
585 3651 907 3722 φαινόμενον
938 3653 1246 3724 παράλογον
1277 3654 1370 3707 καὶ
1400 3651 1599 3706 ἄτοπον
1637 3655 1787 3725 ἡμῖν,

197 3741 448 3814 δηλονότι
483 3740 604 3805 πῶς
630 3741 764 3804 Θεὸς
795 3745 853 3796 ἐν
882 3744 1046 3814 σαρκί
1069 3743 1140 3816 ,ἢ
1190 3744 1308 3808 πῶς
1367 3746 1693 3818 σωματικῶς
1733 3749 1791 3800 ἐν

149 3907 156 3912 ι
197 3835 282 3906 τῷ
308 3835 526 3907 σταυρῷ
554 3835 840 3901 πέπονθεν,
889 3836 1180 3906 ἀναγαγὼν
1207 3840 1285 3902 εἰς
1311 3839 1408 3911 τὴν
1438 3841 1578 3912 ὑπὲρ
1613 3840 1791 3895 πάντα

197 3927 363 3996 λόγον
410 3927 666 3999 ἀλήθειαν
689 3944 702 3958 ο
741 3926 917 3996 λόγοις
949 3932 1059 4000 γὰρ
1087 3929 1185 3983 οὐκ
1215 3929 1280 3984 ἂν
1317 3931 1697 4004 ἐξομαλισθείη
1723 3934 1790 3986 δι’

197 4021 478 4093 αἰσθητῶν
505 4019 826 4084 ἀποδείξεων
851 4021 911 4073 τὸ
943 4023 1256 4095 μυστήριον,
1289 4025 1349 4077 οὗ
1375 4025 1790 4097 προηγουμένης

197 4113 306 4184 τῆς
355 4113 611 4176 πίστεως.
654 4110 834 4174 Ἀλλὰ,
878 4113 1018 4185 ὅπερ
1065 4115 1160 4169 καὶ
1186 4118 1242 4168 ἐν
1276 4116 1457 4180 ἄλλοις
1487 4115 1642 4188 ἔφην,
1698 4115 1789 4169 θέ-

199 4207 393 4270 λοντες
420 4208 638 4273 οἰκείως
667 4210 797 4279 ἡμῖν
822 4207 890 4261 τὰ
924 4209 1064 4280 ὑπὲρ
1101 4211 1250 4280 ἡμᾶς
1290 4211 1654 4282 ἐκλαμϐάνειν
1701 4215 1793 4281 ἐγ-

200 4297 614 4370 καλινδούμενοι
641 4303 762 4364 ταῖς
795 4301 1112 4371 συντρόφοις
1140 4301 1474 4374 αἰσθήσεσιν,
1495 4304 1791 4376 ἀπατώμε-

203 4391 277 4444 θα
298 4409 310 4420 ·
365 4391 483 4444 δέον
511 4391 728 4454 εἰδέναι,
759 4393 841 4445 ὅτι
866 4393 895 4443 ὁ
935 4393 1055 4446 καθ’
1081 4394 1228 4465 ἡμᾶς
1257 4393 1382 4458 νοῦς
1411 4394 1522 4466 ἔχει
1571 4397 1668 4466 μὲν
1698 4399 1793 4452 καί¹

198 4485 437 4554 δύναμιν
460 4486 539 4548 εἰς
583 4484 644 4537 τὸ
697 4488 833 4539 νοεῖν
883 4484 951 4538 τὰ
1004 4485 1191 4556 νοητά,
1239 4486 1440 4556 (νοερὸς
1480 4487 1589 4558 γάρ
1645 4490 1792 4543 ἐστιν

201 4577 412 4641 ἁπλαῖς
460 4593 600 4630 τισιν
669 4576 948 4641 ἐπιϐολαῖς
1019 4577 1114 4630 καί
1159 4577 1567 4642 ἀναποδείκτοις
1590 4579 1627 4649 ·)
1675 4580 1788 4633 ἀλλ’

202 4671 396 4722 ἐκεῖνα
422 4668 490 4722 τά
521 4668 708 4739 νοητὰ,
749 4667 817 4721 τὰ
840 4671 906 4740 τῇ
938 4668 1165 4740 δύναμει
1189 4670 1288 4740 τῆς
1332 4672 1573 4742 νοήσεως
1618 4672 1784 4726 αὑτοῦ

1895 4677 2070 4721 strum
2095 4663 2440 4726 intellectum
2477 4667 2689 4721 habere
2727 4667 2943 4733 quidem
2995 4671 3106 4724 vim
3134 4669 3471 4742 intelligendi
3563 4702 3568 4718 ς

202 4761 566 4830 ἐπικείμενα·
614 4763 726 4823 τοῖς
769 4760 826 4813 δέ
867 4759 1159 4826 ἐπέκεινα,
1200 4761 1301 4814 οὐκ
1343 4761 1407 4814 ἂν
1446 4762 1786 4817 ἐπιϐαλεῖται

203 4852 415 4917 ποσῶς,
466 4855 514 4905 εἰ
569 4851 812 4922 μὴκατὰ
843 4859 962 4903 τινα
999 4851 1191 4904 ’ένωσιν
1256 4852 1680 4925 ὑπεραίρουσαν,
1731 4860 1790 4910 ἐν

199 4945 286 5016 τῷ
312 4945 530 4998 πάντων
551 4945 805 5013 ἐκστῆναι
841 4942 950 4994 τῶν
972 4941 1242 5014 αἰσθητῶν
1263 4960 1322 4995 τε
1350 4944 1441 4997 καί
1471 4945 1789 5018 νοητῶν,έτι

202 5039 265 5092 δέ
301 5037 396 5091 καί
425 5035 524 5105 τῆς
553 5035 756 5098 οἰκείας
783 5035 1066 5104 κινήσεως,
1087 5031 1340 5087 εἷθόῦτω
1367 5036 1467 5106 τῆς
1495 5036 1643 5101 θείας
1659 5035 1793 5106 γνὼ-

207 5145 352 5190 σεως
366 5126 561 5180 ἁκτῖνά
579 5143 701 5180 τινα
714 5125 983 5191 δέξασθαι.
1006 5127 1233 5179 Ἒνωσιν
1255 5126 1311 5178 δέ
1341 5144 1502 5198 φησιν
1529 5130 1588 5182 οὐ
1607 5129 1702 5201 τὴν
1717 5131 1792 5194 ὼς

206 5221 277 5275 ἄν
291 5237 376 5282 τις
390 5219 533 5271 εἴποι
552 5217 695 5288 μίξιν
712 5219 805 5270 καὶ
819 5217 1079 5290 συναφὴν,
1093 5218 1120 5271 ὃ
1132 5218 1194 5290 δὴ
1209 5219 1300 5271 καὶ
1313 5218 1442 5273 αὐτὸ
1454 5219 1686 5290 λέγεται,
1705 5239 1800 5275 κα-

209 5311 324 5376 θὼς
340 5313 434 5364 καί⁵
451 5309 657 5382 προῖὼν
667 5309 812 5378 λέγει
824 5310 852 5361 ὁ
869 5309 1039 5378 ἅγιος·
1062 5313 1246 5364 Ὅταν
1261 5314 1292 5365 ό
1304 5312 1449 5378 νοῦς
1463 5313 1657 5381 ἐνωθῇ
1669 5313 1798 5380 ταῖς

207 5403 370 5471 ὑπὲρ
382 5403 573 5472 φύσιν
596 5401 853 5456 ἀκτῖσιν·
874 5399 987 5453 ἁλλ’
1005 5400 1186 5472 ἐπειδὴ
1200 5402 1256 5454 αἱ
1271 5403 1480 5475 νοήσεις
1495 5406 1699 5459 κατώτε
1708 5405 1799 5478 ραί

209 5498 318 5550 εἰσι
335 5493 432 5548 τοῦ
449 5494 710 5557 νοοῦντος·
731 5493 826 5546 καὶ
843 5492 1142 5562 σκεδασμὸς
1171 5494 1392 5558 εἰκότως
1420 5496 1513 5549 καὶ
1533 5497 1796 5568 μερισμὸς

207 5587 315 5658 τῆς
337 5586 586 5657 ἐνότητος
601 5584 695 5639 τοῦ
712 5583 803 5638 νοῦ
815 5583 1042 5653 γίνεται,
1057 5585 1146 5637 ὅτε
1162 5576 1273 5638 νόεῖ
1288 5603 1361 5639 τιο
1380 5587 1469 5640 ὅτε
1485 5587 1538 5640 δὲ
1563 5588 1648 5658 ἐφ’
1671 5589 1797 5643 ἑαυ-

288 5734 312 5762 t
347 5723 434 5780 Ps.
459 5740 640 5791 CXLVI,
671 5725 726 5783 5.
815 5736 838 5764 ε
874 5724 893 5779 l
927 5724 1051 5783 Cor.
1088 5742 1128 5789 ι,
1162 5725 1250 5782 25.

1883 2100 2111 2154 magnus
2139 2083 2361 2148 Paulus,
2390 2086 2697 2139 communis
2730 2085 2819 2140 ille
2876 2103 3030 2142 meus
3058 2091 3271 2171 meique
3325 2107 3466 2160 prae-

1880 2177 2119 2246 ceptoris
2144 2176 2421 2231 llierotbei
2456 2177 2557 2239 sol,
2589 2178 2728 2246 quod
2757 2178 2975 2234 stultum
3000 2191 3076 2234 est
3111 2181 3207 2235 Dei
3247 2185 3464 2252 sapien-

1881 2270 1984 2323 tius
2016 2283 2136 2323 esse
2179 2268 2318 2322 dixit
2357 2269 2655 2324 hominibus
2693 2281 2715 2308 ⁸
2769 2286 2873 2326 non
2910 2273 3081 2326 solum
3108 2275 3250 2342 quod
3279 2287 3465 2331 nostra

1881 2361 2278 2424 scientia,cum
2321 2361 2503 2415 divina
2553 2363 2645 2415 illa
2709 2377 2828 2431 qum
2879 2379 3068 2417 errare
3115 2381 3222 2419 non
3280 2377 3464 2435 potest

1882 2454 2217 2521 comparata,
2261 2468 2419 2507 error
2447 2464 2748 2523 reputetur,
2779 2471 2970 2510 verum
3020 2458 3184 2511 etiam
3220 2462 3343 2528 quia
3375 2476 3465 2516 so-

1882 2549 2057 2600 lemne
2075 2553 2156 2599 est
2176 2547 2459 2616 theologis,
2489 2562 2584 2616 per
2608 2550 2898 2616 quamdam
2936 2564 3118 2604 rerum
3146 2563 3458 2608 nostrarum

1883 2637 2222 2692 aversionem
2247 2652 2314 2690 ex
2353 2638 2659 2707 privatione
2694 2654 2782 2693 res
2832 2641 3046 2696 divinas
3091 2656 3187 2710 per
3220 2645 3464 2713 negatio-

1884 2744 1983 2783 nes
2015 2726 2359 2792 eﬂerre,cum
2406 2743 2492 2782 res
2519 2739 2718 2782 nostra:
2747 2729 2930 2799 potius
2963 2745 3030 2784 ex
3062 2731 3340 2787 habilibus
3367 2748 3466 2789 n0-

1884 2821 2158 2874 minentur
2186 2839 2200 2874 :
2241 2821 2321 2876 sic
2343 2820 2485 2875 enim
2510 2821 2690 2875 divina
2740 2821 3065 2877 excellentia
3138 2824 3466 2880 manifesta-

1883 2921 1993 2965 tur.
2024 2912 2137 2966 lloc
2175 2913 2340 2966 etiam
2373 2913 2480 2967 alio
2511 2913 2628 2968 loco
2659 2915 2873 2968 vocavit
2903 2914 3010 2968 vim
3038 2919 3333 2986 quamdam
3366 2934 3462 2972 su-

1885 3003 2300 3074 perexcellentis
2332 3005 2636 3074 negationis
2672 3021 2686 3070 ;
2722 3020 2844 3058 nam
2887 3020 3009 3060 cum
3046 3007 3223 3062 omnis
3246 3008 3467 3066 habitus

1886 3111 1982 3167 per
2003 3110 2285 3151 excessum
2325 3096 2682 3150 imminuatur
2709 3105 2962 3165 respectu
2997 3112 3189 3152 eorum
3221 3114 3340 3168 qua:
3388 3101 3464 3156 ibi

1888 3196 2032 3253 sunt,
2071 3188 2272 3243 idcirco
2296 3189 2362 3244 ad
2391 3189 2784 3258 oppositionem
2812 3191 3136 3245 nostratium
3166 3191 3253 3246 illa
3285 3207 3352 3246 ex
3370 3209 3469 3249 ne-

1891 3280 2109 3348 gatione
2140 3280 2415 3336 dicuntur.
2473 3280 2566 3335 Sic
2605 3283 2768 3336 etiam
2790 3284 3226 3340 exinanitiouem
3266 3294 3469 3341 vocant

1893 3371 1986 3427 Dei
2023 3372 2472 3437 incarnationem,
2500 3375 2714 3429 tametsi
2767 3375 2921 3444 plena
2949 3376 3134 3444 fuerit,
3168 3379 3275 3433 imo
3302 3377 3470 3452 ωε

1891 3475 2220 3531 supraquam
2289 3463 2471 3531 plena,
2511 3472 2617 3517 tam
2651 3465 2940 3532 sapientia,
2973 3481 3133 3536 quam
3176 3470 3373 3526 virtute
3403 3489 3470 3527 ac

1891 3553 2104 3619 salute;
2139 3554 2442 3624 quinetiam
2502 3555 2597 3609 Dei
2653 3556 3053 3626 infirmitatem,
3111 3563 3300 3617 crucis
3350 3572 3470 3620 troc-

1889 3659 2063 3714 pazum
2139 3655 2358 3700 vocant.
2413 3646 2524 3702 Hoc
2550 3647 2716 3718 igitur
2748 3651 2908 3705 modo
2963 3653 3129 3709 etiam
3177 3655 3466 3713 stultitiam

1889 3737 2008 3801 Dei,
2037 3751 2254 3792 omnem
2300 3737 2624 3807 sapientiam
2666 3748 2722 3793 et
2767 3741 3053 3799 scientiam
3107 3749 3468 3804 excedentem

1888 3828 2178 3900 Apostoius
2194 3829 2571 3901 appellavit,id
2627 3831 2771 3900 quod
2811 3835 2969 3892 nobis
3017 3838 3217 3892 rationi
3247 3851 3470 3894 contra--

1892 3922 2030 3976 rium
2055 3931 2110 3976 et
2141 3920 2403 3976 absonum
2436 3923 2754 3991 videbatur;
2787 3928 2997 3984 scilicet
3024 3933 3300 4000 quomodo
3324 3931 3468 3988 Deus

1890 4015 1946 4070 in
1973 4029 2160 4077 carne,
2202 4013 2285 4069 vel
2314 4017 2583 4082 quomodo
2618 4021 2979 4088 corporaliter
3010 4023 3065 4078 in
3089 4040 3251 4081 cruce
3272 4041 3469 4096 passus

1891 4107 1982 4172 sit,
2035 4105 2309 4161 adducens
2335 4107 2401 4161 ad
2444 4111 2755 4176 veritatem,
2806 4130 2928 4184 quae
2979 4129 3198 4172 onmem
3243 4131 3469 4190 superat

1893 4199 2195 4262 rationem;
2230 4201 2554 4268 mysterium
2584 4202 2729 4256 enim
2779 4203 2882 4259 hoc
2922 4207 3208 4261 sensilium
3238 4211 3468 4264 demon-

1893 4291 2220 4345 strationem
2252 4291 2554 4346 rationibus
2589 4309 2698 4348 non
2728 4297 3133 4364 explanabitur,
3177 4299 3283 4355 nisi
3331 4299 3468 4355 ﬁdes

1893 4387 2184 4452 praecedat.
2202 4383 2309 4440 Sed
2334 4386 2475 4455 quod
2492 4386 2804 4456 etiamalibi
2823 4388 2982 4454 dixit,
3004 4391 3048 4444 si
3065 4391 3294 4447 velimus
3315 4407 3471 4448 more

1893 4486 2080 4533 nostro
2107 4493 2170 4532 ea
2195 4494 2317 4548 qua:
2346 4494 2510 4546 supra
2528 4495 2628 4534 nos
2661 4490 2788 4535 sunt
2817 4483 3468 4551 accipere,familiaribus

1894 4570 2145 4626 sensibus
2171 4569 2746 4641 involuti,decipimur;
2766 4589 2888 4629 cum
2908 4576 3053 4631 scire
3073 4586 3343 4647 Oporteat,
3369 4595 3471 4635 no-

1896 4777 1986 4816 res
2011 4764 2355 4821 intellectiles
2379 4772 2396 4835 (
2422 4765 2692 4835 siquidem
2743 4764 3086 4835 simplicibus
3141 4765 3471 4835 quibusdam

1898 4857 2252 4924 conceptibus
2285 4865 2341 4911 et
2371 4857 2944 4912 indemonstrabilibus
2972 4856 3245 4929 intellig-it)
3281 4873 3472 4916 verum

1899 4945 2019 5000 illas
2047 4961 2135 5001 res
2163 4947 2509 5003 intellectiles
2553 4963 2674 5016 (μηδ
2724 4950 2821 5003 sub
2855 4947 3196 5018 intelligendi
3227 4947 3348 5018 ejus
3385 4951 3471 5005 fa-

1899 5037 2156 5092 cultatem
2199 5040 2443 5106 cadunt;
2473 5056 2560 5096 res
2617 5051 2798 5097 autem
2838 5044 3150 5112 superiores
3193 5059 3472 5114 nunquam

1899 5131 2290 5199 apprehendet,
2323 5131 2428 5186 nisi
2467 5148 2564 5202 per
2593 5134 2920 5188 eminentem
2969 5137 3258 5205 quamdam
3314 5138 3474 5192 unio-

1901 5236 2024 5275 nem
2076 5224 2296 5277 sensilia
2337 5225 2778 5296 iutel!ectiliaque
2814 5237 3010 5283 cuncta
3055 5236 3218 5297 atque
3251 5228 3474 5298 insuper

1900 5323 2104 5368 motum
2137 5316 2412 5385 proprium
2457 5321 2706 5385 excedat,
2730 5331 2896 5390 atque
2939 5321 3013 5374 ita
3039 5321 3251 5374 radium
3281 5335 3474 5389 quem-

1899 5409 2020 5462 dam
2053 5409 2250 5464 divinae
2303 5411 2629 5482 cognitionis
2659 5414 2914 5483 accipiat.
2973 5413 3238 5469 Unionem
3288 5421 3470 5466 autem

1899 5516 2030 5566 non,
2055 5503 2216 5558 utita
2251 5505 2372 5572 quis
2403 5505 2572 5572 dicat,
2605 5507 2915 5562 mistionem
2947 5515 3003 5562 et
3038 5515 3354 5562 contactum
3378 5520 3473 5562 vo-

1898 5603 2009 5661 cat,
2041 5597 2184 5666 quod
2213 5599 2399 5670 utique
2419 5600 2584 5656 etiam
2609 5600 2830 5670 dicitur,
2861 5609 2918 5656 ut
2951 5615 3073 5657 cum
3094 5600 3149 5656 in
3177 5613 3471 5671 progressu

287 5837 403 5908 H5,
442 5835 578 5894 Vide
636 5835 855 5894 Scholia
903 5835 960 5894 S.
991 5835 1233 5908 Maximi,
1270 5847 1397 5897 tom.
1430 5839 1472 5897 ll
1503 5855 1622 5913 cap.
1655 5839 1684 5895 7
1717 5840 1794 5897 De
1823 5839 1984 5898 divin.
2010 5857 2148 5898 nam.
