3866 6232
375 330 482 388 879

1556 330 1612 386 S.
1656 330 1954 387 DIONYSII
1988 328 2459 387 AREOPAGITE

3541 324 3665 382 δυο

374 446 465 502 hic
518 455 755 502 sanctus
799 446 923 501 ait:
981 446 1209 512 Quando
1268 463 1413 502 mem
1466 448 1955 516 supernaturalibus

2062 446 2156 500 τοῦ
2182 446 2357 517 μένει,
2385 443 2598 516 ἀμερὴς
2627 445 2904 514 φαίνεται·
2931 442 3022 497 διὰ
3071 442 3230 497 τοῦτο
3250 441 3453 497 ἕνωσιν
3505 440 3665 507 λέγει

370 541 538 595 radiis
560 541 713 594 unita
748 539 931 609 fuerit,
978 541 1076 594 sed
1104 539 1774 608 quoniamintellectiones
1811 542 1952 599 infe—

373 634 547 688 riores
584 642 710 689 sunt
740 631 1095 702 intelligente,
1122 639 1179 686 et
1204 632 1419 700 quando
1465 632 1668 703 aliquid
1698 633 1956 703 intelligi-

375 732 497 789 tur,
530 723 918 779 verosimiliter
975 725 1140 778 etiam
1189 723 1381 779 divisio
1436 725 1686 795 quedam
1736 727 1953 784 unionis

373 815 542 885 ipsius
591 816 786 872 mentis
823 816 1006 871 existit
1037 832 1051 881 ;
1096 817 1221 870 dum
1256 830 1386 872 vero
1433 817 1488 871 in
1512 830 1571 873 se
1596 817 1713 887 ipso
1740 828 1947 885 manet,

374 909 635 964 indivisus
674 917 948 978 apparet:
979 908 1184 965 idcirco
1238 910 1491 965 unionem
1539 920 1699 966 vocat
1750 923 1952 967 statum

374 997 520 1053 illum
552 1013 712 1068 quem
763 1001 1059 1055 secundum
1114 1015 1174 1056 se
1229 1001 1414 1055 unitus
1456 1000 1638 1069 habet,
1670 1002 1953 1073 :equaliter

2055 539 2157 611 τὴν
2186 538 2329 594 κατὰ
2380 538 2442 592 τὸ
2472 540 2673 592 ἑνιαίον
2702 536 2893 591 ἑαυτοῦ
2929 537 3157 609 ἵδρυσιν,
3198 535 3503 607 προσσαλεῖ
3544 535 3672 606 γὰρ

2060 632 2191 697 ἴσως
2234 634 2300 703 τῇ
2330 632 2458 704 πειρί
2500 630 2637 684 Θεοῦ
2688 629 2911 701 θεωρίᾳ,
2948 630 3009 682 οὐ
3043 626 3343 700 μερισθεὶς,
3384 628 3448 680 οὗ
3497 643 3669 696 κινη-

2057 727 2191 792 θεὶς,
2236 728 2297 780 οὐ
2347 726 2568 797 νοήσας,
2629 724 2745 778 ἀλλ’
2768 723 2904 787 ὅλως
2948 722 3089 777 κατά
3128 739 3249 775 τινα
3270 720 3490 792 ἀτρεμῆ
3533 721 3669 773 ἀκι-

2058 821 2250 891 νησίαν
2281 822 2339 873 ὲν
2396 817 2474 889 τῷ
2528 812 2684 881 ὅλους
2735 815 2984 886 γίνεσθαι
3039 815 3188 885 ήμᾶς
3232 813 3328 867 τοῦ
3377 813 3521 867 Θεοῦ
3568 814 3674 868 καὶ

2062 912 2138 983 μὴ
2202 911 2409 967 ἑαυτῶν
2436 928 2449 942 ο
2512 910 2655 964 οὓτω
2696 908 2805 981 γὰρ
2855 908 2955 980 τὴν
2996 907 3145 962 θείαν
3203 908 3403 961 ἁκτίνά
3440 925 3534 971 τις
3576 906 3672 960 δέ-

2062 1006 2231 1072 ξεται.

371 1089 517 1143 enim
536 1103 594 1143 se
615 1088 850 1159 applicat
874 1089 1067 1144 divinae
1097 1091 1542 1161 contemplationi
1577 1092 1864 1163 indivisus,
1893 1095 2170 1162 immatus,
2197 1110 2303 1151 non
2324 1093 2652 1166 intelligens,
2681 1093 2774 1149 sed
2804 1093 3011 1165 integre
3026 1091 3343 1159 ,secundum
3364 1092 3672 1162 quamdam

370 1182 1327 1251 intremulamimmobilitatem,dum
1358 1186 1453 1241 toti
1485 1188 1644 1245 limus
1669 1189 1790 1250 Dei.
1824 1198 2003 1245 etnon
2022 1191 2232 1255 nostri;
2277 1190 2356 1244 sic
2400 1193 2543 1244 enim
2599 1186 2843 1241 divinum
2905 1187 3114 1241 radium
3161 1186 3357 1255 aliquis
3402 1186 3671 1254 accipiet;

444 1273 570 1347 ﬁll.
598 1276 746 1330 llanc
784 1275 968 1346 itaque
1010 1278 1357 1348 sapientiam,
1405 1294 1525 1348 quae
1554 1297 1661 1337 non
1718 1282 1963 1338 admittit

372 1368 637 1423 rationem
672 1367 1121 1436 interpretantem
1146 1412 1162 1437 ,
1194 1386 1293 1425 nec
1325 1372 1657 1428 intellectum
1714 1387 1963 1442 compre-

373 1460 723 1525 hendentem,
748 1475 847 1515 nec
869 1460 1191 1531 sapientiam
1241 1466 1616 1521 enuntiantem
1640 1467 1771 1539 (hoc
1796 1482 1961 1523 sensu

370 1550 515 1604 enim
546 1558 705 1605 vocat
750 1550 1149 1617 irrationalem,
1189 1563 1247 1609 et
1311 1567 1582 1613 amentem
1630 1574 1694 1614 ac
1729 1557 1955 1614 stultam

372 1660 484 1698 non
538 1658 635 1712 per
672 1642 1037 1714 aﬂ'ectionem,
1066 1648 1161 1702 sed
1224 1664 1320 1717 per
1377 1657 1721 1721 negationem
1752 1660 1807 1706 et
1860 1666 1959 1723 per

372 1751 667 1794 excessum
692 1778 707 1803 ,
736 1753 842 1793 non
892 1749 1115 1809 propter
1160 1740 1485 1813 deiectum),
1517 1757 1613 1813 per
1670 1758 1960 1799 excessum

374 1830 540 1901 igitur
563 1831 705 1886 hanc
745 1831 1027 1887 laudantes
1073 1833 1327 1898 dicimus,
1354 1836 1533 1889 omnis
1565 1836 1765 1891 mentis
1795 1848 1849 1891 et
1876 1852 1963 1891 ra-

2144 1281 2173 1353 §
2202 1282 2267 1334 11.
2295 1281 2513 1351 Ταύτην
2538 1279 2667 1349 γοῦν
2697 1279 2796 1350 τὴν
2828 1279 3041 1349 σοφίαν,
3089 1278 3189 1351 τὴν
3215 1278 3288 1350 μὴ
3348 1279 3673 1345 πεφυκυῖαν

2067 1373 2322 1440 δέξασθαι
2350 1372 2506 1441 λόγον
2545 1371 2961 1442 ἑρμηνευτικὸν,
3002 1370 3185 1441 ἢνοῦν
3227 1367 3673 1438 καταληπτικὴν,

2071 1465 2103 1537 ἢ
2138 1464 2332 1534 σοφίαν
2362 1462 2755 1533 ἐξαγγελτικήν
2784 1480 2797 1492 ·
2831 1461 2993 1531 (οῦτω
3021 1461 3131 1533 γὰρ
3177 1461 3325 1529 λέγει
3345 1458 3406 1513 τὺ
3441 1459 3671 1527 ἄλογον,

2067 1557 2163 1610 καὶ
2187 1556 2347 1609 ἄνουν
2372 1596 2385 1620 ,
2418 1554 2513 1609 καὶ
2537 1554 2739 1625 μωρὸν,
2790 1555 2849 1607 οὐ
2880 1552 3017 1607 κατὰ
3042 1552 3299 1617 διάθεσιν,
3331 1552 3472 1606 ἀλλὰ
3524 1552 3674 1606 κατὰ

2063 1647 2453 1716 ἀπόφασιν,καὶ
2470 1645 2610 1699 κατὰ
2628 1644 2922 1715 ὑπεροχὴν,
2944 1645 3005 1696 οὐ
3022 1644 3160 1697 κατὰ
3178 1643 3411 1712 ἔλλειψιν
3431 1644 3476 1712 ⁸)
3496 1643 3675 1713 ὑπερ-

2068 1738 2265 1811 οχικῶς
2312 1735 2405 1792 οὖν
2431 1738 2636 1810 ταύτην
2674 1737 2987 1809 ὑμνοῦντες,
3029 1737 3281 1808 λέγομεν,
3327 1738 3410 1790 ὅτι
3455 1736 3673 1799 cured;

2067 1835 2185 1885 ἐστι
2215 1833 2308 1885 καὶ
2340 1831 2498 1900 λόγου
2529 1832 2623 1884 καὶ
2646 1831 2739 1883 νοῦ
2778 1831 2874 1885 καὶ
2930 1829 3111 1901 πάσης
3145 1830 3337 1900 σοφίας
3366 1829 3548 1892 αἰτία,
3575 1828 3674 1882 καὶ

377 1928 537 1983 tionis
555 1930 844 1999 omnisque
863 1930 1149 2000 sapientia:
1166 1945 1386 1985 causam
1411 1932 1672 1994 existere,
1700 1943 1756 1985 et
1788 1929 1955 1999 ipsius

2064 1928 2231 1999 αὐτῆς
2259 1929 2372 1980 ὲστι
2402 1928 2550 1979 πᾶσα
2583 1924 2747 1996 βουλὴ
2784 1925 2879 1979 καὶ
2932 1924 3166 1989 σύνεσις,
3200 1923 3339 1977 κατὰ
3381 1923 3466 1977 τόο
3517 1923 3668 1992 Ἐμὴ

372 2036 494 2076 esse
536 2036 699 2077 omne
727 2022 1011 2078 consilium
1036 2031 1092 2078 et
1120 2023 1434 2088 scientiam,
1453 2020 1608 2090 justa
1632 2022 1761 2076 illud
1790 2039 1804 2075 :
1837 2019 1960 2076 Mea

374 2124 452 2169 est
484 2116 730 2179 scientia,
764 2132 937 2170 meum
969 2117 1094 2171 item
1137 2117 1417 2171 consilium
1446 2125 1495 2170 et
1527 2118 1784 2171 securitas
1815 2118 1877 2181 ί;
1907 2126 1966 2171 et

375 2205 426 2257 in
454 2205 563 2272 ipsa
581 2220 759 2258 omnes
794 2204 1029 2259 thesauri
1064 2206 1335 2274 sapientiae
1356 2203 1519 2276 467
1549 2215 1670 2259 sunt
1698 2213 1748 2259 et
1782 2207 1964 2275 cogni-

376 2295 532 2349 tionis
557 2293 855 2346 absconditi
881 2304 906 2331 ιι
927 2332 942 2359 ,
995 2292 1296 2347 secundum
1326 2309 1581 2363 magnum
1614 2292 1959 2363 Apostolum.

374 2384 592 2439 Etenim
628 2386 771 2440 sicut
811 2393 1013 2440 αξιοι-ηδ
1051 2386 1353 2455 divinaque
1399 2387 1511 2441 vita
1564 2386 1962 2458 suppeditatrix

377 2477 521 2530 dicta
547 2487 631 2531 est
654 2478 818 2530 etiam
848 2476 1018 2546 ipsius
1041 2492 1136 2547 per
1172 2492 1229 2533 se
1260 2480 1400 2543 vitaz,
1437 2490 1492 2535 et
1523 2490 1847 2535 caeterarum
1880 2477 1961 2533 vl-

379 2579 556 2621 tarum
585 2568 853 2635 omnium,
892 2570 972 2624 sic
1022 2571 1209 2640 utique
1256 2573 1423 2627 etiam
1472 2572 1844 2641 omnisapiens
1875 2586 1962 2625 sa-

377 2661 574 2726 pientia
631 2662 797 2732 ipsius
828 2678 1045 2733 quoque
1074 2680 1170 2735 per
1195 2679 1253 2719 se
1300 2665 1584 2735 sapientia:
1630 2679 1821 2729 causa,
1853 2664 1961 2718 sci-

378 2753 508 2807 licet
533 2766 632 2822 per
665 2768 724 2809 se
753 2754 867 2810 sive
900 2755 952 2808 in
991 2770 1069 2819 se,
1100 2755 1327 2811 rationis
1367 2756 1647 2826 sapientia:
1676 2756 1961 2811 creatricis

377 2846 663 2913 omnisque
699 2846 978 2916 sapientiae
1009 2846 1251 2902 eﬂ'ectrix
1279 2849 1487 2914 existit,
1538 2862 1606 2903 ex
1644 2863 1754 2915 qua
1788 2846 1961 2903 intel-

379 2935 643 2991 lectiones
670 2937 873 2992 habent
897 2939 1239 2993 intellectiles
1261 2947 1315 2993 et
1335 2937 1695 3008 intelligentes
1726 2937 1958 2993 virtutes

2064 2018 2338 2082 σύνεσις,
2361 2014 2473 2086 ἐμὴ
2496 2015 2563 2069 δὲ
2574 2013 2778 2083 βουλὴ
2817 2014 2915 2068 καί
2941 2012 3244 2083 ἀσφάλεια
3262 2031 3275 2043 ·
3309 2013 3403 2067 καὶ
3427 2014 3495 2066 ὲν
3524 2015 3671 2085 αὐτῇ

2064 2107 2288 2173 πάντες
2335 2110 2390 2160 οι
2461 2104 2754 2175 θησαυροὶ
2811 2104 2923 2173 τῆς
2984 2107 3204 2176 σοφίας
3243 2106 3385 2168 εἰσὶ,
3416 2106 3526 2159 καὶ
3555 2105 3670 2175 τῆς

2064 2198 2341 2267 γνώσεως
2375 2198 2733 2266 ἀπόκρυφοι,
2784 2198 2926 2251 κατὰ
2962 2198 3054 2251 τὸν
3096 2198 3270 2268 μέγαν
3311 2196 3669 2251 Ἀπόσ-τολον.

2064 2290 2175 2343 Καὶ
2190 2292 2298 2361 γὰρ
2329 2289 2518 2363 ὥσπερ
2538 2293 2571 2361 ή
2594 2292 2787 2345 αίωνία
2814 2293 2908 2346 καὶ
2931 2290 3053 2346 θεία
3075 2290 3188 2364 ζωὴ
3210 2292 3517 2355 ὑποστάτις
3544 2291 3669 2345 ἐλέ-

2064 2398 2191 2450 γετο
2232 2382 2328 2437 καὶ⁷
2361 2383 2531 2452 αὐτῆς
2574 2383 2674 2453 τῆς
2702 2383 2979 2453 αὑτοζωῆς
3035 2382 3129 2434 καὶ
3158 2380 3266 2433 τῶν
3286 2380 3493 2452 ἐτέρων
3516 2382 3670 2435 άπα-

2066 2475 2174 2529 σῶν
2195 2475 2369 2541 ζωῶν,
2400 2475 2542 2528 οῦτω
2561 2475 2627 2547 δὴ
2650 2477 2743 2529 καὶ
2770 2478 2803 2547 ή
2827 2475 3101 2544 πάνσοφος
3132 2474 3293 2543 σοφία
3311 2514 3325 2538 ,
3356 2475 3516 2526 αἰτία
3548 2475 3674 2527 ἐστὶ

2064 2570 2158 2622 καὶ
2193 2568 2291 2639 τῆς
2320 2567 2665 2637 αὑτοσοφίας,
2696 2567 2942 2638 δηλονότι
2976 2566 3041 2620 δι’
3074 2565 3290 2631 ἑαυτοῦ,
3342 2566 3522 2636 ἧγουν
3572 2567 3670 2620 τοῦ

2064 2663 2122 2713 ὲν
2145 2660 2294 2731 αὐτῷ
2319 2659 2709 2731 δημιουργικοῦ
2734 2660 2893 2727 λόγου
2917 2660 3013 2731 τῆς
3042 2658 3252 2728 σοφίας,
3286 2658 3383 2711 καὶ
3430 2659 3671 2729 ἁπάσης

2066 2755 2257 2823 σοφίας
2288 2756 2601 2819 ὑποστάτις,
2628 2755 2688 2820 ἐξ
2712 2750 2778 2825 ἦς
2804 2754 2986 2825 ἔχουσι
3012 2752 3110 2816 τὰς
3134 2754 3347 2823 νοήσεις
3373 2755 3429 2806 αἱ
3457 2751 3671 2823 νοηταί

2062 2874 2121 2909 τε
2151 2857 2245 2911 καὶ
2267 2857 2453 2928 νοεραὶ
2476 2855 2585 2910 τῶν
2606 2856 2853 2925 ἀγγέλων
2881 2855 3159 2926 δυνάμεις.
3211 2854 3415 2924 Νοεραὶ
3443 2856 3504 2907 αἱ
3554 2854 3629 2923 ὑφ
3646 2884 3667 2894 -

2062 2949 2275 3020 ειμέναι
2308 2948 2417 3001 τῶν
2442 2949 2582 3019 ὑπὲρ
2611 2948 2802 3013 αὐτὰς,
2836 2948 2929 3001 καὶ
2971 2949 3143 3001 πᾶσαι
3169 2945 3301 2999 Θεοῦ
3325 2963 3336 2975 ·
3372 2947 3572 3015 νοηταὶ
3603 2947 3669 2997 αἱ

378 3028 720 3097 angelorum.
774 3028 1140 3099 lnlelligcntes
1186 3038 1315 3084 sunt
1368 3028 1657 3083 inferiores
1703 3037 1953 3096 respectu

2062 3044 2314 3116 ὑπεράνω
2339 3044 2472 3115 πρὸς
2488 3042 2585 3107 τὰς
2612 3042 2909 3114 ὑφειμένας
2929 3083 2943 3105 ,
2985 3042 3079 3096 καὶ
3109 3042 3279 3094 πᾶσαι
3305 3040 3440 3110 πρὸς
3466 3041 3621 3109 ἡμᾶς
3642 3057 3661 3069 ο

377 3121 822 3190 superiorum,et
870 3136 1058 3176 omnes
1119 3131 1370 3191 respectu
1430 3121 1568 3175 Dei:
1608 3120 1955 3178 iutellectiles

377 3222 501 3264 sunt
538 3212 850 3280 superiores
882 3221 1135 3281 respectu
1171 3210 1518 3276 inferiorum,
1557 3220 1610 3265 et
1641 3225 1833 3266 omnes
1862 3227 1955 3268 re-

377 3307 563 3368 spectu
595 3300 768 3353 nostri
796 3319 810 3365 ;
842 3315 940 3355 nos
960 3302 1105 3355 enim
1136 3300 1401 3354 duntaxat
1431 3316 1621 3355 sumus
1647 3300 1956 3372 intelligen-

379 3400 481 3454 tes,
510 3390 637 3460 quia
685 3406 790 3445 non
847 3391 1109 3446 habemus
1149 3389 1312 3444 aliam
1363 3390 1774 3461 intelligentiam
1816 3392 1957 3448 infe-

376 3483 575 3537 riorem
608 3497 706 3552 per
734 3496 895 3552 quam
930 3482 1592 3553 intelligamur,siquidem
1626 3482 1958 3551 anima,qua‘.

379 3590 477 3631 nos
502 3576 768 3645 sequitur,
807 3575 1143 3630 irrationalis
1169 3586 1251 3630 est
1280 3585 1337 3631 et
1372 3575 1570 3630 mentis
1599 3588 1819 3643 expers.
1844 3571 1956 3627 lla-

379 3670 510 3723 bent
552 3667 737 3737 itaque
761 3668 1017 3724 caelestes
1042 3668 1284 3725 Virtutes
1319 3667 1726 3723 intellectiones
1765 3681 1874 3722 non
1902 3666 1955 3721 in

378 3764 755 3829 divisibilibus,
790 3780 887 3820 nos
937 3774 1118 3821 autem
1172 3765 1225 3819 in
1274 3765 1638 3820 divisibilibus
1696 3779 1957 3820 sensuum

380 3858 779 3912 instrumentis.
823 3858 982 3913 Aliud
1037 3860 1183 3913 enim
1210 3859 1446 3928 auditus,
1501 3867 1556 3912 et
1582 3857 1729 3914 aliud
1783 3859 1955 3923 visus,

379 3958 433 4004 et
475 3950 555 4005 sic
588 3950 653 4005 de
688 3950 834 4006 aliis.
867 3952 931 4007 Et
955 3953 1023 4008 ab
1055 3953 1137 4007 his
1160 3950 1521 4007 divisibilibus
1550 3950 1845 4007 sensilibus
1882 3966 1961 4006 re-

380 4056 500 4095 rum
554 4041 921 4113 cognitionem
986 4044 1295 4115 recipimus,
1352 4052 1446 4099 aut
1493 4042 1549 4097 in
1604 4043 1959 4101 divisibilihus

377 4133 594 4203 quidem
625 4147 693 4187 ex
737 4143 889 4202 parte
911 4134 1356 4205 cogitationibus,
1391 4136 1486 4191 sed
1522 4150 1552 4189 a
1589 4136 1958 4191 divisibilibus

379 4224 681 4295 disciplinis
736 4240 833 4279 seu
884 4224 1190 4281 intellectus
1225 4226 1495 4297 objectis;
1530 4227 1634 4284 hoc
1661 4229 1806 4284 enim
1834 4237 1956 4287 est.

377 4332 469 4385 per
489 4317 867 4387 divagationes.
915 4316 1032 4373 Non
1062 4320 1205 4374 enim
1240 4319 1401 4375 simul
1432 4321 1749 4391 disciplinas
1780 4323 1959 4395 perci-

2060 3138 2219 3209 ήμεῖς
2240 3137 2349 3207 γὰρ
2366 3137 2540 3209 νοεροὶ
2565 3136 2720 3207 μόνον
2745 3134 2931 3206 ὲσμέν·
2966 3133 3086 3188 οὐδὲ
3114 3132 3186 3202 γά
3196 3150 3224 3204 ρ
3239 3132 3435 3202 ἔχομεν
3450 3130 3665 3201 ἑτέραν

2060 3230 2215 3302 ἡμῶν
2262 3230 2577 3302 κατωτέραν
2629 3230 2835 3301 νόησιν,
2872 3228 2941 3281 δι’
2996 3222 3063 3299 ἦς
3104 3225 3171 3280 ἂν
3220 3224 3584 3295 νοηθείημεν·
3622 3225 3665 3294 ἡ

2059 3324 2252 3393 ἄλογος
2300 3322 2409 3395 γὰρ
2442 3323 2537 3375 καὶ
2585 3324 2618 3393 ἡ
2661 3322 2821 3386 ἄνους
2851 3320 2998 3391 ψυχὴ
3037 3319 3160 3373 καθ’
3208 3320 3376 3390 ἡμᾶς.
3423 3317 3664 3387 Ἔχουσι

2059 3411 2188 3479 γοῦν
2216 3414 2269 3465 αί
2303 3412 2547 3483 οὐράνιαι
2570 3410 2826 3481 δυνάμεις
2871 3411 2969 3474 τὰς
3000 3412 3217 3482 νοήσεις
3253 3410 3353 3461 οὐκ
3398 3411 3455 3461 ἐν
3491 3425 3663 3479 μερι-

2063 3503 2242 3565 στοῖςο
2274 3502 2436 3572 ἡμεῖς
2488 3501 2599 3574 γάρ
2655 3502 2713 3554 ἐν
2759 3503 3035 3573 μεριστοῖς
3075 3502 3189 3562 τοῖς
3234 3498 3657 3569 αἰσθητηρίοις’

2062 3593 2190 3646 ἄλλο
2214 3593 2323 3665 γὰρ
2347 3591 2501 3664 ἀκοὴ,
2526 3595 2618 3645 καὶ
2648 3593 2838 3665 ἕτερον
2862 3592 3002 3663 ὄψις,
3037 3592 3132 3645 καὶ
3161 3591 3229 3645 τὰ
3258 3590 3394 3645 ἄλλα
3422 3592 3659 3662 ὁμοίως.

2061 3686 2170 3737 Καὶ
2209 3686 2319 3740 ἀπὸ
2367 3687 2638 3758 μεριστῶν
2688 3688 2795 3740 τῶν
2846 3687 2968 3740 κατ’
3016 3684 3157 3739 αὐτὰ
3206 3683 3512 3755 αἰσθητῶν,
3554 3686 3665 3758 τὴν

2059 3779 2167 3831 τῶν
2196 3778 2333 3833 ὅλων
2362 3779 2560 3849 γνῶσιν
2581 3778 3107 3851 ἀναλαμϐάνομεν,ῆ
3132 3780 3190 3832 ὲν
3217 3780 3497 3850 μεριστοῖς
3530 3779 3659 3849 μὲν,

2059 3873 2170 3933 τοῖς
2195 3869 2335 3925 κατὰ
2366 3870 2528 3943 μέρος
2574 3872 2861 3943 νοήμασιν,
2915 3870 3024 3923 ἀπὸ
3075 3870 3345 3941 μεριστῶν
3401 3869 3478 3931 δὲ,
3542 3869 3659 3921 τῶν

2064 3964 2351 4035 μαθήσεων
2381 3964 2498 4034 ήτοι
2524 3964 2629 4017 τῶν
2646 3963 2968 4035 νοουμένων·
2985 3962 3142 4015 τοῦτο
3162 3962 3269 4033 γάρ
3288 3962 3405 4014 ἐστι
3422 3961 3483 4013 τὸ
3502 3960 3661 4026 διεξ-

2062 4056 2295 4111 οδικῶν.
2340 4057 2451 4127 Οὐχ
2482 4057 2597 4127 ἅμα
2616 4056 2725 4128 γὰρ
2746 4057 2843 4119 τὰς
2882 4056 3146 4127 μαθήσεις
3173 4054 3549 4125 λαμϐάνομεν,
3568 4056 3658 4108 ἁλι

2060 4149 2128 4203 λὰ
2160 4149 2334 4220 χρόνῳ
2360 4149 2452 4202 καὶ
2482 4150 2774 4220 μεριστῶς.
2798 4150 2864 4201 Αἱ
2894 4148 2951 4201 δὲ
2975 4147 3159 4218 νοεραὶ
3183 4146 3393 4215 φύσεις,
3412 4147 3653 4202 ἀκοινω-

2061 4243 2235 4314 νήτως
2254 4244 2390 4314 πρὸς
2407 4241 2475 4295 τὰ
2494 4243 2721 4296 τοιαῦτα
2739 4242 2917 4295 πάντα
2933 4240 3172 4311 ἔχουσαι,
3186 4241 3363 4311 ἐνιαίᾳ
3381 4240 3476 4293 καὶ
3499 4241 3652 4311 ἁπλῇ

2060 4335 2241 4406 νοήσει
2268 4336 2365 4406 τῆς
2379 4334 2634 4406 ἀληθείας
2651 4334 2747 4406 τὴν
2766 4333 2964 4402 γνῶσιν
2982 4332 3466 4403 ἐπιλαμϐάνονται.
3493 4333 3573 4386 Τὸ
3594 4333 3653 4386 δὲ

378 4411 574 4479 pimus,
605 4410 701 4465 sed
729 4419 993 4481 tempore,
1042 4427 1107 4468 ac
1142 4412 1379 4469 divisim.
1434 4413 1798 4485 lntelligentes
1829 4428 1955 4470 vero

2062 4425 2165 4478 ὑπό
2184 4443 2325 4489 τινος
2363 4424 2564 4489 κοινοῦ,
2595 4423 2833 4478 τοιοῦτόν
2877 4426 3025 4477 ἐστιν
3047 4440 3059 4451 ·
3090 4424 3144 4477 αἱ
3182 4422 3313 4493 παρ’
3343 4425 3473 4493 ἡμῖν
3502 4423 3653 4491 γνὼ-

382 4510 608 4565 naturte,
654 4501 858 4556 nullam
892 4502 948 4557 in
980 4501 1063 4557 bis
1108 4504 1362 4557 omnibus
1399 4505 1954 4561 communicationem

382 4592 668 4658 habentes,
693 4609 797 4647 una
818 4594 1160 4666 simplicique
1181 4595 1557 4652 intellectione
1589 4598 1841 4655 veritatis
1863 4614 1956 4655 cos

381 4684 622 4756 gnitione
644 4685 1005 4743 illustrantur.
1031 4688 1164 4743 Illud
1218 4700 1421 4757 autem,
1469 4690 1570 4746 sub
1592 4691 1773 4762 aliquo
1805 4708 1953 4748 com-

384 4778 533 4833 muni
589 4788 675 4833 est
724 4780 1039 4848 ejusmodi:
1097 4789 1296 4837 nostrae
1338 4784 1739 4853 cognitionesa
1791 4787 1953 4843 rebus

380 4872 568 4928 divisis
597 4872 833 4929 collectae
862 4889 1148 4931 commune
1201 4874 1332 4946 quid
1383 4879 1736 4945 abstrahunt,
1799 4888 1854 4935 et
1883 4881 1952 4936 ab

381 4963 494 5028 illo,
559 4973 815 5033 tanquam
856 4968 1209 5037 prazcognito,
1270 4968 1414 5023 aliud
1470 4970 1523 5024 in
1577 4970 1947 5040 cognitionem

378 5054 698 5110 adducitur:
733 5058 987 5126 quoniam
1007 5058 1252 5129 ipsaamet
1277 5061 1441 5116 etiam
1471 5062 1797 5117 immediatte
1824 5078 1952 5132 pro-

377 5145 674 5230 positiones
719 5162 782 5202 ac
830 5147 1039 5218 primae
1069 5150 1300 5218 species,
1345 5166 1453 5207 non
1511 5152 1673 5208 aliter
1727 5154 1951 5211 omnino

378 5241 541 5296 etiam
582 5243 649 5297 ad
676 5242 1192 5299 demonstrationem
1252 5248 1581 5314 conducent,
1634 5249 1738 5304 nisi
1781 5250 1947 5305 etiam

347 5310 354 5344 ³
378 5336 507 5405 ipsa
539 5351 604 5392 ex
627 5338 919 5393 sensilibus
944 5337 1414 5412 divisibilibusque
1441 5310 1679 5399 motibus
1704 5345 1771 5399 ad
1795 5360 1952 5402 com-—.

375 5445 540 5486 mune
581 5430 859 5501 quidpiam
900 5430 1106 5486 fuerint
1144 5442 1433 5491 revocatte.
1491 5435 1648 5491 Sicut
1692 5436 1841 5492 enim
1888 5436 1947 5493 in

376 5524 538 5591 bello,
560 5525 687 5581 dum
713 5525 773 5580 iit
802 5524 947 5597 fuga,
970 5524 1184 5581 sistitur
1221 5541 1383 5596 un'us,
1403 5538 1460 5583 et
1488 5537 1609 5600 post
1636 5544 1756 5586 eum
1782 5530 1943 5596 alter,

374 5626 430 5671 et
458 5616 672 5685 tertius,
715 5627 769 5673 et
808 5618 888 5675 sic
924 5618 992 5674 de
1026 5617 1267 5685 caeteris,
1305 5628 1360 5677 et
1391 5620 1472 5677 sic
1527 5604 1668 5680 forte
1696 5622 1933 5681 victores

453 5796 471 5833 ι
508 5794 670 5853 Prov.
707 5810 825 5862 vni,
860 5795 948 5851 14.
1034 5808 1063 5837 υ
1098 5796 1308 5854 Coloss.
1343 5812 1403 5864 ιι,
1439 5795 1490 5851 5.

2061 4537 2173 4583 σεις
2219 4520 2326 4573 ἀπὸ
2351 4518 2591 4591 μερικῶν
2620 4517 3001 4587 συναγόμεναι,
3048 4516 3225 4570 κοινόν
3266 4532 3321 4568 τι
3374 4515 3655 4568 ἀποκαθι-

2062 4611 2247 4677 στῶσι,
2276 4612 2369 4665 καὶ
2390 4610 2728 4674 ἀπ’ὲκείνου,
2753 4608 2828 4672 ὡς
2858 4607 3426 4680 προσγινωσκομένου,
3460 4608 3653 4678 ἕτερον

2060 4707 2139 4768 εἰς
2189 4704 2389 4772 γνῶσιν
2416 4703 2746 4770 συνάγεται·
2779 4700 2874 4754 καὶ
2911 4699 3021 4771 γὰρ
3045 4699 3141 4752 καὶ
3177 4698 3341 4750 αὑταὶ
3368 4698 3425 4750 αἱ
3453 4696 3651 4766 άμεσοι

2061 4793 2370 4865 προτάσεις,
2384 4793 2477 4846 καὶ
2492 4791 2811 4862 ἀρχοειδεῖς,
2826 4791 2927 4843 οὐκ
2942 4788 3116 4851 ἄλλως
3133 4788 3315 4853 ἕξουσι
3335 4786 3397 4840 τὸ
3414 4786 3649 4839 καθόλου

2059 4889 2153 4942 καὶ¹
2190 4888 2251 4940 τὸ
2289 4889 2369 4950 εἱς
2395 4883 2666 4948 ἀπόδειξιν
2699 4882 3071 4954 εῦχρηστον,εί
3126 4878 3201 4951 μὴ
3243 4880 3339 4932 καὶ
3379 4874 3544 4933 αὗται
3590 4877 3651 4943 ἐξ

2056 4977 2325 5051 αἰσθητῶν
2358 4977 2451 5031 καὶ
2501 4973 2742 5047 μερικῶν
2775 4974 3043 5043 κινήσεων
3076 4971 3157 5035 εἷς
3208 4988 3262 5023 τι
3292 4970 3472 5024 κοινὸν
3506 4987 3648 5041 συμ-

2056 5068 2454 5140 περιληφθεῖεν.
2492 5067 2578 5129 Ὦς
2602 5064 2710 5135 γὰρ
2728 5065 2784 5117 ὲν
2813 5062 3055 5134 πολέμῳ,
3091 5061 3301 5134 τροπῆς
3320 5059 3644 5130 γενομένης,

2057 5155 2135 5223 εἷς
2163 5160 2312 5232 ἔστη,
2358 5159 2453 5213 καὶ
2510 5158 2629 5229 μετ’
2650 5153 2814 5210 αὐτοῦ
2852 5153 3124 5226 δεύτερος,
3162 5152 3259 5205 καὶ
3287 5151 3475 5221 τρίτος
3499 5191 3513 5212 ,
3552 5152 3647 5204 καὶ

2059 5252 2313 5323 καθεξῆς,
2343 5253 2437 5305 καὶ⁵
2455 5251 2625 5315 οὕτως
2650 5251 2781 5314 ἴσως
2817 5246 3207 5321 ἐπικρατοῦσιν
3233 5245 3281 5297 οἱ
3302 5244 3444 5307 τέως
3469 5260 3647 5312 παρα-

2058 5344 2385 5407 πεπονθότες
2409 5360 2423 5373 ο
2470 5344 2564 5397 καὶ
2614 5344 2707 5396 ἐπὶ
2742 5343 2842 5415 τῆς
2890 5340 3076 5409 κοινῆς
3130 5337 3387 5408 γνώσεως
3444 5334 3644 5407 μερικά

2056 5435 2148 5488 καὶ
2172 5432 2404 5505 αἰσθητὰ
2434 5433 2778 5504 συναγόμενα
2815 5433 2877 5487 τὸ
2899 5431 3077 5487 κοινὸν
3108 5427 3349 5483 ποιοῦσι.
3408 5426 3499 5496 Τῷ
3531 5425 3644 5496 γὰρ

2053 5530 2280 5595 πολλοὺς
2318 5528 2575 5593 πολλάκις
2609 5529 2778 5600 ὁποίῳ
2797 5528 2861 5601 δή
2884 5545 2991 5581 τινι
3016 5527 3149 5597 πυρὶ
3185 5523 3511 5595 πλησιάσαι,
3550 5519 3643 5573 καὶ

2044 5621 2436 5694 θερμανθῆναι,
2478 5623 2513 5693 ή
2550 5621 2813 5695 καθολική
2836 5620 3127 5689 ἐπεγένετο
3162 5616 3391 5688 γνῶσις,
3416 5616 3501 5669 ὃτι
3532 5614 3643 5666 πᾶν
