3866 6232
180 351 290 409 881

757 348 848 405 DE
883 350 1136 409 DIVINIS
1168 353 1565 424 NOMINIBUS,
1600 358 1751 414 CAP.
1788 357 1901 415 νη.
1933 388 2005 399 —-
2028 356 2374 414 PARAPHR.
2400 358 2869 417 PACHYMERzE.

3325 364 3429 420 882

171 466 292 539 πῦρ
308 466 365 521 θε
375 466 607 541 ρμαίνει·
624 467 684 535 ἐξ
698 462 759 524 οὗ
774 469 957 527 κοινοῦ
981 488 1043 523 συ
1051 488 1161 543 pane
1168 472 1455 547 ριεχομένη
1472 476 1505 546 ἡ
1523 474 1751 547 ἡμετέρα

1865 476 2102 531 evadunt
2131 477 2224 547 qui
2256 488 2385 533 ante
2419 477 2875 543 succumbebant;
2910 477 3239 535 similiterin
3288 493 3431 534 com-

164 559 408 625 διάνοια,
438 561 625 634 ἕτερον
652 562 992 633 μανθάνειδι’
1022 565 1362 638 αὐτοῦ,ὅπερ
1377 566 1759 636 ὲπὶτῶνάγγέ-

167 650 285 704 λων
300 651 401 704 οὐκ
432 651 599 705 ἐστιν’
619 652 753 706 ἀλλὰ
778 653 976 717 παντὸς
992 653 1203 719 ὑλικοῦ,
1223 654 1463 727 δηλονότι
1477 654 1755 728 αἰσθητοῦ,

167 744 271 797 καὶ
301 743 537 816 πλήθους
569 746 811 817 μερικῶν
841 763 1002 801 τινων
1039 747 1294 816 γνώσεων
1327 747 1755 821 καθαρεύοντες,

165 831 424 897 ὲνοειδῶς
439 833 540 904 οὐχ
562 832 776 887 ἅπαντα
793 833 861 887 τὰ
879 835 998 890 θεῖα
1012 837 1242 902 νοοῦσιν,
1274 837 1388 891 ἀλλ’
1404 840 1504 893 ὅσα
1520 839 1757 893 νοεῖσθαι

163 920 388 986 τούτοις
413 922 712 991 πεφύκασι,
733 923 820 977 διὰ
851 923 949 997 τὴν
981 926 1089 979 ἀπὸ
1122 925 1259 980 Θεοῦ
1291 928 1427 998 πρὸς
1452 929 1651 993 αὐτοὺς
1680 928 1759 981 ἕλ-

161 1009 403 1082 λαμψιν,
432 1005 577 1086 ᾗτινι
596 1016 691 1067 καὶ
716 1016 1187 1086 καταγλατζονται,
1213 1018 1458 1089 καὶπρὸς
1479 1018 1541 1073 τὺ
1560 1020 1758 1074 ὲνιαῖον

162 1102 595 1158 ἀνατυποῦνταιο
625 1104 784 1161 τοῦτο
801 1107 911 1179 γάρ
940 1109 1088 1162 ἐστιν
1107 1108 1286 1163 αὐτῶν
1303 1110 1364 1163 τὸ
1380 1109 1629 1174 θεοειδές.
1658 1110 1757 1166 Διά

162 1195 378 1266 ταύτην
400 1196 497 1267 τὴν
521 1196 673 1252 θείαν
696 1200 885 1268 σοφίαν
901 1200 995 1255 καὶ
1010 1203 1064 1255 αἱ
1080 1200 1248 1272 ψυχαὶ
1274 1203 1334 1256 τὸ
1355 1202 1574 1271 λογικὸν
1601 1202 1753 1274 ἔχου-

162 1301 248 1338 σι.
303 1286 403 1340 Διά
431 1287 483 1341 τί
504 1288 558 1341 δὲ
583 1289 644 1342 οὐ
672 1290 734 1343 τὸ
767 1291 979 1359 νοερὸν
1010 1288 1163 1346 εἶπεν
1181 1333 1196 1358 ,
1230 1293 1366 1347 ἀλλά
1399 1294 1461 1347 τὸ
1488 1295 1753 1365 λογικὸν,

162 1378 206 1448 ἦ
252 1378 411 1449 δῆλον
441 1380 507 1433 ἐκ
542 1379 637 1433 τοῦ
671 1380 1087 1447 πλεονάζοντοςο
1148 1384 1324 1439 πάντα
1361 1386 1471 1458 γάρ
1503 1386 1572 1440 τὰ
1627 1389 1755 1459 τῇδε

155 1470 275 1522 ὅσα
300 1470 505 1525 οἴδασιν
536 1474 591 1526 αἱ
644 1472 814 1544 ψυχαὶ
854 1473 1162 1541 διεξοδικῶς
1199 1477 1266 1529 δι’
1300 1478 1645 1544 ἀποδείξεων,
1676 1479 1755 1533 ἔτι

159 1561 228 1613 δὲ
281 1563 377 1615 καὶ
404 1562 492 1617 διὰ
537 1564 779 1637 μερικῶν
806 1566 1110 1638 αίσθήσεων
1134 1569 1332 1623 οἴδασι.
1385 1571 1465 1625 Τὰ
1487 1571 1543 1625 δὲ
1590 1573 1757 1643 νοητὰ

161 1654 287 1705 νοεῖ
546 1656 606 1707 ού
639 1656 773 1709 καθὸ
814 1657 959 1729 ψυχὴ
1007 1659 1163 1728 λόγον
1204 1660 1422 1732 ἔχουσα,
1456 1662 1593 1717 ἀλλὰ
1621 1664 1756 1718 καθὸ

160 1744 300 1808 νοῦς
319 1763 333 1776 ·
382 1746 504 1800 τότε
543 1747 653 1819 γὰρ
678 1745 819 1804 οἶδεν
845 1753 873 1803 6
918 1751 1042 1815 νοῦς
1072 1752 1140 1805 τὰ
1166 1754 1352 1824 νοητὰ,
1382 1756 1472 1809 ὅτε
1498 1756 1570 1828 μὴ
1598 1756 1755 1827 μόνον

161 1836 284 1889 τῶν
309 1837 600 1908 αἰσθητῶν,
624 1840 761 1895 ἀλλὰ
808 1842 902 1895 καὶ
944 1843 1042 1913 τῆς
1087 1842 1265 1914 ψυχῆς
1296 1846 1389 1898 καὶ
1435 1845 1628 1899 ἑαυτοῦ
1651 1845 1758 1909 ὲξί-
1786 1833 1830 1888 Β

162 1947 386 1985 σταται.
420 1932 592 1985 Τοῦτο
633 1932 786 2005 δηλοῖ
818 1936 912 1989 καὶ
936 1935 964 1988 6
992 1935 1133 1999 θεῖος
1171 1935 1511 2003 Ἀπόστολος,
1555 1938 1616 1991 '0
1640 1941 1759 2007 ψυ-

158 2022 342 2089 χικὸς
379 2022 710 2091 ἅνθρωπος,
736 2025 931 2095 λέγων,
970 2030 1042 2081 οὺ
1075 2027 1310 2097 δέχεται
1336 2029 1411 2084 τὰ
1430 2029 1536 2084 τοῦ
1574 2032 1755 2085 πνεύ-

154 2128 375 2181 ματος.
439 2114 844 2169 Ἀπολείπονται
885 2112 977 2171 οὖν
1008 2120 1063 2172 αἱ
1092 2118 1261 2190 ψυχαὶ
1287 2118 1395 2173 τῶν
1431 2120 1645 2175 ὲνιαίων
1663 2123 1757 2177 καὶ

158 2203 479 2272 ἀγγελικῶν
503 2205 638 2260 νοῶν
678 2206 758 2277 τῷ
820 2208 1049 2280 ποικίλῳ
1098 2211 1192 2263 καὶ
1227 2210 1469 2282 μεριστῷ
1490 2213 1589 2283 τῆς
1618 2231 1755 2268 παν-

156 2294 436 2360 τοδαποῦς
460 2295 732 2365 γνώσεως.
773 2295 927 2366 Εἶτα,
958 2301 1144 2374 ἐπειδὴ
1174 2304 1231 2356 αἱ
1268 2302 1409 2357 κατὰ
1451 2302 1551 2368 τὰς
1578 2305 1755 2376 ψυχὰς

157 2386 425 2456 γνώσεις,
454 2388 542 2443 διά
564 2389 722 2459 λόγου
745 2392 1049 2463 γινόμεναι,
1080 2396 1160 2457 εἰς
1182 2395 1244 2448 τὸ
1269 2394 1328 2448 ἓν
1357 2397 1754 2451 συνελίττονται

159 2478 351 2549 (τοῦτο
373 2481 482 2553 γάρ
514 2484 629 2535 ἐστι
657 2483 752 2537 καὶ
803 2483 865 2537 τὸ
902 2488 1014 2539 καθ
1034 2485 1047 2505 ’
1075 2486 1220 2541 αὐτὸ
1261 2488 1356 2541 καὶ
1383 2488 1444 2541 τὸ
1491 2490 1754 2544 καθόλου

158 2571 283 2640 τῆς
321 2573 687 2641 ἀποδείξεως
707 2575 747 2647 ’)
777 2576 1051 2642 ἀξιοῦνται
1082 2580 1178 2632 καὶ
1198 2581 1253 2632 αἱ
1275 2580 1446 2651 ψυχαὶ
1464 2581 1574 2635 τῶν
1602 2584 1755 2652 ίσαγ-

159 2661 365 2731 γέλων.
432 2663 530 2717 Διά
598 2665 756 2719 τοῦτο
779 2706 795 2731 ,
844 2666 1034 2738 νόησαι
1084 2664 1275 2723 δὲ’καὶ
1314 2670 1552 2735 ἐνιαίως,
1584 2671 1659 2736 ὡς
1687 2671 1753 2727 ἂν

161 2753 317 2806 εῐποι
362 2769 467 2819 τις,
502 2756 742 2811 νοοῦσιν
777 2758 811 2827 ἢ
838 2760 933 2813 καὶ¹
974 2758 1168 2825 ἄλλως,
1216 2762 1305 2814 ὅτε
1339 2762 1412 2834 μὴ
1440 2762 1526 2816 διά
1570 2762 1750 2832 λόγου,

159 2845 311 2899 ἀλλά
334 2847 401 2899 δι’
416 2849 674 2902 ἐπιπόνου
711 2850 806 2905 καὶ
829 2852 947 2904 κατ’
976 2852 1174 2923 ἀρετὴν
1202 2852 1388 2920 ἕξεως,
1411 2854 1439 2906 6
1461 2855 1553 2908 καὶ
1580 2859 1753 2927 κρεῖτ-

158 2954 285 3001 τον,
326 2941 406 3001 εἰς
452 2940 512 2992 τὸ
540 2942 741 2995 ἑνιαῖον
795 2943 894 3013 τῆς
925 2942 1177 3013 γνώσεως
1233 2945 1523 3015 φθάνουσι’
1571 2948 1755 3014 καθὼς

160 3028 320 3083 ἔστιν
340 3030 465 3083 ἰδεῖν
482 3033 541 3085 ὲν
564 3035 675 3097 τοῖς
692 3034 947 3103 μεγάλοις
970 3035 1064 3089 καὶ
1098 3034 1261 3101 θείοις
1279 3039 1547 3110 πατράσιν
1575 3038 1751 3110 ἡμῶν,

158 3124 283 3185 τοῖς
312 3121 385 3194 μὴ
410 3123 516 3176 ἀπὸ
546 3124 859 3195 μαθήσεως,
884 3126 1001 3179 ἀλλ’
1030 3126 1138 3180 ἀπὸ
1166 3128 1534 3200 καθαρότητος
1562 3130 1662 3201 τῆς
1683 3131 1752 3184 δι’

160 3213 392 3286 ἀρετὴν,
423 3218 504 3279 είς
548 3217 791 3287 μεγάλας
841 3218 1075 3290 θεωρίας
1116 3219 1351 3286 ἐλθοῦσι,
1400 3223 1494 3277 καὶ
1524 3229 1753 3293 γνώσεις

160 3304 448 3376 θειοτέρας
470 3306 501 3378 ἢ
537 3307 677 3362 κατά
704 3308 1010 3381 ἄνθρωπον.
1044 3312 1165 3365 Ἔτι
1192 3313 1292 3366 οὐκ
1315 3312 1381 3368 ἂν
1418 3316 1639 3389 ἁμάρτῃ
1660 3334 1753 3381 τις

158 3398 263 3451 καὶ
314 3399 443 3468 περὶ
479 3398 586 3454 τῶν
631 3400 939 3473 αἰσθήσεων
967 3404 1405 3476 ἀποφηνάμενος,
1452 3409 1535 3461 ὅτι
1564 3408 1752 3462 τελευ-

157 3491 320 3541 ταῖον
349 3488 621 3560 ἀπήχημα
658 3491 759 3562 τῆς
786 3492 937 3558 θείας
968 3493 1161 3564 σοφίας
1215 3498 1353 3550 εἰσίν
1374 3515 1387 3527 ο
1432 3484 1614 3569 ἔχουσι
1642 3502 1753 3573 γὰρ

160 3580 262 3633 καὶ
285 3574 444 3634 αὗται
487 3580 599 3645 ἕξιν
639 3582 762 3637 τινὰ
805 3584 1198 3659 ἀντιληπτικὴν
1227 3587 1337 3641 τῶν
1380 3588 1752 3662 ὑποκειμένων

161 3672 263 3725 καὶ
297 3673 623 3745 γνωστικὴν,
655 3676 705 3728 εἰ
744 3676 839 3729 καὶ¹
872 3679 1202 3748 σωματικῶν
1252 3681 1643 3754 αἰσθητηρίων,
1680 3683 1751 3737 δι’

157 3757 243 3818 ὧν
272 3764 375 3835 τῆς
406 3765 584 3837 ψυχῆς
609 3765 954 3838 παρακύψαι,
982 3768 1272 3824 ἐνδέονται.
1314 3774 1373 3825 Οἱ
1394 3772 1451 3824 δὲ
1475 3772 1748 3843 δαίμονες,

158 3856 306 3911 καθὸ
343 3856 467 3911 νοῦν
495 3856 591 3911 καὶ
621 3857 777 3912 αὐτοὶ
810 3858 1043 3931 ἔχουσιν,
1067 3863 1132 3915 ὲκ
1158 3863 1261 3933 τῆς
1286 3864 1477 3933 σοφίας
1495 3862 1589 3917 τοῦ
1612 3864 1748 3918 Θεοῦ

154 3948 356 4002 τοῦτον
382 3949 672 4019 κέκτηνται
691 3967 704 3979 ’
746 3949 1110 4023 ἀλογήσαντες
1128 3953 1205 4020 δὲ,
1238 3956 1332 4009 καὶ
1365 3955 1439 4027 μὴ
1469 3956 1751 4027 μείναντες

152 4040 306 4111 ὅπερ
328 4035 490 4111 ἦσαν,
514 4040 786 4096 ἔκπτωσιν
804 4042 995 4113 σοφίας
1021 4043 1221 4115 μᾶλλον
1248 4044 1567 4117 ὑπέμειναν.
1602 4046 1751 4115 Ἐφί-

157 4147 287 4183 εται
315 4130 416 4201 μὲν
438 4128 549 4202 γὰρ
579 4130 639 4195 ἐξ
663 4130 889 4200 ἀλογίας
910 4134 1005 4187 καὶ
1029 4133 1171 4187 θέλει
1196 4134 1257 4188 τὸ
1278 4134 1482 4189 ἰσόθεον
1506 4137 1535 4189 6
1561 4137 1751 4210 δαιμό-

155 4236 279 4283 νιος
308 4218 451 4285 νοῦς,
473 4221 575 4274 οὐκ
608 4217 715 4275 οἶδε
740 4221 798 4275 δὲ
822 4224 971 4287 ὅπως
998 4224 1189 4279 τούτου
1232 4228 1416 4299 τυχεῖν
1438 4227 1663 4294 ἔνεστιν,
1686 4230 1747 4283 οὐ

156 4308 349 4378 φύσει,
368 4309 555 4364 παθὼν
567 4310 665 4383 τὴν
679 4312 919 4383 ἄγνοιαν,
937 4315 1050 4368 ἀλλ’
1069 4316 1328 4382 ἑκουσίως
1342 4317 1401 4370 τὺ
1418 4318 1569 4391 παρά
1589 4318 1748 4388 φύσιν

154 4399 508 4473 αἱρούμενος.
533 4403 693 4457 Ὥστε
711 4406 803 4459 καὶ
822 4406 944 4460 ἐπεὶ
958 4406 1126 4479 ἡλογη
1134 4407 1293 4480 μένος
1312 4409 1457 4462 ἐστὶν
1473 4411 1501 4463 6
1518 4409 1625 4463 τῶν
1640 4410 1751 4464 δαια

1860 568 2007 622 muni
2058 570 2410 639 cognitione,
2464 569 2759 626 divisibilia
2821 568 3151 639 sensiliaque
3202 565 3430 625 coll‘ec‘a

1858 677 2147 719 commune
2192 664 2320 730 quid
2377 662 2606 719 faciunt.
2690 662 2826 718 Nam
2864 678 2931 719 ex
2972 678 3037 719 eo
3081 665 3226 733 quod
3276 663 3429 716 multi

1857 753 2173 826 frequenter
2192 756 2258 810 ad
2291 755 2468 825 ignem
2505 754 2737 825 aliquem
2792 757 3119 811 accedentes
3177 754 3428 810 calefacti

1857 847 1985 915 sint,
2010 847 2285 903 communi
2324 848 2514 904 notitia
2547 857 2832 917 acceptum
2884 857 2985 912 est,
3010 861 3225 902 omnem
3250 848 3429 918 ignem

1856 941 2176 1006 calefacere,
2210 956 2318 1012 qua
2372 940 2646 997 communi
2680 940 2873 996 notitia
2928 939 3223 995 informata
3277 956 3431 996 mens

1858 1043 2071 1098 nostra,
2088 1046 2157 1087 ex
2180 1046 2243 1087 ea
2272 1031 2549 1102 quidpiam
2576 1030 2720 1085 aliud
2743 1029 2941 1096 discit;
2967 1031 3112 1099 quod
3142 1044 3249 1085 non
3268 1030 3432 1085 habet

1858 1129 2035 1185 locum
2075 1130 2129 1186 in
2170 1129 2376 1199 angelis
2409 1150 2421 1185 :
2451 1129 2549 1185 sed
2599 1129 2666 1185 ab
2711 1129 2861 1183 omni
2899 1129 3193 1198 materiali,
3236 1130 3291 1185 id
3343 1139 3430 1185 est

1857 1225 2098 1282 sensibili
2136 1223 2494 1280 divisibilium
2545 1224 2829 1280 nationum
2886 1222 3234 1280 multitudine
3280 1225 3431 1294 puri,

1856 1322 2204 1378 uniformiter
2256 1336 2344 1377 res
2383 1319 2616 1384 divinas,
2642 1315 2933 1389 mneo
2968 1332 3158 1373 omnes
3189 1317 3427 1386 quidem,

1856 1417 1949 1471 sed
1979 1430 2114 1486 quas
2142 1430 2238 1471 eos
2267 1427 2425 1470 nosse
2456 1411 2538 1467 fas
2567 1420 2671 1477 est,
2702 1425 2799 1479 per
2825 1410 3067 1465 divinam
3102 1409 3432 1465 illustratio-

1858 1523 1982 1562 nem
2013 1506 2341 1578 intelligunt,
2392 1521 2500 1577 qua
2551 1503 2897 1559 illustrantur
2952 1511 3007 1557 et
3040 1505 3108 1558 ad
3158 1502 3430 1557 unitatem

1857 1599 2250 1655 informantur:
2270 1597 2324 1654 in
2350 1600 2449 1654 hac
2469 1600 2612 1654 enim
2636 1600 2736 1654 sila
2756 1606 2837 1654 est
2853 1611 3042 1651 eorum
3064 1595 3428 1652 deiformitas.

1861 1690 1964 1746 Per
1986 1691 2128 1746 bane
2147 1705 2365 1761 quoque
2393 1691 2635 1745 divinam
2674 1688 2997 1757 sapientiam
3038 1687 3201 1743 etiam
3236 1688 3433 1742 anima:

1858 1792 2216 1848 ratiocinandi
2239 1792 2349 1847 vim
2372 1792 2645 1848 obtinent.
2695 1791 2807 1846 Cur
2834 1799 3018 1844 autem
3068 1805 3178 1843 non
3221 1789 3431 1861 νοερόν,

1857 1900 1953 1940 seu
1973 1884 2323 1957 intelligendi,
2351 1884 2445 1940 sed
2468 1882 2706 1952 λογικόν,
2732 1881 2785 1936 id
2817 1889 2900 1935 est
2941 1880 3297 1935 ratiocinandi
3324 1879 3430 1933 vim

1858 1978 2080 2042 dixerit,
2104 1992 2171 2033 ex
2218 1976 2517 2032 abundanti
2571 1972 2919 2030 manifestum
2946 1973 3039 2038 tit;
3070 1972 3252 2027 omnia
3285 1972 3432 2027 enim

1856 2085 1976 2142 quae
2002 2069 2089 2125 hic
2114 2069 2313 2124 animae
2355 2077 2577 2136 norunt,
2614 2083 2713 2138 per
2738 2066 2888 2121 fusas
2939 2066 3181 2120 rationes
3229 2078 3292 2118 ac
3336 2063 3432 2117 de-

1857 2161 2303 2227 monstrationes,
2330 2161 2577 2231 quinimo
2601 2159 2766 2214 etiam
2791 2172 2891 2227 per
2926 2157 3265 2211 sensationes
3286 2154 3430 2209 divi-

1858 2254 2046 2311 sibiles
2078 2254 2403 2325 percipiunt.
2461 2251 2805 2308 lntellectilia
2833 2263 2963 2305 vero
3013 2252 3197 2303 anima
3241 2246 3436 2302 intelli-

1857 2346 1956 2416 git,
1986 2360 2092 2399 non
2136 2346 2190 2400 in
2239 2354 2505 2416 quantum
2535 2344 2716 2398 anima
2748 2342 3013 2397 rationem
3041 2341 3231 2404 habet,
3254 2339 3347 2394 sed
3377 2340 3432 2395 in

1857 2442 2119 2508 quantum
2157 2452 2314 2493 mens
2344 2444 2427 2492 est
2454 2450 2553 2491 seu
2610 2433 2919 2490 intellecms
2952 2449 2967 2488 :
3004 2445 3133 2488 tunc
3163 2432 3311 2487 enim
3350 2431 3435 2484 in-

1861 2528 2055 2600 telligit
2106 2543 2261 2583 mens
2312 2528 2703 2597 intelligibilia,
2733 2529 2954 2599 quando
2999 2534 3055 2582 et
3090 2525 3328 2580 animam
3379 2511 3453 2577 et.

1859 2622 2210 2691 semetipsam
2241 2622 2465 2676 deserit.
2527 2618 2642 2676 Hoc
2674 2622 2950 2692 significat
2976 2634 3193 2690 quoque
3222 2618 3434 2672 divinus

1856 2720 2147 2792 Apostolus
2192 2718 2379 2775 dicens
2409 2736 2423 2773 :
2459 2718 2719 2774 Animalis
2753 2720 2903 2774 homo
2941 2738 3044 2775 non
3064 2723 3203 2791 capit
3229 2737 3289 2775 ea
3317 2734 3437 2789 quas

1856 2821 1979 2867 sunt
2016 2813 2232 2883 spiritus
2256 2823 2304 2867 ν.
2373 2812 2641 2868 Deficiunt
2681 2813 2865 2886 itaque
2920 2815 3115 2869 animae
3168 2812 3238 2868 ab
3272 2813 3437 2867 unitis

1858 2911 1964 2966 illis
1996 2919 2051 2965 et
2082 2909 2346 2981 angelicis
2378 2909 2651 2965 mentibus
2683 2909 2945 2962 varietate
2971 2916 3027 2961 et
3052 2904 3436 2960 divisibilitate

1858 3003 2162 3075 omnigenze
2187 3001 2537 3073 cognitionis.
2572 3001 2782 3056 Deinde
2808 3015 2930 3054 cum
2958 3014 3035 3054 eze
3065 2998 3435 3067 cognitiones,

1860 3108 1984 3162 quae
2016 3093 2312 3148 secundum
2346 3092 2560 3147 animas
2616 3090 2775 3156 fiunt,
2807 3090 2859 3144 in
2907 3104 3075 3143 unum
3114 3089 3431 3157 conglome-

1781 3173 1823 3231 C
1858 3193 2049 3238 rantur
2074 3184 2202 3254 (hoc
2230 3184 2378 3239 enim
2405 3192 2488 3238 est
2513 3184 2677 3238 etiam
2704 3184 2993 3237 secundum
3018 3197 3071 3235 se
3097 3189 3152 3235 et
3180 3180 3435 3234 uniuersa:

1855 3276 2349 3333 demonstrationis)
2381 3278 2580 3331 anima:
2604 3289 2820 3346 quoque
2842 3273 3056 3343 angelis
3084 3273 3432 3342 aequiperan-

1854 3377 1964 3424 tur.
2010 3367 2221 3425 Idcirco
2256 3368 2541 3424 considera
2571 3368 2736 3427 etiam
2764 3375 2823 3421 ut
2871 3365 3055 3431 unite,
3105 3372 3163 3417 ut
3204 3364 3276 3418 ita
3312 3363 3436 3432 quis

1855 3459 2077 3527 dixerit,
2104 3458 2453 3529 intelligant:
2487 3459 2706 3528 quando
2744 3456 2997 3512 videlicet
3041 3454 3176 3508 alias
3206 3469 3309 3508 non
3339 3468 3435 3522 per

1854 3551 2144 3617 rationem,
2186 3551 2280 3607 sed
2302 3566 2403 3622 per
2428 3553 2655 3606 arduum
2684 3551 2982 3618 virtutique
3001 3562 3298 3616 congruum
3322 3544 3428 3599 ha-

1854 3644 2050 3711 bitum,
2094 3645 2241 3715 quod
2269 3646 2457 3715 utique
2481 3642 2828 3716 praestantius
2877 3650 2981 3707 est,
3014 3642 3077 3695 ad
3107 3639 3434 3709 cognitionis

1853 3737 2122 3794 unitatem
2148 3736 2493 3808 pertingunt;
2545 3735 2690 3791 sicut
2718 3734 2905 3787 videre
2952 3733 3082 3785 licet
3110 3731 3165 3784 in
3212 3729 3427 3797 magnis

1854 3844 1919 3885 ac
1953 3830 2152 3885 divinis
2208 3826 2462 3884 Patribus
2520 3827 2744 3891 nostris,
2792 3824 2886 3896 qui
2949 3839 3056 3878 non
3097 3822 3425 3886 eruditione,

1853 3922 1950 3977 sed
1982 3923 2241 3991 puritate,
2272 3934 2372 3991 per
2411 3920 2672 3975 virtutem
2723 3918 2793 3972 ad
2827 3931 3052 3986 magnas
3098 3913 3433 3983 contempla-

1853 4017 2028 4072 tiones
2074 4014 2496 4083 divinioresque,
2543 4025 2663 4081 qua:
2697 4012 2994 4066 humanum
3028 4017 3242 4079 captum
3266 4022 3431 4077 supe-

1850 4119 1993 4173 rent,
2021 4106 2358 4183 cognitiones
2400 4112 2785 4176 pervenerunt.
2828 4103 2911 4157 Ad
2941 4102 3055 4156 hzec
3083 4114 3425 4168 nequaquam

1852 4200 2147 4267 aberrabit,
2179 4199 2272 4268 qui
2303 4213 2500 4255 sensus
2523 4212 2739 4267 quoque
2766 4196 2917 4266 ipsos
2936 4201 3244 4248 extremum
3266 4190 3429 4260 quasi

1851 4296 2139 4366 quamdam
2166 4294 2358 4349 divina:
2396 4292 2674 4363 sapientia!
2701 4286 3069 4345 resonantiam
3099 4282 3421 4353 appellarit:

1850 4403 1977 4443 nam
2000 4397 2055 4443 et
2082 4387 2183 4458 ipsi
2210 4386 2410 4441 habent
2429 4384 2673 4439 habitum
2702 4380 3013 4451 quemdam,
3037 4390 3143 4447 quo
3177 4373 3268 4430 illa
3306 4388 3427 4443 qua:

159 4492 369 4563 μονίων
387 4494 529 4558 νοῦς,
552 4496 611 4549 οὐ
631 4499 812 4567 σοφὸς,
830 4496 965 4552 ἀλλά
986 4477 1178 4569 σοφίας
1193 4499 1567 4566 ὲκπεπτωκὼς
1592 4503 1751 4575 ῥηθή-

1856 4484 1923 4539 iis
1954 4481 2320 4553 subjiciuntur
2343 4478 2613 4548 recipiant
2635 4483 2690 4531 et
2715 4477 3072 4543 cognoscant,
3106 4482 3425 4538 quanquam

157 4603 341 4641 σεται.
386 4585 522 4641 Ἀλλ’
542 4588 624 4642 ὅτι
657 4564 756 4659 μεν
778 4592 812 4662 ὴ
841 4590 961 4645 θεία
990 4564 1385 4662 σοφίανπαντὸς
1417 4593 1511 4648 νοῦ
1547 4564 1749 4649 καὶ..λᾷ

1854 4575 2134 4646 corporeis
2166 4572 2546 4629 instrumentis
2574 4567 2852 4626 sensitivis
2887 4580 3024 4635 Opus
3054 4564 3309 4627 habeant,
3331 4577 3428 4631 per

153 4697 283 4751 γου,
313 4678 409 4732 καὶ
448 4679 629 4751 πάσης
653 4681 956 4754 αἰσθήσεως
981 4683 1273 4748 ύποστάτις
1295 4686 1413 4739 ἐστὶ
1468 4686 1563 4739 καὶ
1604 4686 1749 4740 αἰτία

150 4774 413 4847 εἴρηται,
459 4772 577 4839 πῶς
617 4774 674 4828 δὲ
699 4775 862 4841 αὐτὸς
907 4777 937 4829 6
979 4776 1287 4848 ὑπέρσοφος
1340 4778 1472 4845 Θεὸς
1524 4784 1636 4835 νοεῖ
1678 4780 1747 4834 τὰ

161 4865 349 4938 δοητά,
376 4865 412 4938 ἢ
437 4864 508 4919 τὰ
537 4866 771 4940 αίσθητά
793 4908 809 4933 ,
841 4869 975 4941 μηδὲ
1018 4870 1210 4944 νοεράς
1257 4870 1395 4943 ἔχων
1441 4874 1745 4945 ἐνεργείας,

160 4962 255 5014 (αὶ
284 4958 469 5030 πάσης
499 4959 804 5043 αἰσθήσεως
832 4962 1289 5037 ύπεριδρυμὲνος;
1311 4964 1505 5018 Καίτοι
1525 4967 1657 5036 φασὶ
1676 4967 1744 5022 τὰ

154 5050 280 5104 θεῖα
317 5052 413 5105 καὶ
439 5051 561 5124 ἱερὰ
587 5054 898 5124 Εὐαγγέλια
920 5097 935 5120 ,
962 5057 1141 5124 Κύριε
1158 5096 1174 5122 ,
1213 5056 1296 5111 σὺ
1320 5056 1517 5113 πάντα
1554 5058 1741 5125 οἶδας.

166 5143 395 5215 Ῥητέον
417 5140 532 5211 οὖν,
555 5147 693 5219 ὅπερ
724 5145 860 5219 ἔφην
882 5146 1158 5213 πολλάκις,
1182 5149 1264 5203 ὅτι
1285 5148 1353 5202 τὰ
1380 5147 1520 5203 κατά
1547 5150 1746 5222 στέρη-

155 5253 243 5290 σιν
263 5237 535 5311 λεγόμενα
555 5241 648 5294 ἐπὶ
687 5240 846 5307 Θεοῦ,
903 5243 997 5296 καὶ
1047 5242 1116 5297 τὰ
1157 5244 1378 5297 ἐναντία
1402 5242 1745 5316 ύπεροχικῶς

154 5327 431 5393 νοοῦνται,
455 5330 517 5383 τὸ
548 5329 761 5399 ἄλογον,
794 5330 855 5384 τὸ
888 5330 1070 5397 ἄνουν,
1100 5330 1161 5383 τὸ
1185 5331 1392 5400 ἀναφὲς
1412 5372 1427 5397 ,
1477 5330 1539 5384 τὸ
1577 5329 1745 5401 ἀόρα-

153 5439 289 5485 τον,
338 5420 484 5475 ὥστε
532 5424 562 5477 6
612 5421 754 5488 θεῖος
809 5422 936 5489 νοῦς
965 5422 1148 5478 πάντα
1187 5424 1423 5495 συνέχει,
1452 5422 1596 5477 κατά
1620 5437 1744 5475 τινα

153 5512 508 5586 ὲξῃρημὲνην
541 5514 743 5583 γνῶσιν
773 5514 1117 5588 προειληφὼς
1150 5516 1247 5589 τὴν
1274 5518 1490 5571 πάντων
1518 5514 1742 5587 εἴδησιν,

152 5605 236 5672 ὡς
265 5606 440 5671 αἴτιος
464 5607 701 5673 πάντων,
733 5610 828 5664 καὶ
858 5610 1033 5668 πάντα
1061 5610 1216 5677 εἰδὼς
1248 5608 1478 5677 ἔνδοθεν,
1519 5608 1613 5666 καὶ
1638 5608 1738 5663 οὐκ

243 5799 271 5831 ν
306 5791 326 5849 l
358 5790 487 5849 Cor.
526 5806 588 5865 ιι,
626 5793 716 5852 ιι.

1853 4685 1972 4740 qua:
2016 4669 2196 4723 anima
2223 4665 2537 4738 prospiciat.
2586 4664 2868 4718 Daemones
2890 4673 3042 4722 vero,
3071 4656 3125 4710 in
3156 4666 3421 4726 quantum

1849 4771 1906 4818 et
1937 4761 2040 4831 ipsi
2090 4769 2326 4814 mentem
2362 4758 2678 4822 habent,“
2718 4753 2905 4809 divina
2962 4749 3229 4819 sapientia
3281 4762 3429 4803 eam-

1852 4861 1973 4916 dem
2005 4861 2425 4925 compararunt;
2468 4867 2497 4905 a
2531 4850 2741 4905 ratione
2769 4857 2951 4904 autem
3014 4844 3216 4909 aversi,
3251 4857 3431 4910 neque

1851 4953 1905 5007 id
1953 4950 2097 5021 quod
2147 4957 2307 5004 erant
2366 4953 2771 5017 permanentes,
2799 4936 3205 5011 prolapsionem
3272 4950 3302 4990 a
3333 4950 3426 4988 sa-

1846 5042 2052 5115 pientia
2084 5040 2264 5113 potius
2289 5039 2681 5093 sustinuerunt.
2723 5033 3004 5104 Siquidem
3044 5044 3197 5083 mens
3221 5028 3427 5082 daemo-

1846 5135 2002 5190 niaea
2040 5147 2109 5189 ex
2160 5130 2572 5189 irrationalitate
2625 5125 2796 5183 ambit
2855 5128 2911 5178 et
2972 5121 3190 5178 alfectat
3245 5133 3427 5186 aequa-

1845 5230 2056 5285 litatem
2111 5224 2236 5290 Dei,
2289 5222 2386 5281 sed
2451 5220 2626 5277 nescit
2677 5215 2949 5290 quomodo
3017 5230 3136 5269 eam
3201 5210 3422 5280 assequi

1850 5321 2056 5392 possit;
2086 5332 2192 5374 non
2223 5316 2371 5387 quod
2410 5323 2604 5369 natura
2646 5311 2901 5382 ignorans
2941 5306 3032 5369 sit,
3077 5304 3172 5359 sed
3224 5298 3424 5355 volun-

1856 5414 1993 5470 tarie
2030 5413 2081 5467 id
2135 5411 2280 5483 quod
2322 5418 2512 5465 contra
2544 5412 2812 5474 :naturam
2856 5408 2941 5458 est
2983 5398 3172 5467 eligat.
3247 5392 3421 5456 (Inde,

1852 5507 1906 5562 in
1956 5514 2218 5577 quantum
2262 5516 2416 5558 mens
2471 5499 2779 5554 daemonum
2839 5510 2871 5550 a
2930 5490 3144 5547 ratione
3200 5483 3415 5577 deficit,

1846 5613 2189 5673 nequaquam
2226 5597 2446 5670 sapiens
2470 5636 2486 5665 ,
2538 5593 2638 5650 sed
2678 5607 2708 5647 a
2748 5587 3012 5662 sapientia
3038 5580 3303 5641 defecisse
3337 5576 3426 5633 di-
