3866 6232
345 5704 374 5746 ,θ

411 341 520 401 883

1580 346 1636 402 S.
1680 344 1979 402 DIONYSII
2013 296 2474 400 AREOPAGITIE

3551 347 3661 402 88$

410 467 588 514 cetur.
620 453 786 530 5.39
813 458 920 514 Sed
955 457 1209 528 quoniam
1246 459 1430 516 divina
1471 458 1750 530 Sapientia
1795 463 1970 517 omnis

2080 459 2130 525 ἐξ
2153 458 2335 522 ἀλλου,
2364 459 2396 529 ἢ
2427 459 2514 512 διὰ
2538 475 2680 523 τινος
2707 459 2871 530 ἄλλης
2895 461 3348 533 προῦπαρχοῦσης
3364 461 3655 530 γνώσεως·

409 549 613 604 mentis
640 558 697 604 et
727 550 955 606 rationis
981 551 1269 622 omnisque
1297 567 1493 609 sensus
1515 553 1757 609 eﬂ'ectrix
1790 562 1970 622 etest,

407 646 466 693 et
493 654 659 694 causa
691 641 911 706 dicitur,
940 642 1211 712 quomodo
1239 645 1466 712 ipsemet
1503 660 1830 716 snpraquam
1880 660 1972 701 sa-

409 732 570 802 piens
606 733 753 789 Deus‘
780 734 1034 804 intelligit
1086 735 1446 807 intelligibilia
1501 738 1815 803 sensiliave,
1850 752 1974 794 cum

409 837 592 895 neque
629 825 994 895 intelligentes
1031 826 1231 883 babeat
1265 831 1613 899 operationes
1641 870 1656 891 .
1700 841 1757 886 et
1806 845 1972 902 supra

408 930 630 971 omnem
664 931 882 972 sensum
913 918 984 972 sit
1008 919 1354 974 collocatus?
1380 923 1636 977 Attamen
1663 923 1846 977 divina
1872 938 1969 978 sa-

410 1019 610 1076 craque
633 1005 920 1077 Evangelia
951 1007 1170 1063 dicunt:
1197 1008 1436 1077 Domine,
1460 1021 1517 1064 tu
1537 1013 1713 1066 omnia
1744 1014 1880 1066 noui
1899 1014 1970 1066 ν’.

411 1096 710 1153 Dicendum
736 1099 941 1168 itaque,
979 1099 1122 1170 quod
1153 1099 1261 1155 dixi
1290 1103 1506 1171 saepius,
1557 1102 1698 1172 quod
1726 1118 1848 1173 qme
1877 1119 1974 1174 per

406 1189 772 1260 privationem
804 1193 870 1246 de
899 1191 1009 1246 Deo
1038 1193 1320 1260 dicuntur,
1341 1203 1396 1249 et
1420 1197 1718 1260 contraria,
1749 1210 1846 1265 per
1878 1210 1973 1250 ex-

407 1281 717 1337 cellentiam
741 1282 1134 1354 intelligantur,
1170 1295 1230 1340 ut
1261 1287 1595 1353 irrationale,
1645 1302 1855 1352 amens,
1889 1288 1974 1342 in-

409 1373 616 1440 tactile,
650 1371 948 1444 invisibile,
985 1377 1060 1431 ita
1094 1385 1152 1431 ut
1177 1378 1362 1434 divina
1405 1394 1558 1435 mens
1580 1380 1761 1435 omnia
1796 1381 1972 1436 couti-

406 1475 560 1530 neat,
593 1467 891 1522 secundum
921 1469 1253 1526 eminentem
1282 1472 1574 1541 quamdam
1603 1473 1972 1542 cognitionem

407 1557 655 1612 omnium
683 1561 933 1615 notitiam
966 1562 1334 1631 anticipando,
1369 1573 1627 1634 tanquam
1657 1579 1822 1619 causa
1854 1579 1974 1620 0m-

407 1649 560 1703 nium
584 1651 884 1721 omniaque
914 1651 1221 1710 intrinsece
1249 1669 1504 1721 noscens,
1530 1666 1585 1712 et
1608 1670 1714 1711 non
1748 1671 1814 1712 ex
1843 1655 1969 1723 alio,

407 1755 588 1812 neque
612 1755 712 1812 per
755 1745 989 1814 aliquam
1019 1746 1183 1801 aliam
1211 1749 1682 1818 prmexsistentem
1707 1749 1974 1819 cognitio-

409 1849 566 1898 nem;
598 1842 655 1890 et
673 1835 740 1890 ab
765 1837 883 1907 ipso
910 1837 1064 1892 initio
1090 1853 1347 1902 noscens,
1381 1855 1488 1896 non
1507 1840 1575 1894 ab
1604 1839 1760 1894 initio
1794 1854 1976 1894 rerum

407 1926 818 1994 productarum,
848 1928 942 1984 sed
993 1930 1063 1985 ab
1100 1931 1396 1986 universali
1442 1932 1600 1986 initio
1651 1931 1796 1996 Deo;
1830 1931 1976 2001 quod

407 2033 531 2074 cum
561 2035 669 2074 non
702 2021 840 2076 satis
869 2024 1157 2077 commode
1183 2023 1234 2077 in
1267 2024 1372 2078 Deo
1401 2024 1572 2092 accipi
1611 2026 1784 2093 possit
1814 2023 1975 2094 (quo-

407 2109 559 2164 niam
588 2109 731 2166 Deus
755 2111 873 2166 sine
902 2111 1060 2166 initio
1096 2120 1204 2175 est,
1245 2120 1301 2165 et
1329 2111 1617 2181 plusquam
1643 2113 1760 2166 sine
1789 2111 1973 2181 initio)

410 2203 657 2259 correxit
683 2202 815 2257 illud
851 2203 1131 2258 addendo:
1161 2202 1230 2258 Ut
1261 2203 1336 2257 ita
1363 2203 1560 2258 dicam.
1597 2203 1764 2258 Recte
1811 2203 1978 2272 igitur

409 2296 577 2350 etiam
611 2309 842 2364 magnus
869 2294 1104 2349 Basilius
1140 2294 1238 2361 ait,
1264 2295 1510 2364 quaedam
1549 2310 1675 2350 esse
1712 2311 1831 2364 qua:
1853 2295 1977 2364 qui-

409 2386 532 2441 dem
557 2386 824 2456 principio
855 2394 1068 2449 carent,
1102 2387 1196 2441 sed
1225 2385 1390 2441 linem
1427 2385 1646 2452 habent,
1688 2396 1746 2441 ut
1783 2387 1978 2442 divinae

411 2477 520 2532 illa;
545 2477 840 2533 ereationis
870 2479 1228 2549 cogitationes
1250 2497 1263 2545 ;
1284 2479 1353 2533 ab
1382 2479 1538 2533 initio
1579 2479 1749 2543 enim,
1804 2489 1863 2534 ut
1898 2480 1976 2534 ita

411 2569 616 2632 dicam,
643 2572 786 2638 apud
819 2569 1131 2626 Creatorem
1163 2570 1317 2627 fuere
1369 2573 1608 2626 rationes
1654 2573 1974 2627 creationis.

407 2658 544 2715 Nam
592 2661 795 2716 idcirco
837 2661 1038 2715 dicitur
1073 2679 1085 2714 :
1126 2661 1228 2727 Qui
1263 2664 1400 2716 nosti
1447 2664 1624 2716 omnia
1670 2665 1976 2733 priusquam

406 2751 540 2820 ﬁant
559 2755 668 2817 V“;
696 2768 926 2821 quorum
948 2753 1211 2820 originem
1236 2755 1402 2815 novit,
1435 2769 1539 2806 non
1563 2753 1702 2822 quod
1725 2768 1790 2806 ex
1818 2754 1883 2807 iis
1900 2753 1979 2806 di-

411 2851 534 2895 ceat
558 2843 743 2912 qualia
769 2844 900 2908 sint,
939 2844 1014 2897 uti
1048 2845 1352 2898 declaravit
1381 2844 1601 2898 dicens:
1648 2843 1762 2898 Non
1793 2860 1857 2897 ex
1893 2858 1978 2897 re-

407 2931 512 2987 bus
538 2933 671 3002 ipsis
700 2949 786 2990 res
816 2936 1053 3000 discens,
1086 2953 1260 3006 neque
1290 2937 1519 3008 singulis
1549 2939 1846 2992 secundum
1877 2953 1975 2991 cu-

405 3037 604 3095 jusque
630 3027 870 3094 speciem
923 3027 1250 3093 intendens,
1313 3031 1407 3082 sed
1452 3038 1709 3096 tanquam
1759 3038 1976 3082 creator

2078 551 2169 605 καὶ
2199 553 2292 604 ἀπ’
2322 551 2494 621 αὑτῆς
2525 549 2627 620 τῆς
2654 552 2828 624 ἀρχῆς
2857 553 3013 618 εἰδὼς
3032 595 3046 619 ,
3075 556 3134 608 οὐ
3180 554 3279 624 τῆς
3315 555 3493 626 ἀρχῆς
3547 557 3665 607 τῶν

2079 644 2488 716 παραχθέντων,
2513 643 2646 697 ἀλλά
2669 645 2767 716 τῆς
2794 646 3087 716 ωθολικῆς
3121 648 3295 720 ἀρχῆς
3332 648 3428 700 τοῦ
3466 647 3615 700 Θεοῦ
3640 666 3658 679 ’

2075 737 2234 808 ὅπερ,
2279 737 2402 790 ἐπεὶ
2436 739 2535 790 οὑκ
2592 739 2788 808 εὐαγές
2833 741 2948 792 ἐστι
3003 741 3301 811 λαμϐάνειν
3341 742 3437 793 ἐπὶ
3491 741 3657 804 Θεοῦ,

2077 827 2341 899 (ἄναρχος
2367 828 2475 900 γάρ
2505 829 2600 882 καὶ
2629 829 3005 902 ὑπεράναρχος
3029 833 3058 884 ὁ
3091 831 3266 902 Θεός.)
3304 831 3533 886 ἐκόλασε
3571 833 3663 884 διὰ

2074 919 2190 984 τοῦ,
2218 919 2508 974 Ἵνέιπω.
2543 921 2738 985 Καλῶς
2783 921 2914 990 γοῦν
2944 924 3037 976 καί⁸
3073 923 3103 975 ὁ
3152 923 3326 994 μέγας
3376 924 3663 987 Βασίλειος

2075 1009 2304 1080 τίθησιν,
2329 1011 2410 1064 ὅτι
2427 1013 2531 1064 εἰσί
2551 1029 2690 1076 τινα,
2711 1011 2921 1084 ἄναρχοι
2940 1014 3057 1084 μὲν,
3077 1013 3331 1086 τελευτὴν
3354 1015 3413 1066 δὲ
3438 1014 3658 1084 ἔχοντα,

2075 1099 2245 1168 λέγων
2269 1098 2368 1163 τὰς
2393 1099 2541 1164 θείας
2562 1101 2662 1171 τῆς
2686 1101 3045 1172 δημιουργίας
3067 1104 3280 1173 νοήσεις
3298 1119 3313 1132 ·
3345 1103 3444 1155 ἀπ’
3475 1103 3662 1173 ἀρῆς

2075 1191 2203 1261 γὰρ,
2227 1189 2292 1242 ἶν’
2324 1189 2495 1254 οὕτως
2522 1190 2692 1254 εἴπω,
2747 1190 2894 1262 παρά
2932 1189 3009 1261 τῷ
3036 1189 3350 1262 δημιουργῷ
3397 1193 3448 1243 οἱ
3502 1191 3661 1257 λόγοι

2074 1282 2174 1351 τῆς
2197 1283 2444 1346 κτίσεως.
2473 1280 2572 1336 Διά
2594 1283 2752 1335 τοῦτο
2776 1283 2884 1354 γὰρ
2910 1283 3123 1351 λέγεται
3152 1284 3244 1335 καὶ
3264 1283 3342 1335 τό·
3401 1282 3463 1335 '0
3483 1280 3666 1346 εἰδὼς

2075 1372 2268 1424 πάντα
2284 1373 2424 1441 πρὶν
2437 1373 2726 1442 γενέσεως
2744 1373 2940 1427 αὐτῶν
2955 1391 2967 1403 ·
2995 1365 3069 1427 ὧν
3081 1373 3178 1444 τὴν
3202 1373 3438 1440 γένεσιν,
3467 1374 3574 1424 οὐκ
3600 1374 3664 1424 ὲκ

2074 1462 2167 1516 τοῦ
2191 1463 2626 1534 καταμανθάνειν
2649 1463 2788 1516 αὑτά
2813 1465 2970 1518 ὁποῖά
2995 1466 3117 1518 τινά
3139 1466 3275 1517 εἰσιν
3306 1464 3421 1534 ἔχει
3440 1480 3453 1492 ·
3499 1462 3666 1516 τοῦτο

2075 1555 2182 1626 γὰρ
2197 1555 2481 1626 ἐδήλωσεν,
2497 1555 2684 1620 εἰπιὶιν,
2707 1558 2816 1612 οὐκ
2831 1556 2897 1610 ἐκ
2920 1554 3036 1610 τῶν
3047 1556 3237 1610 ὄντων
3251 1556 3322 1609 τὰ
3343 1555 3492 1608 ὄντα
3509 1572 3667 1622 μανι

2076 1647 2288 1712 θάνων,
2305 1647 2500 1710 καὶτὸ,
2525 1648 2597 1701 οὐ
2626 1647 2750 1701 κατ’
2785 1647 2950 1702 ἰδέαν
2985 1646 3264 1714 ἑκάστοις
3292 1647 3663 1712 smmum,

2075 1738 2187 1791 ἀλλ’
2207 1738 2281 1804 ὡς
2307 1739 2532 1810 ποιητὴς
2558 1739 2759 1793 τούτων
2784 1739 2879 1811 τὴν
2894 1739 3097 1810 εἴδησιν
3117 1739 3225 1792 τῶν
3247 1739 3465 1793 οἰκείων
3481 1740 3666 1811 ἔργων

2081 1832 2323 1904 προέχει,
2355 1830 2510 1896 εἰδὼς
2535 1833 2680 1896 ὅπως
2703 1832 2843 1885 αὑτὰ
2879 1833 2972 1885 καὶ
3006 1833 3097 1901 ἐφ’,
3126 1828 3206 1896 οἷς
3241 1831 3479 1902 παράξει
3526 1832 3665 1903 πρὸς

2081 1923 2309 1990 γένεσιν.
2361 1917 2458 1976 Ὧν
2500 1925 2533 1994 ή
2571 1923 2894 1996 παρατροπὴ
2917 1925 3067 1996 καὶὴ
3108 1923 3381 1993 ἔλλειψις,
3433 1924 3664 1996 ήγουνή

2079 2013 2346 2084 ἀποτυχία
2373 2015 2466 2067 καὶ
2492 2016 2524 2086 ή
2552 2013 2841 2086 ἀδυναμία,
2866 2017 2925 2069 τὸ
2947 2015 3114 2069 κακὸν
3138 2017 3366 2083 εἰσάγει,
3413 2019 3479 2086 τῇ
3537 2032 3666 2068 στε-

2083 2107 2348 2177 ρήσειτοῦ
2369 2107 2506 2161 κατά
2534 2107 2694 2177 φύσιν
2734 2107 2792 2160 τὸ
2834 2108 2984 2180 παρὰ
3031 2108 3190 2177 φύσιν
3231 2107 3482 2162 ποιοῦσα.
3518 2108 3669 2178 Πρὸς

2078 2199 2240 2253 τοῦτο
2263 2199 2370 2271 γὰρ
2402 2201 2460 2252 τὸ
2498 2200 2592 2253 τοῦ
2626 2200 2802 2270 φωτὸς
2846 2202 3168 2271 παρήγαγεν
3211 2201 3520 2270 ὑπόδειγμα
3548 2217 3563 2228 ·
3603 2203 3668 2270 τῇ

2079 2291 2188 2362 γὰρ
2220 2291 2408 2344 τούτου
2441 2293 2695 2362 στερήσει
2739 2290 2799 2342 τὸ
2827 2291 3015 2353 σκότος
3064 2291 3472 2359 παρυφίσταται
3499 2329 3520 2354 ,
3574 2291 3670 2344 καὶ

2079 2383 2258 2435 αἰτίαν
2285 2381 2394 2451 ἔχει
2416 2381 2514 2452 τὴν
2542 2381 2808 2434 ἀπουσίαν
2829 2381 2926 2452 τῆς
2957 2380 3049 2434 τοῦ
3079 2382 3254 2450 φωτὸς
3281 2382 3525 2450 φύσεως,
3565 2381 3671 2436 ὣσ-

2081 2491 2186 2545 περ
2220 2476 2312 2527 καί
2335 2473 2441 2526 τῶν
2483 2474 2788 2543 στερήσεων
2826 2475 2882 2527 αἰ
2932 2473 3071 2540 ἕξεις
3116 2473 3484 2545 ἀρχικώτεραι
3533 2493 3671 2543 τυγ-

2080 2573 2316 2642 χάνουσι,
2336 2574 2446 2636 καὶ,
2477 2573 2551 2636 ὡς
2582 2572 2646 2625 ἀν
2681 2589 2764 2635 τις
2801 2571 2963 2636 εἴποι,
2990 2570 3176 2624 αἰτίαι.
3203 2569 3411 2640 Μηδεὶς
3439 2568 3581 2637 γοῦν
3604 2571 3670 2621 ἐκ

2077 2668 2280 2722 τούτων
2313 2670 2444 2738 πρὸς
2480 2669 2709 2732 ἀτόπους
2736 2667 3022 2736 ὲπαγέσθω
3049 2667 3272 2729 ἐννοίας,
3297 2666 3439 2718 ὥστε
3479 2665 3669 2733 λέγειν

2080 2764 2305 2817 καὶτῶν
2341 2764 2527 2818 κακῶν
2563 2766 2620 2816 ὲν
2671 2760 2847 2830 ἐαυτῷ
2901 2761 3018 2813 κατ’
3044 2759 3220 2813 αἰτίαν
3266 2759 3525 2828 προέχειν
3575 2758 3668 2809 τὸν

2078 2858 2230 2920 Θεὸν,
2256 2859 2420 2927 ήγουν
2438 2857 2614 2909 αἴτιον
2640 2856 2814 2910 αὐτῶν
2839 2857 2901 2907 ἐκ
2931 2853 3119 2906 τούτου
3147 2851 3470 2919 συνάγεσθαι
3497 2851 3668 2902 αὑτὸν

2079 2947 2217 3004 εἶναι
2237 2967 2248 2979 ·
2276 2950 2374 3020 ’ήδη
2415 2949 2523 3019 γὰρ
2552 2948 2715 3012 ἔδειξε
2750 2949 2884 3018 μήτε
2914 2947 2994 3009 ὃν,
3027 2947 3158 3016 μήτε
3185 2947 3242 2997 ἐν
3280 2946 3390 3005 τοῖς
3431 2939 3556 2995 οὖσι
3607 2944 3668 2995 τὸ

2080 3043 2264 3096 κακόν.
2291 3041 2460 3094 Τοῦτο
2512 3041 2566 3093 δὲ
2612 3041 2760 3112 δηλοῖ
2791 3041 2883 3092 καὶ
2926 3039 2986 3090 τὸ
3028 3038 3396 3108 παράδειγμα.
3447 3036 3664 3104 Ὥσπερ

408 3133 629 3172 suorum
707 3133 934 3190 Operum
994 3119 1271 3188 prmbabet
1325 3121 1730 3190 cognitionem,
1796 3120 1974 3173 sciens

2080 3135 2187 3206 γὰρ
2219 3134 2352 3197 εἴτις
2380 3133 2632 3185 ὑπόθοιτο
2656 3132 2717 3184 τὸ
2753 3130 2866 3199 φῶς
2915 3129 3068 3182 τοῦτο
3117 3129 3178 3180 τὸ
3223 3126 3416 3198 ὁρατὸν
3449 3125 3662 3177 -ἕννουν

408 3211 630 3279 quando
657 3221 713 3266 et
736 3212 936 3280 quibus
963 3213 1137 3267 modis
1166 3213 1256 3265 illa
1292 3213 1363 3267 sit
1390 3213 1782 3280 producturus.
1833 3212 1976 3278 Quo-

410 3317 532 3355 rum
558 3305 837 3371 perversio
864 3313 919 3356 et
943 3303 1193 3368 defectio,
1231 3305 1348 3358 sive
1401 3304 1684 3357 frustratio
1709 3313 1763 3357 et
1803 3305 1978 3371 impo-

410 3393 612 3458 tentia,
643 3394 842 3450 malum
893 3395 1216 3460 introducit,
1247 3397 1549 3466 privatione
1577 3397 1692 3464 ejus
1715 3399 1858 3465 quod
1892 3414 1977 3453 se-

411 3496 651 3548 cundum
684 3507 936 3549 naturam
969 3506 1075 3558 est,
1107 3496 1156 3549 id
1195 3497 1339 3563 quod
1376 3506 1563 3550 contra
1617 3508 1867 3551 naturam
1897 3506 1980 3551 est

409 3589 786 3645 introducens.
813 3589 892 3642 Ad
919 3590 1020 3643 hoc
1057 3594 1202 3645 enim
1231 3590 1366 3644 lucis
1411 3590 1718 3658 exetnplum
1774 3591 1972 3654 attulit;

410 3697 537 3734 nam
564 3679 722 3748 hujus
758 3682 1066 3749 privatione
1091 3683 1326 3756 tenebrae
1349 3683 1643 3747 exsistunt,
1668 3692 1721 3735 et
1753 3697 1976 3736 causam

410 3772 616 3827 habent
637 3771 938 3827 absentiam
972 3783 1181 3827 natura“:
1208 3775 1366 3837 lucis,
1395 3776 1535 3829 sicut
1571 3775 1735 3828 etiam
1763 3774 1977 3827 habitus

410 3864 832 3934 principaliores
863 3879 987 3918 sunt
1025 3866 1442 3934 privationibus,
1496 3875 1588 3928 et,
1641 3876 1701 3919 ιιι
1751 3866 1821 3919 ita
1857 3866 1978 3934 quis

410 3956 579 4023 dicat,
608 3971 804 4012 causa}.
848 3956 1016 4011 Nemo
1041 3959 1222 4027 itaque
1264 3973 1329 4012 ex
1361 3959 1444 4012 bis
1476 3960 1541 4012 ad
1575 3967 1682 4010 tam
1714 3959 1979 4013 absttrtlas

411 4049 715 4102 sententias
738 4047 1057 4113 abducatur,
1099 4048 1362 4111 utdicat,
1392 4051 1557 4102 etiam
1612 4047 1874 4102 malorum
1926 4050 1978 4102 iu

411 4139 593 4208 seipso
616 4152 837 4192 causam
873 4139 1074 4193 habere
1098 4138 1288 4206 Deum,
1318 4139 1431 4193 sive
1457 4139 1629 4206 ipsum
1681 4154 1802 4194 esse
1852 4154 1981 4193 cau-

410 4246 530 4286 sam
558 4247 658 4287 cur
683 4233 798 4287 hate
820 4233 1220 4302 producantur;
1240 4229 1354 4299 jam
1390 4232 1599 4301 pridem
1621 4233 1769 4286 enim
1799 4242 1980 4287 osten-

412 4332 512 4397 dit,
543 4347 718 4401 neque
745 4347 844 4386 ens
867 4371 883 4397 ,
911 4345 1085 4399 neque
1135 4331 1189 4384 in
1248 4333 1410 4386 rebus
1445 4345 1567 4387 esse
1600 4333 1823 4387 malum.
1866 4330 1980 4386 lloc

411 4439 543 4480 vero
566 4426 734 4480 etiam
766 4426 1012 4480 declarat
1050 4425 1380 4496 exemplum.
1407 4425 1562 4480 Sicut
1593 4427 1737 4480 enim
1779 4426 1825 4480 si
1857 4428 1980 4495 quis

411 4515 586 4571 lucem
611 4518 756 4573 hanc
785 4517 1052 4572 visibilem
1087 4518 1284 4572 mentis
1313 4533 1376 4571 ac
1407 4519 1638 4573 rationis
1674 4528 1979 4587 compotem

413 4620 719 4680 supponat;
751 4611 945 4666 deinde
977 4627 1231 4683 rogemus
1259 4611 1455 4681 ipsam,
1498 4627 1564 4664 an
1610 4613 1862 4666 tenebras
1893 4627 1984 4666 co-

415 4711 664 4769 gnoscat,
689 4702 803 4771 ipsa
831 4715 1014 4757 autem
1037 4719 1095 4758 se
1121 4719 1279 4757 nosse
1304 4703 1471 4768 dicat,
1500 4703 1662 4758 etiam
1691 4712 1981 4772 antequam

415 4793 659 4848 tenebrae
683 4793 846 4866 [.70
867 4804 1082 4860 essent;
1126 4809 1309 4859 nosse,
1336 4795 1581 4863 inquam,
1623 4809 1727 4847 non
1760 4810 1859 4863 per
1887 4794 1983 4847 ali-

414 4900 582 4955 quam
609 4887 1000 4956 experientiam
1035 4886 1346 4958 (quomodo
1389 4887 1535 4940 enim
1586 4885 1676 4939 lux
1729 4886 1984 4940 tenebras

416 4979 620 5035 sciret?
648 4995 769 5034 nam
790 4980 833 5035 si
854 4980 944 5033 lux
965 4980 1059 5046 sit,
1088 4995 1192 5034 non
1217 4989 1377 5035 erunt
1397 4979 1677 5048 tenebrze),
1713 4982 1806 5034 sed
1825 4992 1985 5032 nosse

416 5073 565 5129 dicat
591 5074 849 5129 tenebras
883 5073 938 5127 in
978 5083 1241 5142 quantum
1275 5072 1366 5126 lux
1395 5081 1515 5139 est;
1542 5073 1774 5142 ideoque
1809 5071 1979 5137 novit,

415 5165 560 5236 quod
615 5165 661 5221 si
704 5165 982 5236 proprium
1029 5164 1208 5218 lumen
1243 5165 1601 5228 contraxerit,
1635 5180 1795 5219 nemo
1834 5165 1985 5218 vide-

410 5261 512 5316 bit.
552 5260 627 5314 Ita
651 5259 819 5314 etiam
865 5259 1006 5312 Deus
1048 5273 1146 5327 per
1180 5273 1402 5312 causam
1435 5259 1678 5312 omnium
1719 5259 1771 5311 in
1809 5273 1866 5313 se
1889 5274 1982 5313 c0-

413 5354 716 5423 gnitionem
749 5352 934 5417 habet,
971 5367 1076 5405 non
1107 5353 1250 5418 quod
1306 5351 1643 5417 experientia
1679 5366 1799 5405 eam
1835 5365 1984 5404 com-

413 5444 694 5516 paraverit
722 5444 871 5514 (tum
902 5443 1046 5496 enim
1077 5442 1220 5498 Deus
1259 5441 1568 5511 cognitione
1607 5442 1874 5511 posterior
1903 5441 1984 5494 in-

414 5538 752 5608 veniretur),
785 5543 881 5590 aut
908 5536 961 5590 in
989 5535 1171 5605 aliquo
1205 5545 1447 5603 tempore
1493 5551 1602 5588 non
1647 5534 1978 5604 cognoverit.

417 5627 561 5683 Nota
591 5637 793 5695 autem,
819 5627 1074 5683 tenebras
1100 5641 1219 5682 esse
1249 5625 1500 5681 elIectum
1535 5625 1627 5694 qui
1673 5641 1735 5680 ex
1772 5623 1980 5681 defectu

532 5806 580 5839 "
620 5797 825 5853 ann.
851 5810 912 5863 Il,
935 5801 1022 5858 9.0.
1061 5807 1134 5841 *⁸⁸
1166 5801 1370 5859 Daniel.
1412 5815 1532 5867 xm,
1561 5799 1644 5853 4‘2.

2080 3221 2216 3277 εἶναι
2237 3226 2328 3276 καὶ
2350 3223 2585 3290 λογικὸν,
2614 3218 2727 3274 εἶτα
2760 3219 3058 3290 πυθοίμεθα
3081 3217 3266 3281 αὑτοῦ,
3307 3219 3353 3269 εἰ
3393 3215 3659 3284 γινώσκει

2078 3320 2137 3371 τὸ
2162 3319 2370 3381 σκότος,
2410 3318 2470 3369 τὸ
2489 3317 2544 3369 δὲ
2574 3316 2714 3369 εἴποι
2738 3311 3026 3382 γινώσκειν
3049 3313 3142 3363 καὶ
3174 3311 3302 3380 πρὶν
3331 3310 3562 3379 γένηται
3603 3309 3662 3360 τὸ

2082 3411 2266 3473 σκότος
2287 3428 2298 3439 ·
2325 3409 2608 3476 γινώσκειν
2633 3409 2688 3460 δὲ
2716 3408 2774 3458 οὑ
2803 3405 2942 3458 κατά
2964 3420 3082 3456 τινα
3115 3406 3328 3473 πεῖραν,
3377 3401 3518 3470 (πῶς
3550 3401 3662 3471 γὰρ

2081 3504 2178 3555 ἴδοι
2203 3505 2389 3564 σκότος
2409 3503 2465 3554 τὸ
2494 3501 2641 3569 φῶς;
2676 3503 2722 3552 εἰ
2741 3499 2849 3569 γὰρ
2887 3496 3000 3565 φῶς
3020 3537 3034 3560 ,
3077 3497 3177 3548 οὑκ
3208 3496 3360 3547 ἔσται
3405 3495 3599 3556 σκότος
3621 3495 3662 3558 ’)

2081 3597 2215 3650 ἀλλὰ
2240 3595 2528 3664 γινώσκειν
2554 3593 2697 3645 εἴποι
2738 3592 2797 3644 τὸ
2831 3591 3016 3652 σκότος
3065 3588 3201 3642 καθὸ
3240 3587 3386 3654 φῶς·
3443 3587 3524 3638 διὸ
3568 3587 3662 3637 καὶ

2079 3685 2241 3751 οἶδεν,
2266 3689 2366 3750 ὅτι,
2393 3687 2487 3738 ἐὰν
2514 3684 2765 3756 συστείλῃ
2786 3684 2845 3735 τὸ
2865 3685 3061 3735 οἰκεῖον
3085 3682 3220 3749 φῶς,
3245 3680 3418 3742 οὐδεὶς
3443 3679 3660 3746 θένε-ται.

2082 3780 2238 3835 Οὕτω
2277 3781 2369 3833 καὶ
2389 3782 2416 3832 ὁ
2441 3779 2570 3841 Θεὸς
2596 3777 2715 3829 κατ’
2741 3775 2918 3828 αἰτίαν
2942 3777 3001 3826 ὲν
3046 3771 3225 3842 ἑαυτῷ
3264 3772 3362 3842 τὴν
3400 3771 3665 3822 ἁπάντων

2080 3875 2283 3943 εἴδησιν
2329 3873 2474 3942 ἔχει,
2529 3873 2587 3923 οὑ
2635 3871 2701 3940 τῇ
2747 3868 2912 3937 πείρᾳ
2938 3865 3141 3935 ταύτην
3175 3864 3662 3932 ἐπικτησάμενος,

2082 3967 2234 4036 (ἐπεὶ
2270 3963 2516 4036 εὑρεθείη
2547 3964 2612 4016 ἂν
2645 3962 3100 4033 μεταγενέστερος
3147 3961 3175 4011 ὁ
3212 3952 3344 4020 Θεὸς
3375 3957 3475 4024 τῆς
3513 3955 3664 4024 γνώ-

2083 4077 2220 4122 σεως
2241 4059 2290 4126 ,)
2321 4058 2354 4128 ἢ
2384 4057 2521 4110 κατά
2555 4073 2675 4108 τινα
2713 4055 2900 4126 χρόνον
2963 4052 3034 4123 μὴ
3075 4048 3374 4120 γινώσκων.
3421 4049 3666 4119 Σημειοῦ

2079 4152 2135 4204 δὲ
2165 4149 2225 4202 τὸ
2259 4144 2656 4201 αἰτιατὸνῖἷναι
2685 4145 2744 4198 τὸ
2776 4144 2961 4206 σκότος
2995 4143 3056 4206 ἐξ
3092 4139 3382 4208 ἐλλείψεως
3420 4139 3516 4191 τοῦ
3544 4156 3665 4207 φω-

2080 4243 2202 4306 τὸς,
2237 4243 2372 4311 ὅπερ
2414 4239 2532 4292 ἐστὶ
2570 4237 2710 4291 κατὰ
2756 4235 3094 4306 Μανιχαίων.
3162 4231 3443 4285 Ἐντεῦθεν
3493 4248 3667 4283 κατα-

2083 4335 2356 4398 σκευάζει,
2389 4333 2470 4385 ὅτι
2501 4330 2640 4383 κατά
2669 4329 2795 4400 μίαν
2823 4329 2915 4380 καὶ
2937 4328 3034 4399 τὴν
3063 4325 3231 4396 αὐτὴν
3256 4324 3458 4394 γνῶσιν
3488 4323 3667 4386 ὀθεὸς

2084 4423 2190 4480 οἶδε
2222 4428 2316 4479 καὶ
2340 4423 2531 4478 ἑαυτὸν
2569 4424 2663 4475 καὶ
2695 4423 2763 4474 τὰ
2799 4421 2997 4483 πάντα,
3029 4418 3115 4471 διὰ
3147 4416 3306 4470 τοῦτο
3354 4416 3449 4468 καὶ
3482 4413 3668 4476 eam;

2085 4520 2153 4574 τά
2187 4520 2366 4583 ὑλικὰ,
2400 4517 2583 4572 καὶτὰ
2617 4514 2845 4587 μεριστά
2872 4512 3218 4584 ἀμερίστως,
3257 4509 3353 4562 καὶ
3389 4507 3461 4560 τὰ
3493 4507 3665 4558 πολλὰ

2087 4612 2301 4674 ἐνιαίως
2325 4628 2336 4640 ·
2380 4610 2538 4673 ἆῦλος
2560 4608 2667 4678 γὰρ
2695 4607 2789 4660 καὶ
2831 4605 3126 4675 ἀμέριστος
3173 4603 3266 4655 καὶ
3305 4601 3521 4663 ὲνιαία,
3571 4600 3668 4652 καὶ

2085 4704 2251 4774 ἀπλῆ,
2282 4707 2315 4774 ή
2348 4702 2548 4771 γνῶσις
2579 4703 2611 4772 ἡ
2640 4700 2778 4752 θεία.
2816 4698 2991 4768 Εἴπερ
3041 4693 3300 4764 ἐλέγομεν
3347 4693 3433 4745 ὅτι
3483 4693 3542 4744 ὲν

2085 4796 2185 4861 ἐνὶ,
2222 4793 2461 4865 δηλονότι
2487 4796 2544 4846 ὲν
2566 4795 2632 4863 τῇ
2687 4792 2782 4862 μιᾷ
2805 4790 2897 4843 καὶ
2927 4789 3070 4858 ἁπλῇ
3094 4787 3463 4856 δημιουργικῇ
3505 4783 3666 4836 Suvi-

2089 4906 2178 4959 μει
2209 4888 2481 4956 ὑπέστησε
2505 4883 2574 4938 τά
2604 4882 2858 4952 διάφορα,
2888 4879 3027 4931 οὑτω
3054 4878 3146 4929 καὶ
3166 4879 3224 4928 ὲν
3254 4875 3355 4938 ἐνὶ,
3403 4875 3576 4944 ήγουν
3607 4875 3665 4925 ὲν

2086 4981 2260 5051 ἐνιαίᾳ
2284 4983 2375 5033 καὶ
2407 4979 2550 5050 ἁπλῇ
2581 4976 2798 5046 γνώσει,
2825 4973 2893 5027 τὰ
2935 4973 3166 5042 διάφορα
3205 4969 3467 5038 γινώσκει
3488 4985 3502 4997 ο
3528 4964 3665 5019 ἀλλὰ

2086 5076 2180 5127 καὶ
2203 5072 2436 5144 χορηγός
2464 5074 2579 5124 ἐστι
2613 5068 2791 5140 πάσης
2821 5065 3098 5135 γνώσεως,
3132 5061 3253 5116 καθ’
3289 5062 3358 5130 ἢν
3391 5059 3663 5128 γνώσεταί

2083 5183 2167 5229 τις
2193 5166 2286 5218 καὶ
2311 5163 2517 5226 ἑαυτὸν,
2550 5163 2642 5215 καὶ
2670 5160 2739 5212 τὰ
2763 5157 2915 5212 ἄλλα.
2948 5156 3061 5208 Οὑκ
3093 5152 3200 5224 ἄρα
3222 5153 3250 5203 ό
3273 5149 3407 5213 Θεὸς
3431 5151 3557 5203 κατ’
3572 5148 3663 5202 ἅλ-

2084 5257 2181 5328 λην
2209 5257 2304 5328 μὲν
2329 5255 2528 5325 γνῶσιν
2556 5252 2819 5322 γνώσεται
2865 5247 3054 5302 ἑαυτὸν
3074 5285 3088 5309 ,
3133 5244 3251 5298 κατ’
3277 5242 3448 5312 ἄλλην
3491 5241 3550 5294 δὲ
3590 5241 3658 5292 τὰ

2084 5347 2554 5419 δημιουργήματα.
2572 5345 2635 5396 Εἰ
2653 5341 2781 5411 γοῦν
2803 5339 2941 5410 αὑτὴ
2963 5340 2995 5410 ἡ
3021 5336 3168 5391 αἰτία
3188 5335 3428 5396 πάντων,
3463 5330 3659 5400 ἑαυτὴν

2085 5442 2178 5494 καὶ
2203 5440 2296 5508 ἀφ’
2323 5437 2520 5506 ἑαυτῆς
2541 5433 2815 5504 γινώσκει,
2847 5432 2998 5502 πόσῳ
3027 5446 3089 5498 γε
3117 5426 3311 5499 μᾶλλον
3339 5425 3410 5476 τὰ
3446 5424 3544 5476 ἀπ’
3564 5423 3658 5474 αὑ-

2083 5533 2180 5601 τῆς
2209 5530 2513 5601 εἰδήσεται;
2550 5526 2683 5579 ἀλλὰ
2711 5528 2781 5596 τῇ
2817 5522 3030 5585 ἑαυτοῦ,
3066 5523 3159 5575 καὶ
3179 5519 3238 5571 οὑ
3259 5519 3326 5587 τῇ
3351 5516 3461 5568 τῶν
3489 5515 3653 5567 ὄντων

2085 5622 2276 5693 ὲπιστή
2288 5637 2381 5693 μη.
2425 5620 2719 5693 Ἐπιχειρεῖ
2742 5615 2868 5688 γοῦν
2902 5619 2967 5670 ἐκ
2993 5615 3086 5668 τοῦ
3111 5613 3390 5674 ἐλάττονος
3407 5649 3420 5675 ,
3445 5609 3532 5663 ὅτι
3563 5603 3652 5662 καὶ
