3866 6232
268 216 385 274 885
841 218 933 274 DE
966 217 1222 276 DIVINIS
1255 218 1654 284 NOMINIBUS,
1694 218 1852 278 CAP.
1885 219 1998 276 VII.
2039 247 2108 262 -η
2143 219 2489 277 PARAPHB.
2521 219 2988 278 PACHYMERE.
3414 223 3524 280 886

269 338 321 388 oi
349 335 570 405 ἄγγελοι
587 333 761 390 οἴδασι
782 336 850 390 τά
879 337 1130 409 αἰσθητά,
1160 339 1220 392 οὐ
1248 337 1320 392 δι’
1343 338 1644 410 αἰσθήσεως
1670 339 1810 392 αὑτοῑ

1915 339 2091 409 Llucis
2127 340 2363 403 exsistit,
2421 336 2563 407 quod
2602 345 2686 392 est
2744 345 2940 391 contra
2983 334 3311 392 Manichazos
3377 337 3517 394 Hinc

277 426 736 497 προσϐάλλοντες,
773 428 908 482 ἀλλὰ
949 429 1039 483 διὰ
1073 431 1352 502 δυνάμεως
1388 430 1810 499 ἐπαναδεὸηκυίο

1955 431 2170 500 probat,
2201 429 2500 484 secundum
2541 442 2705 482 unam
2751 426 3107 496 eamdemque
3150 427 3514 496 cognitionem

266 520 672 586 ἐπιϐάλλοντες.
709 523 767 577 ’0
788 523 896 594 γὰρ
912 525 1005 578 ἐπὶ
1041 524 1135 577 τοῦ
1152 525 1358 578 Γεδεὼν
1386 528 1467 589 εἰς
1520 525 1616 596 τὴν
1655 525 1810 580 θυσία

1952 523 2120 576 Deum
2151 536 2311 576 nosse
2336 528 2393 574 et
2420 520 2660 583 seipsum
2688 529 2743 574 et
2761 518 2970 584 omnia,
2995 527 3158 588 atque
3191 521 3325 575 adeo
3350 520 3514 575 etiam

264 613 549 668 ἐκϐάλλων
570 617 637 667 ἐκ
663 615 764 685 τῆς
781 615 985 688 πέτρας
1008 617 1118 688 πῦρ
1148 619 1247 672 οὐκ
1267 618 1517 690 αἰσθήσει
1553 616 1692 672 οἶδεν
1711 660 1724 683 ,
1761 621 1810 673 ὅτ

1951 610 2388 666 immaterialiter
2413 608 2748 673 materialia,
2785 617 2840 663 et
2867 607 3040 664 divisa
3081 609 3334 672 indivise,
3372 609 3515 664 mul-

264 707 564 761 καυστικὸν
592 708 652 760 τὸ
678 709 808 781 πῦρ,
854 710 930 774 ὡς
961 712 1121 782 ἡμεῖς
1141 752 1157 777 ,
1195 711 1308 764 ἀλλ’
1345 711 1600 782 ἀνωτέρῳ
1635 711 1810 783 τρόπᾳ

1947 713 2109 773 taque
2132 705 2312 769 unite;
2355 702 2626 772 siquidem
2652 701 3060 768 immaterialis,
3106 711 3163 758 et
3211 701 3513 768 individua,

262 797 364 849 καὶ
402 797 545 851 κατὰ
583 799 682 870 τὴν
721 800 924 872 θεοειδῆ
978 801 1141 855 αὑτοῦ
1198 802 1444 874 δύναμιν.
1502 803 1566 855 El
1619 802 1749 871 γοῦν
1794 821 1810 856 ι

1939 807 1996 854 et
2031 799 2204 865 unita‘,
2227 808 2280 852 et
2301 796 2530 866 simplex
2560 803 2644 850 est
2667 796 2861 852 notitia
2885 795 3002 850 Dei.
3033 795 3168 850 Cum
3193 795 3510 858 dixerimus,

260 886 488 956 ἄγγελοι
508 890 878 963 κρειττόνωςῆ
903 894 1022 945 κατ’
1045 891 1296 964 αἴσθησιν
1312 893 1486 948 οἴδασι
1501 892 1570 946 τὰ
1584 892 1810 965 αἰσθητὰ

1939 891 2112 946 Deum
2143 894 2199 946 in
2241 906 2370 956 uno,
2417 887 2626 944 scilicet
2658 888 2712 943 in
2746 903 2853 943 una
2909 888 3250 959 simplicique
3290 887 3512 943 creandi

261 977 419 1050 πόσῳ
461 980 660 1051 μᾶλλον
695 984 724 1036 ὁ
761 983 892 1048 Θεὸς
913 983 1092 1050 ἀῢλως
1113 983 1181 1038 τὰ
1213 985 1406 1053 Evolat;

1937 983 2199 1040 facultate
2228 1023 2244 1047 ,
2277 981 2493 1036 diversa
2515 979 2844 1048 condidisse,
2866 980 2946 1035 sic
2967 989 3025 1036 et
3045 979 3100 1034 in
3131 994 3261 1044 uno,
3299 979 3414 1034 sive
3455 979 3510 1034 in

260 1087 376 1129 una
420 1075 764 1147 simplicique
824 1079 1180 1151 cognitioue',
1241 1079 1456 1136 diversa
1508 1077 2107 1152 cognoscitzquinimo
2130 1074 2550 1144 etiamlargitor
2615 1080 2698 1128 est
2758 1071 2940 1142 omnis
3003 1072 3355 1144 cognitionis,
3412 1086 3517 1140 per-

257 1183 429 1237 quam
455 1168 652 1237 aliquis
677 1178 734 1226 et
754 1185 813 1226 se
834 1177 890 1225 et
913 1169 1018 1225 alia
1041 1170 1339 1242 cognoscit.
1366 1171 1484 1226 Non
1515 1187 1645 1243 ergo
1674 1172 1817 1227 Deus
1855 1170 2153 1224 secundum
2217 1167 2379 1221 aliam
2424 1166 2643 1235 quidem
2705 1165 3074 1236 cognitionem
3119 1165 3360 1234 seipsum
3416 1183 3510 1223 co-

257 1270 514 1330 gnoscet,
551 1264 852 1318 secundum
879 1264 1040 1318 aliam
1059 1280 1190 1322 vero
1218 1275 1518 1323 creaturas.
1565 1266 1700 1322 Cum
1735 1265 1923 1334 itaque
1943 1265 2056 1334 ipsa
2083 1263 2327 1319 omnium
2377 1277 2541 1317 causa
2575 1261 2815 1330 seipsam
2881 1259 3050 1314 etiam
3100 1275 3131 1314 a
3192 1260 3372 1329 seipsa
3409 1277 3506 1316 co-

255 1361 509 1423 gnoscat,
539 1365 749 1425 quanto
780 1359 956 1430 magis
985 1370 1279 1430 cognoscet
1343 1377 1408 1417 ea
1468 1376 1588 1431 quae
1629 1375 1658 1414 a
1690 1374 1750 1414 se
1812 1357 2181 1428 promanant?
2237 1364 2617 1410 verumtamen
2667 1355 2753 1408 sui
2783 1349 2989 1423 ipsius,’
3031 1362 3086 1407 et
3115 1368 3222 1408 non
3279 1356 3508 1410 scientia

255 1459 452 1499 eorum
484 1460 606 1514 quae
652 1459 798 1503 sunt.
849 1447 1016 1504 Infert
1058 1451 1227 1522 igitur
1269 1468 1297 1508 a
1328 1455 1560 1525 minori,
1612 1451 1832 1523 angelos
1860 1451 2022 1505 etiam
2055 1449 2199 1505 scire
2262 1448 2568 1515 sensibilia,
2622 1461 2730 1502 non
2804 1461 2903 1517 per
2944 1460 3139 1502 sensus
3178 1447 3284 1502 illis
3339 1448 3508 1503 inhae-

254 1537 450 1601 rendo,
472 1537 566 1593 sed
601 1553 699 1608 per
728 1540 985 1596 virtutem
1015 1547 1522 1615 transcendentem,
1577 1547 1643 1603 iis
1691 1543 2049 1601 attendendo.
2117 1540 2221 1608 Qui
2273 1541 2418 1595 enim
2456 1555 2670 1595 coram,
2705 1539 2960 1595 Gedeone
2997 1539 3176 1609 ignem
3225 1539 3278 1594 in
3337 1543 3509 1595 sacri-

255 1625 442 1680 ﬁcium
467 1643 532 1684 ex
562 1639 717 1700 petra
749 1632 1023 1701 ejiciebat,
1055 1651 1162 1691 non
1186 1641 1432 1710 percepit
1466 1653 1593 1694 eum
1642 1654 1829 1704 sensu,
1863 1635 2004 1692 sicut
2042 1648 2165 1698 nos,
2209 1632 2387 1700 ignem
2419 1633 2766 1697 comburere,
2800 1631 2894 1685 sed
2959 1631 3261 1684 sublimiori
3323 1631 3504 1693 modo,

249 1727 313 1772 et
357 1721 652 1777 secundum
671 1725 993 1782 deiformem
1022 1743 1174 1784 suam
1212 1731 1494 1787 virtutem.
1542 1732 1601 1788 Si
1644 1733 1830 1800 itaque
1864 1727 2041 1799 angeli
2067 1725 2327 1781 nobiliori
2353 1725 2514 1780 modo
2549 1738 2712 1794 quam
2752 1723 3049 1779 secundum
3090 1737 3313 1778 sensum
3377 1738 3505 1778 sen-

249 1812 380 1866 silia
407 1827 766 1883 cognoscant,
794 1821 998 1890 quanto
1024 1825 1196 1894 magis
1229 1825 1373 1881 Deus
1395 1823 1834 1881 immaterialiter
1873 1818 2222 1874 materialia?

326 1907 354 1979 §
394 1909 484 1962 ΙΙΙ.
537 1910 660 1964 Ἐπὶ
688 1913 896 1978 τούτοις
920 1917 1147 1990 ἀπορεῖ,
1195 1919 1312 1984 πῶς
1349 1922 1511 1988 ἡμεῖς
1555 1920 1644 1974 τὸν
1696 1919 1810 1971 Gabi

1999 1912 2027 1984 §
2066 1911 2155 1967 Ill.
2175 1911 2254 1966 Ad
2278 1912 2392 1968 haec
2415 1911 2626 1982 qmerit,
2648 1909 2922 1980 quomodo
2941 1909 3190 1965 dicamur
3218 1924 3318 1965 nos
3341 1925 3504 1967 nosse

244 1995 540 2064 γινώσκειν
562 2000 853 2075 λεγόμεθα,
881 2009 975 2060 καὶ
997 2009 1136 2081 ὑπὲρ
1157 2009 1223 2064 τὰ
1256 2012 1440 2083 νοητά,
1472 2013 1565 2066 καὶ
1591 2011 1728 2082 ὑπὲρ
1760 2008 1829 2062 τὰ

243 2091 485 2162 αἰσθητὰ
509 2094 854 2168 ὑπεροχικῶς
879 2100 1026 2156 ὅντα.
1075 2104 1294 2176 Ἀληθὲς
1319 2107 1447 2176 γοῦν
1474 2107 1639 2175 λέγει,
1661 2107 1826 2176 ὅτιτῇ

244 2187 416 2240 αὑτοῦ
439 2186 596 2257 φύσει
619 2189 896 2258 ἄγνωστός
929 2195 1076 2248 ἐστιν
1100 2197 1129 2248 ὁ
1167 2196 1332 2262 Θεὸς,
1368 2199 1478 2251 ἀλλ’
1519 2201 1553 2269 ἡ
1589 2199 1694 2250 τῶν
1730 2197 1827 2268 δηπ

247 2282 684 2352 μιουργημάτων
713 2284 962 2364 καλλονὴ.
994 2287 1086 2340 τὸν
1125 2292 1506 2364 γενεσιουργὸν
1526 2332 1540 2357 ,
1576 2291 1826 2346 τουτέστι

239 2370 343 2424 τὸν
379 2373 438 2424 ἐν
459 2373 669 2440 γενέσει
691 2362 940 2447 ποιητὴν,
962 2377 1154 2448 μηνύει
1175 2397 1186 2409 ’
1213 2362 1498 2452 ἡγὰρ-τῶν
1514 2385 1824 2454 κτισμάτων

237 2463 487 2530 διάταξις
518 2466 725 2532 εἰκόνες
747 2468 892 2533 τινὲς
916 2471 1010 2524 καὶ
1037 2472 1355 2543 ὁμοιώματα
1393 2475 1498 2529 τῶν
1523 2477 1582 2530 ὲν
1604 2475 1679 2546 τῷ
1707 2477 1824 2548 Θεῷ

241 2555 708 2628 παραδειγμάτων
740 2561 834 2612 καὶ
872 2561 1277 2635 δημιουργικῶν
1318 2565 1491 2634 λόγων
1536 2569 1661 2630 είσὶ,
1701 2569 1823 2622 καθ’

237 2645 340 2712 οὓς
361 2646 577 2702 ἅπαντα
609 2652 666 2703 ἐν
703 2651 850 2722 αὐτῷ
887 2653 1015 2706 ὄντα
1067 2656 1457 2727 παρήχθησαν,
1498 2657 1680 2722 καθὼς
1731 2661 1822 2713 καὶ

237 2739 306 2788 ὲν
341 2740 407 2808 τῇ
458 2740 821 2812 Ἀποκαλύψει
851 2743 944 2796 τοῦ
977 2743 1224 2814 θεολόγον)
1271 2747 1512 2800 Ἰωάννου
1543 2751 1635 2802 καὶ
1661 2749 1822 2819 εὐαγ-

235 2828 493 2896 γελιστοῦ
515 2831 754 2900 λέγεται,
775 2835 856 2887 ὅτι
879 2834 946 2887 τὰ
981 2837 1158 2890 πάντα
1195 2833 1336 2908 ἦσαν
1376 2839 1470 2890 καὶ
1499 2840 1783 2907 γεγόνασιν
1803 2858 1815 2870 δ

231 2917 384 2991 ἦσαν
417 2923 529 2995 γὰρ
549 2924 617 2977 τά
643 2925 751 2978 τῶν
781 2928 1094 2999 κτισμάτων
1123 2929 1558 3001 παραδείγματα,
1577 2925 1650 2985 ὧν
1674 2933 1817 2985 είκό-

235 3032 333 3077 νες
381 3015 450 3069 τά
492 3017 594 3087 τῆς
641 3019 871 3084 κτίσεως
902 3021 1335 3092 ἀποτελέσματα.
1382 3024 1468 3076 Ἑν
1499 3025 1630 3076 πᾶσι
1690 3025 1818 3092 γοῦν

234 3107 504 3178 κτίσμασι
530 3109 663 3174 Θεὸς
685 3110 1034 3180 γινώσκεται,
1064 3114 1140 3177 ὼς
1164 3116 1192 3166 ὁ
1217 3116 1468 3187 τεχνίτης
1489 3119 1546 3168 ἐν
1579 3121 1690 3181 τοῖς
1729 3137 1818 3171 τε-

233 3203 455 3270 χνητοῖς
478 3218 491 3231 ·
548 3201 725 3273 πάντη
777 3203 839 3276 δὴ
880 3207 1284 3277 κεχωρισμένος
1323 3211 1444 3261 κατ’
1485 3210 1671 3263 οὐσίαν
1708 3213 1814 3264 τῶν

233 3296 492 3349 πάντωνο
533 3298 847 3363 κάντεῦθεν,
880 3300 1154 3368 ἄγνωστος
1191 3301 1286 3366 ὢν,
1329 3305 1392 3356 ὲκ
1429 3305 1526 3374 τῆς
1564 3306 1814 3377 τοιαύτης

232 3390 515 3456 ἀγνωσίας
563 3391 922 3459 γινώσκεται⁸
972 3393 1106 3446 ἀλλὰ
1145 3396 1238 3448 καὶ
1290 3396 1377 3450 διὰ
1411 3397 1519 3449 τῶν
1558 3399 1812 3453 ἐναντίων

231 3479 587 3547 γινώσκεται,
628 3485 724 3537 καὶ
759 3484 847 3538 διὰ
883 3485 992 3538 τῶν
1032 3486 1231 3540 θέσεων
1271 3489 1364 3541 καὶ
1401 3489 1487 3542 διὰ
1526 3490 1634 3542 τῶν
1656 3492 1813 3559 ἀφαι-

241 3573 447 3642 ρέσεων
484 3574 718 3644 λέγεται.
759 3577 822 3629 Ei
849 3576 958 3648 γὰρ
997 3580 1089 3631 καὶ
1129 3579 1316 3651 πρώην
1357 3580 1557 3650 ἔλεγεν,
1600 3584 1681 3635 ὅτι
1723 3586 1812 3638 ἐπὶ

231 3664 372 3718 θεοῦ
411 3665 535 3718 οὔτε
573 3669 757 3738 ὲπαφή
806 3671 973 3734 ἐστιν,
1016 3669 1137 3722 οὔτε
1173 3672 1388 3740 νόησις,
1444 3673 1567 3726 οὔτε
1617 3675 1770 3744 λόγος
1795 3719 1808 3742 ,

231 3755 362 3809 οὔτε
413 3774 466 3810 τι
511 3758 666 3811 ἄλλο’
704 3758 817 3811 ἀλλ’
851 3756 963 3823 οὖν,
1005 3763 1092 3814 ὅτε
1136 3763 1303 3816 ταῦτα
1355 3764 1421 3816 τὰ
1463 3764 1646 3819 θετικὰ
1692 3767 1809 3820 θεο-

231 3851 423 3922 πρεπῆ
446 3852 691 3922 νοοῦμεν,
714 3855 808 3906 καὶ
828 3853 990 3907 αὐτοῦ
1029 3856 1202 3909 ταῦτα
1240 3857 1489 3928 λέγομεν,
1531 3863 1624 3913 καὶ
1639 3863 1736 3914 οὐκ
1752 3861 1810 3926 ἐξ

231 3942 394 4013 ἡμῶν
425 3945 506 4007 εἰς
541 3946 768 4009 ἐκεῖνον,
793 3944 976 4018 χώραν
1014 3947 1196 4018 ἔχουσι
1253 3949 1524 4016 λέγεσθαι.
1580 3953 1643 4004 Ἡ
1681 3953 1810 4020 γοῦν

229 4032 420 4103 ἐπαφὴ
441 4033 536 4103 μὲν
553 4036 586 4105 ἡ
595 4034 708 4104 μῶν
725 4036 858 4106 πρὸς
873 4037 932 4089 τὸ
948 4037 1098 4090 Θεῖον
1117 4039 1216 4092 οὐκ
1255 4038 1420 4104 ἔστιν,
1442 4041 1624 4112 ἐπαφὴ
1645 4041 1700 4094 δὲ
1715 4043 1811 4093 αὑ-

229 4124 328 4176 τοῦ
346 4125 535 4178 ἑαυτοῦ
556 4126 898 4197 λεχθήσεται,
919 4128 1069 4182 ὥσπε
1078 4147 1107 4201 ρ
1129 4129 1192 4201 δὴ
1208 4133 1302 4185 καὶ
1319 4132 1518 4200 γνῶσις
1567 4133 1658 4185 καὶ
1688 4134 1811 4205 νόη-

234 4235 320 4280 σις
339 4235 353 4248 ’
400 4219 456 4271 αἱ
482 4218 527 4270 δ’
545 4220 847 4290 ἀποφάσεις
876 4223 960 4290 ἐφ’
985 4223 1118 4293 ἡμῖν
1153 4222 1534 4295 ταχθήσονται,
1566 4227 1644 4278 ὅτι
1673 4226 1811 4298 ὑπὲρ

228 4310 406 4363 ταῦτα
427 4312 606 4365 πάντα
619 4312 679 4365 τὸ
701 4312 862 4378 θεῖον,
882 4315 974 4367 καὶ
991 4314 1089 4385 οὐχ
1112 4311 1220 4369 οἷόν
1236 4333 1294 4368 τε
1313 4317 1419 4370 ἀπὸ
1437 4316 1638 4373 τούτων
1655 4336 1811 4372 κατα-

229 4399 603 4470 λαμϐάνεσθαι
624 4404 928 4475 παρ’ἡμῶν.
946 4405 1044 4459 Διὰ
1062 4406 1218 4459 τοῦτο
1237 4408 1329 4461 καὶ
1341 4410 1404 4461 ἐκ
1421 4409 1634 4463 πάντων
1653 4410 1809 4480 ήμῶν

227 4485 481 4554 ὑμνεῖται
502 4488 642 4542 κατὰ
659 4490 755 4561 τὴν
775 4491 1063 4562 ἀναλογίαν
1081 4495 1314 4559 πάντων,
1345 4498 1410 4548 ἐκ
1430 4497 1537 4550 τῶν
1549 4498 1714 4553 ὄντων
1735 4499 1809 4564 ὡς

1934 2006 2125 2068 Deum,
2151 2014 2205 2058 et
2233 2019 2298 2059 ea
2329 2019 2450 2074 quae
2481 2004 2818 2059 intellectilia
2865 2002 3197 2072 sensiliaque
3241 2014 3504 2074 superant

1929 2097 2254 2151 eminenter.
2287 2095 2482 2150 Verum
2528 2097 2719 2166 utique
2765 2096 2917 2161 dicit,
2948 2094 3118 2150 Deum
3172 2104 3364 2151 natura
3405 2112 3500 2151 sua

1930 2187 2170 2259 ignotum
2199 2187 2589 2254 exsistere,sed
2617 2198 2992 2243 creaturarum
3019 2187 3498 2256 pulchritudinem,

1929 2279 2298 2347 generationis
2329 2288 2630 2344 auctorem,
2659 2278 2824 2333 idest
2861 2293 3050 2334 eorum
3081 2294 3203 2348 quae
3231 2280 3498 2349 producta

1930 2375 2092 2434 sunt,
2154 2369 2539 2433 conditorem,
2601 2371 2929 2434 ostendere;
2994 2369 3260 2439 siquidem
3317 2386 3497 2426 rerum

1927 2472 2232 2516 creatarum
2257 2461 2638 2530 dispositiones
2683 2470 2810 2516 sunt
2850 2462 3116 2532 imagines
3147 2465 3395 2532 quaedam
3435 2480 3499 2518 ac

1925 2553 2311 2607 similitudines
2341 2567 2530 2607 eorum
2561 2568 2684 2622 quae
2713 2553 2768 2607 in
2795 2553 2906 2608 Deo
2930 2562 3055 2608 sunt
3081 2555 3495 2625 exemplarium,

1925 2663 1989 2702 ac
2020 2648 2241 2702 creandi
2301 2647 2597 2713 rationum,
2634 2649 2934 2703 secundum
2971 2663 3108 2718 quas
3158 2652 3340 2704 omnia
3375 2666 3499 2720 quae

1923 2737 2170 2792 existunt
2219 2736 2271 2789 in
2317 2737 2432 2804 ipso
2457 2741 2720 2806 producta
2778 2749 2934 2806 sunt;
2975 2741 3302 2814 sicutﬂ'jl
3331 2743 3495 2798 etiam

1924 2829 1976 2882 in
2007 2829 2327 2899 Apocalypsi
2356 2827 2582 2884 Joannis
2614 2830 2847 2901 theologi
2879 2841 2934 2886 et
2975 2835 3330 2904 evangelista:
3362 2851 3495 2890 nar-

1924 2931 2100 2986 ratur,
2134 2924 2280 2990 quod
2311 2923 2491 2976 omnia
2545 2935 2705 2978 erant
2760 2933 2813 2979 et
2860 2924 3113 2990 fuerunt;
3158 2927 3285 2997 quia
3337 2938 3495 2983 erant

1920 3015 2251 3084 exemplaria
2274 3031 2456 3072 rerum
2475 3029 2804 3083 creatarum,
2829 3032 3058 3087 quorum
3080 3019 3342 3088 imagines
3367 3033 3494 3075 sunt

1921 3121 2186 3166 creaturae
2211 3111 2595 3182 perfectiones.
2641 3111 2701 3165 In
2761 3113 3011 3168 omnibus
3057 3127 3185 3182 ergo
3226 3117 3493 3168 creaturis

1921 3203 2060 3257 Deus
2080 3205 2450 3274 cognoscitur.
2473 3204 2614 3259 sicut
2638 3204 2833 3258 artifex
2859 3219 2924 3258 ex
2959 3204 3121 3258 rebus
3143 3215 3259 3260 arte
3294 3205 3452 3261 factis
3474 3251 3486 3273 .,

1918 3297 2209 3350 secundum
2239 3296 2598 3350 substantiam
2631 3312 2761 3351 vero
2787 3299 2853 3353 ab
2877 3298 3128 3352 omnibus
3159 3300 3381 3353 omnino
3411 3316 3493 3354 se-

1917 3397 2172 3458 gregatus
2195 3398 2308 3444 est:
2341 3398 2505 3457 atque
2529 3406 2651 3444 cum
2681 3391 2810 3445 hinc
2841 3392 2915 3446 sit
2949 3393 3184 3461 ignotus,
3209 3407 3276 3447 ex
3305 3393 3490 3448 istius-

1915 3481 2058 3534 modi
2101 3481 2441 3550 ignoratione
2482 3482 2857 3552 dignoscitur;
2891 3485 3140 3553 quinimo
3167 3499 3236 3538 ex
3267 3493 3488 3539 contra-

1917 3573 2014 3628 riis
2031 3575 2399 3642 cognoscitur,
2430 3574 2736 3644 diciturque
2755 3585 2864 3630 tam
2890 3592 2984 3646 per
3007 3577 3302 3646 positiones
3319 3591 3484 3646 quam

1915 3679 2011 3733 per
2037 3665 2636 3731 ablationes.’Quamvis
2670 3669 2814 3722 enim
2838 3680 2997 3723 antea
3026 3670 3229 3724 dixerit
3258 3673 3324 3725 de
3351 3671 3485 3732 Deo,

1914 3772 2088 3826 neque
2120 3765 2326 3810 tactum
2364 3771 2509 3822 esse,
2536 3772 2715 3826 neque
2749 3760 3058 3822 notionem,
3095 3775 3270 3830 neque
3312 3762 3484 3816 ratio-

1915 3863 2056 3912 nem,
2086 3863 2258 3916 neque
2281 3849 2576 3919 quidquam
2605 3851 2786 3918 aliud;
2833 3863 3206 3908 verumtamen
3267 3854 3486 3923 quando

1914 3941 2027 3994 lure
2059 3940 2291 4008 positiva
2313 3942 2657 3996 convenienti
2700 3943 2860 4017 modo
2895 3944 3273 4016 intelligimus,
3315 3947 3480 4000 etiam

1912 4032 2025 4085 haec
2061 4033 2226 4099 ipsius
2248 4047 2367 4086 esse
2399 4032 2657 4096 dicimus,
2692 4045 2747 4088 et
2777 4049 2883 4088 non
2919 4049 2984 4090 ex
3013 4037 3172 4092 nobis
3211 4041 3279 4093 ad
3305 4038 3478 4107 ipsum

1915 4124 2201 4178 transferri
2233 4135 2480 4193 possunt.
2533 4126 2718 4196 Itaque
2750 4137 2928 4181 tactus
2959 4128 3181 4198 quidem
3217 4131 3375 4185 nobis
3413 4134 3479 4184 ad

1914 4219 2081 4272 Deum
2113 4233 2220 4272 non
2274 4229 2381 4284 est,
2409 4222 2504 4275 sed
2537 4230 2714 4276 tactus
2745 4222 2916 4288 ipsius
2947 4224 3012 4275 ad
3062 4224 3301 4294 seipsum
3333 4227 3482 4282 dice-

1915 4321 2021 4377 tur,
2081 4315 2222 4368 sicut
2283 4315 2449 4368 etiam
2504 4316 2744 4384 cognitio
2795 4317 3090 4384 notioque;
3156 4319 3478 4388 negationes

1911 4419 2040 4458 vero
2059 4405 2225 4458 etiam
2248 4404 2300 4457 in
2323 4406 2476 4460 nobis
2515 4415 2812 4474 ponentur,
2842 4407 3103 4475 quoniam
3152 4423 3317 4477 supra
3357 4425 3477 4464 om—

1913 4497 1999 4550 nia
2027 4495 2127 4549 ista
2161 4495 2304 4549 Deus
2343 4505 2462 4560 est;
2493 4506 2548 4550 et
2571 4513 2677 4552 non
2713 4506 2892 4566 potest
2915 4513 2980 4551 ex
3021 4499 3106 4553 his
3147 4514 3178 4552 a
3205 4500 3358 4554 nobis
3397 4501 3478 4553 in-

225 4578 326 4643 ῶν,
360 4580 426 4632 ὲκ
451 4581 558 4634 τῶν
580 4580 794 4646 ζώντων
823 4583 897 4648 ώς
931 4585 1058 4650 ζῶν,
1097 4589 1159 4640 ὲκ
1191 4588 1300 4641 τῶν
1325 4591 1503 4660 σοφῶν
1524 4592 1599 4653 ὡς
1623 4594 1801 4661 σοφία.

1915 4587 2098 4656 telligi.
2125 4586 2336 4641 Idcirco
2361 4592 2526 4642 etiam
2555 4604 2624 4642 ex
2647 4591 2899 4644 omnibus
2928 4605 2957 4643 a
2987 4592 3145 4647 nobis
3168 4592 3478 4647 celebratur

224 4672 340 4726 Καὶ
363 4673 524 4727 πάλιν
554 4677 748 4748 ἐστὶνὴ
771 4676 1019 4749 θειοτάτη
1039 4680 1131 4732 τοῦ
1149 4681 1282 4734 Θεοῦ
1302 4683 1521 4750 γνῶσις,
1545 4684 1612 4737 δι’
1629 4686 1805 4753 ἀγνωσ-

205 4761 350 4837 1σίας
372 4767 747 4839 γινωσκομένη
766 4768 906 4822 κατὰ
925 4769 1020 4840 τὴν
1037 4769 1177 4842 ὑπὲρ
1189 4771 1310 4824 νοῦν
1328 4773 1518 4827 ἕνωσιν
1535 4777 1628 4828 καὶ
1644 4777 1802 4829 συνά-

225 4871 406 4923 φειαν,
448 4857 630 4922 καθὼς
667 4861 916 4934 ἐπιφέρει
940 4902 954 4926 ,
1018 4863 1166 4928 ὅταν,
1209 4865 1400 4933 λέγων,
1441 4868 1469 4918 ὀ
1507 4866 1628 4930 νοῦς
1667 4870 1802 4921 ἁπο-

225 4945 359 5009 στάς
391 4946 502 5000 τῶν
535 4947 703 5002 ὄντων
725 4951 818 5002 καὶ
837 4951 1026 5005 ἑαυτὸν
1063 4954 1240 5023 ἀφεὶς,
1281 4956 1453 5028 ένωθῇ
1494 4961 1612 5021 ταῖς
1640 4959 1800 5031 ὑπερ-

223 5035 419 5105 φαέσιν
471 5037 686 5092 ἀκτῖσιν
711 5079 725 5104 ,
790 5041 1196 5114 ὲλλαμπόμενος
1267 5047 1344 5117 τῷ
1395 5048 1798 5122 ἀνεξερευνήτῳ

224 5125 411 5196 βάθει·
452 5128 662 5182 ἐκεῖθεν
701 5131 794 5184 καί
830 5133 947 5186 ἐκεῖ
981 5133 1220 5204 δηλονότι
1257 5137 1426 5202 οὕτως
1471 5141 1496 5212 ἡ
1537 5140 1796 5214 ἔλλαμψις

221 5219 468 5288 γίνεται,
504 5222 596 5276 ὅτε
639 5224 812 5294 μένων
846 5227 998 5292 ἐκεῖ,
1039 5227 1218 5282 πάντα
1255 5232 1349 5284 καὶ
1386 5233 1576 5288 ἑαυτὸν
1614 5237 1791 5304 ἀφεὶς,

220 5313 430 5367 ἐκεῖθεν
467 5315 819 5387 ὲλλάμπεται.
872 5319 1086 5391 Ἀφίησι
1122 5322 1178 5374 δὲ
1216 5325 1244 5375 ὁ
1282 5323 1406 5389 νοῦς
1440 5327 1793 5391 ἑαυτὸν,ὅταν

219 5405 443 5480 ἀργήσῃ
482 5408 760 5473 παντελῶς
809 5411 907 5482 τῆς
943 5413 1148 5478 οἰκείας
1187 5417 1485 5488 κινήσεως,
1528 5421 1619 5472 καὶ
1656 5421 1793 5485 ὅλως

218 5499 545 5574 ἁκινητήσῃ,
575 5503 742 5573 μηδὲν
773 5503 899 5558 ἴδιον
919 5507 1116 5561 ἑαυτοῦ
1149 5509 1304 5581 ἔχων,
1339 5513 1472 5584 μηδὲ
1510 5513 1670 5566 αὐτοῦ
1696 5515 1792 5578 ὢν,

219 5591 334 5645 ἀλλ’
356 5592 494 5658 ὅλως
528 5594 629 5666 τῆς
668 5595 816 5662 θείας
854 5597 1069 5680 ἐκείνης
1113 5603 1489 5675 κρυφιότητος,
1526 5605 1593 5676 ἣν
1631 5605 1792 5660 ἀλλα-

219 5682 315 5754 χοῦ
355 5683 450 5740 καὶ
487 5685 745 5760 ἐνδάιητα
781 5683 920 5758 εἷπε.
959 5691 1150 5751 Καίτοι
1173 5710 1235 5766 γε
1277 5696 1396 5751 κατ’
1426 5693 1582 5752 ἄλλον
1615 5697 1791 5770 λόγον,

1913 4681 2209 4734 secundum
2237 4681 2482 4735 omnium
2515 4682 2943 4750 proportionem,
2999 4697 3066 4736 ex
3095 4685 3315 4740 entibus
3353 4696 3475 4739 tan-

1908 4787 2072 4841 quam
2093 4789 2208 4838 eus,
2234 4787 2301 4827 ex
2321 4773 2633 4828 viventibus
2652 4783 2906 4844 tanquam
2933 4776 3143 4840 vivens,
3165 4791 3232 4831 ex
3255 4780 3478 4847 sapien-

1910 4865 2052 4919 tibus
2082 4873 2338 4936 tanquam
2391 4866 2682 4935 sapientia.
2750 4867 2817 4920 Et
2858 4883 3074 4922 rursum
3111 4881 3196 4926 est
3251 4871 3478 4926 divinis-

1907 4960 2042 5013 sima
2068 4961 2160 5013 Dei
2185 4959 2442 5030 cognitio,
2471 4974 2595 5027 quae
2626 4974 2726 5028 per
2755 4959 3159 5030 ignorationem
3188 4965 3474 5033 cognosci-

1908 5061 1997 5105 tur
2018 5054 2311 5108 secundum
2345 5054 2805 5121 suprameutalem
2839 5054 3099 5110 unionem
3144 5066 3309 5125 atque
3341 5073 3476 5112 con-

1894 5142 2255 5209 junctionem,
2296 5143 2440 5196 sicut
2479 5142 2643 5198 infert
2675 5145 2912 5212 quando,
2943 5146 3213 5216 inquiens,
3249 5161 3402 5201 mens
3442 5163 3472 5201 a

1905 5236 2067 5291 rebus
2098 5236 2374 5302 recedens,
2408 5245 2464 5290 et
2496 5238 2847 5306 semetipsam
2901 5238 3182 5307 deserens,
3237 5241 3472 5309 desuper

1904 5327 2238 5396 fulgentibus
2270 5329 2436 5384 radiis
2459 5329 2670 5393 unitur,
2696 5329 2896 5398 quibus
2923 5331 2975 5384 in
3005 5331 3098 5385 illo
3121 5331 3470 5386 inscrutahili

1900 5419 2067 5472 fundo
2087 5417 2480 5484 eollustratur;
2513 5419 2637 5474 inde
2662 5420 2918 5475 videlicet
2947 5429 3001 5474 et
3042 5422 3114 5476 ibi
3141 5421 3221 5476 sic
3248 5421 3308 5476 fit
3340 5422 3467 5477 illu-

1901 5511 2114 5577 stratio,
2145 5511 2361 5579 quando
2387 5510 2459 5564 ibi
2495 5526 2742 5576 manens,
2769 5512 2952 5566 omnia
2977 5520 3032 5567 et
3053 5514 3285 5582 seipsam
3311 5514 3468 5569 dese-
3506 5516 3517 5542 ‘

1901 5618 2050 5668 rens,
2117 5603 2242 5658 inde
2289 5603 2616 5659 illustratur.
2671 5604 2821 5659 Meus
2871 5615 3052 5661 autem
3115 5607 3464 5678 semetipsam

1904 5697 2151 5770 deserit,
2205 5697 2422 5769 quando
2461 5711 2684 5768 prorsus
2709 5708 2889 5766 cessat
2927 5701 2994 5756 ab
3044 5702 3191 5757 omni
3246 5700 3466 5770 proprio
