3866 6232
132 320 258 377 889

1180 323 1265 379 DE
1305 322 1556 379 DIVINIS
1593 322 1990 389 NOMINIBUS,
2031 323 2183 379 CAP.
2215 321 2353 379 VIII.

3303 319 3408 373 890

130 438 496 513 Χριστιανὸς,
524 440 620 495 ἀτε
642 443 706 513 τῇ
733 440 959 516 ἀληθείᾳ
986 444 1146 511 γνοὺς
1177 444 1268 497 τὸν
1303 441 1569 515 Χριστὸν,
1633 442 1714 497 καλ

1831 441 2175 498 Christianus
2200 449 2384 495 autem
2410 451 2537 493 vere
2572 436 2869 507 gnostieus,
2890 443 3074 507 utpote
3091 450 3218 492 vere
3245 436 3398 491 Chri-

126 533 218 587 δι’
252 532 420 589 αὑτοῦ
450 533 549 605 τὴν
597 533 924 603 θεογνωσίαν
968 536 1329 607 κτησάμενος,
1386 534 1482 608 τὴν
1522 536 1730 590 ἑνιαίαν

127 625 295 696 λέγω
324 628 423 699 τῆς
454 628 713 699 ἀληθείας
759 628 981 697 γνῶσιν.
1038 629 1275 684 Ἐνιαίαν
1321 628 1431 701 γὰρ
1474 629 1572 703 τὴν
1605 630 1727 685 καθ’

126 719 299 791 ἡμᾶς
331 719 513 773 πίστιν
543 718 941 790 ὠνόμασεν,ὠς
972 719 1151 790 ἁπλῆν
1182 737 1243 773 τε
1276 722 1371 775 καὶ
1403 721 1613 795 ἀπλανῆ
1630 723 1729 796 τὴν

119 811 238 864 ⁴ιςοῖὶ
273 811 444 875 ὅντως
475 809 708 881 ἀληθοῦς
723 810 1075 884 κηρύγματος
1090 811 1319 882 ἔχουσαν
1338 813 1558 884 γνῶσιν.
1591 817 1730 882 Ἑξέ-

124 918 317 973 στηκε
353 900 453 972 μὲν
498 901 578 972 τῷ
611 901 830 973 κόσμῳ,
882 900 956 973 μὴ
998 900 1073 955 ὢν
1121 903 1179 955 ὲν
1220 905 1287 974 τῇ
1336 908 1572 977 κοσμικῇ
1618 906 1728 961 τῶν

117 993 392 1047 ἀπίστων
423 993 618 1069 γνώμῃ
648 1010 707 1046 τε
742 994 835 1048 καὶ
884 994 1080 1067 πλάνῃ,
1139 994 1330 1049 ἑαυτὸν
1377 997 1435 1050 δὲ
1467 995 1726 1066 γινώσκει

118 1084 416 1153 νήφοντα,
459 1086 553 1137 καὶ
596 1084 1012 1157 ἀπηλλαγμένον
1056 1085 1158 1156 τῆς
1192 1086 1561 1151 πολυπλανοῦς
1593 1089 1723 1142 ἀπι-

119 1174 330 1240 στίας·
364 1176 445 1230 διὸ
476 1177 570 1230 καὶ
603 1177 726 1232 καθ’
759 1177 997 1249 ἑκάστην
1031 1178 1244 1249 ἡμέραν
1287 1178 1725 1249 ἀποθνήσκουσιν

118 1269 287 1341 ὑπὲρ
319 1270 419 1340 τῆς
450 1270 725 1342 ἀληθείας,
762 1272 821 1323 οὑ
848 1271 1007 1343 μόνον
1042 1273 1134 1324 καὶ
1171 1269 1330 1343 μέχρι
1365 1270 1594 1326 θανάτου
1617 1291 1731 1328 κινο

112 1361 453 1427 δυνεὺοντες
485 1364 741 1419 ἑκάστοτε
774 1362 861 1418 διὰ
906 1362 1004 1434 τὴν
1033 1362 1323 1435 ἀλήθειαν,
1368 1362 1502 1417 ἀλλά
1536 1365 1629 1418 καὶ
1658 1368 1722 1436 τῇ

116 1455 387 1527 ἀγνωσία
417 1455 772 1520 τελευτῶντες
808 1456 1055 1520 πάντοτε,
1074 1457 1140 1526 τῇ
1176 1454 1232 1507 δὲ
1264 1452 1462 1524 γνώσει
1495 1452 1719 1519 ζῶντες,

117 1547 236 1599 καὶ
268 1548 586 1619 Χριστιανοὶ
623 1547 901 1619 μαρτυροὺ
910 1564 1079 1618 μενοι.

473 1795 1123 1882 ΚΕΦΑΛΑΙΟΝ
1164 1798 1347 1911 γ

114 1934 278 2002 Περὶ
326 1933 648 2004 δυνάμεως,
675 1936 1081 2003 δικαιοσύνης,
1131 1942 1446 2003 σωτηρίας,
1483 1937 1709 1991 ἀπολυ-

353 2004 643 2073 τρώσεως,
668 2007 737 2061 ἐν
759 2007 804 2072 ᾧ
826 2008 923 2061 καὶ
948 2009 1079 2076 περὶ
1112 2008 1487 2076 ἀνισότητος.

1834 545 1980 592 stum
2017 546 2376 603 cognoscens,
2403 540 2459 586 et
2486 528 2649 602 473
2679 545 2775 601 per
2808 528 2983 599 ipsum
3014 528 3107 586 Dei
3138 530 3405 599 coguitio-
3466 538 3469 543 '

1837 642 1983 693 nem,
2016 641 2203 692 unam,
2246 626 2492 693 inquam,
2523 624 2771 677 veritatis
2811 621 3181 692 cognitionem
3231 623 3410 691 possi-

1836 720 1989 775 dens.
2025 716 2198 773 Unam
2225 724 2407 771 autem
2436 715 2654 770 vocavit
2686 715 2845 770 Iidem
2893 724 3161 778 nostram,
3217 724 3410 783 utpote

1833 807 2137 878 simplicem
2166 816 2221 861 et
2244 805 2584 861 infallihilem
2608 820 2751 859 verae
2776 804 3187 872 prmdieationis
3214 803 3398 874 cogni-

1837 899 2037 955 tionem
2092 898 2405 953 habentem.
2459 896 2553 951 Est
2581 896 2799 966 qnidem
2834 907 2989 950 extra
3019 897 3277 949 mundum
3312 911 3403 965 ρος

1833 993 1965 1057 sita,
1990 1008 2115 1048 cum
2148 990 2372 1044 minime
2399 999 2651 1045 versetur
2678 990 2731 1044 in
2785 989 3055 1043 mundana
3098 990 3401 1046 iutidelium

1832 1084 2063 1141 scientia
2112 1093 2168 1139 et
2214 1097 2431 1148 errore,
2482 1083 2721 1152 seipsum
2755 1092 2936 1136 autem
2990 1084 3271 1153 cognoscit
3314 1098 3405 1138 so—

1832 1177 2038 1241 brium,
2070 1185 2126 1231 et
2154 1190 2184 1228 a
2218 1176 2510 1245 multivaga
2548 1175 2871 1229 intidelitate
2902 1176 3222 1237 liberatum;
3256 1176 3409 1229 ideo-

1834 1285 1936 1342 que
1970 1270 2212 1340 quotidie
2260 1284 2358 1338 pro
2388 1270 2620 1323 veritate
2667 1269 2998 1333 moriuntur,
3048 1286 3153 1324 non
3194 1280 3405 1324 tantum

1833 1374 2004 1427 usque
2028 1360 2096 1416 ad
2126 1372 2378 1425 mortem,
2414 1361 2467 1415 in
2507 1361 2626 1416 dies
2657 1370 2884 1430 propter
2916 1362 3205 1416 veritatem
3256 1362 3401 1432 peri-

1829 1452 2108 1519 clitantes,
2136 1455 2230 1509 sed
2260 1454 2423 1509 etiam
2470 1469 2688 1523 semper
2725 1456 3046 1523 ignorantiae
3074 1436 3407 1518 morientes:

1825 1544 2122 1612 cognitioni
2169 1559 2298 1599 vero
2327 1546 2594 1609 viventes,
2624 1557 2678 1600 et
2707 1544 3003 1600 Christiani
3034 1545 3394 1614 comproliati.

2256 1802 2637 1891 CAPUT
2710 1803 2992 1890 VIII.

1820 1936 1895 1991 De
1921 1934 2429 2006 potentia,justitia,
2467 1937 2658 1997 salute,
2690 1939 3043 2006 redemptione
3068 1956 3087 2004 ;
3123 1939 3212 1991 ubi
3239 1938 3398 1991 etiam

2368 2008 2432 2061 de
2475 2007 2854 2079 ianualitate.

1449 2162 1787 2219 SYNOPSIS
1824 2162 2119 2218 CAPITIS.

117 2274 167 2329 I.
207 2271 371 2349 Petit,
397 2278 657 2349 quomoda
690 2277 849 2342 Deus,
874 2279 967 2347 qui
991 2290 1064 2334 est
1090 2295 1250 2346 supra
1282 2294 1486 2331 omnem
1518 2279 1765 2332 virtutem
1801 2296 1864 2332 ac
1904 2289 2234 2346 potestatem,
2280 2280 2435 2333 etiam
2479 2279 2644 2333 virtus
2674 2297 2764 2335 seu
2812 2288 3045 2349 potestas
3079 2280 3396 2348 appelletur.

203 2346 271 2399 II.
303 2343 464 2419 Dicit,
505 2348 671 2401 Deum
700 2343 943 2403 virtutem
990 2367 1080 2403 seu
1106 2343 1414 2419 potestatem
1452 2350 1768 2414 nuncupari,
1801 2366 1867 2403 ea:
1901 2343 1960 2402 eo
1997 2350 2137 2416 quod
2172 2351 2619 2419 oinninotensisit.
2650 2361 2697 2403 et
2729 2343 2900 2405 omnis
2932 2343 3229 2403 virtutis-uc
3254 2364 3400 2418 pote—

202 2416 362 2469 statis
392 2428 597 2470 auctor.
630 2420 716 2474 III.
746 2420 1010 2487 Ostendit,
1036 2416 1298 2490 quomodo
1322 2421 1501 2474 divina
1524 2419 1905 2486 omnipotentia
1935 2432 2122 2473 czmcta
2156 2422 2427 2487 pervadat.
2456 2418 2542 2473 IV.
2575 2419 2727 2473 Hanc
2752 2422 2952 2490 angelis
2978 2438 3181 2473 omnem
3217 2416 3314 2474 vim
3341 2441 3405 2477 ac

199 2494 534 2554 potestatem,
562 2505 665 2557 qua
695 2489 911 2556 pollent,
948 2489 1227 2556 impertiri.
1260 2489 1320 2545 V.
1352 2489 1609 2545 Similiter
1630 2489 1884 2553 homines,
1913 2490 2190 2551 animalia,
2218 2504 2509 2557 cwteraque
2540 2493 2716 2543 omnia
2742 2494 3088 2545 corrolrorure
3104 2504 3149 2543 et
3177 2494 3229 2542 in
3256 2504 3400 2547 statu

199 2572 656 2629 suoconservare.
686 2560 770 2615 Vl.
794 2561 1149 2625 Demonstrat,
1169 2577 1387 2615 summa:
1413 2576 1522 2613 esse
1542 2562 1805 2626 potentiw,
1824 2564 1962 2629 quod
1988 2560 2126 2612 Deus
2149 2562 2478 2619 semetipsum
2502 2577 2689 2628 negare
2710 2578 2810 2614 non
2833 2564 3023 2629 possit.
3051 2560 3158 2629 VII.
3194 2560 3402 2628 Tradit,

198 2626 509 2700 nudaberis
537 2630 926 2700 etiamjustitia
953 2634 1246 2699 appelletur
1285 2632 1501 2700 ejusque
1528 2647 1718 2683 ntunus
1745 2626 1971 2699 expleat.
2005 2629 2135 2685 VIII.
2165 2628 2275 2684 Cur
2305 2631 2441 2683 Deus
2478 2626 2741 2700 relinquat
2773 2626 2957 2685 in'ltoc
2983 2626 3178 2687 mundo
3197 2626 3403 2689 sanctos

196 2696 379 2767 (ιβιιαὶ
413 2696 501 2750 IX.
536 2697 688 2753 Unde
711 2696 853 2755 Deus
878 2696 1038 2756 etiam
1068 2702 1216 2756 salus
1243 2696 1575 2770 ntt'ncupetur
1613 2718 1674 2753 ac
1706 2696 2016 2769 redemptio.

1702 2838 1824 2913 §I.

209 2975 351 3029 Ἀλλ’
383 2975 570 3047 ἐπειδὴ
604 2975 702 3046 τὴν
757 2974 904 3029 θείαν
936 2976 1241 3049 ἀληθότητα
1276 2980 1370 3033 καὶ
1404 2978 1711 3052 ὑπέρσοφον

1896 2974 2003 3029 Sed
2039 2989 2161 3029 cum
2196 2974 2436 3028 divinam
2480 2973 2771 3028 veritatem
2817 2991 2881 3031 ac
2931 2990 3261 3045 supr-aquam
3314 2992 3403 3033 sa-

120 3068 327 3137 σοφίαν
369 3068 464 3121 καὶ
501 3066 577 3130 ὡς
621 3066 847 3137 δύναμιν
883 3067 1110 3138 ὑμνοῦσι
1144 3070 1239 3122 καὶ
1264 3070 1339 3132 ὡς
1367 3068 1713 3139 δικαιοσύνην

1827 3068 2053 3138 pientem
2099 3069 2444 3137 sapientiam,
2474 3075 2533 3121 ut.
2571 3071 2873 3138 potentiam
2910 3086 3127 3141 quoque
3162 3082 3213 3126 et
3238 3071 3402 3140 justi-

110 3164 172 3217 οί
201 3160 463 3230 θεολόγοι,
488 3161 582 3213 καὶ
615 3161 886 3232 σωτηρίαν
910 3160 1077 3232 αὑτὴν
1100 3161 1432 3215 ἀποκαλοῦσι
1461 3163 1555 3215 καὶ
1580 3162 1712 3215 ἀπο-

116 3254 418 3325 λύτρωσιν,
470 3253 604 3325 φέρε
647 3253 740 3306 καὶ
759 3253 989 3318 ταύτας,
1029 3253 1105 3317 ὼς
1154 3255 1373 3323 ἐφικτὸν
1420 3256 1571 3325 ἡμῖν,
1612 3254 1712 3320 τὰς

116 3346 439 3416 θεωνυμίας
459 3345 872 3417 ἀναπτύξωμεν.
904 3348 1014 3400 Καὶ
1051 3348 1132 3400 ὅτι
1173 3348 1268 3419 μὲν
1293 3349 1326 3419 ἡ
1356 3346 1583 3419 θεαρχία
1610 3346 1713 3400 πά·-

122 3456 230 3511 σης
261 3436 541 3509 ἐξῄρηται,
573 3439 667 3491 καὶ
691 3438 947 3509 ὑπερέχει
974 3438 1075 3509 τῆς
1097 3440 1244 3502 ὅπως
1277 3439 1405 3492 ποτὲ
1425 3439 1519 3492 καὶ
1547 3437 1713 3510 οὑσης

120 3529 224 3584 καὶ
253 3527 644 3599 ὲπινοουμένης
688 3527 988 3599 δυνάμεως,
1034 3529 1135 3581 οὑκ
1176 3524 1327 3599 οἶμαί
1364 3546 1486 3582 τινα
1516 3529 1625 3582 τῶν
1655 3531 1712 3581 ὲν

117 3626 243 3682 τοῖς
292 3621 457 3684 θείοις
487 3621 687 3690 λογίοις
726 3621 1177 3694 ὲντεθραμμένων
1224 3624 1437 3693 ἀγνοεῖν
1460 3639 1475 3653 ο
1518 3621 1715 3675 πολλα-

118 3715 227 3791 χοῦ
261 3714 372 3785 γάρ
398 3716 431 3785 ή
459 3712 705 3781 θεολογία
735 3714 826 3766 καὶ
847 3712 945 3784 τὴν
978 3714 1203 3785 κυρείαν
1229 3714 1389 3785 αὐτῇ,
1415 3714 1508 3767 καὶ
1532 3711 1713 3767 αὐτῶν

117 3804 239 3859 τῶν
282 3807 687 3877 ὑπερουρανίων
724 3806 1004 3876 δυνάμεων
1040 3805 1371 3876 ἀφορίζουσα
1416 3806 1712 3876 παραδέδο-

116 3914 219 3949 ται
252 3898 316 3949 ⁸⁸.
349 3898 473 3962 Πῶς
516 3894 609 3951 οῦν
652 3898 822 3970 αὑτὴν
856 3898 907 3951 οι
947 3897 1185 3968 θεολόγοι
1231 3899 1324 3952 καὶ
1364 3898 1439 3961 ὡς
1487 3898 1712 3970 δύναμιν

118 3993 384 4063 ὑμνοῦσι,
424 3994 521 4067 τὴν
562 3995 741 4065 πάσης
789 3995 1130 4066 ὲξῃρημένην
1174 3996 1482 4067 δυνάμεως
1520 3996 1554 4068 ἢ
1594 3995 1713 4060 πῶς

117 4084 216 4137 ἐπ’
247 4084 386 4155 αὑτῇ
416 4084 514 4158 τὴν
545 4085 966 4159 δυναμωνυμίαν
997 4086 1321 4159 ὲκλάῧοιμεν
1356 4090 1436 4155 ἐς

1821 3164 1951 3217 tiam
2004 3161 2242 3232 theologi
2295 3161 2626 3227 collaudem,
2662 3176 2762 3217 nec
2808 3178 2917 3217 non
2974 3164 3146 3233 ipsam
3185 3177 3402 3231 quoque

1820 3255 2049 3309 salutem
2096 3268 2161 3309 ac
2209 3254 2640 3323 redemptionem
2688 3266 2918 3322 vocent;
2957 3260 3185 3325 agedum
3235 3256 3397 3311 etiam

1820 3347 1936 3402 haec
1992 3345 2087 3401 Dei
2142 3346 2384 3410 nomina,
2438 3347 2620 3416 quoad
2678 3347 2973 3416 possimus,
3026 3347 3397 3403 enucleemus.

1820 3436 1974 3505 Quod
2022 3437 2162 3492 Deus
2211 3436 2457 3506 quidem,
2506 3437 2872 3493 deiﬁcationis
2923 3438 3198 3507 princeps,
3238 3452 3399 3507 supra

1818 3543 2037 3583 onmem
2086 3529 2387 3597 potentiam
2436 3527 2671 3594 feratur,
2710 3538 2766 3582 et
2812 3545 3027 3585 omnem
3074 3531 3397 3600 potentiam,

1819 3622 2310 3691 quomodocunque
2341 3630 2426 3676 est
2458 3631 2515 3677 et
2541 3622 2910 3692 excogitatur,
2943 3633 3255 3693 exsuperet,
3290 3640 3398 3678 non

1820 3724 1953 3781 puto
1983 3714 2147 3768 ullum
2180 3729 2246 3769 ex
2279 3714 2347 3768 iis
2378 3715 2470 3784 qui
2505 3715 2560 3768 in
2590 3717 2895 3787 Scripturis
2928 3717 3126 3771 divinis
3153 3716 3245 3770 alti
3274 3726 3402 3771 sunt

1818 3814 1875 3861 et
1898 3805 2138 3868 educati,
2163 3806 2417 3876 ignorare
2442 3822 2458 3870 ;
2490 3806 2673 3861 multis
2703 3808 2846 3861 enim
2874 3807 2927 3862 in
2950 3808 3084 3862 locis
3115 3808 3399 3878 Scriptura

1818 3906 1873 3951 et
1919 3896 2345 3952 dominationem
2398 3898 2570 3967 ipsam
2604 3912 2729 3953 esse
2776 3899 2941 3953 tradit
2985 3911 3033 3963 ει,
3068 3908 3120 3953 et
3166 3901 3233 3953 ab
3268 3899 3402 3966 ipsis

1816 3987 2304 4059 supracmlestibus
2340 3989 2600 4060 potentiis
2634 4000 2858 4060 separat
2891 3991 2942 4046 δ.
2979 3991 3261 4058 Quomodo
3294 3992 3400 4061 igi-

1823 4091 1914 4136 tur
1943 4081 2175 4151 theOIOgi
2207 4091 2461 4149 tanquam
2492 4082 2787 4151 potentiam
2819 4081 3063 4149 laudant,
3092 4097 3214 4152 qua:
3241 4091 3396 4136 extra

1810 4190 2029 4230 omnem
2068 4175 2367 4244 potentiam
2415 4175 2591 4244 posita
2627 4175 2747 4230 est?
2776 4184 2871 4229 aut
2916 4176 3189 4245 quomodo
3231 4175 3287 4229 in
3332 4190 3399 4229 ea

1810 4282 2005 4322 nomen
2051 4267 2305 4338 potentiae
2338 4267 2720 4340 accipiemus?

1689 4423 1718 4497 δ
1762 4421 1845 4482 11.

198 4539 442 4611 Λέγομεν
481 4537 662 4593 τοίνυν
707 4538 773 4604 ³⁸,
809 4539 892 4593 ὅτι
933 4538 1162 4612 δύναμίς
1200 4540 1349 4594 ἐστιν
1381 4543 1410 4595 ὁ
1453 4541 1604 4608 Θεὸς,
1633 4542 1710 4607 ὼς

117 4634 311 4686 πᾶσαν
337 4631 565 4702 δύναμιν
593 4632 652 4686 ὲν
677 4632 853 4703 ἐαυτῷ
878 4620 1128 4703 ’προέχων
1155 4635 1249 4687 καὶ
1280 4634 1584 4706 ὑπερέχων,
1616 4638 1710 4690 καὶ

116 4727 204 4789 ὡς
232 4725 415 4795 πάσης
445 4722 725 4794 δυνάμεως
757 4724 946 4789 αἴτιος,
979 4727 1071 4779 καὶ
1101 4725 1278 4778 πάντα
1304 4724 1448 4781 κατὰ
1481 4728 1710 4799 δύναμιν

117 4816 345 4872 ἄκλιτον
362 4818 455 4871 καὶ
480 4818 858 4889 ἀπεριόριστον
888 4819 1171 4888 παράγων,
1201 4820 1297 4873 καὶ
1327 4821 1403 4884 ὼς
1426 4820 1590 4873 αὑτοῦ
1612 4820 1708 4875 τοῦ

119 4905 268 4963 εἶναι
301 4909 549 4981 δύναμιν,
582 4910 616 4980 ἢ
648 4911 749 4983 τὴν
771 4910 899 4983 ὃλην
940 4911 974 4982 ἢ
1003 4914 1104 4986 τὴν
1132 4916 1252 4970 καθ’
1281 4916 1509 4971 ἕκαστον
1538 4916 1709 4979 αἴτιος

118 5000 235 5054 ὤν’
266 5002 361 5054 καὶ
389 5001 464 5065 ὡς
479 5000 1008 5074 ἀπειροδὺναμος,οὑ
1043 5005 1201 5076 μόνον
1228 5006 1306 5078 τῷ
1334 5009 1513 5060 πᾶσαν
1545 5007 1707 5060 δὺνα-

122 5110 224 5164 μιν
256 5093 548 5164 παράγειν,
582 5092 719 5148 ἀλλά
750 5094 846 5148 καὶ
875 5095 954 5167 τῷ
990 5098 1128 5169 ὑπὲρ
1159 5100 1338 5152 πᾶσαν
1368 5099 1462 5153 καὶ
1490 5099 1589 5171 τὴν
1622 5099 1713 5152 αὑ-

118 5184 417 5257 τοδὺναμιν
441 5183 598 5253 εἶναι,
628 5190 722 5242 καὶ
744 5190 821 5261 τῷ
847 5190 1267 5263 ὑπερδὺνασθαι,
1295 5194 1387 5247 καὶ
1420 5193 1712 5265 ἀπειράκις

121 5280 391 5352 ἀπείρους
423 5279 530 5335 τῶν
559 5282 735 5336 οὑσῶν
773 5283 1053 5355 δυνάμεων
1090 5285 1283 5356 ἑτέρας
1326 5289 1670 5357 παραγαγεῖν
1693 5305 1708 5319 ·

123 5371 224 5425 καὶ
252 5371 332 5442 τῷ
364 5370 439 5444 μὴ
466 5373 531 5427 ἀν
564 5391 695 5428 ποτε
725 5374 1016 5447 δυνηθῆναι
1048 5378 1149 5440 τὰς
1188 5378 1447 5448 ἀπείρους
1486 5380 1579 5432 καὶ
1624 5380 1712 5433 ἐπ’

225 5540 251 5569 ι
288 5526 330 5583 ll
366 5527 512 5585 Petr.
555 5543 612 5586 tt.
689 5532 718 5571 δ
753 5529 897 5588 Psal.
934 5548 1093 5589 χχιιι.

1884 4543 2126 4602 Dicimus
2152 4546 2337 4617 igitur,
2364 4546 2536 4603 Deum
2564 4561 2686 4603 esse
2707 4544 3034 4616 potentiam,
3062 4554 3119 4601 ut
3142 4546 3233 4617 qui
3268 4563 3406 4620 prte-

1815 4638 1979 4693 habet
2005 4640 2057 4695 in
2082 4655 2142 4695 se
2163 4651 2218 4696 et
2239 4655 2404 4710 supra
2432 4656 2594 4710 quam
2621 4639 2787 4695 habet
2805 4654 3025 4695 omnem
3064 4641 3273 4709 potenti
3292 4657 3403 4707 am;

1814 4731 1979 4805 474
2010 4743 2066 4788 et
2098 4742 2157 4789 ut
2184 4735 2362 4789 omnis
2391 4734 2646 4805 potentia:
2677 4742 2892 4801 auctor,
2925 4742 2981 4790 et
3012 4743 3071 4788 ut
3104 4733 3286 4787 omnia
3324 4735 3408 4789 iu-
3477 4774 3485 4792 ,

1813 4827 2037 4882 ﬂexibili
2068 4836 2125 4882 et
2171 4827 2645 4897 incircumscripta
2698 4828 2942 4899 potentia
2980 4826 3310 4897 producens,
3350 4839 3407 4881 et
3476 4814 3483 4856 λ

1812 4928 1873 4971 υι
1922 4928 2113 4974 auctor
2153 4919 2327 4989 ipsius
2378 4932 2501 4973 esse
2555 4920 2857 4989 p0tentiaz,
2912 4927 3017 4973 tam
3069 4916 3399 4972 universalis

1811 5027 1973 5082 quam
2017 5011 2284 5083 cujusque
2325 5012 2707 5083 particularis;
2741 5021 2797 5066 et
2845 5020 2904 5065 ut
2947 5010 3396 5079 infiniti-potens,

1819 5118 1925 5156 non
1950 5103 2121 5159 solum
2147 5118 2362 5157 omnem
2389 5103 2686 5172 potentiam
2714 5102 3088 5172 producendo,
3107 5102 3202 5154 sed
3227 5100 3394 5153 etiam

1819 5210 1980 5263 supra
2030 5210 2245 5251 omnem
2295 5196 2614 5266 potentiam,
2664 5204 2719 5250 et
2759 5209 2923 5265 supra
2975 5196 3150 5263 ipsam
3196 5206 3298 5260 per
3332 5205 3396 5245 se

1819 5288 2112 5356 potentiam
2144 5289 2489 5356 exsistendo;
2517 5290 2737 5360 etquod
2770 5289 3002 5358 desuper
3032 5286 3202 5357 possit
3234 5284 3396 5338 innu-

1821 5380 2157 5436 merabiliter
2199 5380 2439 5438 infinitas
2486 5381 2621 5439 alias
2648 5381 2919 5453 potentias
2963 5379 3299 5452 producere;
3336 5383 3392 5431 et

1380 5600 1642 5705 ⁵νΛΒΙιίΕ
1680 5647 2088 5705 LECTIONES.

213 5760 640 5840 ⁸2’ττιιραδὲὂιιυκε,
680 5769 734 5826 S.
773 5768 833 5825 Ρ.
908 5770 1306 5842 ³⁸ὲκλάὄωμεν,
1345 5769 1485 5828 S.P.
1564 5770 1605 5803 ³⁸
1639 5769 1886 5841 λέγωμεν
1920 5770 2117 5841 τοίνυν,
2156 5769 2298 5829 ΞΛ).
