3866 6232
451 334 548 391 891

1626 332 1716 406 5..
1740 331 1893 388 01οΧ
1907 332 2040 388 YSII
2083 329 2548 386 Alii-IOPAGlT/E

3627 323 3741 380 892

453 445 596 517 quod
645 443 872 500 iniittitze
921 445 1132 500 infinito
1182 461 1410 502 numero
1457 447 1731 517 productze
1776 449 2036 518 potentiae

2150 456 2363 525 Ξπειρον
2391 447 2776 521 παραγομένας
2805 447 3058 518 δυνάμεις
3086 443 3183 516 τὴν
3216 443 3602 516 ὕπεράπειρον
3635 444 3739 496 αὖ·

455 553 730 608 nuuqnam
796 548 999 607 queant
1057 553 1390 610 supraquam
1451 540 1720 594 infinitam
1778 547 2033 612 polentia:

452 633 574 700 ejus
633 632 964 700 potentifiea:
1023 631 1370 687 eil‘ectionem
1428 631 1726 699 hebetare;
1782 639 2034 706 quodque

455 721 743 776 iueffabilis
784 731 840 775 et
875 721 1326 791 ineognoscibilis
1372 733 1428 776 et
1473 723 1915 793 inexcogitabilis
1962 726 2036 780 sit

454 813 636 868 omnia
665 811 1060 868 transcenderis
1081 811 1198 881 ejus
1228 814 1495 884 polentia,
1527 830 1649 885 qua:
1678 815 2034 872 exuberantia

455 908 747 977 potestatis
797 917 1070 979 potentem
1118 909 1299 963 reddit
1333 909 1734 978 infirmitatem,
1763 911 1916 982 cujus
1940 929 2038 969 ex-

457 1011 658 1054 tremos
683 1015 896 1070 quoque
924 1002 1181 1055 terminos
1205 1003 1448 1056 continet
1478 1014 1852 1074 penetratque,
1879 1007 2020 1062 sicut

457 1091 509 1146 in
541 1092 609 1147 iis
637 1107 758 1162 qua!
785 1106 1010 1147 sensmn
1036 1093 1193 1149 valde
1221 1093 1425 1148 feriunt
1448 1096 1717 1161 videmus,
1746 1097 2036 1166 praelucida

456 1184 659 1239 luznina
690 1186 912 1240 hebetes
944 1199 1161 1254 quoque
1190 1186 1403 1240 videndi
1438 1187 1726 1244 facultates
1772 1191 2040 1257 perstrin-

455 1291 622 1348 gere;
650 1287 706 1333 et
736 1277 982 1348 ingentes
1011 1279 1170 1334 aiunt
1224 1279 1486 1349 strepitus
1530 1281 1781 1336 audiendi
1825 1297 2041 1351 quoque

454 1382 672 1433 sensus,
714 1383 850 1424 sano
886 1370 1152 1438 capiendo
1196 1387 1387 1442 parum
1430 1372 1679 1434 idoneos.
1728 1386 2035 1442 penetrare.

457 1458 614 1526 Quod
642 1461 786 1515 enim
815 1463 1033 1531 penitus
1071 1478 1176 1516 non
1206 1465 1377 1529 audit,
1398 1464 1511 1534 jam
1544 1479 1648 1518 non
1673 1473 1756 1519 est.
1782 1465 2035 1532 auditus;

458 1569 638 1624 neque
663 1555 831 1623 \isus,
863 1559 1006 1626 quod
1039 1574 1142 1612 non
1172 1557 1349 1614 cernit
1374 1558 1618 1613 omnino.

2134 547 2228 599 τοῦ
2273 545 2370 615 τῆς
2417 539 2776 614 δυναμοποιοῦ
2813 539 3090 610 δυνάμεως
3137 537 3410 610 ἀμϐλῦναι
3453 539 3738 609 ποίησιν·

2137 638 2231 691 καὶ
2258 635 2336 707 τῷ
2367 635 2656 704 ἀφθέγκτῳ
2688 633 2782 686 καὶ
2818 631 3077 702 ἀγνώστῳ
3109 633 3202 685 καὶ
3237 633 3589 702 ἀνεπινοήτῳ
3628 631 3738 700 τῆς

2139 731 2314 784 πάντα
2336 726 2706 798 ὑπερεχούσης
2726 724 2889 778 αὐτοῦ
2917 725 3217 795 δυνάμεως,
3241 727 3275 796 ἡ
3293 723 3380 778 διὰ
3403 726 3738 794 περιουσίαν

2137 821 2232 875 τοῦ
2259 819 2484 875 δυνατοῦ
2504 819 2598 872 καὶ
2617 818 2716 890 τὴν
2741 817 3022 871 ἀσθένειαν
3040 817 3284 887 δυναμοῖ,
3306 817 3402 890 και
3425 817 3500 870 τὰ
3524 817 3739 887 ἔσχατα

2138 917 2248 970 τῶν
2287 915 2668 986 ἀπηχημάτων
2715 913 2758 944 ³⁷
2803 911 2973 982 αὐτῆς
3021 909 3229 980 συνέχει
3273 910 3366 963 καὶ
3414 909 3737 981 δωκρατεί,

2135 1009 2388 1080 καθάπερ
2422 1008 2517 1060 καὶ
2539 1008 2631 1060 ἐπὶ
2655 1007 2764 1060 τῶν
2790 1009 2909 1061 κατ’
2940 1007 3189 1079 αἴσθησιν
3211 1005 3449 1060 δυνατῶν
3480 1003 3737 1077 ὁρῶμν,

2135 1103 2216 1155 ὅτι
2245 1103 2312 1154 τὰ
2348 1101 2720 1172 ὑπέρλαμπρα
2759 1099 2912 1170 φῶτα
2958 1101 3052 1154 καὶ
3096 1100 3255 1171 μέχρι
3289 1099 3399 1153 τῶν
3442 1098 3738 1166 ἀμελειῶν

2135 1195 2378 1265 ὁράσεων
2419 1193 2608 1262 φθάνει
2630 1210 2643 1223 '
2673 1193 2911 1257 καὶτοὺς
2942 1193 3208 1264 μεγάλους
3247 1192 3381 1262 φασὶ
3404 1191 3520 1244 τῶν

2139 1289 2232 1341 καὶ
2261 1289 2340 1352 εἰς
2383 1287 2482 1351 τὰς
2515 1286 2588 1358 μὴ
2613 1285 2728 1339 λίαν
2756 1287 2993 1350 εὐκόλως
3019 1287 3128 1340 τῶν
3155 1288 3302 1357 ἢχων
3327 1281 3738 1354 ἀντιλαμϐανο-

2149 1381 2315 1451 μένας
2344 1378 2512 1442 ἀκοὰς
2547 1379 2868 1433 εἰσδύεσθαι.
2910 1381 2984 1432 Τὸ
3012 1379 3121 1451 γὰρ
3153 1381 3323 1449 πάντη
3351 1380 3594 1449 ἀνήκοον
3613 1376 3740 1429 οὐδὲ

2145 1471 2311 1541 ἀκοή·
2342 1471 2437 1524 καὶ
2463 1470 2524 1523 τὸ
2552 1468 2774 1523 καθόλου
2807 1469 2879 1540 μὴ
2905 1469 3098 1539 βλέπον
3125 1469 3243 1523 οὐδὲ
3271 1471 3463 1542 ὅρασις
3499 1467 3573 1521 ³⁸.

2019 1724 2047 1798 5
2093 1721 2204 1783 ιιι.

547 1857 674 1916 llaec
701 1859 865 1932 igitur
905 1862 1145 1932 potentia
1188 1861 1282 1918 Dei
1315 1862 1732 1935 infiniti—potens
1774 1868 1827 1918 in
1855 1864 2038 1920 oumia

2206 1859 2354 1929 Δῦτη
2392 1858 2435 1911 δ’
2461 1853 2554 1911 οὖν
2578 1860 2611 1928 ἡ
2645 1855 3075 1928 ἀπειροδύναμος
3104 1853 3197 1907 τοῦ
3226 1852 3349 1907 θεοῦ
3383 1852 3632 1917 διάδοσις
3660 1858 3739 1918 εἰς

466 1968 589 2022 qua:
625 1963 754 2010 sunt
789 1966 935 2011 meat
959 1965 1010 2012 et
1047 1956 1412 2027 progreditur,
1445 1957 1690 2028 nihilque
1711 1973 1902 2012 eorum
1919 1972 2042 2029 quae

470 2054 603 2102 sunt
624 2047 704 2103 sic
737 2049 963 2104 omnino
992 2049 1255 2104 nudatum
1292 2058 1396 2116 est,
1429 2049 1562 2119 quin
1607 2051 1843 2120 aliquam
1888 2061 2041 2123 pote-

465 2148 661 2195 statem
693 2139 922 2195 habeat:
955 2140 1087 2212 quin
1145 2141 1329 2211 potius
1376 2151 1703 2211 potestatem
1746 2144 1908 2200 habet
1954 2146 2039 2202 vel

466 2229 849 2299 iutelligentem
882 2230 967 2286 vel
1010 2231 1452 2296 ratiocinantem,
1482 2231 1564 2286 vel
1600 2234 1921 2290 sentientem
1953 2238 2039 2292 vel

465 2325 760 2393 viventem,
785 2328 871 2383 vel
909 2331 1188 2399 propriam
1224 2331 1578 2398 substantiae;
1605 2340 1659 2385 et
1683 2332 1858 2402 ipsum
1895 2349 2037 2400 esse,

463 2420 510 2474 si
565 2420 648 2476 fas
680 2431 766 2476 est
808 2423 1010 2488 dicere,
1052 2425 1376 2494 potentiam,
1410 2425 1570 2483 habet
1600 2433 1660 2480 ιιι
1709 2425 1779 2480 sit
1807 2427 1877 2481 ab
1918 2427 2034 2498 ipsa

464 2515 910 2583 supraessentiali
937 2518 1200 2587 potentia.

2146 1954 2322 2006 πάντα
2343 1951 2410 2004 τὰ
2431 1951 2559 2004 ὄντα
2587 1953 2774 2021 χωρεῖ,
2797 1949 2892 2002 καὶ
2913 1947 3064 2001 οὐδέν
3084 1949 3198 2000 ἐστι
3217 1945 3327 1999 τῶν
3355 1947 3535 1999 ὄντων
3563 1948 3594 1998 ὃ
3615 1965 3741 2000 παν-

2142 2043 2310 2107 τελῶς
2342 2042 2613 2114 ἀφῄρηται
2641 2039 2702 2092 τὸ
2730 2039 2870 2110 ἔχειν
2892 2038 3010 2091 τινὰ
3033 2037 3257 2108 δύναμιν
3277 2025 3290 2064 έ
3313 2035 3429 2089 ἀλλ’
3460 2037 3497 2104 ἦ
3520 2037 3737 2106 νοεράν,

2144 2135 2176 2207 ἦ
2209 2135 2452 2206 λογικὴν,
2488 2133 2521 2204 ἢ
2561 2131 2904 2202 αἰσθητικὴν,
2941 2131 2973 2200 ἢ
3011 2128 3265 2199 ζωτικὴν,
3295 2128 3326 2198 ἢ
3373 2127 3622 2198 οὖσιώδη
3647 2129 3740 2180 δύο

2146 2244 2307 2298 ναμιν
2353 2227 2498 2298 ἔχει·
2544 2227 2638 2278 καὶ
2674 2223 2804 2276 αὐτὸ
2848 2223 2924 2284 δὲ,
2968 2223 3015 2274 εἱ
3058 2220 3213 2292 θέμις
3252 2223 3453 2281 εἰπεῖν,
3499 2222 3565 2272 τὸ
3604 2216 3742 2273 εἶναι

2146 2323 2394 2392 δύναμιν,
2428 2323 2508 2384 εἰς
2545 2321 2607 2374 τὸ
2642 2315 2780 2372 εἶναι
2812 2317 2922 2388 ἔχει
2952 2315 3102 2388 παρά
3134 2316 3231 2384 τῆς
3272 2316 3617 2385 ὑπερουσίου
3655 2314 3743 2366 δυ-

2148 2415 2383 2486 νάμεως.

2029 2661 2057 2734 §
2101 2659 2208 2718 ιν.

557 2818 630 2873 Ex
683 2818 798 2886 ipsa
834 2827 962 2873 sunt
1005 2818 1298 2874 deiformes
1362 2821 1736 2888 angelicorum
1787 2824 2041 2877 ordinum

2232 2822 2319 2889 Ἐξ
2349 2823 2517 2892 αὐτῆς
2541 2826 2677 2875 εἰσιν
2706 2824 2759 2875 αἱ
2789 2822 3039 2885 θεοειδεῖς
3065 2822 3174 2874 τῶν
3202 2819 3517 2889 ἀγγελικῶν
3562 2821 3746 2876 6:416-

458 2912 756 2985 p0tentia:;
821 2927 888 2967 ex
948 2913 1064 2982 ipsa
1117 2928 1330 2982 quoque
1402 2916 1602 2969 habent
1671 2926 1869 2968 statum
1941 2917 2040 2970 im-

2150 2914 2580 2984 ι’μωνὸυνάμειςο
2611 2913 2670 2978 ἐξ
2701 2915 2868 2985 αὐτῆς
2909 2916 3000 2967 καὶ
3039 2913 3100 2966 τὸ
3141 2908 3280 2966 εἷναι
3324 2912 3749 2982 ἀμεταπτώτως

466 3005 801 3071 mutabilem,
846 3021 948 3060 nec
987 3022 1093 3061 non
1137 3021 1327 3060 omnes
1367 3023 1493 3061 suas
1539 3008 1814 3076 spiritales
1847 3016 1901 3062 et
1937 3011 2040 3063 im-

2151 3008 2349 3079 ἔχουσι,
2387 3008 2480 3059 καὶ
2508 3007 2688 3068 πάσας
2716 3006 2894 3058 αὐτῶν
2934 3007 3032 3069 τὰς
3077 3005 3268 3076 νοεράς
3308 3007 3404 3058 καὶ
3438 3005 3749 3068 ἀθανάτους

466 3097 724 3150 mortales
750 3109 814 3150 ae
844 3108 1139 3164 perpetuas
1160 3107 1454 3160 motiones,
1484 3099 1763 3166 ipsamque
1791 3109 2040 3151 constan-

2150 3099 2504 3169 ἀεικινησίας,
2544 3098 2636 3150 καὶ
2674 3098 2734 3149 τὸ
2778 3098 3020 3169 ἀρῤεπὲς
3062 3098 3215 3159 αὐτὸ,
3252 3099 3345 3150 καὶ
3385 3099 3483 3168 τὴν
3517 3098 3749 3150 ἀνελάτ-

463 3191 595 3243 tiam
628 3191 863 3260 bonique
893 3191 1220 3260 appetitum.
1260 3190 1352 3259 qui
1403 3191 1571 3243 minui
1613 3206 1720 3243 non
1753 3192 1945 3260 possit,
1976 3191 2043 3245 ab

463 3279 744 3335 immensae
787 3283 1049 3337 bonitatis
1083 3286 1327 3351 polentia
1358 3293 1705 3351 receperunt,
1739 3281 1893 3347 cujus
1923 3298 2044 3335 Inn-

462 3385 593 3424 nere
625 3371 844 3437 habent,
878 3383 936 3426 ut
965 3383 1018 3426 et
1048 3375 1258 3442 possint
1281 3388 1333 3427 et
1362 3375 1477 3428 sint
1503 3375 1616 3427 haec
1643 3376 1777 3442 ipsa,
1805 3389 2044 3441 semper-

462 3478 568 3528 que
610 3478 731 3517 esse
769 3465 1100 3530 desiderent,
1139 3475 1191 3519 et
1221 3465 1280 3520 id
1320 3465 1491 3536 ipsum
1524 3481 1686 3536 posse
1729 3466 2046 3521 desiderare

461 3568 680 3626 semper
704 3557 944 3626 possint.

2145 3211 2316 3246 τωτον
2363 3192 2545 3261 ἔφεσιν
2578 3191 2670 3244 τοῦ
2705 3190 2931 3260 ἀγαθοῦ,
2966 3191 3099 3261 πρὸς
3141 3191 3238 3259 τῆς
3280 3189 3668 3259 ἀπειραγιῆου
3703 3189 3748 3218 ³⁹

2144 3287 2426 3358 δυνάμεως
2450 3286 2758 3355 εἰλήφασιν,
2789 3285 2954 3355 αὐτῆς
2985 3284 3228 3352 ἐφιείσης
3262 3283 3451 3345 αὐτοῖς
3479 3283 3548 3333 τὸ
3587 3281 3748 3334 δύνα-

2150 3378 2271 3431 σθαι
2301 3379 2392 3430 καὶ
2421 3379 2481 3430 τὸ
2528 3373 2664 3430 εἶναι
2693 3376 2885 3436 ταῦτα,
2914 3377 3008 3428 καὶ
3052 3374 3297 3442 ἐφίεσθαι
3335 3374 3424 3426 ἀεὶ
3456 3370 3626 3436 εἶναι,
3655 3374 3748 3424 καὶ

2149 3472 2279 3524 αὐτὸ
2312 3471 2372 3523 τὸ
2399 3470 2656 3524 δύνασθαι
2690 3469 2936 3538 ἐφίεσθαι
2961 3468 3054 3520 τοῦ
3081 3467 3167 3520 ἀεὶ
3197 3465 3481 3519 δύνασθαι.

2025 3722 2167 3795 δν.

537 3862 706 3918 Porro
777 3863 1138 3920 indefieieutis
1176 3865 1334 3920 istius
1397 3867 1652 3936 potentia:
1711 3881 1933 3919 munera
1985 3866 2038 3920 iu

463 3955 712 4010 homines
785 3971 1002 4026 quoque
1050 3959 1378 4022 dimanant,
1442 3968 1496 4012 et
1566 3959 1619 4012 in
1677 3959 1931 4012 animalia
1987 3967 2041 4012 et

462 4047 716 4115 plantas,
767 4055 1047 4117 totamque
1091 4057 1340 4103 naturam
1387 4049 1669 4115 universi;
1720 4048 2045 4104 corroborat

461 4138 608 4194 enim
662 4139 779 4206 illa,
809 4155 931 4210 qua:
979 4142 1127 4196 unita
1173 4153 1321 4210 sunt,
1357 4143 1423 4197 ad
1458 4152 1700 4198 mutuam
1744 4142 2040 4196 amicitiam

463 4248 528 4288 ac
558 4235 1028 4301 communionem,
1051 4246 1109 4290 et
1133 4250 1253 4305 qum
1291 4237 1545 4292 distincta
1573 4246 1720 4301 sunt,
1760 4245 1819 4290 ut
1849 4252 2045 4291 secun-

465 4325 592 4380 dum
630 4339 788 4380 sua-n
820 4341 1052 4396 quasque
1097 4330 1364 4383 rationem
1414 4344 1478 4383 ac
1530 4330 1902 4384 definitionem
1939 4329 2045 4382 im-

465 4417 727 4484 permisla
759 4432 974 4487 quoque
999 4427 1049 4473 et
1103 4419 1387 4474 inconfusa
1435 4421 1774 4484 consistant;
1812 4436 1910 4476 nec
1940 4436 2046 4474 non

2224 3863 2442 3935 "poem
2481 3861 2539 3914 δὲ
2587 3860 2655 3912 τά
2687 3861 2786 3930 τῆς
2804 3859 3174 3912 ’ἀνεκλείπτου
3216 3857 3503 3928 δυνάμεως
3549 3861 3646 3912 καὶ
3673 3863 3747 3922 εἰς

2154 3956 2492 4028 ἀνθρώπους,
2533 3955 2625 4007 καὶ
2664 3953 2798 4018 ζῶα,
2849 3955 2941 4005 καὶ
2989 3952 3150 4021 φυτά,
3197 3951 3293 4004 καὶ
3338 3951 3440 4021 τὴν
3478 3951 3618 4021 ὃλην
3656 3953 3746 4005 τοῦ

2147 4049 2347 4111 παντὸς
2398 4047 2558 4117 φύσιν
2584 4065 2596 4076 ο
2651 4048 2744 4108 καὶ
2793 4045 3021 4116 δυναμοί
3065 4044 3136 4097 τά
3184 4043 3443 4115 ἡνωμένα
3477 4045 3628 4115 πρὸς
3653 4047 3746 4114 τὴν

2145 4143 2389 4215 ἀλλήλων
2431 4142 2614 4211 φιλίαν
2644 4141 2734 4193 καὶ
2765 4139 3070 4200 κοινωνίαν,
3113 4138 3204 4191 καὶ
3235 4137 3306 4190 τά
3343 4137 3746 4208 διακεκριμένα

2154 4235 2288 4307 πρὸς
2316 4233 2376 4287 τὸ
2404 4229 2541 4286 εἶναι
2567 4232 2708 4286 κατά
2731 4232 2822 4285 τὸν
2844 4234 3040 4285 οἰκεῖον
3069 4232 3274 4284 ἕκαστα
3300 4230 3459 4298 λόγον
3493 4233 3598 4284 καὶ
3627 4234 3746 4302 ὅρον

2154 4327 2433 4397 ἀσύγχυτα
2465 4325 2560 4378 καὶ
2591 4325 2922 4396 ἀσύμφυρτα
2946 4342 2959 4353 ·
2991 4323 3208 4385 καὶτὰς
3255 4321 3350 4374 τοῦ
3400 4324 3616 4386 παντὸς
3654 4325 3743 4374 τά-

2154 4422 2265 4485 ξεις
2299 4418 2392 4470 καὶ
2420 4416 2790 4488 εὐθυμοσὺνας
2812 4417 2857 4447 ⁸⁰
2887 4417 2968 4479 εἰς
2994 4416 3053 4468 τὸ
3077 4417 3275 4468 οἰκεῖον
3309 4415 3517 4483 ἀγαθὸν
3550 4416 3745 4469 διασώ-

465 4507 707 4565 universi
755 4507 916 4578 hujus
944 4511 1168 4567 ordines
1198 4528 1262 4567 ac
1293 4511 1626 4568 directiones
1661 4514 1714 4567 in
1745 4513 1887 4568 bono
1916 4528 2040 4582 pro-

2150 4511 2250 4576 ζει,
2284 4512 2377 4564 καὶ
2415 4510 2515 4575 τὰς
2548 4509 2850 4572 ἀθανάτους
2876 4507 2983 4561 τῶν
3024 4506 3327 4576 ἀγγελικῶν
3358 4508 3570 4561 ἐνάδων
3606 4509 3745 4573 ζωάς

465 4601 590 4668 prio
620 4611 928 4667 conservat,
962 4612 1125 4673 atque
1155 4604 1492 4660 immortales
1526 4605 1893 4674 angelicarum
1925 4603 2048 4657 uni-

469 4701 645 4747 tatum
694 4695 836 4750 vitas
883 4696 1259 4763 inviolabiles,
1316 4707 1372 4755 et
1422 4697 1723 4753 emlestium
1777 4697 2042 4752 luminum

465 4784 633 4856 475
676 4787 1025 4858 siderumque
1055 4789 1392 4845 substantias
1418 4800 1582 4861 atque
1605 4790 1829 4847 ordines
1858 4799 2044 4846 servat

470 4877 859 4942 immutabiles,
892 4880 1199 4951 saeculaque
1244 4891 1304 4935 ut
1347 4896 1469 4937 esse
1512 4883 1725 4952 possint
1764 4881 2040 4951 indulget;

470 4979 776 5040 temporum
827 4987 1047 5042 quoque
1092 4975 1610 5031 circnmvolulioncs
1659 4976 2043 5046 progressibus

466 5062 691 5134 quidem
724 5062 1040 5132 distinguit,
1076 5067 1342 5124 reditibus
1383 5083 1512 5123 vero
1543 5067 1788 5137 colligit;
1820 5078 1878 5124 et
1907 5068 2048 5138 ignis

471 5156 616 5210 vires
635 5154 996 5212 iuexstiuetas
1024 5157 1179 5225 facit,
1213 5175 1310 5216 nec
1340 5176 1445 5216 non
1479 5176 1634 5232 aqua:
1673 5161 1874 5216 fluenta
1919 5176 2047 5231 per-

467 5247 667 5312 ennia;
712 5248 922 5304 aeriam
972 5265 1188 5321 quoque
1234 5252 1504 5308 fusionem
1549 5254 1846 5320 terminat,
1880 5263 2047 5323 atque

469 5349 674 5394 terram
700 5355 863 5410 supra
893 5341 1119 5397 nihilum
1159 5344 1358 5413 firmat,
1384 5347 1612 5417 ejusque
1646 5346 1890 5400 vivifieos
1917 5362 2045 5417 par-

472 5442 562 5488 tus
590 5433 1029 5504 incorruptibiles
1073 5438 1350 5505 custodit;
1379 5441 1512 5510 quin
1554 5449 1610 5494 et
1651 5439 2045 5495 elementorum

2153 4603 2465 4676 ἀλωϐήτους
2490 4602 2858 4672 διαφυλάττει,
2894 4600 2987 4654 καὶ
3033 4599 3131 4663 τὰς
3174 4599 3451 4671 οὐρανίας,
3498 4602 3601 4653 καὶ
3637 4620 3741 4670 φω-

2155 4695 2440 4768 στηρικάς,
2472 4695 2565 4748 καὶ
2590 4693 2867 4766 ἀστρῲους
2889 4691 3091 4755 οὐσίας,
3117 4692 3214 4744 καὶ
3240 4691 3424 4754 τάξεις
3445 4693 3742 4746 ἀναλλοιὼο

2149 4806 2296 4853 τους,
2334 4790 2430 4842 καὶ
2459 4789 2548 4842 τὸν
2581 4787 2751 4841 αἰῶνα
2787 4784 3045 4840 δύνασθαι
3091 4780 3231 4837 εἶναι
3271 4787 3456 4837 ποιεῖ’
3508 4787 3611 4838 καὶ
3654 4786 3742 4844 τὰς

2150 4881 2245 4934 τοῦ
2272 4881 2465 4952 χρόνου
2509 4879 2832 4953 περιελίξεις
2860 4878 3124 4950 διακρίνει
3173 4877 3273 4948 μὲν
3308 4881 3433 4942 ταῖς
3471 4880 3739 4950 προόδοις.

2154 4973 2374 5042 συνάγει
2402 4974 2459 5027 δὲ
2487 4975 2607 5036 ταῖς
2641 4970 3118 5025 ἀποκαταστάσεσι
3143 4986 3156 5000 ·
3192 4970 3287 5023 καὶ
3317 4970 3416 5032 τάς
3445 4970 3542 5023 τοῦ
3578 4971 3740 5042 πυρδς

2150 5065 2410 5136 δυνάμεις
2441 5064 2738 5127 ἀσϐέστους
2767 5065 2930 5124 ποιεῖ,
2962 5062 3055 5115 καὶ
3083 5061 3181 5124 τάς
3212 5061 3306 5114 τοῦ
3343 5060 3542 5126 ὕδατος
3592 5065 3740 5134 ὲπιῤ-

2153 5158 2283 5228 ῥοὰς
2310 5157 2716 5220 ἀνεκλείπτους,
2748 5156 2842 5208 καὶ
2869 5155 2967 5226 τὴν
3011 5154 3203 5223 ἀερίαν
3234 5153 3392 5224 χύσιν
3421 5155 3622 5224 ὁρίζει,
3654 5157 3738 5209 καὶ

2149 5251 2248 5322 τὴν
2277 5253 2377 5323 γῆν
2399 5252 2487 5303 ἐπ’
2519 5250 2732 5313 οὐδενος
2762 5247 2958 5320 ἱδρύει,
2993 5248 3086 5300 καὶ,
3111 5247 3210 5310 τὰς
3238 5247 3544 5316 canym”;
3573 5248 3736 5315 αὐτῆς

2149 5344 2342 5406 ὠδῖνας
2374 5342 2730 5414 ἀδιαφθόρους
2762 5342 3017 5412 φυλάττει
3044 5340 3087 5371 ⁸¹
3109 5356 3123 5370 ·
3159 5340 3254 5394 καὶ
3282 5339 3382 5410 τὴν
3409 5341 3470 5392 ἐν
3495 5340 3736 5410 ἀλλήλοις

2146 5437 2258 5489 τῶν
2307 5436 2588 5506 στοιχείων
2635 5434 2898 5506 ἁρμονίαν
2947 5434 3041 5486 καὶ
3085 5432 3282 5503 κρᾶσιν
3307 5430 3617 5502 ἀσύγχυτον
3650 5431 3734 5486 καί

1747 5617 1980 5693 vanus
2016 5615 2421 5674 LECTIONES.

555 5770 599 5805 ³⁷
633 5772 994 5848 ἀπηχήματα,
1035 5776 1095 5834 Ρ.

1174 5776 1358 5834 ³⁸οὓτε
1395 5776 1606 5848 ὅρασις,
1646 5773 1704 5832 Ρ.
1759 5777 1800 5810 ³⁹
1825 5774 2276 5848 ἀπειροδυνάμον.

2357 5775 2400 5811 ⁸⁸
2435 5769 2834 5847 εὐθημοσύνας,
2869 5771 2935 5829 Ρ.
3004 5772 3043 5805 ⁸¹
3069 5769 3447 5842 διαφυλάττει,
3488 5769 3544 5827 S.
3571 5767 3633 5826 P.
