3866 6232
191 303 347 362 893

200 1245 361 1317 μίαν
385 1246 609 1319 δύναμιν
632 1247 752 1319 ἔχον
781 1248 903 1302 οὔτε
926 1250 1094 1316 ἐστὶν,
1119 1248 1240 1304 οὔτε
1268 1252 1319 1304 τί
1351 1253 1519 1318 ἐστιν,
1549 1251 1671 1306 οὔτε
1689 1253 1810 1307 ἐστί

191 1357 303 1405 τις
336 1341 504 1395 αὑτοῦ
527 1341 808 1406 παντελῶς
833 1341 998 1406 θέσις.

1301 301 1388 357 DE
1430 300 1686 358 DIVINIS
1723 301 2120 369 NOMINIBUS,
2149 303 2301 358 CAP.
2345 302 2479 360 VIII.

183 416 540 489 ἀδιαίρετον
583 414 877 481 ἀποσώζει,
929 413 1024 469 καὶ
1069 414 1166 487 τὴν
1208 415 1386 487 ψυχῆς
1438 416 1533 469 καὶ
1571 415 1795 488 σώματα

1924 418 2066 472 inter
2088 432 2148 472 se
2173 417 2586 489 congruentiam
2616 425 2778 486 atque
2812 417 3128 489 temperiem
3153 415 3491 476 inconfnsam

191 509 483 564 σύνδεσιν
514 509 747 578 συνέχει,
777 509 871 562 καὶ
911 508 1011 572 τὰς
1038 507 1148 562 τῶν
1179 509 1361 578 φυτῶν
1391 507 1688 580 θρεπτικάς
1725 516 1819 564 καὶ

188 601 536 673 αὐξητικάς
573 601 829 672 δυνάμεις
855 601 1102 654 ἀνακινεῖ
1124 618 1138 632 °
1173 601 1268 655 καλ¹
1294 601 1576 673 διακρατεϊ
1600 601 1699 665 τὰς
1725 602 1818 655 ού-

191 693 446 758 σιὼδεις
464 694 572 747 τῶν
600 694 735 747 ὅλων
759 693 1036 765 δυνάμεις,
1071 695 1166 748 καὶ
1193 695 1290 766 τὴν
1311 693 1405 748 τοῦ
1438 694 1638 758 παντὸς
1668 695 1820 749 ἀδιά-

185 785 390 839 λυτον
424 785 589 858 μονὴν
629 786 674 818 δ’
707 786 1091 855 ἀσφαλίζεται,
1125 787 1218 840 καὶ
1255 787 1354 858 τὴν
1405 787 1599 842 θέωσιν
1648 789 1818 862 αὐτὴν

185 877 500 949 δωρεῖται,
528 878 756 950 δύναμιν
776 882 855 943 είς
880 879 1038 932 τοῦτο
1063 883 1174 944 τοῖς
1194 879 1570 952 ἐκθεουμένοις
1599 882 1644 914 ⁸³
1673 900 1816 955 παρ-

188 969 431 1040 έχουσα
457 988 471 1001 ·
534 971 629 1025 καὶ
665 970 801 1035 ὅλως
844 972 997 1026 οὐδέν
1038 973 1154 1026 ἐστι
1198 973 1422 1026 καθόλου
1470 974 1577 1028 τῶν
1623 974 1810 1041 ὄντων,

188 1061 320 1134 τὴν
376 1064 826 1135 παγκρατορικὴν
859 1064 905 1096 ⁴⁴⁵
954 1064 1257 1134 ἀσφάλειαν
1295 1065 1390 1120 καὶ
1423 1066 1680 1138 περιοχὴν
1712 1067 1813 1137 τῆς

192 1152 383 1217 θείας
407 1153 688 1226 δυνάμεως
717 1157 1092 1228 ἀφῃρημένον.
1127 1158 1200 1210 Τὸ
1242 1157 1350 1229 γάρ
1383 1157 1610 1211 καθόλου
1649 1158 1812 1230 μηδε-

3388 301 3494 359 894

1923 517 1980 564 et
2003 509 2292 563 indivisam
2321 517 2524 575 servat,
2547 517 2710 577 atque
2738 509 2934 564 anima:
2951 521 3008 564 et
3028 509 3274 579 corporis
3299 524 3494 564 nexum
3550 555 3554 558 Α

1925 601 2192 665 continet,
2239 600 2603 670 stirpiumqne
2654 600 2880 656 altrices
2928 601 3312 672 auctricesque
3353 604 3497 658 vires

1924 693 2187 754 suscitat;
2223 706 2323 746 nec
2354 706 2460 745 non
2486 690 2810 746 essentiales
2837 707 3018 746 rerum
3053 693 3294 748 omnium
3325 693 3494 749 facul-

1923 793 2062 840 tates
2087 793 2143 840 et
2177 784 2607 840 indissolubilem
2646 785 2811 840 totius
2847 785 3087 840 universi
3125 794 3304 841 tuetur
3335 802 3494 841 man-

1921 876 2154 945 sionem,
2184 878 2315 948 quin
2345 888 2398 932 et
2431 877 2604 948 ipsam
2651 892 2870 947 quoque
2909 878 3305 933 deiﬁcationem
3354 895 3493 950 prte-

1916 979 2041 1033 stat,
2069 979 2124 1024 et
2145 971 2376 1025 virtutes
2402 972 2469 1026 ad
2497 986 2616 1025 eam
2653 971 2944 1039 requisitas
2979 971 3049 1027 iis
3082 972 3173 1042 qui
3205 972 3494 1027 deiﬁcandi

1915 1071 2046 1118 sunt
2075 1064 2313 1133 praebet;
2346 1063 2585 1133 denique
2614 1062 2748 1118 nihil
2775 1073 2859 1118 est
2894 1066 2947 1117 in
2990 1065 3326 1129 universum,
3353 1065 3496 1134 quod

1916 1155 2314 1225 omnipotentis
2343 1154 2511 1210 tutela
2543 1165 2598 1210 et
2623 1156 3044 1212 conversatione
3077 1157 3276 1227 divipa:
3301 1167 3495 1225 poten-

1917 1245 2008 1302 tia:
2037 1246 2306 1317 privatum
2334 1248 2428 1301 sit.
2453 1246 2607 1314 Quod
2635 1247 2778 1302 enim
2815 1249 3071 1304 universe
3101 1249 3302 1302 nullam
3328 1248 3493 1311 habet

1915 1349 2268 1410 potestatem,
2319 1355 2420 1394 nec
2467 1350 2576 1404 est,
2614 1357 2716 1396 nec
2763 1342 3056 1414 quidquam
3113 1352 3218 1409 est,
3260 1356 3362 1397 nec
3409 1349 3495 1396 est

1917 1433 2161 1490 funditus
2192 1434 2335 1490 ullus
2369 1434 2487 1503 ejus
2513 1437 2674 1491 situs.

1774 1589 1803 1662 §
1846 1587 1953 1649 Vl.

287 1722 488 1776 Καίτοι
527 1723 692 1794 φησιν
740 1720 978 1794 Ἐλύμας
1007 1722 1036 1775 ὁ
1074 1720 1266 1792 μάγοςο
1297 1722 1360 1776 Εἰ
1397 1723 1795 1797 παντοδύναμὸς

1977 1727 2141 1797 Atqui
2168 1727 2206 1794 ,‘
2231 1727 2408 1798 inquit
2463 1728 2680 1801 Elymus
2749 1746 2942 1801 magus

199 1813 375 1866 ἐστιν
400 1814 430 1867 ὁ
460 1814 614 1878 Θεὸς,
645 1814 764 1878 πῶς
801 1813 1019 1883 λέγεταί
1042 1830 1095 1866 τι
1134 1813 1208 1886 μὴ
1233 1814 1489 1870 δύνασθαι
1523 1818 1659 1890 πρὸς
1708 1816 1805 1870 τοῦ

202 1901 352 1956 καθ’
394 1903 540 1974 ὑμᾶς
575 1903 860 1972 θεολόγου;
892 1903 1224 1974 Λοιδορεῖται
1256 1903 1312 1957 δὲ
1347 1905 1424 1977 τῷ
1457 1906 1584 1977 θείῳ
1613 1905 1808 1976 Παύλῳ

199 1995 490 2065 φήσαντι,
531 1996 605 2068 μὴ
635 1997 890 2053 δύνασθαι
928 1999 1019 2053 τὸν
1048 1999 1180 2053 Θεὸν
1219 2000 1410 2053 ἐαυτὸν
1445 1999 1804 2072 ἀρνήσασθαι.

199 2086 452 2160 Προθεὶς
477 2088 524 2122 ⁸⁸
555 2089 610 2143 δὲ
635 2092 813 2157 τοῦτο,
842 2094 963 2148 λίαν
993 2094 1214 2166 ὀρρωδῶ
1255 2094 1329 2166 μὴ
1380 2095 1472 2146 καὶ
1498 2094 1683 2158 ἀνοίας
1712 2096 1808 2164 ὀφ-

197 2180 371 2252 λήσω
394 2180 627 2250 γέλωτα,
661 2185 868 2239 παίδων
909 2185 1218 2258 ἀθυρὸντων
1259 2186 1664 2258 οἰκοδομήματα
1711 2188 1807 2240 καὶ

201 2273 314 2324 ἐπὶ
340 2271 566 2345 ψάμμου
596 2276 690 2328 καὶ
720 2275 922 2347 ἀσθενῆ
954 2277 1241 2331 καταλύειν
1270 2277 1316 2309 ⁸⁸
1359 2278 1670 2349 ἐπιχειρῶν,
1711 2281 1806 2333 καὶ

201 2364 410 2438 ὥσπερ
464 2367 611 2432 τινὸς
675 2369 968 2439 ἀνεφίκτου
1029 2371 1236 2424 σκοποῦ
1299 2372 1804 2442 καταστοχάζεσθαι

205 2457 464 2511 σπεύδων
492 2458 592 2530 τῆς
625 2463 753 2533 περὶ
779 2461 966 2515 τούτου
998 2461 1314 2534 θεολογικῆς
1343 2463 1578 2527 διανοίας
1601 2482 1614 2494 ·
1642 2465 1804 2537 ήγάρ

205 2549 412 2624 ἑαυτοῦ
444 2551 672 2624 ἄρνησις
699 2553 970 2618 ἔκπτωσις
997 2555 1255 2626 ἀληθείας
1285 2557 1432 2610 ἐστίν
1468 2573 1480 2586 ·
1515 2559 1547 2629 ἡ
1582 2557 1640 2611 δὲ
1668 2558 1801 2630 ἀλή-

202 2629 338 2694 θεια
367 2641 425 2695 ὸν
456 2645 591 2706 ἐστι,
624 2645 719 2698 καὶ¹
752 2646 785 2718 ἡ
818 2647 917 2718 τῆς
942 2648 1196 2718 ἀληθείας
1231 2648 1502 2712 ἔκπτωσις
1529 2650 1623 2702 τοῦ
1652 2629 1803 2715 ὄντος

207 2733 510 2799 ἔκπτωσις.
540 2737 800 2791 Εἰτοίνυν
827 2742 859 2810 ἡ
894 2739 1116 2811 ἀλήθεια
1148 2741 1206 2795 ὃν
1234 2742 1452 2812 ἐστιν,ή
1489 2741 1544 2794 δὲ
1577 2741 1802 2813 ἄρνησις

203 2829 315 2899 τῆς
343 2828 600 2901 ἀληθείας
629 2831 722 2884 τοῦ
751 2832 904 2896 ὄντος
929 2833 1200 2898 ἔκπτωσις
1220 2875 1234 2901 ,
1297 2837 1379 2888 ἐκ’
1401 2833 1498 2887 τοῦ
1531 2835 1682 2899 ὄντος
1709 2837 1800 2888 ἐκ-

209 2924 405 2974 πεσεῖν
434 2923 462 2974 ὁ
489 2922 622 2987 Θεὸς
649 2925 710 2977 οὐ
741 2925 983 2989 δύναται,
1015 2928 1193 2981 καὶτὸ
1225 2929 1298 2998 μὴ
1331 2925 1470 2980 εἶναι
1501 2930 1600 2981 οὐκ
1631 2927 1795 2991 ἔστιν,

207 3012 293 3076 ὡς
326 3013 390 3067 ἄν
418 3030 502 3077 τις
546 3016 702 3088 φαίη,
733 3017 796 3070 τὸ
845 3019 918 3091 μὴ
951 3019 1208 3072 δύνασθαι
1239 3022 1299 3073 οὐ
1341 3020 1583 3082 δύναται,
1615 3022 1708 3072 καὶ
1736 3020 1797 3072 τὸ

2983 1753 2995 1788 :
3046 1732 3103 1787 Si
3149 1733 3492 1803 omnipotens

1911 1827 1995 1874 est
2025 1818 2186 1885 Dens,
2222 1821 2495 1890 quomodo
2540 1838 2571 1876 a
2617 1821 2868 1892 tlteologo
2914 1835 3096 1879 vestro
3139 1825 3343 1894 aliquid
3379 1840 3486 1878 non

1910 1925 2067 1980 posse
2098 1912 2334 1966 dicitur?
2384 1912 2664 1967 Insimnlat
2714 1925 2894 1969 autem
2947 1916 3191 1970 divinmu
3237 1916 3488 1981 Paulum,

1909 2001 2200 2065 dicentem.
2235 2017 2343 2056 non
2391 2019 2556 2073 posse
2601 2005 2771 2060 Deum
2817 2006 3170 2075 semetipsum
3209 2023 3409 2076 negare
3438 2020 3489 2062 ο.

1908 2091 2025 2148 lloc
2051 2103 2233 2147 autem
2259 2095 2384 2149 dum
2411 2109 2678 2164 propono,
2706 2097 3062 2152 vehementer
3097 2109 3300 2164 metuo,
3337 2115 3406 2154 ne
3429 2089 3489 2155 ut

1906 2199 2098 2241 amens
2129 2185 2341 2249 videar,
2374 2187 2471 2257 qui
2503 2187 2805 2242 ludentium
2841 2203 3135 2259 puerorum
3179 2201 3488 2249 structuras

1906 2291 2202 2333 arenaceas
2253 2288 2310 2334 et
2351 2278 2599 2334 inﬁrmas
2642 2289 2892 2336 evertere
2933 2282 3155 2348 moliar,
3207 2291 3371 2352 atque
3420 2284 3488 2338 ad

1905 2367 2068 2439 hujus
2112 2368 2213 2424 loci
2253 2385 2502 2440 scopum,
2548 2381 2811 2442 tanquam
2853 2373 2945 2442 qui
2988 2374 3180 2444 attingi
3229 2385 3486 2444 nequeat.

1905 2459 2060 2527 quasi
2087 2458 2419 2516 collimando
2442 2463 2696 2516 connitar
2719 2478 2940 2518 sensum
2974 2465 3090 2534 ejus
3123 2464 3486 2537 theologicqu

1904 2550 2170 2620 attingere
2197 2552 2466 2622 siquidem
2489 2555 2572 2609 sui
2607 2555 2775 2624 ipsius
2801 2557 3038 2626 negatio,
3071 2567 3157 2613 est
3191 2573 3220 2612 a
3253 2559 3484 2613 veritate

1903 2641 2214 2710 prolapsio;
2252 2645 2456 2698 veritas
2487 2636 2668 2710 autem
2700 2657 2788 2701 est
2830 2647 2884 2702 id
2911 2650 3057 2719 quod
3094 2659 3213 2716 est;
3246 2660 3302 2704 et
3331 2667 3360 2704 a
3392 2666 3488 2704 ve-

1903 2734 2064 2787 ritate
2096 2733 2354 2802 deleetio,
2378 2750 2462 2790 est
2491 2737 2558 2793 ab
2580 2740 2795 2793 essendi
2826 2749 2973 2794 statu
3010 2742 3258 2798 dimotio.
3294 2741 3350 2796 Si
3385 2743 3487 2797 ita-

1902 2841 2007 2895 que
2036 2829 2239 2883 veritas
2262 2837 2346 2884 est
2379 2831 2430 2883 id
2456 2833 2598 2897 quod
2622 2840 2726 2896 est,
2754 2833 2971 2906 negatio
2997 2843 3177 2887 autem
3211 2836 3484 2899 veritatis,

1901 2924 1985 2970 est
2021 2916 2088 2969 ab
2114 2919 2332 2972 essendi
2355 2928 2499 2974 statu
2539 2921 2841 2990 prolapsio,
2869 2923 3055 2990 utique
3085 2924 3300 2978 essendi
3337 2935 3482 2978 statu

1901 3005 2156 3062 frustrari
2196 3010 2335 3065 Deus
2372 3013 2581 3080 ηοίιιιῑι,
2614 3028 2789 3081 neque
2817 3024 2993 3081 putest
3025 3029 3129 3069 non
3158 3031 3319 3082 esse;
3350 3031 3415 3069 ac
3437 3017 3482 3070 si

212 3104 292 3174 μὴ
340 3105 536 3160 εἰδέναι
575 3108 715 3162 κατὰ
761 3110 1014 3182 στέρησιν
1042 3112 1141 3164 οὐκ
1182 3108 1337 3164 οἶδεν.
1374 3113 1550 3184 Ὅπερ
1579 3113 1607 3164 ὁ
1639 3112 1795 3182 σοφὸς

1906 3101 2026 3168 quis
2055 3101 2222 3168 dicat,
2259 3119 2364 3157 non
2400 3113 2578 3173 potest
2617 3120 2722 3159 non
2757 3120 2939 3173 posse,
2971 3115 3026 3160 et
3063 3107 3276 3160 nescire
3309 3110 3484 3162 nescit

209 3201 318 3252 οὐκ
345 3200 625 3271 ἐννοήσας,
659 3206 904 3273 μιμεῖται
933 3205 1060 3266 τοὺς
1089 3204 1197 3256 τῶν
1235 3203 1480 3275 ἀθλητῶν
1523 3204 1801 3276 ἀπειρονί-

210 3309 338 3356 κας,
369 3293 438 3357 οἳ,
464 3293 724 3358 πολλάκις
767 3295 1010 3360 ἀσθενεῖς
1059 3292 1196 3349 εἶναι
1227 3299 1353 3361 τοὺς
1397 3297 1801 3366 ἀνταγωνιστὰς

212 3383 560 3454 ὑποθέμενοι,
589 3387 730 3440 κατά
761 3387 823 3440 τὸ
851 3389 1040 3442 δοκοῦν
1087 3391 1318 3452 ἑαυτοῖς,
1346 3391 1440 3443 καὶ
1469 3391 1606 3462 πρὸς
1635 3389 1801 3443 ἀπόν-

210 3491 314 3538 τας
325 3475 444 3506 ⁸⁷⁸⁸⁸
473 3478 668 3542 αὐτοὺς
697 3480 956 3551 ἀνδρείως
981 3482 1537 3552 σκιαμαχοῦντες,καὶ
1552 3483 1641 3536 τὸν
1662 3483 1799 3554 ἀέρα

210 3567 480 3633 διακένοις
528 3569 764 3642 πληγαῖς
813 3573 1091 3644 εὐθαρσῶς
1137 3574 1548 3638 καταπαίοντες,
1595 3575 1798 3628 οἴονται

211 3661 324 3715 τῶν
353 3661 658 3717 ἀντιπάλων
689 3665 867 3718 αὐτῶν
905 3668 1327 3738 κεκρατηκέναι,
1363 3669 1455 3720 καὶ
1487 3667 1795 3739 ἀνακηρύτ-

209 3771 393 3807 τουσιν
436 3757 683 3820 ἑαυτοὺς,
724 3757 848 3811 οὗτε
893 3759 1092 3823 εἰδότες
1131 3761 1231 3828 τὴν
1280 3761 1502 3814 ἐκείνων
1544 3759 1791 3830 δύναμιν.

224 3847 412 3918 Ἡμεῖς
426 3848 482 3902 δὲ
507 3849 881 3920 τοῦὋεολόγου
910 3852 1048 3905 κατά
1063 3853 1123 3905 τὸ
1141 3853 1360 3922 ἐφικτὸν
1392 3852 1792 3923 στοχαζόμενοι,

208 3941 306 3994 τὸν
352 3943 727 4015 ύπερδύναμον
771 3946 816 3977 ’⁵³
850 3946 980 4000 Θεὸν
1025 3947 1320 4018 ὑμνοῦμεν,
1350 3948 1426 4011 ὡς
1468 3946 1796 4001 παντοδύνα-

212 4048 338 4105 μον,
361 4033 433 4098 ὡς
456 4036 724 4108 μακάριον
750 4037 845 4090 καὶ
875 4039 1032 4108 μόνον
1055 4039 1343 4111 δυνάστην,
1367 4039 1441 4102 ὡς
1469 4039 1796 4104 δεσπόζοντα

210 4127 273 4178 ἐν
303 4127 365 4196 τῇ
383 4125 667 4200 δυναστείᾳ
699 4129 864 4182 αὐτοῦ
894 4131 987 4183 τοῦ
1019 4131 1230 4196 αἰῶνος,
1254 4133 1330 4195 ὡς
1358 4134 1478 4185 κατ’
1511 4132 1660 4185 οὐδὲν
1689 4133 1796 4186 τῶν

210 4217 381 4271 ὄντων
413 4219 804 4275 ἐκπεπτωκότα
823 4240 836 4252 ·
875 4224 1073 4294 μᾶλλον
1101 4224 1157 4276 δὲ
1188 4225 1283 4277 καὶ
1314 4225 1671 4296 ὑπερέχοντα,
1703 4226 1796 4278 καὶ

212 4309 510 4380 προέχοντα
552 4313 730 4366 πάντα
758 4313 826 4367 τά
856 4315 984 4368 ὄντα
1013 4317 1152 4369 κατά
1176 4316 1404 4387 δύναμιν
1435 4317 1784 4388 ὑπερούσιον,

213 4401 315 4454 καὶ
344 4404 475 4456 πᾶσι
505 4409 618 4469 τοῖς
655 4402 772 4460 οὖσι
800 4408 861 4459 τὸ
907 4407 1163 4461 δύνασθαι
1195 4405 1353 4472 εἷναι,
1389 4409 1481 4462 καὶ
1508 4410 1625 4463 τόδε
1655 4406 1792 4463 εἶναι

214 4494 356 4548 κατά
399 4499 713 4568 περιουσίαν
757 4501 1204 4574 ὑπερϐαλλούσης
1252 4502 1537 4574 δυνάμεως
1568 4501 1789 4573 ἀφθόνῳ

215 4587 368 4659 χύσει
399 4590 442 4621 ⁵⁰
471 4590 676 4664 δεδωρη
687 4594 868 4664 μένον.

1902 3208 1997 3260 per
2036 3194 2424 3262 privationem.
2471 3195 2582 3250 llnc
2626 3199 2844 3265 sapiens
2871 3198 2972 3266 ille
3004 3215 3110 3253 non
3150 3201 3479 3269 intelligens,

1902 3286 2136 3340 athletas
2166 3287 2447 3355 imperitos
2471 3288 2739 3352 imitatur,
2773 3291 2862 3358 qui
2902 3307 3280 3360 saepenumero
3313 3294 3482 3348 imbe-

1900 3380 2054 3434 cnlles
2089 3380 2191 3434 sibi
2229 3379 2576 3435 adversarios
2609 3394 2940 3452 proponunt,
2983 3395 3037 3439 ct
3067 3386 3194 3438 dum
3229 3387 3482 3440 videnlur

1901 3472 2002 3526 sibi
2028 3487 2147 3526 cum
2179 3473 2498 3528 absentibus
2524 3474 2629 3530 illis
2655 3476 2867 3531 fortiter
2891 3479 2941 3531 iu
2974 3480 3166 3532 umbra
3193 3479 3476 3543 dimicare,

1902 3576 2191 3630 acremque
2219 3565 2395 3618 cassis
2430 3563 2627 3619 ictibus
2664 3579 2983 3621 constanter
3026 3570 3248 3634 feriunt,
3275 3572 3472 3624 existi-

1904 3665 2054 3708 mant
2073 3671 2132 3709 se
2160 3656 2306 3726 ipsos
2349 3660 2696 3714 adversarios
2731 3676 2858 3715 suos
2904 3678 3215 3730 superasse,
3251 3679 3479 3733 seseque

1894 3751 2007 3817 jam
2048 3751 2290 3804 victores
2318 3749 2597 3819 jactitant,
2629 3767 2750 3805 cum
2798 3755 2966 3808 robur
3011 3768 3202 3808 eorum
3237 3756 3476 3809 nomium

1902 3843 2140 3898 habeant
2183 3843 2546 3912 exploratum.
2578 3843 2688 3900 Nos
2721 3855 2901 3899 autem
2945 3846 3009 3899 ad
3055 3847 3389 3917 theologum,
3420 3848 3474 3900 in

1897 3945 2159 4005 quantum
2186 3935 2302 3988 ﬁeri
2335 3946 2533 4006 potest,
2559 3937 2889 3994 collimando
2917 3939 3288 3994 ccllaudanms
3308 3941 3474 3993 Deum

1897 4039 2287 4099 pru'potentem
2332 4043 2391 4084 ut
2421 4031 2872 4100 omnipotentem,
2903 4043 2961 4086 ut
3002 4034 3238 4096 beatum,
3274 4034 3477 4087 solum-

1897 4137 2001 4191 que
2057 4131 2358 4190 potentem,
2407 4131 2596 4192 utpote
2652 4125 2744 4192 qui
2807 4125 3095 4192 potestatis
3144 4125 3309 4195 476
3361 4141 3474 4178 sua:

1897 4216 2202 4284 principatu
2250 4215 2470 4284 ipsimet
2501 4217 2795 4270 :eternitati
2847 4219 3176 4277 dominetur.
3215 4217 3472 4285 nullaque

1897 4321 2134 4377 unquam
2187 4321 2244 4360 re
2293 4307 2626 4371 frustratus;
2680 4309 2947 4376 quinimo,
2998 4319 3056 4362 ut
3099 4308 3189 4377 qui
3239 4311 3472 4377 desuper

1899 4398 2095 4453 habeat
2130 4408 2183 4453 et
2224 4400 2536 4468 praehabeat
2573 4403 2758 4454 omnia
2792 4417 2912 4469 qum
2953 4400 3250 4454 secundum
3280 4411 3472 4469 poten-

1899 4491 2028 4546 tiam
2062 4508 2214 4547 suam
2245 4494 2757 4562 supraessentialem
2783 4493 3077 4558 exsistunt,
3105 4493 3470 4562 omnibusque

1897 4586 2077 4649 rebus,
2109 4594 2214 4637 tam
2249 4594 2306 4637 ut
2337 4599 2457 4639 esse
2488 4585 2697 4653 possint
2722 4600 2883 4654 quam
2918 4594 2976 4637 ut
3001 4585 3130 4650 sint,
3165 4587 3464 4639 secundum

1895 4675 2224 4730 atllnentiam
2269 4677 2767 4746 superabundantis
2811 4677 3098 4746 potestatis
3126 4677 3346 4746 copiosa
3378 4676 3467 4730 fu-

1897 4769 2050 4822 siOne
2084 4768 2372 4837 largiatur.

1765 4928 1792 5002 §
1833 4923 1971 4986 vn.

285 5061 599 5135 Δικαιοσύνη
621 5063 677 5116 δὲ
708 5058 864 5128 αὖθις
883 5064 912 5116 ὁ
945 5064 1096 5130 Θεὸς,
1127 5064 1203 5128 ὼς
1224 5066 1358 5118 πᾶσι
1382 5063 1451 5118 τὰ
1476 5065 1595 5118 κατ’
1627 5062 1784 5130 ἀξίαν

215 5156 494 5226 ἀπονέμων
538 5159 807 5229 ὑμνεῖται,
836 5159 931 5212 καὶ
959 5159 1273 5230 εύμετρίαν,
1317 5159 1411 5212 καὶ
1449 5159 1662 5222 κάλλος,
1689 5160 1786 5213 καὶ

214 5246 476 5314 εὐταξίαν,
509 5250 604 5303 καὶ
635 5251 1013 5324 διακόσμησιν,
1048 5253 1139 5306 καὶ
1173 5251 1354 5315 πάσας
1391 5251 1652 5324 διανομάς
1692 5255 1787 5306 καὶ

354 5418 374 5446 ε
411 5405 455 5461 ll
490 5405 632 5461 Tim.
672 5423 731 5472 ll,
769 5410 856 5464 l3.

1961 5069 2001 5123 A
2055 5068 2265 5140 justitia
2313 5076 2490 5123 autem
2545 5085 2736 5125 rursus
2791 5070 3044 5126 laudatur
3093 5073 3266 5135 Deus,
3321 5075 3461 5141 quod

1889 5162 2164 5226 omnibus,
2211 5170 2271 5214 ut
2311 5162 2530 5227 dignum
2567 5169 2689 5228 est,
2733 5163 2936 5216 tribuat
2974 5173 3027 5218 et
3070 5175 3463 5233 congruentem

1893 5256 2134 5321 modum,
2168 5264 2216 5308 et
2252 5255 2726 5323 pulchritudinem,
2758 5266 2812 5312 ct
2841 5257 3288 5328 compositionem
3313 5257 3463 5313 ordi-

1484 5540 1714 5598 VARIAS
1749 5540 2158 5601 LECTIONES.

285 5683 324 5713 "
339 5681 643 5740 εὐδιάλυτον

680 5687 865 5757 μονήν,
906 5685 967 5741 Ρ.
1045 5688 1089 5719 ⁸³
1122 5686 1233 5750 τοῖς
1267 5685 1596 5754 θεουμὲνοις.
1631 5685 1688 5741 S,

223 5748 328 5786 ⁴”⁵⁸
358 5753 624 5821 ἅπαντας.

726 5758 764 5792 κο
802 5759 940 5828 ὑπὲρ
975 5757 1224 5830 δύναμιν,
1264 5761 1322 5814 5.
1359 5757 1402 5788 "°
1438 5759 1652 5827 χρήσει

1776 5686 1815 5721 λλ
1856 5688 2384 5760 παντοκράτορικήν.

2490 5688 2531 5724 ³⁵
2571 5687 2848 5762 προσθείς.
2962 5686 3004 5718 ’⁸⁸
3043 5684 3350 5756 κατάλυσιν,
3391 5684 3451 5743 5.
