3866 6232
412 363 524 419 895
1590 366 1650 432 S.
1697 367 1997 423 DlONYSll
2034 367 2498 423 AREOPAGlT/B
3592 365 3708 421 896

414 482 500 535 nis
531 488 586 533 et
613 479 1059 550 dispositionem;
1089 492 1144 539 et
1173 484 1428 543 omnibus
1454 488 1765 558 dispertiat,
1795 500 1851 543 et
1882 489 1982 543 sin-

2108 486 2288 552 τάξεις
2312 487 2586 559 ἀφορίζων
2612 488 2828 560 ἑκάστῳ
2858 487 2997 543 κατά
3028 486 3119 541 τὸν
3143 486 3306 549 ὅντως
3334 484 3467 538 ὄντα
3490 482 3706 536 δίκαιά

413 571 554 642 gulis
579 572 802 626 ordines
829 575 1154 642 prarstituat.
1182 581 1480 635 secundum
1511 595 1696 635 veram
1729 591 1783 636 et
1805 581 1997 649 justis-

413 663 606 716 simam
652 664 1153 733 praescriptionem;
1198 680 1252 723 et
1279 670 1533 724 omnibus
1582 685 1693 725 sua:
1735 670 1997 742 cujusque

413 752 647 807 actionis
683 763 874 808 auctor
900 756 992 809 sit.
1022 758 1212 813 Omnia
1245 761 1391 815 enim
1426 761 1608 817 divina
1652 761 1870 832 justitia
1906 779 1997 820 or-

412 843 593 903 dinat.
614 852 668 896 et
685 844 1037 912 determinat,
1059 851 1352 922 omniaque
1379 852 1447 907 ab
1470 854 1712 909 omnium
1744 856 1997 913 niistione

412 943 469 987 et
498 934 820 991 confusione
858 937 1029 994 libera
1074 956 1323 1011 servans,
1368 946 1567 1015 cuique
1612 948 1992 1004 convenientia

414 1026 573 1080 rebus
620 1028 874 1084 omnibus
919 1032 1152 1100 tribuit,
1202 1048 1362 1105 prout
1413 1037 1679 1107 cujusque
1738 1042 1995 1110 congruit

412 1118 688 1186 dignitati.
719 1120 933 1176 Etenim
968 1124 1012 1178 si
1043 1125 1157 1179 bare
1199 1137 1347 1183 recte
1375 1128 1633 1194 dicimus,
1666 1130 1700 1185 ii
1734 1132 1824 1201 qui
1857 1132 1994 1187 divi-

410 1224 535 1263 nam
563 1211 832 1281 justitiam
862 1217 1212 1285 cavillantur,
1247 1223 1374 1275 dum
1411 1224 1638 1279 minime
1678 1227 1991 1295 advertunt,

410 1315 562 1356 suam
616 1305 716 1373 ip.-,i
768 1307 1088 1376 injustitiam
1145 1315 1440 1369 manifesto
1486 1316 1787 1384 damnant;
1842 1322 1994 1377 aiunt

408 1396 583 1463 enim,
626 1401 947 1456 mortalibus
976 1404 1171 1459 debere
1206 1406 1389 1462 inesse
1423 1408 1911 1479 immortalitatem,
1939 1424 1994 1471 et

410 1485 573 1541 rebus
618 1489 952 1559 imperfectis
988 1495 1400 1564 perfectionem,
1433 1501 1606 1571 iisque
1646 1519 1767 1573 quae
1796 1504 1991 1572 seipsis

411 1590 701 1633 moventur
731 1581 947 1639 aliunde
984 1596 1181 1640 motam
1223 1594 1625 1660 necessitatem,
1656 1610 1719 1650 ac
1759 1598 1993 1650 mutabi-

409 1660 548 1717 libus
582 1666 942 1738 identitatem,
978 1684 1027 1728 et
1066 1675 1423 1734 iuibecillibus
1472 1684 1787 1751 perficiendi
1835 1698 1974 1754 pote-

407 1764 625 1824 statem,
666 1761 793 1817 item
825 1778 888 1818 ea
928 1782 1047 1833 qua:
1088 1778 1440 1839 temporauea
1484 1785 1613 1829 sunt
1646 1791 1766 1832 esse
1798 1791 1990 1847 perpe-

410 1862 525 1917 tna,
573 1865 627 1908 et
674 1856 1033 1913 immutabilia
1078 1877 1199 1931 qua:
1244 1879 1273 1918 a
1336 1875 1533 1921 natura
1591 1881 1901 1934 moventur,
1934 1881 1989 1925 et
2024 1842 2064 1900 Β

408 1956 795 2016 temporaneas
825 1953 1135 2021 voluptates
1163 1966 1425 2013 mternum
1464 1961 1787 2029 perdurare,
1822 1973 1989 2031 atque

406 2038 662 2093 universe
715 2039 803 2094 illa
854 2057 973 2111 qum
1027 2044 1263 2100 aliorum
1325 2048 1449 2103 aliis
1498 2051 1830 2104 attribuunt.
1885 2048 1991 2104 Sed

406 2130 684 2186 sciendum
729 2143 835 2200 est,
870 2135 1110 2191 divinam
1158 2136 1425 2209 justitiam
1474 2141 1580 2196 hoc
1629 2143 1748 2212 ipso
1795 2158 1988 2198 revera

404 2234 591 2275 veram
625 2238 744 2279 esse
780 2226 1069 2293 justitiam,
1103 2230 1248 2297 quod
1290 2233 1553 2287 omnibus
1584 2248 1705 2303 qua:
1735 2250 1832 2287 sua
1865 2245 1993 2289 sunt

404 2314 613 2370 tribuat
659 2332 757 2386 pro
791 2320 986 2374 merito
1017 2321 1375 2392 singulorum,
1414 2334 1579 2395 atque
1611 2338 1867 2380 naturam
1897 2342 1988 2381 cu-

400 2402 597 2477 jusque
629 2409 680 2462 in
711 2410 904 2465 ordine
938 2415 1164 2481 proprio
1196 2415 1556 2486 potentiaque
1586 2417 1880 2471 custodiat.

2101 595 2263 631 τατον
2292 580 2437 651 ὅρον,
2475 580 2569 634 καὶ
2609 583 2745 634 πᾶσι
2774 581 2872 653 τῆς
2901 580 3080 635 αὐτῶν
3123 578 3369 633 ἑκάστων
3406 577 3705 645 αὐτοπρα-

2101 672 2226 740 γίας
2254 672 2424 736 αἴτιος
2453 672 2546 726 ὧν.
2570 674 2755 727 Πάντα
2782 674 2891 747 γὰρ
2912 676 2945 743 ἡ
2977 673 3097 727 θεία
3128 671 3444 741 δικαιοσύνη
3478 670 3703 730 τάττει,

2100 767 2193 818 καὶ
2222 764 2481 835 ὀροθετεῖ,
2500 767 2593 819 καὶ
2616 766 2791 823 πάντα
2812 768 2919 821 ἀπὸ
2949 767 3164 820 πάντων
3191 765 3363 836 ἀμιγῆ
3386 764 3487 818 καὶ
3514 763 3622 816 ἀσύ
3632 782 3705 832 με·

2102 874 2281 928 φυρτα
2306 856 2667 925 διασώζουσα,
2697 859 2766 912 τὰ
2795 859 3010 930 ἑκάστῳ
3036 859 3379 931 προσήκοντα
3411 859 3557 911 πᾶσι
3581 860 3702 919 τοῖς

2098 945 2217 1003 οὖσι
2250 950 2504 1022 δωρεῖται
2534 951 2676 1005 κατὰ
2704 951 2803 1023 τὴν
2836 951 3051 1023 ἑκάστῳ
3094 951 3201 1006 τῶν
3244 951 3413 1004 ὄντων
3462 948 3702 1003 E73651}.-

2096 1041 2292 1097 λουσαν
2337 1043 2514 1108 ἀξίαν.
2564 1045 2674 1097 Καὶ
2721 1047 2771 1099 εἰ
2811 1044 2982 1099 ταῦτα
3022 1044 3197 1117 ὀρθῶς
3240 1060 3440 1114 φαμεν,
3474 1044 3596 1095 ὅσοι
3626 1047 3701 1112 τῇ

2098 1135 2218 1206 θείᾳ
2239 1136 2693 1208 διαλοιδοροῦνται
2733 1135 3434 1211 δικαιοσύνῃ,λανθάνουσιν
3477 1136 3701 1188 ἑαυτῶν

2098 1229 2315 1283 ἀδικίαν
2344 1230 2552 1302 ἐναργῆ
2582 1231 3086 1303 καταψηφιζόμενοι
3104 1248 3118 1261 ο
3151 1230 3285 1300 φασὶ
3311 1230 3422 1303 γάρ
3448 1229 3700 1297 ὀφείλειν

2096 1322 2296 1377 ἐνεῖναι
2330 1324 2373 1354 ⁵¹
2402 1326 2516 1387 τοῖς
2554 1324 2771 1396 θνητοῖς
2805 1324 2904 1395 τὴν
2938 1323 3259 1385 ἀθανασίαν,
3288 1324 3382 1376 καὶ
3414 1323 3535 1384 τοῖς
3563 1321 3698 1373 ἀτε-

2096 1414 2211 1467 λέσι
2238 1415 2299 1468 τὸ
2329 1415 2552 1479 τέλειον,
2579 1417 2808 1479 καὶτοῖς
2842 1417 3214 1488 αύτοκινήτοις
3245 1416 3344 1484 τὴν
3373 1416 3701 1486 ἑτεροκίνη-

2094 1524 2184 1560 τον
2215 1508 2259 1539 ⁵⁸
2288 1508 2555 1579 ἀνάγκην,
2591 1509 2687 1562 καὶ
2722 1511 2834 1573 τοῖς
2876 1510 3183 1573 ἀλλοιωτοῖς
3220 1509 3316 1579 τὴν
3355 1508 3695 1578 ταύτότητα,

2095 1600 2189 1651 καὶ
2229 1599 2300 1653 τά
2338 1600 2723 1672 τελειοδύναμα
2766 1603 2878 1664 τοῖς
2912 1601 3182 1663 ἀσθενέσι,
3216 1600 3309 1653 καὶ
3355 1600 3509 1654 ἀΐδια
3553 1596 3697 1653 εἶναι

2095 1690 2163 1743 τὰ
2205 1693 2460 1763 ἐγχρονα,
2493 1694 2587 1746 καὶ
2627 1692 2936 1763 ἀμετάϐολα
2978 1692 3048 1745 τά
3089 1692 3247 1762 φύσει
3291 1692 3335 1722 ⁸³
3366 1691 3693 1762 κινούμενα,

2095 1783 2191 1836 καὶ
2228 1784 2327 1847 τάς
2360 1785 2678 1855 ἐπικαίρους
2718 1784 2913 1855 ἡδονὰς
2942 1785 3166 1847 αἱωνίας
3202 1785 3268 1847 ⁸⁸,
3305 1785 3403 1837 καὶ
3443 1784 3590 1847 ὅλως
3623 1783 3693 1835 τά

2094 1875 2267 1929 ἄλλων
2294 1876 2473 1939 ἄλλοις
2504 1876 2835 1929 ἀποδιδόασι.
2886 1877 3014 1929 Δέον
3046 1877 3262 1938 εἰδέναι,
3300 1876 3400 1947 τὴν
3430 1876 3591 1928 θείαν
3617 1875 3695 1928 δι-

2096 1967 2385 2040 καιοσύνην
2425 1969 2483 2021 ἐν
2516 1969 2690 2040 τούτῳ
2726 1969 2893 2033 ὖντως
2923 1964 3088 2022 οὖσαν
3111 1968 3281 2040 ἀληθῆ
3309 1968 3691 2039 δικαιοσύνην,

2096 2059 2179 2111 ὅτι
2210 2060 2373 2113 πᾶσιν
2416 2061 2680 2132 ἀπονέμει
2710 2061 2777 2114 τά
2810 2063 2985 2114 οἰκεῖα
3018 2061 3157 2115 κατὰ
3183 2061 3280 2132 τὴν
3312 2062 3558 2114 ἑκάστου
3590 2060 3694 2111 τῶν

2094 2150 2265 2203 ὄντων
2304 2151 2480 2218 ἀξίαν,
2516 2154 2609 2206 καὶ
2637 2153 2734 2224 τὴν
2768 2154 2997 2207 ἑκάστου
3032 2153 3190 2223 φύσιν
3217 2155 3310 2207 ἐπὶ
3336 2155 3437 2226 τῆς
3480 2155 3691 2216 οἰκείας

2094 2242 2349 2307 διασώζει
2380 2243 2585 2310 τάξεως
2612 2246 3029 2317 καὶδυνάμεως.

1969 2562 1997 2635 5
2041 2555 2211 2618 vni.

474 2693 545 2747 At
588 2692 789 2748 dixerit
837 2697 1034 2766 aliquis
1074 2714 1090 2753 :
1136 2699 1253 2757 Non
1309 2711 1391 2757 est
1430 2700 1693 2773 justitiaa,
1752 2708 1984 2778 permit-

403 2792 521 2838 tere
570 2785 714 2841 viros
764 2799 983 2845 sanctos
1037 2794 1243 2848 auxilio
1287 2796 1580 2853 destitutos
1640 2816 1669 2853 a
1725 2801 1983 2869 pessimis

400 2877 715 2949 quibusque
751 2884 1086 2941 conculcari.
1110 2886 1211 2943 Cui
1255 2892 1717 2960 respondendum,
1764 2895 1907 2963 quod
1938 2895 1983 2949 si

403 2970 622 3037 quidem
658 2972 760 3040 illi,
793 2988 932 3043 quos
960 2978 1204 3047 appellas
1236 2991 1477 3049 sanctos,
1510 2993 1726 3039 terrena
1753 2986 1985 3056 diligunt

398 3074 522 3127 qua:
548 3060 616 3117 ab
647 3066 986 3123 amatoribus
1022 3083 1207 3125 rerum
1240 3074 1605 3128 materialium
1642 3078 1982 3142 ambiuntur.

2175 2703 2313 2757 Ἀλλ’
2346 2702 2488 2757 εἴποι
2524 2701 2587 2757 άν
2618 2720 2701 2766 τις
2727 2720 2739 2731 ·
2776 2703 2891 2757 Οὐκ
2926 2702 3041 2755 ἔστι
3082 2701 3450 2774 δικαιοσύνης,
3488 2704 3691 2775 ἄνδρας

2091 2798 2269 2859 ὁσίους
2282 2797 2376 2866 ἐᾷν
2388 2795 2741 2866 ἀϐοηθήτους,
2758 2796 2861 2848 ὑπὸ
2873 2795 2981 2848 τῶν
2998 2794 3211 2864 φαύλων
3222 2794 3689 2866 ἐκτρυχομένους.

2095 2889 2239 2961 Πρὸς
2267 2888 2325 2941 ὃν
2352 2887 2563 2958 ῥητέον,
2596 2888 2671 2951 ὡς
2696 2889 2744 2939 εί
2774 2889 2871 2958 μὲν
2901 2888 3186 2955 ἀγαπῶσιν
3212 2886 3304 2943 οὓς
3348 2888 3454 2958 φὴς
3476 2890 3687 2953 ὁσίους,

2087 2981 2157 3034 τὰ
2194 2981 2289 3033 ἐπὶ
2316 2980 2419 3050 γῆς
2446 2980 2553 3033 ὑπὸ
2587 2980 2694 3033 τῶν
2725 2980 3011 3051 προσύλων
3044 2979 3373 3051 ζηλούμενα,
3408 2980 3508 3033 τοῦ
3542 2980 3689 3035 θείου

2091 3074 2307 3136 πάντως
2351 3072 2773 3126 ἐκπεπτώκασιν
2815 3072 3034 3143 ἔρωτος.
3088 3073 3199 3125 Καὶ
3248 3073 3349 3125 οὐκ
3389 3068 3488 3126 οἷδ’
3538 3077 3690 3140 ὅπως

399 3153 485 3208 τοι
511 3154 613 3209 hoc
639 3154 755 3225 ipso
774 3156 885 3226 jam
915 3176 943 3213 a
970 3161 1157 3218 divino
1181 3179 1373 3220 amore
1395 3168 1615 3237 penitus
1637 3170 1979 3227 exciderunt.

2091 3164 2222 3217 ὅσιοι
2265 3164 2511 3235 κληθεῖεν
2552 3164 2653 3227 ἂν,
2689 3164 3003 3228 ἀδικοῦντες
3042 3164 3110 3218 τὰ
3140 3164 3309 3227 ὅντως
3337 3166 3549 3237 ἐραστά
3593 3170 3689 3220 καῖ

400 3243 591 3315 Neque
636 3263 771 3304 sane
818 3252 1086 3323 intelligo,
1116 3273 1354 3327 quanam
1400 3262 1611 3318 ratione
1652 3264 1827 3319 sancti
1877 3265 1983 3321 dici

398 3341 631 3410 possint,
664 3347 758 3412 qui
810 3361 896 3401 res
926 3364 1050 3403 vere
1079 3353 1341 3408 amandas
1368 3362 1425 3408 et
1465 3355 1676 3413 divinas
1702 3370 1985 3417 contunie-

400 3433 488 3489 liis
509 3434 769 3501 alliciunt,
798 3439 922 3493 dum
950 3457 1043 3497 eas
1075 3444 1240 3501 rebus
1276 3446 1547 3519 fugiendis
1577 3460 1632 3507 et
1660 3454 1983 3507 abominan-

395 3526 506 3592 dis,
539 3542 675 3598 quas
717 3531 927 3587 nefarie
978 3534 1343 3605 insectantur,
1397 3542 1622 3598 minime
1668 3542 1978 3612 priel'ernnt.

401 3618 497 3674 Sin
542 3630 721 3676 autem
754 3638 819 3677 ea
863 3639 985 3692 quae
1030 3642 1156 3682 vere
1194 3640 1326 3685 sunt
1370 3644 1639 3698 amarent,
1683 3635 1984 3705 gauderent

398 3710 613 3779 utique,
641 3714 787 3781 quod
830 3715 941 3770 voti
985 3728 1267 3787 compotes
1304 3722 1419 3778 fieri
1464 3725 1696 3795 possint.
1731 3724 1983 3795 Nunquid

400 3808 529 3856 tunc
580 3806 752 3874 magis
794 3807 861 3860 ad
912 3810 1191 3879 angelicas
1231 3814 1467 3870 virtutes
1508 3818 1810 3883 accedunt,
1858 3833 1980 3873 cum

400 3907 582 3947 rerum
616 3896 926 3951 divinarum
966 3903 1169 3968 studio,
1204 3917 1465 3974 quantum
1515 3917 1761 3976 possunt,
1795 3923 1825 3963 a
1861 3924 1979 3963 ma-

399 3983 668 4039 terialium
700 3987 864 4059 477
895 3990 1181 4048 affectione
1210 3998 1491 4066 recedunt,
1523 4008 1578 4053 et
1604 4001 1670 4054 ad
1718 4001 1822 4056 hoc
1849 4001 1985 4055 viri-

398 4072 527 4128 liter
566 4089 894 4135 exercentur
938 4083 1193 4152 periculis
1224 4102 1345 4156 quae
1395 4091 1608 4145 honesti
1655 4108 1821 4147 causa
1850 4092 1980 4149 sub-

394 4168 560 4221 eunt?
598 4170 782 4240 Itaque
828 4176 927 4229 hoc
978 4193 1103 4233 vere
1132 4180 1235 4235 dici
1271 4191 1470 4251 potest,
1503 4186 1699 4241 divina:
1743 4185 1973 4254 iustitia:

398 4260 572 4329 magis
619 4277 944 4332 congruere,
983 4278 1042 4323 ut
1087 4285 1367 4339 nunquam
1414 4273 1655 4342 patiatur
1686 4276 1980 4344 proborum

397 4354 644 4411 virorum
677 4360 834 4415 virile
868 4362 1034 4417 robur
1063 4380 1245 4418 rerum
1274 4368 1642 4422 inaterialinm
1676 4369 1982 4441 largitioni-

395 4442 498 4500 bus
521 4451 774 4504 enervari
804 4460 967 4522 atque
990 4456 1254 4521 emolliri;
1298 4458 1428 4527 quin
1460 4460 1662 4527 potius,
1698 4461 1743 4513 si
1775 4461 1897 4529 quis
1926 4461 1980 4515 id

2089 3256 2227 3319 θεῖα,
2256 3260 2368 3320 τοῖς
2400 3255 2700 3329 ἀζηλώτοις
2745 3259 2839 3311 καὶ
2883 3258 2974 3311 ἀνε
2987 3258 3205 3329 ράστοις
3234 3258 3329 3311 ὑπ’
3372 3258 3559 3311 αὐτῶν
3587 3260 3690 3311 οὐκ

2086 3352 2299 3416 εὐαγῶς
2342 3351 2905 3423 παρευδοκιμούμενα.
2954 3351 3018 3402 Εἰ
3046 3350 3104 3403 δὲ
3146 3349 3256 3403 τῶν
3299 3350 3468 3412 ὅντως
3514 3350 3689 3405 ὄντων

2084 3444 2271 3515 ἐρῶσι,
2288 3442 2674 3516 εὐφραίνεσθαι
2695 3442 2799 3514 χρὴ
2819 3443 2943 3506 τοὺς
2963 3440 3121 3494 τινῶν
3145 3442 3492 3512 ἐφιεμένους,
3520 3440 3688 3509 ἡνίκα

2082 3536 2192 3589 τῶν
2239 3536 2447 3606 ἐφετῶν
2495 3535 2857 3605 τυγχάνωσιν.
2892 3536 2963 3587 Ἢ
2996 3536 3116 3604 οὐχ).
3143 3536 3264 3588 τότε
3300 3536 3505 3606 μᾶλλον
3551 3537 3678 3606 πλη-

2087 3629 2329 3693 σιάζουσι
2370 3630 2493 3691 ταῖς
2525 3628 2842 3697 ἀγγελικαῖς
2873 3628 3117 3699 ἀρεταῖς,
3149 3629 3297 3689 ὅταν,
3324 3629 3401 3691 ὡς
3430 3628 3683 3693 δυνατὸν,

2084 3722 2268 3791 ἐφέσει
2308 3721 2419 3774 τῶν
2449 3719 2608 3773 θείων
2637 3719 2961 3791 ἀναχωρῶσι
3000 3721 3099 3790 τῆς
3126 3720 3235 3773 τῶν
3272 3720 3470 3773 ὑλικῶν
3507 3739 3684 3792 προσ-

2085 3812 2331 3877 παθείας,
2358 3812 2823 3884 ἐγγυμναζόμενοι
2865 3811 3005 3885 πρὸς
3041 3811 3203 3865 τοῦτο
3227 3812 3345 3865 λίαν
3386 3812 3683 3884 ἀνδρικῶς,

2084 3908 2142 3960 ἐν
2172 3910 2292 3971 ταῖς
2324 3905 2466 3975 ὑπὲρ
2510 3906 2605 3959 τοῦ
2639 3905 2805 3959 καλοῦ
2835 3906 3221 3979 περιστάσεσιν
3245 3923 3260 3971 ;
3288 3906 3453 3958 Ὥστε
3478 3906 3685 3978 ἀληθὲς

2083 4000 2278 4064 εἰπεῖν,
2307 4000 2389 4053 ὅτι
2421 3998 2579 4053 τοῦτο
2618 3998 2817 4069 μᾶλλόν
2848 4000 2965 4055 ἐστι
3007 4000 3107 4070 τῆς
3138 3999 3288 4063 θείας
3327 3999 3685 4069 δικαιοσύνης

2086 4093 2236 4157 ἴδιον,
2268 4093 2329 4146 τὺ
2363 4092 2438 4165 μὴ
2475 4092 2690 4161 θέλγειν
2721 4093 2816 4147 καὶ
2846 4092 3137 4147 ἀπολλύειν
3166 4092 3274 4145 τῶν
3306 4092 3556 4163 ἀρίστων
3587 4095 3686 4163 τὴν

2084 4186 2421 4258 ἀῤῥενότητα
2450 4189 2571 4250 ταῖς
2599 4186 2707 4239 τῶν
2734 4186 2932 4240 ὑλικῶν
2962 4186 3230 4239 διαδόσεσι
3250 4185 3323 4249 ⁵⁵,
3353 4185 3515 4255 μηδὲ,
3550 4185 3687 4249 εἴτις

2084 4279 2388 4351 ἐπιχειροίη
2438 4277 2597 4331 τοῦτο
2642 4280 2836 4341 ποιεῖν,
2882 4279 2976 4349 ἐᾷν
3021 4277 3375 4348 ἀϐοηθήτους,
3412 4277 3534 4330 ἀλλ’
3580 4281 3676 4331 ἐνι-

2082 4370 2265 4441 δρύειν
2304 4370 2500 4434 αὐτοὺς
2530 4371 2589 4423 ἐν
2619 4373 2686 4441 τῇ
2720 4369 2857 4441 καλῇ
2892 4370 2986 4422 καὶ
3013 4360 3309 4440 ἀμειλίκτῳ
3339 4370 3559 4434 στάσει,
3593 4370 3684 4423 καὶ

2083 4463 2379 4534 ἀπονέμειν
2401 4464 2585 4527 αὐτοῖς
2606 4462 2867 4526 τοιούτοις
2890 4457 3011 4517 οὖσι
3034 4461 3103 4515 τά
3130 4465 3251 4515 κατ’
3279 4460 3460 4527 ἀξίαν.

397 4545 710 4611 teutaverit,
738 4547 934 4604 divinis
966 4552 1187 4608 auxiliis
1219 4554 1467 4611 sull‘ultos
1495 4555 1547 4609 in
1580 4556 1842 4626 prmclaro
1878 4557 1968 4613 illo
2006 4568 2060 4615 et
2085 4560 2412 4616 inconcusso
2436 4568 2585 4616 statn
2633 4560 2891 4621 solidare,
2925 4572 3027 4613 nec
3088 4572 3199 4612 non
3257 4568 3683 4625 perseverantes

395 4642 496 4699 pro
521 4638 733 4694 meritis
763 4644 1132 4701 remunerari.

1956 4786 1986 4859 ς)
2037 4783 2151 4845 1x.

473 4909 593 4968 llaec
627 4914 787 4969 etiam
826 4917 1009 4973 divina
1033 4920 1245 4991 iustitia
1284 4932 1538 4995 tanquam
1576 4925 1821 4980 omnium
1861 4944 1952 4983 sa-

2126 4926 2272 4999 Αὕτη
2301 4927 2429 4994 γοῦν
2452 4927 2483 4997 ἡ
2509 4925 2629 4979 θεία
2650 4923 2965 4995 δικαιοσύνη
3000 4925 3092 4979 καὶ
3123 4925 3365 4997 σωτηρία
3394 4926 3508 4980 τῶν
3544 4929 3679 4983 ὅλων

398 5002 481 5058 lus
519 5003 850 5072 celebratur,
898 5010 1042 5076 quod
1096 5013 1374 5082 propriam
1428 5015 1695 5084 cujusque
1735 5017 1813 5071 rei
1865 5034 1968 5089 pu-

398 5110 516 5149 ram
560 5096 629 5150 ab
676 5095 801 5151 aliis
846 5101 1147 5156 essentiam
1187 5104 1548 5175 ordinemque
1589 5120 1971 5167 conservetae

399 5195 634 5255 tueatur,
700 5205 799 5245 nec
854 5205 960 5246 non
1014 5208 1142 5248 vera
1206 5211 1368 5252 causa
1423 5198 1516 5263 sit,
1576 5210 1636 5254 ut
1696 5202 1969 5259 actionem

394 5294 625 5351 quaeque
649 5297 805 5337 suam
853 5285 1107 5340 universa
1146 5299 1570 5359 prosequantur.
1605 5292 1661 5347 Si
1692 5293 1817 5363 quis
1843 5310 1974 5350 vero

396 5372 629 5430 salutem
648 5375 852 5446 laudet,
875 5388 1148 5449 quatenus
1165 5394 1194 5434 a
1212 5381 1374 5437 rebus
1388 5383 1754 5442 deterioribus
1774 5399 1973 5444 cuncta

2075 5019 2345 5089 ὑμνεῖται,
2378 5017 2476 5088 τὴν
2524 5017 2662 5070 ἰδίαν
2706 5016 2939 5069 ἑκάστου
2987 5017 3081 5069 καὶ
3123 5016 3375 5086 καθαρὰν
3417 5019 3529 5072 ἀπὺ
3571 5020 3677 5072 τῶν

2075 5112 2251 5167 ἄλλων
2290 5114 2336 5144 ⁸⁸
2375 5111 2563 5165 οὐσίαν
2602 5111 2695 5163 καὶ
2746 5110 2900 5177 τάξιν
2931 5108 3292 5174 ἀποσώζουσα
3340 5112 3435 5164 καὶ
3477 5111 3678 5179 φιιλάτο

2073 5223 2264 5269 τουσα,
2301 5206 2395 5259 καὶ
2432 5203 2580 5258 αἰτία
2634 5204 2893 5275 καθαρῶς
2930 5198 3066 5257 οὖσα
3105 5202 3206 5273 τῆς
3255 5203 3317 5256 ἐν
3364 5206 3481 5268 τοῖς
3537 5204 3675 5267 ὅλοις

2080 5296 2442 5366 ἰδοπρατίας.
2486 5296 2549 5349 Εἰ
2574 5295 2632 5347 δέ
2658 5312 2741 5359 τις
2774 5294 2872 5365 τὴν
2918 5294 3193 5367 σωτηρίαν
3231 5296 3454 5366 ὑμνοίη,
3487 5296 3673 5356 καὶώς

2081 5389 2147 5441 ἐκ
2199 5389 2305 5441 τῶν
2346 5387 2606 5459 χειρόνων
2647 5386 2716 5440 τά
2751 5385 2851 5440 ὅλα
2906 5386 3189 5451 σωστικῶς
3238 5387 3673 5460 ἀναρπάζουσαν

1700 5543 1937 5602 VARUS
1964 5545 2349 5603 LECTIONES

469 5693 520 5776 ιι.
552 5695 682 5779 φησὶ
715 5695 824 5780 γᾴρ
862 5693 1099 5780 ὀφείλειν
1134 5692 1387 5780 sigma-‘8.

396 5759 447 5797 “
468 5759 736 5832 αἰωνίους,
776 5759 837 5822 ὑ.
909 5759 959 5800 ³³
995 5769 1115 5831 ταῖς
1146 5768 1253 5823 τῶν
1286 5769 1485 5824 ὑληιῶν
1518 5768 1713 5835 δόσεσι,
1754 5772 1809 5826 S.
1833 5774 1891 5828 υ.

1606 5699 1650 5729 ⁵³
1688 5699 1781 5752 καὶ
1814 5702 2214 5775 ἐτεροκινὴτοις
2257 5704 2355 5776 τὴν
2390 5704 2759 5777 αὐτοκίνητον,
2796 5704 2857 5761 D.

1606 5785 1713 5826 ἐσι.
1754 5772 1809 5826 S.
1833 5774 1891 5826 υ.
1986 5776 2031 5808 ³⁸
2064 5774 2218 5826 ὅλων.

2064 5792 2218 5829 οΑων.

2954 5704 3000 5737 ”
3033 5696 3171 5757 εἶναι
3203 5700 3269 5757 τά
3305 5704 3487 5778 φύσει,
3524 5704 3655 5761 5.Ρ.

3688 5838 3699 5874 l
