3866 6232
81 312 213 367 897

823 309 912 365 DE
949 308 1203 366 DlVlNlS
1234 308 1632 375 NOMINIBUS,
1667 308 1819 363 CAP.
1865 307 2001 365 Vill.
2041 340 2109 349 —
2135 308 2460 366 CORDERII
2485 309 2718 369 NOTAE.

3282 320 3388 376 898

83 429 338 492 πάντως
376 443 480 481 που
519 426 614 481 καὶ
643 423 832 479 τοῦτον
854 426 1018 497 ἡμεῖς
1042 426 1134 481 τὸν
1173 426 1416 499 ὑμνῳδὸν
1448 427 1548 498 τῆς
1577 443 1706 479 παν-

1816 426 2105 483 salubriter
2123 426 2386 495 defendit,
2408 429 2553 483 hunc
2571 444 2670 483 nos
2699 436 2959 500 tanquam
2985 431 3289 501 omnigen:e
3302 449 3385 487 sa-

84 523 360 595 τοδαπῆς
400 522 673 595 σωτηρίας
723 520 1120 594 ἀποδεξόμεθα,
1150 521 1247 576 καὶ
1278 520 1483 591 ταύτην
1511 521 1569 575 δὲ
1609 520 1703 573 καὶ

88 618 345 690 cpia-rm
378 619 650 692 σωτηρίαν
686 617 795 672 τῶν
839 618 976 672 ὅλων
1028 614 1329 689 ἀξιώσομεν
1374 615 1534 670 αὐτὸν
1587 614 1702 687 ὁρί-

98 712 339 777 ζεσθαι,
397 711 495 784 τὴν
552 711 731 765 πάντα
796 710 880 778 ἐφ’
939 709 1144 764 ἑαυτῶν
1199 707 1550 780 ἀμετάϐλητα
1610 709 1703 763 καὶ

92 805 465 860 ἀστασίαστα
492 804 585 858 καὶ
622 804 835 875 ἀρῤεπῆ
866 802 1003 873 πρὸς
1025 802 1093 856 τά
1122 803 1289 874 χείρω
1313 800 1700 866 διασώζουσαν,

94 896 212 947 καὶ
245 897 426 950 πάντα
462 894 822 967 φρουροῦσαν,
863 894 1051 965 ἄμαχα
1088 894 1182 947 καὶ
1226 891 1543 964 ἀπολέμητα
1592 894 1704 957 τοῖς

94 987 334 1042 ἑαυτῶν
378 988 583 1041 ἕκαστα
629 986 807 1056 λόγοις
860 986 1320 1057 διακοσμούμενα,
1376 986 1470 1039 xai
1525 986 1704 1039 πᾶσαν

93 1079 417 1151 ἀνισότητα
435 1079 529 1134 καὶ
548 1078 1039 1151 ’ἀλλοτριοπραγίαν
1062 1079 1126 1132 ὲκ
1150 1078 1257 1131 τῶν
1285 1077 1419 1131 ὅλων
1440 1075 1709 1149 ἐξορίζου-

100 1190 246 1235 σαν,
277 1174 373 1227 καὶ
401 1172 499 1236 τὰς
526 1171 817 1240 ἀναλογίας
853 1172 1084 1226 ἑκάστου
1114 1172 1534 1225 συνιστάνουσαν
1572 1171 1708 1241 ἀμε-

96 1265 443 1329 ταπτώτους
458 1267 537 1329 είς
557 1264 624 1318 τὰ
645 1265 883 1327 ἐναντία,
915 1265 1010 1318 καὶ
1031 1265 1513 1336 ἀμεταχωρήτους.
1556 1262 1709 1316 Ἐπεὶ

97 1357 217 1410 καὶ
246 1356 452 1427 ταύτην
483 1356 581 1427 τὴν
609 1354 881 1426 σωτηρίαν
919 1356 1017 1409 οὐκ
1055 1355 1162 1409 ἀπὸ
1187 1352 1387 1407 σκοποῦ
1410 1354 1453 1385 ⁵⁷
1495 1371 1579 1418 τις
1606 1355 1701 1425 ύμ-

99 1450 279 1519 νήσοι
333 1448 432 1518 τῆς
467 1449 618 1519 ἱερᾶς
662 1446 962 1517 θεολογίας,
994 1447 1070 1511 ὡς
1119 1447 1294 1501 πάντα
1344 1446 1413 1499 τὰ
1456 1446 1585 1499 ὅντα
1642 1448 1707 1518 τῇ

104 1544 371 1614 σωστικῇ
384 1540 491 1594 τῶν
503 1539 754 1595 ἁπάντων
775 1539 1092 1612 ἀγαθότητι,
1107 1539 1202 1611 τῆς
1214 1538 1320 1592 τῶν
1336 1538 1550 1592 οἰκείων
1575 1539 1711 1607 ἀγα-

103 1633 234 1689 θῶν
260 1632 635 1697 άποπτὼσεως
676 1631 1172 1703 ἀπολυτρουμένην,
1214 1631 1334 1685 καθ’
1366 1630 1490 1685 ὅσον
1524 1633 1557 1703 ἡ
1584 1632 1712 1685 ἑκά-

106 1743 255 1780 στου
280 1725 391 1779 τῶν
418 1724 737 1796 σωζομένων
766 1724 1073 1795 ἐπιδέχεται
1107 1723 1268 1793 φύσις
1287 1740 1301 1754 ⁸
1330 1723 1410 1777 διὸ
1438 1724 1533 1777 καὶ
1576 1724 1711 1776 ἀπο-

1807 516 1936 574 lutis
1964 518 2328 585 laudatorem,
2352 520 2707 575 admittenms
2747 532 3127 593 petemusque,
3154 536 3213 580 ut
3238 525 3385 580 illam

1804 612 2039 682 primam
2084 613 2327 667 omnium
2366 612 2597 669 salutem
2646 622 2872 681 statuat,
2907 632 3027 685 qua:
3079 619 3264 673 omnia
3305 620 3386 674 sic

1804 702 2088 757 immutata
2119 712 2175 759 et
2205 704 2531 761 inconcussa
2563 716 2768 772 servat,
2794 717 2853 761 ut
2880 708 2933 762 in
2966 710 3212 765 deterius
3245 726 3387 765 nun-

1806 810 1969 866 quam
1998 806 2258 866 vergant;
2283 806 2339 852 et
2372 798 2735 869 inexpugnata
2762 801 3071 871 invictaque
3095 803 3209 858 suis
3233 818 3388 874 quae

1806 900 1911 954 que
1940 886 2246 942 rationibus
2275 888 2531 944 distincta
2573 891 2829 955 custodit,
2860 908 3078 947 onmem
3138 896 3388 966 inaequa—

1825 979 2035 1034 litatem
2064 988 2117 1035 et
2146 982 2377 1035 alienam
2405 983 2669 1037 actionem
2697 984 2765 1038 ab
2785 984 3054 1041 universis
3078 988 3390 1052 eliminans.

1821 1082 1986 1142 atque
2015 1074 2305 1145 cujuslibet
2340 1079 2715 1146 preportioues
2758 1078 2833 1132 ita
2863 1082 3212 1150 confirmans,
3247 1093 3305 1137 ut
3338 1084 3389 1137 in

1814 1169 2149 1221 contrarium
2178 1183 2353 1236 neque
2380 1170 2577 1224 mutari
2609 1172 2822 1240 possint
2863 1187 3039 1242 neque
3070 1173 3382 1229 transferri.

1811 1261 1949 1328 Quin
1984 1271 2037 1315 et
2072 1261 2211 1317 hanc
2260 1262 2489 1317 salutem
2550 1280 2924 1336 nequaquam,
2971 1276 3171 1335 praeter
3218 1282 3394 1322 sacrit:

1810 1354 2092 1426 theologite
2120 1357 2457 1425 propositum
2494 1357 2719 1414 laudare
2747 1361 2870 1430 quis
2900 1360 3093 1429 possit,
3128 1371 3387 1430 tanquam

1811 1461 1934 1515 qua:
1972 1461 2060 1499 res
2088 1460 2301 1509 omnes,
2334 1457 2493 1515 prout
2526 1448 2794 1519 cujusque
2830 1450 2904 1504 rei
2940 1465 3061 1519 qua:
3100 1461 3395 1504 servantur

1813 1545 2010 1589 natura
2034 1535 2163 1601 fert,
2194 1552 2222 1590 a
2255 1538 2521 1593 bonorum
2554 1554 2777 1595 suorum
2809 1541 3107 1597 amissione
3146 1541 3345 1597 liberet
3376 1555 3392 1595 :

1814 1628 1958 1681 unde
1988 1627 2224 1700 theologi
2252 1644 2472 1699 quoque
2520 1631 2667 1686 illam
2708 1643 2906 1687 vocant
2939 1636 3397 1703 redemptionem,

1817 1720 1871 1774 in
1896 1731 2155 1791 quantum
2193 1739 2296 1778 non
2329 1724 2459 1780 sinit
2492 1740 2553 1779 ea
2583 1740 2702 1796 quae
2739 1741 2868 1781 vere
2916 1738 3042 1782 sunt
3081 1728 3136 1782 in
3167 1730 3394 1783 nihilum

104 1816 399 1890 λύτρωσιν
442 1817 610 1888 αὐτὴν
646 1816 999 1888 ὀνομάζουσιν
1039 1818 1088 1869 οἱ
1138 1816 1401 1884 θεολόγοι,
1446 1817 1541 1870 καὶ
1592 1814 1713 1870 καθ’

1819 1817 2011 1884 relabi;
2041 1828 2096 1874 et
2142 1819 2185 1873 si
2215 1819 2344 1883 quid
2388 1831 2672 1889 peccatum
2704 1820 2795 1888 sit,
2832 1835 2896 1875 ac
2927 1829 3128 1891 praeter
3148 1821 3396 1876 ordinem

107 1914 253 1966 ὅσον
284 1911 384 1964 ούκ
421 1911 487 1981 ἐᾷ
518 1910 586 1964 τὰ
613 1909 783 1973 ὅντως
810 1909 937 1963 ὅντα
966 1909 1102 1981 πρὸς
1140 1909 1201 1962 τὸ
1244 1909 1318 1980 μὴ
1349 1904 1485 1962 εἶναι
1523 1908 1711 1961 διαπε-

110 2005 266 2065 σεῖν,
300 2001 394 2054 καί
430 2000 550 2054 καθ’
580 2000 704 2053 ὅσον
746 2002 794 2053 εί
821 2000 915 2053 καί
941 2017 994 2052 τι
1021 1999 1156 2071 πρὸς
1178 2000 1239 2053 τὸ
1265 1998 1580 2072 πλημμελὲς
1619 1999 1711 2053 καὶ

109 2095 367 2149 ἄτακτον
414 2095 774 2167 ἀποσφαλείη,
818 2096 911 2149 καὶ
955 2094 1177 2166 μείωσίν
1218 2112 1342 2150 τινα
1398 2095 1561 2150 πάθοι
1612 2095 1711 2166 τῆς

111 2189 243 2243 τῶν
266 2190 480 2245 οἰκείων
514 2190 733 2260 ἀγαθῶν
779 2190 1136 2262 τελειότητος,
1170 2190 1263 2244 καὶ
1299 2189 1457 2242 τοῦτο
1484 2187 1578 2242 τοῦ
1608 2188 1713 2242 πά-

113 2282 283 2347 θους,
316 2284 408 2337 καὶ
434 2284 533 2355 τῆς
563 2284 871 2354 ἀδρανείας,
900 2284 995 2337 καὶ
1031 2282 1133 2353 τῆς
1171 2283 1479 2357 στερήσεως
1508 2282 1711 2335 ἀπολυ-

110 2377 377 2448 τροῦται,
401 2378 680 2449 πληροῦσα
700 2376 761 2430 τὸ
790 2376 985 2440 ἐνδεὲς,
1024 2378 1118 2429 καὶ
1152 2374 1433 2447 πατρικῶς
1465 2373 1562 2445 τὴν
1586 2375 1712 2427 ἀτο-

114 2469 256 2523 νίαν
294 2470 648 2541 ύπερείδουσα
668 2470 736 2534 ⁸⁸,
763 2470 857 2523 καὶ
886 2468 1159 2522 ἀνιστῶσα
1196 2466 1290 2520 τοῦ
1332 2465 1503 2520 κακοῦ
1526 2482 1538 2496 ·
1582 2464 1716 2535 μᾶλ-

115 2560 223 2613 λον
252 2560 313 2613 δὲ
339 2560 540 2614 ἱστῶσα
565 2561 624 2614 ὲν
651 2559 730 2630 τῷ
774 2557 944 2628 καλῷ,
986 2557 1081 2611 καὶ
1108 2556 1169 2610 τὸ
1203 2556 1474 2627 ὑπεκρυὲν
1514 2553 1715 2622 ἀγαθὸν

118 2647 546 2720 ἀναπληροῦσα,
576 2649 669 2702 καὶ
702 2648 993 2711 τάττουσα,
1024 2648 1119 2701 καὶ
1160 2646 1439 2719 κοσμοῦσα
1463 2645 1561 2717 τὴν
1594 2646 1718 2697 ἀτα-

124 2736 257 2800 ξίαν
286 2737 472 2801 αὑτοῦ,
500 2738 592 2791 καὶ
615 2737 910 2807 ἀκοσμίαν,
932 2737 1024 2790 καὶ
1045 2735 1337 2807 ὁλόκληρον
1359 2734 1713 2797 ἀποτελοῦσα,

121 2830 232 2883 καὶ
256 2830 475 2883 πάντων
503 2829 813 2883 ἀπολύουσα
832 2829 940 2882 τῶν
965 2828 1373 2899 λελωϐημένων.
1414 2826 1571 2880 Ἀλλά
1590 2826 1718 2897 περὶ

129 2920 241 2992 μὲν
270 2919 477 2973 τούτων
508 2921 752 2992 καὶπερὶ
778 2920 1123 2991 δικαιοσύνης
1159 2919 1395 2991 εἴρηται,
1430 2918 1553 2971 καθ’
1590 2919 1655 2987 ἦν
1686 2920 1717 2989 ή

126 3014 358 3067 πάντων
383 3013 563 3084 ίσότης
582 3015 859 3085 μετρεῖται
875 3013 970 3066 καὶ
984 3013 1243 3085 ὁρίζεται,
1266 3013 1360 3065 καὶ
1381 3014 1526 3065 πᾶσα
1544 3011 1721 3065 ἀνισό-

125 3123 259 3177 της,
292 3107 324 3177 ἠ
353 3106 494 3159 κατὰ
524 3106 778 3178 στέρησιν
807 3106 907 3177 τῆς
936 3108 993 3159 ὲν
1020 3106 1205 3171 αὐτοῖς
1243 3106 1494 3169 ἑκάστοις
1544 3107 1722 3173 ἰσότη-

127 3216 247 3263 τος,
273 3198 577 3271 ὲξορίζεται
600 3200 668 3230 ⁸⁸⁸
692 3199 793 3271 τὴν
822 3199 930 3271 γὰρ
958 3199 1249 3270 ἀνισότητα
1279 3197 1439 3260 εἴτις
1484 3196 1723 3260 ὲκλάϐοι,

126 3292 236 3355 τὰς
287 3292 346 3343 ὲν
391 3290 472 3361 τῷ
515 3290 622 3361 ὅλῳ
662 3290 772 3344 τῶν
810 3289 946 3344 ὅλων
978 3290 1113 3362 πρὸς
1164 3289 1260 3343 ὅλα
1299 3287 1582 3359 διαφορὰς,
1632 3288 1727 3341 καὶ

128 3380 411 3453 ταύτηςή
458 3381 769 3453 δικαιοσύνη
833 3381 1193 3453 φρουρητικὴ,
1248 3380 1322 3452 μὴ
1372 3380 1727 3452 συγχωροῦσα

133 3477 394 3549 συμμιγῆ
419 3478 487 3531 τά
509 3478 603 3531 ὅλα
627 3479 683 3531 ὲν
707 3478 849 3541 ὅλοις
866 3478 1131 3550 γενόμενα
1157 3480 1601 3552 διαταραχθῆναι,
1630 3499 1729 3550 φυ-

130 3570 407 3626 λάττουσα
429 3570 486 3624 δὲ
514 3569 583 3624 τά
608 3572 737 3625 ὅντα
768 3574 945 3627 πάντα
993 3575 1113 3627 κατ’
1143 3569 1280 3640 εἶδος
1318 3574 1564 3641 ἕκαστον,
1598 3576 1656 3628 ἐν
1681 3567 1725 3643 ᾧ

131 3664 372 3716 ἕκαστον
397 3657 536 3717 εἶναι
560 3663 604 3695 ⁸ο
628 3664 862 3734 πέφυκε.

1812 1919 2075 1976 erratum,
2103 1925 2170 1964 ex
2215 1926 2325 1981 quo
2379 1912 2648 1967 bonorum
2680 1926 2903 1965 suorum
2959 1911 3181 1982 aliquod
3224 1913 3398 1967 detri-

1814 2010 2054 2056 mentum
2084 2018 2244 2072 passa
2276 2003 2369 2070 sit,
2396 2002 2662 2073 perfectio
2708 2003 2853 2058 illico
2885 2019 3101 2073 quoque
3124 2004 3397 2073 iacturam

1814 2094 1960 2149 illam
1985 2106 2041 2150 et
2068 2094 2499 2151 imbecillitatem
2559 2097 3029 2167 privationemqne
3060 2098 3311 2160 resareit,
3344 2097 3399 2151 id

1814 2188 1958 2259 quod
1991 2189 2143 2245 deest
2172 2190 2451 2261 suppleus,
2499 2206 2563 2246 ac
2594 2200 2820 2260 paterae
2879 2192 3259 2246 remissionem
3299 2191 3398 2245 do-

1814 2295 1975 2348 nans,
2009 2290 2064 2335 et
2089 2295 2119 2336 e
2153 2281 2296 2338 malo
2332 2285 2568 2351 erigens,
2598 2284 2707 2337 imo
2736 2284 2917 2353 potius
2944 2283 2998 2336 iu
3044 2283 3191 2338 bono
3227 2282 3403 2337 collu-

1816 2387 1967 2439 cans,
1994 2383 2157 2444 atque
2202 2375 2404 2429 bonum
2451 2377 2596 2445 quod
2639 2373 2922 2431 efﬂuxerat
2956 2376 3400 2445 adimplens,or-

1816 2466 2122 2535 dinansque
2167 2476 2225 2522 et
2261 2482 2537 2521 exornans
2588 2467 2639 2522 id
2684 2468 2826 2537 quod
2869 2468 3245 2523 inordinatum
3277 2476 3400 2522 erat

1815 2567 1872 2610 et
1900 2556 2171 2623 difl‘orme,
2209 2558 2281 2613 ita
2321 2568 2378 2612 ut
2434 2559 2764 2628 rediutegret
2793 2560 3019 2613 omnino
3070 2568 3125 2613 et
3154 2560 3222 2613 ab
3252 2561 3401 2617 omni

1820 2648 1940 2704 labe
1973 2650 2188 2707 liberet.
2216 2649 2327 2704 lloc
2352 2651 2573 2720 quidem
2616 2651 2789 2705 dehis
2813 2649 3020 2704 dictum
3050 2664 3112 2705 ac
3138 2651 3206 2705 de
3240 2649 3404 2719 justi-

1819 2743 1895 2795 tia
1945 2757 2066 2810 qua)
2102 2744 2346 2796 onmium
2376 2744 2746 2811 mqualitatcm
2778 2743 3059 2797 dimetitur
3086 2754 3142 2798 et
3187 2743 3403 2810 definit,

1819 2847 2148 2903 Omnemque
2184 2833 2635 2903 inaequalitatem,
2684 2849 2807 2902 quze
2868 2835 3171 2889 secundum
3218 2837 3408 2905 priva-

1824 2926 2027 2981 tionem
2057 2925 2384 2995 :equalitatis
2436 2926 2777 2996 singulorum
2824 2927 3081 2990 sumitur,
3131 2927 3405 2981 extermi-

1823 3029 1916 3075 nat
1944 3037 1958 3074 :
1988 3020 2413 3089 inaequalitatem
2445 3021 2589 3075 enim
2643 3021 2689 3075 si
2735 3021 2863 3090 quis
2892 3020 3127 3089 accipiat
3150 3032 3205 3075 et
3238 3022 3409 3078 inter-

1828 3123 2077 3184 pretetur
2126 3112 2490 3180 differentias,
2537 3114 2741 3183 quibus
2784 3129 2872 3167 res
2902 3128 3095 3167 omnes
3149 3113 3295 3168 inter
3345 3128 3407 3168 se

1830 3209 2260 3275 distinguantur,
2295 3208 2455 3278 lmjus
2484 3209 2648 3262 etiam
2682 3215 2870 3262 custos
2930 3217 2983 3260 et
3030 3208 3404 3262 conservatrix

1829 3311 1911 3357 est
1930 3302 2179 3371 justitia;
2206 3316 2328 3356 cum
2363 3301 2543 3355 omnia
2572 3301 2625 3355 in
2654 3304 2908 3355 omnibus
2929 3298 3099 3372 478
3139 3302 3402 3371 permista

1831 3393 2089 3449 confundi
2136 3393 2359 3448 minime
2396 3393 2657 3463 patiatur,
2688 3397 2782 3448 sed
2811 3409 2875 3448 ea
2916 3410 3036 3463 qua:
3067 3404 3193 3447 sunt
3223 3392 3405 3447 omnia

1831 3486 2101 3542 custodiat
2130 3485 2428 3540 secundum
2458 3500 2610 3539 suam
2644 3500 2874 3557 qumque
2925 3485 3181 3556 speciem,
3218 3486 3268 3539 iu
3299 3501 3404 3555 qua

1834 3595 1957 3635 esse
1988 3579 2212 3635 debent.

1306 3910 1845 3969 ADNOTATIONES
1882 3907 2235 3966 CORDERII.

224 4019 318 4090 δι.
345 4020 529 4077 Multis
545 4022 679 4079 enim
696 4023 749 4078 in
768 4024 895 4079 locis
915 4024 1334 4094 Scriptura,etc.
1356 4022 1520 4079 Notat
1555 4027 1777 4082 Lessius
1807 4026 1901 4081 lib.
1953 4042 1985 4079 v
2042 4028 2115 4080 De
2146 4023 2555 4095 perfectionibus
2598 4023 2793 4095 divinis
2820 4063 2855 4095 ,ν
2881 4036 3006 4091 cap.
3034 4024 3082 4086 Ι,
3117 4021 3404 4095 plusquam

137 4096 506 4164 Septuaginta
536 4096 670 4149 locis
701 4096 883 4150 vocari
910 4093 1339 4165 omnipotentem.
1371 4099 1511 4152 Idem
1539 4099 1726 4152 nmltis
1753 4098 1876 4152 aliis
1906 4097 2041 4151 locis
2065 4093 2269 4151 diaerte
2301 4095 2590 4165 asseritur,
2623 4093 2902 4165 ut__t\lattb.
2924 4109 2982 4165 tx
3017 4110 3029 4145 :
3057 4094 3210 4165 Apud
3236 4093 3404 4147 Deum

142 4161 334 4220 munia
361 4161 639 4238 possibilia,
663 4166 1027 4238 auntguMarc.
1115 4184 1127 4217 :
1152 4166 1347 4222 Omnia
1368 4169 1642 4238 possibilia
1674 4179 1793 4223 sunt
1824 4169 1963 4234 apud
1989 4167 2178 4238 Deum,
2208 4176 2351 4227 etc.;
2387 4164 2520 4217 Luc.
2547 4180 2584 4217 lt
2620 4183 2633 4219 :
2662 4161 2886 4238 Non_est_
2914 4163 3235 4238 impossibile
3257 4176 3401 4238 apud

142 4238 317 4309 Deum
350 4251 500 4309 omne
532 4237 765 4309 verbum.
795 4235 933 4291 Hinc
967 4237 1019 4290 in
1055 4237 1334 4308 Symbolo,
1368 4233 1625 4309 tanquam
1669 4233 1999 4309 praecipuum
2051 4236 2175 4309 fidei
2224 4237 2665 4309 fumtarueutmn,
2699 4234 2925 4287 articulo
2956 4235 3135 4309 primo
3162 4233 3361 4287 dicitur
3390 4252 3403 4287 :

138 4307 321 4361 Credo
354 4307 409 4378 in
445 4306 610 4360 Deum
641 4304 856 4361 Patrem
889 4304 1314 4378 omnipotentem,
1344 4304 1632 4377 ete.,'quia
1669 4304 1947 4378 ‘prazcipua
1988 4308 2262 4377 religionis
2314 4316 2525 4360 nostrae,
2558 4306 2806 4378 dogmata
2854 4320 2917 4357 eo
2962 4304 3232 4378 nituntur,
3266 4319 3320 4378 v._
3353 4321 3406 4371 ις,

138 4382 345 4449 dogma
374 4377 441 4431 de
477 4378 753 4449 creatione
780 4377 987 4449 mundi,
1020 4371 1370 4449 deejusdem
1399 4371 1815 4435 conservat-ioue
1847 4371 1910 4434 'et
1937 4371 2352 4449 gubernatione,
2389 4371 2705 4446 mysterium
2738 4371 3158 4440 lucaruationis,
3192 4373 3409 4427 Eucha-

140 4448 344 4513 ristim,
378 4447 825 4511 resurreCtionis,
858 4447 1081 4501 visionis
1106 4447 1388 4513 beatificm,
1420 4461 1476 4505 et
1498 4450 1715 4505 similia.

220 4516 525 4592 Notandum
561 4519 689 4571 item
716 4533 783 4571 ex
808 4519 996 4592 eodem
1041 4516 1252 4583 Lessio,
1276 4522 1414 4587 apud
1445 4532 1694 4575 sanetum
1745 4520 2059 4592 Dionysimn
2095 4536 2216 4576 esse
2249 4520 2353 4575 duo
2382 4518 2598 4592 nomina
2640 4516 2840 4592 quibus
2885 4512 3187 4592 explicatur
3216 4514 3402 4592 divina

138 4588 410 4661 potentia,
433 4602 627 4662 nempe
656 4589 1063 4662 παντοδύναμος
1087 4596 1142 4641 et
1177 4592 1603 4662 παντοκράτωρ;
1629 4606 1716 4660 qu:

1817 4587 1899 4644 ιδῖ
1920 4592 2211 4660 aliquando
2244 4607 2341 4659 pro
2372 4590 2562 4662 eodem
2595 4589 3043 4662 accipi_autur,_et
3096 4587 3407 4662 significent

144 4654 296 4714 idem
347 4659 490 4726 quod
527 4654 874 4732 omnipotens,
911 4654 1089 4711 tamen
1136 4662 1276 4728 apud
1305 4654 1618 4732 Dionysium
1648 4654 1961 4731 significant
1998 4654 2323 4732 diversa;th
2350 4660 2582 4713 diversis
2628 4654 2809 4732 verbis
2864 4654 3215 4732 explicanda,
3259 4658 3403 4732 quod

141 4733 499 4795 interpretes,
527 4730 618 4797 qui
653 4743 719 4800 eg
750 4728 941 4785 Graeco
967 4738 1267 4791 verterunt.
1296 4746 1400 4786 non
1437 4728 2033 4787 videnturadvertisse.
2069 4731 2479 4800 Παντοδύναμος
2517 4729 2735 4798 proprie
2785 4730 2919 4800 verti
2957 4728 3407 4800 debetAomnipo-

143 4814 287 4866 (ens,
312 4801 377 4876 de
405 4815 514 4876 quo
546 4795 657 4867 agit
683 4798 977 4876 D_i_ouys_ius
1007 4801 1110 4876 ltoe
1140 4802 1350 4876 capite;
1380 4803 1776 4875 παντοκράτωρ
1814 4817 1952 4876 vero
1972 4804 2314 4876 omnitenens,
2355 4795 2413 4876 ut
2444 4795 2592 4876 patet
2618 4795 2701 4876 ἐκ
2750 4798 2991 4876 Dionysii
3036 4795 3407 4876 declarations

143 4885 311 4938 quant
358 4870 520 4923 habet
545 4885 665 4938 cap.
711 4869 778 4939 X,
813 4868 902 4926 tibi
936 4870 1050 4938 agit
1080 4870 1147 4923 de
1176 4871 1278 4925 hoc
1306 4876 1546 4927 nomine.
1579 4868 1675 4929 Est
1705 4868 1887 4926 autem
1940 4874 2086 4926 inter
2114 4875 2228 4926 Inee
2260 4868 2478 4925 nomina
2534 4871 2713 4924 divina
2764 4871 2878 4923 luet:
2921 4868 3228 4939 distinctio,
3259 4868 3405 4936 quod

143 4942 292 4995 Dens
318 4939 531 5014 dicatur
557 4938 905 5014 omnipotens,
945 4942 1136 5014 Graece
1167 4942 1592 5014 παντοδύναμος,
1620 4943 1746 5014 quia
1773 4945 1892 5014 ipse
1930 4954 2011 4997 est
2043 4952 2235 4997 auctor
2260 4944 2442 4997 omnis
2469 4941 2744 5011 potentiae,
2769 4951 2829 5014 et
2869 4938 3046 5014 onmis
3071 4939 3309 5014 potentia
3343 4954 3407 4991 ac

145 5012 527 5083 vigoriquiiest
553 5013 605 5065 in
641 5015 805 5083 rebus
830 5014 1052 5083 creatis,
1078 5011 1150 5083 ab
1180 5013 1297 5080 ipso
1326 5022 1427 5067 est.
1459 5009 1734 5077 Secundo,
1769 5009 1887 5083 ipse
1929 5015 2111 5067 onmia
2142 5022 2341 5081 potest,
2372 5023 2427 5065 et
2454 5009 2548 5066 sua
2573 5012 2814 5083 potentia
2845 5010 3025 5083 omnia
3049 5009 3325 5083 produxit,
3351 5019 3409 5062 et

144 5080 396 5154 aliasine
423 5082 550 5154 fine,
582 5084 690 5139 llttO
718 5081 980 5139 infinities
1002 5082 1213 5136 infinite
1239 5084 1341 5154 tuti
1371 5086 1473 5139 hoc
1488 5087 1667 5153 capite
1694 5080 1827 5138 dicit
1861 5080 2171 5154 Dionysius)
2196 5091 2374 5152 potest
2400 5083 2721 5154 producere.
2755 5081 2905 5154 Unde
2926 5090 3235 5154 vocateum
3254 5080 3409 5133 ἅπτει--

146 5150 466 5224 ροδύναμον,
493 5151 544 5205 id
578 5163 659 5208 est
686 5154 1194 5221 inﬁniti—potentem.
1215 5153 1432 5224 Dicitur
1453 5150 1635 5209 autém
1661 5172 1716 5208 on

1816 5150 2018 5218 tenens,
2032 5170 2127 5209 seu
2155 5150 2577 5224 παντοκράτωρ,
2603 5153 2729 5223 quia
2754 5151 2936 5208 onmia
2966 5151 3233 5224 producta
3261 5166 3399 5202 ron-

148 5222 287 5276 ttttet
312 5222 365 5276 et
388 5225 737 5295 constringit,
782 5237 851 5277 ne
883 5225 1092 5295 possint
1129 5222 1407 5290 difﬂuere;
1441 5237 1491 5279 et
1522 5227 1706 5279 mundi
1742 5235 1925 5293 partes
1956 5226 2203 5279 continet
2230 5226 2282 5278 in
2319 5222 2423 5278 suo
2451 5222 2645 5278 ordine
2667 5231 2723 5278 et
2754 5225 2885 5287 situ,
2913 5237 2979 5275 ne
3002 5223 3178 5290 possit
3210 5236 3402 5273 earum

145 5298 281 5348 ordo
320 5304 376 5347 et
414 5292 684 5375 connexio
705 5292 951 5350 dissolvi.
985 5292 1177 5362 Itaque
1225 5295 1426 5352 dicitur
1453 5292 1803 5367 omnipotens,
1842 5304 2101 5364 tanquam
2134 5296 2379 5350 omnium
2408 5303 2661 5362 creator;
2705 5296 3033 5349 omnitenem
3089 5308 3237 5355 vero,
3281 5303 3406 5344 tan-

144 5380 306 5435 quam
335 5379 579 5435 otntltuut
599 5377 974 5421 conservator.

217 5435 332 5508 5|].
357 5434 599 5491 Dicimus
633 5439 794 5508 igitur
829 5435 998 5491 Deum
1036 5454 1146 5493 esse
1168 5440 1475 5505 potentiam,
1503 5449 1558 5494 ut
1597 5436 1686 5509 qui
1725 5437 2017 5507 ρνιοΙιιιῡει,
2051 5450 2158 5493 etc.
2206 5436 2284 5492 Ex
2318 5436 2404 5493 his
2432 5436 2638 5509 (inquit
2659 5434 3089 5509 Cyparissiotus,
3122 5431 3328 5489 decade
3349 5431 3406 5499 5,

1373 5662 1608 5719 νΑιιιΑῑ
1666 5659 2071 5719 LECTlONES.

218 5822 259 5853 "
286 5820 388 5875 οὐκ
427 5822 536 5880 ἀπο
570 5826 792 5896 σκοποῦ,
829 5825 889 5879 D.
988 5827 1033 5859 ⁸⁸
1068 5825 1421 5900 ὑπεριδοῦσα,
1459 5827 1517 5883 S.
1614 5826 1657 5859 ⁵⁹
1693 5823 1955 5896 ὁρίζεται,
1994 5821 2051 5878 S.
2161 5822 2204 5854 ιο
2238 5820 2299 5873 τὸ
2334 5812 2492 5885 εἶναι,
2530 5822 2584 5876 S.
