3866 6232
507 301 612 356 899
1662 298 1720 352 S.
1761 295 2056 353 DIONYSII
2092 296 2553 353 AREOPAGlT.-E
3637 298 3726 355 900

509 433 630 486 cap.
663 415 752 483 γι)
775 421 946 486 patet,
969 411 1130 486 quod,
1151 414 1391 484 potentia
1421 412 1511 467 Dei
1540 411 2101 486 poteniiieell‘ectrix,
2130 427 2250 484 qua:
2285 429 2501 468 onmem
2525 421 2816 483 exsuperat
2858 413 3183 486 potentiam,
3215 428 3334 484 qua!
3371 423 3460 470 est
3489 429 3650 468 unum
3680 427 3726 470 et

507 484 836 558 supraquain
864 485 1193 558 substantia,
1224 500 1344 558 quae
1366 499 1581 558 omnem
1615 484 1998 558 potentiamin
2045 499 2105 538 se
2163 486 2458 553 prathaliet.
2505 496 2559 558 et
2603 486 2938 558 supraliabet
2983 485 3102 558 haec
3143 498 3355 539 onmem
3395 493 3724 558 potestatem,

488 553 622 612 'tain
656 553 965 626 generalem
1006 571 1165 623 quam
1189 553 1608 626 particulareni,
1636 565 1691 606 et
1726 553 1897 620 ipsam
1929 554 2074 607 illam
2113 571 2211 624 per
2245 571 2304 609 se
2329 557 2628 623 potentiam
2670 553 3000 624 cogitatione
3033 553 3500 626 abstractam,”
3543 557 3606 609 iis
3627 573 3727 625 qua

460 667 468 676 .
511 644 617 683 non
646 623 793 689 sunt,
824 627 1123 679 secundum
1150 641 1302 678 suam
1349 623 1700 677 inﬂexibilem
1725 634 1778 677 et
1816 623 2339 691 incircmnscriptam
2374 629 2688 692 potentiam,
2721 623 2994 693 producit,
3028 635 3078 679 ei
3115 625 3247 680 facit
3274 629 3577 691 exsistere;
3603 623 3656 679 et
3672 641 3726 680 ex

509 701 624 767 ipsa
677 696 1020 751 enianatione
1090 709 1211 764 quae
1266 697 1320 750 in
1373 695 1631 749 universo
1687 697 1958 760 cernitur,
2000 696 2242 765 suppetit
2284 696 2442 751 nobis
2485 697 2716 751 facultas
2760 695 2929 750 Deum
2991 697 3167 766 ipsum
3221 700 3526 766 potentiam
3571 698 3723 752 nomi-

508 769 692 824 nandi.

579 839 608 910 §
639 837 721 894 Ill.
767 836 894 891 "ccc
923 838 1089 906 igitur
1111 839 1343 910 potentia
1373 836 1469 891 Dei
1495 837 1926 910 inﬁniti-potens,
1956 838 2009 910 in
2047 837 2223 910 omnia
2263 853 2380 906 qua:
2410 847 2556 900 sunt,
2590 847 2753 900 meat,
2777 846 2885 910 etc.
2932 837 3004 892 Ex
3055 838 3139 910 his
3167 836 3367 906 (inquit
3418 837 3616 891 ibidem
3639 837 3723 908 Cy-

506 907 852 980 parissiotiis)
879 917 1054 980 potest
1081 909 1203 976 quis
1239 911 1518 980 percipere
1557 907 1927 977 proprietates
1951 907 2087 974 ejus.
2131 909 2387 961 Cernitur
2410 910 2556 960 enim
2595 908 3046 976 quemadmodum
3094 909 3147 962 in
3189 923 3532 980 quaecunque
3558 907 3723 980 perva-

507 978 605 1042 dit,
631 982 751 1032 etsi
782 978 863 1032 fas
891 979 1202 1042 estdicere,
1240 979 1416 1047 ipsum
1457 995 1596 1043 esse,
1631 989 1686 1031 et
1715 980 1857 1044 quod
1884 987 1966 1031 est
2017 979 2332 1032 universum
2365 993 2504 1043 esse,
2549 980 2693 1047 quod
2742 987 2802 1030 ut
2853 981 2944 1043 sit,
2977 980 3273 1046 potentiam
3331 979 3504 1032 habet
3544 979 3608 1031 ab
3633 981 3723 1048 ipsa

507 1051 746 1120 potentia
784 1065 905 1117 qua:
926 1065 1088 1116 supra
1131 1050 1490 1120 substantiam
1516 1059 1618 1102 est.
1663 1049 1829 1120 Igilii!
1858 1059 1912 1101 et
1951 1064 2072 1102 esse
2103 1064 2241 1116 opus
2272 1058 2358 1102 est
2389 1051 2680 1120 potentiae;
2724 1049 2816 1102 sed
2855 1065 2959 1102 non
3005 1049 3179 1116 ipsum
3221 1064 3344 1104 esse
3386 1050 3624 1118 potentia
3657 1061 3721 1104 est

509 1117 696 1174 verum
731 1130 987 1188 tanquam
1019 1120 1070 1171 in
1105 1119 1348 1187 subjecto
1379 1129 1462 1173 est
1491 1122 1752 1188 potentia.
1790 1117 2053 1172 Praeterea
2083 1121 2224 1173 inest
2262 1117 2570 1186 proprietas
2601 1134 2930 1241 supraquam
2977 1134 3165 1187 posse;
3212 1120 3481 1186 siquidem
3512 1123 3719 1188 potentia

511 1206 838 1241 snnrauuam
875 1201 1064 1241 nolens
1103 1191 1219 1241 Dei-
1265 1191 1377 1241 uni.
1409 1202 1838 1241 estsnnraonam
1881 1189 2210 1241 substantia.
2244 1190 2438 1241 indidit
2471 1190 2624 1241 nobis
2655 1190 2782 1241 intel
2808 1200 2983 1241 ectum
3028 1189 3362 1241 nossibilcm.
3405 1199 3469 1241 ut
3507 1191 3594 1241 uiti
3625 1205 3719 1241 eum

511 1206 838 1258 supraquam
875 1201 1064 1258 potens
1103 1191 1219 1258 Dei,
1265 1191 1377 1259 qui,
1409 1202 1838 1259 estsupraqnam
1881 1189 2210 1251 substantia,
2244 1190 2438 1242 indidit
2471 1190 2624 1243 nobis
2655 1189 2983 1242 intelleCIum
3028 1189 3362 1258 possibilcm,
3405 1199 3469 1242 ut
3507 1191 3594 1258 qui
3625 1205 3721 1244 eum

506 1261 842 1332 produxitet
879 1260 1105 1326 creavit,
1131 1261 1203 1312 sit.
1223 1275 1564 1332 supraquam
1609 1270 1798 1332 potens
1823 1260 1888 1312 ad
1931 1261 2332 1332 produccndum
2360 1260 2491 1312 alias
2511 1261 2803 1327 potentias,
2836 1259 3082 1314 diversas
3121 1260 3276 1332 abiis
3305 1274 3427 1327 quae
3463 1271 3606 1323 sunt,
3633 1262 3722 1314 inli-

507 1329 1129 1396 iiiieinlinitas,ctquod
1153 1331 1375 1384 inﬁnita:
1409 1329 1663 1397 potentia:
1693 1331 1746 1384 in
1779 1331 2044 1382 inlinituni
2073 1331 2720 1398 product:c,creationein
2760 1345 3086 1400 supraquam
3131 1329 3393 1383 inﬁnitam
3430 1333 3722 1399 potentiue:

514 1410 766 1470 potentim
791 1402 906 1468 ejus
947 1402 1238 1453 retundere
1278 1417 1548 1470 nunquam
1583 1409 1826 1469 possunt.
1871 1401 1926 1453 Si
1973 1400 2138 1468 igitur
2180 1402 2422 1469 potentia
2465 1411 2680 1453 ostensa
2711 1415 2816 1452 non
2861 1402 3084 1454 haberet
3113 1403 3404 1468 potentiam
3435 1404 3536 1454 has
3565 1412 3720 1468 poten-

510 1475 611 1524 tias
653 1472 942 1538 rei-ipiendi
987 1488 1258 1539 nunquam
1286 1473 1624 1538 promitteret
1653 1472 1962 1540 Dionysius,
2004 1470 2245 1524 inliniias
2275 1471 2392 1524 illas
2418 1471 2707 1540 potentias.
2735 1486 2765 1522 a
2799 1472 3110 1539 potentilica
3153 1471 3393 1537 potentia
3436 1475 3718 1539 productas,

509 1559 614 1596 non
661 1557 820 1610 posse
847 1545 1114 1594 actionem
1146 1543 1263 1608 ejus
1291 1542 1536 1594 obiusam
1577 1541 1818 1594 reddere.
1855 1541 2035 1606 Quare
2072 1542 2253 1595 evenit
2284 1551 2340 1595 ut
2381 1544 2619 1611 potentia
2653 1543 2793 1595 bono
2817 1543 3243 1612 appropinquat;
3270 1543 3402 1609 quia
3433 1542 3576 1596 sicut
3610 1543 3718 1596 nihil

507 1622 592 1667 est
628 1629 823 1680 expers
863 1613 1144 1673 bonitatis,
1192 1615 1262 1663 ita
1306 1628 1481 1681 neque
1531 1616 1838 1680 potestatis.

581 1684 607 1752 §
648 1684 732 1736 IV.
766 1685 926 1749 Atqui
975 1684 1140 1751 inquit
1197 1681 1436 1750 Elymus,
1473 1693 1576 1735 etc.
1614 1681 1846 1734 Pulchre
1887 1681 2122 1736 ostendit
2153 1693 2342 1736 contra
2397 1681 2663 1752 Elymam,
2699 1682 2862 1736 Deum
2900 1683 3138 1752 seipsuni
3171 1696 3274 1734 non
3319 1694 3483 1749 posse
3526 1698 3714 1752 negare,

507 1751 613 1806 non
640 1769 794 1822 posse
825 1753 1036 1805 mentiri
1075 1763 1129 1806 et
1158 1751 1374 1816 similia,
1411 1769 1515 1805 non
1540 1768 1661 1822 esse
1692 1754 2039 1820 impotentize,
2075 1755 2171 1806 sed
2207 1753 2432 1805 infinitae
2461 1751 2716 1820 potentiae
2744 1766 3144 1822 argumentum.
3181 1752 3267 1806 Uti
3299 1767 3522 1820 quoqne
3559 1751 3718 1820 probat

509 1821 906 1888 'l‘heodoretns,
941 1823 1153 1890 dialogo
1185 1825 1347 1876 tertio
1387 1835 1570 1876 contra
1614 1821 1852 1876 [hereses
1883 1836 1900 1873 :
1948 1843 1965 1873 ι
2006 1823 2191 1885 Multa,
2238 1825 2437 1890 inquit,
2473 1825 2598 1876 talia
2633 1821 2977 1892 reperiuntur
3018 1825 3368 1890 impossibilia
3401 1839 3545 1892 esse
3569 1825 3726 1888 Ouini:

506 1896 710 1963 potenti
749 1895 888 1956 lleo;
924 1908 1107 1946 verum
1154 1895 1342 1946 horiiin
1377 1894 1656 1962 quidpiam
1707 1910 1811 1946 non
1838 1909 2015 1962 posse,
2063 1894 2288 1947 inlinita:
2337 1895 2595 1960 potentia:
2633 1891 2846 1962 signum
2893 1905 2997 1957 est,
3033 1910 3136 1946 non
3194 1891 3590 1947 imbecillitatis
3613 1895 3717 1946 indi-

507 1969 686 2030 cium;
718 1979 875 2033 posse
904 1979 1051 2025 vero,
1088 1965 1274 2032 utique
1317 1965 1670 2032 impotentia',
1710 1981 1816 2016 non
1850 1965 2127 2030 potentiae.
2163 1966 2446 2029 Quomodo
2484 1965 2586 2017 hoc
2625 1964 2784 2018 dico?
2816 1965 3069 2033 quoniam
3121 1963 3284 2034 479
3329 1966 3718 2032 unumquodque

511 2054 702 2090 eorum
747 2035 840 2089 Dei
886 2035 1195 2086 Ιὶηιιίιςιιυιιι
1244 2034 1848 2101 itntnuialiiliiateinqiie
1875 2035 2226 2102 depriedicat.
2272 2035 2496 2099 Bonum,
2523 2037 2667 2088 enim
2711 2035 2908 2087 malum
2947 2034 3062 2086 lieri
3092 2050 3198 2087 non
3243 2049 3428 2102 posse,
3456 2037 3716 2100 superenn-

508 2109 748 2160 iientiam
788 2106 1010 2158 denotat
1059 2107 1356 2168 bonitatis;
1389 2114 1443 2157 et
1482 2106 1690 2172 justum
1743 2121 2016 2171 nunquam
2046 2120 2199 2172 posse
2245 2107 2359 2157 Iieri
2421 2106 2700 2171 injustum,
2739 2121 2839 2159 nec
2879 2120 3130 2158 veracein
3177 2106 3518 2169 mendacem,
3551 2109 3639 2157 hoc
3675 2105 3715 2156 in

507 2181 737 2230 veritate
763 2187 928 2241 atque
949 2176 1160 2243 jnsiiiia
1196 2176 1551 2227 stabilitatem
1582 2174 1911 2228 soliditatem
1931 2192 2021 2242 ine
2045 2178 2402 2228 demonstrat.
2435 2176 2698 2228 Similiter
2721 2176 2810 2229 lux
2837 2191 2963 2227 vera
3001 2191 3106 2227 non
3133 2184 3311 2244 potest
3346 2177 3714 2236 tenebrescere,

507 2264 607 2301 nec
642 2251 685 2299 is
714 2247 803 2314 qui
837 2255 919 2297 est
959 2262 1063 2296 non
1091 2261 1250 2309 esse;
1283 2247 1552 2298 snllicicns
1583 2247 1726 2297 enim
1781 2247 1941 2298 habet
1967 2261 2109 2311 esse,
2151 2255 2314 2312 atque
2367 2246 2723 2300 immutabilis
2759 2247 2850 2299 lux
2901 2248 3140 2300 exsistit.
3177 2247 3266 2298 Sic
3292 2259 3346 2299 et
3389 2245 3501 2296 alia
3554 2255 3715 2298 cuncta

505 2319 876 2387 perlustrans,
902 2315 1026 2367 illud
1059 2332 1161 2367 non
1206 2331 1352 2383 posse
1381 2319 1684 2382 comperies
1713 2331 1980 2368 summam
2022 2315 2318 2384 potentiam
2359 2318 2686 2386 signilicare.
2721 2316 2796 2387 |l_:t
2835 2331 3053 2387 quoque
3083 2319 3133 2368 in
3165 2317 3273 2370 Deo
3306 2315 3572 2387 talianon
3598 2329 3716 2387 posse

509 2383 725 2440 divinus
769 2387 1057 2452 Apostolus
1075 2396 1128 2437 et
1165 2387 1428 2438 intellexit
1460 2397 1513 2438 et
1545 2387 1746 2455 posuit,
1789 2383 2175 2454 nonnunquam
2211 2383 2432 2454 quidem
2473 2388 2658 2439 dicens
2694 2403 2706 2438 :
2753 2383 3085 2453 Impossibt'le
3115 2401 3192 2440 est
3247 2386 3466 2439 mentiri
3503 2383 3717 2446 Deum“;

509 2475 616 2511 non
647 2459 919 2510 inﬁrmum
961 2457 1090 2508 illud
1137 2457 1499 2524 impossibile,
1533 2458 1626 2510 sed
1660 2457 1812 2508 valdi-
1841 2467 2030 2523 potens
2060 2468 2352 2509 ostendens
2380 2457 2509 2510 alibi
2535 2471 2664 2510 vero
2693 2459 2938 2510 scribens
2971 2473 2985 2508 :
3016 2455 3223 2526 Negare
3261 2461 3493 2524 «ipsum
3533 2472 3625 2508 non
3644 2471 3716 2521 pc-

503 2539 601 2580 test
651 2543 692 2582 ε.
739 2529 946 2580 linrsus
1005 2541 1134 2594 ergo
1167 2527 1293 2578 illud
1340 2543 1440 2580 non
1472 2537 1639 2594 potest
1688 2528 1911 2579 iniinita:
1943 2538 2025 2578 est
2055 2529 2546 2596 demonstrativum
2575 2529 2850 2596 potentiaa.
2883 2527 3120 2580 Tametsi
3149 2529 3314 2590 enini,
3346 2528 3715 2596 inquit,ounics

505 2598 756 2652 homines
803 2599 974 2668 ipsum
1009 2607 1291 2668 negarent,
1322 2597 1434 2665 ipse
1464 2599 1603 2651 IJt'llS
1627 2609 1732 2656 est.
1754 2607 1806 2649 et
1832 2615 1859 2648 a
1882 2599 2096 2666 propria
2129 2614 2232 2650 non
2259 2594 2458 2651 excidit
2477 2594 2700 2662 natura;
2723 2614 2846 2652 nam
2870 2599 3280 2668 incori'uptibile
3309 2598 3478 2650 habet
3505 2611 3636 2658 esse,
3656 2595 3713 2646 uti

503 2669 776 2736 signilicat
816 2667 942 2719 illud
971 2681 983 2716 :
1014 2665 1222 2735 Negare
1249 2669 1476 2734 seipsum
1515 2685 1620 2720 non
1651 2678 1838 2736 potest.
1859 2665 2295 2720 ticdundantiain
2331 2671 2492 2734 igitur
2517 2668 2725 2720 indicat
2755 2669 3008 2737 potentiae
3047 2665 3134 2722 illa
3169 2669 3220 2721 in
3244 2669 3488 2722 deterius
3514 2679 3716 2720 continu-

505 2741 728 2792 tationis
775 2738 1110 2806 impotentia.
1150 2737 1260 2790 Hoc
1304 2741 1462 2790 modo
1499 2742 1665 2791 multa
1716 2739 1823 2793 beo
1869 2749 1995 2792 sunt
2025 2738 2404 2807 inipOSSibilia,
2445 2751 2499 2793 et
2537 2739 2754 2808 quidem
2802 2750 2880 2792 tot
2923 2747 3208 2809 tantaque,
3257 2749 3394 2807 quot
3439 2745 3715 2806 quantaque

506 2820 634 2862 sunt
677 2809 871 2862 divina:
923 2817 1131 2861 natura:
1163 2816 1462 2860 contraria.

575 2879 680 2950 έν.
700 2880 970 2952 Ajustitia
987 2889 1160 2931 autem
1183 2879 1642 2952 rursusdlaudutnr
1663 2879 1821 2941 Deus,
1841 2889 1947 2935 etc.
1969 2877 2083 2933 Non
2103 2879 2244 2948 quod
2267 2879 2380 2948 ipse
2399 2880 2470 2934 sit
2490 2879 2965 2950 cognitusjustitia
2983 2880 3109 2952 (hoc
3124 2880 3292 2941 enim,
3314 2875 3716 2952 inquitCyparis-

503 2947 676 3003 sio'tus
699 2947 858 3018 supra
879 2950 1098 3012 citatus,
1127 2949 1472 3021 neqneell‘ari
1501 2967 1676 3020 neque
1698 2952 2000 3019 intelligere
2025 2947 2336 3021 possumus,
2357 2953 2492 3005 sicut
2516 2947 2907 3021 magnitudinis
2929 2947 3045 3019 ejus
3075 2970 3178 3006 non
3202 2963 3283 3004 est
3309 2947 3459 3015 linis,
3476 2947 3716 3021 etiiiteue-

501 3032 623 3074 Ctus
651 3021 767 3087 ejus
801 3037 904 3072 non
933 3029 1013 3072 est
1041 3019 1345 3089 numerus),
1377 3022 1471 3074 sed
1499 3018 1848 3090 cognoscitur
1867 3018 2079 3090 iustitia
2104 3037 2170 3074 ex
2207 3019 2420 3088 jiistitia
2444 3018 2887 3090 quani'produmt
2917 3018 2969 3076 in
3007 3025 3182 3084 nobis,
3213 3026 3502 3091 imponens
3527 3018 3715 3088 singulis

505 3091 664 3144 rebus
690 3092 931 3145 ordinem
949 3100 1003 3143 et
1026 3091 1470 3159 descriptionem,
1497 3105 1550 3145 ei
1572 3101 1768 3144 caetera
1789 3092 1969 3146 omnis
1996 3093 2222 3161 iustitia:
2248 3091 2744 3160 ponderaJustiHa
2771 3096 2915 3146 enim
2941 3095 3054 3156 Dei,
3075 3109 3198 3162 qua:
3221 3090 3368 3162 justa
3393 3105 3498 3154 εει,
3517 3100 3568 3146 et
3587 3090 3716 3154 justi-

503 3165 609 3215 tias
627 3161 821 3232 diligit,
841 3162 1268 3229 uniuscujusque
1285 3177 1472 3216 eorum
1503 3177 1623 3230 qua:
1642 3174 1770 3216 sunt
1787 3164 2033 3217 ordinem
2053 3163 2263 3228 delinit,
2279 3172 2334 3216 et
2350 3163 2620 3231 producit,
2637 3173 2692 3217 et
2704 3165 2856 3232 ponit
2872 3161 3164 3218 secundum
3185 3161 3465 3231 propriam
3487 3164 3714 3232 actionem

499 3241 559 3286 et
590 3235 902 3304 secundum
941 3247 1274 3300 snpraqnain
1309 3235 1573 3304 inlinitain
1613 3233 1880 3302 justitiam
1918 3249 2094 3295 suam,
2129 3235 2418 3302 unicuique
2443 3235 2666 3300 insultat
2693 3240 2764 3289 ab
2797 3237 2912 3304 ipso
2944 3237 3219 3303 productae
3249 3238 3507 3287 virtutem
3541 3232 3712 3304 indidit.

504 3302 824 3356 reddentem
857 3303 1112 3356 omnibus
1153 3317 1250 3370 pro
1285 3303 1548 3372 dignitate
1591 3301 1671 3357 vel
1703 3305 1979 3372 propriam
2009 3306 2276 3357 actionem
2311 3301 2544 3372 partium
2598 3301 3412 3369 animm—veliniediOcritatein
3447 3304 3586 3356 inter
3620 3301 3712 3368 plus

504 3375 794 3444 etininus,
821 3374 902 3425 vel
931 3372 1228 3441 appetitum
1262 3378 1587 3427 tribuentem
1631 3378 2017 3442 aequalitatem,
2064 3375 2146 3427 vel
2193 3390 2383 3428 rursus
2416 3375 2662 3429 habitum
2692 3377 3112 3444 prospicientem
3154 3375 3307 3428 utilia
3343 3378 3395 3428 in
3438 3387 3711 3444 commune,

497 3442 581 3495 vel
608 3447 894 3498 scientiam
930 3439 1118 3497 eorum
1148 3458 1270 3512 quae
1303 3454 1429 3496 sunt
1471 3439 1778 3508 tribuenda,
1809 3457 1864 3499 ei
1889 3439 2011 3514 quas
2053 3459 2160 3498 non
2190 3444 2500 3510 tribuenda,
2531 3445 2614 3498 vel
2646 3439 2934 3510 neutrum;
2973 3456 3031 3500 et
3061 3458 3120 3499 ut
3165 3447 3339 3500 semel
3372 3446 3572 3508 dicam,
3610 3439 3714 3493 ninil

499 3514 722 3587 reliquit
753 3515 871 3568 sine
899 3515 1104 3568 honore
1125 3514 1356 3583 iustitiae
1381 3531 1499 3587 asc
1523 3515 1819 3585 productae,
1850 3521 1979 3584 quin
2010 3517 2195 3584 potius
2223 3531 2417 3571 omnes
2448 3516 2676 3586 capillos
2705 3517 2900 3587 capitis
2932 3518 3106 3572 nostri
3155 3526 3433 3587 numerat,
3466 3522 3521 3568 et
3557 3525 3712 3581 passe-

505 3599 621 3636 rem
651 3584 883 3657 duorinn
916 3586 1127 3657 assium
1203 3600 1309 3657 non
1335 3586 1466 3639 sinit
1505 3584 1744 3640 incidere
1790 3589 1843 3640 in
1876 3587 2128 3655 laqueum
2153 3588 2273 3640 sine
2298 3584 2600 3655 justissima
2636 3584 2913 3643 voluntate
2950 3593 3078 3642 suaf
3094 3597 3178 3657 ;et
3200 3586 3500 3656 injustitias
3539 3594 3712 3657 nosms

499 3669 632 3728 quae
655 3655 934 3717 dicuntur,
969 3655 1249 3708 convincit
1271 3670 1393 3709 esse
1432 3657 1812 3728 aberrationes
1848 3667 2160 3712 nostrorqu
2195 3659 2612 3714 deSiderioruin.
2639 3659 2878 3713 Cunctos
2905 3673 3037 3713 vero
3071 3655 3282 3728 iustitia
3327 3674 3427 3712 sua
3468 3656 3656 3728 implet,
3672 3659 3713 3702 et

499 3724 864 3800 tiiliilcoruiii
905 3739 1025 3800 qua:
1056 3735 1208 3790 sunt,
1246 3728 1318 3800 _in_
1340 3743 1404 3800 re
1426 3728 1534 3780 ulla
1562 3727 1710 3800 iusta
1737 3730 1854 3797 ejus
1886 3730 2060 3782 salute
2079 3736 2136 3780 et
2165 3731 2584 3784 conservatione
2610 3731 2882 3800 privatum
2926 3745 3041 3797 est;
3072 3724 3228 3784 'unde
3252 3729 3464 3784 videtur
3493 3725 3616 3778 mihi
3644 3738 3713 3772 ia-

500 3794 615 3867 lere
641 3795 767 3847 illud
803 3796 1211 3867 pervolgatum:
1244 3797 1503 3865 lnjuriaui
1537 3794 1781 3866 quidem'
1811 3800 1990 3854 lacere
2016 3814 2230 3862 omnes,
2273 3800 2406 3854 nulli
2457 3815 2584 3854 vero
2610 3794 2882 3867 iniuriam
2916 3794 3054 3858 lieri.
3091 3801 3319 3867 Qualem
3353 3810 3534 3853 autem
3563 3809 3710 3867 aequet-

499 3863 712 3942 htatem
734 3863 1062 3942 erdebiiu’m
1087 3863 1315 3934 jusiiiia
1340 3863 1615 3942 respiciat,
1645 3878 1702 3922 et
1730 3873 2006 3937 quomodo
2033 3874 2148 3924 haec
2181 3872 2235 3924 in
2264 3871 2372 3925 Deo
2403 3873 2583 3927 locum
2621 3863 2878 3942 habeant,
2933 3875 3054 3929 vide
3092 3863 3148 3928 in
3191 3871 3383 3926 Lessio
3415 3872 3510 3924 lib.
3543 3882 3624 3921 sin
3656 3865 3711 3916 lt:

499 3935 910 4004 perfectioitibus
944 3938 1159 4006 divinis,
1187 3955 1308 4008 cap.
1342 3939 1368 3993 1
1429 3935 1484 3994 et
1507 3953 1667 4008 seqq.

2098 4077 2170 4098 ul—

1563 4191 2050 4254 PARAPHRASIS
2083 4195 2534 4254 PACHYMERE
2565 4198 2697 4270 (44).

575 4328 604 4401 §
630 4327 671 4382 ι.
697 4327 965 4386 Caiterum
990 4342 1112 4382 cum
1146 4327 1377 4398 theologi
1408 4327 1578 4391 Deum
1626 4345 1959 4402 supraquam
1984 4351 2072 4389 sa-

2247 4337 2274 4408 §
2318 4337 2359 4389 ῐ.
2403 4336 2541 4389 Ἀλλ’
2581 4337 2770 4409 ἐπειδὴ
2818 4336 2917 4408 τὴν
2964 4337 3266 4408 ὑπέρσοφον
3317 4337 3608 4411 ἀληθότητα
3640 4333 3707 4385 τὸν

500 4427 737 4493 pientem
763 4425 1073 4487 veritatem,
1108 4423 1271 4474 etiam
1309 4423 1564 4476 virtutem
1603 4438 1702 4478 seu
1753 4427 2072 4495 potentiam,

2182 4430 2312 4484 Θεὸν
2348 4433 2442 4484 καὶ
2480 4432 2731 4502 δύναμιν,
2766 4431 2861 4485 καὶ
2907 4431 3273 4502 δικαιοσύνην,
3315 4437 3410 4488 καὶ
3460 4431 3704 4502 σωτηρίαν,

500 4527 555 4570 et
584 4517 852 4586 justitiam
906 4527 960 4570 et
1013 4517 1242 4570 salutem
1275 4525 1333 4570 et
1385 4515 1811 4585 redemptionem
1856 4530 2072 4584 vocent,

2182 4526 2274 4578 καὶ
2298 4523 2668 4594 ἀπολύτρωσιν
2697 4523 2952 4577 καλοῦσιν
2989 4526 3037 4577 οἱ
3075 4524 3330 4594 Θεολόγοι,
3357 4527 3485 4598 φέρε
3510 4527 3592 4578 καὶ
3609 4521 3706 4574 ταύ-

503 4626 600 4677 age
626 4611 789 4664 etiam
821 4611 936 4664 haec
972 4610 1154 4663 divina
1185 4609 1403 4665 nomina
1445 4611 1800 4680 explicemus,
1835 4628 2076 4682 prtesup-

2182 4636 2278 4683 τας
2328 4617 2427 4682 τὰς
2465 4617 2769 4688 Θεωνυμίας
2799 4617 3216 4689 ἁναπτύξωμεν,
3267 4617 3703 4690 προϋποκειμένου,

505 4703 702 4770 posito,
740 4703 904 4756 Deum
941 4703 1058 4758 sine
1099 4705 1509 4774 comparatione
1539 4707 1804 4760 excedere
1856 4722 2071 4760 onmem

2182 4711 2261 4764 ὅτι
2293 4711 2638 4780 ἁσυγκρίτως
2666 4709 2922 4782 ὑπερέχει
2952 4711 3014 4764 τὸ
3038 4713 3192 4765 θεῖον
3222 4714 3402 4784 πάσης
3450 4715 3538 4768 καὶ
3578 4710 3704 4777 οὔσης

504 4792 824 4857 potentiam,
866 4807 985 4858 qua:
1031 4795 1114 4846 vel
1161 4806 1246 4847 est
1282 4793 1365 4846 vel
1393 4795 1691 4864 excogitari
1722 4805 1917 4865 potest.
1955 4796 2070 4852 NOII

2182 4802 2276 4855 καὶ
2298 4804 2511 4854 ὲπινοου
2520 4802 2686 4873 μένης
2705 4802 3008 4874 δυνάμεως.
3036 4804 3148 4857 Οὑκ
3176 4801 3295 4857 εἷπε
3319 4806 3377 4859 δὲ
3403 4803 3700 4875 νοουμένης,

507 4881 663 4944 dixit,
710 4887 1084 4956 intellectilem,
1128 4899 1254 4938 nain
1277 4899 1331 4939 et
1360 4886 1620 4956 angelica:
1649 4888 1886 4944 virtutes
1918 4891 2077 4944 intel-

507 4974 717 5029 lecliles
743 4978 1034 5043 exsistunt,
1075 4979 1271 5047 quibus
1321 4980 1489 5034 Deum
1535 4995 1657 5038 esse
1704 4984 2071 5052 superiorem,

507 5067 850 5122 manifestum
887 5080 1002 5133 est;
1031 5074 1125 5125 sed
1161 5072 1499 5142 simpliciter,
1530 5076 1977 5145 excogitabilem,
2011 5090 2078 5130 ac

507 5160 552 5214 si
581 5159 724 5214 dicat
757 5177 769 5212 :
802 5159 1247 5233 Qualemcunque
1277 5168 1398 5234 quis
1439 5169 1734 5237 potentiam
1761 5171 2077 5238 excogitare

507 5255 701 5322 possit,
734 5253 876 5306 Deus
909 5262 1090 5308 tamen
1123 5255 1293 5325 ipsam
1325 5258 1446 5312 sine
1482 5262 1894 5328 comparatione
1918 5275 2080 5315 exce-

507 5345 618 5410 dit;
650 5345 915 5416 siquidem
962 5347 1259 5417 Scripturze
1298 5365 1519 5418 quoque
1568 5351 1742 5405 Deum
1789 5353 2077 5409 Dominum

507 5438 768 5492 virtutum
801 5452 895 5495 seu
935 5449 1265 5509 potestatum
1298 5455 1516 5510 vocant,
1563 5444 1716 5514 juxta
1747 5446 1874 5502 illud
1910 5460 1926 5500 :
1963 5446 2076 5501 Do-

647 5573 677 5613 ἀ
710 5575 874 5631 llebt'.
910 5593 986 5646 Vl,
1023 5578 1109 5634 18.
1213 5582 1236 5610 °
1268 5579 1311 5636 ll
1345 5579 1490 5638 Tim.
1529 5598 1593 5650 tt,
1628 5583 1716 5640 15.

2181 4897 2259 4967 (αἱ
2287 4895 2394 4967 γὰρ
2431 4895 2720 4963 ἀγγελικαὶ
2747 4895 3007 4968 δυνάμεις
3037 4896 3323 4968 νοούμεναι
3370 4902 3520 4963 εἰσιν,
3559 4891 3621 4949 ὧν
3641 4896 3698 4946 ὅτι

2183 4987 2437 5058 ὑπερέχει
2455 4988 2518 5040 τὸ
2533 4986 2705 5052 Θεῖον,
2727 4987 2884 5057 δῆλον
2909 4987 2948 5059 ·)
2963 4988 3076 5042 ἀλλ’
3101 4988 3288 5053 ἁπλῶς
3320 4989 3696 5059 Ἑπινοονμένηςν

2183 5079 2260 5142 ὡς
2284 5080 2349 5133 ἂν
2376 5082 2423 5132 εἰ
2439 5080 2624 5148 ἔλεγεν
2644 5097 2656 5109 ·
2693 5082 2814 5133 Ὀτι
2838 5081 2943 5135 κᾶν
2958 5083 3076 5136 οἵαν
3101 5099 3186 5147 τις
3199 5084 3450 5156 δυνηθείη
3471 5081 3696 5151 ἐπινοῆσαι

2184 5173 2431 5244 δύναμιν,
2463 5175 2557 5227 καὶ
2593 5173 2760 5244 αὑτῆς
2803 5173 3146 5246 ἀσυγκρίτως
3178 5177 3433 5250 ὑπερέχει
3471 5177 3525 5230 τὸ
3555 5175 3692 5227 Θείον’

2183 5269 2239 5319 αἱ
2285 5267 2393 5339 γὰρ
2443 5267 2653 5339 Γραφαὶ
2701 5270 2794 5321 καὶ
2833 5268 3036 5340 Κύριον
3066 5270 3175 5323 τῶν
3211 5271 3488 5344 δυνάμεων
3530 5269 3692 5336 λέγουσι

2182 5357 2274 5410 τὸν
2319 5357 2471 5423 Θεὸν,
2520 5360 2614 5412 καὶ
2652 5359 2734 5423 τὸ,
2780 5362 2998 5429 Κύριος
3041 5362 3160 5417 τῶν
3205 5364 3520 5436 δυνάμεων,
3557 5356 3692 5419 αὑτός

2180 5449 2352 5504 ἐστιν
2376 5453 2408 5504 ό
2425 5451 2723 5519 ,βασιλεὺς
2750 5451 2859 5522 τῆς
2883 5451 3089 5524 δόξης,
3130 5457 3245 5524 καὶ,
3280 5459 3488 5528 Κύριος
3506 5453 3603 5510 τῶν
3617 5447 3692 5502 δυ-

1822 5583 1843 5624 ί
1882 5583 2073 5641 Matth.
2113 5601 2169 5653 χ,
2205 5585 2296 5645 29.

581 5729 695 5798 (Η)
729 5728 858 5787 Vide
886 5732 1102 5793 Scholia
1129 5737 1185 5794 S.
1217 5737 1456 5796 Maximi.
1489 5749 1619 5797 tam.
1650 5740 1711 5810 ll,
1751 5758 1869 5816 cap.
1901 5743 1934 5799 8
1987 5743 2060 5801 De
2096 5743 2285 5802 divinis
2325 5747 2646 5805 nominibus.
