3866 6232
132 237 276 294 901
746 235 836 289 DE
873 233 1125 289 DIVINIS
1149 234 1545 299 NOMINIBL'S,
1584 234 1739 289 CAP.
1785 231 1920 287 V'lll.
1961 263 2030 274 ——-
2067 230 2410 286 PARAPHR.
2455 229 2931 286 PACHYMERAS.
3355 235 3462 293 902

128 360 430 428 νάμεων
478 354 604 424 μεθ’
656 351 847 422 ἡμῶν,
895 350 1276 420 ἀντιλήπτωρ
1334 349 1503 421 ἡμῶν
1551 354 1583 404 ὀ
1635 350 1810 415 Θεὸς,

1853 402 1854 407 η
1883 347 2056 401 minus
2102 348 2354 399 virtutum
2383 345 2490 413 ipse
2511 354 2586 398 est
2621 342 2729 398 Rex
2757 343 2941 415 gloria:
2968 346 2994 386 8
3018 361 3039 411 ;
3066 353 3121 400 et
3144 360 3159 399 :
3195 345 3450 405 Dominus

151 448 424 505 Ἰακώϐ.
1873 443 2125 496 uirtutum
2165 440 2455 504 nobiscum,
2497 450 2773 508 susceptor
2819 447 2998 494 noster
3041 438 3186 494 Deus
3218 440 3386 496 Iacob
3407 443 3458 498 h.

245 562 282 634 §
309 563 388 616 II.
425 557 550 624 Πῶς
596 553 690 613 οῦν
731 558 832 631 τὴν
887 556 1068 628 πάσης
1113 557 1457 630 ὲξῃρημένην
1492 556 1772 628 δυνάμεως

1949 553 2072 624 §ll.
2113 552 2396 621 Quomodo
2423 553 2592 621 igitur
2620 553 2916 622 potentiam
2957 553 3026 609 ab
3070 554 3216 610 omni
3249 566 3449 626 poten-

135 653 420 724 δύναμιν
449 652 820 722 ὀνομάσομεν;
861 651 1106 721 Λέγομεν
1127 691 1142 715 ,
1172 652 1254 704 ὃτι
1294 650 1520 720 δύναμις
1557 649 1772 717 λέγεται

1876 645 1950 700 tia
2006 655 2260 716 exempla
2321 645 2756 701 nominabimus?
2808 645 3074 714 Dicimus,
3125 647 3293 701 Deum
3352 648 3458 704 dici

135 748 179 798 ὁ
225 744 402 808 Θεὸς,
445 743 542 798 xui
581 742 658 805 ὼς
698 741 946 812 προέχων
979 743 1073 795 xui
1112 743 1382 814 περιέχων
1418 742 1636 795 ἃπασαν
1681 739 1772 793 δύ-

1879 735 2133 789 virtutem
2185 752 2279 791 seu
2343 745 2691 805 potestatem,
2745 745 3000 807 tanquam
3049 738 3489 806 praehabentenr

136 855 374 909 ναμιν,
408 838 502 890 xui
527 837 603 900 ὠς
633 834 804 898 αῐτιος
828 836 1009 905 πάσης
1034 836 1336 905 δυνάμεως,
1375 836 1468 888 xui
1486 833 1561 897 ὡς
1597 833 1772 904 παρά-

1882 828 2047 900 480
2103 839 2156 883 et
2199 830 2566 884 continentem
2611 844 2824 884 omnem
2872 830 3193 898 potentiam,
3247 842 3310 899 et.
3341 841 3463 885 tan-

138 946 292 996 γων
329 931 508 982 πάντα
537 927 655 980 ἐστὶ
696 926 837 980 κατά
885 925 1111 996 δύναμιν
1136 926 1349 980 άκλιτον
1373 943 1386 955 ·
1423 926 1482 978 οὐ
1519 925 1626 996 γὰρ
1658 925 1771 978 κλι-

1884 937 2048 988 quam
2120 934 2342 974 causam
2416 921 2595 975 omnis
2664 919 2960 989 potentiae,
3035 930 3088 975 et
3153 922 3456 990 producen-

137 1023 410 1092 νόμενος
449 1023 528 1084 εἰς
577 1019 805 1090 δύναμιν
844 1019 1184 1089 δημιουργεῖ,
1231 1017 1343 1071 ἀλλ’
1378 1017 1630 1088 ἀκίνητος
1677 1016 1772 1068 xui

1878 1021 1986 1064 tem
2051 1015 2234 1065 omnia
2293 1012 2592 1066 secundum
2660 1011 3092 1067 indeclinabilem
3163 1009 3489 1082 virtutem,

141 1116 476 1185 ἄκαμπτος
500 1112 761 1184 ὑπάρχων
785 1113 876 1165 ἐπὶ
897 1112 996 1182 τῆς
1029 1112 1163 1175 ἰδίας
1206 1110 1386 1181 ἰσχύος
1413 1110 1649 1180 παράγει
1668 1126 1680 1137 ’
1709 1109 1767 1161 οὐ

1875 1120 1981 1158 non
2035 1105 2181 1157 enim
2229 1106 2295 1158 ad
2336 1106 2592 1158 virtutem
2653 1103 2950 1159 inclinatus
2988 1114 3160 1171 creat,
3201 1107 3294 1160 sed
3348 1107 3456 1161 itit—

142 1210 288 1278 γὰρ
319 1207 562 1260 κλίνεται
616 1205 692 1268 ὼς
743 1205 970 1276 δυναμοῖ
1015 1205 1073 1260 έν
1113 1221 1238 1256 τινι.
1274 1204 1346 1255 Ἣ
1370 1201 1614 1255 ἅκλιτον
1643 1201 1767 1271 ἔφη,

1873 1196 2090 1251 mobilis
2138 1205 2190 1249 et
2231 1194 2539 1250 inﬂexibilis
2569 1197 2842 1251 exsistens
2879 1199 2932 1251 in
2988 1201 3201 1268 pr0pria
3251 1202 3455 1257 virtute

141 1303 432 1354 τουτέστι
456 1301 555 1370 τῆς
583 1300 787 1363 οἰκείας
809 1300 1109 1372 ἀκρότητπ
1137 1297 1209 1368 μὴ
1233 1295 1648 1359 ὑποκατιοῦσαν,
1676 1297 1770 1349 xui

1873 1288 2158 1356 producit;
2187 1304 2292 1342 non
2335 1288 2480 1343 enim
2531 1289 2829 1342 inclinatur
2872 1291 3028 1360 quasi
3056 1303 3248 1361 potens
3278 1295 3352 1349 sit
3397 1295 3451 1349 in

146 1394 248 1457 ὡς
277 1391 452 1446 αὐτοῦ
479 1391 572 1446 τοῦ
600 1388 739 1444 εἶναι
767 1392 994 1461 δύναμιν
1023 1389 1195 1453 αἴτιός
1223 1391 1359 1452 ἐστι,
1390 1390 1482 1442 καὶ
1509 1390 1590 1441 ὅτι
1620 1389 1772 1442 ἀπει-

1873 1382 2076 1450 aliquo.
2111 1379 2207 1436 Vel
2241 1380 2457 1435 άκλιτον
2498 1382 2654 1449 dixit,
2698 1383 2748 1438 id
2791 1394 2875 1438 est
2912 1399 2940 1436 a
2970 1386 3194 1454 proprio
3231 1385 3452 1458 fastigio

156 1486 508 1557 ροδύναμος,
544 1485 617 1556 μὴ
656 1485 814 1556 μόνον
834 1486 891 1536 ὲν
916 1483 993 1554 τῷ
1020 1481 1284 1551 παράγειν
1317 1484 1496 1534 πᾶσαν
1521 1481 1766 1551 δύναμιν,

1876 1476 2098 1528 minime
2129 1476 2573 1540 descendentem,
2601 1486 2654 1528 et
2686 1478 2837 1545 quasi
2874 1477 3160 1545 ipsiusmct
3190 1493 3312 1532 esse
3335 1480 3448 1532 vir-

151 1578 319 1631 ἀλλὰ
350 1578 442 1630 καὶ
470 1576 548 1646 τῷ
581 1576 722 1645 ὑπὲρ
772 1576 952 1628 πᾶσαν
994 1568 1131 1625 εἶναι
1160 1575 1253 1626 xui
1295 1572 1461 1643 αὐτὴν
1488 1573 1586 1642 τὴν
1615 1571 1772 1623 αὑτο-

1874 1567 2010 1621 tutis
2048 1581 2308 1632 causam;
2342 1567 2593 1636 quodque
2625 1568 2694 1622 sit
2749 1567 2972 1622 inﬁnitae
3017 1571 3297 1638 potentiae,
3340 1586 3448 1625 non

151 1671 433 1740 δύναμιν,
480 1669 573 1721 τὸν
607 1667 1111 1740 παραδειγματικόν
1156 1685 1297 1737 φημι
1346 1666 1444 1736 τῆς
1487 1665 1810 1754 δυνάμεως]

1873 1649 2046 1710 Solum
2095 1658 2146 1711 in
2198 1658 2398 1712 virtute
2437 1659 2599 1711 omni'
2644 1660 3009 1726 producenda,
3052 1675 3241 1714 verum
3275 1663 3446 1716 etiam

149 1761 340 1830 λόγον
362 1779 376 1792 ⁸
410 1764 504 1816 xui
538 1764 598 1814 ἐν
643 1761 722 1832 τῷ
750 1760 1148 1834 ὑπερδύνασθαι
1178 1759 1469 1830 ἀπειράκις
1510 1757 1766 1827 ἀπείρους
1799 1749 1810 1754 ’

1871 1751 2015 1817 quod
2056 1749 2126 1802 sit
2154 1764 2316 1818 supra
2347 1765 2564 1804 Omnem
2591 1752 2757 1804 etiam
2797 1751 3084 1819 ipsammet
3129 1768 3224 1821 per
3249 1770 3309 1808 se
3337 1755 3450 1809 vir-

149 1856 438 1926 δυνὰμεις
459 1855 730 1926 παράγειν
753 1872 766 1884 ·
795 1857 888 1908 καί
914 1871 1042 1907 ποτε
1073 1853 1146 1924 μὴ
1159 1850 1611 1921 ἀπαμϐλυνθῆναι
1632 1851 1784 1920 πρὸς

1874 1852 2070 1908 tutem,
2100 1842 2491 1911 exemplarcm,
2533 1843 2773 1911 inquam,
2803 1843 3026 1897 virtutis
3071 1845 3368 1910 rationem;
3396 1856 3451 1900 ct

150 1946 274 2017 τὴν
302 1945 414 1999 τῶν
442 1947 686 2016 ἀπείρων
709 1945 994 2016 δυνάμεων
1024 1943 1263 2014 ποίησιν,
1292 1943 1385 1995 καὶ
1419 1943 1501 1993 ὅτι
1527 1941 1767 2008 ἄφθεγκ-

1868 1935 2013 2002 quod
2051 1943 2244 2001 potens
2269 1934 2336 1988 sit
2361 1935 2647 2004 plusquam
2670 1933 2930 1988 inﬁnities
2950 1935 3193 1988 inﬁnitas
3219 1937 3448 1992 virtutes

153 2056 262 2090 τον
293 2041 388 2091 xui
408 2039 758 2110 ἀνεπινόητον
787 2037 848 2090 τὸ
874 2036 1138 2108 ὑπερέχον
1161 2035 1258 2105 τῆς
1277 2033 1439 2087 αὐτοῦ
1459 2034 1759 2104 δυνάμεως.

1871 2027 2191 2094 producere,
2233 2035 2288 2079 et
2321 2025 2732 2094 nunquam'vis
2784 2023 2902 2094 cjus
2936 2026 2987 2078 in
3031 2025 3260 2080 inﬁnitis
3279 2029 3446 2080 etiam

160 2131 361 2199 Ὅπερ
400 2129 516 2192 πῶς
546 2128 614 2182 ἂν
645 2125 713 2200 ἦν
766 2129 1090 2197 ἄφθεγκτον,
1121 2126 1278 2198 εἴπερ
1311 2125 1384 2196 μὴ
1427 2121 1571 2196 εἶχεν
1613 2127 1764 2196 ἰσχὺν

1871 2118 2168 2170 virtutibus
2199 2119 2450 2171 creandis
2478 2118 2648 2171 valeat
2676 2117 2940 2184 hebetari,
2960 2127 3013 2170 et
3041 2121 3184 2188 quod
3215 2119 3445 2186 ineJtpli-

158 2224 253 2284 εἰς
292 2220 357 2272 τὸ
385 2221 459 2292 μὴ
487 2219 866 2274 κατανοεῖσθαι
898 2219 1048 2290 παρά
1068 2235 1232 2281 τινος,
1261 2215 1293 2286 ἢ
1323 2216 1412 2270 διὰ
1447 2218 1763 2288 περιουσίαν

1865 2209 2060 2262 cabilis
2092 2218 2147 2262 et
2177 2210 2609 2278 inexcogitabilis
2653 2211 2724 2262 sit
2754 2211 2974 2265 virtutis
3010 2211 3130 2279 ejus
3171 2212 3447 2266 excellen~

155 2313 266 2366 τοῦ
320 2297 546 2367 δυνατοῦ
568 2313 667 2386 xui
690 2311 787 2384 τὴν
817 2311 1100 2364 ἀσθένειαν
1141 2310 1401 2379 δυναμοῖ;
1455 2308 1762 2361 Ἀσθένειαν

1868 2303 1961 2355 tia.
2003 2301 2072 2354 At
2103 2303 2375 2371 quomodo
2424 2303 2495 2356 sit
2540 2302 2962 2371 inexplicabilis,
3010 2303 3278 2372 siquidem
3337 2322 3443 2358 non

151 2401 225 2453 δὲ
266 2401 428 2453 καλεί
450 2400 518 2454 τά
545 2399 706 2454 ὑλικά
730 2399 900 2453 ταῦτα
934 2399 1028 2452 καὶ
1054 2398 1306 2469 περίγεια
1332 2399 1578 2469 σώματα,
1609 2399 1762 2452 ἅτινα

1866 2395 2052 2448 habuit
2086 2395 2346 2450 virtutem
2387 2403 2445 2448 ut
2473 2410 2577 2448 non
2609 2397 2994 2464 conciperetur
3017 2396 3084 2450 ab
3107 2396 3315 2467 aliquo,
3343 2400 3444 2454 nisi

159 2492 267 2542 καὶ
326 2491 531 2560 ἔσχατα
578 2490 921 2560 ἀπηχήματά
958 2506 1091 2558 φησι
1127 2489 1215 2542 διὰ
1261 2488 1320 2542 τὸ
1357 2488 1616 2560 ἀμυδρῶς
1668 2489 1762 2541 xui

1865 2501 1963 2554 per
1990 2487 2248 2556 potentim
2287 2487 2680 2540 abundantiam
2706 2500 2759 2541 et
2785 2488 3184 2544 imbecillitatis
3217 2490 3442 2543 robora-

160 2579 323 2636 κατὰ
353 2580 450 2651 τὴν
489 2580 697 2634 οἰκείαν
742 2581 1154 2650 ἐπιτηδειότητα
1187 2580 1432 2651 μετέχειν
1460 2580 1560 2650 τῆς
1605 2579 1763 2632 δυνά-

1867 2579 2104 2634 tionem?
2153 2577 2590 2633 lmbecillitatem
2653 2589 2838 2634 autem
2907 2592 3070 2634 vocat
3135 2581 3444 2636 malerialia

162 2690 325 2743 μεως
356 2672 451 2727 τοῦ
489 2672 645 2738 Θεοῦ,
695 2673 770 2736 ὡς
810 2672 920 2744 ἔχει
958 2674 1050 2725 ἐπὶ
1090 2672 1198 2724 τῶν
1258 2672 1521 2743 ἐμπίδων,
1567 2670 1758 2742 μυιῶν,

1865 2671 1977 2724 haec
1997 2678 2052 2724 et
2093 2681 2308 2724 terrena
2340 2685 2592 2738 corpora,
2635 2686 2754 2740 qum
2794 2673 2959 2725 etiam
2993 2685 3239 2728 extrema
3278 2673 3447 2728 vesti-

158 2765 267 2816 xui
290 2762 399 2815 τῶν
425 2763 600 2816 ἀλλων
637 2763 738 2816 ὅσα
763 2765 822 2815 ὲν
866 2767 979 2827 τοῖς
1018 2763 1240 2826 οἰκείοις
1271 2763 1517 2834 κέντροις
1549 2762 1762 2833 ἰσχύου-

1864 2767 1949 2836 gia
1981 2765 2134 2831 dicit,
2176 2767 2319 2834 quod
2354 2765 2577 2819 remisse
2623 2776 2677 2818 ct
2719 2781 2816 2835 pro
2852 2777 3012 2836 captu
3059 2782 3159 2823 suo
3201 2767 3441 2822 divinam

162 2872 277 2907 σιν.
301 2854 468 2908 Ὅθεν
501 2856 594 2908 καὶ
629 2854 708 2924 τῷ
745 2855 899 2925 Ἰωήλ
925 2871 1087 2926 φησιν
1115 2857 1144 2908 ὁ
1167 2855 1299 2918 Θεὸς
1322 2855 1448 2926 περὶ
1480 2854 1581 2924 τῆς
1606 2855 1761 2926 ἀκρί-

1862 2857 2118 2913 virtutem
2154 2858 2514 2929 participem;
2567 2868 2626 2912 ut
2652 2874 2710 2914 se
2749 2874 2836 2913 res
2875 2861 3041 2915 habet
3078 2860 3134 2915 in
3169 2861 3444 2916 culicibus

157 2949 279 3012 δος,
323 2950 416 3001 καὶ
448 2949 543 3001 τοῦ
571 2949 823 3020 βρούχου,
869 2949 962 3002 xui
995 2949 1092 3019 τῆς
1119 2949 1364 3019 κάμπης,
1420 2947 1489 3002 Ἡ
1508 2947 1759 3016 δύναμίς

1864 2957 1920 3004 et
1947 2950 2171 3015 muscis,
2211 2959 2265 3004 et
2293 2949 2582 3014 similibus,
2614 2965 2734 3020 quae
2768 2950 3005 3006 Stimulis
3044 2951 3158 3007 suis
3210 2954 3439 3023 pollent.

152 3059 286 3111 μου
317 3043 356 3109 ἡ
378 3042 630 3112 μεγάλη.
660 3045 781 3094 Ὅτι
808 3041 864 3094 δὲ
900 3042 994 3095 xui
1022 3042 1116 3094 ἐπὶ
1143 3042 1353 3106 τούτοις
1389 3045 1503 3106 τοῖς
1540 3041 1760 3095 ἀσθενέ-
1789 3045 1810 3100 ί

1862 3041 2017 3097 Unde
2043 3043 2204 3097 etiam
2235 3042 2376 3104 Deus
2418 3043 2471 3097 in
2496 3041 2648 3099 Jocle
2701 3045 2768 3099 de
2808 3044 3018 3100 locusta
3051 3053 3106 3100 et
3143 3045 3354 3100 bruclio
3387 3057 3443 3100 ct

164 3154 255 3188 σιν
284 3139 318 3207 ἡ
345 3136 575 3207 δύναμις
603 3135 697 3189 τοῦ
721 3134 855 3188 Θεοῦ
893 3135 1102 3204 φθάνει,
1146 3135 1223 3188 ίδε
1251 3133 1322 3188 τὰ
1357 3134 1477 3188 κατ’
1507 3119 1756 3206 αἴσθησιν

1859 3150 2025 3191 eruca
2048 3136 2206 3201 dicit,
2226 3134 2513 3189 Fortitudo
2533 3152 2649 3190 mea
2669 3153 2862 3206 magna
2888 3138 2933 3191 ί.
2956 3137 3105 3204 Quod
3126 3152 3256 3193 vero
3271 3141 3438 3192 etiam

159 3227 391 3292 δυνατά,
432 3227 492 3280 τό
519 3245 579 3280 τε
617 3228 814 3299 ὁρατὸν
849 3226 984 3296 φῶς,
1014 3228 1108 3280 xui
1148 3228 1275 3290 τοὺς
1319 3227 1619 3291 ἀκουστοὺς
1657 3225 1755 3295 ψό-

1859 3231 1927 3283 ad
1982 3229 2097 3282 lucc
2127 3227 2342 3282 infirma
2384 3243 2557 3298 usque
2604 3229 2696 3282 Dei
2740 3230 2918 3284 virtus
2970 3229 3271 3298 pertingat,
3315 3229 3440 3283 vide

163 3335 336 3387 φουςο
375 3317 445 3372 τὰ
499 3320 608 3390 γὰρ
642 3319 872 3390 λαμπρὰ
905 3318 1014 3370 τῶν
1061 3315 1254 3388 φώτων
1312 3319 1473 3389 μέχρι
1513 3319 1608 3373 xui
1647 3319 1756 3374 τῶν

1859 3337 1981 3392 qute
2028 3323 2332 3376 secundum
2395 3334 2612 3375 sensum
2655 3321 2898 3389 potentia
2957 3330 3108 3387 sunt,
3145 3331 3203 3376 ut
3255 3323 3436 3378 lumen

164 3408 414 3462 ἀσθενῶν
476 3409 769 3481 ὀφθαλμῶν
808 3409 1021 3478 φθάνει,
1082 3410 1175 3462 καὶ
1212 3411 1260 3462 oi
1318 3410 1543 3480 μεγάλοι
1593 3411 1755 3482 ψόφοι

1857 3413 2195 3484 aspectabile
2224 3423 2279 3468 et
2308 3413 2555 3481 ingentes
2603 3413 2866 3482 strepitus
2896 3429 2911 3468 :
2960 3413 3226 3482 siquidem
3257 3413 3439 3484 splen-

168 3499 333 3569 μέχρι
372 3502 597 3554 καὶτῶν
621 3502 863 3556 ἀσθενῶν
895 3502 1073 3556 ἀκοῶν
1109 3503 1427 3556 εζσδύονται.
1467 3500 1604 3554 Οὔτε
1643 3502 1754 3574 γὰρ

1856 3506 2136 3561 didissima
2186 3505 2390 3559 lumina
2429 3519 2606 3574 usque
2633 3507 2700 3559 ad
2729 3505 2978 3560 inﬁrmos
3000 3519 3216 3575 quoque
3245 3507 3436 3560 oculos

162 3593 234 3646 τὸ
260 3594 372 3663 φῶς
424 3597 482 3650 ὲν
522 3595 602 3667 τῷ
646 3596 778 3668 λίθῳ
810 3598 1024 3667 λέγεται
1079 3596 1320 3668 φθάνειν,
1360 3595 1484 3650 οὔτε
1520 3599 1548 3650 ὁ
1584 3596 1754 3667 ψόφος

1853 3599 2197 3670 pertingunt,
2227 3605 2285 3650 et.
2322 3596 2574 3666 ingentes
2610 3595 2860 3666 fragores
2892 3597 3191 3653 imbecilles
3221 3613 3436 3668 quoque

165 3689 477 3744 εἰσδύεσθαι
499 3707 512 3720 ’
547 3691 660 3745 ἀλλ’
691 3693 750 3745 ὲν
777 3693 889 3756 τοῖς
928 3691 1226 3762 πεφυκόσιν
1268 3691 1399 3764 ὁρᾷν
1444 3690 1476 3761 ἣ
1512 3691 1749 3756 ἀκούειν,

1853 3691 2108 3745 audiendi
2152 3688 2446 3744 facultates
2493 3697 2809 3759 penetrant.
2866 3687 2984 3744 Non
3031 3691 3180 3744 enim
3229 3689 3320 3744 lux
3366 3690 3434 3744 ad

167 3779 276 3833 κᾶν
314 3779 553 3846 ἀσθενῶς
591 3780 776 3851 ἔχωσι.

1853 3781 2088 3850 lapidem
2129 3780 2439 3851 pertingere
2487 3779 2711 3845 dicitur,
2748 3794 2924 3848 neque
2971 3779 3126 3834 illum
3169 3783 3435 3852 strepitus

1853 3873 2025 3940 subit,
2065 3871 2160 3926 sed
2189 3871 2278 3926 illa
2314 3886 2435 3942 quae
2457 3871 2609 3927 visus
2638 3871 2962 3942 auditusque
3011 3871 3235 3942 capacia
3286 3883 3416 3929 sunt

1851 3964 1980 4021 licet
2015 3965 2307 4021 imbecilla.

207 4119 210 4122 .
245 4070 385 4143 §lll.
428 4070 586 4125 Κατὰ
620 4068 806 4123 τοῦτον
850 4071 942 4124 τὸν
992 4072 1148 4141 λόγον
1182 4073 1261 4135 εἰς
1297 4071 1475 4126 πάντα
1519 4069 1587 4123 τὰ
1623 4070 1749 4123 ὅντα

1925 4080 1954 4152 ς
1994 4079 2082 4135 111.
2129 4079 2436 4138 Secundum
2493 4081 2636 4137 hanc
2676 4081 2943 4137 rationem
2985 4080 3052 4136 ad
3102 4096 3194 4138 res
3235 4097 3431 4138 omnes

171 4165 406 4236 χωρήσει
440 4165 474 4234 ἡ
512 4162 739 4236 δύναμις
764 4163 860 4218 τοῦ
899 4165 1058 4229 Θεοῦ,
1087 4166 1170 4218 ὅτι
1197 4166 1374 4218 πάντα
1413 4161 1635 4218 δεκτικὰ
1661 4163 1750 4215 δυ-

1853 4175 1944 4230 Dci
1971 4176 2144 4230 virtus
2177 4184 2341 4237 meat,
2373 4175 2633 4244 quoniam
2679 4173 2863 4228 omnia
2897 4174 3117 4230 virtutis
3154 4182 3280 4228 sunt
3336 4189 3432 4228 ca-

172 4255 383 4328 νάμεὼς
403 4259 561 4322 εἰσιν,
590 4256 624 4326 ἢ
664 4258 856 4329 νοερᾶς
886 4259 980 4310 xui
1003 4257 1318 4330 ἀγγελικῆς,
1347 4257 1379 4328 ἢ
1407 4255 1629 4326 λογικῆς
1654 4256 1748 4308 xui

1853 4267 2028 4338 pacia,
2058 4267 2179 4324 sive
2222 4267 2489 4339 spiritalis
2519 4277 2574 4322 et
2595 4269 2873 4339 angelicm,
2902 4267 3016 4321 sive
3053 4265 3338 4321 rationalis
3373 4277 3430 4320 et

172 4348 532 4419 ἀνθρωπίνης,
573 4347 606 4419 ἢ
645 4348 966 4421 αἰσθητικῆς
1003 4349 1110 4402 τῶν
1153 4349 1384 4418 ἀλόγων,
1426 4349 1459 4420 ἢ
1509 4349 1746 4419 ζωτικῆς
1773 4421 1808 4429 _

1853 4360 2124 4429 humana‘,
2187 4359 2306 4415 sive
2365 4359 2581 4414 sensilis
2645 4361 2959 4424 brutorum,
3021 4358 3138 4412 sive
3195 4358 3429 4413 viventis

170 4439 278 4492 τῶν
315 4438 515 4508 φυτῶν,
558 4439 591 4508 ἢ
629 4439 919 4504 οὐσιώδους
955 4441 1146 4512 ἑτέρας
1192 4440 1300 4494 τῶν
1345 4439 1517 4495 ἄλλων
1568 4441 1742 4494 ἀπάν-
1772 4421 1810 4478 Β

1853 4454 2181 4525 plantarum,
2238 4453 2353 4508 sive
2395 4453 2619 4508 alterius
2663 4451 3038 4508 substantialis
3101 4464 3425 4507 ctcterarum

169 4549 294 4596 των,
333 4532 466 4586 καθὸ
499 4532 592 4586 τὸν
633 4533 729 4604 μὲν
779 4533 1063 4605 ἀδάμαντα
1104 4533 1331 4605 δύναμιν
1381 4532 1524 4604 ἔχειν
1565 4532 1744 4603 φαμὲν

1853 4561 2030 4601 rerum
2081 4545 2362 4610 omnium;
2402 4543 2557 4613 juxta
2609 4544 2755 4616 quod
2815 4543 3034 4613 quidem
3083 4544 3424 4598 adamantem

171 4625 262 4678 τοῦ
299 4624 368 4696 μὴ
402 4624 717 4696 τέμνεσθαι,
749 4625 841 4679 τὸν
878 4625 924 4678 δ’
948 4625 1086 4698 ἀέρα
1117 4625 1416 4697 ἀδυναμίαν
1462 4625 1555 4678 τοῦ
1579 4624 1744 4679 αὐτοῦ

1853 4639 2079 4695 dicimus
2127 4639 2330 4693 habere
2383 4637 2522 4692 lianc
2553 4638 2832 4703 virtutem,
2859 4645 2916 4688 ut
2951 4635 3124 4690 secari
3163 4644 3422 4704 nequeat,

172 4717 370 4770 τούτου.
408 4718 518 4770 Καὶ
547 4719 678 4771 αὐτὸ
721 4719 777 4772 δὲ
812 4718 932 4772 καθ’
957 4719 1090 4771 αὐτὸ
1109 4719 1168 4772 τὸ
1189 4718 1417 4790 δύναμιν
1458 4713 1594 4771 εἶναι
1643 4717 1741 4770 καὶ

1853 4747 2033 4788 aerem
2064 4748 2198 4788 vero
2226 4733 2385 4803 bujus
2421 4732 2592 4804 ipsius
2633 4729 3035 4800 impotentiam.
3071 4729 3210 4798 Quin
3261 4738 3317 4784 et
3371 4731 3424 4785 id

174 4811 322 4865 τοῦτο
356 4811 506 4884 παρὰ
535 4810 638 4883 τῆς
673 4811 823 4876 θείας
863 4812 980 4865 ἐστὶ
1017 4812 1316 4884 δυνάμεως.

1853 4827 2024 4897 ipsum
2057 4827 2357 4882 secundum
2390 4840 2450 4882 se
2481 4828 2741 4880 virtutem
2768 4838 2912 4889 esse,
2956 4822 3122 4877 etiam
3163 4839 3192 4877 a
3222 4825 3424 4879 virtute

1847 4916 2030 4970 divina
2054 4917 2287 4972 exsistit.
2951 4923 2956 4928 ‘

91 5054 108 5100 τ
243 5026 372 5098 ςιν.
426 5025 523 5079 Ἐκ
567 5025 667 5096 τῆς
706 5023 961 5094 τοιαύτης
1001 5022 1434 5095 ἀπειροδυνάμου
1460 5022 1740 5094 δυνάμεως

1922 5033 1950 5106 §
1990 5033 2076 5089 IV.
2121 5032 2200 5088 Ex
2243 5032 2340 5088 tali
2399 5033 2594 5087 inﬁniti
2641 5042 2863 5105 potente
2914 5034 3116 5091 virtute
3157 5035 3422 5106 angelicae

177 5123 228 5175 αἱ
253 5119 530 5187 ἀγγελικαὶ
565 5117 826 5188 δυνάμεις
866 5118 994 5182 εἰσὶ,
1024 5118 1116 5170 xui
1148 5117 1210 5169 τὸ
1234 5112 1374 5170 εἶναι
1411 5117 1741 5188 ἀμετακινή-

1853 5127 2076 5182 virtutes
2093 5127 2388 5192 exsistunt,
2410 5136 2463 5180 et
2480 5135 2682 5180 statum
2707 5128 3100 5184 immutabilem
3115 5139 3422 5198 cacteraque

176 5233 276 5278 τως
328 5214 528 5284 έχουσι,
577 5213 672 5267 xui
731 5212 900 5266 τᾶλλα
940 5211 1151 5264 πάνταο
1193 5210 1330 5282 αὐτὴ
1375 5210 1483 5280 γάρ
1518 5210 1665 5261 ἐστιν
1704 5211 1738 5280 ἡ

1853 5222 2026 5276 omnia
2046 5221 2244 5277 habent
2267 5237 2280 5286 ;
2304 5221 2420 5276 haec
2442 5220 2586 5274 enim
2613 5220 2679 5274 iis
2701 5221 2888 5275 tribuit
2913 5232 2964 5275 et
2989 5235 3166 5288 posse,
3193 5230 3247 5273 et
3271 5236 3416 5284 esse,

176 5302 371 5378 ὲφιείσα
399 5307 581 5371 αὐτοῖς
617 5307 678 5365 τὸ
715 5304 994 5369 δύνασθαι,
1036 5304 1130 5357 xui
1155 5298 1312 5366 εἶναι,
1360 5302 1454 5356 xui
1491 5300 1739 5370 ἐφίεσθαι

1853 5322 1898 5369 et
1915 5322 2174 5384 appetere
2193 5327 2413 5384 semper
2434 5326 2556 5367 esse
2572 5312 2720 5380 λυθεὶς
2745 5308 2904 5382 48],
2933 5322 3018 5364 est
3039 5325 3160 5373 quae
3187 5311 3253 5363 iis
3275 5311 3418 5364 vires

180 5400 336 5453 sicuti
371 5397 465 5451 τοῦ
521 5395 697 5451 εἶναι’
746 5397 883 5467 αὐτή
935 5395 1082 5448 ἐστιν
1137 5396 1171 5466 ἡ
1215 5392 1588 5464 ἐνδυναμοῦσα
1644 5394 1739 5446 xui

1853 5410 2192 5479 suppeditat,
2224 5419 2281 5466 ut
2325 5409 2558 5480 idipsum
2611 5423 2769 5478 posse
2821 5406 3134 5462 desiderare
3199 5419 3417 5474 setttpct'

179 5492 298 5547 αὐτὸ
331 5491 449 5546 καθ’
473 5492 608 5545 αὐτο
644 5489 705 5544 τὸ
737 5488 1020 5554 δύνασθαι,
1051 5489 1131 5552 είς
1159 5489 1220 5543 τὸ
1255 5487 1502 5558 ἐφίεσθαι
1528 5484 1622 5540 τοῦ
1647 5485 1738 5539 ἀεὶ¹
1839 5501 2072 5571 possim.
3331 5522 3338 5527 .

179 5584 436 5640 δύνασθαι.

247 5760 269 5798 ι
295 5755 430 5811 Psal.
468 5771 621 5823 χχιιι,
663 5755 745 5812 10.
846 5753 871 5792 ιι
908 5753 1050 5811 Psal.
1090 5768 1189 5808 ην
1224 5751 1278 5807 8.
1382 5764 1398 5792 ι
1447 5749 1586 5824 Jocl,
1625 5767 1684 5819 it,
1720 5754 1810 5811 25.
