3866 6232
480 282 589 338 903

1688 283 1743 337 S.
1783 282 2081 339 DiONYSll
2114 283 2203 338 AR
2213 283 2572 341 EOPAGITJS
3641 288 3729 343 901

556 401 584 473 §
613 401 677 457 ν.
711 399 881 456 Porro
907 399 1271 458 indelicientis
1314 401 1474 455 istius
1511 401 1804 471 potestatis
1836 416 2047 455 tnuuer:

2243 399 2270 471 ᾗ
2311 401 2375 455 ν.
2437 401 2657 473 Πρόεισι
2708 400 2762 455 δὲ
2814 401 2874 455 τὸ
2939 401 3285 457 ἀνέκλειπτον
3334 403 3447 475 τῆς
3498 406 3727 478 τοιαύτης

490 493 546 548 in
581 493 829 548 homines
854 509 1071 563 quoque
1101 495 1403 558 dimanaut,
1439 495 1565 547 etin
1596 494 1873 560 animalia,
1902 505 1957 550 et
2005 496 2058 551 in

486 583 723 653 plantas,
772 592 1052 653 totamque
1107 595 1356 639 naturam
1411 585 1677 641 universi.
1728 586 2059 643 Corroborat

481 679 628 732 enim
670 676 758 730 illa
785 693 903 746 quae
934 679 1083 731 unita
1116 687 1268 742 sunt,
1318 688 1500 748 partes
1532 695 1583 733 v.
1629 694 1683 749 g.
1736 679 1903 735 totius
1932 696 2058 735 cor-

480 771 654 842 poris,
685 770 767 825 vel
792 773 958 825 etiam
986 772 1276 837 elementa,
1312 787 1433 841 quae
1484 774 1705 842 quidem
1754 778 2054 830 seetmdum

481 866 664 934 aliqua
699 864 800 919 sibi
854 876 1043 919 mutuo
1077 868 1511 936 communicant,
1545 870 1845 923 secundum
1876 869 2054 938 aliqua

483 972 614 1009 vero
654 957 1163 1027 discrepantqnoad
1209 960 1371 1016 talem
1432 963 1892 1017 communionem.
1920 962 2055 1016 Cor—

477 1049 703 1101 roborat
741 1049 908 1103 etiam
959 1065 1080 1119 qua:
1124 1052 1382 1107 distincta
1438 1063 1587 1119 sunt,
1640 1064 1700 1108 ut
1755 1057 2052 1111 secundum

474 1153 631 1192 suam
673 1142 929 1209 quodque
986 1144 1254 1196 rationem
1320 1146 1712 1212 impermistutn
1769 1150 2049 1205 consistat.

472 1228 609 1281 Cum
647 1242 825 1286 autem
868 1234 1149 1301 quodlibet
1182 1236 1379 1291 habeat
1406 1239 1652 1293 ordinem
1681 1248 1736 1293 et
1779 1242 2049 1310 pr0priam

474 1320 856 1388 directionem,
882 1326 992 1380 haec
1024 1329 1187 1381 etiam
1218 1330 1460 1394 roborat,
1492 1332 1621 1385 utin
1650 1334 1872 1402 proprio
1902 1349 2049 1402 qua:—

476 1428 583 1481 que
620 1416 813 1471 ordine
863 1431 1273 1476 conserventur.
1330 1422 1664 1479 Corroborat
1708 1430 1873 1480 etiam
1915 1429 2052 1482 vitas

475 1507 813 1565 immortales
844 1513 1213 1581 angelicarum
1253 1515 1545 1582 unitatum,
1578 1518 1789 1574 scilicet
1838 1520 2048 1588 simpli-

473 1602 618 1655 cium
673 1613 1032 1672 naturarum,
1108 1617 1166 1662 ttt
1236 1610 1574 1667 inviolabiles
1638 1624 2049 1668 conserventur.

475 1692 776 1748 Conservat
807 1697 974 1750 etiam
1010 1698 1232 1753 ordines
1251 1700 1504 1755 cmlcstes
1532 1702 1917 1758 imnmtabiles.
1951 1702 2051 1757 Ve-

2160 493 2439 565 δυνάμεως
2475 494 2570 547 καὶ
2606 496 2685 557 είς
2724 494 3063 566 ἀνθρώπους,
3103 496 3197 548 καὶ
3248 495 3384 560 ζῶα,
3450 497 3550 550 καὶ
3586 501 3724 566 φυτὰ.

2160 587 2253 640 καὶ
2291 585 2392 657 τὴν
2431 586 2541 639 τῶν
2595 586 2733 639 ὅλων
2792 586 2970 655 φύσιν.
3024 589 3259 659 Δυναμοῖ
3311 589 3504 642 τοίνυν
3555 591 3645 643 καὶ
3674 593 3725 644 τὰ

2156 677 2433 749 ἡνωμένα,
2474 676 2543 730 τά
2584 677 2722 749 μέρη
2760 678 2920 747 τυχὸν
2956 677 3050 731 τοῦ
3070 678 3191 732 ὅλου
3216 679 3475 751 σώματος
3502 682 3535 752 ἢ
3558 686 3645 737 καὶ
3671 685 3725 737 τὰ

2159 770 2417 837 στοιχεῖα,
2438 767 2473 821 ἀ
2510 768 2651 822 κατά
2668 785 2789 822 τινα
2813 768 2911 839 μὲν
2946 768 3193 840 ἀλλήλοις
3226 771 3574 835 κοινωνοῦσι,
3608 776 3725 828 κατά

2154 875 2276 913 τινα
2311 860 2368 913 δὲ
2410 859 2725 931 διαφέρουσι
2780 863 2920 932 πρὸς
2973 861 3072 933 τὴν
3121 862 3378 933 τοιαύτην
3438 868 3719 921 κοινωνίαν.

2154 954 2393 1022 Δυναμοῖ
2421 954 2514 1006 καὶ
2551 954 2621 1007 τά
2655 954 3051 1026 διακεκριμένα
3088 957 3170 1018 είς
3205 957 3267 1010 τὸ
3302 954 3451 1011 εἶναι
3472 960 3615 1012 κατά
3650 962 3721 1014 τὸν

2154 1048 2353 1099 οἰκεῖον
2391 1046 2549 1115 λόγον
2604 1048 2833 1101 ἕκαστον
2887 1048 3257 1119 ἀσύμφυρτον.
3312 1051 3476 1104 Ἐπεὶ
3513 1052 3571 1105 δὲ
3619 1055 3716 1106 ἔκα-

2156 1154 2279 1192 στον
2318 1139 2428 1209 ἔχει
2483 1140 2638 1207 τάξιν
2695 1142 2794 1194 καὶ
2849 1141 3098 1194 εὐθεσίαν
3155 1143 3308 1207 ἰδίαν,
3363 1145 3601 1215 δυναμοί
3646 1150 3721 1199 καὶ

2152 1230 2322 1284 ταῦτα
2360 1235 2439 1296 είς
2474 1233 2535 1285 τὸ
2570 1232 2929 1297 διασώζεσθαι
2990 1236 3069 1298 είς
3105 1234 3203 1305 τὴν
3254 1237 3473 1290 οἰκείαν
3522 1237 3717 1291 ἕκαστον

2151 1327 2325 1394 τάξιν.
2368 1331 2607 1399 Δυναμοῖ
2646 1329 2739 1382 καὶ
2797 1328 2897 1393 τὰς
2954 1329 3253 1392 ἀθανάτους
3292 1330 3446 1394 ζωὰς
3504 1332 3608 1383 τῶν
3639 1333 3717 1399 ἀγ-

2153 1419 2387 1488 γελικῶν
2426 1420 2649 1485 ὲνάδων,
2715 1420 2957 1491 δηλονότι
3006 1422 3116 1473 τῶν
3170 1422 3453 1475 ἀπλοϊκῶν
3509 1422 3714 1491 φύσεων,

2152 1517 2233 1577 είς
2279 1514 2339 1565 τὸ
2378 1492 2743 1583 φυλάττεσθαι
2789 1514 3210 1587 ἀδιαλωὸήτους.
3244 1515 3515 1569 Φυλάττει
3535 1516 3623 1569 καὶ
3638 1516 3717 1577 τὰς

2151 1606 2407 1677 οὐρανίας
2459 1606 2663 1673 τάξεις,
2720 1606 3128 1671 ἀναλλοιώτους.
3169 1608 3316 1680 Πλὴν
3371 1608 3453 1680 μὴ
3511 1609 3640 1662 κατά
3668 1610 3715 1661 τὸ

2153 1699 2341 1763 ἀῖδίως
2380 1694 2521 1752 εἶναι
2560 1701 2759 1773 νοήσῃς
2798 1701 2855 1753 τὸ
2894 1699 3267 1765 ἀναλλοίωτον,
3309 1701 3450 1753 ἀλλά
3490 1702 3713 1772 κατὰτὴν

477 1800 597 1839 rum
661 1786 774 1841 noli
824 1787 1130 1859 intelligere
1206 1791 1701 1847 immutabilitatem
1755 1795 2047 1849 secundum

2154 1792 2566 1863 ἀπαραλλαξίαν
2601 1792 2701 1861 τῆς
2738 1791 2834 1846 τοῦ
2872 1793 3071 1857 παντὸς
3113 1794 3338 1860 τάξεως.
3379 1794 3542 1847 Ποιεί
3573 1794 3712 1847 δὲκαὶ

477 1896 601 1936 esse
628 1883 1045 1952 sempiternum,
1075 1886 1170 1940 sed
1220 1889 1518 1942 secundum
1554 1888 2048 1945 immutabilitatem

476 1976 686 2030 ordinis
722 1978 988 2031 universi.
1023 1978 1165 2046 Quin
1203 1988 1259 2033 et
1306 1983 1521 2046 stecula,
1554 1990 1611 2034 ut
1660 1995 1779 2036 esse
1817 1984 2047 2052 possint,

474 2068 759 2140 indulget;
797 2081 975 2140 potest
1003 2074 1150 2127 enim
1210 2073 1374 2129 rebus
1410 2075 1755 2143 sempiternis
1782 2085 2051 2146 tempora-

472 2160 578 2214 lem
614 2162 766 2231 quasi
820 2172 1025 2218 motum
1062 2165 1350 2233 quemdam
1401 2167 1743 2237 spatiumque
1794 2177 2051 2223 coexten-

470 2252 624 2307 dere.
656 2252 990 2309 Corroborat
1019 2271 1147 2310 vero
1183 2257 1347 2311 etiam
1384 2267 1762 2327 temporaneos
1792 2275 2047 2330 progres-

471 2361 587 2413 sus,
627 2357 901 2401 astrorum
956 2348 1169 2404 scilicet
1215 2352 1502 2417 motiones,
1555 2367 1676 2420 qua:
1730 2353 1781 2407 in
1815 2355 2046 2423 quodam

472 2440 736 2506 temporis
764 2454 992 2493 nmuero
1020 2456 1119 2510 per
1148 2442 1433 2497 duodecim
1466 2446 1731 2500 dictarum
1760 2447 2047 2503 domorum

470 2528 645 2596 spatia
675 2530 882 2583 sensim
914 2544 1220 2587 moventur.
1271 2535 1599 2591 Corroborat
1623 2538 1787 2593 etiam
1835 2540 2049 2595 revolu-

470 2620 669 2683 tiones,
710 2635 831 2690 quae
862 2621 930 2676 ab
962 2623 1144 2692 aliquo
1170 2634 1369 2693 puncto
1406 2628 1473 2681 ad
1504 2628 1646 2682 idem
1675 2640 1933 2699 punctum
1964 2645 2048 2686 re-

470 2727 717 2770 currunt.
736 2715 1070 2774 Corroborat
1095 2731 1331 2789 quatuor
1360 2722 1649 2790 elementa,
1678 2725 1742 2778 ad
1772 2725 2046 2793 proprium

468 2807 721 2877 quodque
739 2810 982 2865 ordinem
1011 2821 1223 2867 natura:
1249 2815 1633 2883 constringens
1656 2831 1720 2870 ac
1736 2816 2045 2873 continens.

468 2899 801 2955 Corroborat
858 2902 1104 2957 viviticos
1156 2914 1311 2958 terrm
1371 2915 1581 2973 partus,
1606 2908 1923 2962 corroborat
1954 2925 2047 2962 ne-

471 3006 599 3044 xum
632 2992 828 3047 animae
852 3008 977 3048 cum
1013 3010 1259 3065 corpore,
1305 2998 1538 3052 suscitat
1575 2998 1805 3054 virtutes
1837 3003 2047 3055 anima-

471 3083 548 3138 les
593 3084 661 3139 ad
719 3085 961 3153 plantam
1019 3102 1393 3156 swpenumero
1444 3089 1729 3143 fovendam
1758 3100 1810 3145 et
1843 3108 2045 3163 augen-

2152 1884 2244 1937 τὸν
2284 1884 2453 1937 αίῶνα
2502 1884 2790 1938 δύνασθαι·
2842 1886 3064 1939 δύναται
3108 1886 3217 1957 γὰρ
3235 1887 3296 1940 τδ
3334 1888 3713 1958 συμπαρεκτεί-

2153 1976 2336 2030 νεσθαι
2365 1979 2478 2042 τοῖς
2514 1978 2703 2043 ἀϊδίοις
2746 1972 2855 2032 οἷόν
2889 1996 2942 2031 τι
2978 1980 3224 2050 χρονικὸν
3256 1979 3471 2050 κίνημα
3509 1979 3598 2033 καὶ
3619 1980 3709 2033 διὰ-

2155 2084 2357 2140 στημα.
2397 2072 2638 2141 Δυναμοῖ
2672 2070 2727 2123 δὲ
2765 2071 2860 2126 καὶ
2893 2071 2993 2135 τὰς
3034 2071 3291 2143 χρονικάς
3327 2073 3606 2141 προόδους,
3631 2072 3708 2134 τὰς

2150 2161 2258 2215 τῶν
2287 2162 2532 2233 ἀστέρων
2594 2163 2793 2236 δηλαδὴ
2849 2166 3114 2236 κινήσεις,
3169 2166 3263 2219 ὲπί
3324 2182 3455 2218 τινα
3511 2166 3708 2237 ἀριθμὸν

2152 2254 2344 2325 χρόνου
2394 2253 2723 2326 διερπούσας
2778 2254 2846 2307 τά
2908 2256 2973 2308 ιδ’
3028 2256 3137 2308 τῶν
3205 2255 3519 2327 λεγομένων
3572 2255 3708 2308 οἴκων

2149 2347 2513 2418 διαστήματα.
2555 2349 2795 2418 Δυναμοῖ
2831 2346 2925 2400 καὶ
2968 2344 3069 2412 τὰς
3119 2347 3707 2412 ἀποκαταστάπις,τάς

2150 2438 2257 2492 ἀπὸ
2296 2439 2522 2511 σημείου
2558 2437 2704 2503 τινὸς
2744 2440 2837 2493 ἐπὶ
2874 2439 2935 2493 τὸ
2969 2440 3101 2493 αὐτὸ
3150 2445 3374 2512 σημεῖον
3442 2440 3707 2511 ὲπαναδρο-

2153 2532 2278 2603 μάς.
2326 2535 2565 2603 Δυναμοῖ
2614 2532 2681 2587 τὰ
2709 2533 2948 2605 τέσσαρα
2989 2535 3248 2604 στοιχεῖα,
3286 2536 3369 2598 είς
3395 2534 3499 2605 τὴν
3529 2532 3707 2585 οἰκείαν

2149 2623 2377 2676 ἕκαστον
2415 2623 2565 2688 τάξιν
2584 2624 2681 2694 τῆς
2723 2623 2940 2692 φύσεως
2977 2623 3291 2691 συσφίγγων
3331 2623 3428 2675 καὶ
3476 2620 3701 2690 συνέχων.

2148 2715 2384 2784 Δυναμοῖ
2440 2712 2540 2777 τὰς
2593 2712 2892 2781 ζωογόνους
2926 2712 3123 2777 ὠδῖνας
3159 2713 3255 2782 τῆς
3311 2712 3439 2781 γῆς.
3499 2710 3706 2778 Δυναμοῖ

2147 2808 2249 2877 τὴν
2290 2806 2534 2860 σύνδεσιν
2585 2788 2685 2876 τῆς
2721 2805 2898 2877 ψυχῆς
2954 2806 3091 2878 μετά
3147 2806 3419 2876 σώματος,
3492 2804 3704 2859 ἀνακινεῖ

2148 2898 2247 2961 τὰς
2283 2898 2519 2969 ψυχικὰς
2558 2898 2816 2969 δυνάμεις
2864 2900 2943 2962 είς
2982 2899 3042 2951 τὸ
3080 2897 3341 2962 πολλάκις
3378 2898 3596 2969 τρέφειν
3630 2896 3704 2947 καὶ

2148 2988 2334 3054 αὔξειν
2371 2990 2431 3043 τὸ
2466 2990 2653 3059 φυτὸν,
2695 2990 2789 3042 καὶ
2830 2991 2911 3052 είς
2956 2989 3088 3042 αὐτὸ
3134 2989 3291 3042 τοῦτο
3328 2985 3703 3042 ὲπανακυκλοῦν

2152 3083 2297 3147 σθαι,
2327 3083 2612 3154 διακρατεῖ
2650 3082 2750 3147 τάς
2797 3082 3077 3146 ούσιώδεις
3112 3081 3390 3152 δυνάμεις,
3435 3080 3701 3135 καιτοι-,ἄν

469 3175 617 3238 dam,
651 3185 706 3231 et
736 3180 791 3229 in
825 3178 877 3232 id
911 3179 1088 3248 ipsum
1149 3182 1476 3235 revolvendo
1523 3184 1840 3240 essentialcs
1896 3187 2040 3241 vires

2151 3172 2525 3242 ἀσφαλίζεται,
2574 3173 2668 3227 καὶ
2709 3173 2879 3244 αὐτὴν
2926 3172 3026 3244 τὴν
3067 3173 3175 3225 τῶν
3220 3172 3447 3225 δικαίων
3482 3171 3697 3243 δωρεῖται

468 3266 797 3332 conﬁrmat,
849 3280 905 3324 et
960 3271 1251 3341 ipsammet
1315 3271 1588 3341 justorum
1648 3277 2045 3333 deiﬁcationem

469 3359 755 3429 elargitur,
787 3363 1039 3416 virtutem
1097 3364 1229 3432 ipsis
1258 3367 1323 3419 ad
1383 3365 1484 3419 hoc
1514 3368 1778 3436 prtebcns.
1810 3369 1874 3422 Et
1928 3371 2048 3423 uni-

467 3451 708 3512 versim,
784 3451 913 3504 nihil
960 3463 1045 3505 est
1108 3453 1161 3506 itt
1217 3468 1396 3508 rerum
1480 3468 1694 3522 natura,
1748 3459 1889 3528 quod
1942 3475 2045 3513 non

469 3543 858 3611 omnipotentis
929 3544 1232 3615 divinmque
1304 3548 1518 3603 virtutis
1569 3552 1841 3621 particeps
1894 3554 2043 3607 exsi-

470 3643 597 3686 stat.

540 3724 679 3795 ενι.
706 3726 817 3781 Etsi
849 3729 1187 3784 contradicat
1247 3731 1299 3785 in
1345 3731 1497 3787 Actis
1544 3732 1760 3803 Elymas
1814 3752 2043 3807 magus,

470 3818 698 3871 dicens:
764 3820 820 3872 Si
856 3822 1203 3889 omnipotens
1233 3822 1398 3889 Deus,
1450 3830 1722 3895 quomodo
1772 3844 1801 3881 a
1866 3842 2047 3885 vestro

471 3910 751 3977 tlieoiogo,
804 3910 973 3965 Paulo
1039 3914 1331 3980 videlicet,
1425 3918 1626 3972 dicitur
1682 3921 1891 3990 aliquid
1940 3940 2043 3979 non

470 4017 628 4070 posse
680 4002 745 4054 II?
795 4001 1093 4057 Cavillatur
1143 4017 1323 4061 autem
1380 4009 1554 4077 ipsum
1597 4012 1885 4078 dicentem,
1940 4029 2044 4068 non

470 4108 628 4161 posse
665 4092 834 4148 Deum
878 4096 1229 4163 semetipsum
1265 4114 1482 4169 negare.
1541 4101 1676 4154 Dum
1704 4116 1881 4159 autem
1943 4105 2045 4161 hoc

471 4204 735 4257 propono,
774 4191 1127 4245 vehementer
1159 4204 1367 4261 metuo,
1425 4212 1493 4252 ne
1538 4199 1728 4253 videar
1753 4216 2045 4270 puerorum

469 4292 803 4336 structuram
836 4299 1158 4340 arenaceam
1196 4297 1251 4341 et
1304 4288 1576 4343 inlirmam
1620 4307 1954 4369 oppugnare,
1992 4309 2047 4351 et.

470 4376 537 4429 ad
567 4376 730 4443 hujus
759 4376 859 4431 loci
891 4392 1132 4442 sensum,
1177 4386 1436 4449 tauquam
1484 4383 1549 4435 ad
1584 4399 1808 4453 scopum
1834 4389 1924 4455 qui
1962 4399 2043 4442 at-

470 4470 603 4538 tingi
634 4480 906 4539 nequeat,
960 4471 1260 4530 collitnare.
1314 4474 1443 4528 Dico
1491 4485 1671 4529 autem
1724 4477 1890 4532 Deum
1928 4495 2047 4535 esse

2148 3267 2363 3328 θέωσιν,
2420 3266 2646 3336 δύναμιν
2681 3266 2892 3329 τούτοις
2936 3269 3015 3330 είς
3046 3266 3204 3318 τοῦτο
3251 3266 3583 3337 παρέχουσα.
3614 3263 3699 3314 Καὶ

2147 3357 2405 3420 καθόλου,
2461 3357 2613 3409 οὐδὲν
2656 3358 2765 3410 τῶν
2801 3357 2969 3410 ὄντων
3007 3358 3176 3420 ἐστὶν,
3229 3358 3369 3428 ὅπερ
3413 3358 3473 3410 οὐ
3520 3355 3696 3428 μετέχει

2146 3451 2245 3523 τῆς
2281 3451 2784 3521 παντοκρατορικῆς
2834 3451 2927 3504 καὶ
2949 3449 3099 3513 θείας
3116 3450 3420 3521 δυνάμεως.

2218 3733 2244 3807 §
2286 3734 2371 3790 Vl.
2418 3735 2610 3789 Καίτοι
2637 3736 2904 3805 ἐπαπορεί
2952 3734 2979 3785 ὁ
3020 3734 3078 3786 ἐν
3110 3735 3233 3797 ταῖς
3270 3733 3539 3804 Πράξεσιν
3576 3728 3693 3784 Ἐλύ-

2150 3846 2256 3899 μας
2292 3829 2321 3882 ὁ
2358 3830 2549 3899 μάγος,
2587 3829 2791 3897 λέγων·
2823 3830 2886 3882 Εἰ
2925 3826 3331 3897 παντοδύναμος
3366 3829 3395 3879 ὁ
3432 3826 3578 3888 Θεὸς,
3601 3822 3693 3884 πῶς

2147 3920 2299 3991 παρά
2339 3920 2432 3973 τοῦ
2471 3919 2591 3972 καθ’
2632 3920 2775 3990 ὑμᾶς
2831 3919 3101 3987 θεολόγου,
3145 3917 3361 3971 Παύλου
3403 3915 3608 3988 δηλαδὴ,
3627 3912 3693 3964 λέ-

2145 4030 2301 4082 γεται
2350 4012 2403 4066 τὶ
2469 4012 2543 4084 μὴ
2596 4011 2895 4075 δύνασθαι;
2939 4003 2983 4077 ᾧ
3035 4009 3099 4081 δὴ
3150 4009 3244 4061 καὶ
3285 4008 3593 4080 λοιδορεῖται
3628 4005 3689 4055 εἰ·

2149 4106 2323 4173 πόντι,
2368 4105 2440 4177 μὴ
2480 4105 2737 4158 δύνασθαι
2772 4104 2863 4157 τὸν
2919 4102 3051 4157 Θεὸν
3097 4102 3286 4155 ἑαυτὸν
3365 4097 3686 4171 ἀρνήσασθαι.

2160 4198 2301 4269 Ἐγὼ
2342 4198 2399 4252 δὲ
2453 4198 2710 4270 προσθεὶς
2760 4196 2937 4257 τοῦτο,
2996 4194 3116 4247 λίαν
3156 4192 3425 4263 φοϐοῦμαι
3469 4191 3539 4263 μὴ
3581 4186 3689 4252 δόξω

2146 4287 2509 4361 διαμάχεσθαι
2564 4286 2699 4357 πρὸς
2761 4285 3118 4358 μειρακιῶδες
3184 4286 3277 4337 καὶ
3346 4282 3562 4344 ἀσθενὲς
3615 4275 3687 4329 ἐπὶ

2146 4381 2373 4452 ψάμμου
2442 4378 2800 4448 οἰκοδόμημα,
2841 4378 2935 4430 καὶ
2973 4372 3470 4444 καταστοχάζεσθαι
3522 4364 3685 4421 ὡσανεί

2147 4491 2290 4537 τινος
2332 4473 2621 4541 ἀνεφίκτου
2660 4469 2861 4524 σκοποῦ
2908 4468 3007 4539 τῆς
3057 4466 3184 4538 περὶ
3216 4464 3411 4518 τούτου
3465 4458 3683 4518 διανοίας.

469 4562 757 4615 veritatem
789 4580 802 4615 :
833 4562 1038 4617 veritas
1082 4576 1261 4618 autem
1292 4580 1388 4619 ens
1416 4577 1521 4629 est,
1552 4569 1888 4624 mendacium
1918 4588 2045 4627 vero

2151 4569 2294 4638 Φημὶ
2326 4566 2401 4631 δὲ,
2448 4567 2529 4618 ὅτι
2566 4565 2594 4617 ὁ
2642 4564 2774 4627 Θεὸς
2812 4561 3037 4633 ἀλήθειά
3086 4559 3263 4611 ἐστιν·
3305 4558 3338 4627 ἡ
3402 4555 3459 4608 δὲ
3499 4549 3682 4640 ἀλήθεια

467 4650 633 4723 482
696 4670 869 4724 neque
947 4657 1359 4711 consistentiam
1430 4673 1531 4714 nec
1600 4660 1883 4717 entitatem
1950 4664 2048 4720 ha-

468 4749 581 4800 bet.
669 4747 724 4801 Si
818 4749 1002 4818 itaque
1069 4750 1272 4805 veritas
1365 4762 1593 4823 negaret
1659 4757 2045 4826 semetipsam,

470 4839 857 4895 succumberet
933 4842 1237 4909 mendacio,
1298 4853 1357 4898 et
1417 4845 1468 4899 id
1520 4846 1662 4914 quod
1705 4856 1788 4901 est
1834 4858 1889 4903 et
1947 4864 2046 4904 ex-

470 4930 618 4986 sistit
666 4932 890 4987 minime
941 4928 1105 4990 esset.
1141 4935 1281 5005 Ergo
1323 4936 1451 4990 illud
1486 4953 1592 4992 non
1644 4954 1803 5008 posse
1840 4940 1892 4994 in
1937 4940 2047 4997 Deo

469 5025 855 5089 constitutum,
883 5035 969 5079 est
992 5026 1205 5097 signum
1268 5028 1494 5083 inﬁnitae
1542 5030 1795 5097 virtutis;
1822 5032 2046 5102 perinde

468 5118 617 5170 enim
654 5127 738 5170 est
769 5131 835 5171 ac
891 5118 935 5170 si
986 5118 1283 5185 diceretur,
1312 5120 1477 5175 Deum
1540 5137 1645 5176 non
1678 5137 1838 5192 posse
1863 5124 2045 5180 facere

458 5226 517 5265 se
532 5209 709 5279 ipsum
743 5223 848 5263 non
873 5223 994 5264 esse
1028 5210 1218 5265 Deum.
1248 5212 1711 5278 Quemadmodum
1745 5215 1888 5270 enim
1926 5216 2041 5285 lux,

458 5304 509 5357 in
545 5310 809 5371 quantum
838 5301 925 5355 lux
959 5312 1059 5367 est,
1116 5319 1221 5360 non
1254 5316 1433 5374 potest
1484 5323 1607 5363 esse
1657 5310 1933 5365 tcuebrm:
1965 5310 2045 5366 sic

459 5403 514 5448 et
551 5395 664 5449 hoc
689 5392 1028 5463 impossibile
1056 5405 1141 5449 est
1178 5395 1305 5461 Deo,
1352 5409 1570 5469 propter
1600 5401 2043 5470 superabundan-

463 5494 571 5539 tem
613 5485 923 5540 veritatem.
979 5485 1138 5541 Sicut
1193 5488 1359 5560 igitur
1392 5490 1535 5546 Deus
1566 5508 1843 5563 nunquam
1881 5496 2042 5550 scivit

463 5580 770 5646 inscitiam,
803 5581 945 5636 sicut
982 5596 1081 5639 nec
1119 5585 1268 5639 novit
1302 5587 1441 5658 ignis
1467 5603 1574 5644 non
1600 5588 2038 5658 calefactioncm,

462 5673 543 5729 sic
583 5690 759 5744 neque
807 5685 984 5746 potest
1034 5694 1141 5735 non
1174 5696 1371 5752 posse;
1408 5684 1550 5753 quod
1581 5686 1796 5756 sapiens
1823 5684 1912 5742 ille
1943 5698 2041 5755 per

613 5793 641 5831 ιι
673 5790 714 5846 ll
750 5791 890 5850 Tim.
928 5810 988 5861 tt,
1028 5796 1114 5851 l5.

2148 4660 2208 4714 δν
2248 4662 2385 4722 ἐστι,
2425 4658 2486 4711 τὸ
2520 4657 2785 4727 δὲψεῦδος
2819 4654 3185 4709 ἀνυπόστατον
3222 4651 3315 4705 καὶ
3373 4648 3449 4721 μὴ
3483 4647 3553 4699 δν.

2147 4745 2240 4805 οῦν
2277 4753 2581 4823 ἀρνήσηται
2628 4750 2829 4821 ἑαυτὴν
2874 4750 2908 4819 ἡ
2945 4744 3191 4817 ἀλήθεια,
3230 4743 3309 4813 τῷ
3346 4741 3523 4812 ψεύδει
3554 4750 3677 4823 περιέ

2149 4846 2416 4907 πεσεῖται,
2455 4822 2550 4895 καλ⁵
2588 4842 2649 4895 τὸ
2683 4840 2742 4895 ὃν
2787 4842 2881 4893 καὶ
2907 4839 2966 4893 ὃν
3006 4837 3080 4908 μὴ
3115 4836 3173 4889 ὃν
3209 4834 3381 4887 ἔσται.
3421 4832 3493 4886 Τὸ
3524 4824 3602 4883 οὖν
3621 4822 3677 4893 μὴ

2146 4935 2405 4990 δύνασθαι
2465 4936 2559 4988 ἐπὶ
2596 4933 2731 4987 Θεοῦ
2790 4932 3140 5002 ταττόμενον,
3185 4927 3396 4997 ἀφάτου
3446 4915 3674 4991 δυνάμεώς

2147 5032 2263 5083 ἐστι
2307 5031 2559 5100 σημεῖον·
2601 5029 2784 5099 ὅμοιον
2812 5027 2920 5098 γάρ
2969 5026 3117 5077 ἐστιν
3151 5023 3347 5081 εἰπεῖν,
3387 5025 3469 5077 ὅτι
3511 5015 3562 5068 οὐ
3604 5008 3672 5063 δύο

2145 5138 2300 5174 ναται
2344 5122 2373 5173 ὁ
2405 5119 2536 5182 Θεὸς
2586 5117 2805 5189 ποιῆσαι
2842 5116 3030 5169 ἑαυτὸν
3070 5113 3144 5186 μὴ
3162 5110 3301 5167 εἶναι
3336 5113 3483 5167 Θεὸν.
3511 5108 3670 5167 Ὥσπερ

2145 5213 2255 5284 γὰρ
2310 5212 2371 5265 τδ
2410 5210 2544 5281 φῶς,
2590 5209 2725 5264 καθὸ
2773 5208 2910 5277 φῶς,
2958 5207 3018 5260 οὐ
3057 5205 3275 5259 δύναται
3321 5204 3503 5265 σκότος
3546 5192 3666 5249 εἶναι,

2144 5305 2287 5359 οὕτω
2315 5305 2410 5359 καὶ
2456 5303 2614 5357 τοῦτο
2651 5301 2910 5356 ἀδύνατον
2948 5299 3025 5371 τῷ
3056 5299 3173 5369 Θεῷ
3218 5296 3305 5351 διὰ
3333 5297 3447 5367 ,τὴν
3480 5284 3664 5353 ἀνυπέρ-

2146 5401 2339 5472 6λητον
2381 5399 2655 5471 ἀλήθειαν.
2707 5397 2919 5466 Ὥσπερ
2979 5390 3071 5447 οῦν
3114 5392 3214 5445 οὑκ
3255 5385 3398 5443 οἶδεν

2147 5496 2222 5567 μὴ
2275 5494 2472 5548 είδέναι
2536 5489 2777 5553 πώποτε,
2840 5488 2916 5552 ὡς
2956 5488 3020 5540 τὸ
3087 5485 3199 5557 πῦρ
3249 5484 3349 5536 οὐκ
3400 5476 3499 5533 οἶδε
3609 5473 3662 5537 μη

2144 5564 2475 5662 θερμαίνειν,
2528 5585 2699 5648 οὓτως
2755 5582 2875 5635 οὐδὲ
2915 5580 3134 5633 δύναται
3187 5578 3248 5631 τὸ
3300 5577 3374 5648 μὴ
3426 5564 3659 5628 δύνασθαι·

2140 5682 2278 5751 ὅπερ
2314 5682 2341 5735 ὁ
2382 5678 2542 5749 σοφὸς
2588 5677 2707 5733 κατ’
2729 5674 3013 5746 εἰρωνείαν
3049 5671 3284 5741 Ἐλύμας
3320 5669 3419 5723 οὐκ
3438 5662 3656 5730 ὲννοήσαίυ
