3866 6232
208 325 324 384 905

786 320 874 375 DE
912 319 1164 374 DIVINIS
1192 306 1589 380 NOMINIBUS,
1631 309 1785 368 CAP.
1823 308 1958 364 Vill.
1985 338 2053 348 —-
2092 306 2435 363 PARAPHR.
2476 302 2947 363 PACHYMERAC.

3384 311 3489 369 906

215 446 472 516 μιμεῖται
508 421 618 493 τῶν
642 424 888 510 ἀθλητῶν
925 438 1052 500 τοὺς
1105 437 1240 506 μηδὲ
1275 434 1373 504 τὴν
1410 433 1567 501 νίκην
1602 429 1801 490 εἰδότας

1914 424 2145 477 ironiam
2199 423 2416 493 Elymus
2451 423 2576 475 dum
2627 436 2732 475 non
2765 422 3036 493 intelligit,
3068 424 3311 481 imitatur
3334 429 3489 496 pugi-

211 534 599 604 πῶςγίνεται·
644 533 836 594 οἵτινες
880 529 1025 583 κατά
1065 528 1127 580 τὸ
1176 524 1367 579 δοκοῦν
1403 525 1615 586 ἑαυτοῖς
1656 538 1809 574 σκια-

215 625 485 698 μαχοῦσιν
524 624 773 678 ἀπόντων
831 623 941 675 τῶν
990 616 1426 687 ἀνταγωνιστῶν,
1477 616 1571 668 καὶ
1608 612 1808 667 οἴονται

209 720 329 776 τῶν
368 717 678 774 ἀντιπάλων
708 720 953 789 κρατεῖν,
984 715 1058 786 μὴ
1100 714 1300 776 εἰδότες
1326 710 1424 782 τὴν
1473 712 1696 763 ἐκείνων
1716 708 1808 762 δύ-

212 829 406 883 ναμιν.
455 812 650 882 Ἡμεῖς
706 810 784 873 δὲ,
841 805 1368 879 καταστοχαζόμενοι
1421 808 1518 878 τῆς
1572 804 1811 867 διανοίας

210 904 315 958 τοῦ
351 904 497 957 θείου
536 902 773 965 Παύλου,
816 900 1095 971 ὐμνοῦμεν
1128 899 1219 952 τὸν
1257 898 1388 952 Θεὸν
1421 900 1498 961 ὡς
1541 897 1809 969 μακάριον

212 997 316 1049 καὶ
356 995 517 1066 μόνον
553 994 840 1063 δυνάστην,
897 992 972 1056 ὡς
1008 991 1333 1055 δεσπόζοντα
1368 991 1462 1045 τοῦ
1501 992 1712 1055 αἰῶνος,
1734 992 1809 1055 ὡς

216 1088 348 1143 κατ’
372 1087 522 1141 οὐδὲν
562 1084 957 1139 ἐκπεπτωκότα
991 1082 1100 1137 τῶν
1139 1083 1327 1147 ὄντων,
1369 1084 1438 1155 (εἰ
1475 1084 1584 1154 γὰρ
1619 1083 1679 1136 τὸ
1715 1083 1807 1137 δύ-

210 1186 415 1241 νασθαι
456 1186 591 1238 πᾶσι
626 1186 739 1247 τοῖς
794 1178 941 1236 οὖσιν
995 1181 1191 1245 ἔνεστι,
1251 1181 1467 1242 πάντως
1504 1182 1533 1233 6
1581 1177 1721 1231 κατά
1755 1194 1808 1229 τι

215 1280 300 1351 μὴ
336 1279 652 1349 δυνάμενος,
691 1280 739 1331 εἰ
764 1277 837 1348 μὴ
856 1276 1095 1339 εὐσεϐῶς
1128 1275 1190 1328 τὸ
1228 1274 1387 1347 ῥητὸν
1426 1271 1805 1342 ὲκλαϐοίμεθα,

212 1372 539 1423 ἐκπεσεῖται
598 1371 741 1424 κατά
777 1387 829 1422 τι
866 1368 961 1423 τοῦ
999 1368 1173 1431 ὄντος,
1213 1361 1247 1441 ᾖ
1289 1383 1453 1437 φησιν
1486 1365 1515 1417 6
1551 1364 1809 1426 ἀσύνετος

227 1462 545 1535 Ἐλύμας·)
589 1462 786 1534 μᾶλλον
821 1462 877 1515 δὲ
921 1462 994 1532 μὴ
1051 1461 1208 1531 μόνον
1261 1460 1361 1513 οὐκ
1414 1456 1808 1511 ἐκπεπτωκότα

208 1554 325 1607 τῶν
381 1553 569 1615 ὄντων,
627 1552 762 1606 ἀλλά
819 1553 915 1605 καὶ
969 1551 1269 1622 προέχοντα
1326 1549 1421 1602 καὶ
1472 1547 1808 1618 ὑπερέχοντα

210 1644 359 1699 κατὰ
415 1644 641 1715 δύναμιν
698 1642 1042 1715 ὐπερούσιον,
1100 1642 1195 1694 καὶ
1248 1637 1618 1711 δεδωρημένον
1674 1638 1806 1690 πᾶσι

206 1738 329 1799 τοῖς
365 1730 483 1788 οὖσι
520 1736 614 1789 καί
652 1734 713 1787 τὸ
763 1733 1020 1787 δύνασθαι
1060 1728 1221 1793 εἶναι,
1262 1730 1357 1784 καὶ
1408 1729 1470 1782 τὸ
1508 1728 1626 1782 τόδε
1667 1725 1805 1781 εἶναι

207 1827 358 1882 κατὰ
395 1828 709 1900 περιουσίαν
749 1824 1192 1896 ὑπερϐαλλούσης
1212 1824 1514 1895 δυνάμεως.

288 2065 316 2136 §
355 2065 466 2121 VII.
510 2066 671 2134 Ὅρος
722 2065 1071 2136 δικαιοσύνης
1110 2067 1276 2132 ἐστὶν,
1332 2070 1500 2143 ἀρετὴ
1547 2071 1807 2144 διανεμη-

206 2159 342 2230 τικὴ
376 2158 471 2213 τοῦ
510 2162 632 2213 κατ’
652 2159 831 2224 ἀξίαν,
892 2158 924 2229 ἢ
987 2159 1298 2232 ίδιοπραγία
1352 2163 1462 2216 τῶν
1500 2164 1598 2235 τῆς
1631 2165 1811 2237 ψυχῆς

208 2253 438 2323 νοερῶν,
499 2254 532 2323 ἢ
592 2255 825 2325 μεσότης
881 2254 1193 2321 πλεονεξίας
1248 2256 1342 2308 καὶ
1399 2256 1722 2326 μειονεξίας,
1773 2256 1807 2328 ἢ

205 2344 329 2409 ἓξις
368 2346 747 2418 ἀπονεμητικὴ
792 2347 1061 2417 ἰσότητος.
1105 2346 1251 2417 Πρὸς
1308 2347 1437 2415 γοῦν
1471 2350 1595 2411 τοὺς
1630 2348 1808 2401 τοιού-

208 2448 343 2495 τους
378 2434 537 2503 ὄρους
577 2435 759 2498 καλῶς
813 2435 1148 2488 ἀναπτύσσει
1203 2435 1304 2509 τὴν
1359 2437 1509 2491 Θείαν
1544 2438 1811 2493 δικαιοσύ-

210 2536 333 2588 νην.
369 2520 470 2575 Διά
506 2522 665 2576 τοῦτο
697 2524 806 2595 γὰρ
858 2525 886 2576 ὁ
940 2524 1073 2588 Θεὸς
1106 2524 1417 2599 δικαιοσύνη
1459 2527 1696 2597 λέγεται,
1734 2530 1810 2594 ὡς

206 2615 349 2667 πᾶσί
387 2616 509 2669 κατ’
531 2615 688 2681 ἀξίαν
727 2618 1015 2687 ἀπονέμων
1054 2618 1271 2672 ἅπαντα
1305 2621 1446 2674 κατά
1485 2620 1575 2674 τὸν
1612 2625 1810 2677 οἰκεῖον

205 2703 446 2757 ἑκάστου
486 2705 584 2776 τῆς
620 2706 836 2777 φύσεως
891 2709 1037 2778 ὅρον,
1096 2709 1192 2761 καὶ
1242 2709 1318 2774 ὡς
1368 2711 1541 2776 αἴτιος
1581 2711 1656 2766 ῶν
1708 2713 1811 2785 τῆς

203 2797 590 2868 αὐτοπραγίας
622 2800 851 2854 ἑκάστου
872 2818 884 2831 ³
926 2801 1103 2858 πάντα
1137 2803 1245 2875 γὰρ
1280 2806 1313 2874 ὴ
1355 2803 1473 2857 θεία
1496 2804 1809 2878 δικαιοσύνη

204 2886 398 2940 τάττει
436 2888 734 2953 κατ’ἀξίαν
787 2890 1042 2947 ἑκάστου.
1120 2894 1356 2949 Ἀδικίαν
1395 2896 1571 2950 τοίνυν
1622 2896 1811 2953 λαλοῦ-

206 2995 322 3041 σιν,
361 2980 410 3030 οἰ
442 2980 543 3050 τῆς
580 2981 731 3045 θείας
771 2982 1119 3057 δικαιοσύνης
1156 2987 1679 3060 καταψηφιζόμενοι,
1715 2994 1811 3047 καὶ

202 3069 483 3138 λέγοντες,
521 3072 756 3142 ὀφείλειν
792 3072 931 3129 εἶναι
968 3080 1081 3142 τοῖς
1119 3079 1332 3150 θνητοῖς
1368 3081 1464 3153 τὴν
1485 3083 1806 3151 ἀθανασίαν,

1917 514 2015 576 les,
2047 514 2136 581 qui
2175 526 2352 582 neque
2381 511 2667 565 victoriam
2714 521 2916 565 norunt
2966 515 3238 581 quomodo
3263 529 3486 582 compa-

1916 615 2067 659 retur
2094 622 2108 657 :
2146 604 2236 673 qui
2267 605 2519 656 videntur
2545 601 2648 656 sibi
2694 602 2745 655 in
2798 604 2989 657 umbra
3021 619 3142 659 cum
3171 605 3489 662 absentibus

1914 698 2246 754 adversariis
2296 706 2639 760 concertare,
2682 696 3104 768 existimantque
3154 715 3213 756 se
3244 700 3368 756 illos
3396 716 3489 756 su-

1912 803 2129 859 perare,
2163 804 2288 843 cum
2340 786 2595 840 virtutem
2641 800 2826 841 eorum
2880 804 2986 842 non
3036 790 3486 861 habeantexplo—

1913 891 2107 935 ratam.
2148 879 2254 933 Nos
2283 889 2485 945 autem,
2523 879 2586 933 ad
2611 880 2718 933 divi
2761 878 2910 934 Pauli
2945 896 3161 935 sensum
3194 883 3486 937 colliman-

1914 982 2017 1036 tes,
2053 968 2431 1024 collaudamus
2465 971 2633 1023 Deum
2668 977 2923 1037 tanquam
2955 971 3171 1024 beatum
3203 972 3486 1041 solumque

1913 1073 2219 1132 potentem,
2248 1071 2434 1130 utpote
2466 1060 2835 1117 dominantem
2891 1063 3209 1129 mternitati,
3237 1074 3290 1118 et
3338 1065 3484 1120 nulla

1913 1170 2150 1224 unquam
2185 1154 2415 1207 entitate
2465 1151 2784 1206 frustratum
2832 1152 2899 1221 (si
2954 1155 3098 1208 enim
3130 1158 3367 1224 potentia
3396 1172 3485 1211 re-

1910 1245 2179 1300 businest
2202 1245 2479 1308 omnibus,
2512 1243 2738 1297 omnino
2792 1245 2838 1299 is
2871 1246 2960 1315 qui
3009 1247 3303 1301 secundum
3354 1248 3486 1317 quid

1914 1337 2181 1408 impotens
2229 1348 2331 1403 est,
2366 1339 2466 1393 nisi
2505 1338 2591 1407 pie
2643 1337 2846 1394 dictum
2902 1342 3005 1397 hoc
3036 1342 3485 1413 interpretemur,

1910 1433 2211 1488 secundum
2245 1433 2377 1502 quid
2430 1434 2495 1487 ab
2524 1437 2754 1493 entitate
2802 1437 3051 1503 descivit,
3083 1446 3141 1490 ut
3169 1438 3484 1506 imprudens

1911 1528 2128 1599 Elymas
2158 1527 2342 1598 tradit)
2393 1528 2526 1597 quin
2556 1531 2735 1598 potius
2760 1545 2865 1585 non
2892 1530 3067 1585 solum
3102 1540 3357 1601 tanquam
3390 1548 3482 1587 se-

1909 1622 2146 1674 cundum
2180 1634 2295 1675 rem
2326 1620 2525 1673 nullam
2557 1622 2919 1689 deﬁcientem,
2953 1623 3047 1678 sed
3072 1623 3237 1678 etiam
3266 1634 3323 1679 ut
3351 1640 3486 1693 prae-

1910 1712 2198 1768 babentem
2229 1730 2292 1768 ac
2330 1714 2564 1784 desuper
2616 1715 2905 1771 habentem
2954 1717 3135 1771 omnia
3185 1719 3481 1772 secundum

1833 1808 1877 1863 B
1910 1806 2165 1859 virtutem
2196 1807 2730 1874 superessentialem,
2787 1818 2843 1863 et
2891 1809 3055 1864 rebus
3098 1810 3354 1865 omnibus
3375 1809 3486 1863 lar-

1907 1896 2151 1966 gientem
2185 1906 2295 1951 tam
2323 1906 2380 1951 ut
2406 1912 2528 1953 esse
2576 1900 2807 1967 possint,
2843 1914 3003 1969 qnam
3050 1911 3107 1955 ut
3156 1902 3266 1955 sint
3292 1917 3486 1957 secun-

1907 1990 2033 2043 dum
2067 1987 2396 2042 aﬂlnentiam
2423 1990 2650 2045 virtutis
2680 1993 3194 2061 superabundantis.

1977 2078 2137 2150 ἕνη.
2187 2079 2440 2135 Deﬁnitio
2497 2081 2725 2150 iustitiae
2781 2093 2883 2151 est,
2939 2088 3109 2139 virtus
3163 2085 3485 2154 cniquetri-

1907 2170 2081 2226 buens
2110 2188 2210 2241 pro
2237 2174 2522 2244 dignitate,
2562 2176 2648 2230 vel
2701 2176 2920 2246 propria
2971 2180 3113 2232 actio
3170 2179 3484 2235 facultatum

1908 2264 2103 2317 animas
2134 2265 2198 2326 ⁸ο,
2239 2266 2320 2320 vel
2375 2267 2612 2321 medium
2664 2268 2807 2322 inter
2860 2271 3248 2326 abundantiam
3279 2282 3333 2329 et
3360 2274 3482 2331 ino-

1908 2355 2078 2423 piam,
2117 2355 2200 2409 vel
2232 2356 2447 2410 habitus
2480 2357 2861 2414 distributivus
2906 2360 3254 2428 aequalitatis.
3286 2363 3480 2420 Istius-

1909 2445 2053 2499 modi
2088 2446 2272 2515 itaque
2314 2446 2722 2504 deﬁnitionibus
2764 2451 2867 2506 rite
2919 2456 3486 2525 accommodatjusti-

1911 2537 2039 2591 tiam
2072 2538 2338 2594 divinam.
2370 2539 2579 2595 Idcirco
2625 2543 2768 2596 enim
2826 2543 2969 2600 Deus
3017 2545 3226 2615 justitia
3258 2551 3482 2617 dicitur,

1912 2632 2055 2702 quod
2088 2633 2343 2687 omnibus
2370 2649 2469 2703 pro
2506 2634 2769 2701 dignitate
2817 2637 3019 2694 tribuat
3066 2641 3247 2697 omnia
3286 2658 3484 2699 secun-

1910 2722 2039 2776 dum
2071 2725 2347 2793 propriam
2412 2726 2677 2797 cujusque
2721 2738 2935 2784 natura:
2977 2731 3369 2803 deﬁnitionem,
3428 2748 3484 2792 et

1916 2816 2061 2882 quod
2111 2829 2276 2871 causa
2330 2818 2534 2873 existat
2592 2820 2825 2889 propria:
2869 2822 3156 2893 cujuslibet
3226 2829 3482 2896 actionis,

1912 2906 2125 2978 singula
2153 2909 2301 2963 enim
2358 2910 2599 2979 disponit
2628 2912 2810 2966 divina
2832 2913 3049 2983 justitia
3092 2932 3191 2986 pro
3224 2919 3486 2991 cujusque

1913 3000 2193 3071 dignitate.
2221 3002 2563 3073 iniquitatem
2600 3007 2782 3075 itaque
2828 3007 3145 3078 loquuntur,
3171 3016 3261 3081 qui
3288 3016 3486 3071 divina:

1907 3092 2137 3160 justitia:
2188 3097 2606 3163 contradicunt,
2660 3108 2716 3153 et
2760 3099 2853 3169 qui
2900 3102 3110 3167 dicunt,
3159 3106 3486 3162 mortalibus

203 3164 309 3217 καὶ
342 3166 455 3227 τοῖς
492 3166 705 3219 ἀτελέσι
739 3167 800 3221 τὸ
835 3169 1065 3234 τέλειον,
1106 3174 1200 3225 καὶ
1236 3172 1422 3238 τᾶλλα,
1465 3176 1549 3229 ἵνα
1587 3176 1661 3250 μὴ
1681 3180 1801 3233 καθ’

1914 3178 2094 3235 inesse
2126 3183 2323 3238 debere
2363 3184 2857 3254 immortalitatem,
2883 3199 2938 3244 et
2966 3194 3127 3246 rebus
3150 3194 3487 3263 imperfectis

199 3254 441 3309 ’ἑκαστον
480 3256 861 3329 διατρίϐωμεν.
885 3262 1173 3316 Αἰτιῶνται
1209 3264 1337 3335 γὰρ,
1378 3266 1496 3330 πῶς
1531 3269 1559 3319 ὁ
1602 3269 1805 3339 ἄνθρω-

202 3366 335 3413 πος,
375 3350 579 3403 τοιονδε
614 3351 753 3416 ζῶον
809 3352 906 3417 ῶν,
960 3354 1262 3426 φθείρεται,
1320 3358 1437 3422 πῶς
1472 3360 1500 3411 ὁ
1550 3361 1800 3430 ἀσπάλαξ

200 3442 429 3511 τυφλὸς,
474 3444 591 3507 πῶς
627 3446 654 3497 ὁ
694 3444 837 3508 λίθος
870 3447 978 3512 ,οὐκ
1033 3448 1405 3519 αὐτοκίνητος,
1444 3451 1560 3516 πῶς
1598 3453 1658 3506 τὸ
1694 3457 1799 3508 πᾶν

204 3534 517 3591 ἀλλοιοῦται
555 3536 697 3591 κατά
735 3537 835 3601 τὰς
890 3538 1063 3610 ὧρας,
1124 3544 1240 3608 πῶς
1279 3546 1333 3597 αἱ
1371 3545 1643 3616 ὲπίκαιροι
1681 3547 1799 3617 ἡδο-

202 3629 299 3681 ναὶ
334 3629 435 3681 οὐκ
473 3628 731 3684 αἰώνιοι”
756 3630 874 3686 δέον
908 3632 1151 3697 εἰδέναι,
1184 3635 1266 3688 ὅτι
1316 3637 1488 3689 πᾶσιν
1535 3638 1796 3707 ἀπονέμει

200 3719 277 3772 τὰ
312 3722 489 3775 οἰκεῖα
526 3725 558 3793 ὴ
599 3723 717 3778 θεία
767 3725 1101 3798 δικαιοσύνη,
1161 3730 1253 3782 καὶ
1288 3728 1517 3783 ἕκαστον
1572 3734 1662 3784 ἐπὶ
1696 3733 1795 3802 τῆς

200 3813 416 3877 οἰκείας
450 3814 704 3880 διασώζει
739 3818 946 3884 τάξεως
985 3823 1078 3874 καὶ
1117 3823 1418 3893 δυνάμεως.

281 4082 310 4155 §
352 4081 481 4137 VIII.
527 4083 664 4136 Ἀλλ’
703 4084 849 4138 εἴποι
884 4104 968 4151 τις
989 4106 1001 4117 ·
1028 4088 1152 4153 Πῶς
1174 4092 1233 4143 οὐ
1274 4093 1457 4164 βοηθεῖ
1492 4099 1604 4161 τοῖς
1623 4098 1792 4163 ὁσίοις

203 4175 620 4246 ἀδικουμένοις;
689 4177 909 4250 Ῥητέον
960 4180 1025 4233 ὲκ
1076 4180 1410 4253 διαιρέσεως
1484 4188 1793 4256 Ἀγαπῶσιν

204 4266 255 4320 οἱ
294 4266 428 4318 ὅσιοι
466 4266 535 4319 τὰ
575 4268 839 4339 παρόντα,
877 4269 911 4340 ἢ
950 4271 1049 4323 οὐκ
1087 4272 1391 4340 ἀγαπῶσιν.
1435 4277 1497 4329 Εἰ
1535 4279 1631 4347 μὲν
1651 4281 1791 4348 ἀγα.-

206 4357 408 4422 πῶσιν,
464 4359 563 4429 οὐχ
618 4361 794 4425 ὅσιοι,
851 4363 927 4426 ὡς
980 4365 1075 4417 τοῦ
1131 4365 1275 4419 θείου
1330 4368 1790 4436 ἀποπεπτωκότες

204 4449 411 4521 ἔρωτος
436 4471 448 4481 ·
487 4450 731 4506 ἀδικοῦσι
770 4455 879 4525 γὰρ
916 4456 983 4509 τά
1022 4456 1191 4522 ὅντως
1227 4460 1432 4530 ἐραστά
1470 4465 1794 4533 παρευδοκι-

1910 3271 2335 3340 perfectionem,
2368 3286 2423 3331 et
2469 3288 2691 3344 caetera,
2740 3296 2812 3335 ne
2843 3282 3073 3354 singulis
3105 3286 3488 3346 immoremur.

1907 3361 2217 3421 Causantur
2250 3368 2421 3435 enim,
2449 3386 2545 3425 cur
2570 3374 2756 3440 homo,
2784 3392 2907 3430 cum
2938 3378 3243 3435 istiusmodi
3278 3384 3483 3440 animal

1904 3454 1996 3521 sit,
2031 3471 2439 3529 corrumpatur,
2469 3478 2566 3518 cur
2599 3466 2738 3535 talpa
2780 3468 2955 3523 oculis
2980 3481 3184 3539 careat,
3222 3489 3321 3529 cur
3345 3476 3483 3546 lapis

1904 3562 2013 3601 non
2047 3550 2118 3604 sit
2146 3567 2243 3620 per
2296 3569 2354 3609 se
2403 3556 2635 3625 mobilis,
2669 3574 2771 3613 cur
2808 3562 3123 3617 universum
3183 3570 3483 3626 secundum

1906 3650 2256 3710 tempestates
2273 3644 2437 3718 A83
2455 3649 2789 3717 immutetur,
2814 3666 3288 3724 curtemporaneae
3322 3662 3477 3717 volu-

1901 3742 2078 3801 ptates
2094 3752 2199 3790 non
2218 3742 2329 3793 sint
2355 3753 2591 3797 aeterna.
2616 3741 2906 3799 Sciendum
2928 3755 3030 3812 est,
3050 3749 3286 3805 divinam
3318 3752 3483 3821 justi-

1902 3825 2029 3877 tiam
2069 3828 2318 3884 omnibus
2348 3846 2467 3900 quae
2489 3834 2682 3902 cuique
2713 3839 2931 3905 propria
2972 3850 3099 3895 sunt
3134 3842 3480 3912 distribuere,

1903 3928 1962 3972 et
2027 3920 2450 3993 uniuscujusque
2512 3927 2761 3982 ordinem
2827 3930 3191 4006 virtutemque
3259 3953 3484 3995 conser—

1899 4024 2047 4065 vare.

1967 4105 1994 4176 §
2043 4104 2177 4159 Vill.
2216 4107 2321 4163 Sed
2374 4100 2519 4167 dicet
2568 4113 2815 4183 aliquis:
2876 4118 2985 4172 Cur
3034 4136 3142 4175 non
3201 4127 3481 4182 succurrit

1896 4198 2099 4253 sanctis
2132 4199 2328 4271 injuria
2354 4204 2597 4260 affectis?
2626 4207 2920 4265 Dicendum
2942 4227 3065 4267 cum
3092 4216 3473 4275 distinctione:

1900 4284 2001 4341 Vel
2038 4288 2269 4356 diligunt
2302 4295 2474 4346 sancti
2529 4298 2860 4363 praesentia,
2917 4301 2998 4354 vel
3058 4318 3169 4357 non
3220 4305 3475 4377 diligunt.

1895 4378 1952 4434 Si
1992 4380 2207 4449 quidem
2246 4382 2497 4452 diligunt,
2552 4401 2656 4439 non
2694 4398 2821 4442 sunt
2872 4394 3066 4457 sancti,
3115 4402 3175 4448 ut
3210 4398 3305 4466 qui
3360 4398 3479 4466 jam

1896 4486 1927 4525 a
1979 4474 2164 4527 divino
2216 4490 2403 4532 amore
2454 4479 2797 4546 exciderint;
2853 4486 3110 4551 quoniam
3145 4488 3326 4555 injurii
3354 4498 3479 4545 sunt

208 4539 458 4611 μούμενα
512 4542 603 4595 ὐπ’
655 4545 855 4610 αὐτῶν,
911 4547 1045 4600 διότι
1100 4549 1208 4601 τῶν
1264 4549 1557 4620 ἁζηλὼτων
1593 4554 1792 4626 ἐρῶσιν

250 4631 291 4647 .,
323 4630 335 4647 ,
620 4633 631 4647 .
886 4636 945 4647 ,η
989 4636 1029 4647 ,,
1089 4638 1100 4647 ,
1199 4640 1211 4647 ,
1351 4640 1375 4647 _

1910 4567 2061 4620 rebus
2113 4581 2245 4621 vere
2313 4572 2592 4637 amandis,
2652 4589 2772 4642 qua:
2821 4576 2889 4629 ab
2938 4577 3070 4646 ipsis
3122 4579 3478 4647 praeferenda:

204 4630 348 4683 αὐτά
386 4633 840 4705 παρατρέχοντες.
884 4636 947 4690 Εἰ
985 4636 1150 4691 δὀὐκ
1188 4640 1495 4708 ἀγαπῶσιν,
1537 4643 1669 4698 ἀλλὰ
1685 4647 1792 4700 τῶν

203 4720 377 4795 ὅντως
413 4721 583 4775 ὄντων
619 4723 844 4793 ἐρῶσιν,
888 4727 1278 4796 εὐφραίνεσθαι
1322 4731 1520 4800 μᾶλλον
1560 4735 1661 4806 χρὴ
1681 4738 1797 4790 τού-

202 4828 354 4878 τους,
410 4813 501 4867 ὅτε
553 4817 931 4886 περιπίπτοιεν
1002 4823 1347 4890 πειρασμοῖς,
1403 4824 1583 4888 καθὼς
1640 4829 1732 4880 καὶ
1767 4832 1796 4882 6

206 4904 389 4975 μέγας
461 4907 716 4973 Ἰάκωϐος
775 4914 1068 4980 παραινεῖ’
1123 4912 1211 4965 διὰ
1266 4914 1375 4985 γὰρ
1430 4917 1634 4971 τούτων
1689 4920 1796 4974 τῶν

203 4994 418 5063 ἐφετῶν
474 4998 925 5068 ἐπιτυγχάνουσι,
982 5002 1077 5054 καὶ
1130 5002 1252 5056 τότε
1305 5008 1425 5069 ταῖς
1481 5008 1798 5077 ἀγγελικαῖς

202 5086 431 5156 ἀρεταῖς
485 5090 912 5161 πλησιάζουσιν,
988 5093 1398 5165 ἀναχωροῦντες
1450 5099 1548 5169 τῆς
1604 5100 1797 5173 ὑλικῆς

200 5182 586 5254 προσπαθείας
623 5186 681 5236 ὲν
713 5186 833 5247 ταῖς
871 5184 1012 5256 ὑπὲρ
1049 5187 1143 5240 τοῦ
1184 5188 1350 5242 καλοῦ
1387 5196 1791 5263 περιστάσεσιν·

204 5272 349 5327 ὥστε
371 5272 567 5343 ἀληθὲς
587 5276 782 5339 εἰπεῖν,
821 5276 903 5328 ὅτι
940 5275 1097 5329 τοῦτο
1137 5278 1336 5348 μᾶλλόν
1375 5284 1491 5336 ἐστι
1526 5285 1624 5356 τῆς
1648 5287 1797 5351 θείας

199 5365 552 5435 δικαιοσύνης
590 5366 739 5432 ἴδιον,
796 5368 857 5420 τὸ
895 5367 987 5422 ἐπί
1022 5386 1173 5434 τινας
1231 5372 1447 5443 βλέπειν
1501 5378 1799 5445 ποθοῦντας

200 5460 271 5513 τὰ
312 5458 545 5524 αἰώνια,
610 5461 683 5531 μὴ
740 5462 951 5532 θέλγειν
1003 5463 1262 5529 τούτους·
1318 5469 1480 5539 ἤγουν
1517 5472 1583 5525 δι’
1606 5474 1799 5546 ἡδονῆς

199 5559 421 5628 ἁπατᾷν
459 5563 527 5631 τῇ
566 5561 741 5634 ἀνέτῳ
778 5565 1045 5637 διαγωγῇ,
1106 5567 1239 5621 ἀλλὰ
1277 5569 1475 5639 μᾶλλον
1521 5569 1620 5631 τὰς
1642 5586 1797 5643 περι-

290 5742 355 5773 εο·
388 5731 540 5788 Max.
567 5740 653 5793 vel
680 5744 895 5809 propria
926 5745 1140 5801 actione
1170 5746 1403 5817 partium
1435 5750 1647 5806 animat.

450 5834 723 5895 PATROL.
768 5836 884 5896 Gn.
936 5838 1041 5899 Ill.

1902 4668 2049 4720 sunt,
2107 4659 2288 4726 quod,
2342 4660 2408 4715 iis
2472 4664 2776 4732 neglectis,
2840 4678 3023 4722 ament
3074 4687 3136 4725 ea
3192 4688 3313 4742 quae
3368 4691 3474 4730 non

1902 4759 2031 4805 sunt
2077 4752 2330 4805 amanda.
2380 4753 2535 4819 Quod
2583 4757 2628 4810 si
2690 4774 2817 4813 vero
2883 4776 2990 4813 non
3053 4762 3323 4832 diligant,
3380 4769 3476 4821 sed

1902 4848 2087 4896 ament
2135 4858 2196 4895 ea
2233 4859 2353 4912 quin
2384 4860 2509 4897 vere
2544 4858 2686 4910 sunt,
2734 4860 2951 4918 oportet
2992 4855 3171 4920 potius
3208 4856 3354 4924 ipsos
3382 4856 3479 4911 lac-

1908 4934 2031 4996 tari,
2063 4935 2209 5003 quod
2251 4938 2304 4989 in
2371 4940 2703 4994 tentationes
2759 4944 3073 5011 inciderint,
3120 4947 3197 5001 uti
3246 4964 3476 5019 magnus

1905 5026 2142 5082 Jacobus
2174 5040 2397 5096 monet;
2428 5034 2688 5101 quoniam
2721 5051 2815 5105 per
2844 5036 2940 5092 has
2962 5053 3022 5092 ea
3056 5055 3176 5109 qua:
3205 5041 3481 5097 desidera-

1905 5116 2033 5171 bilia
2057 5128 2185 5172 sunt
2218 5132 2608 5191 assequuntur,
2644 5134 2864 5197 tumque
2888 5129 3156 5199 angelicis
3181 5130 3479 5187 virtutibus

1913 5212 2375 5282 appropinquant,
2417 5214 2543 5269 dum
2596 5216 2652 5271 in
2686 5218 2961 5277 instantiis
2988 5239 3082 5292 pro
3108 5225 3269 5286 bono,
3305 5224 3374 5276 ab
3399 5222 3480 5275 af-

1902 5300 2047 5356 fectu
2072 5304 2342 5360 materiali
2379 5310 2643 5363 recedunt
2676 5331 2687 5366 :
2742 5313 2815 5366 ita
2859 5324 2918 5368 ut
2967 5330 3093 5368 vere
3142 5315 3249 5368 dici
3280 5314 3475 5382 possit,

1904 5391 2035 5446 illud
2072 5395 2244 5463 magis
2275 5411 2395 5451 esse
2426 5402 2707 5467 proprium
2761 5404 2960 5460 divina:
2995 5405 3240 5474 jnstitiac,
3270 5412 3328 5457 ut
3359 5419 3475 5466 cos,

1903 5486 1997 5554 qui
2042 5487 2107 5539 ad
2161 5496 2361 5541 acterna
2406 5504 2654 5559 spectare
2699 5493 3032 5560 desiderant,
3089 5513 3193 5550 non
3243 5498 3480 5563 patiatur

1906 5592 2003 5648 per
2029 5580 2349 5636 dissolutam
2409 5584 2574 5638 vitam
2636 5587 2998 5657 voluptatibus
3038 5589 3233 5660 decipi,
3258 5588 3351 5645 sed
3384 5605 3479 5658 po-

2840 5854 2917 5913 ‘29
