3866 6232
3559 292 3674 347 908

378 298 483 358 907
1586 298 1644 356 S.
1684 296 1985 356 DIONYSII
2014 296 2483 357 ABEOPAGI'I'E

380 423 492 469 tius
546 412 861 471 alllictiones
890 415 1192 483 sustinere,
1247 425 1306 471 ut
1361 415 1449 471 vel
1502 426 1749 473 amantes
1778 425 1952 487 ungat

2066 421 2277 485 στάσεις
2317 424 2687 495 παραχωρεῖν,
2730 423 2816 476 ἶνα
2870 423 2903 495 ἢ
2946 424 3245 489 ποθοῦντας
3283 424 3586 497 ὑπαλείφῃ,
3624 426 3669 497 ἢ

379 506 465 561 vel
501 506 752 577 lapsuros
797 506 1101 573 suffulciat,
1159 524 1263 563 nec
1293 523 1401 563 non
1435 509 1583 577 ipsos
1608 510 1661 565 in
1692 510 1952 580 praeclaro

2060 512 2150 564 καὶ
2190 512 2564 582 παραπίπτειν
2625 512 2878 584 μέλλουσι
2919 513 3110 584 βοηθῇ,
3151 514 3244 567 καί
3299 514 3524 587 ὲνιδρύῃ
3562 518 3672 568 αύ-

380 598 477 654 illo
504 612 560 655 et
626 602 953 658 inconcusso
995 611 1135 658 statu
1184 603 1509 659 consolidet.
1566 605 1952 661 lnconcussum

2060 609 2185 671 τοὺς
2226 610 2284 660 ὲν
2321 610 2386 678 τῇ
2413 608 2550 679 καλῇ
2572 608 2666 661 καὶ
2706 608 3009 679 άμειλίκτῳ
3047 608 3253 661 στάσει.
3312 608 3669 679 Ἀμείλικτον

380 701 565 746 autem
623 702 825 747 statum
892 703 1071 758 vocat,
1125 695 1438 751 institutum
1484 697 1629 767 quod
1660 698 1952 752 titillationi

2060 699 2111 751 δὲ
2154 700 2347 753 στάσιν
2385 702 2517 770 φησὶ
2553 702 2653 772 τὴν
2691 700 2968 754 ἀνένδοτον
3023 702 3160 772 πρὸς
3210 701 3301 753 τὸν
3352 702 3673 773 γαργαλισς-

378 791 723 837 terrenorum
751 785 973 839 minime
998 786 1165 851 cedit,
1230 802 1331 843 nec
1366 799 1598 859 propter
1629 790 1962 846 tentationes

379 874 447 929 ad
483 874 781 930 materialia
813 876 1073 932 ﬂectitur.

446 1073 593 1147 ng.
624 1073 750 1130 liaac
787 1076 954 1131 etiam
1017 1078 1201 1133 divina
1242 1079 1457 1149 justitia
1509 1092 1766 1151 tanquam
1816 1083 1960 1139 salus

375 1166 709 1234 celebratur,
739 1168 887 1238 quod
936 1167 1082 1238 juste
1132 1170 1404 1243 cujusque
1455 1182 1661 1228 natura:
1719 1176 1961 1231 rationes

374 1268 577 1323 servet,
630 1274 694 1314 ac
728 1274 894 1315 causa
942 1262 1017 1316 sit
1079 1262 1315 1332 pr0priae
1360 1262 1624 1335 cujusque
1656 1265 1733 1319 rei
1762 1280 1957 1336 opera-

377 1350 565 1406 tionis.
594 1350 875 1421 Propriam
909 1366 1089 1409 autem
1113 1358 1485 1424 operationem
1520 1357 1807 1426 appellavit
1838 1373 1958 1413 mo-

377 1451 493 1497 tum
531 1443 679 1497 illum
717 1444 815 1513 qui
840 1444 1064 1499 cuilibet
1094 1456 1302 1502 natura?
1355 1450 1608 1517 proprius
1633 1459 1744 1516 est;
1784 1465 1959 1519 neque

373 1537 524 1591 enim
549 1535 798 1591 homines
823 1536 1005 1591 facere
1026 1551 1253 1609 possunt
1292 1555 1413 1611 quae
1463 1544 1681 1612 propria
1710 1554 1839 1596 sunt
1868 1558 1959 1596 an-

373 1628 529 1699 gelis,
562 1643 737 1700 neque
771 1644 908 1699 aqua
941 1647 1061 1702 quas
1091 1634 1309 1703 propria
1344 1644 1469 1688 sunt
1496 1635 1623 1703 igni,
1659 1644 1712 1688 et
1743 1645 1953 1690 contra.

374 1720 433 1775 Si
475 1721 599 1790 quis
620 1736 752 1777 vero
782 1724 1009 1791 dixerit,
1050 1724 1217 1779 Deum
1267 1727 1567 1779 secundum
1608 1726 1774 1780 alium
1824 1741 1957 1795 quo-

372 1826 480 1881 que
508 1812 729 1867 modum
758 1813 985 1869 salutem
1046 1829 1189 1878 esse,
1218 1816 1361 1884 quod
1397 1832 1426 1869 a
1464 1816 1625 1870 rebus
1672 1819 1958 1871 deteriori-

372 1905 476 1959 bus
505 1904 689 1959 omnia
725 1907 923 1975 eripiat
966 1908 1261 1976 (deteriora
1310 1923 1439 1964 vero
1494 1918 1672 1973 vocat,
1709 1926 1829 1979 quae
1862 1926 1957 1964 na-

374 2006 510 2052 turae
538 1997 803 2068 cujusque
839 1999 1016 2053 aliena
1045 2008 1191 2064 sunt,
1234 1999 1319 2054 vel
1375 1992 1619 2069 indigna,
1650 2004 1732 2056 vel
1780 2006 1957 2072 potius

372 2088 667 2158 ipsammet
721 2090 1010 2144 materiam
1061 2089 1374 2161 informem)
1422 2092 1567 2147 hunc
1616 2109 1714 2147 nus
1740 2110 1955 2164 quoque

372 2189 634 2253 tanquam
688 2180 933 2236 divinum
992 2181 1333 2236 laudatorem
1382 2183 1760 2239 admittemus.
1804 2185 1956 2242 Hanc

372 2272 520 2328 enim
546 2271 779 2328 salutem
845 2271 1090 2325 omnium
1142 2280 1467 2335 statuemus,
1496 2287 1616 2341 qua:
1640 2276 1821 2329 omnia
1876 2278 1956 2332 sic

372 2367 665 2422 immutata
732 2364 1171 2433 inconcussaque
1219 2374 1441 2431 servat,
1496 2374 1556 2418 ut
1609 2366 1663 2421 in
1716 2368 1956 2424 deterius

372 2472 481 2511 non
510 2464 767 2524 vergant;
799 2465 850 2510 et
882 2468 1098 2509 onmem
1145 2455 1571 2524 inaequalitatem
1631 2470 1795 2529 atque
1822 2461 1955 2516 alie-

372 2562 497 2604 nam
523 2546 795 2601 actionem
840 2545 1109 2611 eliminat,
1142 2556 1305 2618 atque
1333 2548 1619 2617 cujuslibet
1648 2555 1955 2623 proportio-

374 2652 472 2693 nes
507 2635 817 2691 conflrmat.
848 2636 907 2691 Si
958 2638 1105 2692 enim
1150 2639 1350 2694 humor
1377 2637 1547 2711 m
1576 2656 1774 2711 aquam
1800 2644 1954 2699 dese-

373 2737 481 2789 rat,
517 2726 631 2798 jam
674 2740 781 2781 non
820 2727 929 2782 erit
958 2742 1137 2798 aqua;
1181 2730 1227 2784 si
1283 2731 1556 2787 redundet
1607 2740 1810 2798 tamen,
1851 2734 1951 2789 ali-

372 2819 504 2888 quid
543 2817 680 2883 erit;
723 2820 985 2887 quocirca
1024 2820 1191 2874 etiam
1236 2818 1544 2878 istiusmodi
1579 2823 1727 2880 salus
1753 2825 1950 2881 libera-

373 2912 451 2967 tio
495 2912 805 2978 vocabitur,
838 2910 1104 2979 quoniam
1135 2927 1195 2967 ea
1230 2929 1358 2984 qua:
1399 2926 1713 2985 servantur,
1754 2934 1785 2974 a
1826 2935 1951 2990 pro-

372 3002 613 3073 priorum
690 3001 960 3057 bonorum
1020 3002 1324 3059 defectione
1381 3006 1707 3075 liberantur,
1754 3025 1857 3066 nec
1892 3013 1948 3066 in

2060 790 2159 859 μὸν
2196 791 2305 844 τῶν
2343 792 2546 862 γηΐνων
2569 792 2841 857 ἔνστασιν,
2867 794 2961 847 καὶ
2979 791 3039 845 τὸ
3060 794 3134 865 μὴ
3156 791 3668 863 κατακάμπτεσθαι

2058 882 2195 950 πρὸς
2218 882 2284 935 τά
2323 883 2483 937 ὑλικά
2520 884 2609 937 διὰ
2648 884 2757 938 τῶν
2793 884 3134 956 πειρασμῶν.

2133 1061 2290 1133 §IX.
2343 1064 2407 1116 Ἡ
2463 1063 2689 1134 τοιαύτη
2746 1063 2867 1117 θεία
2902 1064 3217 1133 δικαιοσύνη
3258 1064 3351 1117 καὶ
3408 1063 3667 1134 σωτηρία

2062 1159 2334 1228 ὑμνεῖται,
2377 1157 2453 1222 ὡς
2486 1157 2712 1220 δικαίως
2747 1154 3087 1219 διασώζουσα
3121 1158 3246 1219 τοὺς
3280 1156 3524 1228 ἑκάστης
3566 1156 3669 1224 φύ-

2062 1267 2199 1313 σεως
2236 1249 2447 1318 λόγους,
2504 1250 2599 1302 καὶ
2631 1248 2781 1301 αίτία
2819 1244 2953 1302 οὖσα
3004 1250 3105 1319 τῆς
3148 1249 3486 1320 ίδιοπραγίας
3526 1250 3668 1302 ἐκά-

2062 1360 2210 1395 στου.
2281 1341 2642 1411 ’ἰδιοπραγίαν
2692 1339 2749 1392 δὲ
2802 1340 3053 1411 ὠνόμασε
3109 1340 3206 1412 τὴν
3260 1340 3492 1393 ἑκάστου
3550 1341 3669 1392 τῶν

2060 1434 2229 1487 ὄντων
2267 1434 2408 1489 κατά
2450 1435 2610 1503 φύσιν
2652 1432 2957 1498 ἰδιάζουσαν
2999 1433 3211 1502 κίνησιν
3237 1448 3248 1461 ·
3285 1431 3405 1485 οὐδὲ
3438 1432 3555 1501 γὰρ
3591 1433 3667 1483 τὰ

2061 1525 2308 1594 ἀγγέλων
2345 1523 2655 1595 ἀνθρώποις
2694 1523 2958 1594 πράττειν
3011 1523 3255 1587 δυνατὸν,
3302 1522 3335 1591 ἧ
3374 1522 3441 1574 τὰ
3482 1523 3667 1593 πυρὸς·

2062 1618 2235 1681 ὕδατι,
2274 1616 2464 1671 καὶτὸ
2517 1614 2773 1686 ἔμπαλιν.
2836 1616 2903 1668 Εἰ
2942 1615 2999 1667 δέ
3054 1633 3140 1678 τις
3193 1615 3339 1683 λέγοι
3396 1614 3492 1665 καὶ
3536 1612 3666 1666 κατ’

2061 1710 2220 1765 ἄλλον
2256 1710 2455 1780 τρόπον
2496 1708 2771 1781 σωτηρίαν
2807 1709 2899 1762 τὸν
2952 1707 3106 1771 Θεὸν,
3143 1708 3218 1771 ὡς
3271 1704 3667 1778 ἀναρπάζοντα

2062 1804 2171 1857 ἀπὸ
2205 1802 2316 1855 τῶν
2354 1799 2613 1871 χειρόνων
2667 1798 2736 1851 τά
2776 1800 2971 1863 πάντα,
3029 1800 3268 1871 (χείρονα
3303 1798 3358 1851 δέ
3416 1815 3557 1869 φησι
3590 1800 3664 1852 τὰ

2059 1896 2157 1967 τῆς
2198 1894 2414 1965 φύσεως
2453 1892 2685 1947 ἑκάστου
2726 1892 2982 1962 ἀλλότρια
3022 1893 3114 1946 καὶ
3150 1892 3365 1957 ἀνάξια,
3392 1892 3426 1959 ἢ
3450 1891 3663 1962 μᾶλλον

2058 1988 2157 2058 τὴν
2195 1986 2329 2058 ὓλην
2367 1987 2537 2057 αὐτὴν
2575 1985 2673 2056 τὴν
2710 1984 3024 2055 ἀνείδεον·)
3062 1985 3157 2037 καὶ
3192 1984 3376 2037 τοῦτον
3414 1986 3490 2047 ὡς
3512 1983 3663 2035 θεῖον

2059 2077 2431 2149 ἀποδεξόμεθα
2468 2078 2732 2149 ὑμνῳδόν.
2793 2077 3013 2148 Ταύτην
3066 2076 3177 2147 γὰρ
3234 2080 3513 2147 σωτηρίαν
3550 2074 3665 2125 τῶν

2057 2170 2195 2224 ὅλων
2251 2168 2558 2242 ἀξιώσομεν
2614 2166 2751 2223 εἶναι
2804 2170 2903 2241 τὴν
2956 2167 3027 2222 τά
3082 2170 3260 2222 πάντα
3297 2168 3665 2239 ἀμετάϐλητα

2057 2265 2150 2316 καὶ
2190 2264 2404 2334 ἀρρεπῆ
2445 2263 2582 2334 πρὸς
2616 2263 2685 2316 τά
2723 2262 2890 2333 χείρω
2927 2260 3318 2325 διασώζουσαν,
3341 2263 3439 2315 καὶ
3472 2263 3663 2314 πᾶσαν

2057 2353 2349 2424 ἀνισότητα
2392 2353 2484 2407 καὶ
2521 2350 3004 2422 ἀλλοτριοπραξίαν
3042 2348 3414 2421 ὲξορίζουσαν,
3437 2349 3540 2402 καὶ
3560 2350 3665 2413 τὰς

2055 2446 2287 2499 ἑκάστου
2342 2444 2630 2514 ἀναλογίας
2671 2445 3108 2498 συνιστάνουσαν.
3167 2445 3229 2497 Ei
3265 2443 3374 2513 γὰρ
3411 2442 3664 2511 ἐκλείψει

2053 2538 2111 2591 τὸ
2147 2538 2311 2609 ὑγρὸν
2353 2540 2416 2592 ἐκ
2451 2537 2547 2591 τοῦ
2603 2537 2813 2601 ὓδατος,
2869 2538 2969 2607 οὐχ
3023 2535 3169 2607 ὕδωρ
3220 2534 3406 2587 ἔσται·
3467 2537 3519 2585 εἰ
3566 2538 3665 2586 ἐπὶ

2056 2633 2216 2687 πλέον
2271 2632 2657 2702 ἐγγενήσεται,
2713 2630 2843 2684 ἀλλο
2894 2648 2945 2683 τι
3002 2631 3321 2700 γενήσεται’
3378 2626 3504 2680 ἐπεὶ
3565 2627 3665 2679 καὶ

2053 2722 2426 2793 ἀπολύτρωσις
2461 2720 2677 2791 λεχθείη
2726 2721 2761 2790 ἡ
2797 2720 3021 2791 τοιαύτη
3076 2718 3339 2789 σωτηρία,
3399 2719 3483 2770 ὅτι
3525 2719 3667 2771 ἀπο-

2053 2821 2476 2892 λυτροῦνταιτά
2531 2822 2815 2893 σωζόμενα
2864 2822 2964 2893 τῆς
3016 2821 3125 2873 τῶν
3171 2821 3385 2874 οἰκείων
3424 2819 3663 2887 ἀγαθῶν

2052 2913 2461 2979 ἀποπτώσεως,
2522 2916 2614 2967 καὶ
2668 2914 2771 2966 οὐκ
2829 2912 3025 2966 ὲῶνται
3067 2912 3204 2983 πρὸς
3257 2912 3318 2963 τὸ
3375 2910 3450 2981 μὴ
3510 2908 3661 2965 εἶναι

2052 3006 2357 3060 διαπεσεῖν
2401 3008 2493 3060 καὶ
2525 3008 2629 3070 ὅτι,
2671 3007 2725 3060 εί
2756 3024 2808 3059 τι
2848 3006 2983 3076 πρὸς
3033 3005 3099 3058 τὸ
3153 3004 3467 3075 πλημμελὲς
3514 3006 3666 3058 ἀπο-

372 3096 607 3152 ηἰιιίιυιη
668 3096 838 3166 redigi
886 3096 1313 3166 permittuntur;
1358 3108 1414 3153 et
1459 3099 1503 3153 si
1562 3101 1689 3169 quid
1723 3103 1790 3157 ad
1825 3118 1952 3174 pec-

2060 3099 2305 3169 σφαλείη,
2362 3098 2455 3151 τοῦ
2529 3098 2771 3151 τοιούτου
2827 3098 3031 3162 πάθους
3082 3096 3475 3167 ἀπολυτροῦται
3550 3116 3666 3149 πα-

370 3200 559 3244 eatum
602 3188 877 3254 deﬂectat,
923 3191 1038 3245 haec
1083 3191 1151 3245 ab
1211 3190 1519 3246 istiusmodi
1559 3191 1847 3251 all'ectione
1888 3198 1955 3251 li-

370 3282 531 3338 berat
566 3292 799 3352 paterne
837 3282 1178 3348 suﬂ'nlciens,
1236 3283 1952 3354 bonumque'resuscitans,

368 3374 615 3444 quinimo
634 3374 823 3439 etiam,
863 3384 1155 3443 antequam
1180 3374 1233 3429 in
1261 3373 1465 3428 malum
1488 3376 1712 3442 incidat,
1736 3379 1789 3432 in
1812 3378 1954 3435 bono

368 3465 621 3529 ﬁrmans,
643 3473 698 3520 et
720 3464 993 3520 defectum
1034 3464 1285 3535 implens,
1310 3476 1364 3521 et
1400 3467 1469 3521 ab
1507 3467 1762 3525 omnibus
1798 3471 1954 3526 noxis

368 3556 674 3612 absolvens.

440 3647 556 3704 Hoc
592 3647 815 3718 quidem
856 3647 923 3703 de
976 3646 1063 3703 bis
1102 3646 1304 3702 dictum
1363 3663 1429 3704 ac
1468 3649 1534 3705 de
1585 3651 1820 3722 justitia,
1863 3669 1953 3709 se—

368 3743 607 3795 cundum
644 3754 806 3809 quam
847 3741 1034 3811 utique
1065 3742 1333 3811 justitiam
1374 3745 1622 3799 omnium
1665 3747 1951 3815 aequalitas

367 3842 718 3887 mensuratur
754 3848 819 3888 ac
876 3834 1173 3900 definitur;
1233 3837 1525 3906 omnisque
1585 3838 1950 3909 inaequalitas,

367 3938 490 3995 quae
525 3926 823 3981 secundum
884 3927 1244 3994 privationem
1304 3929 1637 3999 :eqnalitatis
1693 3936 1949 3994 sumitur,

367 4014 791 4069 exterminatur.
832 4015 1073 4071 Observa
1131 4024 1333 4083 autem,
1375 4018 1551 4088 qualis
1613 4020 1952 4089 inzequalitas

365 4106 710 4173 oliminetur,
760 4108 972 4163 scilicet
1018 4125 1141 4179 qua:
1199 4122 1283 4168 est
1337 4115 1637 4167 secundum
1694 4114 1954 4184 privatio-

367 4215 494 4255 nem
530 4200 861 4271 aequalitatis
896 4218 911 4253 :
949 4210 1036 4256 est
1086 4203 1231 4257 enim
1275 4204 1617 4275 inaequalitas
1654 4207 1843 4273 etiam,
1896 4208 1949 4262 in

365 4292 515 4346 omni
555 4301 669 4348 toto
704 4293 770 4348 ad
812 4303 987 4350 totum
1048 4295 1375 4361 differentia,
1429 4299 1729 4351 secundum
1786 4314 1948 4369 quam

365 4384 636 4455 quidlibet
672 4400 702 4439 a
736 4386 987 4455 quolibet
1025 4387 1229 4443 differt.
1272 4387 1460 4443 Talem
1485 4389 1671 4458 itaque
1710 4390 1950 4460 inaequa-

2056 3192 2259 3264 τρικῶς
2316 3192 2749 3262 ὑπεριδρύουσα,
2806 3192 2902 3245 καὶ
2953 3191 3047 3244 τοῦ
3104 3190 3272 3243 καλοῦ
3327 3190 3663 3255 ἀνιστῶσα,

2060 3288 2258 3360 μᾶλλον
2296 3286 2352 3339 δὲ
2389 3285 2483 3339 καὶ
2518 3285 2623 3357 πρὸ
2660 3284 2753 3337 τοῦ
2810 3286 2995 3337 πεσεῖν
3033 3284 3113 3346 είς
3150 3281 3212 3333 τὸ
3247 3284 3427 3353 χεῖρον
3464 3284 3533 3334 ὲν
3577 3284 3662 3353 τῷ

2058 3379 2207 3450 καλῷ
2242 3378 2517 3450 ίδρύουσα,
2560 3377 2653 3429 καὶ
2688 3376 2748 3428 τὸ
2789 3375 3060 3445 ὑπεκρυὲν
3098 3373 3513 3445 ἀναπληροῦσα,
3562 3376 3664 3428 καὶ

2057 3473 2275 3527 πάντων
2294 3469 2405 3523 τῶν
2428 3468 2638 3539 βλαϐῶν
2677 3466 3005 3520 ἀπολύουσα.

2141 3651 2297 3704 Ἀλλά
2339 3651 2467 3721 περί
2508 3648 2605 3720 μὲν
2638 3647 2845 3700 τούτων
2882 3646 3093 3716 καὶτῆς
3129 3644 3472 3715 δικαιοσύνης
3494 3646 3667 3719 εἰρησ-

2054 3764 2177 3809 ται,
2218 3744 2339 3798 καθ’
2359 3742 2427 3814 ἢν
2460 3742 2527 3813 δὴ
2562 3741 2910 3811 δικαιοσύνην
2964 3742 2996 3810 ή
3050 3741 3267 3793 πάντων
3324 3740 3515 3811 ἰσότης
3559 3759 3665 3811 με·

2053 3838 2261 3906 τρεῖται
2300 3832 2709 3905 καὶηόρίζεται,
2767 3831 2860 3885 καί⁵
2917 3833 3065 3884 πᾶσα
3120 3831 3374 3901 ἀνισότης
3431 3833 3464 3900 ἡ
3503 3835 3661 3887 κατὰ

2052 3928 2149 3999 τὴν
2188 3927 2441 3998 στέρησιν
2476 3926 2577 3995 τῆς
2618 3924 2860 3994 ἰσότητος
2901 3922 3222 3994 ἐξορίζεται.
3250 3924 3391 3993 Ὅρα
3411 3922 3489 3984 δὲ,
3515 3926 3660 3978 ποία

2053 4021 2307 4091 ἀνισότης
2348 4019 2671 4091 ὲξορίζεται,
2710 4016 2949 4088 δηλονότι
2987 4018 3021 4087 ή
3070 4017 3208 4069 κατά
3247 4016 3508 4087 στέρησιν
3549 4020 3657 4088 τῆς

2056 4114 2331 4185 ίσότητος·
2371 4112 2486 4165 ἔστι
2525 4110 2636 4183 γὰρ
2669 4110 2927 4180 ἀνισότης
2949 4111 3043 4162 καὶ
3077 4110 3111 4180 ἡ
3148 4109 3209 4160 ὲν
3248 4109 3326 4179 τῷ
3348 4110 3515 4162 παντὶ
3539 4111 3657 4163 τῶν

2050 4204 2187 4258 ὅλων
2210 4204 2346 4275 πρὸς
2397 4203 2493 4257 ὅλα
2536 4202 2789 4272 διαφορὰ,
2837 4201 2958 4255 καθ’
2987 4202 3053 4271 ἣν
3110 4200 3358 4271 διαφέρει
3408 4201 3659 4256 ἕκαστον

2051 4295 2302 4348 ἑκάστου.
2342 4293 2452 4365 Τὴν
2480 4293 2612 4362 γοῦν
2662 4292 2917 4361 τοιαύτην
2967 4291 3259 4361 ἀνισότητα
3305 4292 3337 4361 ή
3383 4291 3479 4343 τοῦ
3506 4291 3655 4345 Θεοῦ

2050 4385 2366 4455 δικαιοσύνη
2410 4387 2656 4457 φρουρεῖ,
2680 4386 2773 4437 καὶ
2815 4384 2915 4435 οὐκ
2946 4380 3199 4452 ὲξορίζει’
3228 4382 3288 4433 ού
3315 4382 3425 4452 γάρ
3452 4384 3654 4447 ἁπλῶς

366 4474 581 4530 litatem
622 4476 805 4531 divina
838 4480 1054 4549 justitia
1093 4478 1435 4544 custodit,et
1460 4494 1565 4535 non
1587 4486 1941 4547 exterminat;

2060 4479 2146 4551 τὴν
2176 4480 2467 4549 ἀνισότητα
2493 4478 2832 4550 ὲξορίζεσθαί
2880 4494 3063 4547 φησιν,
3094 4475 3230 4528 ἀλλά
3274 4474 3372 4546 τὴν
3425 4478 3485 4529 ὲν
3532 4481 3654 4542 τοῖς

368 4586 476 4626 non
515 4572 660 4625 enim
713 4572 1040 4643 simpliciter
1088 4572 1510 4640 inmqualitatem
1567 4574 1949 4641 exterminari,

368 4665 466 4719 sed
506 4679 624 4719 eam
653 4680 785 4735 quae
826 4666 880 4720 in
920 4665 1151 4736 singulis
1184 4666 1389 4731 existit,
1432 4666 1483 4720 id
1523 4677 1610 4722 est
1644 4670 1947 4721 secundum

368 4769 533 4826 quam
573 4756 852 4825 quodlibet
891 4773 1080 4813 eorum
1122 4773 1242 4827 quae
1263 4768 1412 4821 sunt.
1460 4758 1607 4812 haud
1643 4759 1945 4828 aequaliter,

368 4861 548 4914 neque
587 4847 843 4901 similiter
879 4847 934 4902 in
995 4848 1229 4902 naturali
1292 4849 1578 4903 identitate
1614 4847 1947 4912 consistunt,

368 4951 691 5009 permanere
742 4938 898 4994 dicit.
955 4938 1090 4994 Cum
1144 4955 1273 4993 vero
1328 4940 1496 4995 sciret
1557 4940 1696 4993 duos
1736 4941 1946 5005 modos,

367 5033 670 5087 secundum
706 5047 844 5102 quos
882 5034 1227 5104 inaequalitas
1266 5034 1487 5097 dicitur,
1546 5034 1684 5087 duos
1702 5034 1947 5102 exponit,

366 5135 423 5179 et
459 5125 559 5188 ait,
600 5123 768 5178 Deum
808 5133 1036 5180 eatenus
1079 5126 1504 5194 dicijustitiam,
1542 5134 1813 5195 quatenus
1832 5141 1950 5180 om-

366 5233 495 5274 nem
536 5216 908 5287 aequalitatem
950 5230 1258 5286 mensurat,
1298 5230 1353 5275 et
1390 5220 1691 5290 quamlibet
1713 5218 1950 5287 ina’qua-

366 5312 575 5369 litatem
622 5314 974 5368 exterminat.
1032 5314 1461 5385 Inaequalitatem
1519 5330 1653 5370 vero
1690 5314 1949 5385 intelligit

366 5420 488 5458 eam
526 5420 645 5477 qua:
681 5420 782 5474 per
834 5407 1197 5474 privationem
1263 5409 1593 5477 mqiialitatis
1630 5408 1849 5471 accidit,
1895 5406 1947 5460 id

368 5506 454 5551 est
492 5497 934 5553 redundantiam.
977 5499 1231 5554 Alterum
1270 5515 1487 5570 quoque
1526 5502 1746 5554 modum
1786 5496 1946 5551 affert

367 5589 766 5660 inmqualitatis
812 5611 826 5646 :
869 5593 1021 5647 novit
1057 5593 1227 5659 enim,
1284 5593 1518 5662 aliquos,
1579 5591 1945 5659 intelligibiles

369 5690 426 5735 et
461 5680 813 5752 incorporeas
852 5684 1059 5740 formas
1096 5695 1152 5739 et
1191 5685 1450 5749 unitates,
1494 5684 1598 5739 hoc
1629 5692 1711 5738 est
1730 5682 1946 5751 simpli-

372 5784 464 5828 ces
502 5771 856 5840 substantias,
896 5776 1261 5847 mqualitatem
1300 5786 1354 5833 et
1394 5777 1736 5834 identitatem
1772 5773 1944 5830 nomi-

2054 4572 2177 4626 καθ’
2204 4572 2453 4634 ἕκαστον,
2501 4571 2746 4624 τουτέστι
2774 4569 2835 4622 τὸ
2863 4568 2937 4640 μὴ
2970 4568 3099 4632 ἴσως
3150 4568 3245 4622 καὶ
3279 4568 3485 4638 ὁμοίως
3509 4570 3650 4625 ἔκα-

2057 4682 2177 4719 στον
2206 4665 2313 4718 τῶν
2342 4666 2639 4734 γεγονότων
2695 4666 2754 4716 ὲν
2800 4663 3090 4732 ταύτότητι
3149 4664 3215 4732 τῇ
3267 4660 3412 4714 κατά
3456 4662 3647 4731 φύσιν,

2051 4757 2345 4827 διαμένειν.
2395 4756 2497 4809 Δύο
2522 4756 2576 4808 δὲ
2610 4756 2845 4826 τρόπους
2872 4752 2992 4807 καθ’
3015 4752 3109 4816 οὓς
3140 4752 3396 4823 ἀνισότης
3422 4752 3648 4821 λέγεται

2053 4849 2230 4915 εἰδὼς,
2256 4851 2381 4913 τοὺς
2406 4848 2498 4901 δύο
2516 4849 2811 4917 διατρανοῖ,
2844 4846 2935 4899 καί
2965 4862 3152 4915 φησιν,
3174 4847 3257 4897 ὅτι
3305 4846 3455 4898 κατά
3483 4846 3647 4899 τοῦτο

2050 4940 2361 5011 δικαιοσύνη
2409 4938 2624 5007 λέγεται
2664 4941 2693 4992 ὁ
2738 4938 2889 5001 Θεὸς,
2943 4936 3076 4990 καθὸ
3125 4936 3220 4988 καὶ
3260 4936 3362 5006 τὴν
3421 4938 3647 5007 ἰσότητα

2050 5032 2161 5086 τῶν
2226 5034 2443 5087 πάντων
2498 5032 2803 5102 ὲπιμετρεῖ,
2864 5030 2960 5083 καὶ
3012 5029 3111 5099 τὴν
3168 5028 3464 5096 ἀνισότητα
3523 5029 3644 5091 ἐτὸς

2050 5122 2280 5177 ἑκάστου
2334 5122 2583 5195 ἐξορίζει.
2666 5122 2979 5192 Ἀνισότητα
3036 5119 3091 5172 δὲ
3157 5118 3306 5186 λέγει
3360 5118 3461 5189 τὴν
3497 5118 3643 5170 κατὰ

2053 5216 2308 5288 στέρησιν
2343 5215 2444 5285 τῆς
2497 5214 2741 5283 ίσότητος
2783 5211 3209 5282 συμϐαίνουσαν,
3239 5209 3490 5262 τουτέστι
3538 5209 3640 5278 τὴν

2050 5307 2379 5371 πλεονεξίαν.
2429 5305 2710 5376 Ἐπιφέρει
2766 5303 2822 5356 δὲ
2888 5304 2983 5355 καὶ
3054 5302 3145 5354 τὸν
3195 5301 3385 5371 ἕτερον
3436 5301 3641 5373 τρόπον

2048 5401 2146 5471 τῆς
2185 5400 2529 5469 ἀνισότητοςο
2580 5398 2673 5451 καὶ
2715 5396 2825 5466 γὰρ
2870 5391 2979 5447 οἵδέ
3021 5411 3175 5456 τινας
3228 5392 3297 5445 τά
3342 5393 3441 5463 μὲν
3474 5392 3638 5461 νοητά

2050 5493 2145 5545 καὶ
2190 5491 2456 5563 ἀσώματα
2494 5489 2631 5559 εἴδη,
2694 5489 2788 5541 καὶ
2851 5488 2952 5550 τὰς
2992 5484 3207 5547 ὲνάδας,
3254 5484 3505 5536 τουτέστι
3539 5481 3639 5544 τὰς

2052 5587 2228 5649 ἁπλᾶς
2267 5587 2474 5649 οὐσίας,
2517 5584 2739 5653 ἰσότητα
2769 5581 2863 5635 καὶ
2898 5580 3205 5649 ταύτότητα
3238 5577 3635 5648 ὀνομάσαντας·

2047 5680 2115 5732 τὰ
2148 5679 2205 5733 δὲ
2236 5679 2492 5751 αἰσθητὰ,
2545 5678 2581 5730 ἃ.
2620 5677 2714 5730 καὶ
2784 5673 3019 5745 μεριστά
3070 5676 3177 5726 εἰσι
3223 5673 3317 5725 καὶ
3368 5673 3428 5724 ἐν
3474 5687 3639 5741 μετα-

2050 5773 2175 5843 ϐολῇ
2218 5772 2309 5825 καὶ
2352 5770 2580 5841 διαφορᾷ
2618 5768 2755 5839 πρὸς
2791 5764 3013 5837 ἄλληλα,
3054 5764 3348 5833 ἀνισότητα
3388 5763 3485 5816 καὶ
3524 5761 3637 5813 ἐτε-
