3866 6232
242 353 347 409 909
1338 355 1427 411 DE
1463 352 1718 413 DIVIN‘IS
1750 358 2143 425 NOMINIBUS,
2176 360 2325 415 CAP.
2366 360 2455 417 IX.

3403 366 3507 423 9l0

243 469 467 541 ρότητα.
537 468 697 537 Λέγει
752 463 885 532 οὖν,
950 469 1054 523 κᾶν
1108 470 1313 541 ταύτην
1365 472 1463 543 τὴν
1528 474 1792 544 ἀνισότητι

1924 490 2113 542 nasse;
2155 475 2379 531 sensilia
2420 489 2551 529 vero
2588 491 2709 544 quae
2757 478 2922 532 etiam
2948 479 3239 535 divisibilia
3282 488 3410 534 sunt
3447 491 3503 535 et

239 557 455 629 νοήσειέ
489 574 574 621 τις
619 558 717 630 τὴν
766 559 1029 631 διαφορὰν
1094 559 1203 612 τῶν
1241 561 1533 631 αἰσθητῶν,
1586 561 1697 615 ἀλλ’
1729 558 1787 614 οὗ

1923 568 2225 631 mutabilia,
2264 578 2319 623 et
2372 569 2439 623 ab
2495 568 2725 623 invicem
2785 571 3023 638 diversa,
3069 574 3495 644 inaequalitatem

236 650 334 702 xui
368 649 572 721 ταύτης
599 651 696 722 τῆς
729 652 1043 723 ἀνισότητος
1082 654 1111 705 ὁ
1147 652 1277 716 Θεὸς
1316 655 1549 725 φρουρός
1584 656 1720 719 ἐστι,
1746 672 1792 723 με

1922 667 1979 715 et
2029 659 2425 715 diversitatem.
2480 661 2621 715 Dicit
2678 660 2890 731 itaque,
2948 665 3053 719 etsi
3109 666 3304 736 aliquis
3361 667 3502 721 hanc

235 742 345 796 ἐῶν
372 743 439 797 τὲ
492 745 709 798 ἐναντία
764 747 845 809 εἰς
904 745 963 798 ἓν
1019 744 1374 816 συναχθῆναι,
1432 747 1527 800 xui
1580 746 1667 798 διὰ
1724 746 1790 815 τῆ

1923 750 2353 821 inaequalitatem
2391 753 2721 809 intellexerit
2779 755 3140 813 dili‘erentiam
3179 761 3491 823 sensilium,

234 835 453 904 φύσεως
490 838 571 900 εἰς
612 836 818 909 φθορὰν
856 836 1063 890 ἐλθεῖν·
1123 837 1199 901 ὼς
1254 836 1362 908 γάρ
1429 838 1716 908 παρήγαγε
1753 855 1792 891 τ.

1927 841 2277 897 nihilominus
2330 842 2495 897 etiam
2571 843 2737 897 Deum
2810 844 3039 914 hujusce
3113 848 3497 917 inmqualitatis

232 927 434 993 πάντα,
474 929 617 982 οὕτω
656 932 913 1002 συντηρεῐ
952 928 1114 993 αὑτά,
1154 928 1230 992 ὡς
1268 929 1361 983 καί
1390 931 1494 983 εἰσι
1526 930 1619 983 xui
1654 929 1729 995 ὼς
1764 932 1789 984 ὲ

1928 933 2206 989 custodem
2245 934 2502 1000 existere,
2548 938 2671 990 dum
2729 952 2837 991 non
2892 939 3161 1007 permittit
3216 943 3498 996 contraria

232 1020 412 1090 ἀρχῆς
439 1021 704 1089 ἐγένοντο.

1925 1023 1984 1078 in
2021 1040 2185 1079 unum
2228 1026 2590 1091 commisceri,
2631 1035 2689 1082 et
2743 1030 3067 1087 naturaliter
3098 1032 3151 1085 in
3188 1035 3499 1104 corruptio-

233 1129 358 1169 nem
394 1115 683 1179 devenire;
760 1122 821 1169 ut
857 1116 1001 1171 enim
1038 1114 1216 1170 omnia
1239 1113 1515 1185 produxit,
1539 1113 1616 1169 sic
1638 1113 1801 1168 etiam
1842 1114 1958 1185 ipsa
1997 1127 2305 1183 conservat,
2347 1126 2404 1173 ut
2442 1127 2498 1172 et
2534 1119 2642 1173 sint
2681 1120 2822 1177 sicut
2860 1122 2912 1176 in
2952 1123 3219 1192 principio
3256 1124 3495 1179 fuerunt.

261 1275 3475 1305 _______.____.__.________________._____.__________

2284 1357 2447 1429 485
2484 1377 2866 1467 CAPU'I‘
2944 1380 3118 1469 IX.

1934 1518 2013 1573 De
2060 1536 2273 1592 magno,
2312 1541 2497 1593 part-0,
2546 1525 2760 1591 eodem,
2796 1526 2927 1599 alio,
2971 1528 3171 1596 simili,
3216 1532 3490 1599 dissimili,

2337 1606 2503 1663 statu,
2535 1607 2702 1664 motu,
2733 1596 3055 1667 wqualitate.

616 1366 1263 1453 ΚΕΦΑΛΑΙΟΝ
1292 1365 1417 1456 Θ’.

225 1512 693 1585 Περίμετὰλου,
735 1514 984 1585 μικροῦ,
1027 1514 1266 1585 ταύτοῦ,
1321 1514 1547 1583 ἐτέρου,
1583 1515 1811 1585 ὁμοίου,

368 1584 676 1654 ἀνομοίου,
701 1584 994 1652 στάσεως,
1027 1584 1339 1653 κινήσεως,
1372 1584 1665 1655 ἰσότητος.

1511 1735 1849 1793 SYNOPSIS
1881 1737 2172 1796 CAPITIS.

219 1846 267 1903 l.
302 1850 464 1915 Dicit,
496 1851 661 1907 Deum
684 1854 738 1907 in
759 1854 1071 1931 §cripturis
1103 1854 1280 1907 vocari
1320 1869 1856 1931 maguum,_parvum,
1882 1857 2141 1931 eumdem.
2174 1859 2359 1931 alium,
2391 1868 2495 1915 etc.
2526 1860 2588 1931 ll,
2624 1860 2893 1931 Explicat,
2916 1880 3018 1931 quo
3042 1880 3196 1917 sensu
3235 1863 3371 1918 Deus
3399 1865 3485 1918 di-

300 1932 459 2002 catur
481 1941 725 2002 magnus.
758 1924 995 2002 I_ll._Qt_to
1030 1940 1183 2002 sensu
1205 1940 1420 2002 parvus.
1450 1924 1692 2002 IV_.._Quo
1715 1943 1871 1981 sensu
1896 1928 2056 2002 idem.
2081 1928 2145 1982 V.
2180 1927 2296 2002 Quo
2326 1945 2482 2002 sensu
2502 1929 2677 1994 aliud,
2703 1924 2750 1985 et
2783 1924 3045 2002 quomodo
3081 1935 3387 2002 accipienda
3418 1936 3486 1988 sit

298 1994 354 2046 in
393 1992 505 2047 Deo
533 1995 831 2061 longitudo,
855 1995 1106 2057 latitudo,
1130 1993 1470 2064 profundum.
1504 1994 1588 2049 Vl.
1622 1995 1739 2060 Quo
1764 2013 1923 2051 sensu
1948 1998 2161 2050 dicatur
2186 1998 2324 2052 Deus
2349 2001 2561 2064 similis,
2595 1992 2711 2053 cum
2744 1992 2919 2056 ta'men
2945 1992 3229 2056 causarum
3262 2005 3332 2057 ad
3364 2005 3489 2064 elle-

293 2071 409 2116 ctus
442 2080 547 2118 non
577 2066 645 2117 sit
668 2066 881 2134 praprie
912 2064 1223 2117 similitudo.
1265 2063 1373 2135 νη.
1404 2063 1520 2130 Quo
1550 2081 1703 2119 sensu
1738 2068 1948 2120 dicatur
1972 2069 2270 2123 dissimilis.
2297 2068 2427 2124 Vill.
2452 2063 2566 2135 Quo
2590 2087 2745 2124 sensu
2765 2082 2904 2125 stare
2928 2073 3002 2127 vel
3022 2074 3222 2128 sedere.
3251 2073 3345 2129 IX.
3368 2063 3485 2135 Q'uo

292 2150 450 2188 sensu
475 2136 688 2189 dicatur
713 2133 929 2201 maceri,
958 2145 1005 2188 et
1034 2135 1295 2205 quomodo
1318 2133 1430 2189 Deo
1455 2138 1724 2191 conveniat
1746 2136 1938 2207 triplex
1966 2148 2158 2192 motus.
2201 2138 2265 2192 Χ.
2291 2136 2407 2203 Quo
2436 2133 2588 2195 sensu
2612 2141 2815 2196 dicatur
2836 2142 3074 2212 wqualis.

1772 2296 1889 2370 ιι.

302 2438 520 2510 Ἐπειδὴ
552 2436 609 2491 δὲ
640 2437 735 2492 xui
778 2438 839 2491 τὸ
883 2438 1025 2509 μέγα
1056 2438 1151 2492 xui
1185 2437 1247 2491 τὸ
1286 2436 1479 2509 μικρὸν
1524 2436 1792 2490 ἀνατέθει-

1978 2438 2240 2505 Quoniam
2275 2454 2405 2494 vero
2444 2438 2607 2493 etiam
2659 2455 2912 2510 magnum
2942 2449 2997 2498 et
3044 2456 3273 2512 parvum
3320 2447 3480 2501 attri-

220 2548 307 2584 ται
338 2531 380 2561 ⁶¹
421 2528 501 2598 τῷ
548 2528 762 2582 πάντων
803 2528 977 2598 αἰτίῳ,
1012 2529 1105 2582 xui
1134 2528 1198 2580 τὸ
1240 2527 1435 2581 ταὺτὸν
1463 2527 1556 2579 xui
1586 2526 1648 2579 τὸ
1687 2528 1792 2580 ἓτε-

1908 2531 2093 2585 buitur
2115 2530 2355 2583 omnium
2391 2529 2623 2594 auctori,
2651 2539 2706 2585 et
2741 2531 2882 2585 idem
2915 2540 2967 2585 et
3006 2531 3174 2596 aliud,
3208 2541 3262 2587 et
3296 2535 3478 2589 simile

214 2639 334 2694 ρον,
360 2622 455 2676 xui
482 2621 545 2673 τὸ
578 2622 763 2692 ὅμοιον
792 2623 885 2674 xui
912 2620 973 2673 τὸ
1001 2620 1273 2692 ἀνόμοιον,
1298 2620 1392 2673 xui
1424 2620 1457 2691 ὴ
1489 2619 1676 2683 στάσις
1708 2620 1792 2672 xui

1900 2633 1953 2675 et
1996 2621 2296 2688 dissimile,
2333 2630 2389 2675 et
2428 2630 2605 2676 status
2635 2630 2691 2677 et
2728 2632 2939 2688 motus,
2989 2626 3217 2694 agedum
3266 2639 3481 2696 quoque

216 2719 247 2787 ἡ
286 2716 521 2785 κίνησις,
556 2714 686 2785 φέρε
719 2715 810 2768 xui
840 2714 1042 2767 τούτων
1067 2713 1176 2766 τῶν
1210 2711 1524 2783 θεωνυμιῶν
1550 2713 1594 2744 ⁶²
1632 2712 1792 2780 ἀγαλ-

1902 2714 2017 2767 baac
2039 2712 2345 2766 divinorum
2373 2716 2653 2767 nominum
2679 2713 2994 2780 simulacra,
3019 2725 3287 2785 quatenus
3318 2718 3476 2773 nobis

210 2807 427 2879 μάτων,
462 2807 564 2859 ὃσα
608 2809 739 2877 ἡμῖν
783 2807 1022 2877 ἐμφανῆ,
1057 2806 1439 2877 θεωρήσωμεν.
1476 2805 1665 2873 Μέγας
1700 2805 1792 2876 μὲν

1901 2812 2111 2873 patent,
2156 2805 2491 2859 intueamur.
2532 2804 2757 2873 Magnus
2795 2806 3013 2874 quidem
3050 2806 3192 2863 Deus
3231 2810 3285 2862 in
3319 2807 3476 2865 Scri-
3554 2850 3555 2853 η

204 2892 307 2949 οὖν
347 2898 377 2949 ό
407 2895 539 2959 Θεὸς
585 2896 644 2948 ὲν
692 2899 803 2960 τοῖς
848 2896 1047 2965 λογίοις
1082 2897 1349 2967 ὑμνεῖται,
1386 2895 1478 2949 xui
1524 2896 1581 2948 ὲν
1633 2895 1792 2967 μεγέ-

1902 2896 2074 2966 pluris
2106 2897 2379 2963 laudatur,
2409 2905 2463 2949 et
2499 2897 2548 2950 itt
2585 2898 2986 2965 magnitudine,
3019 2909 3076 2953 et
3105 2899 3158 2953 in
3208 2916 3342 2956 aura
3394 2911 3477 2957 te-

210 2989 319 3054 θει,
352 2990 446 3043 καὶ
492 2992 549 3042 ὲν
577 2988 722 3061 αὔρᾳ
764 2989 933 3061 λεπτῇ
967 2990 1065 3060 τὴν
1098 2989 1247 3042 θείαν
1297 2987 1634 3059 ὲμφαινοὺσῃ
1676 3005 1800 3057 σμι-

210 3082 485 3151 κρότητα’
526 3084 620 3135 xui
663 3081 877 3147 ταὺτὸς,
912 3082 1038 3135 ὅταν
1084 3083 1158 3152 φῇ
1200 3079 1269 3133 τά
1312 3079 1484 3148 λόγια,
1534 3078 1618 3133 Σὺ
1659 3077 1727 3131 δὲ
1767 3081 1801 3131 ό

209 3173 400 3239 αὐτὸς
437 3174 522 3227 εί·
566 3173 660 3228 xui
708 3174 927 3245 ἕτερος,
984 3173 1146 3245 ἡνίκα
1193 3172 1268 3235 ὡς
1314 3169 1663 3241 πολὺσχημος
1706 3170 1801 3223 xui

209 3266 497 3335 πολυειδὴς
530 3266 634 3318 ὑπὸ
666 3265 774 3319 τῶν
806 3266 983 3319 αὑτῶν
1035 3266 1228 3335 λογίων
1260 3267 1636 3321 διαπλάττεται
1656 3280 1668 3293 ·
1707 3264 1801 3317 xui

207 3373 415 3433 ὅμοιος,
438 3361 512 3423 ὡς
544 3361 745 3431 ὁμοίων
774 3361 868 3414 xui
888 3359 1200 3431 ὁμοιότητος
1235 3360 1541 3430 ὑποστάτης
1560 3374 1573 3387 ’
1598 3356 1689 3410 xui
1707 3356 1800 3409 άν-

210 3454 396 3525 όμοιος
442 3455 629 3516 πᾶσιν,
662 3452 738 3516 ὡς
786 3454 886 3505 οὑκ
936 3452 1086 3515 ὄντος
1134 3452 1281 3524 αὑτῷ
1326 3451 1420 3504 τοῦ
1452 3450 1666 3522 ὁμοίου·
1705 3447 1799 3502 xui

211 3545 405 3610 ἑστὼς,
441 3546 535 3599 xui
565 3546 838 3616 ἀκίνητος,
876 3544 971 3599 xui
1003 3545 1308 3616 καθήμενος
1342 3546 1421 3608 εἰς
1466 3544 1557 3596 τὸν
1602 3542 1795 3603 αἰῶνα,

204 3637 307 3689 xui
359 3636 707 3707 κινούμενος,
758 3636 833 3700 ὼς
894 3636 988 3689 ἐπὶ
1032 3636 1209 3690 πάντα
1266 3636 1658 3707 πορευόμενος·
1708 3636 1799 3689 καὶ

203 3730 331 3783 ὅσαι
362 3728 518 3783 ἄλλαι
563 3729 787 3793 ταύταις
828 3729 1155 3801 ὀμοδὺναμοι
1185 3728 1478 3801 θεωνυμίαι
1511 3727 1646 3797 πρὸς
1691 3727 1798 3782 τῶν

212 3818 427 3889 Λογίων
461 3818 776 3891 ὑμνοῦνται.

1902 2988 1993 3041 nui
2033 3003 2154 3057 qua:
2188 2988 2427 3042 divinam
2473 2988 2708 3043 insinuet
2750 2989 3109 3057 parvitatem;
3157 2992 3297 3047 idem
3339 3008 3477 3063 quo-

1901 3095 2026 3149 que,
2053 3090 2110 3134 ut
2140 3080 2193 3134 iu
2237 3080 2329 3135 illo
2365 3079 2778 3148 Scripturarum
2810 3080 2927 3135 loco
2962 3101 2973 3135 :
3012 3080 3089 3134 Tu
3114 3092 3290 3137 autem
3332 3086 3474 3139 idem

1900 3172 2008 3240 ipse
2037 3188 2089 3226 es
2126 3170 2178 3237 1;
2212 3182 2265 3226 et
2295 3171 2434 3225 alius
2479 3187 2544 3226 ac
2592 3172 2869 3237 diversus,
2912 3182 2970 3226 ut
3000 3189 3124 3227 cum
3175 3175 3473 3232 multarum

1901 3266 2197 3334 ﬁgurarum
2224 3278 2288 3319 ac
2320 3262 2617 3317 formarunt
2656 3264 2726 3316 ab
2757 3264 2946 3317 eadem
2992 3264 3275 3335 Scriptura
3324 3268 3477 3339 ﬁngi-

1902 3367 2019 3422 tur;
2053 3366 2106 3411 et
2138 3356 2351 3421 similis,
2383 3364 2442 3409 ut
2474 3356 2734 3410 similium
2776 3371 2841 3409 ac
2874 3356 3250 3412 similitudinis
3282 3361 3474 3414 condi-

1902 3455 2018 3511 tor;
2048 3456 2102 3499 et
2131 3443 2416 3499 dissimilis
2445 3441 2723 3508 omnibus,
2760 3454 2818 3497 ut
2852 3443 2941 3497 cui
2988 3459 3093 3497 non
3139 3448 3208 3499 sit
3239 3446 3469 3513 similis;

1900 3546 2053 3592 stans
2084 3538 2248 3592 etiam
2279 3544 2333 3591 et
2370 3534 2687 3599 immobilis,
2716 3550 2782 3590 ac
2830 3536 3026 3590 sedens
3060 3536 3114 3590 iu
3166 3537 3466 3604 sarculum;

1899 3637 1955 3685 et
1991 3628 2228 3689 mobilis.
2260 3636 2318 3683 ut
2346 3628 2440 3698 qui
2472 3644 2568 3698 per
2598 3628 2782 3683 omnia
2814 3639 3091 3696 penetret;
3124 3638 3179 3683 ct
3213 3643 3472 3698 quaecun-

1898 3737 2005 3794 que
2033 3721 2137 3775 alia
2185 3720 2369 3775 divina
2403 3719 2624 3774 nomina
2678 3719 2761 3774 his
2811 3719 3212 3789 mquipolleutia
3244 3736 3274 3775 a
3320 3720 3472 3775 Scri-

1899 3814 2073 3886 pturis
2104 3813 2474 3869 celebrantur.

1758 3978 1787 4050 θ
1830 3974 1910 4034 ιι.

276 4124 467 4193 Μέγας
504 4122 603 4194 μὲν
634 4116 728 4175 οὖν
752 4123 787 4183 6
819 4120 950 4184 Θεὸς
981 4121 1325 4191 ὀνομάζεται,
1359 4120 1500 4175 κατὰ
1531 4120 1593 4175 τὸ
1639 4120 1783 4183 ἰδίως

1956 4118 2035 4174 Ac
2077 4129 2303 4187 magnus
2348 4113 2569 4186 quidem
2619 4118 2759 4173 Deus
2803 4113 3132 4185 appellatur,
3165 4117 3466 4175 secundum

205 4215 374 4272 αὐτοῦ
423 4216 587 4287 μέγα,
619 4214 682 4267 τὸ
714 4215 847 4267 πᾶσι
888 4215 1000 4277 τοῖς
1035 4212 1287 4283 μεγάλοις
1332 4213 1525 4266 ἑαυτοῦ
1573 4212 1788 4284 μεταδι-

203 4309 353 4371 δοῦν.
388 4310 483 4362 xui
515 4307 714 4369 παντὸς
743 4304 1002 4377 μεγέθους
1038 4303 1234 4368 ἔξωθεν
1266 4304 1661 4376 ὑπερχεόμενον
1693 4303 1787 4357 xui

208 4398 742 4470 ὑπερεκτεινόμενον,
807 4396 986 4449 πάντα
1045 4395 1209 4447 τίπον
1276 4394 1545 4464 περιέχον,
1612 4393 1787 4446 πάντα

208 4488 438 4561 ἀριθμὸν
472 4487 827 4559 ὑπερϐάλλον,
864 4486 1041 4537 πᾶσαν
1084 4484 1336 4555 ἀπειρίαν
1368 4483 1658 4547 διαϐαῖνον,
1694 4484 1787 4537 καὶ

207 4581 351 4634 ιιατά
394 4581 457 4633 τὸ
502 4579 853 4651 ὑπερπλῆρες
898 4576 1062 4630 αὑτοῦ
1109 4577 1203 4629 xui
1258 4577 1647 4648 μεγαλουργὸν,
1692 4576 1786 4629 xui

209 4675 304 4739 τὰς
348 4673 591 4746 πηγαίας
642 4671 807 4725 αὑτοῦ
848 4668 1077 4741 δωρεὰς,
1118 4669 1240 4723 καθ’
1280 4670 1402 4722 ὅσον
1454 4664 1611 4722 αὗται
1652 4667 1787 4739 πρὸς

206 4766 425 4820 πάντων
489 4763 845 4837 μετεχομεναι
907 4762 1049 4815 κατὰ
1108 4760 1473 4831 ἀπειρόδωρον
1520 4759 1565 4791 ⁸³
1610 4758 1784 4829 χύσιν,

204 4865 470 4936 άμείωτοι
519 4858 795 4923 παντελῶς
843 4862 982 4922 εἰσι,
1032 4860 1127 4913 xui
1185 4858 1281 4931 τὴν
1344 4859 1512 4929 αὑτὴν
1574 4858 1787 4929 ἔχουσιν

204 4956 683 5029 ὑπερπληροτητα,
714 4956 809 5008 xui
844 4952 944 5004 οὑκ
977 4949 1321 5003 ἐλαττοῦνται
1353 4950 1473 5010 ταῖς
1510 4950 1782 5018 μετοχαῖς,

203 5051 343 5106 ἀλλὰ
394 5050 491 5104 xui
543 5048 739 5119 μᾶλλον
792 5044 1207 5117 ὑπερϐλύζουσι.
1244 5044 1317 5095 Τὸ
1367 5041 1593 5113 μέγεθος
1629 5042 1785 5093 τοῦτο

203 5144 301 5197 xui
332 5140 556 5212 ἄπειρόν
605 5142 740 5203 ἐστι,
775 5140 869 5192 xui
913 5138 1134 5201 ἄποσον,
1181 5137 1275 5189 xui
1321 5134 1644 5206 ἀνάριθμον·
1690 5133 1785 5186 xui

200 5234 365 5290 τοῦτό
422 5236 569 5286 ὲστιν
617 5233 651 5301 ή
697 5230 966 5301 ὑπεροχὴ,
1030 5226 1169 5282 κατὰ
1233 5227 1331 5298 τὴν
1393 5227 1657 5280 άπόλυτον
1690 5228 1786 5280 xui

200 5325 647 5397 ὑπερτεταμένην
678 5324 777 5394 τῆς
817 5322 1187 5394 άπεριλήπτου
1239 5320 1653 5392 μεγαλειότητος
1692 5319 1788 5389 χὺ-

201 5436 291 5473 σιν
326 5420 392 5472 ⁸⁸.

389 5618 409 5658 1
448 5617 596 5673 Psal.
631 5632 706 5684 cr,
740 5615 831 5671 28.

1889 4210 1990 4267 sibi
2022 4209 2296 4280 prOpriam
2323 4207 2777 4278 magnitudinem,
2810 4222 2934 4277 qua:
2968 4209 3180 4279 magnis
3208 4211 3463 4267 omnibus

1888 4306 1957 4361 de
1980 4318 2038 4359 se
2061 4302 2447 4368 communicat,
2473 4310 2529 4355 et
2556 4300 2703 4355 omni
2732 4301 3094 4372 magnitudini
3119 4303 3464 4358 extrinsecus

1901 4397 2315 4469 superfunditur
2355 4405 2412 4451 et
2461 4396 2974 4464 supraexpanditur,
3026 4404 3200 4449 locum
3244 4411 3463 4452 omnem

1890 4489 2281 4559 complectens,
2331 4501 2551 4540 omnem
2590 4502 2875 4540 numerum
2907 4487 3199 4551 excedens,
3246 4503 3461 4544 omnem

1891 4581 2205 4635 transiliens
2240 4578 2600 4643 inﬁnitatem,
2645 4586 2700 4631 et
2726 4575 2883 4643 juxta
2956 4590 3287 4650 supraquam
3343 4579 3461 4649 ple-

1889 4674 2190 4729 nitudinem
2241 4687 2396 4726 suam
2446 4685 2513 4725 ac
2570 4670 3067 4740 magniﬁcentiam,
3119 4672 3461 4741 fontalesque

1887 4782 2017 4822 suas
2048 4764 2486 4827 distributiones,
2525 4772 2796 4831 quatenus
2833 4761 2916 4816 hae
2964 4763 3217 4816 omnibus
3251 4765 3463 4817 inliuita

1888 4859 2202 4930 profusione
2253 4853 2697 4921 communicatae,
2743 4864 2963 4908 manent
3008 4870 3233 4923 prorsus
3277 4856 3461 4909 immi-

1888 4961 2054 5016 nutae,
2086 4959 2141 5003 et
2185 4947 2430 5003 eamdem
2480 4947 2688 5002 habent
2737 4961 2901 5016 supra
2944 4961 3107 5015 quam
3164 4947 3461 5016 plenitudi-

1892 5057 2038 5107 uem,
2068 5054 2243 5111 neque
2282 5038 2795 5109 participatiouibus
2834 5038 3174 5103 minuuntur,
3214 5039 3460 5107 quinimo

1889 5134 2063 5205 magis
2101 5133 2424 5188 redundant.
2466 5131 2592 5187 Haec
2639 5130 2957 5200 magnitudo
3001 5140 3058 5185 et
3100 5130 3308 5185 inﬁnita
3355 5140 3459 5196 est,

1889 5235 1945 5280 et
2005 5224 2328 5294 quantitatis
2386 5238 2449 5275 ac
2516 5223 2728 5276 numeri
2800 5235 3045 5292 expers:
3096 5232 3151 5275 et
3211 5222 3327 5276 haec
3375 5233 3462 5276 est

1892 5316 2215 5372 excellentia
2243 5315 2539 5370 secundum
2581 5313 2899 5370 eﬂ‘usiouem
2941 5314 3241 5368 absolutam
3273 5326 3329 5369 et
3363 5330 3459 5368 su-

1890 5422 2153 5477 praquam
2240 5416 2524 5463 extensam
2590 5405 3010 5477 magniﬁcentia:
3055 5421 3161 5460 non
3205 5421 3455 5475 compre-

1886 5498 2091 5553 hensze.

1491 5702 1723 5759 VARUE
1761 5702 2169 5762 LECTIONES.

274 5826 316 5860 ⁸⁸
354 5824 686 5895 ἀνατίθεται,
723 5824 781 5880 S.
855 5822 897 5856 ⁶²
931 5816 1281 5891 θεωνυμικῶν
1314 5817 1445 5892 lege.
1474 5891 1488 5899 ⁴
1510 5821 1573 5902 ,⁸³
1605 5820 2053 5896 ἀπειροδύναμον.

2174 5826 2218 5858 ⁸⁵
2254 5825 2430 5899 φύσιν,
2465 5820 2530 5881 Ι).
2571 5823 2630 5880 S.
