3866 6232
433 338 528 394 9H
1611 344 1667 399 S.
1701 342 1999 401 DIONYSII
2036 341 2497 401 AREOPAGITE
3583 348 3666 404 9H

1993 491 2020 563 ς
2060 487 2174 548 1n.

506 670 739 727 Parvum
786 687 915 727 vero
945 672 1059 729 sive
1089 671 1307 739 subtile,
1356 674 1408 729 in
1458 675 1575 745 ipso
1618 674 1838 742 dicitur,
1873 674 2016 745 quod

2194 672 2434 744 Σμικρὸν
2475 672 2533 726 δὲ
2580 673 2698 744 ἦτοι
2744 671 2957 737 λεπτὸν,
3005 672 3092 725 ἐπ’
3138 670 3299 726 αὐτοῦ
3346 673 3572 742 λέγεται,
3617 679 3656 729 τ)

436 780 654 821 omnem
699 765 894 820 molem
919 774 975 820 et
1003 765 1319 821 distantiam
1348 765 1557 838 effugit,
1583 776 1638 822 et
1666 769 1870 837 absque
1909 769 1963 823 in

2136 766 2315 830 ταντὸς
2342 765 2508 834 ὅγκου
2540 766 2634 819 καὶ
2661 766 3025 837 διαστήματος
3053 766 3370 836 ἐκϐεϐηκὸς,
3402 769 3494 820 καὶ
3518 770 3571 821 τὸ
3595 769 3663 823 διὰ

433 858 745 926 pedimento
768 856 938 929 486
966 867 1163 913 cuncta
1196 859 1463 928 pervadit.
1495 860 1657 930 Atqui
1690 861 1855 915 etiam
1896 875 1960 915 on

2136 858 2334 911 τάντων
2374 858 2666 922 ἀκωλύτως
2699 858 2924 929 χωροῦν.
2962 858 3154 911 Καίτοι
3189 858 3283 911 καὶ
3311 860 3525 913 πάντων
3556 878 3663 912 στοι-

434 949 584 1001 nium
610 948 958 1004 elementaris
980 964 1142 1003 causa
1165 960 1247 1004 est
1280 950 1409 1005 illud
1440 967 1695 1020 parvum;
1734 966 1961 1022 nunqua‘

2136 959 2397 1028 εειωτικὸν
2421 960 2465 991 ⁸³
2500 959 2672 1013 αἴτιόν
2714 961 2829 1012 ἐστι
2875 958 2935 1010 τὸ
2981 958 3239 1029 σμικρόν
3286 959 3492 1029 οὐδαμῆ
3509 961 3550 991 “
3577 960 3663 1031 γὰρ

432 1040 577 1091 enim
608 1037 841 1093 formam
878 1040 1026 1109 parvi
1058 1042 1298 1110 reperies
1327 1058 1432 1097 non
1468 1044 1870 1114 participatam.
1917 1044 1956 1099 S

2135 1052 2371 1123 εὑρήσεις
2416 1052 2513 1122 τὴν
2551 1052 2643 1105 τοῦ
2696 1052 2928 1123 σμικροῦ
2982 1051 3126 1104 ἰδέαν
3158 1051 3472 1121 ἀμέθεκτον.
3509 1051 3662 1114 Οὕτως

431 1130 595 1199 igitur
623 1133 676 1186 in
715 1130 829 1186 Deo
852 1132 1221 1200 accipiendum
1256 1145 1340 1188 est
1370 1150 1619 1205 parvum,
1646 1144 1703 1190 ut
1737 1137 1789 1189 in
1826 1152 1952 1191 omn

2134 1139 2210 1197 >ῦν
2229 1144 2320 1196 ἐπὶ
2351 1143 2486 1197 Θεοῦ
2507 1144 2569 1197 τὸ
2603 1144 2831 1216 σμικρὸν
2850 1142 3252 1212 ὲκληπτέον,ὼς
3279 1144 3370 1196 ἐπὶ
3404 1145 3568 1197 πάντα
3587 1144 3661 1195 καὶ

430 1232 485 1278 et
520 1238 615 1293 per
645 1225 828 1279 omnia
859 1227 1110 1296 expedite
1138 1241 1347 1293 means,
1371 1237 1424 1282 et
1454 1242 1706 1297 operatus,
1734 1238 1788 1283 et
1820 1244 1957 1299 perv;

2133 1238 2203 1291 5ιά
2226 1239 2437 1291 πάντων
2458 1238 2862 1308 ἀνεμποδίστως
2878 1238 3106 1310 χωροῦν,
3127 1237 3222 1292 καὶ
3240 1237 3492 1308 ἐνεργοῦν
3509 1238 3546 1267 ⁶⁷
3560 1276 3573 1300 ,
3588 1237 3660 1290 καὶ

430 1318 567 1373 dens
614 1336 778 1390 usque
812 1322 881 1373 ad
931 1321 1239 1375 divisionem
1284 1322 1476 1374 anima:
1504 1328 1555 1373 et
1590 1321 1829 1388 spiritus,
1872 1336 1957 1373 con

2132 1328 2529 1400 ἳιικνούμενον
2549 1330 2686 1397 ἄχρι
2717 1330 3009 1399 μερισμοῦ
3036 1330 3241 1399 ψυχῆς
3269 1345 3333 1381 τε
3381 1328 3479 1382 καί
3508 1328 3659 1379 πνεύ-

427 1427 621 1481 pagum
654 1428 859 1482 quoque
899 1421 946 1466 et
982 1412 1365 1477 medullarum,
1418 1412 1772 1466 discretivum
1807 1426 1954 1465 COHCI

2131 1436 2320 1491 ματος,
2343 1422 2546 1494 ἁρμῶν
2566 1439 2630 1476 τε
2656 1421 2701 1454 ⁸⁸
2726 1420 2822 1473 καί
2840 1420 3100 1490 μυελῶν,
3129 1422 3225 1474 καὶ
3250 1420 3658 1489 κριτικὸνένθυ-

429 1504 819 1573 piscentiarum
856 1516 903 1559 et
930 1507 1307 1576 cogitationum
1340 1505 1515 1560 cordis
1542 1545 1558 1571 ,
1606 1505 1716 1558 imo
1764 1503 1956 1559 omnia

2132 1512 2355 1579 ιήσεων
2383 1513 2481 1566 καὶ
2510 1512 2758 1566 ἐννοιῶν
2783 1513 3046 1581 καρδίας,
3070 1513 3265 1585 μᾶλλον
3296 1514 3355 1566 δὲ
3379 1512 3487 1565 τῶν
3520 1512 3659 1563 ὄντων

428 1612 552 1666 quae
580 1606 735 1664 sunt,
765 1614 867 1651 non
898 1598 1042 1651 enim
1086 1608 1158 1652 est
1184 1607 1424 1651 creatura
1474 1599 1584 1650 ulla
1633 1597 1908 1651 invisibilis
1950 1614 1955 1649 ι

2126 1604 2360 1657 ἱπάντων
2379 1620 2391 1633 ’
2408 1605 2479 1657 οὐ
2492 1604 2599 1674 γάρ
2611 1603 2741 1657 ἐστι
2758 1606 2952 1670 κτίσις
2968 1604 3205 1673 ἀφανὴς
3218 1600 3653 1656 ὲνώπιογαύτοῦ.

428 1699 703 1757 conspectu
729 1691 842 1759 ejus
870 1701 930 1744 ιιι.
961 1689 1073 1744 Hoc
1124 1704 1349 1759 parvum
1396 1697 1480 1743 est
1523 1689 1639 1743 sine
1685 1690 1949 1758 quantitat

2129 1694 2286 1748 Γοῦτο
2317 1694 2377 1747 τὸ
2410 1695 2640 1765 σμικρὸν
2673 1694 2873 1747 ἄποσὸν
2907 1697 3041 1755 ἐστι,
3076 1696 3167 1747 καὶ
3195 1693 3480 1764 ἀπήλικον,
3512 1692 3656 1761 ἀκρα-

424 1779 546 1831 sine
591 1778 883 1847 qualitate,
934 1780 1052 1833 sine
1107 1779 1450 1844 inhibitione,
1496 1778 1794 1841 inﬁnitum,
1834 1778 1941 1831 inci

2131 1786 2225 1849 εὲς,
2280 1785 2524 1857 ἄπειρον,
2561 1785 2827 1856 ἀόριστον,
2872 1784 3258 1855 περιληπτικὸν
3291 1786 3523 1841 πάντων.
3553 1779 3658 1834 αὐτὸ

426 1871 838 1940 cumscriptum,
870 1872 1051 1925 omnia
1081 1871 1572 1942 comprehendens,
1608 1871 1784 1941 ipsum
1818 1884 1948 1925 vero

1081 1871 1572 1942 comprehendens,
1608 1871 1784 1941 ipsum
1818 1884 1948 1925 vero
1976 1883 2006 1923 a
2116 1876 2173 1930 δὲ
2208 1878 2599 1948 ἀπερίληπτον.

425 1958 573 2016 nullo
598 1962 989 2032 comprehendi
1022 1971 1224 2033 potest.

1970 2130 1999 2201 ς
2044 2125 2153 2185 ιν.

494 2292 640 2348 Idem
684 2302 867 2348 autem
901 2293 1075 2364 ipsum
1105 2303 1191 2349 est
1220 2294 1820 2365 supersubstantialiter
1848 2302 2007 2349 mter-

2184 2291 2257 2345 Τὸ
2300 2291 2356 2344 δὲ
2404 2291 2599 2345 ταύτὸν
2645 2290 2983 2362 ὑπερουσίως
3027 2286 3216 2353 ἀΐδιον,
3264 2286 3546 2358 ἄτρεπτον,
3590 2286 3655 2353 ἐφ’

423 2398 578 2449 num,
614 2385 1053 2451 inconvertibile,
1081 2388 1380 2441 secundum
1411 2389 1597 2443 eadem
1624 2388 1677 2442 in
1710 2389 1950 2458 semetip:

2129 2382 2308 2438 ἑαυτοῦ
2366 2384 2544 2455 μένον,
2598 2383 2687 2437 ἀεὶ
2720 2383 2764 2415 ⁸⁸
2798 2381 2938 2435 κατὰ
2982 2381 3049 2435 τὰ
3106 2380 3244 2434 αὐτὰ
3291 2381 3390 2433 καὶ
3434 2378 3656 2439 ὡσαύτως

421 2492 653 2533 manens
692 2492 928 2547 semper,
973 2488 1029 2533 et
1070 2480 1261 2534 eodem
1314 2480 1474 2535 modo
1525 2495 1583 2535 se
1612 2480 1834 2544 habens,
1880 2494 1948 2534 on

2131 2473 2251 2544 Ξχον,
2296 2474 2459 2527 πᾶσιν
2503 2472 2763 2537 ὡσαύτως
2808 2472 3002 2543 παρὸν,
3050 2473 3143 2525 καὶ
3188 2472 3320 2525 αὐτὸ
3364 2470 3482 2524 καθ’
3529 2468 3658 2521 ἑαυτὸ

421 2568 582 2622 nibus
625 2582 778 2636 aeque
806 2582 1064 2637 praesens,
1115 2580 1280 2639 atque
1313 2569 1486 2639 ipsum
1519 2584 1616 2639 per
1648 2584 1704 2623 se
1738 2579 1791 2623 et
1821 2571 1873 2623 in
1917 2583 1948 2624 si

2129 2569 2197 2636 ;φ’
2229 2566 2421 2621 ἑαυτοῦ
2458 2565 2733 2638 σταθερῶς
2780 2566 2872 2619 καὶ
2919 2566 3200 2636 ἀχράντως
3244 2567 3302 2616 ὲν
3346 2565 3461 2625 τοῖς
3504 2561 3656 2614 καλλί-

422 2658 544 2728 ipso
588 2658 817 2714 ﬁrmiter
859 2668 914 2715 el
958 2661 1282 2715 intemerato
1312 2661 1364 2715 in
1396 2661 1780 2732 pulcherrimis
1812 2676 1949 2732 supr:

2127 2676 2253 2722 net;
2286 2659 2481 2730 πέρασι
2513 2658 2611 2729 τῆς
2662 2656 2981 2729 ὑπερουσίου
3026 2655 3350 2724 ταύτότητος
3391 2651 3654 2723 ἱδρυμένον,

421 2750 728 2806 essentialis
769 2767 879 2807 sua:
923 2752 1228 2808 identitalis
1260 2751 1461 2810 ﬁnibus
1496 2753 1754 2817 locatum,
1803 2752 1948 2807 imm:

2127 2751 2500 2823 ιμετάδλητον,
2548 2750 2960 2820 ἀμετάπτωτον,
3007 2746 3264 2818 ἀρρεπὲς,
3312 2744 3654 2802 ἀναλλοίωτον,

423 2844 612 2910 labile,
639 2844 824 2915 lapsus
854 2860 1069 2914 expers,
1121 2860 1469 2915 permanens.
1517 2844 1860 2907 invariabile,
1892 2858 1950 2897 nc

2127 2846 2320 2916 ιμιγὲς,
2369 2844 2550 2909 ᾶῦλον,
2601 2841 2990 2903 ἁπλούστατον,
3044 2839 3378 2911 ἀπροσδεὲς,
3430 2836 3654 2900 ἀναυξὲς,

420 2937 766 3005 permistum,
814 2952 1012 3006 expers
1047 2926 1312 2999 materiae.
1362 2935 1852 3007 simplicissimum,
1886 2950 1947 2990 no

2127 2938 2363 3009 ιμείωτον
2390 2976 2405 3001 ,
2455 2936 2715 3007 ἀγένητον
2744 2975 2759 3001 ,
2800 2936 2898 3005 οὑχ
2939 2934 3012 2998 ὡς
3062 2934 3228 3003 μήπω
3273 2930 3589 3000 γενόμενον,
3629 2926 3654 2994 ἦ

420 3029 690 3098 indigens,
734 3044 841 3085 non
869 3044 1189 3099 augescens,
1228 3044 1335 3085 non
1380 3029 1753 3095 imminutum,
1784 3028 1946 3100 ingen

2127 3030 2437 3093 ιτελείωτον,
2473 3029 2505 3099 ἢ
2541 3028 2647 3082 ὑπὸ
2678 3028 2832 3081 τοῦδε
2885 3028 2917 3098 ἢ
2951 3026 3068 3079 τόδε
3104 3027 3179 3096 μὴ
3233 3024 3537 3093 γενόμενον,
3567 3017 3654 3071 οὐδ’

425 3130 564 3186 ιυιη,
599 3137 704 3175 non
740 3129 999 3192 tanquam
1043 3123 1283 3175 nomium
1332 3119 1559 3187 factum,
1604 3130 1697 3176 aut
1747 3120 1952 3191 imperii

2127 3139 2172 3185 ›ς
2208 3120 2431 3192 μηδαμῆ
2468 3119 2733 3190 μηδαμῶς
2765 3119 2844 3185 ὃν,
2865 3118 2981 3171 ἀλλ’
3011 3117 3198 3187 ὥσπερ
3229 3109 3654 3182 παναγένητον¹⁸ν

419 3222 593 3279 ctum,
636 3222 730 3267 aut
761 3214 827 3268 ab
862 3215 965 3269 hoc
996 3222 1091 3268 aut
1130 3214 1232 3269 hoc
1263 3230 1368 3267 non
1413 3214 1634 3279 factum,
1668 3228 1843 3283 neque
1875 3223 1946 3268 tat

2128 3214 2191 3268 Lai.
2224 3211 2505 3275 ἀπολύτως
2552 3212 2838 3280 ἀγένητον,
2875 3211 2970 3264 καὶ
3002 3212 3088 3264 ἀεὶ
3135 3209 3215 3275 δν,
3262 3208 3358 3261 καὶ
3405 3200 3655 3262 αὐτοτελὲς

418 3321 584 3375 quam
637 3306 788 3361 nullo
823 3308 981 3362 modo
1014 3307 1286 3371 existens;
1339 3306 1433 3360 sed
1473 3316 1727 3375 tanquam
1771 3305 1940 3361 omni:

2127 3323 2174 3369 ν,
2212 3304 2303 3356 καλ⁴
2336 3304 2531 3356 ταύτὸν
2566 3303 2624 3357 ὃν
2658 3303 2780 3356 καθ’
2814 3304 3061 3367 ὲαυτὸτι,
3097 3302 3191 3356 καὶ
3234 3301 3326 3369 ὑφ’
3361 3296 3546 3351 ἑαυτοῦ
3578 3311 3654 3365 μο-

420 3397 736 3468 ingenitum,
773 3405 824 3452 et
863 3397 1109 3451 absolute
1161 3397 1484 3466 ingenitum,
1530 3405 1583 3449 et
1614 3410 1831 3465 semper
1874 3398 1947 3450 ex‘

2126 3396 2307 3460 οειδῶς
2339 3397 2432 3449 καὶ
2462 3395 2781 3460 ταὺτοειδῶς
2828 3394 3237 3467 ἀφοριζόμενον,
3272 3393 3367 3444 καὶ
3400 3391 3459 3443 τὸ
3488 3385 3653 3442 ταύτὸν

418 3498 587 3552 stens,
628 3497 682 3543 et
710 3503 807 3559 per
849 3503 908 3543 se
938 3487 1266 3557 perlectum,
1311 3496 1474 3556 atque
1507 3487 1648 3541 idem
1697 3487 1945 3541 secundu‘

2123 3487 2161 3553 ,E
2188 3488 2381 3542 ἑαυτοῦ
2416 3491 2550 3543 πᾶσι
2582 3491 2694 3552 τοῖς
2728 3488 2974 3559 μετέχειν
3008 3484 3331 3557 ἐπιτηδείοις
3354 3482 3650 3550 ἐπιλάμπον,

418 3594 500 3647 se,
541 3589 707 3649 atque
734 3596 762 3633 a
791 3579 976 3649 seipso
1008 3580 1358 3635 uniformiter
1384 3590 1437 3635 et
1467 3579 1655 3634 eadem
1689 3580 1871 3650 specie
1902 3579 1945 3634 dt

2125 3585 2197 3635 ιαί
2224 3582 2293 3636 τά
2324 3583 2485 3653 ἔτερα
2526 3586 2639 3646 τοίς
2672 3581 2876 3652 ἑτέροις
2911 3578 3222 3639 συντάττον,
3258 3575 3535 3646 περιουσία
3578 3569 3652 3621 καὶ

421 3672 796 3737 terminatum,
838 3682 1003 3742 atque
1035 3672 1162 3726 illud
1211 3673 1352 3726 idem
1394 3672 1559 3726 etiam
1601 3671 1851 3726 omnibus
1880 3670 1948 3737 ejt

2123 3674 2247 3727 ιίτία
2291 3676 2635 3745 ταύτότητος,
2672 3678 2729 3728 ὲν
2764 3670 2938 3742 ὲαυτῷ
2971 3673 3065 3724 καὶ
3109 3668 3177 3721 τὰ
3223 3667 3442 3720 ἐναντία
3469 3658 3650 3720 ταὺτῶς

417 3760 779 3831 participandi
814 3763 1105 3831 capacibus
1140 3761 1347 3827 amans,
1394 3772 1449 3817 et
1494 3760 1766 3817 alﬂuentia
1800 3762 1944 3816 ident

2120 3767 2330 3837 τροέχον
2348 3770 2392 3799 ’⁷³
2419 3768 2558 3821 κατά
2591 3768 2689 3837 τὴν
2726 3767 2854 3837 μίαν
2888 3766 2980 3819 καὶ
3010 3762 3192 3834 ἑνικὴν
3214 3761 3312 3832 τῆς
3332 3760 3458 3829 ὅλης
3486 3751 3647 3807 ταὺτὸ-

422 3852 574 3916 tatis,
617 3863 672 3907 et
705 3867 868 3907 causa
901 3853 1007 3905 alia
1040 3853 1162 3908 aliis
1210 3855 1558 3918 coordinans,
1609 3863 1664 3908 et
1700 3854 1949 3909 identidet

1373 3856 1558 3918 rinans,
1609 3863 1664 3908 et
1700 3854 1991 3909 identidem
2102 3874 2264 3928 τητος
2298 3858 2671 3929 ὑπερέχουσαν
2705 3858 2900 3910 αἰτίαν.

431 3942 488 3995 in
520 3942 816 4012 semetipso
844 3959 905 3998 ea
935 3960 1055 4014 quae
1089 3946 1230 3999 inter
1256 3961 1316 4000 se
1350 3949 1624 4001 contraria
1676 3956 1805 4001 sunt
1862 3947 2235 4017 superbabens
2285 3952 2585 4007 secundum
2612 3966 2773 4006 unam
2802 3960 2964 4019 atque
2996 3947 3211 4019 unicam
3276 3957 3491 3999 causam
3539 3934 3647 3993 emi-

418 4045 643 4090 nentem
675 4035 839 4091 totius
863 4037 1183 4093 identitatis.

1963 4178 2115 4254 εν.

486 4342 646 4397 Aliud
679 4354 879 4409 autem,
926 4344 1053 4413 quia
1094 4344 1307 4400 cunctis
1338 4343 1681 4415 providentia
1713 4359 1811 4401 sua
1847 4345 1990 4401 Deus

2168 4348 2240 4401 Τὸ
2283 4347 2339 4401 δὲ
2386 4346 2591 4417 ἓτερον,
2637 4341 2822 4414 ἐπειδὴ
2868 4342 2999 4395 πᾶσι
3052 4334 3422 4409 προνοητικῶς
3465 4333 3494 4383 ὁ
3537 4327 3645 4388 Θεὸς

418 4438 590 4500 adest,
619 4444 677 4489 et
706 4444 928 4505 propter
960 4436 1202 4491 omnium
1230 4426 1694 4492 conservatiOnem
1726 4438 1785 4491 ﬁt
1813 4454 1938 4494 omu

2115 4440 2353 4512 τάρεστι,
2389 4439 2483 4492 καὶ
2516 4438 2692 4491 πάντα
2724 4436 2781 4487 ὲν
2816 4436 2949 4487 πᾶσι
2996 4432 3084 4485 διὰ
3125 4430 3222 4500 τὴν
3256 4428 3468 4481 πάντων
3500 4438 3642 4487 σωτη-

418 4530 470 4583 in
502 4526 776 4593 omnibus,
814 4528 940 4581 dum
988 4528 1041 4581 iu
1089 4530 1384 4598 semetipso
1417 4530 1748 4600 propriaque
1793 4531 1941 4585 ident

2113 4534 2219 4586 alant
2252 4533 2515 4601 γίγνεται,
2555 4530 2714 4599 μένον
2735 4528 2780 4558 ⁷³
2814 4528 2901 4594 ἐφ’
2947 4522 3138 4577 ἑαυτοῦ
3181 4522 3275 4574 καὶ
3321 4519 3421 4588 τῆς
3465 4512 3640 4603 οἰκείας

418 4628 528 4673 tate
568 4620 949 4673 inemanantcr
978 4634 1328 4688 permanens.
1381 4629 1436 4677 et
1480 4624 1779 4677 secundum
1830 4638 1945 4676 una]

2113 4599 2419 4691 ταύτότητος
2452 4619 2857 4688 ἀνεκφοιτήτως
2890 4617 3010 4668 κατ’
3052 4613 3331 4683 ἐνέργειαν
3381 4610 3519 4681 μίαν,
3565 4599 3640 4691 καὶ

416 4710 784 4765 incessantem
832 4712 1205 4781 operationem
1259 4714 1362 4769 sibi
1396 4714 1495 4783 ipsi
1541 4715 1841 4781 adhaerens,
1885 4716 1934 4769 vi

2109 4690 2371 4766 Ξπαυστον
2435 4709 2717 4779 ἑστηκὼς,
2772 4706 2869 4759 καὶ
2928 4704 3116 4757 ἑαυτὸν
3161 4699 3427 4760 ἐπιδιδοὺς
3470 4690 3636 4793 ἀκλίτιρ

415 4807 532 4853 tute
566 4800 799 4869 quadam
828 4801 1173 4857 indeﬁciente
1213 4805 1505 4871 scmetipse
1539 4803 1723 4868 tradit,
1757 4805 1823 4857 ad
1854 4804 1941 4857 div

2111 4802 2324 4871 Ξυνάμει
2370 4801 2507 4872 πρὸς
2573 4799 2836 4853 ὲκθέωσιν
2880 4796 2987 4848 τῶν
3039 4790 3522 4862 ἐπεστραμμένων·
3565 4790 3638 4833 καὶ

417 4906 541 4945 nam
588 4891 819 4946 formam
865 4896 1150 4951 conversis
1198 4896 1659 4965 imprimeudam;
1710 4895 1944 4950 variarm

2110 4894 2197 4966 τὴν
2230 4894 2521 4964 ἑτερότητα
2553 4892 2660 4945 τῶν
2694 4890 2950 4943 ποικίλων
2983 4886 3075 4939 τοῦ
3108 4884 3243 4937 Θεοῦ
3278 4881 3415 4935 κατὰ
3446 4877 3533 4939 τὰς
3561 4887 3637 4923 πο-

415 4996 598 5039 autem
649 4984 769 5051 Dei,
801 4988 1099 5042 secundum
1152 4987 1517 5043 multiformes
1553 4988 1814 5053 visiones,
1855 4986 1942 5058 ﬁgi

2105 4985 2324 5048 λυειδεῖς
2355 4985 2571 5054 ὁράσεις
2618 4983 2909 5053 σχημάτων
2943 4978 3022 5043 ⁷⁸,
3058 4976 3221 5047 ’ἐτερόι
3251 4990 3374 5027 τινα
3402 4974 3505 5033 τοῖς
3533 4981 3632 5035 φαι-

489 5218 531 5248 ¹υ
564 5208 734 5265 Hebr.
770 5222 848 5273 ιν,
887 5207 976 5260 12.

1726 5324 1959 5380 VARUE
1999 5321 2399 5379 LECTIONES.

483 5482 529 5513 ⁸⁸
554 5477 1028 5556 αἴτιόνμὲστιβὶῃο
1051 5475 1312 5556 adjectivo
1338 5482 1755 5551 στοιχειωτικόν,
1778 5485 1966 5556 legitur
2014 5483 2065 5537 in
2117 5484 2179 5538 Ι).
2213 5484 2269 5537 S.
2321 5483 2411 5556 Sc.
2463 5482 2585 5537 Sar.
2619 5552 2629 5556 _
2692 5482 2737 5556 δέ
2770 5477 3036 5556 οὐδαμοῦ,
3077 5472 3287 5556 Sall.”

417 5562 460 5591 οη
494 5536 695 5624 τεηοη
736 5536 938 5603 habent
975 5549 1062 5624 D._
1087 5536 1268 5624 εἶμι,
1296 5560 1358 5601 ut.
1404 5536 1503 5624 uene
1543 5556 1707 5607 verba
1742 5536 2265 5624 quiia-sequuntur,
2308 5536 2401 5607 καὶ
2433 5536 2675 5623 κριτικὸν
2722 5536 3620 5624 aveoMassiva}glstipulantucgf-

420 5603 651 5694 et_Sar.,
674 5633 804 5694 qna!
834 5627 1015 5694 tamen
1052 5617 1107 5694 ill
1140 5615 1330 5694 Paulo,
1355 5619 1512 5694 cujus
1542 5603 2407 5694 suntiunio—verbat—leéunlitrﬁad
2800 5603 2937 5694 ἕν’ὃῖ
3074 5603 3439 5694 distinguunt,

420 5692 530 5765 ἀεὶ,
560 5679 797 5765 κατὲίτὰ
820 5689 986 5765 αὐτὰ.
1052 5688 1109 5765 ,Ψ
1144 5690 1271 5765 πᾶν,
1309 5679 1591 5765 ἀγέῦῃτον.
1628 5695 1685 5749 S.
1715 5698 1773 5749 υ.
1804 5695 1926 5750 Sar.
2002 5679 2041 5725 7"
2081 5679 2200 5747 κᾶθ’
2236 5694 2429 5747 ἑαυτοῦ
2464 5693 2521 5747 P,
2600 5696 2644 5725 ⁷²
2664 5692 2935 5765 περιέχον,
2975 5693 3030 5744 D.
3112 5684 3155 5714 ⁷³
3194 5682 3369 5753 μένων
3403 5679 3530 5748 lege;
3563 5679 3619 5721 ιιθ

423 5760 552 5813 Cod.
589 5760 741 5813 Vien.
820 5760 864 5789 7“
901 5759 956 5811 ὃ.
984 5757 1256 5829 sulijuugit
1281 5757 1522 5829 μορψῶν.
