3866 6232
252 376 363 434 913

1334 374 1424 431 DE
1460 372 1713 432 DlVlNlS
1746 374 2143 445 NOMINIBUS,
2175 376 2324 433 CAP.
2366 374 2460 430 IX.

3405 368 3532 426 9M-

249 488 498 558 νομένοις
544 488 671 561 παρ’
716 489 744 543 ὃ
790 488 1099 558 φαίνονται,
1155 488 1440 560 σημαίνειν
1488 490 1711 562 οἰητέον.
1760 491 1834 554 Ὡς

1950 506 2132 546 rarum
2169 489 2507 555 diversitate,
2535 486 2781 558 quaedam
2810 485 2915 541 alia
2945 484 3011 541 ab
3040 484 3110 540 iis
3134 497 3253 554 qua!
3281 483 3409 539 visis
3436 484 3514 539 in-

250 588 361 651 γὰρ
394 583 442 634 εἰ
486 580 586 653 τὴν
629 582 802 653 ψυχὴν
848 581 1016 652 αὐτὴν
1068 582 1441 652 σωματοειδῶς
1473 584 1501 635 ὁ
1535 582 1689 651 λόγος
1733 582 1840 635 διέ-

249 675 474 738 πλαττε,
510 674 605 728 καὶ
653 674 792 744 μέρη
838 672 1123 743 σωματικά
1165 677 1231 744 τῇ
1266 675 1463 745 ἀμερεῖ
1509 675 1840 746 περιέπλατ-

250 780 376 825 τεν,
424 762 626 835 ἑτέρως
680 762 937 833 ὲνοοῦμεν
987 764 1073 816 ἐπ’
1123 765 1257 836 αὐτῇ
1323 764 1391 817 τὰ
1454 765 1841 837 περιτιθέμενα

252 853 431 923 μέρη,
463 857 529 924 τῇ
566 855 801 924 ἀμερείᾳ.
832 857 899 925 τῇ
942 854 1083 908 κατά
1114 854 1290 927 ψυχὴν
1329 857 1572 921 οἰκείως’
1609 857 1703 911 καὶ
1748 876 1839 912 κε·-

248 948 429 1019 φαλὴν
482 949 579 1018 μὲν
612 949 701 1003 τὸν
743 949 887 1012 νοῦν,
923 950 1124 1020 αὐχένα
1167 950 1223 1003 δὲ
1262 950 1361 1022 τὴν
1406 949 1586 1017 δόξαν,
1637 952 1730 1023 (ὡς
1782 956 1838 1006 ἐν

251 1041 405 1111 μέσῳ
434 1041 594 1110 λόγου
626 1042 720 1095 καὶ
752 1042 1024 1113 ἀλογίας·)
1060 1042 1253 1113 στῆθος
1284 1044 1340 1097 δὲ
1373 1043 1563 1114 θυμὸν,
1596 1047 1839 1118 γαστέρα

247 1132 308 1185 δὲ
329 1132 428 1203 τὴν
458 1132 772 1204 ἐπιθυμίαν,
796 1135 959 1207 σκέλη
993 1136 1051 1189 δὲ
1083 1137 1177 1188 καί⁸
1210 1136 1378 1199 πόδας
1408 1136 1505 1208 τὴν
1539 1137 1699 1208 φύσιν
1731 1139 1839 1192 ὲλέυ

247 1237 441 1291 γομεν,
475 1226 589 1287 τοῖς
620 1223 727 1279 τῶν
762 1225 943 1297 μερῶν
976 1226 1201 1297 ὀνόμασι
1246 1228 1354 1282 τῶν
1385 1228 1669 1300 δυνάμεων
1702 1246 1839 1301 συμ-

249 1314 429 1379 ϐόλοις
461 1314 763 1388 χρώμενοι·
801 1319 979 1391 πολλῷ
1010 1338 1073 1389 γε
1118 1321 1314 1392 μᾶλλον
1356 1324 1449 1377 ἐπὶ
1492 1323 1585 1378 τοῦ
1619 1326 1838 1381 πάντων

250 1407 512 1463 ἐπέκεινα
540 1408 638 1481 τὴν
671 1410 964 1482 ἑτερότητα
993 1412 1102 1467 τῶν
1139 1414 1362 1487 μορφῶν
1411 1417 1506 1470 καὶ
1552 1417 1659 1471 τῶν
1707 1436 1839 1491 σχη-

252 1496 461 1566 μάτων,
497 1500 671 1569 ἱεραῖς
719 1501 814 1554 καὶ¹
858 1500 1185 1571 θεοπρεπέσι
1232 1504 1328 1558 καὶ
1377 1509 1665 1576 μυστικαῖς
1705 1509 1837 1563 ἀνα-

246 1584 508 1650 πτύξεσιν
528 1589 990 1661 ἀνακαθαίρεσθαι
1014 1594 1138 1664 χρή.
1157 1594 1267 1648 Καὶ
1287 1597 1335 1648 εἰ
1360 1595 1535 1666 βούλει
1557 1596 1627 1651 τὰ
1647 1599 1836 1671 τριττά

244 1674 358 1728 τῶν
381 1678 650 1747 σωμάτων
684 1681 937 1751 σχήματα
978 1682 1057 1752 τῷ
1088 1684 1284 1753 ἀναφεῖ
1313 1687 1410 1740 καὶ
1442 1689 1836 1761 ἀσχηματίστῳ

246 1765 369 1837 Θεῷ
401 1768 686 1839 περιάψαι,
723 1770 923 1836 πλάτος
960 1774 1057 1844 μὲν
1108 1774 1249 1828 θεῖον
1284 1779 1475 1850 ῥητέον
1520 1780 1618 1852 τὴν
1668 1782 1837 1852 ὑπερ-

1939 582 2249 648 sinuantur,
2292 580 2594 650 signiﬁcari
2644 580 2943 649 putandum
2988 586 3091 631 est.
3137 575 3507 643 Quemadmo-

1940 676 2066 730 dum
2108 676 2251 730 enim
2284 676 2329 729 si
2362 674 2485 745 quis
2511 672 2806 744 cogitando
2846 672 3081 726 animam
3116 671 3183 725 ad
3233 681 3512 739 corporeae

1941 768 2124 838 ﬁgurae
2156 766 2373 821 modum
2406 766 2575 835 ipsam
2610 772 3045 834 reprmsentaret,
3074 770 3128 817 et
3166 762 3245 817 rei
3275 760 3512 832 partium

1938 860 2149 930 experti
2196 869 2378 929 partes
2421 872 2722 928 corporeas
2760 855 3059 926 aﬁingeret,
3096 855 3206 908 alio
3249 854 3408 909 modo
3454 852 3513 905 in

1938 966 2000 1006 ea
2046 960 2249 1019 partes,
2290 965 2409 1019 qua:
2438 950 2514 1004 illi
2563 949 2837 1004 attributae
2863 946 3026 1019 487
3057 955 3264 1010 essent,
3309 943 3513 999 intelli-

1938 1058 2209 1113 geremus,
2242 1051 2406 1113 prout
2434 1041 2688 1095 nimirum
2719 1041 2974 1094 convenit
3001 1038 3171 1108 ipsius
3216 1035 3513 1091 individui-

1942 1136 2066 1200 tati;
2099 1143 2153 1190 et
2182 1145 2345 1205 caput
2368 1135 2586 1205 quidem
2617 1132 3055 1203 intelligentiam,
3078 1129 3348 1185 cervicem
3374 1141 3510 1182 vero

1939 1226 2247 1295 opinionem
2293 1226 2518 1295 (utpote
2565 1223 2799 1279 mediam
2851 1223 2995 1278 inter
3038 1220 3303 1275 rationem
3351 1228 3515 1287 atque

1938 1316 2521 1387 irrationabilitatem)
2567 1325 2762 1387 pectus
2813 1321 2995 1367 autem
3043 1312 3217 1377 iram,
3263 1317 3511 1363 ventrem

1939 1426 2070 1467 vero
2095 1411 2465 1481 cupiditatem,
2495 1423 2659 1463 crura
2687 1407 2924 1476 denique
2955 1420 3021 1462 ac
3064 1404 3230 1475 pedes
3260 1412 3513 1458 naturam

1939 1504 2268 1567 diceremus,
2310 1501 2538 1557 istarum
2585 1500 2820 1569 partium
2866 1498 3183 1555 nominibus
3213 1511 3313 1568 pro
3340 1495 3515 1551 facul-

1941 1603 2110 1648 tatum
2149 1594 2409 1665 symbolis
2446 1592 2679 1659 utendo;
2712 1592 2787 1646 ita
2817 1592 2987 1646 multo
3017 1604 3153 1645 sane
3182 1588 3381 1659 potiori
3425 1602 3517 1641 ra-

1939 1687 2105 1751 tione,
2133 1686 2186 1740 in
2216 1700 2281 1740 eo
2301 1686 2391 1755 qui
2419 1684 2673 1739 omnibus
2699 1683 2925 1748 eminet,
2953 1681 3244 1737 diversitas
3269 1679 3357 1735 illa
3402 1677 3516 1735 for-

1938 1794 2149 1833 marum
2180 1788 2341 1847 atque
2386 1776 2706 1847 ﬁgurarum,
2748 1775 2920 1831 sacris
2949 1774 3273 1844 quibusdam
3310 1787 3373 1827 ac
3403 1770 3516 1825 Deo

246 1863 470 1929 ευρεῖαν
503 1862 595 1913 ἐπὶ
627 1862 803 1916 πάντα
834 1865 928 1917 τοῦ
961 1865 1096 1918 Θεοῦ
1130 1868 1352 1938 πρόοδον
1371 1888 1384 1900 ·
1426 1872 1598 1943 μῆκος
1627 1873 1706 1939 δὲ,
1738 1872 1834 1946 τὴν

1939 1870 2195 1942 congruis
2253 1870 2611 1940 mysticisque
2658 1865 3173 1936 explanationibus,
3216 1861 3515 1933 anagogice

246 1952 771 2026 ὑπερεκτεινομένην
792 1957 860 2011 τὰ
888 1956 986 2013 ὅλα
1008 1959 1255 2032 δύναμινσ
1291 1963 1450 2034 βάθος
1473 1965 1548 2029 δὲ,
1572 1966 1671 2038 τὴν
1698 1969 1834 2022 πᾶσι

243 2046 361 2107 τοῖς
392 2038 540 2098 οὖσιν
589 2047 959 2119 ἀπερίληπτον
1006 2053 1345 2126 κρυφιότητα
1394 2058 1487 2110 καὶ
1535 2060 1826 2127 ἀγνωσίαν.

260 2133 399 2188 Ἀλλ’
420 2138 566 2201 ὅπως
601 2138 674 2209 μὴ
705 2138 954 2212 λάθωμεν
988 2143 1211 2208 ἑαυτοὺς
1231 2148 1295 2199 ἐκ
1314 2147 1414 2218 τῆς
1441 2148 1549 2203 τῶν
1582 2151 1835 2223 ἑτεροίων

246 2227 545 2298 σχημάτων
577 2231 671 2284 καὶ
707 2233 928 2303 μορφῶν
972 2236 1343 2305 ἀναπτύξεως,
1378 2240 1479 2305 τὰς
1510 2243 1835 2315 ἀσωμάτους

244 2316 558 2406 θεωνυμίας
587 2323 709 2386 ταῖς
757 2322 844 2377 διὰ
880 2327 1163 2397 συμϐόλων
1212 2332 1484 2404 αἰσθητῶν
1521 2335 1833 2406 συμφύρον-

243 2421 359 2470 τες,
393 2405 472 2459 διὸ
523 2408 652 2479 περὶ
703 2409 802 2479 μὲν
855 2413 1059 2469 τούτων
1091 2419 1149 2471 ὲν
1181 2421 1247 2490 τῇ
1293 2419 1599 2493 Συμϐολικῇ
1652 2405 1830 2477 θεολο-

242 2497 344 2569 γίᾳ
376 2500 454 2532 ⁷⁵·
490 2500 586 2554 νῦν
617 2502 674 2555 δὲ
718 2504 852 2557 αὐτὸ
898 2508 997 2578 τὴν
1047 2508 1197 2563 θείαν
1246 2512 1563 2583 ἑτερότητα,
1622 2514 1695 2585 μὴ
1739 2515 1837 2567 ἁλ-

243 2588 461 2646 λοίωσίν
515 2611 639 2648 τινα
687 2597 785 2668 τῆς
847 2598 1253 2671 ὐπερατρέπτου
1314 2604 1639 2674 ταύτότητος
1702 2606 1836 2657 ὐπο-

245 2682 592 2755 πτεύσωμεν,
624 2688 759 2742 ἀλλά
792 2690 883 2745 τὸν
915 2695 1112 2749 ἐνιαῖον
1146 2693 1309 2749 αὐτοῦ
1333 2695 1827 2766 πολυπλασιασμὸν,

243 2774 345 2918 ἔς).
376 2776 477 2840 τάς
511 2780 802 2849 μονοειδεῖς
832 2784 931 2855 τῆς
977 2787 1072 2839 ἐπὶ
1104 2787 1283 2841 πάντα
1327 2786 1651 2856 πολυγονίας
1699 2804 1833 2858 προ-

306 2882 421 2918 ους.

306 2882 421 2930 ους.

1935 1973 2019 2019 εει
2058 1962 2435 2017 describenda.
2478 1960 2545 2016 Et
2578 1962 2624 2015 si
2667 1960 2972 2030 tripartitas
3016 1956 3263 2027 corporis
3311 1954 3516 2021 ﬁguras

1936 2056 2041 2126 ipsi
2075 2055 2202 2118 Deo,
2232 2055 2320 2125 qui
2364 2054 2511 2123 tangi
2555 2068 2620 2107 ac
2670 2051 2893 2122 ﬁgurari
2946 2050 3172 2119 nequit,
3218 2047 3517 2102 attribuere

1939 2146 2204 2212 volueris;
2239 2144 2420 2198 divina
2469 2143 2693 2212 quidem
2736 2140 2973 2196 latitudo
3020 2137 3249 2195 dicenda
3286 2144 3392 2203 est,
3435 2135 3517 2189 la-

1940 2238 2147 2293 tissima
2176 2237 2242 2291 ad
2276 2238 2558 2291 universas
2585 2249 2670 2289 res
2701 2232 3043 2304 progressio;
3090 2230 3371 2300 longitudo
3417 2242 3518 2281 au-

1943 2341 2073 2396 tem,
2114 2331 2362 2400 potentia
2402 2344 2525 2400 qua:
2566 2342 2732 2397 supra
2762 2326 2944 2381 omnia
2989 2323 3351 2395 expanditur;
3389 2333 3516 2390 pro-

1934 2422 2159 2479 fundum
2202 2439 2353 2490 vero,
2386 2437 2655 2478 arcanum
2686 2419 2817 2475 illud
2849 2418 3102 2473 omnibus
3140 2416 3513 2477 inaccessum,

1941 2516 2297 2587 ejusdemque
2340 2516 2633 2585 ignoratio.
2664 2512 2860 2568 Verum
2891 2526 2957 2569 ne
2994 2510 3247 2565 fallamus
3281 2515 3516 2563 nosmet-

1939 2608 2123 2678 ipsos,
2167 2608 2294 2663 dum
2342 2606 2513 2661 variis
2561 2605 2749 2674 ﬁguris
2816 2601 3121 2671 [omnisque
3169 2598 3517 2669 explicandis

1937 2700 2261 2765 insistimus,
2309 2700 2619 2755 divinarum
2652 2711 2836 2752 rerum
2882 2698 3233 2764 incorporeas
3275 2691 3515 2762 appella-

1939 2794 2117 2848 tiones
2153 2808 2276 2849 cum
2321 2794 2601 2863 signorum
2664 2788 3006 2844 sensibilium
3057 2785 3515 2856 appellationibus

1937 2884 2348 2951 confundenda,
2394 2883 2461 2937 de
2518 2881 2605 2936 bis
2652 2880 2706 2936 in
2734 2878 3040 2952 Symbolica
3091 2877 3362 2947 theologia
3402 2876 3515 2929 dis-

245 2960 549 3029 seruimus;
598 2980 743 3021 nunc
792 2975 973 3023 autem
1042 2970 1278 3026 divinam
1334 2972 1735 3039 diversitatem,
1778 2987 1845 3028 ne
1914 2976 2273 3032 mutationem
2353 2976 2643 3046 quamdam
2713 2972 2867 3042 ejus,
2934 2970 3029 3041 qul
3092 2967 3516 3025 immutabiliter

245 3055 394 3110 idem
457 3066 563 3125 est,
608 3073 727 3114 esse
770 3062 1133 3132 suspicemur,
1178 3065 1275 3120 sed
1322 3066 1503 3136 potius
1564 3065 2071 3137 multiplicationem
2125 3069 2501 3141 singularem,
2570 3077 2625 3123 et
2691 3062 3068 3122 emanationes
3130 3061 3404 3135 simplices
3447 3060 3516 3116 ad

244 3147 456 3207 omnia.

1797 3314 1824 3386 §
1864 3312 1968 3375 VI.

320 3504 547 3575 Ὅμοιον
577 3503 635 3557 δὲ
666 3504 758 3558 τὸν
789 3504 922 3559 Θεὸν
955 3508 1003 3559 εἰ
1041 3506 1139 3577 μὲν
1185 3507 1259 3570 ὼς
1303 3508 1499 3563 ταύτὸν
1532 3508 1676 3561 εἴποι
1721 3526 1833 3574 τις,

2014 3507 2260 3565 Similem
2291 3522 2421 3563 vero
2457 3508 2625 3562 Deum
2656 3507 2703 3562 si
2736 3506 2861 3575 quis
2893 3505 3042 3561 dicat
3073 3515 3134 3561 ut
3162 3506 3438 3571 eumdem,
3465 3514 3517 3561 et

244 3595 322 3661 ὼς
354 3594 472 3648 ὅλον
506 3594 680 3648 διόλου
732 3594 910 3667 ἑαυτῷ
946 3598 1187 3668 μονίμως
1219 3597 1313 3651 καὶ
1342 3598 1652 3669 ἀμερίστως
1703 3598 1833 3651 ὄντα

243 3690 453 3759 ὅμοιον,
488 3688 588 3741 οὐκ
620 3688 947 3758 ἀτιμαστέον
979 3691 1113 3759 ἡμῖν
1144 3688 1243 3759 τὴν
1274 3688 1368 3741 τοῦ
1412 3687 1597 3759 ὁμοίου
1632 3688 1831 3743 Gem-Ju—

248 3782 400 3851 μίαν.
436 3782 498 3833 υἱ
529 3779 585 3832 δὲ
619 3779 856 3849 θεολόγοι
885 3780 978 3834 τὸν
1011 3782 1152 3853 ὑπὲρ
1185 3782 1361 3835 πάντα
1392 3781 1543 3847 Θεὸν,
1646 3783 1829 3845 αὐτὸς,

246 3872 424 3926 οὐδενί
459 3888 619 3940 φασιν
652 3868 791 3926 εἶναι
833 3873 1041 3942 ὅμοιον,
1077 3875 1238 3927 αὑτὸν
1268 3874 1326 3927 δὲ
1357 3876 1650 3946 ὁμοιότητα
1683 3875 1832 3929 θείαν

244 3963 537 4035 δωρεῖσθαι
580 3966 692 4026 τοῖς
725 3964 811 4015 ἐπ’
845 3964 1008 4017 αὑτὸν
1059 3967 1559 4037 ἐπιστρεφομένοις,
1594 3968 1657 4037 τῇ
1694 3964 1835 4018 κατὰ

243 4057 476 4127 δύναμιν
528 4058 756 4127 μιμήσει
798 4057 887 4109 τὸν
921 4057 966 4087 ⁷⁸
1013 4058 1153 4129 ὑπὲρ
1197 4058 1377 4111 πάντα
1422 4059 1518 4112 καὶ
1571 4060 1695 4129 ὅρον
1741 4057 1835 4111 καὶ

243 4149 425 4217 λόγον.
461 4150 571 4203 Καὶ
602 4148 748 4202 ἔστιν
780 4150 815 4220 ἡ
846 4148 945 4219 τῆς
979 4148 1128 4212 θείας
1159 4149 1474 4221 ὁμοιότητος
1506 4150 1760 4221 δύναμις,
1800 4152 1832 4221 ή

242 4242 315 4295 τά
351 4243 706 4314 παραγόμενα
738 4242 916 4295 πάντα
950 4242 1086 4313 πρὸς
1116 4243 1178 4295 τὸ
1210 4242 1380 4296 αἴτιον
1413 4243 1830 4313 ἐπιστρέφουσα.

247 4333 437 4387 Ταῦτα
468 4333 598 4403 γοῦν
632 4334 824 4405 ῥητέον
855 4333 1019 4403 ὅμοια
1048 4332 1127 4403 τῷ
1146 4334 1188 4364 ⁷⁷
1210 4333 1347 4404 Θεῷ,
1383 4336 1477 4387 καὶ
1509 4332 1651 4387 κατά
1684 4333 1834 4387 θείαν

246 4421 433 4473 εἰκόνα
492 4422 587 4475 καὶ
648 4421 940 4492 ὁμοίωσινο
989 4420 1110 4473 οὐδὲ
1156 4421 1264 4495 γὰρ
1310 4423 1494 4487 αὐτοῖς
1552 4423 1644 4477 τὸν
1704 4423 1835 4478 Θεὸν

244 4513 452 4583 ὅμοιον,
495 4514 577 4566 ὅτι
628 4513 760 4584 μηδὲ
812 4513 1097 4586 ἄνθρωπος
1144 4518 1209 4585 τῇ
1260 4514 1363 4586 ἰδίᾳ⁴
1407 4515 1574 4568 εἰκόνι
1618 4516 1831 4586 ὅμοιος’

245 4604 341 4656 ἐπὶ
383 4602 493 4675 γὰρ
526 4604 571 4636 ⁷⁸
602 4605 710 4656 τῶν
753 4604 1037 4675 ὁμοταγῶν
1088 4605 1310 4659 δυνατὸν
1354 4607 1450 4660 καὶ
1493 4608 1655 4677 ὅμοια
1700 4606 1837 4661 αὺτά

245 4697 501 4767 ἀλλήλοις
546 4692 705 4762 εἶναι,
755 4699 850 4751 καὶ
896 4699 1271 4771 ἀντιστρέφειν
1318 4703 1401 4770 ἐφ’
1450 4701 1688 4774 ἑκάτερα
1733 4704 1835 4773 τὴν

244 4791 561 4863 ὁμοιότητα,
609 4793 704 4845 καὶ
755 4787 896 4845 εἶναι
947 4792 1114 4862 ἄμφω
1166 4794 1416 4865 ἀλλήλοις
1475 4796 1636 4866 ὅμοια
1697 4795 1839 4850 κατὰ

1936 3610 1995 3656 ιιι
2027 3609 2198 3657 totum
2233 3614 2330 3669 per
2356 3608 2530 3654 totum
2571 3597 2673 3653 sibi
2715 3597 2864 3652 unite
2889 3605 2943 3651 et
2974 3596 3414 3667 impartiabiliter
3441 3596 3517 3649 si-

1935 3692 2139 3757 milem,
2156 3708 2260 3747 non
2280 3699 2365 3747 est.
2388 3689 2801 3759 improbandum
2826 3704 3025 3743 nomen
3041 3690 3281 3744 divinum
3302 3687 3516 3746 similis.

1936 3784 2195 3853 Theologi
2230 3793 2409 3837 tamen
2451 3782 2640 3845 Deum,
2671 3780 2764 3850 qui
2804 3790 2889 3835 est
2932 3795 3095 3850 supra
3138 3781 3346 3843 omnia,
3377 3794 3517 3850 qua-

1938 3882 2093 3927 tenus
2134 3874 2250 3939 ipse
2299 3880 2422 3937 est,
2465 3870 2665 3925 nullius
2709 3869 2943 3926 similem
3000 3885 3124 3925 esse
3186 3871 3371 3935 aiunt,
3420 3869 3519 3924 sed

1936 3963 2113 4033 ipsum
2147 3963 2387 4016 divinam
2440 3960 2854 4015 similitudinem
2901 3960 3033 4016 dare
3066 3961 3132 4015 iis
3164 3961 3255 4029 qui
3284 3959 3353 4015 ad
3393 3974 3519 4014 eum

1935 4064 2355 4121 convertuntur,
2397 4055 2523 4109 dum
2581 4068 2707 4107 eum
2754 4067 2921 4123 supra
2965 4066 3181 4107 omnem
3226 4051 3518 4108 terminum

1937 4166 2003 4204 ac
2042 4148 2310 4203 rationem
2350 4162 2449 4217 pro
2480 4146 2693 4201 viribus
2732 4145 3039 4200 imitantur.
3067 4147 3246 4215 Atque
3279 4146 3394 4201 haec
3427 4154 3516 4200 est

1937 4243 2134 4298 divina)
2179 4239 2548 4296 similitudinis
2580 4238 2691 4308 vis,
2738 4249 2798 4293 ut
2844 4240 3031 4294 omnia
3075 4255 3196 4309 quae
3247 4238 3518 4308 producta

1936 4345 2084 4401 sunt,
2112 4334 2180 4389 ad
2212 4343 2489 4388 auctorem
2518 4346 2676 4387 suum
2707 4340 3015 4385 convertat.
3048 4329 3158 4384 lsta
3192 4328 3360 4399 igitur
3399 4328 3516 4382 Deo

1938 4428 2135 4482 similia
2166 4426 2392 4481 dicenda
2424 4433 2572 4491 sunt,
2597 4435 2658 4478 ut
2686 4423 2752 4477 ad
2790 4423 2906 4493 ejus
2940 4421 3229 4491 imaginem
3261 4434 3326 4473 ac
3361 4419 3515 4474 simi-

1938 4521 2225 4576 litudinem
2255 4519 2464 4585 eﬁicta;
2497 4532 2603 4572 non
2655 4524 2832 4570 autem
2892 4515 3037 4569 Deus
3081 4513 3148 4568 iis
3186 4511 3383 4567 similis
3430 4510 3519 4565 di-

1938 4616 2145 4672 cendus
2173 4624 2278 4677 est,
2307 4614 2433 4684 quia
2462 4626 2529 4667 ne
2569 4611 2787 4681 quidem
2822 4610 2984 4664 homo
3018 4616 3100 4661 est
3142 4606 3366 4676 imagini
3403 4618 3519 4660 sua;

1939 4709 2161 4775 similis;
2206 4707 2467 4777 quoniam
2499 4718 2619 4774 quae
2648 4702 2878 4771 aequalia
2929 4708 3078 4764 sunt,
3125 4707 3356 4769 possunt
3396 4697 3520 4767 qui-

1940 4801 2063 4856 dem
2111 4800 2214 4856 sibi
2256 4799 2488 4853 invicem
2519 4812 2641 4853 esse
2693 4795 2914 4860 similia,
2948 4803 3003 4849 et
3035 4794 3102 4848 ad
3135 4802 3369 4862 utraque
3416 4807 3516 4861 po-

245 4883 659 4955 προηγούμενον
705 4885 891 4954 ὁμοίου
938 4882 1112 4950 εἶδος-
1147 4886 1242 4941 ἐπὶ
1284 4887 1340 4942 δὲ
1382 4888 1479 4941 τοῦ
1520 4888 1693 4942 αἰτίου
1739 4888 1834 4942 καὶ

1944 4902 2049 4948 test
2081 4895 2181 4947 ista
2219 4890 2518 4947 similitudo
2549 4888 2903 4959 reciprocari,
2934 4896 2995 4942 ut
3023 4887 3135 4941 sint
3164 4887 3328 4940 ambo
3372 4884 3518 4939 invi-

242 4976 354 5030 τῶν
388 4977 647 5030 αἰτιατῶν
678 4976 779 5030 οὐκ
810 4979 1179 5051 ἀποδεξόμεθα
1210 4980 1308 5051 τὴν
1339 4981 1718 5053 ἀντιστροφὴν.
1756 4983 1830 5034 Οὐ

242 5068 359 5140 γὰρ
393 5069 575 5139 μόνοις
606 5070 780 5123 τοῖσδε
814 5070 846 5141 ἦ
879 5071 1053 5125 τοῖσδε
1085 5072 1146 5126 τὸ
1176 5074 1375 5145 ὁμοίως
1394 5075 1437 5107 ⁷³
1471 5072 1609 5129 εἶναι
1640 5075 1831 5146 δωρεῖ-

243 5176 372 5222 ται,
408 5161 543 5213 πᾶσι
590 5160 647 5213 δὲ
695 5164 807 5225 τοῖς
856 5163 1169 5235 ὁμοιότητος
1218 5165 1499 5237 μετέχουσι
1546 5165 1639 5220 τοῦ
1691 5162 1832 5220 εἶναι

246 5250 458 5321 ὁμοίοις
488 5254 515 5305 ὁ
537 5252 670 5316 Θεὸς
702 5252 875 5317 αἴτιος
908 5254 1175 5323 γίγνεται,
1195 5257 1288 5310 καὶ
1320 5256 1433 5310 ἔστι
1466 5258 1560 5310 καὶ
1593 5257 1762 5327 αὐτῆς
1786 5258 1830 5289 ⁸⁰

247 5345 349 5416 τῆς
372 5344 822 5417 αὐτοομοιότητος
844 5347 1174 5420 ὑποστάτης,
1199 5350 1372 5404 καὶτὸ
1392 5352 1450 5405 ὲν
1471 5350 1636 5405 πᾶσιν
1650 5352 1835 5422 ὅμοιον

1941 5000 2059 5039 cem
2105 4983 2302 5038 similia
2347 4979 2643 5036 secundum
2684 4977 3037 5048 principalem
3090 4978 3327 5045 speciem
3355 4974 3519 5030 simi-

1942 5076 2227 5142 litudinis;
2275 5075 2329 5129 in
2377 5089 2541 5130 causa
2591 5086 2721 5127 vero
2772 5072 2840 5126 ad
2888 5068 3119 5125 effectus
3171 5082 3518 5139 nequaquam

1939 5172 2286 5225 admittemus
2358 5167 2662 5223 istiusmodi
2734 5164 3250 5234 reciprocationem.
3322 5159 3516 5231 Neque

1940 5265 2087 5319 enim
2120 5263 2253 5318 solis
2299 5262 2387 5317 his
2431 5270 2528 5315 aut
2572 5258 2681 5314 illis
2713 5260 2806 5314 dat
2847 5257 2991 5313 Deus
3036 5266 3095 5310 ut
3139 5254 3337 5310 similia
3383 5253 3518 5318 sint,

1940 5356 2035 5412 sed
2082 5371 2246 5411 causa
2291 5365 2374 5410 est
2408 5370 2505 5409 cur
2548 5353 2744 5409 similia
2788 5353 2900 5408 sint
2942 5350 3149 5413 omnia,
3193 5349 3516 5418 quibuscum

1572 5553 1810 5611 VARUE
1841 5554 2241 5615 LECTIONES.

249 5726 253 5735 ι
319 5685 367 5721 ⁷⁸
402 5687 580 5744 subdit
624 5688 685 5741 Β.
732 5690 778 5741 εἰ
820 5689 1009 5759 ήσεται
1034 5730 1046 5750 ,
1086 5687 1144 5741 Ρ.
1184 5688 1415 5761 εἴρηται.

249 5755 373 5814 ΒΑΓ.
467 5760 511 5791 ⁷⁹
536 5759 759 5814 ὁμοίοις.
786 5706 847 5814 f’.
876 5761 965 5814 Sc.
992 5762 1115 5814 Sar.
1192 5760 1236 5791 ⁸ο
1273 5760 1365 5814 καὶ
1400 5779 1415 5814 c

247 5755 373 5816 tier.
467 5760 511 5791 ⁷⁹
536 5759 759 5829 ὁμοίοις,
786 5755 850 5814 Ρζ
876 5761 965 5816 Sc.
992 5762 1115 5815 Sar.
1192 5755 1247 5791 ⁸⁰⁷
1273 5755 1365 5814 καὶ
1400 5762 1556 5829 αὐτή,
1595 5764 1651 5817 S.
1681 5764 1773 5818 Sc.

1500 5691 1545 5769 "_‘
1576 5692 1712 5769 r_6w_,_
1742 5691 1799 5746 P.
1836 5694 1892 5749 S-
1920 5696 2010 5756 Sc.
2095 5701 2136 5731 ⁷⁷
2173 5700 2247 5769 τῷ
2282 5716 2385 5755 non
2416 5710 2501 5755 est
2537 5701 2590 5755 in
2633 5698 2691 5754 S.
2718 5700 2781 5755 D.
2861 5700 2903 5729 ⁷⁸
2939 5697 3033 5753 ἐπὶ
3069 5697 3152 5765 μὲι
3200 5694 3326 5765 γάρ,
3361 5690 3422 5745 Ρ.
3451 5687 3514 5743 1).
