3866 6232
350 256 454 312 919
1515 256 1573 314 S.
1613 255 1911 312 DIONYSII
1950 256 2410 315 AREOPAGITE
3502 260 3624 316 920

421 372 448 444 ᾗ
484 371 572 426 ιγ.
605 371 751 449 Ldem
792 382 962 449 autem
996 394 1201 449 ipsum.
1246 378 1368 447 Agit
1412 378 1500 432 hic
1541 377 1606 430 de
1644 374 2084 430 immutabilitate
2126 375 2245 442 Dei,
2278 376 2345 432 de
2370 390 2476 446 qua
2518 376 2640 431 vide
2661 376 2885 447 pulchre
2912 384 2966 432 et
2999 375 3116 431 fuse
3160 372 3301 449 apud
3344 370 3613 430 [assium

350 441 445 499 lib.
486 460 547 497 ιιι
604 441 681 495 De
724 442 858 510 ρει-ι’.
900 444 1110 501 divinis.

421 514 621 589 Ibidem
657 530 669 564 :
704 512 1026 589 Ingenitum,
1070 534 1171 570 non
1226 528 1473 587 tanquam
1500 519 1766 589 _nondum
1811 517 2028 583 factum,
2067 527 2200 581 etc.;
2236 518 2328 573 sed
2373 529 2621 589 tanquam
2672 520 2881 573 omnino
2936 519 3246 589 ingenitum,
3288 529 3395 573 etc.
3455 517 3611 574 Vide

350 584 647 657 Maximum
675 583 1160 657 etuPachiymerem
1193 600 1247 642 et
1280 583 1462 642 divum
1498 586 1763 642 Thomam
1807 589 1872 641 ad
1923 590 2067 641 hunc
2109 589 2307 642 locum.
2354 588 2411 642 S.
2466 588 2802 642 Athanasius
2834 590 2885 643 in
2917 583 3132 657 iis'quaa
3172 601 3354 645 contra
3398 589 3608 644 Mono-

349 656 598 730 physitas
630 654 817 708 edidit.
857 674 873 705 ι
910 656 1230 730 lngenitnm,
1266 660 1464 727 inquit,
1501 660 1554 713 id
1580 668 1660 711 est
1695 673 1807 730 non
1842 668 2112 730 creatum,
2154 658 2301 730 solus
2337 658 2479 713 Deus
2518 667 2622 712 est.
2654 677 2672 708 ι
2705 659 2968 730 Deinceps
3000 654 3272 725 dubitans,
3309 662 3605 730 quomodo

348 725 610 798 Dionysio
652 739 864 798 summo
912 726 1163 798 theologo
1202 731 1253 783 in
1302 725 1537 785 mentem
1586 728 1845 788 venisset.
1880 738 1931 781 ut
1978 728 2141 782 Deum
2196 728 2406 783 diceret
2448 743 2572 782 esse
2624 742 2785 798 supra
2836 725 2997 785 onine
3042 725 3375 797 ingenitum.
3412 732 3600 784 multa

352 794 590 871 ingenita
627 794 971 871 signiﬁcavii,
995 798 1044 849 id
1074 809 1157 852 est
1182 816 1285 853 non
1320 800 1749 871 creata.tAtqui,
1780 798 1978 871 inquit,
2013 799 2416 871 quomodohoc
2442 799 2557 852 ﬁeri
2587 794 2801 871 poiest?
2833 800 3000 855 Nemo
3024 794 3255 871 namque
3285 801 3601 871 ingenitus,

350 866 462 940 nisi
489 865 639 940 solus
670 865 834 940 Deus.
866 884 882 917 ι
921 864 1048 920 Post
1098 884 1217 937 quae
1260 886 1449 926 rursus
1478 864 1768 940 confutatis
1812 864 2126 935 opinionem
2173 864 2617 940 Mauichzeornm,
2648 869 2963 940 Dionysium
2994 864 3416 925 Alexandrinum
3452 872 3602 925 citat

347 938 502 991 verbi
542 934 711 1008 iulius
756 934 1136 1008 interpretem,
1168 954 1288 995 eum
1330 942 1448 995 ait:
1476 960 1494 993 t
1528 939 1678 995 Solet
1714 934 1941 993 externa
1988 940 2332 1008 philosophia
2365 954 2563 993 vocare
2607 934 2905 1007 ingenitum
2932 956 3148 995 omnem
3183 953 3434 995 naturam
3474 942 3601 993 ina-

348 1004 734 1079 spectabilem;
772 1007 974 1075 quibus
1022 1009 1103 1079 sic
1147 1013 1376 1073 vocatis,
1410 1011 1577 1065 Deum
1626 1009 1762 1062 dixit
1789 1004 2074 1078 theologus
2108 1004 2399 1078 Dionysius
2427 1004 2777 1068 antecellére.
2809 1032 2827 1064 ι
2858 1012 2923 1065 Et
2950 1011 3009 1065 S.
3045 1011 3417 1079 Epiphanius:
3454 1032 3477 1063 ι
3511 1013 3600 1065 Ab

346 1082 521 1141 omni,
554 1075 752 1150 inquit,
791 1092 956 1130 causa
1004 1078 1162 1146 plane
1210 1090 1522 1150 exemptum
1571 1090 1655 1135 est
1705 1075 2032 1150 ingenitum,
2073 1080 2199 1147 quia
2247 1075 2413 1150 unum
2441 1088 2523 1131 est
2557 1080 2853 1149 ingenitum
2884 1092 2939 1137 et
2965 1075 3353 1136 venerandum.
3380 1102 3401 1133 ι
3438 1082 3602 1149 Quo-

346 1151 709 1221 motlgautein
730 1148 1022 1221 ingenitum
1046 1151 1114 1202 sit
1147 1148 1451 1221 proprietas
1484 1163 1537 1205 et
1568 1150 1714 1204 notio
1748 1150 1839 1204 Dei
1876 1148 2071 1213 Patris,
2098 1152 2219 1204 vide
2249 1148 2637 1221 Scholasticos
2664 1150 2717 1202 in
2750 1168 2764 1204 ι
2791 1163 3027 1221 partem,
3055 1162 3243 1221 quiest.
3276 1153 3369 1213 55,
3391 1162 3511 1205 art.
3538 1151 3595 1205 4.

415 1217 539 1302 §_v.
577 1216 738 1269 Aliud
791 1226 976 1302 auiam.
1016 1216 1743 1302 quia'cunctiaprevidentia
1794 1221 2246 1302 sua_adeut,_elc.
2285 1221 2443 1302 Ponit
2484 1218 2597 1302 hic,
2627 1216 2800 1302 inquit
2841 1220 2903 1274 Ι).
2937 1216 3194 1302 Thomas,
3226 1225 3362 1302 duos
3389 1223 3597 1302 modos

342 1285 541 1361 quibus
583 1303 781 1361 nomen
822 1285 976 1341 Aliud
1022 1290 1130 1361 Deo
1169 1285 1444 1360 competit.
1480 1292 1745 1361 Primum,
1774 1291 1918 1360 quod
1957 1291 2210 1361 omnibus
2237 1289 2577 1361 providentia
2602 1285 2790 1344 sua'ﬁt
2816 1294 3000 1346 omnia
3027 1309 3041 1356 ;
3069 1285 3390 1358 secundum,
3436 1294 3590 1361 quod

343 1360 577 1414 diversis
608 1360 910 1428 visionibus
942 1359 1074 1427 quid
1103 1362 1250 1415 aliud
1282 1359 1309 1415 a
1346 1363 1507 1417 rebus
1539 1362 1669 1415 visis
1718 1359 1800 1415 de
1834 1362 1941 1415 Deo
1991 1360 2318 1414 insinuetur.
2357 1360 2530 1413 Aliter
2566 1374 2755 1413 vocem
2812 1362 2961 1415 aliud
3008 1362 3061 1415 in
3101 1362 3301 1415 divinis
3348 1359 3587 1428 usurpat

338 1431 680 1486 Athanasius
727 1431 780 1481 in
838 1427 1057 1501 Dialogo
1096 1432 1376 1486 orthodoxi
1414 1445 1461 1487 et
1500 1431 1747 1496 Anomii,
1788 1432 2064 1485 dicensu
2094 1430 2252 1484 Aliud
2307 1438 2389 1485 est
2429 1430 2754 1501 substantia,
2809 1440 2865 1485 et
2919 1432 3066 1486 aliud
3119 1446 3370 1501 persona,
3427 1427 3585 1485 aliud

339 1512 395 1555 et
456 1501 639 1567 aliud;
693 1500 1010 1570 compositio
1075 1503 1302 1569 igitur.»
1371 1503 1436 1557 Et
1487 1518 1546 1557 se
1599 1500 1901 1570 esplicans,
1952 1502 2024 1554 ait
2073 1519 2085 1553 :
2135 1502 2331 1555 «Aliud
2390 1509 2446 1553 et
2502 1500 2647 1552 aliud
2682 1500 2833 1568 dixi,
2896 1517 3001 1556 non
3060 1500 3271 1555 utrem
3304 1502 3471 1556 aliam
3532 1511 3589 1556 et

339 1572 526 1638 aliam,
580 1571 673 1626 sed
709 1580 768 1644 nt
818 1569 964 1623 aliud
1020 1572 1361 1639 signiﬁcante
1403 1569 1683 1644 persona,
1714 1581 1768 1626 et
1796 1571 1954 1644 aliud
1986 1571 2310 1644 substantia
2338 1572 2518 1644 :_s_icut
2566 1570 3106 1644 granumifrumenti
3150 1573 3351 1644 dicitur
3399 1583 3460 1627 et
3500 1582 3588 1626 est

338 1658 545 1700 semen.
598 1651 653 1696 et
705 1640 933 1711 fructus,
987 1658 1094 1695 non
1144 1658 1229 1695 res
1271 1644 1375 1697 alia
1404 1640 1478 1698 'et
1528 1642 1671 1708 alia;
1714 1642 1806 1697 sed
1855 1640 1999 1695 aliud
2055 1640 2186 1710 quid
2233 1640 2504 1711 signiﬁcat
2544 1654 2751 1711 semen,
2782 1642 2927 1697 aliud
2971 1642 3203 1696 fructus.
3234 1661 3252 1694 ι
3280 1641 3381 1697 Ubi
3422 1653 3582 1706 nota,

337 1714 481 1781 quod
521 1712 666 1767 aliud
713 1710 913 1763 dicitur
962 1712 1270 1782 signiﬁcare
1300 1715 1353 1769 in
1384 1714 1587 1769 divinis
1637 1712 1963 1776 substantia,
1998 1722 2053 1765 et
2093 1712 2239 1765 aliud
2287 1710 2518 1781 persona
2544 1728 2558 1776 ;
2584 1710 2710 1779 quia
2744 1712 2872 1767 licet
2898 1728 3057 1767 unam
3086 1722 3139 1767 et
3170 1712 3417 1766 eamdem
3464 1728 3585 1767 rem

339 1784 639 1837 substantia
671 1788 726 1835 et
774 1795 1003 1852 persona
1047 1783 1377 1848 signiﬁcent,
1423 1784 1583 1838 aliter
1630 1793 1810 1836 tamen
1856 1796 1975 1835 eam
2028 1782 2301 1851 significat
2343 1783 2681 1846 substantia,
2723 1793 2780 1837 et
2813 1784 2971 1837 aliter
3017 1798 3285 1852 persona;
3324 1793 3385 1835 et
3426 1792 3587 1837 recte

339 1856 544 1907 dicitur
584 1853 771 1907 Grzece
797 1849 923 1903 ἄλλο
962 1853 1056 1905 καὶ
1088 1853 1233 1913 ἄλλο,
1270 1856 1320 1906 id
1349 1865 1431 1907 est
1463 1854 1609 1907 aliud
1651 1863 1697 1906 et
1740 1853 1914 1915 aliud,
1950 1853 2039 1905 ubi
2069 1849 2243 1907 Solum
2282 1861 2364 1907 est
2399 1851 2538 1922 alius
2560 1861 2617 1905 et
2640 1852 2777 1907 alius
2807 1855 2998 1909 modus
3017 1849 3390 1922 signiﬁcandi.
3421 1852 3588 1907 Sicut

338 1940 522 1978 semen
555 1933 608 1979 et
648 1923 859 1975 fructus
890 1938 1049 1977 uuam
1086 1940 1196 1976 rem
1227 1926 1563 1994 signiﬁcant,
1596 1938 1825 1993 granum
1857 1922 2070 1994 scilicet
2113 1922 2407 1994 frumenti;
2438 1920 2582 1994 aliud
2612 1930 2794 1975 tamen
2836 1932 2890 1977 et
2920 1920 3366 1977 aliud—dicuntur
3403 1924 3585 1991 signi-

339 1997 525 2057 ﬁcare,
564 2010 669 2049 non
718 2004 973 2059 tatrquam
1013 1994 1173 2046 aliam
1218 1991 1469 2048 et'aliam
1514 1991 1651 2055 rem,
1688 1994 1781 2047 sed
1816 1994 1945 2061 quia
1984 1993 2145 2046 aliter
2185 1992 2460 2061 signiﬁcat
2508 1991 2652 2045 illam
2694 2009 2856 2047 unam
2913 2009 3025 2048 rem
3079 2008 3285 2054 semen,
3316 2002 3374 2045 et
3414 1994 3585 2049 aliter

338 2065 569 2119 fructus.
619 2063 817 2118 Semen
843 2063 987 2134 enim
1025 2064 1096 2115 ita
1137 2064 1409 2134 signiﬁcat
1450 2080 1681 2134 granum
1727 2062 2015 2134 frumenti,
2047 2074 2108 2134 ut
2154 2062 2523 2134 intelligamus
2559 2062 2611 2134 in
2656 2076 2723 2117 eo
2752 2064 3022 2134 contineri
3066 2062 3405 2117 seminaliter
3429 2066 3582 2120 aliud

336 2136 535 2199 simile,
576 2148 757 2189 semen
801 2132 945 2184 enim
982 2142 1084 2196 est,
1119 2132 1311 2201 inquo
1341 2145 1426 2189 est
1456 2132 1631 2188 virtus
1663 2132 1943 2187 semiualis
1991 2133 2057 2187 ad
2106 2133 2516 2200 producendum
2550 2133 2693 2186 aliud
2731 2134 2932 2189 simile.
2982 2133 3211 2188 Fructus
3239 2143 3421 2186 autem
3466 2151 3581 2190 non

336 2206 416 2260 sic
455 2206 732 2271 signiﬁcat
763 2216 993 2271 granum
1042 2202 1326 2268 frumenti,
1354 2206 1448 2259 sed
1478 2221 1599 2259 esse
1630 2203 1868 2257 fructum
1901 2204 2130 2273 alterius
2163 2203 2277 2256 sive
2330 2203 2653 2273 productum
2682 2204 2749 2257 ab
2782 2205 2916 2273 alio;
2950 2206 3030 2259 sic
3065 2204 3230 2257 etiam
3262 2204 3582 2260 substantia

332 2284 388 2329 et
421 2291 651 2344 persona
683 2290 787 2327 una
826 2287 913 2325 res
944 2283 1089 2334 sunt,
1115 2286 1168 2326 et
1191 2291 1351 2328 unam
1388 2291 1498 2329 rem
1530 2274 1860 2341 signiﬁcant,
1886 2272 1980 2326 sed
2010 2273 2183 2344 ialiter
2208 2288 2318 2326 rem
2351 2272 2630 2344 signiﬁcat
2661 2288 2920 2342 persena,
2953 2274 3163 2329 scilicet
3191 2273 3579 2344 singulariter,

332 2343 641 2400 substantia
672 2358 801 2397 vero
822 2346 1212 2415 communiter.
1249 2362 1266 2395 ι
1296 2345 1470 2411 Quam
1516 2346 1659 2400 enim
1703 2344 1973 2397 rati0netu
2009 2343 2173 2397 habet
2213 2358 2499 2415 epmmuue
2536 2343 2602 2396 ad
2647 2345 2925 2415 proprium
2952 2346 3053 2415 (ait
3081 2343 3309 2397 Basilius
3340 2344 3396 2397 in
3451 2348 3579 2412 epi-

336 2416 473 2470 stola
506 2418 571 2470 ad
605 2413 983 2481 Terentium),
1018 2415 1160 2468 hanc
1193 2415 1359 2469 habet
1396 2416 1700 2469 substantia
1728 2415 1795 2469 ad
1824 2428 2133 2481 personam.
2163 2433 2180 2465 ι
2214 2411 2313 2466 Hic
2349 2414 2516 2482 igitur
2537 2411 3007 2483 modusdivcrsus
3034 2415 3371 2483 significandi
3407 2411 3581 2469 unam

334 2487 541 2554 alioqui
572 2495 626 2542 et
660 2484 904 2538 eamdem
934 2500 1071 2546 rem,
1105 2495 1333 2538 vocatur
1361 2486 1428 2540 ab
1456 2486 1754 2539 Athanasio
1787 2485 1936 2538 aliud
1963 2491 2015 2535 et
2044 2485 2223 2549 aliud;
2255 2500 2361 2537 non
2401 2487 2529 2551 quia
2560 2482 2667 2554 alia
2698 2492 2753 2538 et
2783 2485 2888 2538 alia
2923 2501 3011 2540 res
3042 2482 3136 2549 sit,
3170 2484 3266 2537 sed
3300 2484 3432 2552 quia
3466 2501 3580 2539 una

332 2553 600 2611 eteadem
639 2570 727 2609 res
756 2554 860 2605 alio
892 2566 945 2608 et
970 2555 1077 2608 alio
1125 2556 1283 2609 modo
1313 2557 1675 2626 signiﬁcatur.
1710 2554 1945 2610 Possunt
1972 2555 2118 2608 enim
2153 2569 2273 2610 esse
2305 2554 2466 2607 unius
2497 2553 2573 2606 rei
2612 2556 2761 2622 plura
2801 2558 3041 2619 nomina,
3087 2565 3147 2608 ut
3181 2569 3343 2607 unum
3370 2570 3579 2610 nomen

356 2628 571 2680 tlurium
607 2639 809 2680 rerum.

333 2643 870 2752 pl'lirilildgirfrbliyina
903 2696 1112 2763 quidem
1152 2699 1396 2766 latitudo,
1423 2708 1529 2753 etc.
1559 2697 1760 2752 Aliudit
1806 2696 1871 2748 ad
1920 2694 2098 2749 locum
2137 2692 2383 2766 Apostoli
2428 2694 2495 2766 ad
2548 2692 2809 2766 Ephesios
2853 2710 2937 2759 Ill,
2973 2700 3065 2762 18,
3097 2698 3187 2764 qui
3223 2697 3375 2749 locus
3417 2710 3582 2749 com-

332 2771 492 2826 mode
536 2768 713 2836 accipi
748 2774 926 2837 p0te_st
959 2766 1024 2820 de
1052 2764 1272 2824 Christo
1305 2764 1411 2837 qua
1458 2770 1621 2823 Deus.
1655 2767 1807 2822 Licet
1836 2767 1980 2819 enim
2010 2764 2200 2819 omnes
2229 2764 2598 2837 dimensiones
2640 2765 2705 2837 iu
2724 2765 2835 2820 Deo
2859 2781 3026 2819 unum
3060 2767 3190 2837 sint,
3218 2780 3432 2834 unaque
3464 2768 3580 2819 im-

334 2839 621 2901 mensitas,
653 2835 832 2909 sitque
867 2835 1006 2909 Dens
1037 2843 1194 2908 quasi
1226 2835 1438 2909 sphaera
1468 2838 2051 2909 iutelligibiliscareus
2085 2835 2470 2909 dimensione,_
2497 2844 2553 2889 ut
2589 2836 2827 2909 explicat
2871 2836 3216 2909 Ambrosius,
3256 2846 3436 2887 tamen
3485 2838 3579 2909 di-

334 2910 647 2966 mensiones
678 2909 731 2963 in
768 2904 1310 2979 Deo_distinguendo,
1345 2913 1424 2965 uti
1460 2912 1513 2963 in
1547 2904 1747 2963 creatis
1790 2906 2226 2979 distinguuntur,
2268 2905 2569 2979 secundum
2604 2904 2943 2975 Dionysium,
2988 2906 3216 2979 latitudo
3254 2917 3337 2960 est
3390 2908 3579 2974 provi-

332 2981 530 3036 dentia:
571 2991 858 3049 praeesses
888 2976 995 3032 late
1041 2976 1342 3049 eipansus;
1380 2980 1675 3049 longitudo,
1701 2976 2096 3049 omnipotentia
2126 2991 2185 3030 se
2222 2976 2289 3049 ad
2325 2976 2503 3049 omnia
2542 2979 2881 3049 extendens;
2912 2976 3259 3049 profundum,
3300 2991 3579 3049 arcanum

330 3052 424 3106 Dei
471 3046 736 3119 ignotum.
790 3046 1123 3104 Secundum
1150 3052 1288 3105 alios
1333 3046 1545 3115 Patres,
1575 3049 1853 3119 longitudo,
1880 3048 2180 3119 teteruitas,
2213 3046 2441 3119 latitudo
2471 3047 2895 3119 omnipotentia,
2931 3047 3230 3119 sublimitas
3262 3055 3346 3099 est
3376 3048 3575 3119 divina

331 3116 613 3191 maiestas,
650 3119 979 3191 profundum
1015 3122 1245 3191 abysstts
1279 3120 1609 3191 judiciorum
1657 3116 1711 3175 et
1743 3117 2025 3191 sapientiae
2072 3116 2301 3191 Dei.__lta
2353 3125 2576 3191 sanctus
2615 3116 2930 3191 Ausehuus,
3048 3116 3314 3191 Tilomas,
3345 3126 3415 3191 ειΔ
3446 3117 3575 3191 alii.

327 3185 481 3263 Alios
704 3185 902 3263 sensus
932 3185 1223 3263 videapud
1257 3185 1316 3246 Ρ.
1350 3190 1658 3263 Cornelium
1696 3191 1748 3243 in
1780 3185 2165 3263 Epistolamad
2188 3185 2462 3263 Ephesios.
2493 3186 2861 3263 i’_r;_e_reliqui_s
2894 3187 3028 3263 mihi
3056 3186 3255 3263 placet_
3274 3188 3580 3263 explicatio

332 3260 397 3318 P.
426 3255 607 3317 Las-sil
628 3255 722 3316 ΠΙ).
764 3276 803 3315 ιι
853 3258 930 3315 De
958 3255 1366 3330 perfectionibus
1400 3261 1615 3325 divinis,
1647 3276 1770 3329 cap.
1813 3259 1863 3322 l,
1889 3260 1959 3330 ita
1994 3257 2353 3330 ul‘longt'tttdo
2386 3256 2586 3330 sitDei
2620 3255 3034 3330 longanimitas,
3057 3255 3113 3330 et
3146 3257 3432 3324 patientia,
3459 3273 3577 3324 qua

334 3343 414 3389 tot
447 3334 659 3389 smcnlis
690 3325 965 3387 sustinuit
991 3325 1334 3402 peceatores,
1364 3341 1692 3400 exspectans
1715 3325 1811 3383 eos
1836 3329 1901 3382 ad
1932 3325 2608 3402 pmnitentiain;_tatitudo
2658 3328 2896 3402 sit__ejus
2931 3328 3207 3402 charitas,
3238 3342 3346 3395 qua
3379 3342 3578 3402 omnes

327 3415 546 3472 gentes,
582 3407 745 3460 etiam
791 3396 1060 3469 inimicus,
1096 3396 1518 3472 complectitur;
1568 3402 1873 3472 sublimitas
1916 3397 2100 3467 gloriae
2143 3396 2429 3463 celsitudo,
2480 3413 2643 3467 quam
2693 3397 3050 3469 diligentibus
3098 3411 3159 3453 se
3203 3400 3574 3466 praeparavit;

342 3469 667 3541 profundum
695 3478 976 3533 damnatio
1006 3484 1058 3526 et
1096 3469 1437 3527 miseriarum
1466 3472 1693 3541 alxyssus
1727 3469 1908 3541 impiis
1933 3478 2253 3541 praeparata.

398 3536 545 3617 ς’νι.
578 3546 815 3603 Similem
862 3564 978 3600 vero
1030 3544 1198 3598 Deum
1249 3544 1461 3617 siquis
1507 3536 1672 3617 dicat,
1715 3536 1825 3594 etc.
1856 3538 2038 3617 l’rituo
2069 3540 2248 3617 docet,
2276 3552 2385 3617 non
2417 3538 2856 3617 improbandum
2887 3553 3082 3617 nomen
3127 3536 3317 3591 similis
3346 3537 3400 3616 in
3434 3538 3573 3615 Deo,

324 3608 591 3690 quatenus
620 3618 721 3672 sibi
762 3618 862 3690 ipsi
904 3619 1099 3690 similis
1130 3630 1251 3690 esse
1280 3608 1503 3690 dicitur,
1548 3612 1760 3690 scilicet
1788 3610 1962 3690 nnite,
2011 3608 2442 3687 impar-tibititer,
2474 3612 2672 3690 quippe
2713 3611 2893 3690 omnis
2939 3610 3133 3677 partis,
3166 3608 3580 3690 tuutatiouiset

327 3678 619 3745 alteritatis
658 3678 878 3758 expers.
910 3688 1085 3743 Simili
1124 3688 1235 3739 fere
1261 3686 1433 3758 modo
1467 3684 1720 3758 loquendi
1743 3680 1971 3758 dicitur
2000 3678 2080 3731 vir
2103 3689 2362 3758 constans
2395 3692 2450 3733 et
2487 3678 2754 3758 prudens,
2791 3681 2895 3758 sibi
2931 3694 3150 3758 semper
3178 3694 3301 3734 esse
3334 3680 3573 3758 suuilis,

329 3760 473 3829 quod
505 3773 687 3814 mores
714 3750 842 3814 suos
878 3759 1179 3814 secundum
1219 3755 1482 3807 virtutem
1518 3750 1572 3807 in
1606 3752 1752 3806 omni
1786 3766 1915 3829 casu
1949 3762 2005 3829 et
2032 3757 2226 3829 eventu
2259 3764 2412 3829 aequa
2450 3752 2680 3829 ratione
2712 3752 2966 3829 similiter
2994 3750 3325 3829 moderetur,
3353 3750 3579 3829 scilicet

325 3820 539 3900 aequam
591 3845 800 3884 memor
830 3833 881 3884 in
924 3831 1178 3900 omnibus
1205 3839 1455 3900 servare
1498 3834 1758 3900 tuentem.
1791 3822 2047 3900 Secundo
2080 3820 2243 3900 dicit,
2271 3823 2414 3887 quod
2435 3820 2575 3900 beet
2612 3822 2993 3900 aliquo_modo
3024 3822 3378 3883 concedatur,
3421 3820 3576 3899 quod

324 3890 583 3954 creatura
617 3901 689 3954 sit
738 3901 936 3955 similis
967 3899 1099 3963 Deo,
1129 3896 1276 3951 nullo
1320 3903 1502 3949 tamen
1542 3895 1704 3948 modo
1731 3890 2271 3963 concedendumsit,
2296 3890 2445 3963 quod
2495 3890 2637 3945 Deus
2675 3895 2749 3946 sit
2776 3891 2972 3946 similis
3001 3901 3311 3956 creaturae;
3343 3892 3470 3963 quia
3515 3890 3576 3940 in

327 3972 440 4037 his,
473 3969 669 4036 inquit,
704 3985 821 4038 qua:
862 3971 1022 4025 unius
1065 3959 1193 4024 sunt
1234 3966 1465 4038 ordinis,
1501 3965 1763 4038 recipitur
1795 3971 1985 4015 mutua
2040 3961 2361 4038 similitudo,
2390 3963 2821 4038 nonnautem‘in
2854 3970 3389 4038 causamcausam.
3420 3959 3577 4038 Diei:

325 4029 449 4096 mus
483 4029 629 4092 enim
656 4029 798 4109 quod
843 4042 1021 4109 imago
1050 4040 1123 4094 sit
1157 4037 1354 4093 similis
1401 4029 1631 4109 homini,
1653 4045 1725 4109 _et
1756 4047 1925 4109 none
1959 4044 2255 4109 converso.
2282 4029 2350 4085 Et
2376 4032 2629 4109 similiter
2645 4035 2966 4109 diei-potest
2997 4031 3179 4101 aliquo
3207 4031 3387 4095 modo,
3421 4032 3576 4109 quod

328 4120 583 4165 creatura
614 4100 687 4165 sii
718 4111 915 4165 similis
953 4100 1089 4175 Deo;
1123 4125 1227 4163 non
1263 4120 1445 4163 tamen
1476 4106 1619 4173 quod
1653 4103 1796 4157 Deus
1833 4102 1905 4156 sit
1928 4100 2123 4175 similis
2158 4112 2447 4175 creaturae.
2480 4102 2620 4155 llinc
2642 4102 2704 4175 υ.
2730 4100 2989 4175 Thomas,
3030 4100 3185 4170 parte
3212 4118 3251 4166 ι,
3283 4112 3479 4175 quaeSt.
3509 4102 3571 4175 ᾇ,

329 4183 488 4237 artic.
530 4180 584 4246 ὃ,
618 4184 836 4250 qumrit,
868 4191 1046 4235 utrum
1077 4170 1260 4249 aliqua
1285 4170 1538 4231 creatura
1570 4175 1742 4243 possit
1783 4187 1904 4250 esse
1931 4171 2124 4250 similis
2158 4170 2303 4235 Deo;
2337 4182 2392 4224 et
2432 4174 2740 4250 respondet,
2789 4189 2911 4227 cum
2960 4173 3102 4226 Deus
3135 4176 3221 4250 sit.
3251 4172 3573 4250 universale

328 4266 521 4321 agens,
558 4242 612 4305 et
636 4242 979 4321 principium
1014 4242 1189 4306 totius
1224 4262 1365 4314 esse,
1397 4263 1503 4300 non
1536 4242 1853 4321 cententum
1893 4244 1944 4297 in
1976 4243 2154 4321 aliqua
2204 4256 2384 4321 specie
2416 4244 2497 4295 vel
2526 4257 2749 4321 genere,
2778 4254 3073 4321 ereaturas
3100 4245 3150 4297 ei
3178 4242 3393 4321 similes
3419 4257 3571 4321 esse,

329 4313 435 4376 non
480 4313 780 4377 secundum
815 4313 1063 4376 eamdem
1098 4313 1413 4389 speciﬁcam
1446 4326 1540 4371 aut
1574 4316 1880 4385 genericam
1918 4315 2215 4375 rationem,
2250 4313 2348 4389 sed
2399 4318 2697 4389 secontioni
2740 4314 3035 4389 aliqualetn
3068 4313 3571 4389 analogiam._cutn

326 4394 472 4446 enim
504 4393 683 4447 omnis
711 4394 938 4448 effectus
970 4383 1307 4446 assitu'iietur
1345 4403 1456 4441 sua:
1494 4383 1693 4451 cansze,
1747 4394 1805 4439 ut
1827 4399 1948 4453 quae
1986 4384 2299 4435 necessario
2330 4383 2380 4435 in
2407 4400 2467 4438 se
2506 4383 2588 4436 vel
2627 4384 2931 4439 formaliter
2954 4385 3038 4437 vel
3067 4386 3372 4439 eminenter
3400 4385 3573 4437 habet

329 4463 594 4530 quidquid
637 4464 795 4518 alteri
836 4465 1077 4527 confert,
1108 4462 1236 4514 hinc
1270 4460 1449 4514 omnis
1484 4466 1736 4530 creatura
1771 4454 2107 4530 assimilatur
2141 4454 2269 4530 Deo,
2302 4454 2492 4530 saltem
2524 4465 2793 4523 quatenus
2826 4455 3049 4530 est,_vei
3086 4457 3253 4530 etiam
3290 4465 3570 4530 quatenus

326 4524 494 4597 mn;
510 4544 561 4585 et
588 4536 831 4587 omnium
866 4524 1268 4602 perfectissime
1310 4529 1612 4602 rationalis,
1637 4542 1763 4602 quae
1799 4526 1914 4579 sola
1943 4525 2006 4579 ad
2040 4524 2332 4589 imaginem
2365 4525 2459 4602 Dei
2492 4535 2680 4579 creata
2707 4536 2813 4602 est.
2841 4527 2962 4602 Etsi
2991 4537 3175 4579 autem
3209 4528 3326 4579 haec
3361 4526 3570 4602 simili-

328 4596 751 4658 tudo’ronsistat
803 4596 882 4659 iu'
913 4602 1336 4673 participatione
1360 4600 1603 4667 ejusdem
1633 4596 1846 4673 l‘oruue,
1871 4612 1993 4673 Anon
2027 4605 2204 4647 tamen
2245 4597 2545 4673 secundum
2574 4598 2821 4673 eamdem
2860 4599 3158 4673 rationem,
3189 4602 3281 4673 sed
3334 4597 3568 4650 omnino

326 4673 633 4737 diversam;
672 4690 798 4728 nam
836 4666 981 4741 esse,
1012 4666 1218 4735 vivere,
1248 4666 1461 4738 sapere,
1495 4678 1742 4741 respectu
1790 4666 1883 4721 Dei
1923 4678 1979 4721 et
2024 4676 2314 4741 creaturae,
2344 4666 2432 4718 vel
2474 4668 2895 4741 mquivoea,_vel
2938 4672 3093 4741 valde
3135 4668 3367 4735 analoga
3412 4678 3565 4731 sunt,

326 4741 559 4809 ideoque
604 4736 655 4797 in
702 4745 786 4798 bis
835 4736 1067 4799 nonest
1110 4736 1393 4811 reciproca
1446 4738 1776 4802 similitudo,
1812 4741 1936 4805 quia
1978 4739 2081 4792 etsi
2139 4736 2514 4811 creaturasit
2553 4737 2909 4811 similisDeo,
2945 4740 3087 4793 Deus
3121 4749 3440 4796 tamennon
3476 4750 3566 4793 est

328 4807 527 4866 similis
564 4824 853 4877 creaturae,
889 4818 1046 4885 cujus
1070 4807 1346 4885 ratio—est,
1380 4812 1502 4885 quia
1539 4819 1911 4885 creaturaest
1934 4811 2078 4885 laeta
2116 4810 2193 4885 ad
2217 4808 2512 4885 quamdam
2550 4807 3146 4885 Deiassitnilatiouem,
3177 4824 3413 4885 eumque
3441 4812 3567 4864 imi—

329 4890 503 4945 tatur,
540 4895 854 4938 nontamen
903 4878 1119 4938 contra.
1168 4883 1321 4937 Unde
1354 4878 1634 4949 reciproca
1680 4878 1981 4933 similitudo
2021 4879 2291 4946 reperitur
2337 4879 2393 4931 in
2439 4879 2544 4933 illis
2583 4880 2715 4933 solis
2760 4896 2879 4947 qua:
2924 4884 3261 4949 participant.
3322 4883 3563 4934 formam

330 4953 577 5020 ejusdem
612 4954 864 5008 rationis.
892 4954 1026 5009 Vide
1051 4954 1163 5007 hzec
1192 4952 1370 5006 fusius
1404 4968 1431 5005 a
1457 4952 1522 5006 1).
1552 4951 1763 5003 Thoma
1799 4951 1921 5006 loco
1944 4962 2116 5005 ettato
2149 4950 2201 5003 in
2230 4964 2463 5020 e_orpore
2493 4951 2786 5018 explicata.

398 5022 426 5091 ἓ
462 5022 571 5077 Vll.
606 5022 884 5091 Scriptura
924 5026 1050 5077 dicit
1082 5022 1250 5075 Deum
1291 5039 1400 5077 esse
1446 5022 1777 5075 dissimilem.
1810 5020 1948 5074 Nota
1983 5039 2105 5076 cum
2138 5021 2199 5074 υ.
2235 5018 2444 5092 Tuoma
2485 5038 2651 5089 supra
2684 5031 2874 5089 citato,
2922 5038 3045 5076 cum
3077 5039 3233 5077 sacra
3270 5024 3561 5092 Scriptura

323 5094 461 5147 dicit
492 5094 695 5162 aliquid
753 5110 860 5147 non
912 5110 1032 5148 esse
1073 5094 1250 5147 simile
1294 5093 1423 5161 Deo,
1456 5095 1508 5147 id
1545 5109 1650 5145 non
1681 5109 1808 5147 esse
1858 5095 2194 5147 contrarium
2241 5091 2623 5147 assundlationi
2664 5094 2731 5145 ad
2774 5095 2990 5161 ipsum;
3021 5098 3213 5148 eadem
3247 5091 3561 5150 enituisunt

323 5163 524 5218 similia
560 5163 669 5217 Deo
696 5175 751 5219 et
782 5165 1083 5218 dissimilia.
1115 5163 1325 5217 Similia
1368 5166 1612 5231 quidem,
1647 5165 1943 5217 secundum
1991 5166 2138 5232 quod
2183 5162 2469 5216 imit-antur
2515 5166 2713 5232 ipsum,
2755 5177 2915 5228 prout
2959 5168 3143 5220 valent
3177 5182 3302 5221 eum
3354 5170 3559 5220 imitari

324 5233 416 5300 qui
456 5250 563 5289 non
600 5238 841 5303 perfecte
873 5233 1159 5289 imitabilis
1206 5245 1307 5287 est.
1340 5234 1655 5288 Dissimilia
1686 5250 1838 5300 vero,
1882 5239 2181 5289 secundum
2215 5236 2360 5303 quod
2406 5236 2669 5289 deﬁciunt
2696 5252 2725 5289 a
2752 5252 2847 5289 sua
2871 5254 3062 5300 causa,
3106 5253 3213 5291 uolt
3246 5239 3424 5291 solum
3466 5256 3557 5291 se—

325 5304 562 5378 cundum
607 5321 758 5358 suam
802 5306 1160 5378 iutensiouem
1200 5315 1254 5357 et
1297 5308 1696 5378 remissionem,
1728 5307 1872 5359 sicut
1912 5308 2092 5359 minus
2146 5306 2327 5359 album
2364 5308 2547 5360 deﬁcit
2578 5324 2609 5361 a
2637 5322 2809 5378 magis
2844 5310 2995 5376 albo,
3022 5312 3119 5363 sed
3163 5310 3291 5378 quia
3341 5326 3450 5365 non
3473 5320 3558 5365 est

322 5376 712 5445 convenientia
753 5390 851 5430 nec
888 5374 1183 5429 secundum
1221 5376 1482 5442 speciem,
1507 5392 1606 5431 nec
1644 5380 1945 5431 secundum
1979 5393 2167 5445 genus.

394 5442 597 5523 ςιηι.
636 5446 776 5510 Quid
806 5456 982 5524 autem
1023 5446 1089 5497 de
1118 5446 1291 5524 diuini)
1328 5457 1473 5524 statu
1500 5447 1586 5524 _vel
1626 5453 1748 5524 sede
1763 5442 2038 5524 dicamus.
2071 5450 2207 5502 hota
2248 5464 2371 5524 cum
2402 5449 2465 5505 D.
2501 5448 2709 5504 Tltoma
2746 5451 2812 5524 ad
2838 5451 2982 5509 hunc
3009 5454 3210 5524 locum,
3242 5462 3354 5517 Deo
3386 5458 3556 5515 tribui

329 5514 621 5569 stationem
656 5528 711 5569 et
744 5518 1045 5570 sessionem
1078 5515 1389 5583 tripliciter.
1420 5513 1607 5569 Primo
1645 5520 1888 5586 quidem,
1912 5529 2180 5587 quantum
2210 5521 2276 5589 ad
2307 5519 2410 5574 hoc
2436 5526 2582 5589 quod
2617 5524 2734 5589 ipse
2763 5523 2817 5575 iu
2864 5542 2924 5581 se
2966 5530 3155 5583 existit
3182 5513 3370 5584 {Dens
3402 5513 3555 5584 enim

324 5599 431 5670 non
454 5595 577 5670 sint
612 5602 789 5670 neque
818 5589 982 5670 sedet
1022 5596 1279 5670 tanquam
1311 5598 1651 5670 sustentatus
1684 5591 1736 5642 iu
1766 5591 1948 5657 aliquo
1979 5590 2169 5670 altero,
2203 5601 2347 5644 sicut
2377 5607 2497 5659 nos,
2537 5596 2705 5670 sedin
2732 5595 2913 5666 seipse
2958 5610 3161 5665 manet,
3193 5619 3298 5654 non
3328 5601 3552 5670 quidem

320 5655 623 5739 mobiliter,
653 5657 793 5739 sicut
816 5658 981 5739 homo
1011 5658 1167 5739 sedet
1200 5655 1446 5735 in'sede,
1486 5673 1514 5709 a
1550 5674 1655 5739 qua
1684 5655 1874 5728 potest
1896 5663 2199 5739 removeri;
2228 5676 2405 5739 neque
2436 5655 2753 5739 secundum
2782 5655 3022 5739 aliquam
3054 5655 3429 5726 diversitatEm
3466 5675 3554 5725 sui

314 5738 343 5773 a
376 5737 464 5788 se,
492 5726 629 5777 sicut
655 5726 833 5781 ddl‘ert
865 5728 1025 5782 homo
1058 5743 1083 5779 a
1118 5726 1235 5783 loco
1269 5726 1316 5779 in
1361 5743 1468 5799 quo
1513 5734 1659 5783 sedet
1686 5726 1780 5785 aut
1807 5741 1934 5792 Stat,
1966 5734 2059 5787 sed
2098 5726 2393 5789 secundum
2434 5735 2764 5800 immobilem
2810 5726 3181 5813 idéntitatem;
3229 5761 3407 5815 neque
3456 5746 3557 5800 ite-
