3866 6232
548 350 655 406 925
1719 353 1777 409 S.
1813 352 2114 411 DIONYSII
2150 354 2615 413 AREOPAGITAE
3645 367 3714 422 9‘25

550 486 673 526 nem
706 478 890 525 autem
919 471 1340 529 simulacrorum
1368 485 1396 525 a
1429 472 1725 541 gentilibus
1751 473 1818 527 ad
1842 475 2077 528 veritatei

2185 497 2200 535 ι
2228 476 2457 530 καθόσον
2480 479 2616 541 ἐστὶ,
2641 478 3027 549 θεωρήσωμεν.
3047 480 3158 549 Τὴν
3174 480 3231 535 δὲ
3255 480 3393 547 λέξιν
3410 483 3508 537 τῶν
3534 488 3712 560 ἀγαλμά-

549 563 829 629 traduxit;
860 564 934 617 illi
962 568 1104 619 eiiim
1130 566 1281 633 quasi
1304 566 1566 635 quasdam
1595 576 1807 622 statuas
1831 567 2073 622 facieban

2231 585 2337 620 των
2368 569 2424 635 ἐξ
2467 570 2731 641 Ἑλλήνων
2776 573 2871 624 ἐπὶ
2911 571 2974 624 τὸ
3006 571 3204 641 ἀληθὲς
3239 577 3553 646 μετήγαγεν·
3577 584 3714 637 ἐκεῖνοι

548 655 803 709 manilius
842 654 1181 725 pedibusque
1211 658 1523 722 destitutas,
1555 659 1654 713 has
1700 670 1883 715 autem
1919 662 2075 734 Ἐρμέ

2228 662 2338 731 γὰρ
2366 657 2477 715 οἷόν
2498 679 2648 726 τινας
2673 664 2994 735 ἀνδριάντας
3021 666 3258 729 ἐποίουν,
3290 670 3420 738 μήτε
3445 675 3601 743 χεῖρας
3626 680 3712 749 μήτε

545 763 641 800 seu
680 744 1027 801 Mercuriales
1067 750 1432 818 appellabant,
1456 754 1656 822 quippe
1682 753 1837 817 lixas,
1869 758 2065 810 uuonia

2229 754 2391 819 πόδας
2420 754 2642 826 ἔχοντας
2663 772 2677 785 ’
2705 755 2927 820 τούτους
2953 757 3010 810 δὲ
3057 758 3262 829 Ἑρμᾶς
3287 761 3518 826 ἐκάλουν,

544 844 824 909 quadratae
852 852 1046 907 erant;
1082 842 1165 896 vel
1203 858 1386 898 rerum
1439 845 1805 913 quarumdam
1866 846 2071 902 indices

2230 848 2507 917 στεῤῥοὺς,
2548 848 2877 919 τετράγωνοι
2918 848 3026 919 γάρ
3056 845 3227 920 ἦσαν·
3261 850 3293 922 ἢ
3335 854 3629 923 ὲμφατικούς
3661 879 3713 913 τι.

541 933 719 1004 ὲρμῆς
749 933 894 986 enim
938 933 1047 987 vim
1082 934 1356 989 sermonis
1399 934 1660 1005 explicat,
1694 937 1892 1007 quippe
1938 937 2068 1007 proli

2225 954 2359 990 νων·
2398 938 2603 1009 Ἐρμῆς
2627 938 2737 1009 γὰρ
2773 940 2806 1010 ἡ
2834 939 2931 993 τοῦ
2970 940 3128 1010 λόγου
3160 942 3411 1013 ἔμφασις,
3440 945 3508 1010 ὡς
3528 965 3716 1021 προφορι.

542 1040 669 1079 rens
699 1026 749 1078 id
783 1025 927 1095 quod
962 1026 1187 1080 insitum
1222 1036 1277 1081 et
1308 1028 1612 1083 internum.
1666 1028 1969 1083 Faciebant
2028 1031 2067 1084 it

2224 1029 2319 1093 κὸς
2357 1030 2451 1083 τοῦ
2493 1032 2801 1085 ἐνδιαθέτου
2850 1034 2945 1087 καὶ
2985 1034 3281 1107 ἐνδοτέρου.
3334 1040 3557 1093 Ἑποίουν
3595 1046 3715 1098 τοίνυν

538 1130 645 1184 que
691 1115 807 1170 illas
851 1131 1122 1171 concavas
1166 1126 1354 1186 portas
1404 1118 1690 1185 habentes,
1736 1129 1899 1189 atque
1930 1120 1981 1173 in
2016 1120 2065 1174 ill

2221 1122 2417 1186 αὐτοὺς
2452 1122 2734 1187 διακένους
2783 1124 2954 1196 θύρας
2989 1126 3233 1196 ἔχοντας,
3272 1132 3364 1185 καὶ
3394 1133 3574 1187 ἔσωθεν
3596 1138 3716 1189 αὐτῶν

537 1204 829 1260 simulacra
864 1206 1211 1261 collocabant
1255 1206 1479 1262 deorum
1514 1224 1653 1277 quos
1694 1210 2062 1265 venerabantu

2222 1216 2469 1270 ἐτίθεσαν
2518 1218 2811 1289 ἀγάλματα
2867 1215 2942 1274 ὧν
2987 1221 3236 1275 ἐσέϐοντο
3301 1225 3454 1290 θεῶν,
3496 1228 3654 1292 ἔξωθεν
3681 1230 3715 1282 δὲ

536 1296 740 1350 deforis
781 1306 962 1351 autem
996 1297 1117 1351 illas
1149 1298 1501 1356 claudebant.
1539 1299 1685 1354 Viles
1727 1316 1859 1371 ergo
1891 1318 2063 1371 appari

2220 1309 2509 1362 ἀπέκλειον
2551 1313 2678 1374 τοὺς
2732 1313 2956 1383 Ἑρμᾶς.
3013 1314 3322 1382 Ἐφαίνοντο
3361 1314 3451 1371 οὖν
3488 1321 3530 1371 oi
3581 1320 3716 1390 Ἑρμαῖ

534 1387 669 1441 haut
692 1388 999 1443 istiusmodi
1046 1389 1323 1453 Mercurii,
1352 1406 1540 1444 verum
1579 1392 1721 1445 intra
1754 1408 1813 1446 se
1844 1392 2061 1462 ipsornn

2218 1400 2474 1467 εὐτελεῖς,
2510 1402 2711 1455 ἔσωθεν
2760 1404 2816 1457 δὲ
2843 1405 2970 1468 τοὺς
3006 1405 3113 1458 τῶν
3138 1406 3274 1459 θεῶν
3302 1408 3476 1462 αὐτῶν
3512 1410 3713 1463 καλλωπι-

532 1488 643 1534 met
668 1481 893 1535 deorum
921 1490 1176 1534 ornatum
1223 1481 1603 1537 continebant.
1639 1483 1905 1538 Similiter
1938 1493 1993 1539 et
2024 1486 2054 1538 h

2219 1493 2388 1562 σμοὺς
2418 1489 2581 1563 εἶχον.
2620 1491 2776 1547 Οὕτω
2810 1494 2874 1565 δὴ
2922 1494 3199 1550 κάνταῦθά
3239 1514 3372 1567 φησι
3409 1498 3473 1551 τὰ
3524 1500 3604 1569 μὲν
3634 1499 3717 1569 πρ.

530 1575 629 1636 ait,
660 1572 879 1626 nomina
919 1573 1138 1643 quidem
1175 1573 1461 1643 ipsiusmet
1513 1574 1807 1629 existentis
1841 1590 1905 1630 ac
1940 1576 2057 1629 solii

2214 1584 2309 1637 τοῦ
2336 1585 2488 1649 ὄντος
2526 1586 2620 1639 καὶ
2652 1586 2813 1656 μόνου
2836 1586 3093 1658 ἀληθινοῦ
3121 1588 3256 1641 Θεοῦ
3280 1592 3339 1642 ἐν
3364 1593 3427 1661 τῇ
3458 1591 3618 1662 Γραφῇ
3640 1590 3715 1642 ὀνό-

526 1664 643 1718 veri
679 1664 795 1729 Dei,
826 1681 948 1735 qua}
997 1668 1054 1720 in
1107 1664 1398 1735 Scriptura
1445 1677 1830 1733 recensentur,
1857 1668 2053 1722 videnti

2218 1696 2361 1749 ματα
2396 1678 2592 1745 ἀνάξια
2621 1676 2759 1731 εἶναι
2802 1680 2945 1750 περὶ
2969 1680 3105 1733 Θεοῦ
3138 1681 3423 1753 λεγόμενα,
3451 1681 3713 1736 ἀναπτυσσο-

526 1758 746 1825 quidem
780 1756 1006 1824 indigna
1035 1757 1175 1822 Deo;
1211 1773 1398 1812 verum
1432 1758 1722 1827 explicata,
1757 1760 1974 1830 dignam
2003 1762 2053 1815 Di

2219 1788 2353 1840 μενα
2381 1771 2458 1835 δὲ,
2491 1771 2585 1824 καὶ
2616 1771 2784 1837 ἀξίως
2822 1770 2958 1825 Θεοῦ
3001 1773 3411 1845 έρμηνεύονται,
3456 1775 3540 1827 καὶ
3575 1773 3713 1826 ἔσωθεν

526 1852 1041 1921 interpretationem
1108 1853 1335 1919 habent,
1393 1864 1448 1909 et
1511 1856 1659 1908 intra
1712 1871 1771 1908 se
1818 1855 2053 1910 simulac

2215 1864 2396 1932 ἔχουσι
2433 1863 2500 1916 τὰ
2544 1864 2857 1935 ἀγάλματα,
2895 1866 2989 1918 καὶ
3048 1867 3175 1928 τοὺς
3228 1865 3404 1929 θείους
3446 1865 3619 1929 τύπους
3652 1864 3714 1933 τῆς

522 1948 770 2016 quaedam
799 1946 1123 2017 divinasqne
1147 1948 1346 2015 figuras
1365 1949 1561 2003 divina:
1587 1949 1773 2021 gloriae
1799 1951 2049 2005 continen

1184 1963 1346 2015 guras
1365 1949 1561 2003 divina:
1587 1949 1773 2021 gloriae
1799 1951 2101 2007 continent.
2209 1955 2339 2024 περὶ
2367 1952 2503 2005 Θεοῦ
2532 1953 2706 2024 δόξης.

592 2038 620 2110 §
656 2038 719 2094 ll.
762 2039 989 2111 Magnus
1025 2042 1167 2095 Deus
1211 2042 1538 2111 appellatur,
1575 2043 1672 2096 sed
1726 2058 1832 2096 non
1878 2044 2107 2100 alterius

2283 2044 2309 2115 §
2354 2044 2416 2098 ΙΙ.
2457 2044 2648 2113 Μέγας
2676 2046 2704 2097 6
2733 2044 2864 2110 Θεὸς
2897 2046 3240 2116 ὀνομάζεται,
3270 2046 3386 2099 ἀλλ’
3416 2048 3473 2100 οὐ
3502 2047 3614 2118 πρὸς
3636 2046 3715 2114 οὐχ.

519 2132 971 2200 comparatione,
1008 2132 1104 2188 sed
1158 2134 1459 2187 secundum
1512 2134 1615 2187 sibi
1668 2136 1944 2205 prapriam
1992 2154 2042 2191 m

2207 2152 2387 2204 κρισιν
2411 2136 2620 2206 ἐτέρου,
2654 2136 2788 2189 ἀλλά
2811 2136 2953 2190 κατά
2990 2137 3051 2190 τὸ
3080 2137 3227 2200 ἰδίως
3255 2138 3419 2190 αὑτοῦ
3451 2140 3599 2208 μέγα·
3625 2138 3714 2200 ώςό

518 2226 894 2296 gnitudinem;
931 2224 1075 2280 sicut
1128 2226 1351 2285 caelum,
1389 2235 1447 2280 ut
1496 2226 1576 2281 sic
1611 2227 1811 2293 dicam,
1846 2244 2045 2301 magnu

2204 2228 2451 2298 οὐρανὸς,
2494 2224 2605 2282 οἷον
2652 2230 2784 2300 φέρε
2829 2232 3021 2294 είπεῖν,
3061 2230 3275 2298 λέγεται
3318 2232 3503 2301 μέγας,
3541 2232 3591 2283 οὐ
3626 2230 3715 2301 agi;

518 2320 721 2373 dicitur
757 2333 861 2372 non
899 2327 1153 2386 respectu
1184 2316 1410 2371 alterius
1438 2318 1561 2371 caeli
1592 2318 1825 2387 alicujus
1854 2323 2045 2377 minori

2205 2318 2363 2372 ἄλλον
2393 2321 2621 2392 οὐρανὸν
2660 2322 2998 2393 μικρότερον,
3036 2324 3130 2375 καὶ
3156 2325 3185 2375 6
3224 2323 3379 2393 ἥλιος
3410 2324 3648 2391 φωτεινὸς,
3677 2322 3715 2373 οὗ

514 2421 570 2465 et
620 2410 701 2465 sol
746 2411 976 2473 lucidus,
1014 2425 1121 2462 non
1156 2410 1223 2463 ad
1258 2409 1485 2478 aliquid,
1523 2411 1615 2465 sed
1670 2418 1971 2468 secundum
2020 2431 2041 2469 s

2206 2412 2342 2483 πρός
2367 2430 2440 2477 τι,
2470 2413 2603 2466 ἀλλά
2632 2413 2751 2466 καθ’
2780 2414 2961 2467 αὐτόν.
2992 2417 3050 2468 'U
3067 2415 3195 2483 γοῦν
3219 2415 3353 2479 Θεὸς
3379 2416 3539 2485 μέγας
3561 2414 3717 2481 λέγεται

514 2504 702 2572 Itaque
738 2503 876 2558 Dens
912 2518 1139 2571 magnus
1170 2503 1394 2567 dicitur,
1423 2519 1526 2558 non
1551 2519 1649 2573 per
1680 2507 1904 2562 alterius
1937 2509 2039 2562 coll

2204 2505 2263 2557 οὐ
2292 2504 2426 2576 πρὸς
2453 2503 2875 2575 ἀντιπαράθεσιν
2903 2504 3110 2575 ἐτέρου,
3148 2504 3281 2558 ἀλλά
3312 2505 3407 2559 διὰ
3427 2508 3485 2559 τὸ
3510 2504 3719 2576 ἀπαράθε-

516 2599 742 2662 tionem,
766 2599 859 2652 sed
886 2606 1105 2667 propter
1128 2597 1611 2665 incomparabilem
1646 2608 1700 2653 et
1734 2614 1861 2654 vere
1897 2602 2043 2655 incor

2203 2613 2294 2650 τον
2328 2596 2421 2649 καὶ
2444 2596 2611 2659 δντως
2640 2595 3019 2665 ἀκατάληπτον
3048 2598 3145 2668 τῆς
3177 2597 3327 2662 θείας
3359 2598 3717 2669 μεγαλειότητκ.

515 2692 941 2762 prehensibilem
971 2691 1167 2745 divinae
1188 2691 1580 2761 magnitudinis
1604 2694 2042 2750 eXCellentiaml

2204 2689 2432 2757 Λέγεται
2457 2688 2586 2757 γοῦν
2613 2688 2806 2761 μέγας,
2836 2691 2910 2753 ὡς
2956 2689 3267 2759 μεταδιδοὺς
3296 2688 3487 2743 ἑαυτοῦ
3512 2692 3621 2742 πᾶσι
3644 2690 3718 2748 τοῖς

516 2783 661 2836 citur
679 2798 810 2853 ergo
848 2798 1103 2853 magnus,
1130 2790 1391 2850 tanquam
1432 2782 1523 2851 qui
1565 2798 1623 2837 se
1656 2784 1908 2839 omnibus
1945 2786 2043 2841 reb‘

2207 2780 2495 2851 μεγάλοις·
2537 2781 2687 2834 οὐδὲν
2718 2780 2827 2851 γὰρ
2871 2781 3013 2851 μέγα
3056 2781 3179 2834 οὔτε
3215 2784 3369 2854 ποσῷ
3410 2784 3525 2837 οὔτε
3566 2781 3647 2853 μὴν
3674 2781 3715 2846 τῇ

514 2876 727 2944 magnis
760 2876 1151 2940 communicet;
1179 2874 1312 2927 nihil
1335 2874 1480 2929 enim
1505 2874 1559 2928 in
1581 2878 1741 2931 rebus
1776 2878 1976 2932 creatis
2008 2894 2039 2931 n

2202 2871 2428 2943 δυνάμει
2460 2873 2684 2927 ἐπὶτῶν
2714 2873 3050 2943 κτισμάτων,
3092 2875 3228 2945 ὅπερ
3269 2876 3331 2928 οὐ
3366 2876 3501 2929 κατά
3547 2872 3717 2945 μετοχὴν

510 2982 617 3036 que
644 2969 786 3023 mole
822 2982 995 3037 neque
1029 2968 1231 3021 virtute
1274 2981 1552 3037 magnum,
1578 2970 1721 3037 quod
1751 2984 1856 3022 non
1888 2969 2034 3023 dicat

2203 2964 2412 3017 ἐκείνου
2455 2965 2670 3032 λέγεται
2714 2964 2889 3036 μέγα,
2941 2965 3339 3037 ὑπερχεομένου
3386 2954 3571 3029 παντὸς
3605 2963 3716 3034 μεγέ-

512 3078 763 3132 magnum
781 3062 1076 3115 secundum
1103 3061 1572 3131 participationem
1598 3060 1712 3128 eius
1730 3061 1820 3130 qui
1835 3064 1978 3115 omni
1999 3078 2039 3115 in

2204 3056 2349 3119 θους,
2386 3057 2482 3109 καὶ
2511 3057 2687 3109 πάντα
2727 3056 2894 3109 τόπον
2926 3057 3287 3128 περιέχοντος,
3318 3059 3415 3111 καὶ
3451 3060 3606 3111 πάντα
3636 3056 3716 3122 ἀρι-

509 3153 779 3221 gnitmlini
805 3150 1238 3221 superfunditur,
1268 3166 1600 3221 omnemque
1625 3149 1801 3206 locum
1832 3150 2036 3205 contini

2204 3146 2339 3218 θμὸν
2368 3148 2817 3219 ὑπερϐάλλοντος.
2855 3147 3071 3219 Ἐπειδὴ
3101 3147 3210 3218 γὰρ
3230 3148 3291 3201 τὸ
3329 3150 3469 3219 μέγα
3493 3150 3574 3201 ὲπὶ
3598 3144 3714 3199 ποτα]

506 3257 836 3311 omnemque
871 3258 1159 3297 numerum
1206 3243 1451 3297 excedit.
1488 3243 1622 3298 Cum
1658 3243 1804 3297 enim
1838 3258 2033 3313 magnu

2200 3239 2437 3307 λέγεται,
2466 3240 2554 3293 διά
2592 3239 2751 3293 τοῦτο
2780 3238 3172 3311 περιλαμϐάνει
3202 3240 3433 3309 μέγεθος
3480 3238 3619 3293 τόπον
3655 3235 3717 3288 καὶ

504 3332 574 3385 de
625 3333 935 3402 quantitate
988 3335 1223 3400 dicatur,
1282 3334 1485 3388 idcirco
1556 3334 1930 3405 magnitudine
1987 3343 2031 3387 ta

2196 3331 2447 3403 ἀριθμὸν,
2467 3331 2609 3403 ἅπερ
2630 3332 2745 3384 ἐστὶ
2774 3330 2868 3384 τοῦ
2895 3329 3049 3383 ποιοῦ
3085 3330 3224 3401 εἴδη,
3245 3331 3307 3383 τὸ
3332 3332 3431 3402 μὲν
3455 3330 3646 3402 μέγεθος
3660 3326 3717 3377 λι-

506 3423 683 3477 locum
731 3438 894 3491 quam
945 3440 1230 3479 numerum
1278 3427 1735 3495 comprehendit,
1795 3439 1916 3494 qua:
1965 3440 2027 3480 su

2267 3442 2304 3477 iv
2325 3424 2442 3477 ἀντὶ
2462 3425 3101 3495 γραμμῆςκὲπιφανείας,
3121 3425 3215 3476 καὶ
3228 3422 3495 3493 σώματος·
3518 3422 3669 3493 χρόνον

504 3517 717 3586 Species
752 3518 1094 3586 quantitatis,
1131 3518 1565 3586 magnitudinem
1618 3520 1837 3588 quidem
1891 3536 1989 3589 pro
2027 3522 2031 3575 1

2267 3518 2288 3569 ὶ
2316 3515 2471 3584 λόγον
2501 3516 2659 3584 ἀφεὶς
2687 3516 2779 3569 τὸν
2810 3517 3146 3589 προφορικόν
3168 3534 3181 3546 ·
3214 3515 3276 3569 τὸ
3301 3517 3423 3585 μὲν,
3451 3517 3525 3569 ὅτι
3547 3510 3715 3581 ποιητὴς

505 3624 630 3675 nea,
686 3608 973 3678 superﬁcie
1022 3618 1076 3663 et
1118 3625 1347 3678 corpore
1391 3625 1652 3675 sumens;
1701 3621 1911 3680 tempus
1961 3627 2032 3667 vea

2192 3609 2417 3681 χρόνων,
2446 3609 2506 3661 τὸ
2532 3606 2612 3673 δὲ,
2640 3608 2722 3662 ὅτι
2750 3611 2878 3681 περὶ
2905 3609 3069 3664 αὑτοῦ
3110 3610 3419 3682 ἔμπροσθεν
3454 3605 3582 3671 εἷπε,
3619 3601 3717 3657 κατὰ

503 3717 921 3770 sermonemque
964 3702 1204 3755 vocalem
1272 3703 1439 3756 missa
1492 3702 1697 3757 faciens
1727 3746 1742 3770 ,
1782 3705 1911 3759 illud
1965 3721 2030 3773 qu

2189 3702 2239 3754 τί
2268 3702 2420 3770 λόγος
2447 3702 2509 3754 τὸ
2528 3702 2681 3754 Θεῖον
2709 3702 2946 3770 λέγεται.
2973 3704 3077 3756 Τὸν
3103 3703 3233 3772 γοῦν
3269 3703 3433 3755 τόπον
3459 3696 3716 3772 περιέλαϐεν

504 3795 648 3859 dem,
685 3794 813 3864 quia
851 3805 1155 3862 temporum
1190 3802 1274 3849 est
1307 3795 1581 3860 conditor,
1612 3796 1757 3850 hunc
1784 3811 1932 3862 vero,
1959 3813 2028 3865 qu

2189 3793 2262 3856 ὡς
2289 3793 2596 3865 ἀσώματον,
2622 3793 2684 3845 τὸ
2711 3794 2768 3847 δὲ
2811 3793 3038 3864 μέγεθος
3081 3796 3174 3847 καὶ
3216 3792 3305 3846 τὸν
3344 3792 3579 3863 ἀριθμὸν,
3600 3788 3660 3850 ὡς
3678 3784 3716 3833 τὸ

501 3888 570 3942 de
605 3888 721 3956 ipso
756 3897 913 3941 antea
948 3886 1113 3941 verba
1158 3886 1326 3951 fecit,
1370 3889 1433 3941 in
1470 3898 1729 3957 quantum
1778 3888 1919 3943 Deus
1958 3888 2027 3942 Ve

2192 3887 2287 3955 μὲν
2314 3886 2399 3939 ἐπ’
2429 3887 2654 3956 ἄπειρον
2682 3884 2970 3955 διαιρετὸν,
2999 3884 3095 3937 τὸν
3135 3884 3192 3937 δὲ
3224 3884 3310 3937 ἐπ’
3348 3885 3563 3952 ἄπειρον
3596 3876 3714 3940 αὔξι-

501 3981 631 4035 hnm
667 3978 989 4047 appellatur.
1026 3978 1229 4033 Locum
1277 3980 1461 4047 itaque
1517 3980 1930 4048 comprehendit
1966 3992 2028 4035 tat

2187 3978 2426 4046 νόμενον.
2455 3978 2553 4030 Διά
2593 3977 2751 4031 τοῦτο
2789 3976 2899 4049 γάρ
2924 3978 3017 4029 καὶ
3058 3975 3412 4047 προστίθησι·
3446 3974 3548 4025 Καὶ
3584 3970 3714 4021 πᾶσαν

501 4085 662 4139 quam
699 4060 1103 4136 incorporeum,
1138 4070 1570 4138 magnitudinem
1602 4084 1731 4124 vero
1766 4086 2028 4125 numerun

2188 4070 2439 4141 ἀπειρίαν
2467 4070 2761 4123 διαϐαῖνον.
2807 4070 3135 4141 Θαυμασίως
3176 4068 3233 4121 δὲ
3268 4068 3449 4137 τίθησι
3478 4065 3551 4127 τὸ,
3579 4062 3715 4114 llam

501 4179 629 4233 que,
665 4161 810 4232 quod
847 4161 937 4214 illa
971 4162 1187 4229 quidem
1226 4162 1277 4214 in
1316 4161 1587 4214 inﬁnitum
1618 4162 1811 4228 dividi,
1838 4164 1928 4217 hic
1955 4180 2028 4218 νει

2186 4163 2346 4216 τόπον
2398 4164 2647 4234 περιέχον
2672 4182 2683 4194 ο
2724 4164 2752 4214 6
2798 4163 2907 4233 γὰρ
2950 4162 3113 4224 τόπος
3160 4159 3437 4231 περιέχει,
3480 4157 3536 4209 οὐ
3574 4149 3713 4222 περιέ-

499 4259 622 4311 sine
658 4254 891 4309 termino
927 4254 1111 4322 augeri
1150 4253 1346 4322 possit.
1384 4253 1519 4306 Nam
1558 4254 1765 4307 idcirco
1797 4256 1958 4309 etiam
1988 4272 2026 4309 at

2187 4274 2364 4326 χεται,
2412 4256 2583 4326 πέρας
2624 4257 2733 4326 γάρ
2772 4259 2890 4309 ἐστι
2937 4256 3031 4308 τοῦ
3076 4256 3453 4326 περιέχοντος·
3485 4253 3512 4303 ό
3549 4250 3599 4301 δὲ
3622 4245 3714 4303 Θεὸς

499 4350 578 4402 dit
627 4367 640 4401 :
698 4344 927 4401 Omnem
987 4345 1303 4399 transiliens
1360 4346 1705 4399 inlinitatetn.
1763 4345 2026 4400 Mirabiliu

2185 4348 2549 4418 ὑπεράπειρός
2603 4350 2755 4411 ἐστι,
2814 4348 2912 4419 τῆς
2975 4345 3253 4417 βασιλείας
3304 4344 3417 4414 γὰρ
3459 4337 3607 4395 αὑτοῦ
3644 4334 3712 4385 οὐκ

499 4452 681 4493 autem
717 4440 889 4509 ponit,
926 4438 1154 4493 Omnem
1191 4437 1368 4491 locum
1414 4438 1724 4501 continens,
1762 4440 1892 4508 quia
1929 4439 2026 4493 lost

2185 4436 2295 4488 ἐστι
2382 4437 2576 4507 πέρας.
2660 4436 2817 4488 Ἀλλὰ
2891 4437 2985 4488 καὶ
3068 4435 3209 4505 ὑπὲρ
3296 4434 3474 4487 πάντα
3534 4423 3712 4499 ἀριθμόν

497 4532 761 4597 continet,
792 4547 897 4585 non
934 4531 1267 4595 continetur,
1307 4530 1571 4584 terminus
1604 4530 1749 4582 enim
1782 4540 1869 4584 est
1902 4543 2024 4585 cont

2183 4529 2361 4579 ἐστιν·
2421 4528 2469 4578 εί
2533 4525 2643 4597 γὰρ
2699 4528 2793 4580 καὶ
2838 4526 3056 4596 λέγεται
3111 4528 3139 4578 6
3187 4524 3319 4588 Θεὸς
3390 4521 3470 4586 εἷς
3524 4522 3603 4574 καὶ
3645 4516 3709 4619 ἓν.

498 4626 712 4692 uentis;
790 4626 931 4680 Deus
1003 4634 1184 4679 autem
1251 4624 1541 4692 plusquam
1603 4622 1771 4695 494
1836 4624 2025 4677 inﬁniti

2183 4616 2294 4669 ἀλλ’
2336 4613 2429 4669 οὖν
2472 4619 2566 4671 καὶ
2612 4620 2751 4689 ὑπὲρ
2797 4619 2857 4671 τὸ
2910 4619 2971 4672 ἓν
3013 4621 3148 4670 ἐστι·
3198 4617 3405 4687 κυρίως
3450 4613 3551 4684 γὰρ
3594 4610 3643 4662 τὸ
3671 4606 3710 4656 ἓν

498 4716 707 4780 existit,
738 4718 864 4784 quia
901 4719 1052 4786 regni
1088 4717 1203 4784 ejus
1254 4732 1360 4770 non
1395 4724 1480 4770 est
1530 4716 1673 4770 linis.
1711 4716 1851 4783 Quin
1911 4716 2018 4771 etia

2183 4711 2363 4780 σχέσιν
2390 4708 2502 4780 ἔχει
2546 4711 2680 4782 πρὸς
2717 4712 2846 4775 τοὺς
2896 4710 2957 4775 ἐξ
3000 4709 3164 4763 αὑτοῦ
3208 4709 3433 4772 πολλοὺς
3476 4701 3706 4777 ἀριθμοπν

495 4825 659 4877 supra
712 4823 927 4864 omnem
984 4823 1267 4863 numerum
1321 4810 1541 4873 existit;
1591 4810 1694 4863 etsi
1742 4810 1889 4865 enim
1939 4810 2022 4863 De:

2180 4804 2273 4856 καὶ
2299 4802 2534 4874 πλήθους
2575 4805 2721 4857 ἐστὶν
2757 4804 2918 4875 ἀρχή,
2956 4805 3145 4873 Ὅμως
3192 4802 3410 4869 λέγεται
3447 4801 3474 4852 6
3510 4797 3622 4857 Θεὸς
3654 4791 3706 4851 ἓν,

496 4905 711 4958 dicatur
745 4919 879 4957 unus
914 4912 970 4957 et
1005 4920 1192 4967 unum,
1228 4912 1311 4956 est
1347 4912 1525 4957 tamen
1560 4904 1725 4957 etiam
1763 4902 1882 4972 plus
1914 4919 2017 4972 qua

2179 4897 2366 4968 ἐπειδὴ
2394 4895 2599 4951 ἁπλοῦν
2630 4900 2768 4960 ἐστι,
2796 4898 2889 4950 καὶ
2919 4897 3143 4967 ἀμερὲς,
3176 4896 3271 4949 καὶ
3300 4892 3593 4947 ἀσύνθετον,
3626 4883 3706 4936 Ἀλ-

498 5010 701 5058 unum,
739 4995 958 5063 proprie
991 4996 1136 5049 enim
1173 5011 1337 5049 unum
1374 4997 1773 5050 connexionem
1816 4996 1975 5050 habet
2007 5011 2025 5049 ο

2179 4990 2246 5043 λὰ
2270 4991 2365 5044 καὶ
2404 4989 2577 5053 οὕτως
2617 4990 2985 5060 ὑπερήνωται,
3033 4989 3128 5041 καὶ
3161 4987 3303 5057 ὑπὲρ
3326 5003 3385 5038 το
3414 4985 3470 5038 ἓν
3497 4986 3623 5036 ἐστι·
3645 4974 3704 5071 λέξ

500 5087 698 5141 Inultos
747 5101 1000 5142 numeros
1032 5102 1097 5141 ex
1134 5089 1250 5156 ipso
1283 5089 1603 5151 existentes,
1640 5098 1696 5141 et.
1748 5087 2027 5157 principim

2179 5100 2331 5151 γεται
2373 5082 2482 5154 γάρ
2520 5084 2647 5154 περὶ
2685 5081 2880 5135 αὐτοῦ·
2924 5080 3036 5134 Καὶ
3077 5079 3182 5148 τῆς
3230 5078 3532 5141 συνέσεως
3564 5073 3704 5157 αὐτῷ

495 5190 578 5235 est
612 5180 990 5234 multitudinis.
1028 5180 1225 5234 Verum
1272 5181 1412 5234 Deus
1466 5196 1632 5234 unutn
1679 5156 1896 5244 dicitur,
1932 5156 2014 5248 qu

2177 5178 2288 5229 οὐκ
2332 5176 2505 5230 ἐστιν
2545 5175 2811 5246 ἀριθμός.
2856 5174 3089 5243 Λέγεται
3146 5176 3238 5227 καὶ
3285 5174 3455 5244 μέγας
3503 5164 3621 5222 κατά

495 5274 725 5344 simplex
758 5282 862 5337 est,
898 5282 953 5327 et
988 5273 1345 5338 individuum,
1374 5280 1428 5328 et
1462 5274 1901 5342 incompositum.
1932 5272 2022 5339 Qui

2178 5267 2529 5340 ὑπερπλῆρες
2553 5266 2715 5320 αὐτοῦ
2747 5267 2839 5320 καὶ
2862 5263 3340 5337 μεγαλουργὸν,ὅτι
3368 5264 3421 5315 ai
3449 5255 3599 5327 πηγαὶ
3622 5255 3700 5344 τως

494 5374 551 5419 et
586 5336 664 5419 sic
695 5364 818 5435 plus
847 5378 1009 5432 quam
1064 5363 1270 5430 nnitur,
1308 5373 1363 5416 et
1404 5363 1523 5433 plus
1559 5378 1721 5432 quam
1759 5378 1921 5417 unum
1956 5377 2021 5415 es

2176 5362 2391 5433 δωρεῶν
2425 5361 2608 5427 αὑτοῦ,
2645 5361 2791 5432 παρά
2831 5359 3049 5413 πάντων
3084 5357 3461 5428 μετεχόμεναι,
3495 5336 3700 5421 ἀμείωτοί

495 5458 694 5513 dicitur
725 5457 870 5513 enim
905 5457 970 5512 de
1004 5457 1121 5525 ipso
1157 5472 1169 5510 :
1211 5455 1275 5509 Et
1304 5456 1537 5509 scientia:
1564 5454 1681 5523 ejus
1718 5471 1820 5508 non
1860 5462 1935 5506 eu
1968 5468 2069 5504 nu-
2178 5456 2303 5506 εἱσι.

494 5566 671 5604 merus
716 5559 765 5603 ι.
824 5550 1035 5605 Dicitur
1080 5548 1243 5602 etiam
1297 5560 1563 5615 magnus,
1643 5545 1939 5599 secundum
1990 5541 2280 5612 plusquam
2332 5543 2719 5613 plenitudinem
2764 5560 2831 5600 ac
2882 5543 3347 5615 magniﬁcentiam
3386 5553 3551 5603 suam,
3598 5539 3699 5601 quo-

497 5644 643 5700 niam
677 5642 855 5699 fontes
888 5656 1175 5697 munerum
1224 5641 1394 5711 ipsius
1434 5641 1501 5695 ab
1544 5639 1797 5696 omnibus
1846 5636 2151 5707 participati
2185 5637 2407 5695 minime
2440 5638 2783 5697 minuuntur.

574 5815 597 5842 ι
634 5798 773 5859 Psal.
817 5817 959 5872 CLVI,
989 5802 1039 5858 5.
