3866 6232
157 316 266 374 925

722 318 809 372 DE
842 317 1095 375 DlVlNIS
1126 320 1522 387 NOMINIBUS,
1564 322 1716 380 CAP.
1760 322 1851 379 IX.
1890 356 1957 364 —
1986 323 2328 381 PARAPIIR.
2366 324 2836 386 PACHYMERIE.

3328 327 3433 385 926

230 434 261 507 ᾗ
303 433 386 489 Ill.
428 434 640 507 Μικρὸν
668 435 724 489 δὲ
774 439 934 493 πάλιν
964 440 1204 509 λέγεται,
1233 440 1309 506 ὡς
1354 443 1545 496 οὐδένα
1585 443 1744 510 ὄγκον

1928 440 1956 512 ς
2002 440 2089 495 Ill.
2144 440 2377 495 Parvmn
2430 458 2620 498 rursus
2661 444 2883 511 dicitur,
2930 455 2988 500 ut
3036 448 3178 515 quod
3228 443 3430 500 nullam

154 528 188 597 ἢ
220 528 492 599 διάστημα
524 528 785 598 πεφυκὼς
813 531 1090 598 δέξασθαι,
1119 533 1232 587 ἀλλ’
1262 536 1402 607 ὑπὲρ
1434 536 1605 588 ταῦτα
1637 534 1742 589 ὤν’

156 619 254 671 καὶ
292 618 488 682 ἄλλως,
532 620 665 673 διότι
713 621 799 674 διά
848 624 1066 678 πάντων
1117 625 1411 691 ἀκωλύτως
1448 630 1633 698 χωρεῖ.
1676 628 1750 680 Τὸ

153 709 267 778 γάρ
308 710 540 780 σμικρὸν
584 713 1027 787 ἀρχοειδέστερόν
1061 720 1178 770 ἐστι
1225 718 1474 773 πάντων·
1514 720 1648 774 καθὸ
1685 723 1750 774 ὲκ

153 801 252 854 τοῦ
294 803 489 873 μικροῦ
532 805 668 875 πρὸς
698 805 761 858 τὸ
796 806 978 877 μεῖζον
1004 810 1217 873 πρόεισι
1258 811 1435 865 πάντα
1474 812 1542 864 τὰ
1586 816 1643 866 ὲν
1680 817 1747 885 τῇ

154 893 406 965 αὐξήσει,
438 898 533 949 καὶ
567 897 727 951 πάλιν
752 900 817 951 ὲκ
867 900 1112 970 μείζονος
1144 904 1278 974 πρὸς
1304 904 1365 957 τὸ
1401 904 1594 975 μικρὸν
1620 922 1750 958 κατ-

154 990 293 1060 αντᾷ
327 988 395 1042 τὰ
437 993 494 1043 ὲν
528 992 595 1061 τῇ
656 989 901 1062 μειώσει.
952 995 1223 1065 Στοιχεῖον
1266 996 1322 1049 δέ
1366 999 1539 1061 ἐστιν,
1589 996 1647 1063 ἐξ
1688 992 1748 1051 οὗ

154 1080 252 1132 καὶ
287 1081 601 1134 σινίσταταί
633 1099 707 1145 τι,
745 1083 838 1136 καὶ
872 1086 951 1148 είς
983 1085 1011 1138 ὃ
1043 1086 1352 1141 ἀναλύεται.
1391 1088 1462 1140 Ἢ
1507 1088 1637 1156 γοῦν
1662 1086 1748 1140 διὰ

150 1171 315 1225 τοῦτο
360 1175 760 1243 στοιχειωτικόν
818 1177 933 1229 ἐστι
991 1177 1053 1230 τὸ
1109 1179 1374 1249 σμικρὸν,
1436 1180 1469 1250 ἢ
1528 1182 1610 1233 ὄτι
1658 1182 1750 1236 καὶ

152 1267 215 1317 ὲν
265 1263 346 1333 τῷ
395 1266 599 1335 μείζονι
653 1267 714 1319 τὸ
752 1268 945 1338 μικρὸν
995 1268 1301 1341 θεωρεῖται,
1335 1273 1392 1324 ὲν
1423 1272 1479 1325 δὲ
1532 1272 1608 1343 τῷ
1658 1292 1746 1345 μι-

152 1356 276 1428 κρῷ
317 1358 380 1411 τὸ
433 1362 618 1430 μεῖζον
682 1359 763 1414 οῦ.
819 1362 905 1425 Ὠς
963 1361 1093 1431 γοῦν
1148 1366 1207 1417 ἐν
1253 1364 1331 1434 τῷ
1393 1367 1631 1437 συνθέτῳ
1679 1368 1747 1421 τὰ

152 1450 305 1505 ἀπλᾶ
343 1452 717 1522 ὲμφαίνονται,
744 1456 801 1507 έν
827 1453 881 1506 δὲ
921 1458 1031 1517 τοῖς
1089 1455 1276 1519 ἁπλοῖς
1303 1457 1484 1510 οὐκέτι
1527 1458 1587 1510 τὸ
1618 1458 1746 1511 σύνη

152 1541 333 1604 θετον,
363 1544 455 1596 καὶ
497 1544 555 1595 ὲν
591 1547 713 1608 ταῖς
744 1544 1034 1609 συλλαϐαῖς
1080 1548 1319 1617 δηλονότι
1363 1548 1431 1601 τά
1488 1554 1744 1620 στοιχεῖα,

148 1635 214 1686 οὐ
286 1635 394 1707 μὴν
469 1639 528 1690 ὲν
581 1640 696 1701 τοῖς
758 1638 1041 1708 στοιχείοις
1109 1640 1164 1692 αἱ
1236 1641 1527 1695 συλλαϐαί·
1576 1642 1746 1707 οὕτως

149 1724 395 1778 ἐνταῦθα
433 1726 494 1779 τὸ
536 1726 730 1797 μικρὸν
779 1729 1185 1797 στοιχειωτικὸν
1225 1729 1461 1799 λέγεται,
1494 1733 1576 1785 ὅτι
1615 1732 1747 1787 αὐτὸ

1852 534 2050 588 molem
2086 534 2172 588 vel
2206 534 2522 589 distantiam
2556 537 2837 604 suscipere
2889 541 3081 606 possit.
3135 540 3231 593 sed
3264 552 3429 605 supra

1852 625 1966 679 haec
2006 625 2230 691 existat;
2266 635 2323 680 et
2377 626 2560 691 aliter,
2608 628 2738 695 quia
2789 629 2995 699 absque
3041 630 3430 699 impedimento
3495 630 3502 636 ’

1849 725 2044 769 cuncta
2092 724 2358 785 penetrat.
2414 716 2650 771 Parvum
2714 719 2860 773 enim
2890 757 2905 781 ,
2954 720 3284 789 principium
3343 729 3430 775 est

1849 811 2133 873 omnium;
2181 809 2437 876 quoniam
2486 812 2672 864 omnia
2718 825 2838 880 quae
2897 811 3286 865 incrementum
3329 825 3430 865 su-

1852 912 2022 967 munt,
2048 914 2113 953 ex
2150 916 2312 970 parvo
2337 902 2390 954 in
2435 916 2688 970 magnum
2732 903 2993 968 evadunt,
3025 912 3080 958 et
3124 919 3339 959 rursum
3372 903 3427 958 in

1850 993 2217 1058 decrementa,
2252 1010 2319 1047 ex
2356 992 2545 1060 majori
2589 994 2658 1047 ad
2707 994 2760 1047 id
2811 996 2954 1064 quod
3005 996 3182 1049 minus
3214 990 3431 1051 estred-

1850 1090 2001 1138 eunt.
2072 1084 2410 1138 Elemeutum
2445 1096 2624 1140 autem
2658 1096 2742 1142 est
2777 1088 2850 1149 id,
2886 1101 2953 1141 ex
2988 1101 3096 1155 quo
3128 1086 3292 1140 etiam
3328 1087 3430 1141 ali-

1849 1174 1981 1242 quid
2009 1175 2376 1244 componitur,
2402 1186 2457 1230 et
2489 1176 2541 1228 in
2566 1178 2708 1245 quod
2748 1175 3059 1229 resolvitur.
3094 1175 3185 1229 Vel
3224 1177 3429 1233 idciroo

1851 1266 2016 1335 igitur
2061 1266 2223 1321 etiam
2278 1282 2504 1336 parvum
2556 1278 2640 1321 est
2685 1267 3039 1331 elementare,
3073 1266 3154 1321 vel
3190 1268 3314 1336 quia
3371 1269 3426 1324 in

1852 1353 2039 1421 majori
2082 1370 2305 1424 parvum
2340 1356 2739 1421 consideratur,
2777 1374 2883 1411 non
2937 1367 3120 1412 autem
3170 1374 3426 1429 magnum

1851 1448 1903 1500 in
1932 1462 2122 1515 parvo.
2157 1446 2313 1502 Sicut
2346 1463 2475 1518 ergo
2520 1450 2571 1502 in
2607 1449 2908 1519 composito
2942 1450 3213 1519 simplicia
3256 1466 3428 1520 appa-

1858 1550 1999 1605 rent,
2038 1556 2140 1593 non
2180 1549 2360 1597 autem
2397 1542 2450 1595 in
2484 1542 2827 1612 simplicibus
2851 1544 3234 1612 compositum,
3283 1553 3338 1597 et
3373 1544 3428 1597 in

1852 1630 2073 1700 syllabis
2108 1648 2159 1686 v.
2196 1647 2248 1702 g.
2298 1632 2588 1700 elementa,
2626 1649 2732 1687 non
2780 1649 2910 1688 vero
2956 1634 3175 1705 syllabae
3217 1635 3271 1689 in
3319 1635 3429 1691 ele-

1862 1724 2092 1790 mentis;
2140 1723 2213 1777 ita
2250 1724 2359 1790 hic,
2406 1740 2632 1794 parvum
2682 1726 2735 1779 id
2788 1727 2931 1795 quod
2977 1726 3306 1781 elementare
3345 1735 3430 1781 est

151 1816 258 1886 μὲν
286 1819 347 1870 ὲν
371 1816 448 1887 τῷ
477 1794 683 1889 μείζονι
708 1794 1051 1891 ἐμφαίνεται,
1077 1825 1137 1877 οὐ
1184 1794 1366 1895 μήν’δὲ
1400 1794 1492 1878 καὶ
1520 1826 1583 1878 τὸ
1612 1827 1742 1880 ἀνά-

1850 1816 2072 1883 dicitur,
2106 1818 2363 1885 quoniam
2399 1818 2573 1886 ipsum
2604 1794 2819 1887 quidem
2854 1819 2907 1872 in
2961 1818 3148 1887 majori
3184 1828 3423 1888 apparet,

150 1908 336 1961 παλιν.
362 1909 516 1963 Οὕτω
551 1910 767 1980 λέγεται
809 1914 902 1965 καὶ
927 1915 1020 1967 ἐπὶ
1058 1914 1191 1968 Θεοῦ
1238 1916 1299 1968 τὸ
1332 1915 1545 1987 μικρὸν,
1578 1916 1645 1969 δι’
1669 1910 1743 1971 ὧν

146 2002 367 2074 τίθησιν
395 2004 767 2059 ἀποστολικῶν
798 2008 1078 2078 ῥημάτων,
1104 2010 1164 2075 ἐξ
1206 2003 1280 2064 ὧν
1312 2011 1374 2064 τὸ
1402 2012 1741 2083 ὐπεροξύπο-

151 2112 249 2164 ρον
274 2096 373 2165 τῆς
395 2096 490 2149 τοῦ
518 2096 653 2151 Θεοῦ
680 2101 773 2152 καὶ
807 2102 900 2153 ὲπὶ
925 2101 993 2155 τὰ
1021 2101 1287 2173 ἀσώματα
1323 2106 1616 2177 χωρήσεως
1653 2106 1743 2178 δη-

146 2187 362 2241 λοῦται.
392 2189 464 2241 Τὸ
493 2190 602 2260 γὰρ
640 2190 957 2247 διικνεῖσθαι
994 2195 1086 2248 τὸν
1124 2196 1256 2250 Θεὸν
1298 2197 1425 2267 ἄχρι
1463 2198 1556 2251 καὶ
1588 2215 1742 2269 μερι-

150 2279 295 2351 σμοῦ
326 2280 504 2352 ψυχῆς
538 2284 629 2335 καὶ
665 2284 969 2356 πνεύματος
1000 2288 1308 2356 ἀποφαίνει,
1353 2289 1435 2342 ὅτι
1478 2291 1571 2343 καὶ
1612 2291 1743 2344 αὐτὸ

145 2372 212 2424 τὸ
255 2370 547 2442 ἀσώματον
586 2374 686 2445 τῆς
727 2375 905 2447 ψυχῆς
933 2380 1025 2431 καὶ
1061 2380 1289 2444 ένοειδὲς
1329 2380 1434 2434 ὑπὸ
1473 2380 1565 2433 τοῦ
1607 2381 1741 2434 Θεοῦ

145 2463 479 2535 διαιρεῖσθαι
510 2464 750 2521 δύναται.
785 2468 875 2520 Διὸ
918 2470 1135 2534 καὶτὰς
1176 2471 1383 2535 ἐννοίας
1429 2475 1457 2525 ὁ
1492 2473 1623 2536 Θεὸς
1663 2468 1742 2525 οἷ-

146 2554 261 2617 δεν,
293 2556 497 2627 μεταξὺ
519 2560 627 2631 γάρ
660 2561 751 2613 νοῦ
783 2564 875 2614 καὶ
903 2564 1141 2633 νοήσεως
1175 2565 1202 2615 ὁ
1228 2563 1360 2628 Θεὸς
1391 2567 1578 2635 χωρεῖ,
1608 2564 1743 2617 καθὸ

147 2646 369 2718 εἴρηται
387 2666 400 2678 ·
429 2650 513 2703 Σὺ
538 2652 725 2720 ἔγνως
750 2651 890 2717 τοὺς
915 2652 1344 2723 διαλογισμούς
1362 2674 1479 2724 μου
1505 2655 1620 2709 ἀπὸ
1638 2673 1746 2725 μα-

149 2739 389 2805 κρόθεν,
427 2740 560 2793 ἀλλά
585 2742 678 2795 καὶ
702 2743 902 2813 μεταξὺ
931 2744 1108 2815 ψυχῆς
1133 2747 1225 2799 καὶ
1256 2747 1583 2817 πνεύματος,
1611 2752 1669 2802 ὲν
1699 2742 1744 2817 ᾧ

149 2828 216 2900 δή
256 2831 527 2901 πνεύματι
565 2834 664 2897 τὰς
702 2835 981 2906 αἰσθήσεις
1017 2839 1483 2908 έπεστηριγμένας
1528 2840 1742 2911 ἔχομεν,

149 2918 218 2970 δι’
253 2914 317 2974 οὗ
346 2922 439 2973 καὶ¹
465 2922 745 2994 αἰσθητοῖς
783 2926 815 2995 ἡ
855 2924 998 2996 ψυχὴ
1035 2927 1361 2996 προσϐάλλει
1404 2930 1497 2982 καὶ
1536 2929 1597 2982 τὸ
1624 2930 1741 2983 δια-

150 3014 404 3082 νοητικὸν
439 3014 548 3067 τῶν
584 3016 828 3085 σκέψεων
878 3017 1094 3088 ἔχομεν.
1134 3019 1303 3073 Τοῦτο
1328 3021 1386 3074 δὲ
1414 3021 1475 3074 τὸ
1506 3020 1741 3091 πνεῦμα,

148 3105 404 3176 δύναμιν.
453 3108 547 3159 καὶ
581 3109 743 3160 οἱονεὶ
778 3108 1038 3180 δευτέραν
1073 3109 1249 3181 ψυχὴν
1294 3110 1614 3182 αἰσθητικὴν
1638 3150 1653 3173 ,
1694 3113 1742 3164 oi

150 3200 289 3268 παρ’
327 3198 552 3271 Ἕλλησι
597 3199 818 3253 καλοῦσι
850 3201 1020 3270 σοφοί.
1071 3201 1133 3255 Ἦ
1164 3200 1256 3257 οὖν
1294 3203 1580 3276 αἰσθητικὴ
1607 3204 1743 3275 αῦτη

149 3290 300 3361 ψυχή
334 3291 481 3343 ἐστιν
515 3293 548 3362 ή
592 3292 755 3364 μέχρι
801 3294 1015 3364 μυελῶν
1050 3296 1145 3348 καὶ
1191 3295 1400 3364 φλεϐῶν
1448 3297 1542 3349 καὶ
1579 3298 1748 3368 ἀρτη-

153 3382 290 3452 ριῶν
335 3382 429 3436 καὶ
467 3384 689 3448 ὀστέων,
722 3386 815 3438 καὶ
861 3385 955 3439 τοῦ
994 3386 1118 3439 ὅλου
1153 3369 1421 3457 σώματος⁷
1446 3387 1743 3452 διικνοῦσα,

150 3473 220 3525 δι’
252 3468 329 3528 ὧν
350 3474 607 3530 ἁπάντων
638 3477 921 3530 διικνεῖται
954 3480 983 3531 ὁ
1004 3478 1137 3543 Θεὸς
1158 3478 1472 3543 ἀκωλύτως,
1497 3482 1610 3543 τοῖς
1648 3480 1745 3549 μὲν

150 3565 331 3631 διδοὺς
355 3567 633 3633 σύστασιν,
664 3573 776 3635 τοῖς
804 3571 860 3625 δὲ
886 3570 1222 3641 ἐμϐατεύων,
1245 3570 1319 3634 ὡς
1349 3570 1615 3642 μηδεμίαν
1639 3571 1747 3623 κτί-

154 3675 264 3718 σιν,
294 3658 476 3729 ἀφανῆ
500 3656 639 3714 εἶναι
656 3661 884 3715 ἐνώπιον
901 3662 1085 3715 αὐτοῦ.
1104 3664 1415 3735 Σημείωσαι
1432 3665 1487 3718 δὲ
1508 3665 1743 3734 περὶτοῦ

154 3749 490 3822 πνεύματος,
522 3754 603 3806 ὅτι
628 3754 754 3807 ἄλλο
784 3756 900 3808 ἐστὶ
924 3754 985 3808 τὸ
1010 3754 1296 3826 λεγόμενον
1320 3755 1533 3826 πνεῦμα
1555 3756 1745 3810 ἐνταῦ-

153 3844 249 3908 θα,
273 3844 411 3915 ὂπρ
438 3847 616 3916 φαμὲν
641 3848 734 3900 καὶ
759 3848 1076 3918 αἰσθητικὴν
1102 3847 1301 3919 ψυχὴν,
1327 3850 1421 3902 καὶ
1442 3849 1568 3903 ἄλλο
1597 3852 1743 3903 ἐκεῖ·

153 3954 214 3989 νο
234 3937 295 3989 τὸ
320 3937 557 4008 πνεῦμα,
590 3939 715 4011 περὶ
738 3934 798 3993 οὗ
823 3942 851 3992 ὁ
879 3940 1049 4010 μέγας
1073 3939 1283 4004 Παῦλός
1313 3958 1474 4012 φησιν
1496 3958 1508 3970 ·
1550 3942 1610 3994 '0
1635 3945 1747 4010 ψυ-

153 4030 321 4099 χικὸς
366 4031 675 4099 ἅνθρωπος
715 4034 786 4087 οὺ
828 4032 1063 4103 δέχεται
1108 4035 1182 4088 τὰ
1232 4034 1338 4087 τοῦ
1383 4036 1740 4104 πνεύματος.

155 4126 385 4197 Πνεῦμα
426 4128 535 4198 γὰρ
576 4130 750 4181 ἐκεῖσε
788 4129 849 4181 τὸ
890 4131 1258 4200 πνευματικόν
1294 4148 1426 4200 φησι
1479 4131 1741 4202 χάρισμα,

152 4220 295 4290 ὅπερ
332 4221 397 4272 ἐκ
434 4218 527 4272 τοῦ
567 4220 709 4273 θείου
748 4220 1121 4292 βαπτίσματος
1160 4221 1505 4292 λαμϐάνομεν
1533 4225 1579 4276 οἱ
1621 4240 1746 4276 πισ-

154 4312 262 4373 τοὶ,
315 4312 608 4383 καρτερίας
652 4313 885 4383 πνεῦμα,
924 4313 1223 4383 ὑπομονῆς,
1261 4314 1585 4385 πραότητος,
1638 4332 1744 4385 μα·-

153 4403 480 4475 κροθυμίας,
509 4405 789 4468 συντονίας
813 4407 892 4468 εἰς
919 4406 980 4457 τὸ
1022 4405 1243 4473 ἀγαθὸν,
1272 4404 1406 4459 καθὸ
1438 4408 1551 4468 τοῖς
1583 4408 1743 4476 ψυχι-

1852 1924 1959 1965 non
1994 1919 2170 1963 autem
2197 1924 2228 1965 e
2261 1919 2468 1965 contra.
2505 1911 2595 1967 Sic
2628 1911 2829 1966 dicitur
2858 1913 3021 1965 etiam
3058 1913 3125 1967 de
3159 1912 3270 1967 Deo
3303 1927 3428 1983 par—

1850 2017 1998 2064 vum.
2034 2012 2258 2071 propter
2290 2004 2434 2073 quod
2467 2004 2768 2072 apostolica
2802 2005 2967 2060 verba
3005 2005 3193 2070 refert,
3230 2005 3429 2074 quibus

1852 2096 2266 2149 demonstratur
2298 2095 2559 2151 velocitas
2610 2113 2936 2169 progressus
2985 2097 3079 2152 Dei
3107 2099 3175 2153 ad
3212 2112 3298 2153 res
3340 2098 3428 2153 in-

1851 2199 2168 2254 corporeas.
2202 2186 2355 2254 Quod
2381 2187 2524 2242 enim
2566 2192 2839 2261 pertingat
2893 2206 3064 2260 usque
3097 2192 3166 2246 ad
3200 2191 3429 2247 divisio-
3460 2214 3461 2217 η

1853 2294 1973 2332 nem
2009 2278 2204 2333 animm
2234 2286 2283 2334 et
2319 2281 2541 2349 spiritus
2574 2281 2815 2335 declarat
2857 2283 3028 2350 ipsam
3072 2298 3285 2353 quoque
3334 2284 3429 2339 in-

1847 2370 2271 2436 corporeitatem
2307 2380 2358 2424 et
2395 2369 2823 2424 uniformitatem
2875 2372 3068 2426 anima:
3102 2388 3130 2425 a
3186 2372 3294 2428 Deo
3341 2374 3427 2427 di-

1852 2461 1961 2513 vidi
1996 2476 2180 2529 posse.
2227 2461 2380 2517 Unde
2415 2463 2556 2517 Deus
2590 2478 2805 2532 quoque
2835 2464 3189 2531 cogitationes
3225 2464 3428 2518 intelli-

1857 2553 1953 2619 git,
1990 2554 2247 2621 quoniam
2286 2554 2429 2608 Deus
2460 2555 2629 2609 etiam
2668 2570 2839 2624 usque
2872 2555 2939 2608 ad
2990 2556 3325 2610 intellectum
3373 2566 3430 2610 et

1851 2645 2272 2700 iutellectiunem
2309 2647 2476 2715 ipsam
2511 2656 2798 2716 penetrat,
2859 2648 3001 2701 sicut
3052 2648 3253 2703 dictum
3304 2658 3427 2702 est:

1850 2737 1929 2791 Tu
1978 2738 2282 2793 intellexisti
2330 2742 2670 2810 cogitationes
2721 2757 2861 2795 meas
2918 2743 2982 2795 de
3024 2742 3260 2811 longeI;
3298 2743 3429 2811 quin

1846 2842 1902 2885 et
1937 2834 2075 2887 inter
2109 2834 2345 2887 animam
2380 2844 2435 2888 et
2466 2835 2742 2901 spiritum,
2790 2836 2845 2889 in
2882 2850 2990 2905 quo
3024 2836 3279 2889 nimirum
3322 2835 3433 2905 spi-

1847 2929 1953 2982 ritu
1992 2943 2186 2983 sensus
2240 2928 2503 2983 habemus
2538 2930 2851 2994 stabilitos,
2900 2946 2997 3000 per
3050 2946 3210 3000 quem
3264 2932 3429 2985 etiam

1846 3018 2029 3072 anima
2063 3018 2355 3074 sensilibus
2387 3019 2639 3084 intendit,
2685 3031 2741 3073 et
2776 3021 2883 3075 vim
2922 3021 3188 3076 habemus
3232 3022 3430 3076 intelli-

1848 3112 2006 3179 gendi
2037 3113 2457 3179 speculationcs.
2495 3112 2652 3167 Hunc
2687 3121 2869 3169 autem
2904 3115 3153 3184 spiritum
3196 3115 3429 3184 gentiles

1849 3208 2120 3275 sapientes
2174 3216 2370 3260 vocant
2421 3206 2771 3275 facultatem,
2834 3218 2889 3262 et
2928 3208 3091 3261 veluti
3135 3209 3428 3262 secundam

1847 3297 2085 3349 animam
2135 3297 2449 3350 sensitivam
2485 3298 2701 3351 animaa.
2739 3298 2880 3368 Ergo
2913 3300 3093 3352 anima
3152 3299 3270 3353 haec
3304 3314 3429 3354 sen-

1847 3391 2003 3445 sitiva
2033 3399 2281 3458 penetrat
2315 3406 2486 3459 usque
2519 3392 2584 3445 ad
2622 3392 2904 3458 medullas,
2937 3401 2991 3446 et
3025 3407 3214 3458 venas,
3252 3402 3305 3446 et
3338 3410 3428 3447 ar-

1850 3485 2037 3547 terias,
2075 3491 2130 3536 et
2181 3496 2327 3545 ossa,
2362 3492 2418 3536 et
2467 3490 2639 3537 totum
2688 3499 2923 3552 corpus,
2978 3484 3043 3536 ad
3098 3483 3261 3555 495
3309 3500 3431 3554 qua:

1845 3576 2026 3632 omnia
2075 3575 2220 3629 Deus
2278 3575 2482 3643 absque
2529 3575 2916 3643 impedimento
2967 3577 3259 3645 pertingit;
3308 3576 3431 3631 aliis

1845 3669 2061 3737 quidem
2094 3677 2294 3722 statum
2329 3667 2670 3738 impertiens,
2710 3668 2835 3721 aliis
2864 3683 2995 3721 vero
3028 3685 3085 3722 se
3118 3669 3423 3736 insinuans,

1846 3760 1919 3814 ita
1959 3768 2017 3813 ut
2050 3758 2197 3811 nulla
2233 3768 2490 3813 creatura
2525 3759 2596 3813 sit
2626 3759 2839 3812 occulta
2880 3760 2932 3811 in
2963 3767 3255 3827 conspectu
3290 3756 3425 3825 ejus.

1845 3850 1984 3904 Nota
2020 3865 2149 3904 vero
2175 3849 2320 3904 circa
2371 3850 2624 3919 spiritum
2651 3887 2667 3912 ,
2710 3848 2876 3901 alium
2935 3863 3060 3902 esse
3113 3848 3429 3915 praedictum

1846 3944 2121 4012 spiritum,
2158 3956 2319 4011 quem
2361 3942 2525 3996 etiam
2579 3943 2815 3995 animam
2872 3943 3193 3995 sensitivam
3247 3940 3432 4010 appc|«

1846 4037 2045 4098 lamus.
2078 4044 2133 4090 et
2165 4036 2329 4089 alium
2362 4051 2482 4090 esse
2511 4035 2660 4089 illum
2697 4034 2967 4104 spiritum,
2989 4035 3054 4088 de
3074 4051 3182 4104 quo
3203 4048 3431 4103 magnus

1845 4129 2042 4185 Paulus
2079 4130 2157 4182 ait
2192 4145 2206 4181 :
2247 4126 2503 4182 Animalia
2537 4126 2689 4179 homo
2729 4143 2833 4179 non
2875 4125 3022 4193 capit
3052 4144 3111 4179 ea
3151 4143 3268 4196 ομιτ
3305 4135 3428 4179 sunt

1845 4224 2062 4292 spiritus
2093 4232 2137 4275 ι.
2175 4220 2438 4291 Spiritum
2473 4222 2616 4273 enim
2670 4220 2743 4274 ibi
2781 4228 2939 4274 vocat
2982 4221 3213 4288 gratiam
3265 4218 3428 4286 spiri-

1848 4319 2031 4382 talem,
2068 4331 2231 4385 quam
2267 4315 2454 4369 ﬁdeles
2487 4313 2539 4368 in
2577 4315 2846 4382 baptismo
2889 4312 3189 4379 accipimus
3214 4352 3228 4376 ,
3265 4313 3429 4379 spiri-

1849 4421 1960 4465 tum
1996 4407 2355 4472 fortitudinis,
2410 4406 2748 4460 sustinentia:
2771 4444 2785 4469 ,
2823 4404 3273 4465 mansuetudinis,
3307 4404 3425 4457 lon-

154 4498 275 4558 κοῖς
300 4496 350 4546 οἱ
374 4496 731 4565 πνευματικοὶ
759 4496 1118 4567 μωραίνοντες
1142 4495 1441 4562 φαίνονται,
1472 4495 1575 4548 κᾶν
1598 4496 1742 4548 ἐκεῖ·

1850 4501 2210 4572 ganitnitatis,
2247 4498 2563 4552 intentionis
2612 4498 2679 4549 ad
2708 4496 2931 4561 bonum,
2957 4499 3116 4566 juxta
3152 4496 3294 4565 quod
3326 4498 3428 4551 viri

155 4604 239 4639 νοι
266 4602 361 4638 του
390 4585 621 4656 ἀληθοῦς
663 4585 1009 4656 ἐξέρχωνται,
1054 4586 1236 4649 καθὼς
1281 4587 1372 4639 καὶ
1402 4584 1592 4657 πρώην
1620 4584 1738 4638 ὲλέη

154 4694 347 4748 γομεν.

228 4880 256 4951 ς
302 4880 389 4935 IV.
432 4882 615 4935 Πάντα
634 4880 701 4935 τὰ
728 4880 804 4951 τῷ
828 4879 945 4951 Θεῷ
966 4885 1243 4952 προσεῖναι
1280 4882 1545 4953 λεγόμενα
1571 4884 1742 4956 ὑπερ-

151 4975 355 5038 ουσίως
393 4975 640 5043 λέγονται
663 4992 676 5005 ’
714 4976 835 5028 ὅθεν
875 4978 968 5030 καὶ
1009 4975 1202 5028 ταύτὸν
1248 4975 1461 5044 λέγεται
1515 4977 1747 5048 ὑπερου-

156 5070 290 5133 σίως
332 5071 413 5123 ὅτι
454 5071 538 5139 ἐφ’
576 5072 769 5124 ἑαυτοῦ
811 5072 994 5143 μένει,
1036 5074 1130 5125 καὶ
1171 5072 1311 5126 κατά
1350 5071 1419 5124 τά
1460 5071 1600 5124 αὐτὰ
1651 5071 1746 5125 καὶ

152 5162 419 5225 ὡσαύτως
447 5162 556 5233 ἔχει
584 5164 696 5234 ίδρυ
705 5163 862 5234 μένον
886 5166 943 5216 ἐν
968 5167 1079 5227 τοῖς
1104 5163 1404 5229 καλλίστοις
1428 5164 1626 5235 πέρασι
1648 5163 1747 5233 τῆς

157 5256 288 5325 περὶ
315 5255 414 5325 τὴν
438 5256 626 5309 οὐσίαν
654 5255 984 5326 φαινομένης
1026 5258 1372 5327 ταύτότητος.
1416 5257 1510 5309 Ἐκ
1552 5256 1609 5309 δὲ
1636 5256 1747 5310 τῶν

154 5349 413 5418 περάτων
436 5349 779 5419 ἐμφαίνεται,
821 5349 903 5401 ὅτι
938 5349 1055 5419 οὐχί
1094 5351 1211 5401 ἐστι
1266 5350 1365 5420 μὲν
1405 5348 1498 5401 νῦν
1527 5349 1741 5414 ταύτὸν,

152 5441 369 5509 πέφυκε
397 5440 454 5493 δέ
479 5458 609 5493 ποτε
638 5442 934 5511 ἐκχυθῆναι
965 5444 1044 5505 είς
1072 5441 1365 5513 ἑτερότητα
1386 5458 1400 5471 ·
1431 5443 1606 5494 ὲκεῖνο
1632 5440 1742 5513 γὰρ

153 5529 493 5602 ἑτεροιοῦται
542 5531 799 5595 πολλάκις
856 5534 919 5585 ἐκ
958 5533 1056 5603 τῆς
1092 5532 1436 5602 ταύτότητος,
1469 5533 1606 5603 ὅπερ
1644 5532 1744 5601 οὐχ

153 5622 369 5693 ἵδρυται
400 5624 459 5676 ὲν
485 5625 597 5687 τοῖς
636 5624 734 5693 τῆς
771 5624 1094 5694 ταύτότητος
1134 5625 1383 5696 πέρασιν.
1425 5625 1483 5677 '0
1518 5624 1575 5678 δὲ
1615 5623 1745 5687 Θεὸς

236 5809 263 5848 ῖ
300 5799 449 5857 Psal.
484 5814 746 5873 cxxxvtu,
782 5802 834 5858 5.
917 5813 937 5839 ι
974 5801 991 5857 l
1027 5800 1153 5859 Cor.
1193 5818 1251 5871 ιι,
1294 5802 1377 5858 Η.

1843 4596 2118 4666 spiritales
2150 4593 2459 4648 hominibus
2502 4592 2828 4647 animalibus
2880 4592 3125 4648 insanire
3154 4593 3427 4657 videntur,

1843 4689 2189 4758 quantumvis
2227 4687 2441 4755 ipsimet
2478 4700 2508 4739 a
2550 4685 2779 4740 veritate
2810 4687 3105 4752 aberrent,
3147 4686 3223 4740 uti
3263 4700 3430 4752 supe-

1842 4782 1956 4835 rius
1993 4779 2325 4834 dicebamus.

1917 4872 1946 4944 §
1987 4872 2074 4925 ιν.
2118 4870 2243 4926 Haec
2292 4871 2473 4927 omnia
2515 4887 2636 4941 quae
2688 4872 2798 4927 Deo
2853 4872 3033 4927 inesse
3083 4874 3232 4929 dicta
3279 4884 3428 4938 sunt,

1845 4965 2446 5035 Suprasubstantialiter
2474 4966 2769 5033 dicuntur;
2795 4968 2940 5020 unde
2967 4967 3136 5020 etiam
3165 4966 3216 5021 id
3252 4967 3427 5036 ipsum

1848 5056 2448 5127 suprasubstantialiter
2501 5056 2725 5121 dicitur,
2775 5060 2919 5126 quod
2974 5059 3026 5113 in
3083 5060 3264 5129 seipso
3315 5077 3429 5114 ma-

1850 5162 1995 5221 neat,
2031 5162 2086 5208 et
2118 5155 2414 5209 secundum
2450 5155 2639 5208 eadem
2686 5154 2987 5223 eodemque
3028 5154 3184 5207 modo
3218 5153 3429 5208 stabili-

1850 5258 2016 5301 tatem
2052 5248 2253 5301 habeat
2296 5248 2348 5301 in
2387 5246 2778 5314 pulcherrimis
2810 5245 3058 5299 terminis
3102 5247 3248 5300 circa
3299 5248 3423 5299 sub-

1850 5346 2107 5400 stantiam
2136 5345 2451 5413 apparentis
2495 5344 2819 5397 identitatis.
2848 5343 2926 5395 Ex
2964 5340 3212 5397 terminis
3245 5348 3425 5392 autem

1850 5448 2092 5509 apparet,
2129 5440 2273 5509 quod
2324 5453 2431 5493 non
2487 5439 2559 5493 sit
2610 5437 2767 5491 modo
2820 5435 3038 5505 quidem
3094 5434 3275 5495 idem,
3327 5430 3427 5484 ali-

1849 5528 2066 5598 quando
2091 5544 2219 5583 vero
2254 5529 2423 5597 possit
2447 5528 2501 5582 in
2536 5527 2862 5581 alteritatem
2892 5524 3126 5589 elIundi;
3161 5521 3423 5592 quoniam

1852 5622 1903 5677 id
1952 5620 2266 5691 frequenter
2313 5636 2381 5677 ex
2434 5620 2718 5677 identitate
2762 5618 2819 5673 in
2871 5616 3106 5671 alterum
3156 5622 3403 5669 mutatur
