3866 6232
478 347 586 404 9i?
1660 339 1716 394 s.
1764 337 2064 394 momsu
2095 336 2562 394 AREOPAGITAS
3159 355 3170 368 ς
3640 343 3724 396 9.33
3797 101 3824 430 ‘

482 467 627 536 quod
680 464 730 518 in
784 461 1034 517 terminis
1083 461 1385 515 identitatis
1431 474 1537 513 non
1592 459 1886 516 stabilitur.
1926 459 2009 513 Dei

2202 458 2235 511 ἁ
2266 458 2365 528 τῆς
2398 456 2724 526 ταύτότητος
2762 452 3150 524 περιλαμϐάνει
3189 452 3422 524 πέρατα,
3473 454 3587 518 πῶς
3620 456 3725 522 γοῦν

483 564 666 606 autem
733 550 1026 604 identitatis
1080 550 1340 603 terminos
1422 549 1866 617 comprehendit,
1934 566 2004 618 qn

2198 557 2326 627 τχοίη
2355 557 2484 609 ποτὲ
2509 555 2570 608 τὸ
2591 554 2813 624 ἓτερον;
2846 555 2960 608 Οὐκ
2985 550 3107 607 εἶπε
3144 553 3201 607 δὲ
3241 553 3378 607 κατὰ
3422 553 3488 605 τὸ
3529 553 3725 622 σύνηθες

483 646 648 700 modo
707 659 837 714 ergo
899 643 1048 695 aliud
1129 642 1426 711 aliquando
1499 641 1793 697 admittere
1865 645 2010 712 possi

2199 648 2320 718 ιύτῷ
2347 650 2406 700 ὲν
2432 650 2543 710 τοῖς
2581 646 2761 710 ἄλλοις
2786 647 2888 717 τὴν
2909 646 3178 718 ὑπεροχὴν
3197 645 3425 714 λέγοντι,
3458 646 3564 707 ὅτι,
3590 646 3726 715 ὑπερ-

483 736 602 790 Nun
657 737 792 790 dixit
846 744 1023 788 autem
1076 750 1171 802 pro
1221 751 1371 788 more
1416 735 1666 803 loquendi
1720 751 1840 800 suo,
1906 745 1963 788 ut

2198 759 2311 811 xwv
2355 740 2423 794 τὰ
2452 740 2664 811 πέρατα
2707 739 2808 809 τῆς
2837 740 3163 811 ταύτότητος
3184 755 3196 768 °
3228 739 3469 793 ὲκκλινεῖ
3507 740 3612 810 γὰρ
3648 741 3725 809 τῆς

486 828 606 882 aliis
673 843 769 898 per
836 842 1158 889 excessum,
1209 834 1263 878 ut
1326 827 1472 894 quod
1524 828 1749 880 excedat
1813 827 2013 880 termin

2196 833 2516 902 ἀύτότητος,
2549 834 2642 885 καὶ
2670 835 2750 897 είς
2790 833 2978 903 ἕτερον
3021 831 3332 902 μεταπέσοι,
3367 832 3531 903 εἴπερ
3557 834 3723 902 ὑπερέ-

484 922 822 977 identitatis:
852 924 1109 992 quoniaut
1157 924 1416 978 deﬁceret
1463 926 1530 978 ab
1574 925 1878 986 identitate,
1931 934 1983 979 et

2197 929 2250 985 ζει
2277 925 2376 994 τῆς
2399 924 2744 992 ταύτότητος.
2772 924 2942 978 Είωθε
2988 923 3116 991 γοῦν
3160 925 3189 975 ὁ
3221 923 3411 995 Πατὴρ
3444 925 3505 976 ὲν
3532 923 3724 986 ὲκείνας

484 1016 628 1068 aliud
667 1017 955 1080 incideret,
982 1017 1026 1069 si
1064 1016 1402 1071 itlentitatem
1436 1017 1754 1071 excederet.
1793 1015 1941 1070 Solet
1977 1017 2011 1070 it

2303 1035 2349 1069 ιν
2376 1017 2476 1087 τὴν
2506 1017 2798 1088 ὑπεροχὴν,
2847 1019 2906 1070 ὲν
2941 1011 3023 1080 οἷς
3067 1017 3101 1086 ἡ
3136 1015 3373 1087 ὑπεροχὴ
3419 1016 3526 1068 οὐκ
3568 1014 3725 1084 ἀταπεί-

483 1123 590 1177 que
626 1109 712 1161 hic
747 1107 907 1162 Pater
941 1108 992 1161 in
1033 1108 1137 1162 illis
1182 1123 1470 1164 excessum
1508 1110 1816 1172 nominare,
1855 1110 1905 1162 in
1946 1126 2010 1179 qu

2192 1110 2254 1170 ζει
2281 1107 2348 1161 τὰ
2377 1108 2454 1178 τῷ
2497 1108 2616 1180 Θεῷ
2657 1109 2933 1179 πρέποντα
2955 1126 2966 1138 ·
3003 1111 3062 1161 ὲν
3097 1105 3179 1171 οἷς
3250 1106 3308 1160 δὲ
3380 1106 3620 1161 τοιοῦτόν
3682 1125 3719 1160 τι

485 1200 587 1254 bus
618 1215 882 1255 excessus
931 1201 1156 1256 minime
1205 1202 1537 1255 exterminat
1591 1201 1678 1255 illa
1737 1217 1856 1270 quae
1903 1202 2009 1256 Deu

2197 1197 2557 1264 εινδυνεύεται,
2591 1199 2770 1252 ίκανὸν
2795 1200 3010 1270 ἡγεῖται
3034 1197 3133 1268 τὴν
3174 1197 3435 1268 περιοχὴν
3477 1197 3576 1251 τοῦ
3613 1198 3724 1267 πρά-

483 1293 714 1355 dccent;
746 1292 801 1345 in
833 1293 1035 1360 quibus
1068 1308 1198 1346 vero
1236 1293 1340 1346 tale
1373 1295 1502 1362 quid
1547 1293 1770 1362 periculi
1803 1304 1906 1360 est,
1939 1306 2010 1349 sal

2198 1306 2378 1360 ’ματος
2425 1290 2771 1361 μαρτυρῆσαι
2794 1290 2889 1342 ἐπὶ
2933 1287 3087 1342 Θεοῦ.
3136 1289 3320 1342 Ἔστιν
3369 1285 3469 1342 οὖν
3494 1288 3555 1340 τὸ
3603 1288 3725 1340 Beier

479 1400 600 1440 esse
634 1394 787 1453 putat
814 1400 1087 1438 summam
1117 1387 1182 1439 de
1217 1387 1324 1440 Deo
1350 1387 1560 1442 testari.
1599 1387 1691 1440 Est
1716 1387 1897 1456 itaque
1931 1386 2004 1440 De

2200 1381 2570 1452 ιμετάὅλητον,
2605 1382 2699 1435 καὶ
2739 1381 2881 1434 κατὰ
2909 1383 3085 1433 πᾶσαν
3116 1379 3328 1449 κίνησιν
3365 1379 3639 1449 ἀκίνητον,
3660 1379 3727 1430 ΕΞ-

482 1476 856 1540 immutabilis,
878 1487 933 1531 et
965 1479 1262 1533 secundum
1283 1493 1497 1532 omnem
1517 1489 1722 1535 motum
1755 1479 2009 1535 immobili

2200 1473 2288 1525 τὼν
2333 1472 2390 1524 δὲ
2431 1471 2747 1540 ἀγένητον,
2790 1470 2978 1541 ἐπειδὴ
3018 1468 3298 1538 πολλαχῶς
3340 1468 3727 1540 λαμϐάνεταιτὸ

483 1570 682 1624 Diceus
703 1580 885 1624 autem
912 1572 1223 1639 ingenitum,
1255 1585 1379 1624 cum
1434 1569 1618 1625 multis
1639 1571 1813 1625 modis
1848 1571 1952 1626 hoc
1974 1587 2004 1624 n

2197 1563 2464 1632 ίγένητον
2486 1602 2501 1625 ,
2532 1561 2631 1626 τὰς
2680 1562 3068 1632 παλιμφήμους
3098 1563 3390 1634 ἑρμηνείας
3428 1561 3527 1613 τοῦ
3562 1561 3724 1629 ὀνόμα-

479 1677 602 1715 men
626 1663 941 1730 accipiatur,
963 1660 1298 1715 celebriores
1329 1661 1444 1728 ejus
1463 1662 1945 1732 interpretationes
1974 1677 2004 1716 e

2197 1671 2259 1716 ος
2287 1653 2646 1724 ἀποκαθαίρει
2665 1671 2677 1685 ·
2709 1654 2922 1722 λέγεται
2948 1654 3055 1725 γὰρ
3079 1655 3113 1725 ἦ
3142 1654 3204 1706 τὸ
3253 1656 3420 1724 μήπω
3448 1653 3724 1723 γενόμενον,

481 1752 681 1821 plicat;
731 1753 929 1806 dicitur
962 1753 1110 1806 enim
1147 1753 1442 1822 ingenitum
1469 1791 1484 1817 ,
1539 1755 1620 1808 vel
1655 1756 1797 1824 quod
1835 1755 2007 1809 necdu

2198 1747 2531 1816 ἐνησόμενον
2559 1746 2636 1809 δὲ,
2671 1745 2746 1810 ὠς
2773 1749 2806 1816 ή
2837 1747 3019 1818 Σάρρα
3047 1741 3167 1798 εἷπε
3197 1746 3278 1808 τὸ,
3310 1745 3486 1797 Οὖπω
3533 1744 3626 1814 μέν
3660 1760 3725 1812 μοι

481 1846 748 1914 genitum,
795 1845 886 1899 sed
923 1845 1252 1914 gignendum
1289 1856 1392 1910 est,
1427 1856 1485 1899 ut
1524 1847 1660 1899 Sara
1707 1848 1881 1900 dixit:
1917 1845 2008 1900 Νοι

2196 1837 2392 1904 ’έγονεν
2415 1852 2428 1866 ο
2470 1835 2502 1905 ἢ
2532 1835 2607 1898 ὼς
2643 1835 2980 1898 ἀτελείωτον,
3011 1833 3085 1896 ὡς
3117 1835 3146 1886 ὸ
3168 1835 3226 1885 ὲν
3255 1832 3483 1903 Χαλάνῃ
3523 1831 3723 1900 πύργος·

479 1937 606 1991 dum
637 1938 1013 2006 quidemmihi
1058 1947 1217 1991 natus
1258 1947 1342 1990 est
1375 1949 1430 2003 I;
1471 1938 1552 1990 vel
1584 1939 1728 2008 quod
1808 1934 2006 2004 imperii

2229 1929 2290 1981 τὸ
2312 1928 2387 1991 ὡς
2409 1927 2505 1997 οὐχ
2545 1927 2649 1979 ὑπὸ
2693 1927 2866 1988 τοῦδε,
2890 1925 2964 1988 ὡς
3007 1926 3088 1988 τὸ,
3129 1923 3365 1988 Παῦλος
3417 1924 3726 1985 ἀπόστολος

481 2041 628 2084 ctum
646 2031 907 2095 est,sicut
943 2031 1110 2084 turris
1143 2031 1193 2082 in
1221 2031 1462 2084 Clialnue
1491 2032 1552 2096 ι»,
1592 2033 1672 2085 vel
1710 2033 1778 2085 al)
1807 2032 1907 2086 hoc
1960 2045 2008 2084 ut

2207 2023 2279 2074 ὺκ
2311 2019 2379 2084 ἐξ
2416 2018 2770 2086 ἀνθρώπων·
2818 2018 2850 2088 ἢ
2895 2019 2970 2082 ὼς
3019 2019 3079 2071 οὺ
3111 2017 3247 2081 τόδε,
3291 2016 3386 2080 ὡς,
3438 2017 3499 2069 '0
3538 2015 3727 2073 Ἰοῦστος

477 2119 702 2184 factum,
733 2131 791 2175 ut
819 2139 833 2175 :
877 2119 1078 2175 Paulus
1111 2121 1377 2192 apostolus
1424 2139 1528 2175 non
1560 2124 1623 2175 ab
1668 2123 1968 2176 hominibus
2000 2139 2004 2160 ε

2202 2115 2264 2183 ὺχ
2280 2109 2358 2177 εἷς
2382 2112 2488 2165 τῶν
2505 2112 2730 2166 δώδεκα’
2754 2113 2785 2183 ἢ
2813 2113 2887 2177 ὼς
2915 2112 3137 2184 μηδαμῆ
3167 2111 3435 2182 μηδαμῶς
3463 2111 3631 2173 ὂν,ὡς
3654 2111 3729 2160 ὅσα

481 2212 564 2266 vel
613 2229 716 2266 non
754 2213 856 2267 hoc
890 2214 1091 2267 factum
1119 2253 1134 2276 ,
1186 2215 1328 2268 sicut
1364 2231 1378 2268 :
1415 2213 1601 2269 Justus
1652 2231 1759 2269 non
1809 2232 1949 2270 unus
1996 2232 2008 2270 ι

2203 2203 2548 2274 ερατεύονται
2580 2204 2860 2274 Ἕλληνες,
2905 2203 3166 2264 Σκύλλαν,
3198 2201 3291 2254 καὶ
3332 2202 3631 2272 Χίμαιραν,
3659 2199 3730 2250 καὶ

480 2301 810 2365 duodecim;
842 2302 926 2356 vel
968 2303 1018 2355 id
1053 2303 1198 2369 quod
1242 2305 1458 2370 penitus
1498 2304 1644 2358 nullo
1689 2305 1848 2359 modo
1875 2315 1974 2370 est,

2203 2298 2234 2350 ὰ
2276 2298 2456 2367 ὃμοια.
2505 2296 2707 2360 Ἰδικῶς
2766 2296 2895 2364 γοῦν
2939 2297 3032 2349 καὶ
3082 2294 3358 2358 ἀπολύτως
3411 2294 3556 2361 ὑπὲρ
3593 2291 3730 2344 ταῦτα

480 2406 605 2460 qua:
663 2390 868 2459 ﬁngunt
914 2391 1146 2460 gentiles
1207 2389 1444 2461 Scyllam
1497 2403 1552 2447 et
1597 2392 1960 2459 Chimaeram,

2205 2390 2347 2442 ταντα
2383 2389 2476 2442 ἐπὶ
2522 2387 2657 2440 Θεοῦ
2709 2388 2771 2440 τὸ
2835 2385 3099 2455 ἀγένητον
3124 2404 3135 2414 ·
3190 2384 3484 2455 μονοειδῶς
3525 2382 3627 2452 γὰρ
3660 2380 3732 2432 καὶ

478 2481 696 2536 similia.
722 2481 1021 2550 Speciatim
1041 2483 1202 2553 igitur
1218 2486 1554 2549 etabsolute,
1569 2501 1730 2555 supra
1757 2487 1868 2540 haec
1884 2503 2005 2539 omu

2205 2481 2488 2545 αὑτοειδῶς
2531 2478 2880 2552 ἀφορίζεται·
2935 2478 3221 2548 μονοειδῶς
3258 2476 3344 2529 διὰ
3385 2477 3456 2529 τὸ
3494 2472 3732 2533 παντελῶς

477 2574 774 2642 ingenitum
799 2575 850 2626 in
888 2574 996 2628 Deo
1030 2576 1266 2638 dicitur;
1293 2591 1400 2629 uno
1421 2577 1568 2631 enim
1593 2587 1646 2631 et
1671 2577 1839 2650 496
1871 2580 2004 2633 eode

2209 2573 2550 2644 παραϐλητὸν
2589 2572 2687 2642 τῆς
2730 2571 2881 2634 Θείας
2925 2571 3174 2638 φύσεως’
3213 2568 3543 2631 ταὺτοειδῶς
3584 2566 3662 2618 διὰ
3690 2565 3735 2615 τὸ

476 2665 638 2718 modo
663 2665 934 2719 deﬁnitur.
957 2666 1073 2721 Uno
1106 2669 1285 2728 modo,
1322 2678 1548 2736 propter
1571 2669 1938 2722 omnimodam
1980 2669 2003 2722 ii

2208 2663 2542 2716 ναλλοίωτον.
2561 2661 2978 2732 Ἀφοριξόμενον
3012 2659 3068 2712 δὲ
3093 2661 3154 2712 τὸ
3171 2658 3550 2728 δεικνύμενον,
3566 2657 3636 2718 ὼς
3653 2654 3735 2708 ἀπὸ

477 2756 999 2822 comparabilitatem
1025 2758 1222 2812 divina:
1247 2769 1472 2821 naturae,
1499 2761 1686 2814 eodem
1724 2761 1883 2813 modo
1909 2775 2004 2826 ;pr

2208 2755 2261 2808 οῦ
2279 2747 2546 2825 ὁρίζὲιν,ἢ
2565 2753 2625 2806 τὸ
2651 2752 2985 2827 ἐξῃρημένον
3013 2752 3106 2804 καὶ
3122 2750 3558 2822 κεχωρισμένον.
3582 2747 3678 2801 Καὶ
3690 2746 3735 2796 τὸ

475 2859 597 2918 pter
632 2849 1144 2904 iminuabilitatem.
1188 2850 1598 2921 Ἀφοριζόμενον
1626 2866 1752 2905 vero
1771 2861 1857 2905 est
1877 2851 1999 2904 deﬁt

2209 2847 2256 2898 εὶ
2303 2845 2494 2898 ταύτὸν
2539 2847 2632 2899 καὶ
2660 2844 2923 2907 ὡσαύτως
2964 2843 3085 2913 ἔχον
3124 2845 3151 2894 ὁ
3181 2842 3330 2905 Θεὸς,
3362 2842 3622 2913 δωρεῖται
3648 2839 3735 2900 τοῖς

477 2950 588 2994 tum
631 2956 723 2994 seu
757 2943 1208 3007 demonstratum,
1258 2961 1286 2995 a
1325 2943 1488 2996 verbo
1528 2943 1750 3014 ὁρίζειν,
1783 2943 1862 2997 vel
1884 2958 2002 2998 exet

2207 2938 2430 3008 τίσμασι
2459 2939 2518 2990 τὸ
2545 2941 2602 2990 ὲν
2619 2937 2905 3008 ταύτότητι
2921 2936 3214 3006 διαμένειν.
3233 2935 3463 2998 Ταύτῶς
3482 2930 3577 2987 οὖν
3593 2934 3733 2986 ᾶπαν-

476 3043 626 3102 ptum
657 3042 712 3085 et
741 3045 1073 3100 separatmn.
1116 3033 1180 3086 Et
1211 3035 1467 3102 quoniam
1503 3034 1644 3088 Dens
1691 3050 1906 3104 semper
1929 3036 2003 3089 ide

2209 3048 2257 3093 α,
2286 3031 2380 3083 καὶ
2404 3030 2472 3082 τὰ
2512 3030 2585 3102 μὴ
2616 3033 2673 3083 ὲν
2713 3031 2999 3100 ταύτότητι
3038 3029 3139 3099 τῆς
3167 3028 3400 3097 φύσεως,
3440 3029 3504 3080 ἐν
3541 3026 3615 3096 τῷ
3645 3023 3736 3092 Θεῷ

474 3124 734 3178 eteodem
755 3125 912 3177 modo
940 3139 998 3178 se
1031 3125 1214 3188 habet,
1238 3126 1426 3178 tribuit
1453 3127 1739 3191 creaturis,
1769 3127 1898 3179 utin
1920 3127 2001 3180 ide

2209 3125 2486 3191 εωρεῖται’
2535 3123 2753 3176 πάντων
2799 3122 2909 3192 γὰρ
2949 3121 3059 3174 τῶν
3101 3120 3269 3174 ὄντων
3315 3120 3561 3187 ταύτῶς,
3602 3122 3736 3190 fama

475 3217 628 3269 litate
660 3225 1032 3284 permaneant.
1063 3216 1260 3270 Eodem
1296 3217 1459 3269 modo
1484 3217 1647 3284 igitur
1674 3219 1880 3283 omnia,
1905 3221 2002 3273 etia

1299 3217 1459 3269 modo
1484 3217 1647 3284 igitur
1674 3219 1880 3283 omnia,
1905 3221 2070 3273 etiant
2097 3212 2144 3235 ν
2173 3213 2394 3282 ὁμοίως,
2420 3212 2592 3277 αἴτιος
2621 3215 2650 3266 ὁ
2678 3213 2826 3278 Θεὸς·

472 3328 595 3382 qnae
634 3327 736 3364 non
786 3319 912 3364 sunt
961 3311 1013 3364 in
1050 3310 1240 3364 eadem
1279 3321 1501 3374 natura,
1539 3312 1590 3363 in
1635 3311 1745 3365 Deo
1787 3313 2070 3379 videntur;

473 3402 738 3471 siquidem
777 3402 914 3454 Deus
947 3409 1031 3455 est
1065 3401 1252 3455 eodem
1285 3400 1476 3463 modo,
1512 3401 1628 3454 sive
1673 3402 1950 3468 similiter,
1985 3418 2072 3458 re-

475 3507 596 3546 rum
624 3491 866 3544 omuimn
894 3506 1082 3546 causa.

546 3582 678 3656 §V.
737 3585 896 3638 Aliud
952 3594 1134 3640 autem
1215 3584 1527 3655 signiﬁcare
1588 3585 1884 3652 putandum
1946 3595 2061 3652 est;

2246 3603 2273 3676 §
2320 3603 2384 3658 V.
2427 3607 2500 3659 Τὸ
2523 3606 2579 3659 δὲ
2605 3607 2792 3678 ἕτερον
2836 3608 3123 3679 σημαίνειν
3153 3609 3364 3678 οἰητέον
3385 3625 3399 3638 ⁸
3444 3609 3570 3663 καθ’
3599 3609 3735 3679 ὑπερ-

475 3678 818 3732 c0nstructio
844 3679 988 3730 enim
1040 3679 1153 3731 hcce
1190 3693 1285 3746 per
1338 3677 1710 3746 traiectionem
1751 3679 1818 3730 ad
1867 3688 1994 3746 puta

2247 3661 2273 3676 υ
2702 3661 2712 3678 .
2891 3661 2923 3679 ..
3228 3661 3240 3678 .
3610 3661 3702 3679 κη.

2209 3699 2330 3750 ατὸν
2378 3699 2486 3771 γὰρ
2529 3701 2561 3770 ἡ
2606 3700 2856 3768 σύνταξις
2900 3701 3034 3770 πρὸς
3079 3701 3141 3754 τὸ
3181 3702 3390 3772 οἰητέον
3435 3703 3633 3772 ἔχουσα
3663 3706 3736 3768 τὴν

477 3771 604 3823 dum
643 3768 963 3822 relationem
1007 3769 1209 3832 habet;
1244 3772 1502 3838 quoniam
1537 3770 1677 3825 Deus
1716 3770 1768 3824 in
1805 3771 1985 3841 seipso

2209 3789 2439 3842 πόδοσιν·
2471 3791 2552 3842 ὅτι
2580 3791 2754 3860 μένων
2783 3793 2865 3860 ἐφ’
2899 3791 3088 3845 ἑαυτοῦ
3132 3794 3224 3844 καὶ
3261 3793 3362 3863 τῆς
3393 3795 3608 3857 οίκείας
3632 3792 3735 3844 ταὺ-

474 3860 692 3932 propria
733 3861 1014 3915 identitate
1059 3877 1407 3930 permanens,
1450 3862 1793 3930 providentia
1841 3877 1937 3915 sua
1996 3909 2001 3926 _.

2208 3879 2416 3949 ότητος,
2445 3880 2513 3933 τὰ
2544 3881 2720 3933 πάντα
2750 3883 2809 3934 ὲν
2836 3884 2969 3935 πᾶσι
2999 3881 3372 3953 προνοητικῶς
3398 3883 3496 3935 διὰ
3516 3883 3613 3954 τὴν
3638 3883 3735 3934 πιᾶν-

473 3955 657 4009 omnia
693 3953 745 4005 in
781 3953 1034 4005 omnibus
1069 3962 1288 4022 pmpter
1310 3954 1553 4006 omnium
1583 3954 1836 4018 salutem,
1864 3967 2000 4008 εθιιιε

2208 3988 2276 4022 ων
2315 3973 2590 4042 σωτηρίαν
2644 3973 2886 4041 γίνεται,
2945 3975 3138 4026 ἑαυτὸν
3178 3975 3442 4038 ποικίλως
3499 3953 3735 4033 ἐπιδιδοκ

475 4045 654 4115 ipsmn
706 4045 1071 4098 diversimode
1114 4045 1430 4112 impertiens
1473 4046 1538 4099 ad
1573 4060 1763 4100 eorum
1809 4046 1899 4114 qui
1934 4060 1998 4099 co

2208 4061 2310 4129 ’ρὸς
2339 4061 2600 4114 ὲκΘέωσιν
2639 4062 2748 4114 τῶν
2789 4063 3274 4133 ἐπεστραμμένων.
3318 4062 3419 4116 Διὰ
3471 4064 3629 4117 τοῦτο
3651 4063 3735 4132 γὰρ

475 4138 617 4192 versi
633 4146 756 4191 sunt
775 4135 1196 4190 deilicationem.
1221 4134 1424 4190 Idcirco
1438 4137 1580 4190 enim
1599 4137 1914 4190 multimoda
1933 4153 2002 4206 qu

2206 4153 2262 4205 ai.
2293 4153 2628 4224 πολύτροπος
2676 4154 2829 4226 ήτοῦ
2873 4154 3006 4207 Θεοῦ
3049 4155 3208 4223 σοφία
3244 4155 3496 4223 λέγεταιο
3542 4157 3632 4209 καὶ
3660 4156 3733 4207 αύ-

473 4246 579 4299 que
631 4230 832 4283 dicitur
877 4229 970 4282 Dei
1018 4228 1311 4296 sapientia;
1351 4237 1406 4281 et
1447 4229 1733 4296 ipsammet
1786 4231 2000 4282 variaru

2206 4241 2266 4312 ὴν
2295 4243 2394 4315 τὴν
2422 4243 2533 4296 τῶν
2575 4245 2835 4298 ποικίλων
2879 4245 3173 4315 σχημάτων
3212 4246 3537 4314 ἑτερότητα,
3567 4245 3626 4298 τὸ
3660 4243 3733 4298 ἆλ-

476 4325 774 4391 ligurarum
827 4321 1201 4376 diversitatem
1247 4321 1558 4389 signiﬁcare
1601 4322 1897 4389 putandum
1952 4338 2003 4376 es

2206 4351 2272 4396 ως
2296 4334 2389 4386 καὶ
2412 4333 2584 4397 ἄλλως
2615 4334 2706 4386 τὸν
2732 4335 2865 4387 Θεὸν
2889 4337 2948 4387 ὲν
2966 4337 3078 4396 τοῖς
3118 4337 3425 4405 προφήταις
3455 4336 3733 4404 φαίνεσθαι,

473 4418 616 4486 quod
639 4418 691 4470 in
717 4414 996 4484 prophetis
1023 4415 1162 4469 Deus
1193 4415 1352 4468 aliter
1380 4424 1545 4484 atque
1572 4414 1731 4469 aliter
1754 4431 1990 4485 apparea

2206 4425 2321 4478 3510
2349 4427 2560 4496 οἰητέον
2589 4427 2898 4496 σημαίνειν,
2929 4427 3011 4478 ὅτι
3043 4425 3172 4479 ἄλλο
3191 4427 3244 4478 τί
3286 4428 3406 4478 ἐστι
3432 4431 3566 4499 παρ’
3590 4430 3616 4480 ὅ
3641 4427 3733 4495 φαί-

473 4510 732 4580 quoniam
768 4509 912 4562 aliud
943 4509 1070 4578 quid
1105 4516 1189 4562 est
1236 4507 1304 4561 ab
1352 4524 1417 4563 eo
1459 4509 1605 4576 quod
1649 4519 1894 4578 apparet,
1930 4526 1994 4565 cu

2207 4535 2335 4579 εται,
2365 4518 2560 4586 ἐπίσης
2586 4515 2726 4587 ἔχων
2749 4517 2816 4570 τὰ
2845 4517 3023 4570 πάντα
3042 4517 3298 4589 ἀλλότρια
3323 4519 3543 4572 ἑαυτοῦ.
3571 4520 3628 4571 Εἰ
3649 4519 3734 4585 γὰρ

475 4603 757 4670 a-quuliter
789 4602 972 4654 on'tuia
1008 4601 1120 4654 sint
1170 4600 1238 4654 ab
1273 4601 1388 4668 ipso
1414 4601 1649 4654 diversa.
1680 4601 1736 4655 Si
1767 4603 1911 4656 enim
1952 4601 2002 4655 al

2207 4628 2232 4662 ν
2263 4573 2365 4680 της
2399 4610 2457 4674 ἐξ
2504 4573 2729 4663 iliceing
2760 4610 2869 4662 τῶν
2915 4610 3158 4681 μορφῶν,
3194 4573 3281 4663 ἕνα
3327 4611 3382 4662 τί
3415 4612 3494 4682 μὴ
3525 4613 3591 4665 δι’
3620 4573 3734 4663 ἐκείζ

475 4709 582 4762 qua
612 4709 680 4747 ex
712 4693 818 4746 illis
841 4704 964 4746 erat
1000 4693 1213 4757 formis,
1249 4704 1304 4747 ut
1331 4683 1460 4761 quid
1491 4709 1593 4746 non
1627 4709 1727 4763 per
1764 4695 1906 4748 illam
1954 4711 2002 4764 al

2204 4719 2262 4773 ης
2295 4701 2546 4771 ἐφαίνετο
2580 4701 2808 4753 πάντοτε
2856 4701 2974 4764 οἵας
3023 4718 3082 4753 τε
3133 4699 3303 4770 οὔσης
3352 4700 3731 4770 καταλαμϐάνει

475 4788 722 4854 parebat.
775 4799 900 4840 cum
951 4787 1172 4839 omnino
1231 4795 1411 4852 posset
1459 4786 1886 4854 comprehendi,
1936 4786 2002 4842 lic

2201 4793 2310 4856 Θαι,
2346 4792 2480 4846 ἀλλὰ
2511 4793 2579 4846 δι’
2613 4792 2777 4864 ἄλλης
2811 4795 2906 4846 καὶ
2938 4793 3137 4863 ἄλλης;
3185 4795 3271 4858 Ὡς
3313 4795 3426 4868 γὰρ
3477 4799 3528 4848 εί
3575 4809 3728 4863 περιε-

479 4892 576 4947 per
611 4876 773 4929 aliam
803 4889 964 4946 atque
988 4877 1183 4930 aliam?
1217 4876 1678 4942 Quemadmodum
1708 4877 1852 4931 enim
1899 4879 1942 4932 si
1981 4879 2006 4932 il

2202 4886 2475 4957 πλάττομεν
2519 4890 2584 4958 τῇ
2638 4888 2834 4958 ἀμερεί
2887 4889 3031 4960 ψυχῇ
3093 4892 3268 4943 οἰκεῖα
3329 4894 3452 4953 ταῖς
3501 4891 3729 4959 δυνάμεσι

477 4968 770 5024 divisibilis
803 4972 1000 5025 anima:
1031 4971 1326 5025 Virtutibus
1369 4973 1615 5040 proprias
1654 4981 1839 5040 partes
1867 4987 2001 5042 corp

2202 4978 2314 5049 ιέρη
2369 4977 2738 5049 σωματοειδῆ,
2779 4979 3074 5050 ὀφείλομεν
3121 4982 3339 5046 οἰκείως
3394 4987 3460 5054 τῇ
3530 4978 3729 5053 ἀμερείᾳ

479 5075 600 5114 reas
632 5059 1035 5128 aliingeremus,
1069 5063 1368 5114 secundum
1418 5061 1910 5118 iudivisibilitatem
1950 5064 2006 5131 ejt

2201 5072 2315 5122 ποεῖν
2359 5069 2427 5122 τὰ
2477 5069 2763 5141 λεγόμενα,
2797 5072 2938 5124 κατά
2969 5090 3088 5126 τινα
3133 5075 3427 5147 ἀναγωγὴν
3458 5077 3553 5129 καὶ
3593 5073 3728 5134 ἀλλη-

477 5151 600 5206 illas
638 5150 937 5220 intelligere
983 5152 1344 5220 deberemus,
1381 5169 1479 5223 per
1528 5154 1822 5222 quamdam
1868 5171 2004 5226 auag

2200 5162 2387 5231 ὀρίαν,
2418 5161 2516 5214 τὸν
2564 5163 2689 5217 νοῦν
2744 5165 2842 5234 μὲν
2891 5165 3138 5234 λέγοντες
3172 5167 3435 5239 κεφαλὴν,
3471 5169 3603 5221 ὅτιὸ
3630 5161 3727 5224 νοῦς

477 5259 597 5312 gem
633 5253 687 5298 et
712 5243 1052 5314 allegoriam,
1099 5253 1336 5299 mentem
1387 5247 1607 5314 quidem
1653 5248 1900 5304 dicentes
1944 5265 2004 5305 es

2200 5251 2235 5303 ro
2289 5255 2536 5321 κρεῖττον
2582 5254 2676 5306 καὶ
2724 5255 3210 5328 περιεκτικὼτερον
3243 5259 3341 5327 τῆς
3373 5258 3569 5329 ψυχῆς,
3602 5257 3665 5318 ὡς
3700 5255 3727 5322 ἡ

477 5343 667 5403 caput,
699 5335 960 5403 quoniant
994 5348 1146 5387 mens
1179 5345 1262 5388 est
1295 5337 1492 5390 animus
1542 5338 1872 5407 praecipuum
1907 5351 2001 5412 atq

2199 5345 2386 5418 ιεφαλὴ
2410 5346 2504 5400 τοῦ
2531 5345 2800 5418 σώματος·
2825 5349 2922 5421 τὴν
2942 5349 2997 5402 δὲ
3018 5350 3194 5416 δόξαν,
3219 5351 3444 5420 αὐχένα,
3467 5353 3548 5404 ὃτι
3569 5348 3726 5414 ὥσπερ

481 5430 1017 5498 pra:st:mtissimum,
1051 5430 1194 5485 sicut
1234 5440 1399 5500 caput
1441 5433 1725 5501 corporis;
1756 5435 2008 5504 opinione

2196 5461 2203 5489 ⁵
2234 5439 2408 5510 αὐχὴν
2431 5479 2445 5504 ν
2487 5441 2649 5510 μέσον
2681 5443 2781 5513 τῆς
2815 5443 3055 5514 κεφαλῆς
3089 5443 3184 5496 καὶ
3223 5443 3317 5496 τοῦ
3352 5444 3540 5512 ἑτέρου
3572 5439 3723 5507 σώμα-

484 5535 614 5574 vero
646 5523 940 5587 cervicem,
983 5522 1110 5591 quia
1154 5523 1297 5578 sicut
1341 5523 1526 5578 cervix
1577 5527 1753 5579 media
1797 5535 1883 5582 est
1927 5527 2011 5581 inti

2193 5550 2286 5596 ξος,
2323 5532 2496 5598 οὕτως
2528 5536 2561 5606 ἡ
2594 5534 2720 5601 δόξα
2755 5537 2919 5606 μέσον
2960 5537 3055 5612 τοῦ
3102 5537 3193 5591 νοῦ
3239 5539 3332 5590 καὶ
3375 5537 3473 5604 τῆς
3517 5533 3720 5600 ἀλογίας,

487 5633 524 5660 ·-
557 5627 649 5687 ἃ»ιιι
677 5617 1056 5685 reliquumque
1100 5632 1319 5689 corpus,
1354 5619 1433 5674 sic
1460 5626 1516 5674 et
1550 5619 1736 5688 opinio
1785 5619 1958 5676 media
1988 5638 2014 5678 e

2191 5627 2245 5678 τά
2277 5625 2386 5696 γὰρ
2434 5627 2535 5698 τῆς
2576 5629 2813 5694 διανοίας
2865 5631 3304 5702 συμπεράσματα
3349 5630 3553 5701 ἀλόγως
3588 5621 3718 5679 οἶδεν·

638 5804 662 5831 ει
697 5789 834 5846 Gen.
873 5807 1029 5848 mu.
1107 5791 1135 5834 ι)
1171 5791 1304 5848 Gen.
1347 5810 1372 5847 κ
1410 5805 1459 5848 ct
1497 5810 1574 5851 ιι.
1643 5805 1663 5834 ο
1704 5796 1822 5852 Gal.
1863 5815 1898 5865 ι,
1937 5799 1984 5851 l.
