3866 6232
120 280 237 337 9ὶ9

703 284 791 339 DE
815 282 1067 340 DlVlNlS
1104 280 1502 348 NOMlNlBUS,
1529 280 1680 338 CAP.
1721 281 1809 338 IX.
1852 315 1921 324 —
1954 284 2297 340 PAliAPllR.
2335 283 2807 341 PACIIYMERxE.

3317 283 3420 340 9'52")

118 393 224 446 τὸν
256 392 313 445 δὲ
351 393 519 465 θυμὸν
553 394 871 467 στῆθος,ὅτι
902 396 998 449 καὶ
1028 395 1089 448 τὸ
1126 395 1354 465 θυμικὸν
1388 396 1446 447 ὲν
1486 392 1564 463 τῷ
1604 395 1732 464 στή-

1861 402 1982 449 uter
2028 397 2294 450 rationem
2340 406 2395 450 et
2442 396 2997 462 irrationabilitatem,
3071 396 3421 469 ntelligentim

121 487 215 540 Θει
253 489 419 555 φασὶν
451 483 589 541 εἶναι
610 506 622 517 ·
649 488 748 559 τὴν
790 489 848 542 δὲ
876 488 1171 560 ἐπιθυμίαν
1197 489 1458 559 γαστέρα,
1495 487 1615 539 ἐπεὶ
1642 488 1734 539 καί¹

122 580 271 647 περὶ
299 580 399 651 τὴν
430 580 671 652 γαστέρα
699 579 793 633 τοῦ
825 577 1074 651 σώματος
1106 580 1167 631 τὸ
1209 578 1602 649 ἐπιθυμητικὸν
1635 596 1734 629 πε-

130 677 489 746 ριγράφουσι’
536 672 637 743 τὴν
668 670 724 725 δὲ
757 671 942 740 φύσιν,
974 671 1137 743 σκέλη
1171 672 1265 724 καὶ
1298 671 1485 734 πόδας,
1520 670 1739 739 δηλοῦν-

124 782 229 829 τες
273 764 524 819 ἐντεῦθεν
568 764 629 817 τὸ
674 764 907 835 βάσιμον
948 764 1044 817 καὶ
1085 764 1295 835 ἑδραῖον
1346 764 1444 835 τῆς
1487 762 1733 832 φύσεωςο

127 858 320 929 πολλῷ
335 876 398 928 γε
423 858 620 930 μᾶλλον
636 859 728 913 ἐπὶ
743 858 876 912 Θεοῦ
893 857 987 912 τοῦ
1006 859 1222 912 πάντων
1239 857 1496 910 ἐπέκεινα
1513 857 1739 929 θεοπρε-

129 953 260 1017 πῶς
276 952 561 1023 ὀφείλομεν
578 953 962 1016 ἀναπτύσσειν,
982 952 1078 1005 καὶ
1095 950 1503 1022 ἀνακαθαίρειν,
1523 951 1739 1004 καὶτῶν

132 1044 472 1115 σωματικῶν
500 1042 864 1097 ἀπαλλάττειν
891 1042 952 1095 τὸ
969 1042 1361 1115 θεωρούμενον.
1381 1043 1493 1095 Καὶ
1521 1040 1652 1094 αὑτὸ
1682 1041 1739 1094 δὲ

128 1139 199 1194 τὸ
213 1140 376 1211 τριχῆ
393 1137 695 1202 διαστατὸν,
714 1137 851 1207 ὅπερ
867 1136 960 1189 ἐπὶ
989 1135 1097 1188 τῶν
1130 1136 1397 1207 σωμάτων
1424 1135 1569 1197 ἰδίως
1598 1134 1737 1198 ἐστι,

130 1233 201 1286 τὸ
236 1232 435 1303 μῆκος,
467 1231 528 1284 τὸ
548 1230 773 1294 πλάτος,
813 1228 907 1281 καὶ
936 1227 996 1280 τὸ
1028 1227 1209 1297 βάθος,
1248 1226 1297 1279 εί
1334 1224 1620 1296 βουληθείη
1658 1242 1743 1287 τις

135 1326 414 1399 περιάψαι
433 1326 510 1396 τῷ
526 1324 700 1395 Θείῳ,
734 1322 1053 1395 θεοπρεπῶς
1069 1320 1270 1390 ὀφείλει
1297 1318 1455 1373 τοῦτο
1484 1318 1735 1389 ποιῆσαι·

134 1420 240 1472 καὶ
284 1418 473 1487 νοῆσαι
506 1417 603 1487 μὲν
647 1413 847 1477 πλάτος
888 1414 985 1484 τὴν
1027 1411 1389 1484 ὑπερεύρειαν
1443 1413 1524 1474 είς
1566 1410 1742 1464 πάντα

133 1510 240 1565 τοῦ
272 1508 407 1563 Θεοῦ
452 1506 676 1579 πρόοδον
718 1507 800 1570 είς
827 1506 889 1558 τὸ
932 1506 1298 1575 παραγαγεῖν,
1328 1504 1409 1566 είς
1450 1503 1511 1555 τὸ
1540 1501 1740 1573 κυϐερ-

136 1604 270 1673 νᾷν,
300 1602 380 1665 είς
408 1600 470 1653 τὸ
513 1601 791 1671 προνοεῖν·
842 1599 1014 1669 μῆκος
1055 1598 1110 1650 δὲ
1140 1597 1237 1669 τὴν
1270 1596 1638 1667 ὑπερέχουσαν
1672 1594 1741 1649 τά

142 1695 333 1749 πάντα
374 1690 636 1762 δύναμιν·
684 1690 845 1761 βάθος
886 1691 944 1743 δὲ
988 1690 1086 1762 τὴν
1118 1689 1487 1760 ἀπερίληπτον
1518 1689 1741 1761 κρυφιό-

1838 488 1981 541 enim
2017 490 2278 544 terminos
2307 490 2425 544 sine
2456 488 2872 544 ratiocinatione
2900 489 3084 557 novit;
3119 491 3255 543 iram
3288 507 3426 544 vero

1837 587 2051 648 peetus,
2084 581 2339 649 quoniam
2374 580 2479 634 vim
2532 578 2858 633 irascibilem
2906 581 2959 635 in
2991 591 3211 651 pectore
3257 582 3417 636 sitam

1838 684 1957 726 esse
2005 671 2193 739 aiunt;
2237 672 2734 741 concupiscentiam
2782 686 2914 726 vero
2960 682 3249 736 ventrem,
3296 688 3419 725 cmn

1837 775 1935 832 per
1979 772 2222 815 ventrem
2268 777 2483 832 quoque
2541 762 2787 832 corporis
2844 763 2925 817 vis
2986 762 3420 831 concupiscibilis

1840 854 2187 923 designetur;
2223 864 2469 908 naturam
2503 868 2634 908 vero
2664 869 2825 908 crura
2860 857 3154 923 pedesque,
3176 870 3273 924 per
3304 855 3420 910 halc

1839 946 2099 999 nimirum
2147 953 2352 1000 natura?
2401 946 2760 1000 constantiam
2794 947 3217 1015 ﬁrmitatemque
3248 946 3418 1015 signi-

1841 1039 2056 1094 ﬁcando
2092 1058 2105 1094 :
2143 1038 2309 1092 multo
2342 1040 2517 1110 magis
2549 1042 2734 1110 utique
2779 1040 2829 1092 in
2875 1040 2984 1093 Deo
3008 1080 3020 1101 .
3056 1040 3218 1094 rebus
3249 1040 3417 1093 omni-

1839 1133 1941 1185 bus
1972 1130 2357 1194 emincntiore.
2378 1145 2443 1185 eo
2471 1147 2577 1201 quo
2611 1134 2778 1187 Deum
2809 1132 2967 1187 decet
2999 1134 3157 1185 modo
3189 1130 3419 1202 mystico

1840 1220 1958 1277 haec
1986 1220 2279 1291 explicare,
2327 1230 2382 1275 et
2429 1222 2479 1274 id
2530 1223 2673 1290 quod
2721 1223 3122 1286 consideratur,
3169 1221 3237 1275 ab
3282 1220 3428 1275 omni

1844 1323 1903 1362 re
1929 1324 2192 1379 corporea
2225 1308 2463 1363 liberare
2492 1320 2547 1364 et
2592 1313 2913 1365 abstrahere
2944 1312 3224 1365 debemus.
3259 1311 3428 1366 Porro

1844 1401 2109 1469 triplicem
2130 1402 2466 1467 distantiam,
2486 1418 2605 1472 qua:
2638 1405 2689 1457 in
2724 1406 3047 1473 corporibus
3071 1407 3293 1475 proprie
3324 1415 3426 1464 est.

1844 1491 2122 1561 longitudo
2142 1504 2190 1546 et
2221 1494 2473 1555 latitudo,
2504 1504 2560 1549 et
2586 1494 2951 1563 profunditas,
2987 1496 3031 1550 si
3063 1497 3186 1563 quis
3216 1497 3325 1549 Deo
3342 1511 3431 1549 ac-

1844 1583 2195 1637 commodare
2214 1585 2464 1650 voluerit,
2481 1600 2543 1639 ea
2563 1600 2666 1655 qua
2690 1586 2856 1639 Deum
2877 1587 3029 1639 decet
3044 1585 3205 1657 597
3227 1588 3433 1642 ratione

1847 1672 1899 1725 id
1922 1671 2229 1727 faciendum
2256 1685 2359 1742 est;
2379 1683 2430 1729 et
2450 1676 2796 1743 intelligenda
2819 1677 3035 1746 quidem
3068 1678 3319 1740 latitudo,
3339 1694 3432 1732 su—

138 1802 309 1856 τητα.
340 1758 765 1845 ’Δλλὰήδέδοικῶ
804 1781 877 1852 μὴ
907 1758 1157 1851 λάθωμεν
1186 1758 1413 1843 ἑαυτοὺς
1441 1758 1750 1851 συμιμῦρον-

1855 1778 2119 1833 praquam
2170 1775 2392 1821 extensa
2424 1766 2511 1820 illa
2544 1766 2640 1820 Dei
2673 1768 2738 1820 ad
2770 1782 2858 1821 res
2903 1783 3090 1821 omnes
3125 1769 3433 1837 progressio

137 1892 237 1940 τες
283 1876 353 1928 τὰ
397 1875 526 1945 περὶ
567 1872 702 1926 Θεοῦ
758 1873 1065 1943 ἀσωμάτως
1133 1873 1455 1943 ὀφειλόμενα
1510 1873 1747 1925 νοεῖσθαι

136 1970 268 2031 ταῖς
321 1966 409 2020 διὰ
454 1964 738 2037 συμϐόλων
792 1965 1066 2035 αἰσθητῶν
1121 1964 1503 2029 άναπτύξεσιν.
1540 1966 1748 2033 Ἤγουν

138 2057 565 2128 ἀναπτύσσομεν
594 2057 655 2110 τὸ
696 2056 917 2121 πλάτος,
952 2056 984 2127 ἣ
1014 2057 1075 2109 τὸ
1106 2058 1297 2128 μῆκος,
1329 2056 1361 2127 ἢ
1409 2056 1469 2109 τὸ
1499 2056 1680 2126 βάθος,
1712 2056 1746 2127 ἢ

139 2150 367 2211 mon,
390 2148 703 2219 βουλόμενοι
732 2146 925 2214 άνάξαι
954 2148 1091 2201 αὐτὰ
1122 2146 1229 2200 ἀπὸ
1255 2148 1363 2200 τῶν
1396 2146 1741 2218 σωματικῶν·

142 2242 248 2297 καὶ
279 2240 461 2304 πάλιν,
499 2241 572 2312 μὴ
604 2240 778 2304 άλλως
807 2240 1020 2310 ἔχοντες
1048 2238 1227 2308 λέγειν
1247 2280 1260 2304 ,
1295 2239 1424 2309 περὶ
1452 2238 1520 2291 τὰ
1561 2255 1748 2309 σωμα-

138 2334 279 2389 ⁴τικά
326 2333 716 2404 καταντῶμεν,
761 2332 989 2404 πρόοδον
1034 2332 1281 2400 λέγοντες
1320 2331 1571 2402 δύναμιν,
1615 2349 1747 2403 κρυ-

144 2428 402 2497 φιότητα,
448 2426 541 2480 καὶ
568 2426 637 2479 τὰ
665 2425 925 2489 τοιαῦτα,
956 2425 992 2479 ἃ
1034 2425 1097 2496 δὴ
1140 2426 1234 2479 καὶ
1276 2424 1415 2477 αὐτὰ
1460 2425 1748 2495 σωματικά

144 2520 314 2582 εἰσιν,
349 2519 511 2572 είκαὶ
542 2518 852 2589 ὑψηλότερα
881 2517 992 2571 τῶν
1025 2518 1307 2590 προτέρων
1327 2536 1338 2547 ·
1372 2517 1451 2571 διὸ
1481 2518 1608 2588 περὶ
1630 2518 1747 2571 τού·

144 2627 261 2663 των
290 2612 350 2662 ὲν
394 2609 574 2673 ἄλλοις
615 2609 853 2681 εἴρηται.
907 2607 1022 2661 Νῦν
1061 2608 1117 2660 δὲ
1161 2608 1457 2679 ἑτερότητα
1496 2607 1746 2675 λέγοντες

146 2701 247 2755 ἐπὶ
276 2700 437 2765 Θεοῦ,
472 2700 546 2771 μὴ
577 2699 1036 2768 ὑποπτεύσωμεν,
1068 2699 1149 2752 ὅτι
1182 2700 1259 2762 είς
1291 2699 1476 2767 ἓτερον
1504 2698 1598 2751 καὶ
1627 2700 1747 2751 ἕτε-

151 2809 248 2863 ρον
276 2790 580 2845 ἀλλοιοῦται
609 2790 670 2843 τὸ
699 2790 874 2853 Θεῖον,
906 2788 1041 2841 ἀλλὰ
1072 2789 1153 2852 τὸ,
1190 2791 1248 2840 ὲν
1277 2792 1342 2859 τῇ
1376 2790 1551 2860 οἰκείᾳ
1579 2788 1747 2842 ἁπλό-

150 2899 278 2954 τητι
324 2882 554 2953 μένοντα
591 2881 683 2935 τὸν
726 2880 879 2944 Θεὸν,
928 2880 996 2933 τὰ
1038 2881 1257 2933 ποικίλα
1298 2881 1393 2933 καὶ
1433 2881 1748 2935 παντοδαπὰ

150 2978 270 3047 είδη
301 2977 399 3048 τῆς
439 2976 667 3039 κτίσεως
698 2975 1066 3044 παραγαγεῖν,
1103 2972 1475 3043 ἐμφαίνομεν·
1522 2972 1748 3043 πρόοδον

150 3069 264 3139 γὰρ
292 3068 442 3137 λέγει
472 3068 570 3140 τὴν
602 3068 736 3138 πρὸς
764 3066 825 3119 τὸ
856 3067 1038 3120 κτίσαι
1069 3065 1136 3118 τά
1173 3066 1348 3119 πάντα
1392 3065 1552 3117 οἱονεὶ
1595 3063 1749 3135 κίνη-

153 3177 242 3215 σιν
270 3162 365 3214 καὶ
392 3163 589 3233 ὁρμήν.

1852 1870 1974 1909 cum
1997 1856 2049 1908 in
2072 1858 2565 1924 producendo,tum
2587 1858 2638 1911 in
2659 1858 3029 1927 gubernando,
3053 1870 3162 1912 tum
3183 1860 3233 1913 in
3257 1860 3434 1931 provi-

1850 1948 2058 2013 dendo;
2093 1949 2370 2019 longitudo
2398 1964 2549 2014 vero,
2582 1952 2825 2019 potentia
2857 1951 2947 2005 illa
2979 1968 3098 2022 qua:
3130 1967 3215 2006 res
3244 1967 3435 2007 omnes

1848 2055 2096 2112 superat;
2134 2046 2477 2114 profunditas
2536 2064 2703 2116 vero,
2762 2067 3021 2107 arcanum
3093 2053 3224 2108 illud
3278 2053 3430 2122 quod

1852 2150 2236 2217 comprehendi
2271 2151 2478 2220 nequit.
2515 2150 2621 2206 Sed
2654 2166 2844 2204 vereor
2876 2167 2941 2205 ne
2977 2168 3074 2206 nos
3107 2154 3251 2222 ipsos
3279 2156 3434 2223 igno—

1852 2256 2059 2307 remus,
2090 2257 2153 2296 ea
2184 2259 2307 2311 qua:
2335 2244 2400 2297 de
2433 2243 2542 2298 Deo
2573 2244 2894 2312 incorporeo
2940 2247 3101 2299 modo
3133 2247 3433 2318 intelligere

1852 2333 2112 2389 debemus
2183 2336 2464 2390 sensilium
2538 2338 2909 2407 symbolarum
2984 2339 3438 2409 explicationibus

1853 2426 2286 2481 commiscentes.
2342 2428 2697 2496 Explicamus
2745 2429 2911 2497 igitur
2944 2428 3317 2497 latitudinem,
3352 2433 3438 2487 vel

1849 2517 2279 2589 longitudinem,
2324 2520 2406 2575 vel
2455 2521 2915 2590 profunditatem,
2960 2522 3042 2575 vel
3088 2522 3230 2577 aliud
3283 2525 3440 2593 quid—

1851 2612 2020 2680 piam,
2055 2612 2180 2665 dum
2214 2627 2242 2664 a
2292 2612 2453 2667 rebus
2504 2613 2783 2680 corporeis
2816 2613 2903 2665 illa
2942 2614 3192 2669 volumus
3225 2617 3437 2670 abstra-

1852 2703 2019 2769 here;
2050 2713 2105 2757 et
2154 2718 2276 2757 cum
2311 2704 2470 2757 aliter
2513 2704 2708 2761 efferre
2758 2720 2865 2759 non
2900 2708 3194 2775 possimus,
3227 2722 3438 2762 rursmu

1852 2794 1919 2847 ad
1953 2809 2211 2863 corporea
2248 2796 2507 2858 redimus,
2542 2796 2670 2848 dum
2721 2811 3035 2865 processum
3070 2798 3303 2852 dicimus
3333 2801 3445 2852 vir-

1854 2893 2049 2948 tutem,
2084 2899 2369 2951 arcanum,
2404 2895 2459 2939 et
2488 2887 2715 2953 similia,
2748 2904 2868 2955 quae
2912 2892 3099 2957 utique
3132 2893 3295 2945 etiam
3328 2891 3444 2961 ipsa

1852 2991 2113 3045 corporea
2146 2987 2294 3041 sunt,
2329 2977 2458 3031 licet
2512 2980 2788 3047 prioribus
2840 2981 3186 3035 sublimiora.
3244 2984 3443 3038 Verum

1852 3065 1917 3119 de
1951 3066 2035 3120 his
2066 3066 2192 3120 alibi
2226 3068 2457 3120 dictum.
2493 3068 2649 3122 Modo
2696 3083 2826 3123 vero
2856 3070 3183 3125 alteritatem
3219 3074 3285 3127 de
3334 3073 3444 3128 Deo

1774 3140 1816 3196 (ἶ
1851 3158 2121 3222 dicentes,
2156 3173 2222 3212 ne
2252 3160 2595 3227 suspicemur
2632 3161 2797 3216 Demn
2831 3163 2882 3216 in
2918 3163 3063 3216 aliud
3094 3177 3258 3233 atque
3290 3166 3438 3220 aliud

155 3254 456 3323 permutari
492 3291 507 3318 ,
568 3252 664 3307 sed
734 3251 787 3304 in
860 3249 1081 3321 propria
1152 3248 1501 3317 simplicitate
1562 3255 2023 3316 permanentem,
2067 3248 2313 3303 diversas
2376 3257 2433 3301 et
2506 3251 2848 3305 omnimodas
2908 3255 3118 3323 Species
3182 3267 3446 3311 creatura:

155 3343 464 3412 producere
518 3342 894 3412 signiﬁcamus
938 3360 951 3395 :

154 3434 402 3488 omnium
436 3437 773 3489 creationem

225 3528 256 3600 δ
288 3526 377 3581 Ἣ.
417 3528 638 3598 Ὅμοιον
670 3528 726 3581 δὲ
758 3528 850 3581 τὸν
883 3529 1012 3581 Θεὸν
1047 3530 1094 3581 εί
1131 3528 1229 3599 μὲν
1256 3528 1331 3591 ὡς
1363 3528 1522 3579 αὐτὸν
1570 3525 1745 3597 ἑαυτῷ

152 3621 273 3674 ὅλον
306 3620 375 3673 δι’
409 3620 531 3672 ὅλου
566 3620 711 3672 εἴποι
744 3638 847 3683 τις,
882 3620 983 3672 οὐκ
1031 3620 1359 3689 ἁτιμαστέον
1404 3618 1502 3689 τὴν
1549 3618 1749 3671 θεωνυ-

156 3712 307 3783 μίαν.
348 3711 570 3781 Ὅμοιον
616 3711 673 3763 δέ
718 3729 823 3764 τινι
868 3711 977 3765 τῶν
1022 3711 1192 3764 ὅντων
1228 3711 1344 3774 πῶς
1394 3711 1455 3763 τὸ
1488 3712 1638 3763 Θεῖον
1672 3710 1751 3763 λε-

154 3802 452 3873 χθήσεται;
489 3800 609 3853 ὲπεί
641 3801 723 3853 τοί
756 3803 872 3871 γεὴ
897 3800 1016 3853 θεία
1048 3801 1261 3871 Γραφὴ,
1297 3801 1373 3863 ὡς
1407 3801 1492 3853 ἀεὶ
1525 3800 1615 3852 τὸν
1649 3800 1748 3852 αὑ-

154 3893 246 3945 τὸν
278 3890 654 3953 άναλλοιώτως
686 3890 814 3944 ὄντα
834 3932 847 3953 ,
884 3891 1136 3961 ἀνόμοιον
1172 3891 1303 3943 πᾶσί
1340 3908 1525 3960 φησιν,
1562 3893 1619 3943 ὲν
1652 3889 1749 3960 τῷ,

160 3984 259 4049 Τίς
282 3982 485 4051 ὅμοιός
514 3998 611 4035 σοι
639 3982 709 4033 ἐν
741 3981 920 4046 θεοῖς,
953 3983 1131 4048 Κύριε
1149 3998 1166 4044 ;
1200 3982 1295 4035 καὶ⁹
1328 3982 1511 4045 πάλιν,
1542 3983 1660 4034 Τίνι
1678 3998 1755 4049 με

153 4071 537 4143 ὠμοιώσατε;
560 4072 724 4143 λέγει
752 4074 989 4140 Κύριοςο
1016 4074 1110 4124 καὶ
1132 4072 1310 4126 ’πάλιν⁹
1516 4074 1755 4141 ὁράσεις

154 4164 496 4231 ἐπλήθυνα,
519 4165 617 4218 καὶ
646 4166 716 4217 ἐν
735 4165 907 4234 χερσὶ
942 4163 1061 4217 τῶν
1082 4163 1404 4233 προφητῶν
1428 4164 1750 4233 ὡμοιώθην·

153 4258 427 4319 τουτέσιν,
474 4258 531 4311 Ὀ
563 4258 728 4321 αὐτὸς
762 4256 873 4325 ἐγὼ
894 4256 1137 4327 ἐμαυτῷ,
1173 4256 1250 4321 ὡς
1284 4258 1573 4327 Εἰρηναῖος
1607 4256 1754 4324 λέγει

1001 3355 1350 3410 progressum
1413 3340 1558 3394 enim
1621 3338 1755 3394 dicit
1808 3338 1982 3408 ipsam
2038 3340 2205 3395 veluti
2238 3342 2533 3396 motionem
2584 3352 2634 3396 et
2673 3346 3096 3414 prOpensiouem
3151 3348 3217 3400 ad
3265 3363 3446 3402 rerum

1925 3519 1951 3591 ᾗ
1992 3517 2078 3573 Vl.
2128 3516 2371 3572 Similem
2406 3534 2535 3572 vero
2580 3518 2746 3573 Deum
2801 3520 2843 3573 si
2896 3521 3016 3588 quis
3063 3522 3283 3588 dixerit,
3328 3533 3446 3577 tan-

1852 3627 2013 3681 quam
2072 3612 2173 3665 sibi
2227 3621 2399 3664 totum
2435 3626 2532 3679 per
2566 3621 2737 3665 totum
2788 3612 3153 3677 confounem,
3206 3613 3310 3666 tale
3350 3630 3450 3668 no-

1855 3720 1977 3758 men
2006 3703 2102 3757 Dei
2132 3704 2355 3757 minime
2386 3703 2790 3772 aspernandum
2829 3713 2932 3756 est.
2982 3704 3266 3770 Quomodo
3314 3720 3448 3758 vero

1857 3798 2004 3851 Deus
2044 3796 2206 3849 alicui
2238 3796 2313 3848 rei
2349 3796 2542 3848 similis
2578 3796 2680 3849 dici
2721 3794 2938 3863 possit?
2975 3795 3237 3862 quoniam
3266 3796 3445 3849 divina

1865 3888 2182 3959 Scriptura,
2240 3898 2496 3956 tauquam
2546 3901 2761 3954 semper
2811 3887 3065 3940 eumdem
3112 3888 3229 3942 sine
3278 3900 3452 3941 muta-

1860 3983 2030 4045 tione,
2062 3978 2316 4035 onmibus
2365 3978 2683 4033 dissimilem
2732 3978 2887 4042 dicit,
2935 3988 2994 4031 ut
3039 3979 3091 4032 in
3137 3980 3272 4033 illo:
3315 3980 3449 4045 Quis

1858 4073 2049 4127 similis
2092 4070 2189 4124 tibi
2223 4072 2276 4123 in
2309 4071 2435 4135 diis,
2464 4068 2725 4122 Domine?
2756 4067 2781 4107 ά
2817 4085 2881 4123 ac
2926 4071 3121 4123 iterum
3166 4089 3179 4125 :
3230 4072 3325 4125 Cui
3368 4088 3449 4125 me

1856 4164 2236 4218 assimilastis?
2283 4164 2451 4230 inquit
2511 4161 2768 4215 Dominus
2808 4173 2868 4226 e;
2918 4172 2973 4215 et
3028 4178 3217 4216 rursus
3270 4178 3285 4217 :
3334 4160 3450 4232 Ego

1856 4258 2083 4309 visiones
2116 4254 2481 4322 multiplicavi,
2512 4263 2557 4306 et
2583 4254 2635 4305 in
2669 4254 2911 4306 manibus
2939 4254 3314 4322 praphetarum
3361 4272 3451 4307 as-

155 4352 215 4403 ὲν
248 4351 365 4411 τοῖς
386 4350 547 4403 Κατὰ
574 4348 878 4416 αἱρέσεως.
901 4348 1056 4401 Οῦτω
1072 4348 1151 4414 δὲ,
1169 4348 1245 4413 ὡς
1275 4350 1375 4401 οὐκ
1406 4348 1553 4401 ἔστιν
1578 4350 1750 4419 ὅμοιος

1867 4351 2129 4403 sintilams
2161 4348 2239 4416 [ui
2271 4346 2326 4411 t;
2380 4347 2429 4399 id
2462 4354 2567 4412 cst,
2603 4346 2743 4399 idem
2778 4362 2877 4414 ego
2910 4347 3043 4399 mihi
3074 4347 3203 4415 ipsi,
3252 4357 3309 4399 ut
3339 4348 3451 4400 Ire-

153 4440 356 4503 οὐδενὶ,
408 4440 665 4511 δωρεῖται
698 4440 794 4510 τὴν
840 4440 1135 4512 ὁμοιότητα
1167 4444 1280 4503 τοῖς
1314 4442 1399 4492 ἐπ’
1436 4442 1595 4493 αὐτὸν
1630 4444 1751 4494 ἐπι-·

156 4530 569 4601 στρεφομένοις.
626 4529 784 4593 Πῶς;
820 4530 978 4583 Κατὰ
1028 4530 1261 4601 μίμησιν
1294 4531 1392 4601 τὴν
1425 4531 1565 4583 κατὰ
1598 4531 1754 4584 δύνα-

159 4636 257 4689 μιν
302 4618 412 4672 τῶν
463 4619 623 4673 θείων
668 4620 893 4673 ἐκείνων
941 4621 1034 4672 καὶ
1082 4621 1223 4692 ὑπὲρ
1272 4622 1448 4674 πάντα
1498 4622 1622 4692 ὅρον
1662 4624 1756 4674 καὶ

156 4712 318 4781 λόγον
352 4713 729 4783 ὑπαρχόντων,
764 4712 905 4766 κατὰ
938 4714 1017 4779 τὸ,
1052 4716 1311 4768 Γίνεσθε
1355 4714 1568 4768 τέλειοι
1589 4754 1604 4779 ,
1640 4716 1753 4777 καὶ,

156 4808 421 4860 Γίνεσθε
446 4808 815 4876 οἰκτίρμονες
838 4810 917 4874 ὡς
940 4812 971 4861 0'
988 4807 1190 4875 Πατὴρ
1206 4808 1372 4877 ὑμῶν
1398 4812 1430 4861 ὀ
1455 4808 1749 4876 οὐράνιος·

158 4900 309 4968 ἇπερ
342 4898 435 4949 ὲπί
466 4898 600 4951 Θεοῦ
638 4900 734 4970 μὲν
788 4902 995 4971 κυρίως
1042 4901 1138 4954 καὶ
1189 4902 1331 4973 ὑπὲρ
1378 4902 1554 4954 πάντα
1599 4901 1753 4969 λόγον

157 4989 259 5044 καὶ
289 4990 435 5060 ὅρον⁹
472 4990 591 5043 οὐδὲ
623 4990 734 5062 γὰρ
785 4993 937 5045 τόσον
972 4994 1003 5064 ἢ
1037 4994 1192 5046 τόσον
1238 4996 1385 5046 ἐστὶν
1436 4994 1523 5047 ἐπ’
1558 4994 1751 5063 ἐκείνῳ

156 5082 223 5133 τὸ
256 5081 539 5151 οίκτίρμον
572 5081 604 5151 ἢ
637 5082 698 5135 τὸ
728 5083 952 5147 τέλειον,
989 5084 1101 5136 ἀλλ’
1135 5085 1533 5157 ἀπεριόριστον*
1570 5088 1663 5139 ἐπὶ
1693 5086 1750 5138 δὲ

157 5171 274 5225 τῶν
305 5174 620 5243 κτισμάτων
666 5174 810 5228 κατὰ
857 5176 955 5247 τὴν
1002 5176 1233 5230 ἑκάστου
1270 5178 1502 5249 σπουδὴν
1536 5181 1627 5232 καὶ
1659 5179 1747 5232 δύ-

160 5283 351 5335 ναμιν.
388 5265 469 5319 Τὰ
500 5267 629 5335 γοῦν
664 5257 1026 5339 παραγόμενα
1062 5270 1252 5340 ῥητέον
1285 5272 1445 5341 ὅμοια
1479 5271 1617 5342 Θεῷ,
1654 5272 1753 5323 αἰ·-

160 5362 278 5423 τοῖς
310 5360 368 5412 δὲ
400 5360 492 5413 τὸν
524 5361 655 5414 Θεὸν
688 5362 871 5432 ὅμοιον
897 5364 957 5415 οὐ
996 5365 1305 5433 ρητέον,ὅτι
1339 5364 1460 5417 οὐδὲ
1491 5366 1519 5416 ὁ
1552 5364 1759 5434 ἄνθρω-

161 5471 270 5517 πος
301 5455 487 5526 ὅμοιος
517 5458 582 5527 τῇ
618 5458 787 5510 εἰκόνι
821 5456 1007 5521 αὐτοῦ,
1034 5459 1066 5527 ἡ
1090 5457 1145 5510 δὲ
1180 5457 1343 5511 εἰκὼν
1377 5458 1538 5528 ὁμοία
1570 5457 1646 5527 τῷ
1669 5458 1761 5510 ἁν-

165 5544 393 5618 θρώπῳ.
444 5545 565 5599 Ἐπὶ
597 5546 705 5618 γὰρ
737 5547 845 5601 τῶν
877 5547 1163 5617 ὁμοταγῶν
1198 5551 1293 5601 καὶ
1325 5548 1613 5619 ὁμοφύλων
1658 5547 1762 5600 Πέ-

240 5740 267 5779 ιι
306 5739 447 5796 l‘sal.
483 5756 680 5809 Lxxxv,
711 5748 771 5799 7.
850 5756 872 5783 ο
911 5745 1031 5801 lsai.
1073 5761 1214 5809 XLVI,
1255 5746 1306 5801 5.

1393 5745 1411 5783 ί
1450 5745 1574 5800 Ose.
1613 5760 1711 5809 xu,
1754 5742 1838 5800 10.
1910 5744 1933 5783 8
1968 5740 2157 5800 Matth.
2197 5760 2248 5810 v,
2286 5745 2373 5800 48.

1858 4455 2009 4494 nasus
2058 4438 2190 4493 dicit
2242 4437 2293 4490 in
2346 4436 2499 4490 libris
2555 4434 2751 4488 Contra
2790 4437 3036 4490 Ιιιεϊθδεε.
3088 4439 3222 4492 Cum
3269 4449 3449 4493 autem

1861 4550 1968 4587 non
2006 4532 2079 4585 sit
2123 4529 2320 4585 similis
2370 4528 2481 4590 ulli,
2509 4527 2920 4580 similitmlinem
2964 4529 3029 4581 ad
3077 4543 3136 4582 se
3169 4531 3452 4584 conversis

1861 4625 2147 4692 elargitur.
2210 4620 2539 4687 Quomodo?
2585 4620 2898 4673 Secundum
2974 4621 3339 4676 imitationem
3396 4632 3453 4676 et

1862 4718 2120 4770 virtutem
2180 4715 2409 4768 istarum
2461 4728 2642 4766 rerum
2675 4712 2982 4766 divinarum
3016 4728 3137 4781 qua:
3175 4716 3451 4769 rationem

1860 4822 2078 4863 Omnem
2115 4806 2517 4869 tertninumque
2550 4803 3021 4868 excedunt,juxta
3052 4804 3183 4856 illud
3218 4821 3232 4858 :
3269 4804 3453 4858 Estole

1858 4900 2073 4967 perfecti
2105 4899 2167 4963 εί;
2208 4906 2262 4950 et
2302 4918 2312 4950 :
2349 4893 2529 4947 Estole
2558 4895 2919 4947 misericordes
2965 4896 3099 4947 sicut
3154 4896 3318 4950 Pater
3369 4910 3453 4947 ve-

1851 4991 2192 5049 stercazlestis
2232 4990 2282 5043 ιι.
2331 4989 2461 5054 Quae
2504 4988 2556 5039 in
2609 4989 2720 5040 Deo
2766 4988 2981 5055 quidem
3015 4990 3234 5058 proprie
3272 4999 3326 5043 et
3367 5006 3453 5043 su-

1878 5098 1972 5151 pra
2018 5098 2232 5136 omnem
2284 5081 2577 5134 terminum
2609 5089 2661 5131 et
2691 5080 2990 5145 rationem;
3029 5098 3131 5135 non
3161 5083 3302 5135 enim
3337 5093 3446 5134 tan-

1858 5188 1974 5234 tum
2004 5176 2088 5229 vel
2131 5185 2336 5228 tantum
2381 5176 2433 5228 in
2484 5174 2575 5227 illo
2602 5184 2687 5228 est
2728 5176 3105 5231 misericordia
3129 5175 3214 5229 vel
3275 5172 3457 5243 perfe-

1860 5274 1989 5336 ctio,
2012 5268 2105 5322 sed
2151 5267 2394 5333 inﬁnita;
2439 5269 2491 5321 in
2538 5268 2810 5322 creaturis
2860 5283 2992 5321 vero
3036 5284 3133 5339 pro
3185 5267 3453 5335 cujusque

1869 5360 2049 5413 studio
2080 5368 2135 5413 et
2172 5358 2456 5414 facultate.
2493 5358 2618 5413 Haec
2655 5360 2841 5427 itaque
2874 5376 2995 5429 quae
3040 5360 3269 5412 adducta
3299 5365 3452 5421 sunt,

1865 5452 2096 5507 dicenda
2144 5462 2269 5507 sunt
2327 5452 2439 5507 Deo
2496 5453 2723 5515 similia,
2761 5469 2867 5507 non
2920 5463 3098 5507 autem
3155 5453 3221 5506 iis
3260 5450 3456 5505 similis

1866 5545 2132 5600 dicendus
2177 5555 2259 5600 est
2317 5546 2495 5609 Deus;
2542 5546 2801 5613 quoniam
2844 5560 3019 5615 neque
3053 5545 3219 5601 homo
3253 5542 3455 5599 similis

2452 5746 2476 5785 ιι
2516 5745 2646 5801 Luc.
2687 5759 2757 5807 γι,
2796 5743 2883 5798 56.
