3866 6232
477 334 577 394 951

1660 339 1714 393 S.
1763 338 2061 394 DIONYSII
2104 340 2567 401 AREOPAGITZE

3645 361 3733 417 952

478 458 562 507 est
594 447 813 518 imagini
844 462 977 515 sum,
1026 451 1118 505 sed
1155 450 1334 520 imago
1359 450 1555 505 similis
1599 463 1682 506 est
1717 454 1944 506 homini.
1979 452 2041 507 Si

2167 472 2297 523 τρου
2353 460 2511 529 τυχὸν
2560 462 2652 513 καὶ
2700 462 2948 525 Παύλου,
2996 465 3218 519 δυνατὸν
3267 468 3639 539 ἀντιστρέφειν
3681 473 3732 527 τὸ

480 537 704 607 quidem
733 538 783 589 in
814 537 881 591 iis
913 553 1031 606 quae
1063 538 1305 606 ejusdem
1333 541 1544 595 ordinis
1573 550 1629 594 et
1651 542 1876 611 :equalia
1899 541 2067 613 498

480 637 633 692 sunt,
675 629 857 696 Petro,
902 632 1052 686 verbi
1090 631 1288 701 gratia,
1336 642 1391 687 et
1436 632 1624 695 Paulo,
1659 645 1837 704 potest
1872 636 2066 691 simili-

478 725 611 777 tudo
638 723 986 792 reciprocari,
1024 725 1343 779 alterutrum
1375 726 1623 782 alterutri
1658 729 1922 798 praeferri.

549 813 576 885 ᾗ
605 814 711 867 VII.
777 815 833 868 In
874 832 1039 870 causa
1074 832 1204 871 vero
1232 818 1298 871 ad
1329 819 1556 873 enectus
1594 835 1938 889 nequaquam
1970 824 2066 877 ad-

478 907 755 962 mittemus
793 910 1102 966 istiusmodi
1155 913 1665 983 reciprocationem,
1698 916 1792 969 sed
1833 916 2063 970 emittas

476 999 693 1065 quidem
726 1001 905 1056 causis
952 1017 1072 1056 esse
1114 1003 1339 1069 similes,
1402 1020 1628 1059 causam
1682 1022 1811 1061 vero
1856 1006 2063 1063 eﬂ‘eclis

478 1090 711 1144 similem
739 1107 1080 1161 nequaquam
1114 1094 1371 1159 dicimus;
1407 1097 1532 1164 quia
1567 1112 1673 1150 non
1712 1098 2059 1166 estmqualis,

473 1182 569 1235 sed
604 1183 775 1252 major
801 1192 886 1236 est
921 1186 1015 1253 qui
1043 1183 1135 1237 dat
1165 1202 1328 1252 quam
1353 1202 1471 1255 qua:
1510 1189 1835 1257 participant
1871 1208 1885 1243 :
1923 1190 2059 1243 Deus

472 1286 603 1326 vero
634 1276 877 1328 omnium
908 1278 1087 1344 quoad
1122 1280 1405 1332 entitatem
1443 1279 1703 1333 similium
1735 1296 1901 1335 causa
1949 1289 2056 1346 est,

469 1376 523 1419 et
556 1367 725 1434 ipsius
777 1383 872 1436 per
904 1384 963 1424 se
998 1371 1375 1425 similitudinis
1426 1371 1669 1426 effector.
1716 1374 1867 1429 Solet
1910 1378 2056 1431 enim

471 1457 562 1511 hic
608 1456 771 1513 Pater
818 1462 987 1515 Deum
1019 1463 1203 1516 dicere
1248 1464 1298 1516 id
1344 1464 1487 1533 quod
1518 1480 1611 1533 per
1636 1479 1694 1519 se
1725 1475 1827 1531 est,
1859 1478 1913 1520 et
1941 1465 2058 1535 ejus

469 1552 613 1619 quod
667 1568 764 1620 per
818 1568 878 1608 se
930 1563 1015 1609 est
1056 1556 1417 1621 conditorem,
1480 1567 1535 1611 et
1578 1574 1674 1626 per
1701 1573 1759 1613 se
1786 1562 2057 1625 vitam,et

466 1658 565 1713 per
590 1660 648 1699 se
684 1645 806 1699 vita:
850 1656 1178 1701 creatorem.
1211 1646 1337 1703 Haec
1367 1659 1547 1703 autem
1580 1650 1735 1717 dicit,
1761 1667 1865 1706 non
1909 1654 2053 1722 quod

469 1732 620 1788 dicat
645 1734 813 1787 Deum
842 1735 1114 1789 diversam
1144 1738 1364 1805 quidem
1395 1753 1516 1791 esse
1560 1738 1750 1801 vitam,
1782 1754 1845 1793 ac
1875 1740 2053 1794 diver-

2168 551 2371 621 ὅμοιον,
2409 553 2503 605 καὶ
2536 556 2896 626 προηγεῖσθαι
2929 557 3152 629 θάτερον
3186 560 3432 631 θατέρου.

2238 814 2263 887 §
2302 814 2406 870 VII.
2459 818 2579 869 Ἐπὶ
2609 817 2665 870 δὲ
2698 818 2791 872 τοῦ
2838 820 3009 873 αἰτίου
3056 822 3148 874 καὶ
3197 823 3304 876 τῶν
3353 827 3618 879 αἰτιατῶν
3646 830 3727 881 οὐκ

2164 910 2536 982 ἀποδεξόμεθα
2568 912 2664 983 τὴν
2698 913 3091 985 ἀντιστροφὴν,
3128 916 3261 968 ἀλλὰ
3296 918 3363 971 τὰ
3399 920 3501 988 μὲν
3535 922 3728 975 uitiati

2164 1002 2328 1072 ὃμοια
2377 1002 2454 1072 τῷ
2500 1003 2657 1073 αἰτίῳ
2704 1004 2983 1073 εἴποιμεν,
3035 1006 3096 1057 τὸ
3126 1006 3182 1058 δὲ
3216 1007 3383 1061 αἴτιον
3422 1011 3524 1079 οὐχ
3566 1012 3728 1078 ὅμοιον

2162 1096 2272 1156 τοῖς
2305 1096 2585 1157 αἰτιατοῖς·
2622 1096 2738 1148 οὐδὲ
2773 1096 2880 1167 γὰρ
2924 1096 3194 1162 ὲξισάζει,
3239 1100 3349 1151 ἀλλ’
3383 1102 3481 1153 ἐπὶ
3531 1103 3679 1155 πλέον
3703 1107 3728 1157 ὁ

2160 1185 2336 1251 διδους
2381 1187 2489 1240 τῶν
2526 1190 2858 1259 μετεχόντων
2919 1191 3053 1243 ἐστί.
3103 1193 3241 1244 Πᾶσι
3286 1192 3393 1264 γάρ
3460 1194 3557 1246 τοῦ
3608 1192 3723 1247 εἶναι

2159 1279 2364 1348 ὁμοίοις
2399 1281 2568 1343 αἴτιος
2600 1284 2627 1334 ὁ
2670 1281 2821 1344 Θεὸς,
2849 1283 2938 1335 καὶ
2971 1284 3141 1354 αὐτῆς
3160 1285 3256 1354 τῆς
3288 1286 3723 1357 αὑτοομοιότητος

2160 1370 2485 1440 ὑποστάτης.
2528 1370 2687 1433 Ἔθος
2719 1371 2826 1441 γὰρ
2846 1371 2922 1441 τῷ
2958 1374 3129 1441 Πατρὶ
3161 1374 3248 1425 τὸν
3270 1374 3403 1426 Θεὸν
3438 1376 3618 1443 λέγειν
3646 1376 3723 1427 καὶ

2158 1461 2367 1526 αὑτοὸν,
2398 1463 2491 1515 καὶ
2522 1463 2615 1515 τοῦ
2649 1464 2916 1515 αὑτοεῖναι
2954 1465 3279 1535 ὑποστάτην,
3316 1467 3409 1518 καὶ
3444 1466 3721 1535 αὑτοξωὴν,

2157 1555 2249 1607 καὶ
2280 1556 2378 1625 τῆς
2411 1555 2687 1625 αὑτοζωῆς
2721 1557 3046 1626 ὑποστάτην.
3069 1557 3207 1627 Φησὶ
3238 1558 3293 1610 δὲ
3324 1558 3526 1621 ταῦτα,
3561 1560 3721 1627 00sz};

2155 1646 2347 1716 ἑτέραν
2384 1648 2481 1717 μὲν
2514 1647 2738 1715 φάσκων
2772 1647 2916 1717 ζωὴν
2949 1647 3115 1699 αὑτὸν
3146 1648 3235 1699 τὸν
3266 1648 3423 1711 Θεὸν,
3461 1650 3648 1719 ἑτέραν
3676 1651 3721 1702 δὲ

2156 1737 2434 1809 παρῆχθαι
2470 1736 2612 1808 ζωὴν
2646 1736 2877 1807 οὑσιώδη
2896 1739 2988 1789 καὶ
3021 1739 3181 1790 οἱονεὶ
3214 1739 3579 1795 ὲνυπόστατον
3612 1740 3718 1809 περὶ

463 1840 581 1879 sam
612 1824 679 1877 ab
722 1840 787 1878 eo
836 1826 1005 1879 vitam
1049 1827 1394 1882 essentialem
1443 1828 1609 1881 fuisse
1642 1830 1963 1897 productam
1993 1842 2041 1885 et

2149 1828 2240 1881 τὸν
2288 1830 2441 1893 Θεὸν,
2476 1825 2544 1900 ἦς
2593 1828 2808 1899 μετέχει
2854 1828 2921 1880 τὰ
2946 1828 3117 1909 ,ζωῆς
3167 1830 3483 1899 μετέχοντα·
3521 1831 3628 1883 ἀλλ’
3655 1830 3717 1892 ὡς

464 1915 621 1983 quasi
675 1916 1061 1970 subsistentem
1114 1918 1167 1971 in
1221 1919 1353 1983 Deo,
1412 1934 1577 1987 quam
1622 1921 1953 1990 participent
1984 1936 2048 1975 ea

461 2023 582 2077 quae
609 2007 783 2061 vitam
830 2009 1200 2079 participant;
1260 2012 1377 2074 sed,
1412 2013 1557 2065 sicut
1592 2013 1830 2082 seipsum
1874 2014 2047 2083 expli-

463 2107 553 2154 cat
586 2103 766 2169 capite
798 2102 1108 2166 undecimo,
1141 2103 1286 2157 Deus
1329 2102 1528 2157 dicitur
1563 2105 1677 2172 ipsa
1718 2106 1849 2173 vita,
1888 2117 2050 2176 atque

461 2190 584 2262 ipsa
641 2194 836 2256 virtus,
889 2203 1053 2263 atque
1100 2193 1211 2263 ipsa
1265 2195 1587 2260 similitudo,
1639 2206 1891 2265 tanquam
1944 2198 2050 2253 huc

459 2284 705 2337 existens
742 2300 839 2353 per
878 2286 1095 2338 modum
1145 2286 1421 2355 principii,
1468 2298 1523 2341 et
1582 2297 1641 2340 ut
1689 2286 1850 2352 Deus,
1889 2298 1945 2342 et
1991 2299 2048 2342 ut

461 2390 626 2428 causa
668 2388 682 2427 :
741 2375 857 2428 haec
902 2376 1046 2428 enim
1098 2375 1212 2445 ipse
1263 2378 1440 2447 reipsa
1491 2387 1597 2433 est.
1656 2378 1825 2449 Ipsius
1866 2390 2043 2433 autem

460 2464 847 2519 similitudinis
893 2474 949 2521 et
998 2466 1255 2521 similium
1298 2469 1552 2524 conditor
1586 2480 1691 2533 est,
1732 2481 1789 2523 ut
1833 2471 1922 2540 qui
1957 2485 2043 2525 re-

458 2556 561 2611 bus
592 2557 792 2609 donum
845 2558 946 2612 hoc
983 2560 1243 2629 primario
1274 2562 1747 2630 partieipanlibus,
1787 2575 1844 2617 ut
1874 2565 1925 2618 id
1966 2565 2041 2634 ip-

456 2664 576 2704 sum
612 2649 955 2718 participem,
1010 2650 1274 2721 elargitur
1330 2692 1344 2705 .
1407 2654 1677 2723 siquidem
1721 2656 1905 2710 omnia
1945 2670 2045 2725 pro

457 2752 620 2808 captu
651 2757 751 2795 suo
796 2743 923 2795 talia
959 2744 1311 2813 participant,
1366 2748 1540 2815 prima
1587 2748 1806 2813 quidem
1854 2763 2044 2816 supre-

459 2850 570 2898 ma,
601 2852 699 2905 per
749 2839 965 2891 modum
1002 2839 1281 2909 principii,
1308 2850 1504 2894 caalera
1544 2857 1672 2897 vero
1702 2857 2043 2910 consequen-

456 2935 542 2981 ter
591 2928 833 2982 inferiori
882 2932 1068 3000 gradu.
1101 2931 1214 2986 Non
1260 2948 1415 2988 secus
1458 2949 1586 2987 vero
1616 2934 1901 2989 dicendum
1937 2943 2041 2997 est,

455 3020 621 3073 Deum
653 3037 866 3088 quoque
916 3039 1037 3077 esse
1065 3024 1405 3078 conditorem
1453 3026 1677 3081 rationis
1705 3028 2040 3095 exemplaris

453 3112 851 3178 similitudinis,
907 3126 958 3167 ul
993 3116 1085 3185 qui
1146 3116 1199 3169 in
1248 3132 1306 3170 se
1345 3118 1461 3172 sine
1504 3120 1771 3188 principio
1802 3132 1855 3173 et
1892 3122 2042 3174 unite
2070 3160 2109 3214 C

449 3219 668 3275 semper
716 3208 915 3261 habeat
952 3224 1129 3263 rerum
1189 3211 1430 3264 omnium
1482 3214 1721 3265 rationes
1773 3214 2035 3281 prmxis-

448 3304 629 3351 tentes
656 3338 671 3361 ,
718 3314 853 3367 quas
886 3310 940 3354 et
985 3301 1453 3368 pnedeﬁnitiones
1502 3305 1753 3372 superius
1799 3305 2037 3373 appella-

449 3388 546 3441 vit.
588 3388 677 3442 Illa
710 3392 873 3458 igitur
899 3392 1143 3445 onmium
1175 3392 1498 3461 similitudo,
1534 3409 1651 3462 quae
1683 3404 1765 3448 est
1792 3397 2031 3450 omnium

449 3483 655 3547 unitas,
707 3498 805 3565 per
843 3486 1318 3554 participationem
1376 3488 1566 3556 prima:
1602 3501 1805 3552 causae,
1852 3487 1903 3540 id
1950 3497 2034 3541 est

447 3575 606 3644 quasi
662 3577 890 3645 vestigio
944 3578 1178 3645 quodam
1237 3579 1694 3648 partieipationis,
1743 3578 2033 3649 participat

447 3664 578 3719 illud
622 3668 769 3735 quod
801 3668 1099 3721 secundum
1129 3669 1319 3721 eadem
1346 3680 1399 3723 et
1440 3673 1628 3725 eodem
1664 3671 1825 3724 modo
1859 3685 1917 3724 se
1943 3670 2033 3723 lia-

444 3754 559 3809 bet.
604 3755 719 3809 Hoc
768 3757 950 3825 itaque
983 3758 1186 3821 simile,
1230 3759 1377 3828 quod
1412 3761 1709 3815 secundum
1756 3760 1945 3814 eadem
1978 3769 2033 3813 et

443 3848 636 3902 eodem
688 3850 847 3903 modo
900 3863 960 3904 se
1020 3851 1202 3916 habet,
1264 3852 1530 3907 dissimile
1588 3862 1693 3917 est,
1742 3866 2032 3919 rerumque

446 3940 693 3995 omnium
732 3942 1179 4011 compositionem
1221 3945 1443 4013 respuit,
1496 3944 1575 3997 uti
1625 3954 1853 3997 testatur
1879 3942 2026 3997 Scri-

444 4044 604 4103 ptura
637 4035 825 4089 dicens
853 4053 865 4088 :
895 4032 1016 4088 Non
1047 4045 1121 4088 est
1159 4037 1348 4090 similis
1376 4038 1467 4089 tibi
1498 4038 1553 4090 in
1585 4038 1711 4102 diis,
1739 4035 1958 4089 Domine
1988 4034 2029 4085 ί.

444 4124 561 4180 Non
591 4136 675 4181 est
706 4127 896 4196 utique
943 4128 1044 4181 hoc
1086 4129 1423 4183 contrarium
1465 4129 1529 4182 iis
1560 4144 1679 4197 qua:
1705 4129 1846 4182 dicta
1883 4136 2032 4192 sunt,

443 4233 570 4275 cum
606 4222 867 4286 diximus,
901 4222 1083 4276 omnia
1116 4221 1227 4276 Deo
1256 4238 1375 4276 esse
1405 4223 1624 4287 similia,
1657 4221 1824 4275 Deum
1854 4228 2032 4274 autem

2152 1922 2315 1985 αὐτὸς
2350 1922 2539 1974 ἑαυτὸν
2586 1921 2877 1993 ἑρμηνεύει
2924 1924 2980 1973 ὲν
3013 1920 3090 1991 τῷ
3124 1922 3391 1992 ἑνδεκάτῳ
3434 1925 3715 1992 κεφαλαίῳ,

2151 2012 2397 2085 αὑτοζωὴ
2448 2015 2541 2067 καὶ
2573 2013 2932 2082 αὐτοδύναμις
2964 2014 3057 2065 καὶ
3090 2013 3487 2083 αὑτοομοιότης
3527 2014 3719 2083 λέγεται

2149 2111 2177 2162 ὁ
2208 2108 2359 2171 Θεὸς,
2393 2107 2467 2170 ὡς
2500 2106 2743 2177 ἀρχικῶς
2775 2105 2933 2157 τοῦτο
2964 2105 3039 2157 ὢν
3064 2106 3157 2156 καὶ
3177 2104 3390 2167 θεῖκῶς,
3434 2106 3534 2157 καὶ
3567 2108 3718 2157 αἰτια-

2148 2200 2275 2262 τῶς·
2312 2199 2483 2252 ταῦτα
2513 2198 2622 2267 γὰρ
2668 2198 2831 2261 αὑτὸς
2873 2196 2949 2266 τῷ
2981 2197 3091 2249 ὸντι
3126 2198 3261 2249 ἐστί.
3298 2197 3413 2267 Τῆς
3462 2198 3523 2250 δὲ
3558 2198 3718 2249 aii-:00-

2150 2291 2429 2361 μοιότητός
2476 2293 2624 2342 ἐστιν
2672 2288 3012 2356 ὑποστάτης,
3060 2287 3155 2340 καὶ
3199 2286 3306 2339 τῶν
3336 2287 3623 2349 τοιούτων,
3656 2288 3717 2350 ὡς

2151 2382 2456 2453 μεθεκτῶς,
2492 2381 2675 2442 αὐτοῖς
2706 2380 2819 2441 τοῖς
2852 2377 3082 2449 πρώτως
3115 2380 3173 2430 ἑν
3204 2381 3315 2441 τοῖς
3346 2374 3472 2431 οὖσι
3505 2379 3602 2447 τῆς
3631 2378 3719 2431 δω-

2148 2478 2278 2547 ρεᾶς
2310 2473 2512 2541 ταύτης
2548 2471 2846 2543 μετέχουσι·
2868 2469 3136 2541 χορηγῶν·
3174 2471 3349 2523 πάντα
3380 2470 3500 2541 γὰρ
3527 2472 3720 2533 οἰκείοις

2146 2566 2356 2626 ἑαυτοῖς
2398 2561 2614 2632 μετέχει
2647 2559 2755 2613 τῶν
2788 2560 3062 2623 τοιούτων,
3101 2561 3155 2611 αἱ
3196 2561 3293 2629 μὲν
3341 2561 3567 2630 πρῶται
3590 2567 3603 2581 ⁸
3641 2559 3720 2612 ml.

2146 2656 2466 2726 ὑπέρταται,
2502 2651 2763 2722 ἀρχικῶς,
2788 2651 2854 2703 τά
2874 2651 2928 2703 δὲ
2945 2650 3091 2720 ἑξῆς,
3128 2651 3503 2715 ὑποϐατικῶς.
3540 2654 3611 2705 0-5
3628 2656 3720 2723 χεῖ-

2147 2766 2239 2819 ρον
2286 2748 2341 2800 δὲ
2395 2748 2602 2803 εἰπεῖν,
2643 2745 2724 2795 ὅτι
2759 2744 2851 2795 καὶ
2885 2742 3048 2795 αὑτοῦ
3080 2741 3174 2794 τοῦ
3222 2743 3718 2814 παραδειγματικοῦ

2143 2841 2239 2911 τῆς
2267 2839 2581 2910 ὁμοιότητος
2609 2835 2766 2903 λόγου
2791 2835 3099 2903 ὑποστάτης
3133 2836 3281 2887 ἐστὶν
3311 2838 3339 2888 ὁ
3368 2836 3537 2900 Θεὸς,
3570 2838 3641 2900 ὡς
3670 2840 3719 2889 ἐν

2145 2935 2322 3005 ἑαυτῷ
2371 2934 2507 3004 ἔχων
2557 2934 2643 2985 ἀεὶ⁸
2680 2931 2806 2993 τοὺς
2854 2931 3046 2996 λόγους
3080 2931 3294 2983 πάντων
3332 2930 3598 3002 ἀνάρχως
3639 2930 3719 2982 καὶ

2145 3028 2359 3091 ένιαίως
2392 3025 2834 3097 προῦφεστῶτας,
2869 3023 2961 3086 οὒς
2992 3023 3084 3075 καὶ
3116 3024 3493 3093 προορισμοὺς
3532 3024 3714 3094 προλα-

2146 3126 2254 3179 ϐὼν
2284 3126 2493 3196 εἴρηκε.
2546 3122 2715 3175 Τοῦτο
2746 3121 2875 3190 γοῦν
2907 3120 2968 3173 τὸ
3013 3122 3072 3172 ἐν
3123 3123 3285 3173 πᾶσιν
3316 3123 3511 3191 ὅμοιον
3557 3125 3588 3192 ἡ
3625 3123 3716 3174 τῶν

2142 3216 2277 3270 ὅλων
2301 3215 2508 3283 ἑνότης,
2530 3212 2622 3265 τοῦ
2657 3210 2797 3265 κατὰ
2828 3210 2895 3263 τὰ
2930 3210 3067 3263 αὑτά
3101 3212 3192 3263 καὶ
3224 3211 3495 3275 ὡσαύτως
3524 3212 3717 3281 ἔχοντος

2147 3308 2381 3378 μετέχει,
2431 3305 2571 3358 κατὰ
2608 3304 2898 3375 μετουσίαν
2931 3302 3026 3354 τοῦ
3072 3300 3287 3371 πώπου
3334 3303 3543 3355 αἰτίου·
3578 3302 3716 3354 τοῦτο

2140 3400 2248 3469 γάρ
2268 3401 2381 3450 ἑστι
2413 3398 2473 3449 τὸ
2507 3398 2642 3466 ίχνει
2674 3398 2780 3449 τινὶ
2811 3396 2973 3449 οἱονεὶ
2991 3396 3268 3465 μετουσίᾳ.
3297 3393 3479 3446 Τοῦτο
3512 3393 3639 3460 γοῦν
3666 3391 3717 3445 τὸ

2140 3487 2281 3540 κατὰ
2311 3486 2379 3539 τὰ
2412 3485 2552 3539 αὑτὰ
2584 3486 2679 3537 καὶ
2710 3484 2973 3549 ὡσαύτως
3006 3486 3127 3556 ἕχον
3166 3483 3343 3552 ἑαυτῷ
3374 3483 3592 3553 ὅμοιον,
3621 3482 3716 3536 ἀνό-

2143 3595 2311 3649 μοιον,
2344 3580 2441 3631 καὶ
2471 3580 2584 3640 τοῖς
2611 3578 2776 3631 πᾶσιν
2808 3578 3143 3631 ἀσύντακτον
3176 3579 3208 3647 ὴ
3243 3576 3361 3628 θεία
3396 3576 3597 3646 Γραφὴ
3631 3591 3715 3643 φη-

2142 3688 2245 3736 σιν,
2275 3672 2395 3723 Οὐκ
2423 3670 2593 3722 ἐστιν
2618 3668 2819 3737 ὅμοιός
2839 3682 2935 3721 σοι
2962 3668 3032 3720 ἐν
3056 3666 3230 3732 θεοῖς,
3253 3667 3457 3733 Κύριε,
3478 3665 3696 3731 λέγουσι

2139 3760 2251 3812 Οὑκ
2284 3758 2397 3810 ἐστι
2430 3757 2560 3825 γοῦν
2582 3757 2823 3810 ἐναντίον
2849 3756 3007 3809 τοῦτο
3036 3758 3148 3819 τοῖς
3190 3756 3611 3826 προρρηθεῖσιν,
3638 3754 3713 3806 ὅτε

2138 3848 2395 3917 ἐλέγομεν
2425 3846 2493 3900 τὰ
2527 3847 2702 3900 πάντα.
2734 3847 2892 3917 ὃμοια
2920 3845 2997 3915 τῷ
3028 3844 3166 3915 Θεῷ,
3195 3846 3256 3898 οὑ
3298 3845 3407 3915 μὴν
3441 3845 3503 3898 δὲ
3536 3848 3564 3897 ὁ
3595 3842 3710 3905 Θεὸς

2134 3939 2349 4002 τούτοις
2380 3940 2587 4008 ὅμοιος·
2629 3937 2697 3990 τὰ
2728 3936 2838 4008 γὰρ
2870 3937 3007 3991 αὑτὰ
3040 3939 3136 3991 καὶ
3168 3939 3327 4006 ὃμοια
3358 3936 3444 4006 τῷ
3486 3935 3607 4005 Θεῷ
3634 3932 3715 3987 καὶ

2136 4034 2384 4103 ἀνόμοια·
2433 4031 2493 4085 τὸ
2518 4032 2635 4101 μὲν,
2672 4032 2813 4085 κατὰ
2853 4033 2952 4103 τὴν
2984 4032 3337 4103 ἐνδεχομένην
3373 4031 3633 4101 μίμησιν,
3663 4028 3712 4080 οὑ

2092 4162 2093 4165 η
2136 4126 2246 4195 γὰρ
2274 4125 2493 4187 τελείως
2526 4129 2559 4194 ἠ
2596 4124 2846 4195 μίμησιςθ
2882 4124 2943 4176 τὸ
2979 4125 3054 4189 δὲ,
3089 4125 3171 4178 ὅτι
3220 4124 3448 4195 μέτροις
3481 4123 3714 4193 ἀπείροκ

2137 4221 2230 4271 καὶ
2253 4218 2602 4289 ἀσυγκρίτοις
2632 4216 2701 4269 τὰ
2734 4216 2953 4271 αίτιατὰ
2986 4216 3079 4269 τοὺ
3108 4215 3277 4269 αίτίου
3313 4215 3710 4268 ἀπολείπονται.

442 4334 549 4372 non
581 4331 704 4372 esse
744 4315 836 4368 ulli
880 4314 1148 4381 similem;
1183 4315 1450 4384 siquidem
1491 4316 1678 4369 eadem
1730 4328 1784 4371 et
1832 4314 2028 4371 similia
2060 4323 2115 4368 et
2148 4313 2433 4367 dissimilia
2463 4322 2589 4366 sunt
2620 4310 2761 4375 Deo;
2824 4310 2952 4364 illud
2991 4311 3208 4379 quidem
3280 4310 3591 4364 secundum
3640 4307 3710 4358 iu-

442 4409 648 4464 dultam
677 4407 870 4478 cuique
917 4406 1298 4471 imitationem,
1355 4424 1460 4462 non
1495 4409 1641 4461 enim
1677 4408 1916 4477 perfecta
1946 4417 2035 4461 est
2069 4406 2340 4472 imitatio;
2371 4404 2476 4459 hoc
2507 4419 2657 4463 vero.
2722 4403 2979 4473 quoniam
3033 4400 3261 4456 eﬂ‘ectus
3305 4417 3335 4454 a
3388 4400 3578 4455 causis
3604 4398 3714 4452 inti-

443 4500 569 4552 nitis
597 4510 651 4554 et
677 4497 1200 4568 incomparabilibus
1232 4500 1547 4568 parasangis
1573 4498 1854 4552 deﬁciunt.

519 4594 547 4665 δ
587 4592 714 4647 Vlll.
761 4592 976 4646 Statum
1005 4607 1069 4645 ac
1113 4594 1293 4646 sedem
1325 4608 1422 4660 pro
1454 4591 1644 4644 eodem
1702 4592 1919 4657 accipit,
1950 4604 2033 4641 re-

2208 4586 2235 4657 ᾗ
2271 4585 2398 4637 VIII.
2432 4583 2627 4636 Στάσιν
2657 4583 2749 4636 καὶ
2780 4581 3045 4651 καθέδραν
3072 4580 3134 4632 τὸ
3158 4579 3290 4631 αὐτὸ
3318 4578 3559 4649 δέχεται,
3594 4581 3709 4648 πρὸς

443 4687 682 4755 spiciens
708 4687 775 4740 ad
809 4685 1141 4739 immobilem
1175 4686 1511 4738 identitatem
1556 4683 1857 4751 utriusque.
1901 4683 2029 4736 Sta-

445 4786 558 4829 tum
588 4778 731 4830 enim
765 4792 868 4831 non
916 4774 1083 4847 499
1119 4776 1240 4829 dico
1289 4775 1462 4837 illum,
1517 4788 1624 4843 quo
1669 4775 1790 4842 quis
1846 4784 2028 4826 rectus

444 4871 505 4923 Iit
545 4879 827 4937 postquam
854 4868 906 4922 in
941 4870 1070 4922 sede
1101 4868 1280 4920 fuerat
1311 4869 1648 4933 incun’atus,
1698 4866 1788 4919 sed
1820 4864 2028 4918 inﬂexi-

442 4964 708 5017 b'ilitatem
752 4970 807 5015 et
857 4961 1351 5015 immutabilitatem
1408 4960 1524 5023 Dei,
1572 4959 1783 5011 ﬁrmum
1821 4968 2024 5011 statum

442 5054 763 5123 appellavit;
792 5054 936 5107 sicut
966 5056 1130 5107 etiam
1170 5054 1360 5106 sedere
1387 5061 1699 5121 perpetuam
1733 5060 1787 5104 et
1814 5054 2023 5103 incom-

444 5142 866 5215 preliensibilem
906 5143 1145 5212 quietem
1202 5141 1404 5194 'nabere
1457 5140 1510 5191 in
1550 5138 1663 5192 basi
1714 5137 2021 5190 innomina—

440 5237 538 5291 bili
583 5258 594 5291 :
628 5236 805 5290 omnis
834 5234 978 5288 enim
1034 5240 1207 5287 status
1244 5246 1307 5286 ac
1354 5232 1497 5285 sedis
1538 5245 1699 5284 causa
1733 5239 1817 5283 est
1847 5229 1935 5293 iis,
1965 5229 2018 5282 in

441 5343 550 5398 quo
580 5330 761 5385 omnia
799 5326 853 5380 in
886 5326 1045 5381 bonis
1086 5324 1321 5394 propriis
1371 5324 1643 5378 custodita
1692 5322 2019 5376 consistunt.

519 5509 671 5582 §IX.
714 5508 942 5575 Quando
989 5523 1119 5562 vero
1159 5508 1324 5561 etiam
1364 5518 1570 5563 motum
1619 5505 1921 5575 reperimus
1967 5505 2021 5560 in

444 5603 557 5659 Deo
576 5604 798 5667 dictum,
819 5604 973 5672 juxta
997 5602 1125 5657 illud
1155 5625 1166 5657 :
1192 5602 1400 5655 lnclina
1423 5600 1598 5665 (mlas,
1636 5610 1681 5652 et
1704 5598 1951 5653 descende
1971 5598 2021 5665 ιε,

528 5780 544 5819 ί
586 5778 729 5831 Psal.
768 5796 963 5841 Lxxxv,
1002 5782 1055 5834 7.
1138 5783 1163 5819 1(
1201 5781 1341 5836 Psal.
1384 5797 1515 5844 xm,
1558 5780 1643 5832 I0.

2133 4677 2230 4746 τὴν
2259 4676 2511 4747 ἀκίνητον
2541 4675 2842 4743 ταύτότητα
2872 4673 3130 4743 ἑκάτερον
3159 4671 3500 4735 ἀναπτύξας.
3532 4673 3708 4724 Στάσιν

2132 4769 2241 4839 γὰρ
2271 4769 2331 4820 οὑ
2362 4768 2461 4838 τὴν
2484 4769 2561 4829 εἰς
2581 4767 2642 4819 τὸ
2670 4765 2827 4837 ὀρθὸν
2858 4764 3111 4832 γενέσθαι
3142 4764 3249 4816 ἀπὸ
3277 4763 3373 4815 τοῦ
3406 4764 3705 4833 συγκεκαμ-

2132 4859 2262 4928 φθαι
2289 4863 2355 4929 τῇ
2386 4859 2623 4930 καθέδρᾳ
2650 4859 2813 4929 φημὶ,
2837 4858 2970 4909 ἀλλὰ
3000 4858 3059 4909 τὸ
3086 4856 3383 4925 ἀκλόνητον
3402 4858 3501 4908 καὶ
3521 4856 3705 4926 ἀμετά-

2132 4968 2395 5020 στρεπτον
2424 4951 2518 5003 τοῦ
2548 4950 2705 5013 Θεοῦ,
2743 4949 2965 5019 βεϐαίαν
2994 4948 3179 5001 στάσιν
3210 4948 3492 5001 ἐκάλεσεν·
3526 4949 3599 5010 ὡς
3625 4946 3703 4999 καὶ

2129 5046 2188 5095 τὸ
2221 5044 2491 5113 καθῆσθαι
2520 5044 2580 5096 τὸ
2611 5045 2669 5096 ὲν
2709 5043 3063 5113 ἀνονομάστῳ
3094 5040 3246 5107 βάσει
3276 5042 3373 5092 καὶ
3412 5039 3702 5093 ἀναπαύσει

2129 5136 2365 5207 διαρκῶς
2413 5139 2506 5189 καὶ
2545 5136 2945 5205 ἀκαταλήπτοις
2988 5136 3147 5203 ἔχειν·
3181 5132 3347 5196 αὑτὸς
3373 5134 3487 5205 γάρ
3515 5130 3698 5185 ἐστινό

2128 5231 2227 5299 τῆς
2257 5230 2471 5282 πάντων
2504 5229 2743 5292 στάσεως
2772 5229 2865 5281 καὶ
2904 5229 3066 5298 ἕδρας
3112 5228 3301 5289 αἴτιος,
3351 5227 3409 5277 ὲν
3542 5226 3699 5276 πάντα

2132 5323 2459 5392 συνέστηκεν
2524 5324 2582 5374 ἑν
2630 5325 2745 5384 τοῖς
2802 5322 3027 5383 οἰκείοις
3085 5318 3312 5386 ἀγαθοῖς
3364 5315 3698 5386 διαφυλαττό-

2132 5430 2285 5483 μενα.

2199 5504 2225 5575 §
2248 5506 2336 5558 ΙΧ.
2361 5506 2526 5559 Ὅταν
2553 5506 2609 5559 δὲ
2624 5508 2717 5559 καὶ
2735 5506 2948 5576 κίνησιν
2970 5505 3217 5575 εὕρωμεν
3235 5504 3329 5554 ἐπὶ
3344 5502 3480 5555 Θεοῦ
3498 5498 3695 5567 λεγομέ-

2127 5615 2223 5668 νην
2245 5598 2384 5651 κατὰ
2412 5598 2493 5664 τὸ,
2530 5598 2754 5654 Miror
2776 5597 3091 5667 οίῳανοὺς,
3118 5596 3213 5649 καὶ
3245 5594 3549 5659 κατάϐηθι,
3588 5594 3691 5645 θεο-
