3866 6232
110 299 225 356 933

686 293 777 349 DE.
802 290 1061 349 DIVINIS
1093 287 1495 351 NOMINIBUS.
1538 287 1690 345 CAP.
1729 286 1821 343 IX.
1858 316 1926 327 —
1963 283 2313 341 PARAPHR.
2348 280 2821 339 PACHYMEIixE.

3287 281 3395 337 954

111 415 347 490 πρεπῶς
369 413 467 485 τὴν
485 413 698 484 κίνησιν
719 409 1086 482 ὲκληψόμεθα·
1106 410 1336 462 κινεῖται
1365 405 1475 478 γάρ
1490 407 1551 459 ού
1574 406 1711 460 κατά

1821 405 1928 459 Deo
1949 404 2112 472 digne
2149 411 2356 456 motum
2403 400 2768 468 accipiemus;
2811 411 2919 452 non
2964 396 3109 451 enim
3145 408 3397 453 movetur

110 528 245 565 τινα
286 508 395 561 τῶν
446 507 504 572 ἒξ
543 505 694 577 παρά
730 502 1039 574 φιλοσόφοις
1071 502 1356 572 κινήσεων,
1404 497 1528 551 οὔτε
1570 496 1712 551 κατά

111 605 356 673 γένεσιν,
377 599 500 654 οὔτε
529 597 671 653 κατά
699 596 934 669 φθορὰν,
973 594 1097 648 οὔτε
1129 593 1271 647 κατά
1301 592 1549 666 αὔξησιν,
1586 589 1710 646 οὕτε

114 698 267 752 κατά
298 695 544 767 μείωσιν,
578 692 701 746 οὒτε
742 690 885 745 κατὰ
919 690 1113 751 τόπον,
1142 686 1266 741 οὔτε
1299 685 1442 740 κατά
1488 684 1712 739 ἀλλοίω-

118 810 229 846 σιν.
265 791 376 844 Καὶ
402 788 584 850 πάλιν,
613 785 735 837 ἐπεὶ
761 783 1027 855 ήκίνησις
1052 779 1253 852 τριχῶς
1282 778 1514 847 γίνεται,
1534 777 1567 848 ἢ
1588 777 1709 831 κατ’

116 884 360 947 εὐθεῖαν,
394 881 427 953 ἦ
458 879 599 935 κατὰ
631 877 851 940 κύκλον,
885 876 919 946 ἢ
953 875 1011 942 ἐξ
1040 876 1242 945 ἀμφοῖν
1276 871 1601 935 ὲλικοειδῶς,
1634 870 1711 933 ὡς

118 981 149 1032 ὁ
180 979 327 1046 ὄφις,
361 976 457 1029 καὶ¹
486 976 518 1043 ή
556 974 615 1025 ὲν
646 975 760 1035 τοῖς
797 970 951 1023 ὕδασι
980 966 1109 1031 ναῦς
1131 1006 1147 1031 ,
1175 966 1294 1020 οὐδὲ
1337 965 1477 1019 κατὰ
1508 964 1710 1028 ταύτας

116 1072 376 1123 κινεῖται.
424 1066 559 1120 Ἀλλ’
602 1064 722 1118 οὐδὲ
765 1062 962 1133 νοητὴν
994 1061 1208 1131 κίνησιν
1241 1061 1503 1119 κινεῖται,
1537 1058 1653 1110 οἵαν
1683 1060 1711 1111 ό

112 1162 251 1225 νοῦς
277 1163 357 1224 εἰς
384 1159 577 1212 ἑαυτὸν
607 1156 1069 1226 συνελισσόμενος,
1104 1152 1199 1205 καὶ
1231 1154 1311 1214 εἰς
1338 1152 1552 1221 νοήσεις
1584 1148 1711 1202 πολ-

114 1252 645 1325 λαπλασιαζόμενος.
683 1251 759 1304 Οὐ
802 1248 1057 1319 ψυχικὴν,
1134 1246 1251 1298 οἵαν
1293 1247 1523 1298 κινεῖται
1564 1242 1708 1314 ψυχὴ

112 1346 476 1417 διανοουμένη
524 1362 583 1397 τε
630 1344 725 1397 καὶ
767 1340 1082 1406 δοξάζουσα.
1119 1339 1191 1391 Οὐ
1225 1336 1481 1408 φυσικὴν,
1526 1336 1642 1389 οἵαν
1676 1337 1708 1406 ἡ

113 1440 286 1509 φύσις
314 1442 472 1493 κινεῖ·
509 1438 652 1509 ἀρχὴ
690 1435 799 1507 γὰρ
832 1434 1099 1505 κινήσεως
1137 1432 1232 1484 καὶ
1269 1429 1505 1501 ἠρεμίας
1539 1428 1704 1481 ἐστίν.

129 1532 299 1587 Ἀλλά
324 1530 537 1603 κίνησις
566 1528 660 1583 τοῦ
680 1528 937 1596 ἀκινήτου
971 1524 1231 1586 ὡσαύτως
1251 1522 1464 1592 ἔχοντος
1492 1520 1708 1589 λέγεται

113 1626 154 1696 ὴ
188 1628 271 1689 εἰς
290 1623 360 1678 τὰ
386 1624 514 1677 ὄντα
544 1622 795 1693 βούλησις
825 1620 1009 1673 αὐτοῦ’
1048 1618 1141 1671 καὶ
1174 1619 1230 1671 αἱ
1263 1616 1479 1686 πρόοδοι
1498 1615 1599 1685 τῆς
1631 1615 1710 1676 εἰς

117 1718 310 1771 πάντα
343 1716 599 1788 προνοίας
628 1712 816 1777 αὐτοῦ,
844 1712 903 1765 ὲν
928 1710 1006 1782 τῷ
1038 1713 1291 1782 παρεῖναι
1305 1710 1437 1762 πᾶσι
1467 1710 1532 1779 τῇ
1573 1706 1709 1760 πάν-

1813 498 2108 551 secundum
2142 494 2375 564 aliquem
2413 508 2444 546 e
2486 506 2578 546 sex
2610 490 2875 553 motibus,
2904 489 2972 543 de
2998 489 3195 559 quibus
3220 490 3398 558 pltilo-

1813 587 1968 657 sopiti
2021 593 2210 655 agunt,
2261 598 2436 653 neque
2485 582 2781 635 secundum
2826 581 3262 649 generationem,
3298 595 3398 634 ne-

1811 695 1917 750 que
1956 679 2255 734 secundum
2284 674 2712 745 corruptionem,
2749 686 2924 742 neque
2967 672 3265 727 secundum
3308 687 3401 726 ac-

1813 773 2132 835 cretionem,
2178 784 2356 839 neque
2383 768 2680 822 secundum
2726 765 3184 830 imminutionem,
3221 779 3399 835 neque

1812 865 2110 920 secundum
2158 862 2359 926 locum,
2392 874 2566 929 neque
2596 859 2890 913 secundum
2938 858 3395 912 immutationem.

1811 958 1879 1013 Et
1906 973 2141 1022 rursum,
2169 970 2291 1010 cum
2326 961 2507 1008 motus
2538 951 2826 1019 tripliciter
2852 950 2964 1014 ﬁat,
2988 950 3069 1005 vel
3099 951 3397 1005 secundum

1812 1051 2009 1106 lineam
2056 1059 2284 1112 rectam,
2339 1046 2423 1102 vel
2475 1046 2773 1101 secundum
2840 1043 3126 1105 circulum,
3188 1042 3276 1097 vel
3330 1059 3399 1098 ex

1811 1144 2058 1212 utrisque
2099 1140 2339 1210 oblique,
2374 1139 2515 1195 sicut
2560 1151 2805 1205 serpens,
2855 1145 2911 1189 et
2939 1135 2992 1188 in
3025 1135 3182 1205 aquis
3213 1136 3397 1200 navis,

1811 1252 1987 1308 neque
2022 1235 2184 1290 etiam
2236 1232 2535 1288 secundum
2590 1230 2689 1284 bos
2739 1230 2930 1284 modos
2982 1237 3254 1282 movetur.
3288 1226 3395 1282 Sed

1812 1339 1987 1394 neque
2019 1333 2167 1379 motu
2218 1321 2522 1376 intellectili
2575 1318 2771 1382 cietur,
2826 1319 2968 1373 sicut
3002 1333 3154 1372 meus
3202 1318 3255 1371 in
3305 1332 3393 1371 se-

1810 1417 1983 1486 ipsam
2003 1415 2321 1479 revolvitur,
2341 1423 2394 1467 et
2413 1413 2465 1466 in
2487 1410 2948 1467 intellectionibus
2978 1409 3395 1478 multiplicatur.

1810 1507 1927 1562 Non
1956 1506 2118 1560 etiam
2147 1516 2295 1558 motu
2327 1503 2566 1570 animali,
2600 1503 2744 1572 quali
2776 1510 3026 1557 movetur
3060 1503 3240 1556 anima
3269 1502 3396 1556 dum

1811 1598 2067 1668 intelligit
2101 1606 2156 1652 et
2189 1597 2460 1667 opinatur.
2520 1595 2640 1649 Non
2671 1594 2926 1659 naturali,
2962 1592 3178 1662 qualem
3204 1605 3397 1647 natura

1810 1692 1941 1755 ciet,
1972 1690 2227 1760 quoniam
2262 1690 2378 1743 haec
2405 1697 2487 1743 est
2520 1687 2848 1757 principium
2876 1697 3056 1740 motus
3086 1694 3140 1739 et
3170 1684 3396 1753 quietis.

112 1826 235 1863 των
246 1776 459 1880 ἀσχὲτῳ
479 1776 855 1875 καὶ-ἀπολύτῳ
875 1776 1255 1871 καλ-’ἀσυναφεῖ
1268 1803 1497 1873 περιοχῇ
1544 1800 1598 1851 Ἀ
1606 1816 1711 1852 πα-

1815 1783 1919 1838 Sed
1949 1790 2127 1836 motus
2161 1778 2478 1843 immobilis,
2505 1788 2560 1833 et
2586 1779 2777 1832 eodem
2808 1777 2966 1831 modo
3009 1792 3068 1831 se
3121 1776 3397 1840 habentis,

116 1901 396 1975 γορεύσας
422 1901 478 1954 δὲ
505 1899 603 1963 τάς
621 1898 877 1961 τοιαύτας
905 1894 1147 1967 κινήσεις
1175 1894 1267 1947 ἐπὶ
1297 1892 1431 1947 Θεοῦ
1456 1934 1469 1958 ,
1509 1891 1708 1963 μᾶλλον

112 1995 175 2049 δὲ
203 1994 306 2058 τὰς
335 1991 670 2064 σωματικὰς,
706 1990 803 2061 τὴν
836 1987 1041 2059 κύκλῳ,
1072 1986 1170 2058 τὴν
1194 1988 1314 2040 κατ’
1348 1984 1582 2048 εὐθεῖαν,
1616 1985 1710 2037 καὶ

114 2087 222 2158 τὴν
272 2084 573 2155 ἑλικοειδῆ,
624 2085 773 2146 ὅπως
805 2081 910 2153 χρή
954 2079 1272 2151 θεοπρεπῶς
1313 2078 1525 2148 κίνησιν
1570 2078 1709 2128 νοεῖν

115 2181 218 2233 ἐπὶ
250 2178 385 2232 Θεοῦ
417 2175 736 2248 σαφηνίζει,
770 2174 867 2238 τὰς
897 2172 1161 2243 αἰσθητὰς
1178 2173 1234 2225 ὲν
1266 2171 1344 2241 τῷ
1364 2172 1526 2223 παντὶ
1554 2170 1709 2239 κινή-

117 2289 240 2334 σεις
266 2268 627 2339 ἀναγωγικῶς
660 2265 997 2338 ἑρμηνεύων.
1033 2266 1144 2336 Τὴν
1173 2262 1303 2333 γοῦν
1332 2264 1453 2315 κατ’
1496 2260 1708 2314 εὐθεῖαν

115 2365 339 2434 κίνησιν
377 2361 606 2432 νοοῦμεν
636 2360 729 2412 ἐπὶ
761 2359 895 2412 Θεοῦ
923 2399 936 2423 ,
967 2357 1055 2410 διά
1084 2356 1144 2410 τὸ
1176 2354 1305 2409 εὐθὺ
1335 2356 1428 2409 καὶ
1470 2353 1706 2415 ἀκλινὲς,

114 2458 218 2511 καὶ
246 2456 347 2526 τὴν
375 2455 436 2520 ἐξ
453 2453 619 2509 αὑτοῦ
648 2453 756 2506 τῶν
785 2453 923 2505 ὅλων
952 2451 1184 2520 γένεσιν·
1217 2448 1443 2501 αὐτόθεν
1475 2446 1584 2518 γὰρ
1617 2447 1711 2499 καὶ

115 2547 329 2611 εὐθέως
359 2550 393 2618 ἡ
426 2546 639 2615 γένεσις
666 2545 726 2612 ἐξ
755 2543 921 2598 αὑτοῦ
960 2544 1097 2606 ἐστι,
1132 2541 1227 2596 καὶ
1245 2542 1305 2594 οὐ
1334 2540 1423 2593 διά
1438 2555 1599 2592 τινων
1631 2540 1711 2602 εἰς

113 2639 283 2694 τοῦτο
317 2638 711 2693 συντελούντων
754 2637 936 2707 τυχόν.
973 2635 1143 2688 Τοῦτο
1173 2634 1229 2688 δὲ
1260 2633 1582 2706 κρειττόνως
1616 2649 1712 2685 σα-

115 2732 408 2802 φηνίζεται
431 2771 445 2795 ,
493 2732 651 2793 εἴτις
688 2730 797 2783 ἀπὸ
826 2728 935 2782 τῶν
956 2726 1217 2781 αἰτιατῶν
1245 2726 1547 2798 ἀρξάμενος
1580 2743 1711 2779 σκο-

115 2826 276 2897 ποίη.
313 2826 381 2879 Εἴ
406 2843 460 2877 τι
508 2824 617 2895 γὰρ
655 2823 763 2875 τῶν
816 2822 984 2875 ὄντων
1034 2821 1127 2873 ἐπὶ
1172 2820 1296 2873 νοῦν
1340 2820 1524 2882 λάϐοις
1552 2860 1566 2883 ,
1619 2820 1711 2872 ἐπὶ

114 2921 213 2973 τὸν
249 2919 480 2989 ποιητὴν
514 2917 678 2971 αὐτοῦ
708 2914 1026 2986 ἀνατρέχεις
1057 2913 1277 2977 εὐθέως,
1312 2912 1451 2966 ὥστε
1481 2912 1588 2965 ἀπὸ
1616 2911 1709 2965 τοῦ

116 3013 299 3067 αἰτίου
334 3010 537 3073 εὐθέως
567 3013 646 3072 εἰς
677 3010 738 3062 τὸ
767 3007 1005 3061 αἰτιατὸν
1036 3008 1068 3076 ἡ
1110 3007 1209 3077 τῆς
1241 3005 1505 3074 γενέσεως
1536 3003 1711 3056 ἔννοια

117 3106 391 3179 πρόεισιν.
432 3105 503 3155 Ἦ
531 3103 625 3155 καί
656 3100 850 3163 ἄλλως,
880 3100 963 3152 ὅτι
991 3099 1090 3170 τὴν
1123 3097 1265 3151 κατὰ
1306 3097 1519 3165 γένεσιν
1561 3096 1713 3166 κίνη-

120 3214 208 3249 σιν
242 3195 457 3249 εύθεῖἀν
503 3211 665 3262 φασιν
690 3233 704 3256 ,
747 3192 823 3255 ὡς
868 3190 1069 3254 εὐθέως
1112 3189 1405 3261 ἐφιεμένης
1446 3188 1545 3258 τῆς
1580 3186 1713 3258 ὕλης

116 3288 216 3341 τοῦ
252 3287 426 3349 εἴδους
453 3288 547 3339 καὶ
580 3285 701 3339 καθ’
731 3283 881 3339 αὐτὸ·
916 3283 995 3336 διὸ
1028 3281 1122 3335 καὶ
1156 3282 1218 3334 τὸ
1257 3276 1416 3343 εἶδος,
1461 3274 1521 3334 οὗ
1549 3279 1713 3332 ἕνεκα

118 3381 376 3450 λέγεται,
414 3380 576 3433 οἱονεὶ
616 3378 677 3431 τὸ
708 3376 860 3441 τέλος
891 3376 1028 3447 πρὸς
1072 3377 1209 3446 ὅπερ
1250 3376 1283 3445 ή
1318 3373 1477 3442 φύσις
1511 3371 1713 3435 εὐθέως

118 3474 333 3545 τρέχει,
374 3472 448 3544 μὴ
498 3474 578 3534 εἰς
624 3470 757 3525 ἀλλα
799 3469 894 3524 καὶ
928 3468 1062 3523 ἄλλα
1102 3467 1444 3537 ἑλισσομένη,
1478 3465 1592 3519 ἀλλ’
1632 3466 1713 3528 εἰς

120 3567 259 3621 αὐτὸ
290 3565 551 3636 ἀφορῶσα
587 3565 648 3616 τὸ
682 3560 1115 3633 σκοπιμώτατον.
1165 3560 1315 3612 Ἐπεὶ
1341 3558 1471 3627 γοῦν
1502 3560 1535 3629 ή
1571 3557 1713 3611 κατά

116 3659 340 3727 γένεσιν
371 3658 585 3727 κίνησις
612 3655 814 3718 εὐθέως
841 3654 1071 3723 γίνεται,
1101 3652 1192 3705 τὸν
1217 3652 1318 3723 τῆς
1344 3650 1608 3720 γενέσεως
1630 3650 1714 3703 αῖ-

112 3768 234 3804 τιον
264 3748 583 3819 θεοπρεπῶς
611 3748 730 3800 κατ’
764 3747 975 3800 εὐθεῖαν
1004 3742 1268 3799 κινεῖσθαί
1297 3760 1495 3814 φαμεν.
1527 3744 1635 3814 Τὴν
1657 3743 1713 3795 δὲ

119 3842 399 3914 σταθερὰν
429 3841 656 3913 πρόοδον
686 3841 781 3893 καὶ
808 3839 908 3910 τὴν
953 3838 1176 3910 γόνιμον
1220 3836 1409 3889 στάσιν
1446 3835 1712 3905 ἑλικοειδῆ

118 3954 329 4007 φαμεν·
368 3936 402 4005 ή
436 3934 659 4005 τοιαύτη
688 3933 797 4004 γάρ
830 3934 1067 4003 κίνησις,
1097 3930 1268 3984 καὶτὸ
1288 3928 1548 4001 σταθερὸν
1576 3928 1709 3999 ἔχει,

114 4030 226 4095 ὅτι,
262 4031 310 4082 εἰ
340 4028 436 4082 καὶ
467 4027 734 4081 ἐκκλίνειν
767 4027 944 4089 ποιεῖ,
975 4023 1137 4077 πάλιν
1178 4024 1257 4086 είς
1275 4021 1337 4075 τὸ
1368 4020 1500 4075 αὐτὸ
1532 4021 1625 4074 καὶ
1652 4021 1713 4073 τὸ

116 4123 305 4189 ὲξίσου
334 4123 447 4183 τοῖς
478 4119 764 4191 προτέροις
786 4119 926 4172 κατά
955 4116 1023 4170 τά
1051 4114 1210 4176 αὐτὰ,
1229 4115 1322 4168 καὶ
1349 4114 1594 4167 κοινωνεῖ
1622 4129 1715 4165 κα-

113 4216 187 4269 τὰ
215 4213 382 4267 τοῦτο
412 4215 477 4284 τῇ
504 4211 756 4281 κυκλικῇ,
787 4211 882 4263 καὶ
912 4210 1013 4280 τὴν
1045 4207 1271 4280 πρόοδον
1310 4206 1444 4276 ἔχει,
1491 4204 1612 4258 καθ’
1646 4204 1713 4275 ἢν

116 4307 375 4361 κοινωνεί
401 4308 467 4376 τῇ
500 4304 622 4358 κατ’
652 4302 868 4355 εὐθεῖαν
897 4302 1129 4370 κινήσει.
1180 4298 1331 4352 Ἐπεὶ
1361 4297 1492 4365 γοῦν
1525 4298 1558 4368 ἡ
1588 4297 1709 4350 κατ’

117 4399 326 4452 εύθεῖαε
378 4398 587 4467 κίνησις
619 4395 714 4448 ἐπὶ
742 4393 877 4447 Θεοῦ
919 4392 1006 4445 διά
1042 4394 1140 4464 τὴν
1171 4394 1249 4455 εἰς
1288 4390 1500 4459 γένεσιν
1534 4388 1710 4442 αἰτίαν

114 4491 214 4544 καὶ
248 4489 475 4560 πρόοδον
504 4486 921 4557 ἐξελαμϐἀνετο,
954 4484 1300 4555 λαμόἀνομεν
1337 4481 1432 4535 καὶ
1476 4481 1574 4552 τήν
1608 4480 1715 4533 ὲλι-
1745 4506 1788 4560 D

114 4582 309 4652 κοειδῆ
350 4582 562 4652 κίνησιν
585 4620 599 4644 ,
651 4580 729 4650 πῆ
776 4580 871 4649 μὲν
892 4618 906 4641 ,
940 4578 1016 4641 ὡς
1048 4578 1129 4641 εἰς
1159 4575 1292 4629 αὐτὸ
1333 4572 1709 4635 καταντῶσαν,

116 4677 210 4729 διὰ
236 4676 299 4728 τὸ
330 4674 610 4745 σταθερὸν,
646 4672 724 4742 πῆ
753 4672 828 4737 δὲ,
868 4672 944 4734 ὡς
973 4668 1381 4742 προερχομένην
1424 4666 1482 4733 ἐξ
1514 4665 1713 4735 ἑαυτῆς

117 4772 212 4825 διὰ
238 4772 299 4824 τὸ
333 4773 413 4832 εἰς
432 4770 498 4822 τά
531 4770 811 4840 ποιήματα
832 4766 1075 4835 γόνιμον.
1121 4763 1291 4815 Πάλιν
1326 4762 1425 4830 τὴν
1455 4758 1596 4813 κατά
1617 4758 1715 4811 κύ-

116 4864 251 4917 κλον
277 4863 508 4933 λέγομεν
537 4860 775 4931 κίνησιν,
806 4858 893 4912 διὰ
924 4857 988 4910 τὸ
1013 4855 1228 4917 ταύτὸν,
1258 4854 1352 4907 καὶ
1384 4853 1466 4904 ὅτι
1501 4850 1713 4920 συνέχει

116 4956 323 5008 πάντα.
356 4955 669 5025 Σημείωσαι
698 4950 827 5022 γὰρ,
857 4951 938 5003 ὅτι
968 4948 1036 5000 τὰ
1069 4943 1483 5018 ὑπερϐεϐηκότα
1526 4941 1715 5011 περιέ-

117 5066 203 5119 χει
235 5048 302 5100 τὰ
332 5047 731 5117 ὑποϐεϐηκότα.
769 5045 948 5114 ’Ἄκρα
976 5041 1105 5110 γοῦν
1139 5040 1293 5092 καλεῖ
1319 5036 1417 5100 τὰς
1455 5034 1715 5089 ἀνωτάτω

115 5140 379 5211 δυνάμεις
409 5140 502 5193 καὶ
531 5136 939 5209 πλησιαζούσας
984 5132 1123 5203 Θεῷ,
1159 5132 1329 5204 μέσας
1367 5129 1423 5182 δὲ
1453 5127 1553 5190 τὰς
1598 5126 1715 5197 μεττ

116 5232 339 5295 ὲκείνας
362 5232 480 5301 μὲν,
499 5229 677 5283 τῶνδὲ
694 5226 967 5297 αἰσθητῶν
1001 5224 1256 5278 ἁπάντων
1286 5218 1710 5291 ὑπερκειμένας.

122 5325 186 5377 Αἱ
224 5324 324 5394 μὲν
350 5319 445 5375 οὖν
472 5320 743 5374 ἀνώταται
775 5317 1205 5389 περιέχουσιτὲις
1240 5312 1430 5383 μέσας,
1460 5308 1587 5362 αἰδὲ
1618 5306 1714 5377 μέ-

121 5433 213 5469 σαι
242 5414 313 5467 τά
344 5412 595 5484 αἰσθητά.
640 5413 697 5465 Ὁ
730 5411 911 5481 μέντοι
940 5407 1071 5470 Θεὸς
1111 5407 1326 5460 ἅπαντα
1362 5400 1604 5472 περιέχει
1637 5397 1712 5459 ὡς

119 5508 323 5575 κύκλος
353 5506 422 5559 τὰ
449 5506 601 5568 ἐντὸς
630 5500 796 5558 αὑτοῦ
813 5501 1013 5563 πάντα,
1043 5498 1135 5550 καὶ
1164 5498 1242 5559 εἰς
1259 5493 1451 5547 ἑαυτὸν
1481 5491 1557 5554 ὡς
1577 5489 1713 5559 πρὸς

124 5602 295 5654 αἴτιον
312 5598 653 5669 ἐπιστρέφει.

121 5693 328 5747 feriora
388 5700 537 5745 sunt.
583 5689 842 5743 Extrema
888 5683 1017 5753 igitu

124 5803 217 5843 sas
246 5794 483 5857 sequntu

1814 1874 2012 1932 dicitur
2038 1873 2206 1943 ipsius
2232 1870 2482 1926 voluntas
2512 1872 2659 1925 circa
2708 1884 2771 1923 ea
2819 1884 2940 1938 quae
2992 1876 3141 1934 sunt,
3172 1877 3226 1922 et
3272 1882 3399 1936 pro-

1812 1984 2034 2041 gressus
2072 1967 2425 2037 providentiae
2469 1967 2639 2036 ipsius
2672 1966 2738 2019 ad
2772 1964 3051 2028 universa,
3084 1962 3212 2016 dum
3244 1963 3402 2015 adest

1812 2059 2064 2115 omnibus
2096 2071 2191 2127 per
2232 2058 2474 2113 omnium
2524 2054 3137 2123 incomprehensibilem
3193 2062 3249 2107 et
3298 2056 3397 2108 ab-

1812 2154 2044 2208 solutam
2089 2165 2142 2206 et
2185 2151 2485 2207 intactilem
2527 2149 3092 2215 comprehensionem.
3120 2149 3253 2204 Cum
3304 2163 3401 2202 ne—

1813 2254 1995 2318 gasset
2033 2245 2341 2300 istiusmodi
2397 2247 2448 2297 in
2494 2243 2601 2296 Deo
2652 2244 2941 2306 motiones,
2995 2244 3233 2296 maxime
3270 2260 3400 2299 vero

1814 2348 2132 2410 corporeas,
2165 2346 2222 2391 ut
2249 2336 2597 2401 circularem,
2628 2345 2854 2403 rectam,
2886 2346 2942 2389 ct
2971 2335 3274 2405 obliquam,
3300 2337 3398 2390 dc-

1819 2433 1997 2490 clarat
2026 2432 2296 2501 quomodo
2326 2430 2715 2485 convenienter
2771 2428 2901 2496 Deo,
2944 2429 3290 2499 intelligenda
3331 2431 3403 2484 sit

1813 2526 1868 2580 in
1898 2524 2011 2579 Deo
2041 2524 2228 2588 motio,
2258 2523 2548 2578 sensitivas
2591 2523 2642 2576 in
2675 2523 2930 2577 universo
2974 2524 3239 2577 motiones
3270 2538 3402 2576 ana-

1813 2616 2004 2687 gogice
2033 2615 2360 2684 explanans.
2391 2614 2469 2668 Ac
2503 2621 2711 2668 rectum
2754 2614 2972 2682 quidem
3009 2623 3213 2667 motum
3246 2611 3403 2667 intel-

1813 2707 2033 2778 ligimus
2068 2706 2120 2759 in
2156 2704 2287 2771 Deo,
2332 2714 2554 2774 propter
2599 2704 2985 2759 rectitudinem
3032 2714 3087 2758 et
3131 2702 3403 2758 inﬂexibi-

1814 2799 2046 2866 lilatem,
2102 2810 2158 2854 et
2216 2799 2593 2853 universorum
2646 2814 2712 2852 ex
2766 2799 2881 2866 ipso
2916 2798 3398 2866 procreationem;

1815 2907 1912 2965 per
1951 2908 2011 2949 se
2058 2893 2203 2947 enim
2250 2900 2307 2945 et
2333 2907 2399 2945 ex
2432 2899 2673 2958 tempore
2705 2890 2913 2943 creatio
2944 2904 3008 2943 ex
3042 2889 3157 2956 ipso
3192 2890 3400 2954 existit,

1816 2997 1873 3041 et
1902 3002 2007 3042 non
2039 3001 2136 3055 per
2158 2986 2358 3055 aliqua,
2388 3000 2508 3054 quae
2532 2985 2597 3036 ad
2637 2983 2809 3050 ipsam
2839 2982 3147 3050 disponant,
3181 2981 3399 3037 accidit.

1817 3079 1932 3134 Hoc
1976 3091 2155 3133 autem
2205 3078 2398 3130 melitts
2449 3076 2780 3138 declaratur,
2832 3074 2875 3126 si
2929 3073 3051 3142 quis
3083 3072 3152 3125 ab
3178 3070 3401 3126 'ellectis

1818 3172 2128 3241 incipiendo
2186 3168 2517 3240 speculetur.
2566 3166 2701 3220 Nam
2763 3166 2808 3220 si
2856 3165 2987 3234 quid
3037 3177 3228 3218 eorum
3281 3178 3402 3231 quae

1817 3272 1944 3318 sunt
1974 3263 2027 3316 in
2061 3270 2296 3316 mentem
2341 3260 2508 3329 capis,
2557 3267 2703 3313 recta
2748 3261 2813 3312 ad
2854 3268 3129 3311 auctorem
3162 3254 3281 3325 ejus
3311 3271 3401 3309 ac-

1813 3355 2011 3419 curris,
2069 3354 2140 3407 ita
2180 3364 2239 3406 ut
2285 3367 2316 3405 a
2347 3366 2513 3405 causa
2554 3350 2741 3404 statim
2791 3348 2858 3403 ad
2888 3347 3141 3403 elfectum
3173 3362 3401 3418 genera-

1814 3446 1981 3501 tionis
2019 3443 2319 3499 intellectio
2359 3441 2650 3511 pertingat.
2688 3438 2781 3493 Vel
2828 3439 2991 3493 etiam
3050 3436 3237 3502 aliter,
3269 3436 3401 3505 quia

1812 3549 2017 3594 motum
2048 3536 2344 3592 secundum
2375 3535 2781 3603 generationem
2828 3540 3037 3584 rectum
3066 3543 3189 3583 esse
3225 3528 3403 3591 aiunt,

1814 3632 1943 3687 dum
1976 3629 2207 3684 materia
2241 3641 2436 3696 nempe
2477 3633 2629 3681 recta
2663 3635 2717 3678 et
2747 3624 2854 3694 "per
2887 3638 2946 3677 se
2981 3624 3209 3675 formam
3245 3634 3408 3690 appo-

1815 3724 1913 3789 tit;
1941 3734 2113 3792 quare
2154 3719 2318 3774 etiam
2351 3715 2547 3781 forma,
2599 3711 2753 3781 cujus
2797 3712 2971 3782 gratia
3012 3722 3133 3764 esse
3178 3707 3401 3772 dicitur,

1813 3816 1967 3886 quasi
1993 3813 2117 3868 ﬁnis
2137 3813 2207 3867 sit
2224 3808 2385 3880 500
2409 3807 2474 3862 ad
2496 3822 2656 3876 quem
2681 3815 2874 3859 natura
2905 3812 3051 3859 recta
3079 3808 3286 3866 currat,
3308 3814 3403 3854 ne-

1813 3925 2084 3981 quaquam
2117 3907 2239 3960 aliis
2260 3917 2427 3975 atque
2459 3903 2582 3957 aliis
2614 3916 2673 3957 se
2719 3897 3068 3968 implectens,
3100 3895 3195 3950 sed
3226 3891 3293 3947 ad
3349 3893 3401 3948 id

1814 4006 1957 4076 quod
2008 4003 2247 4070 maxime
2279 3999 2618 4072 propositum
2652 4004 2735 4052 est
2768 3998 3003 4049 intuens.
3050 3991 3182 4046 Cum
3216 3990 3403 4059 itaque

1813 4107 1994 4153 motus
2049 4097 2117 4162 is,
2171 4096 2265 4166 qui
2307 4093 2607 4149 secundum
2652 4087 3061 4160 generationem
3099 4093 3203 4149 est,
3255 4095 3401 4138 recta

1814 4190 1932 4255 ﬁat,
1988 4198 2264 4242 auctorem
2304 4183 2693 4255 generationis,
2746 4194 2811 4233 eo
2848 4193 2956 4247 quo
3002 4176 3114 4231 Deo
3147 4175 3400 4230 convenit

1816 4282 2000 4345 modo,
2036 4291 2183 4335 recta
2220 4276 2421 4331 moveri
2471 4272 2720 4328 dicimus.
2759 4270 3022 4325 Stabilem
3058 4276 3237 4321 autem
3270 4281 3399 4335 pro-

1814 4388 2064 4446 gressum
2117 4380 2173 4425 et
2215 4370 2507 4423 fecundum
2555 4373 2757 4418 statum
2807 4362 3038 4417 dicimus
3089 4360 3399 4428 obliquum;

1820 4464 1943 4518 talis
1978 4461 2123 4516 enim
2174 4469 2355 4513 motus
2402 4464 2456 4510 et
2498 4455 2850 4509 stabilitatem
2904 4452 3087 4512 habet,
3143 4452 3399 4520 quoniam

1820 4558 1948 4613 licet
1974 4553 2237 4609 inclinare
2281 4550 2462 4613 iaciat,
2507 4563 2719 4601 rursum
2767 4546 2819 4599 in
2870 4546 3084 4608 eodem,
3123 4544 3288 4597 etiam
3329 4559 3399 4597 ex

1818 4660 1996 4716 aequo,
2044 4644 2321 4714 prioribus
2352 4641 2651 4697 secundum
2701 4639 2891 4694 eadem
2942 4647 2998 4692 et
3035 4637 3401 4692 communicat

1819 4738 2000 4808 quoad
2051 4736 2156 4790 hoc
2217 4749 2339 4787 cum
2375 4731 2653 4796 circulari,
2705 4739 2761 4784 et
2822 4744 3167 4800 progressum
3216 4728 3399 4794 habet,

1819 4827 2116 4884 secundum
2150 4839 2308 4895 quem
2336 4824 2703 4879 communicat
2729 4838 2851 4876 cum
2889 4832 3034 4876 IIIOlu
3070 4829 3234 4876 recto.
3265 4822 3399 4875 Cum

1820 4921 2004 4989 itaque
2035 4930 2216 4973 motus
2261 4928 2443 4971 rectus
2482 4917 2534 4970 in
2576 4917 2684 4970 Deo
2725 4930 2888 4970 causa
2918 4915 3292 4985 generationis
3321 4922 3402 4965 at-

1819 5026 1926 5082 que
1971 5011 2331 5081 processionis
2386 5019 2639 5078 acceptus
2687 5009 2779 5074 sit,
2832 5008 3130 5076 accipimus
3183 5020 3401 5075 quoque

1818 5114 2027 5160 motum
2076 5104 2401 5173 obliquum,
2454 5103 2650 5172 partim
2707 5102 2961 5171 quidem,
3017 5110 3272 5169 tanquam
3344 5103 3397 5154 itt

1818 5199 1961 5252 idem
2022 5205 2394 5259 remeantem,
2443 5206 2667 5265 propter
2722 5192 3126 5257 constantiam;
3196 5190 3397 5259 partim

1817 5307 1947 5346 vero
1977 5300 2232 5359 tauquam
2266 5304 2333 5343 ex
2378 5289 2556 5356 seipso
2587 5287 2967 5356 prodeuntem,
2990 5294 3211 5354 propter
3241 5296 3400 5336 crea-

1820 5396 2065 5440 turarum
2118 5382 2529 5437 fecunditatem.
2562 5378 2795 5433 Rursum
2834 5378 3157 5431 circularem
3192 5382 3399 5428 motum

1820 5481 2053 5534 dicimus
2093 5486 2316 5545 propter
2339 5475 2677 5530 identitatetn
2704 5513 2720 5539 ,
2749 5482 2802 5527 et
2839 5472 2985 5543 quod
3010 5470 3190 5524 omnia
3223 5466 3402 5522 conti-

1819 5580 1967 5626 neat.
2001 5570 2137 5623 Nota
2162 5570 2329 5634 enim,
2369 5566 2656 5636 superiora
2686 5564 2965 5620 continere
3013 5562 3102 5615 illa
3153 5577 3273 5631 qua:
3311 5559 3399 5611 in-

1027 5697 1052 5735 r
1096 5687 1258 5733 vocat
1312 5686 1600 5747 supremas
1640 5668 1759 5723 illas
1791 5666 2021 5718 virtutes
2068 5660 2284 5729 Deoque
2326 5659 2682 5728 propinquas,
2723 5656 2929 5709 medias
2973 5667 3103 5706 vero
3159 5665 3282 5719 qua:
3317 5648 3399 5717 ip~

492 5799 555 5851 r,
597 5782 885 5838 inferiores
909 5743 1183 5847 denique,
1218 5743 1440 5827 naturas
1493 5766 1737 5823 omnium
1776 5757 2081 5815 seusilium.
2126 5754 2406 5825 Suprema:
2443 5753 2627 5823 itaque
2663 5748 2953 5805 continent
3004 5743 3245 5804 medias,
3277 5753 3398 5795 me-
