3866 6232
493 308 600 366 9'55

1659 305 1714 364 S.
1756 306 2053 363 DIONYSII
2092 352 2096 359 λ

2190 306 2557 364 ΕΟΡΑΕΙΤΑΞ
3668 313 3748 368 9'36

496 429 598 482 dia:
630 441 761 482 vero
787 440 876 482 res
913 426 1167 483 sensiies.
1201 425 1375 484 Porro
1410 426 1553 482 Deus
1582 428 1768 481 omnia
1817 428 2093 492 continet,
2126 427 2271 482 sicut
2318 426 2561 482 circulus
2610 426 2793 480 omnia
2856 440 2975 495 qua:
3015 426 3068 481 in
3109 426 3225 494 ipso
3266 433 3415 492 sunt,
3462 435 3521 482 et
3556 427 3621 481 ad
3665 432 3748 479 sci-

493 536 649 590 psum
691 534 951 593 tanquam
984 523 1049 575 ad
1074 538 1295 577 causam
1327 524 1618 577 convertit.

568 616 597 689 ᾗ
629 616 694 670 Χ.
730 615 999 684 Denique,
1033 617 1077 669 si
1111 618 1234 684 quis
1262 617 1403 671 idem
1440 626 1495 670 et
1520 616 1727 686 justum
1764 633 1864 687 pro
1891 616 2080 687 mquali

2258 611 2284 681 ᾗ
2318 613 2384 665 Χ.
2422 613 2484 664 El
2513 610 2569 664 δέ
2601 629 2685 675 τις
2713 612 2773 665 τὸ
2805 612 2997 666 ταύτὸν
3026 613 3121 666 καὶ
3152 613 3211 664 τὸ
3224 611 3433 666 δίκαιον
3466 614 3551 675 εἰς
3574 614 3631 666 τὸ
3657 615 3747 667 ἴσον

496 711 728 778 accipiat
773 708 1063 778 (siquidem
1114 710 1256 762 idem
1304 712 1603 763 secundum
1644 712 1829 764 omnia
1876 711 2086 780 aequale

497 819 563 857 ac
587 803 763 856 simile
793 813 895 865 est,
922 812 976 857 et
1003 803 1216 872 justitia
1250 801 1535 856 distribuit
1562 802 1956 871 aequalitatem)
1984 803 2085 856 hoc

494 897 661 951 etiam
694 896 979 950 dicendum
1021 906 1128 959 est,
1166 895 1331 949 Deum
1364 893 1629 965 aequalem
1678 895 1807 958 dici,
1847 910 1951 949 non
1992 910 2084 949 so-

498 991 606 1044 lum
637 1000 694 1043 ut
738 991 970 1059 partium
1008 997 1287 1057 expertem
1338 989 1505 1060 (quod
1552 990 1696 1044 enim
1743 990 1945 1058 aliquid
1996 1004 2084 1043 se-

496 1084 730 1137 cundum
774 1092 945 1136 totum
976 1092 1253 1151 extequat,
1288 1100 1395 1138 non
1442 1081 1606 1135 habet
1642 1090 1852 1151 partem
1885 1096 2085 1135 secun-

494 1173 620 1225 dum
654 1189 813 1241 quam
855 1174 936 1225 vel
972 1175 1254 1235 redundet,
1304 1173 1386 1226 vel
1424 1174 1663 1243 deﬁciat)
1702 1187 1888 1227 verum
1916 1172 2080 1226 etiam

494 1264 647 1331 quasi
684 1280 748 1316 ex
783 1280 938 1332 aequo
970 1256 1163 1317 cuncta
1200 1265 1467 1333 pervadit,
1494 1275 1549 1318 et
1591 1274 1849 1333 tanquam
1884 1263 2080 1331 ipsius-

494 1367 606 1410 met
647 1356 986 1424 tequalitatis
1017 1356 1243 1409 effector
1286 1356 1387 1425 (uti
1440 1356 1673 1411 diximus
1718 1356 1867 1425 prius
1913 1354 2082 1423 ipsius

492 1448 891 1507 similitudinis)
929 1448 1225 1501 secundum
1256 1462 1419 1516 quam
1464 1458 1707 1502 mutuam
1743 1447 2083 1516 penetratio-

493 1555 616 1594 nem
648 1554 713 1593 ex
745 1556 899 1608 reque
927 1551 1200 1609 procurat,
1250 1550 1308 1593 ut
1355 1541 1407 1593 in
1455 1539 1765 1606 clementis,
1812 1539 2079 1607 siquidem

495 1634 689 1689 borum
736 1634 922 1686 mistio
972 1648 1036 1685 ex
1084 1648 1240 1702 aequo
1284 1633 1364 1698 fit,
1408 1642 1462 1687 et
1504 1634 1628 1687 dum
1676 1634 1727 1688 in
1763 1632 2078 1701 compositis

493 1739 601 1778 non
636 1725 1073 1793 praeponderent,
1127 1725 1311 1777 mundi
1354 1724 1517 1779 eﬂicit
1565 1726 1974 1796 generationes.
2021 1725 2077 1779 Si

494 1816 637 1868 enim
675 1814 893 1883 aliquod
942 1815 1268 1869 elementum
1314 1817 1600 1881 redundet,
1647 1818 1696 1870 id
1742 1818 1883 1885 quod
1930 1817 2077 1887 geni-

494 1916 606 1960 tum
660 1922 743 1961 cSt
787 1909 1175 1976 corrumpitur.
1226 1908 1359 1962 Cum
1415 1923 1546 1962 vero
1600 1909 1734 1963 dicit
1779 1910 2074 1979 participa-

496 2000 695 2053 tionem
729 1999 1014 2068 mqualiter
1057 2000 1531 2070 participantium,
1583 2016 1655 2054 ne
1693 2004 1778 2055 cui
1830 2002 2082 2056 videatur

492 2093 696 2154 dicere,
748 2090 892 2159 quod
949 2092 1131 2144 omnia
1190 2092 1475 2159 aequaliter
1523 2092 1970 2159 sanetilicentur,
2026 2102 2084 2147 et.

492 2183 775 2252 wqualiter
826 2181 1217 2245 illuminentur,
1276 2184 1627 2251 semetipsum
1672 2183 1955 2251 explicuit,
1994 2184 2075 2236 di-

490 2291 622 2329 cens
665 2291 681 2329 :
732 2275 1042 2328 Secundum
1086 2274 1351 2343 cujusque
1391 2274 1750 2342 Capacitatem
1799 2282 1854 2327 et
1908 2274 2081 2338 digni-

496 2366 623 2420 tatis
652 2366 1041 2434 mqualitatem.
1077 2365 1140 2418 Et
1174 2379 1363 2418 rursus
1389 2365 1686 2418 secundum
1718 2365 1882 2417 alium
1918 2364 2073 2435 501

493 2456 713 2509 modum
763 2457 906 2509 Deus
954 2454 1179 2524 aequalis
1218 2454 1433 2519 dicitur,
1469 2464 1737 2523 quatenus
1782 2458 2077 2509 secundum

494 2546 751 2601 virtutem
793 2546 1124 2614 aequalitatis
1166 2544 1501 2600 ell'cctriccm
1547 2562 1762 2601 omnem
1797 2546 2077 2616 aequalita-

496 2646 604 2691 tem
650 2638 1007 2706 anticipavit,
1049 2636 1208 2705 juxta
1258 2638 1745 2707 prmdclinitiottem
1787 2638 1917 2693 alibi
1962 2649 2078 2692 tra-

493 2730 694 2796 ditam;
731 2733 1127 2799 intellectilem,
1170 2748 1290 2801 qua:
1332 2732 1432 2785 sub
1473 2748 1692 2787 sensum
1747 2748 1853 2787 non
1907 2733 2075 2799 cadit,

493 2826 702 2879 Scilicet
756 2826 1106 2894 angelorum;
1155 2826 1574 2893 intelligentem,
1632 2841 1750 2895 qua:
1796 2825 2077 2896 simplices

491 2929 547 2973 et
572 2921 771 2975 liberas
815 2923 981 2975 habet
1026 2922 1442 2985 intellectiones.
1483 2924 1598 2979 sive
1642 2927 1837 2980 mentis
1882 2941 2079 2981 secun-

492 3012 619 3065 dum
654 3027 747 3078 se;
781 3014 1125 3081 rationalem,
1151 3030 1271 3084 qua:
1304 3032 1397 3085 per
1431 3017 1696 3070 rationem
1731 3026 1788 3071 et
1828 3019 2075 3085 specula-

494 3104 693 3159 tionem
728 3122 909 3159 rerum
948 3108 1193 3161 notiones
1224 3109 1471 3176 suscipit,
1518 3110 1823 3162 animarum
1865 3110 2076 3165 scilicet

492 3195 876 3263 rationalium;
920 3199 1271 3263 sentientem,
1318 3214 1439 3267 qum
1484 3199 1583 3253 sub
1641 3214 1858 3253 sensum
1904 3200 2067 3264 cadit,

2192 704 2618 774 μεταλαμϐάνει,
2657 702 2871 775 (ταύτὸν
2900 705 3007 776 γὰρ
3036 705 3097 757 τὸ
3128 705 3269 758 κατὰ
3326 704 3510 757 πάντα
3544 707 3648 759 ἴσον
3677 710 3747 759 καὶ

2186 798 2394 869 ὅμοιον,
2428 799 2519 852 καὶ
2550 797 2862 867 δικαιοσύνη
2890 800 2922 868 ὴ
2954 797 3047 849 τοῦ
3082 797 3198 849 ἴσου
3243 797 3642 868 διανεμητικὴὴ
3675 804 3747 869 ῥη-

2186 892 2306 943 τέον
2337 890 2431 943 καὶ
2463 890 2640 953 τοῦτο,
2674 892 2753 943 ὅτι
2788 889 2900 952 ῐσος
2927 888 3141 956 λέγεται
3168 891 3196 942 ὁ
3229 888 3380 953 Θεὸς,
3416 891 3479 942 οὐ
3518 891 3667 959 μόνον
3690 895 3746 955 ὡς

2186 982 2419 1053 ἀμερὴς,
2452 982 2533 1051 (τὸ
2576 982 2684 1053 γὰρ
2715 980 2958 1046 ἐξισάζον
2986 982 3054 1034 δι’
3083 982 3203 1034 ὅλου
3238 982 3373 1052 πρός
3413 1000 3495 1045 τι,
3543 985 3635 1035 οὐκ
3662 986 3746 1053 ἔχει

2189 1075 2354 1145 μέρος
2410 1074 2545 1127 καθὸ
2584 1075 2615 1145 ἢ
2663 1075 3042 1146 πλεονεκτήσει
3080 1075 3111 1145 ἢ
3164 1076 3602 1145 μειονεκτήσει·)

2186 1167 2279 1219 καὶ
2310 1168 2386 1229 ὡς
2414 1167 2610 1237 ἐπίσης
2641 1169 2733 1219 ἐπὶ
2763 1168 2936 1220 πάντα
2968 1167 3167 1235 φοιτῶν
3189 1208 3203 1231 ,
3236 1168 3330 1221 καὶ
3360 1168 3440 1231 ὼς
3476 1170 3745 1238 ὑποστάτης

2183 1260 2282 1329 τῆς
2322 1260 2722 1329 αὑτοῖσότητος,
2768 1258 2863 1328 (ὡς
2890 1258 3147 1329 ἐλέγομεν
3169 1259 3434 1330 πρότερον
3466 1260 3566 1329 τῆς
3594 1261 3745 1313 αὑτω-

2188 1352 2518 1422 μοιότητος,)
2562 1352 2681 1406 καθ’
2716 1354 2781 1423 ῆν
2819 1355 3057 1423 ἰσουργεῖ
3096 1353 3195 1423 τὴν
3224 1352 3287 1404 δι’
3322 1352 3573 1422 ἀλλήλων
3598 1354 3744 1423 10391;-

2188 1460 2293 1507 σιν,
2328 1444 2403 1507 ὡς
2436 1445 2531 1496 ἐπὶ
2558 1445 2665 1497 τῶν
2697 1446 2996 1514 στοιχείωνο
3019 1445 3050 1513 ὴ
3072 1444 3180 1515 γὰρ
3210 1445 3407 1514 ἐπίσης
3444 1448 3635 1515 κρᾶσις
3650 1456 3744 1497 τοι-

2186 1553 2315 1601 των,
2349 1538 2441 1589 καὶ
2473 1538 2533 1589 τὸ
2569 1538 2641 1609 μὴ
2679 1536 3161 1608 ὑπερταλαντεύειν
3195 1538 3252 1588 ὲν
3297 1540 3411 1601 τοῖς
3444 1539 3741 1608 συγκρίμασι

2180 1628 2280 1691 τὰς
2298 1629 2535 1697 γενέσεις
2565 1628 2658 1681 τοῦ
2693 1630 2898 1699 κόσμου
2952 1630 3113 1681 ποιεῖ.
3160 1629 3219 1681 El
3253 1629 3361 1699 γάρ
3394 1647 3451 1682 τι
3486 1630 3591 1681 τῶν
3634 1645 3741 1680 στοι-

2183 1720 2343 1790 χείων
2375 1720 2707 1783 πλεονάσειε,
2747 1719 3027 1790 φθείρεται
3058 1720 3119 1772 τὸ
3151 1721 3460 1790 γινόμενον.
3510 1719 3676 1773 Εἰπὼν
3701 1720 3741 1770 δὲ

2180 1814 2277 1884 τὴν
2309 1813 2415 1865 τῶν
2464 1813 2985 1883 μεταλαμϐανόντων
3028 1812 3224 1882 ἐπίσης
3269 1812 3545 1883 μετοχὴν,
3584 1814 3659 1865 ἵνα
3684 1811 3739 1881 μὴ

2181 1923 2287 1959 τινι
2319 1905 2445 1978 δόξῃ
2473 1906 2649 1974 λέγειν
2676 1907 2757 1959 ὅτι
2777 1905 2975 1976 ἐπίσης
3004 1905 3073 1957 τὰ
3103 1906 3277 1960 πάντα
3310 1905 3644 1973 ἁγιάζονται,
3670 1908 3741 1958 καὶ

2184 1997 2382 2069 ἐπίσης
2410 2000 2755 2067 φωτίζονται,
2788 1998 3165 2069 ἐπεξηγήσατο
3197 2000 3418 2061 ἐαυτὸν,
3456 1999 3741 2051 statuarii:-

2183 2090 2253 2143 τὰ
2286 2092 2387 2161 τὴν
2421 2091 2650 2143 ἐκάστου
2685 2090 3096 2162 ἐπιτηδειότητα
3117 2090 3287 2144 καὶτὸ
3322 2092 3439 2144 ἴσον
3472 2092 3569 2161 τῆς
3597 2091 3736 2154 diis;

2184 2185 2293 2236 Καὶ
2325 2185 2443 2236 κατ’
2477 2184 2633 2239 ἄλλον
2670 2183 2829 2237 πάλιν
2862 2184 3062 2255 τρόπον
3110 2185 3221 2236 ῐσον
3253 2184 3314 2236 τὸ
3345 2184 3507 2236 Θεῖον
3540 2183 3738 2250 λέγεται,

2182 2276 2319 2329 διότι
2352 2276 2491 2330 κατὰ
2519 2277 2617 2347 τὴν
2646 2277 2853 2329 ἑαυτῶν
2892 2275 3177 2346 ποιητικὴν
3209 2276 3305 2345 τῆς
3342 2276 3587 2346 ἰσότητος
3615 2276 3740 2327 δινα-

2186 2386 2276 2439 μιν
2317 2370 2493 2421 πᾶσαν
2525 2370 2746 2440 ἰσότητα
2778 2368 3096 2439 προείληφε,
3130 2368 3270 2420 κατὰ
3285 2368 3377 2420 τὸν
3397 2370 3496 2421 καὶ
3512 2371 3569 2420 ἐν
3598 2367 3740 2445 ἆὶριοις

2184 2460 2417 2531 ρηθέντα
2452 2462 2807 2532 προορισμόν·
2844 2460 3061 2530 νοητὴν,
3099 2460 3195 2530 τὴν
3228 2461 3487 2530 αἰσθήσει
3515 2462 3607 2529 οὐχ
3638 2460 3743 2511 ὑπο-

2183 2554 2503 2615 πίπτουσαν,
2553 2550 2649 2622 τὴ)
2694 2553 2803 2605 τῶν
2846 2552 3092 2620 ἀγγέλων
3146 2552 3367 2622 δηλαδή·
3417 2552 3628 2623 γοερὰν,
3668 2552 3742 2620 τὴν

2182 2644 2368 2708 ἁπλῶς
2401 2646 2494 2697 καὶ
2523 2645 2806 2708 ἁπολύτως
2837 2644 2937 2708 τὰς
2970 2646 3182 2716 νοήσεις
3214 2644 3472 2715 ἔχουσαν,
3496 2647 3652 2715 ἤγουν
3664 2644 3740 2711 τὴν

2179 2736 2273 2789 τοῦ
2307 2738 2425 2799 νοὸς
2454 2739 2575 2790 κατ’
2596 2738 2775 2790 αὐτόν’
2798 2737 3045 2807 λογικὴν,
3076 2736 3175 2807 τὴν
3205 2737 3293 2790 διὰ
3322 2738 3487 2807 λόγου
3520 2739 3611 2791 καὶ
3636 2738 3741 2789 θεω-

2182 2829 2302 2900 ρίας
2330 2828 2429 2892 τὰς
2460 2829 2566 2882 τῶν
2584 2830 2752 2883 ὄντων
2772 2830 3003 2898 γνώσεις
3036 2830 3331 2901 δεχομένην
3353 2870 3367 2893 ,
3402 2831 3515 2883 τῶν
3543 2830 3738 2898 λογικῶν

2177 2922 2364 2992 ψυχῶν
2390 2922 2650 2993 δηλονότι·
2684 2922 2969 2993 αἰσθητὴν,
3016 2924 3114 2994 τὴν
3158 2926 3223 2994 τῇ
3270 2923 3530 2995 αἰσθήσει
3576 2923 3739 2976 ὑποπέ-

2180 3032 2437 3075 πτουσαν,
2462 3015 2638 3068 εἴτουν
2662 3014 2759 3085 τὴν
2780 3015 2885 3067 τῶν
2905 3014 3087 3085 μερῶν
3102 3014 3193 3067 τοῦ
3217 3015 3453 3084 κόσμου,
3470 3016 3573 3070 ἆπε
3580 3033 3609 3084 ρ
3628 3014 3736 3065 διαι-

2180 3107 2397 3178 ροῦνται
2426 3109 2505 3171 εἰς
2533 3107 2764 3177 οὐσιὼδη
2796 3108 2893 3160 καὶ
2937 3107 3163 3175 φυσικὰ,
3194 3108 3477 3161 τουτέστιν
3511 3108 3588 3171 εἰς
3613 3124 3663 3158 τε
3691 3105 3740 3155 :‘a

2178 3201 2519 3271 ἀναισθήτως
2551 3202 2645 3253 καὶ
2678 3200 2853 3270 πάντη
2876 3201 3149 3269 ἀκινήτως
3181 3201 3330 3263 ὄντα,
3357 3202 3453 3253 καὶ
3474 3202 3552 3264 εἰς
3584 3202 3642 3252 τὰ
3665 3206 3737 3266 την

490 3287 604 3341 sive
635 3290 872 3357 partium
910 3291 1123 3355 mundi,
1163 3307 1284 3361 qua:
1327 3292 1641 3344 dividuntur
1671 3293 1721 3345 in
1752 3292 2072 3347 essentiales

2182 3293 2461 3346 ὁποιανοῦν
2498 3292 2690 3363 ἔχοντα
2724 3294 2956 3362 κίνησιν·
3005 3292 3105 3363 τὴν
3147 3292 3259 3362 γὰρ
3288 3291 3455 3359 φύσιν
3487 3290 3650 3361 ἀρχὴν
3676 3306 3738 3339 κιρ

490 3393 556 3433 ac
592 3379 889 3444 naturales,
928 3380 977 3432 id
1016 3390 1098 3434 est
1142 3383 1195 3433 in
1245 3397 1331 3434 res
1370 3382 1717 3437 insensibiles
1746 3398 1809 3437 ac
1852 3399 2073 3451 prorsus

492 3468 823 3532 immobiles,
856 3480 911 3522 et
950 3485 1042 3523 eas
1083 3486 1202 3538 qua:
1245 3472 1532 3539 aliqnalem
1581 3485 1785 3525 motum
1831 3474 2067 3539 habent;

490 3568 743 3613 naturam
772 3565 915 3615 enim
953 3564 1219 3616 deﬁniunt
1250 3566 1571 3633 principium
1615 3578 1793 3622 motus
1829 3576 1881 3620 et
1917 3569 2071 3635 quie-

2181 3386 2387 3455 νήσεως
2432 3387 2525 3436 καὶ
2560 3383 2796 3453 ἠρεμίας
2841 3382 3132 3452 ὁρίζονταν
3182 3381 3413 3451 θελητὴν
3459 3382 3516 3434 δὲ
3556 3381 3735 3446 ἰσότητα

2176 3479 2275 3548 τὴν
2311 3478 2704 3548 προαιρετικὴν
2735 3492 2919 3545 φησιν,
2960 3475 3027 3543 ἣν
3073 3474 3314 3538 θέλοντες
3359 3477 3458 3526 καὶ
3492 3478 3554 3527 ὲκ
3583 3487 3737 3541 προαι-

2180 3571 2383 3641 ρέσεως
2414 3568 2857 3641 κατορθούμενοι,
2878 3567 2948 3618 τὰ
2978 3565 3159 3618 δίκαια
3188 3564 3558 3636 ἐργαζόμεθα.

490 3651 591 3715 tis;
628 3653 989 3708 voluntariam
1033 3672 1160 3710 vero
1197 3657 1559 3726 aequalitatem
1591 3668 1927 3713 vocanteum
1959 3676 2080 3729 qua:
2111 3672 2289 3729 potest
2325 3662 2547 3733 eligere,
2591 3675 2756 3729 quam
2823 3658 3044 3728 quando
3088 3657 3361 3725 volumus,
3403 3670 3462 3712 et
3515 3672 3582 3712 ex
3618 3656 3735 3711 arbi-

489 3744 581 3798 trii
612 3744 865 3801 libertate
913 3758 1057 3801 recte
1092 3750 1436 3816 ordinamus,
1481 3768 1542 3806 ea
1589 3769 1707 3821 qua:
1750 3753 1895 3822 justa
1957 3763 2087 3807 sunt
2142 3755 2371 3825 agimus.

1378 3919 3717 3950 ________________________________..

1005 4054 1389 4144 CAPUT
1460 4059 1584 4144 Χ.

491 4187 567 4243 Dc
599 4192 952 4245 omnitenente
977 4232 990 4254 ,
1033 4194 1251 4260 antiquo
1283 4193 1526 4255 dierum;
1574 4195 1627 4246 in
1665 4211 1766 4263 quo
1808 4196 1969 4249 etiam
2000 4196 2067 4249 de

808 4280 915 4316 (BN)
965 4280 1058 4316 seu
1093 4265 1385 4316 wternitate
1414 4276 1458 4315 et
1489 4276 1741 4332 tempore.

2585 4048 3235 4135 ΚΕΦΑΛΛΙΟΝ
3274 4040 3368 4130 1'.

2174 4195 2311 4261 Περὶ
2338 4190 2835 4261 παντοκράτορος,
2881 4186 3142 4261 παλαιοῦ
3184 4186 3420 4261 ἡμερῶν
3439 4201 3452 4213 ·
3486 4183 3556 4236 ἑν
3583 4178 3625 4245 ᾧ
3656 4176 3730 4230 καὶ

2565 4257 2695 4328 περὶ
2728 4259 2943 4323 αἰῶνος
2984 4257 3081 4309 καὶ
3128 4259 3371 4327 χρόνον.

1792 4419 2127 4476 SYNOPSIS
2169 4419 2464 4475 CAPlTlS.

491 4562 535 4620 l.
565 4562 726 4624 Dicit,
757 4562 895 4615 unde
931 4561 1076 4615 Deus
1109 4562 1321 4614 dicatur
1351 4560 1747 4630 παντοκράτωρ
1770 4576 1860 4612 seu
1898 4561 2244 4613 omnitenens.
2279 4557 2340 4611 Il.
2378 4556 2531 4630 Unde
2553 4555 2725 4608 dictus
2766 4553 2832 4606 sit
2857 4554 3107 4622 antiquus
3135 4551 3365 4605 dierum.
3397 4548 3489 4603 Ill.
3525 4545 3654 4613 Quid
3678 4542 3727 4595 δίε

1347 4627 1588 4699 tempus,
1625 4642 1670 4683 et
1704 4627 1971 4683 Mentitus
2000 4646 2092 4683 seu
2122 4646 2312 4683 azt'um.
2344 4639 2392 4680 et
2416 4627 2607 4695 quibus
2639 4636 2916 4693 competat.

2047 4745 2169 4819 gl.

564 4888 671 4943 Sed
737 4899 953 4956 tempus
999 4898 1083 4943 est
1131 4890 1385 4943 oratione
1431 4901 1616 4945 nostra
1667 4893 1833 4948 Deum
1880 4893 2065 4948 multi—
2098 4897 2143 4951 D

489 4981 759 5043 nomium,
790 4990 847 5032 ut
877 4980 1329 5044 omnitenentem,
1358 4990 1411 5035 et
1439 4991 1496 5034 ut
1524 4984 1805 5051 antiquum
1829 4985 2058 5051 dierum,

489 5070 841 5140 przedicandi.
877 5070 953 5123 Ac
983 5071 1332 5125 omnitenens
1378 5073 1596 5137 quidem
1645 5075 1866 5139 dicitur,
1918 5078 2063 5146 quod

490 5165 604 5231 ipse
636 5163 707 5215 sit
730 5160 970 5215 omnium
997 5161 1174 5223 sedes,
1205 5163 1384 5215 omnia
1410 5163 1694 5219 continens
1729 5176 1890 5234 atque
1920 5184 2063 5221 com-

489 5254 747 5323 plectens,
790 5261 847 5306 et
891 5264 1084 5305 cuncta
1126 5252 1446 5315 stabiliens,
1484 5254 1717 5310 fundans
1742 5267 1901 5325 atque
1932 5274 2063 5314 con-

484 5347 778 5414 stringens,
816 5353 873 5400 et
908 5345 1221 5398 universum
1266 5346 1553 5401 insolubile
1606 5350 1658 5403 in
1704 5352 1882 5421 seipso
1920 5369 2062 5423 prae-

486 5444 656 5502 stans,
685 5447 741 5490 et
768 5451 835 5490 ex
856 5450 933 5502 se,
959 5435 1123 5489 veluti
1148 5450 1215 5488 ex
1240 5436 1611 5492 omnitenente
1636 5436 1835 5507 radice,
1865 5459 2057 5500 cuncta

486 5529 833 5595 producens.
898 5537 1061 5596 atque
1104 5527 1169 5580 ad
1200 5541 1259 5581 se
1285 5567 1299 5592 ,
1362 5538 1617 5597 tanquam
1668 5536 1733 5588 ad
1784 5534 2009 5590 fundum
2040 5580 2055 5602 ,

2247 4892 2479 4963 "Qpa‘c‘ih
2511 4892 2588 4962 τῷ
2620 4891 2762 4960 λόγῳ
2794 4891 2885 4943 τὸν
2920 4886 3271 4956 πολυώνυμον
3303 4885 3435 4938 Θεὸν
3456 4925 3471 4947 ,
3517 4884 3588 4945 ὡς
3618 4898 3723 4933 παν-

2169 4986 2506 5055 τοκράτορα,
2557 4985 2651 5036 καὶ
2695 4984 2770 5045 ὡς
2816 4982 3043 5034 παλαιὸν
3103 4979 3326 5050 ἡμερῶν
3385 4978 3628 5047 ὑμνῆσαι.
3668 4971 3720 5035 Τὲ

2174 5075 2272 5145 μὲν
2306 5075 2413 5145 γὰρ
2446 5074 2663 5142 λέγεται
2695 5073 2783 5125 διὰ
2813 5072 2873 5123 τὸ
2914 5072 3133 5124 πάντων
3176 5069 3338 5119 αὑτὸν
3384 5064 3520 5119 εἶναι
3565 5076 3723 5116 παντί]-

2171 5167 2501 5239 κρατορικὴν
2547 5166 2740 5236 ἕδραν,
2793 5164 3119 5233 συνέχουσαν
3163 5160 3258 5213 καὶ
3300 5159 3643 5229 περιέχουσαν
3668 5154 3721 5204 τὰ

2168 5259 2296 5323 ὅλα,
2335 5260 2428 5311 καὶ
2474 5258 2859 5327 ὲνιδρύουσαν,
2908 5255 3003 5307 καὶ
3049 5249 3434 5323 θεμελιοῦσαν,
3476 5250 3564 5301 καὶ
3592 5261 3717 5313 περι·

2170 5354 2503 5424 σφίγγουσαν
2524 5393 2537 5417 ,
2587 5352 2679 5405 καὶ
2726 5350 2967 5421 ἀρῤαγὲς
3013 5350 3071 5399 ἐν
3119 5348 3283 5415 ἑαυτῇ
3312 5344 3357 5375 ⁸³
3392 5344 3452 5395 τὸ
3486 5344 3584 5393 πᾶν
3611 5340 3716 5389 ἁπο-

2165 5445 2443 5507 τελοῦσαν,
2481 5446 2574 5497 καὶ
2607 5442 2666 5506 ἐξ
2697 5442 2866 5511 αὐτῆς
2900 5439 2970 5492 τὰ
3014 5439 3141 5499 ὅλα,
3192 5435 3443 5505 καθάπερ
3488 5436 3548 5486 ἐκ
3590 5429 3713 5499 ῥίζηξ

2166 5537 2691 5608 παντοκρατορικῆς,
2729 5534 3096 5605 προάγουσαν,
3146 5531 3237 5582 καὶ
3269 5530 3348 5591 εἰς
3382 5525 3571 5595 ἑαυτὴν
3595 5522 3632 5553 ’⁸
3659 5530 3712 5567 =1

1794 5652 2025 5705 VARUS
2067 5652 2470 5707 LECTIONES.

568 5753 611 5783 REI

645 5757 700 5805 ἐν
730 5754 891 5827 αὐτῇ,
920 5763 976 5813 Ι).
1066 5766 1110 5795 ⁹⁰
1146 5767 1222 5826 εἰς
1258 5767 1443 5836 αὐτὴν,
1484 5768 1537 5815 S.
1570 5766 1624 5817 Ρ.
