  <div class='ocr_page' id='page_1' title='image "/cluster/home/n/w/nwhite01/storage/ocr_20150623/3/nnc1.0046978666/526.png"; bbox 0 0 3866 6232; ppageno 0'>
   <div class='ocr_carea' id='block_1_1' title="bbox 155 339 287 396">
    <p class='ocr_par' dir='ltr' id='par_1_1' title="bbox 155 339 287 396">
     <span class='ocr_line' id='line_1_1' title="bbox 155 339 287 396; baseline -0.015 -1"><span class='ocrx_word' id='word_1_1' title='bbox 155 339 287 396; x_wconf 58' lang='grc'><strong>937⁷</strong></span> 
     </span>
    </p>
   </div>
   <div class='ocr_carea' id='block_1_2' title="bbox 1253 345 2370 415">
    <p class='ocr_par' dir='ltr' id='par_1_2' title="bbox 1253 345 2370 415">
     <span class='ocr_line' id='line_1_2' title="bbox 1253 345 2370 415; baseline 0.006 -14"><span class='ocrx_word' id='word_1_2' title='bbox 1253 346 1341 402; x_wconf 89' lang='lat' dir='ltr'><strong>DE</strong></span> <span class='ocrx_word' id='word_1_3' title='bbox 1377 345 1627 403; x_wconf 81' lang='lat' dir='ltr'><strong>DIVINIS</strong></span> <span class='ocrx_word' id='word_1_4' title='bbox 1661 345 2057 415; x_wconf 81' lang='lat' dir='ltr'><strong>NOMINIBUS,</strong></span> <span class='ocrx_word' id='word_1_5' title='bbox 2097 349 2250 407; x_wconf 82' lang='lat' dir='ltr'><strong>CAP.</strong></span> <span class='ocrx_word' id='word_1_6' title='bbox 2310 351 2370 408; x_wconf 80' lang='grc' dir='ltr'>Χ.</span> 
     </span>
    </p>
   </div>
   <div class='ocr_carea' id='block_1_3' title="bbox 3327 359 3432 415">
    <p class='ocr_par' dir='ltr' id='par_1_3' title="bbox 3327 359 3432 415">
     <span class='ocr_line' id='line_1_3' title="bbox 3327 359 3432 415; baseline -0.01 0"><span class='ocrx_word' id='word_1_7' title='bbox 3327 359 3432 415; x_wconf 75' lang='grc'><strong>958</strong></span> 
     </span>
    </p>
   </div>
   <div class='ocr_carea' id='block_1_4' title="bbox 156 456 1737 541">
    <p class='ocr_par' dir='ltr' id='par_1_4' title="bbox 156 456 1715 536">
     <span class='ocr_line' id='line_1_4' title="bbox 156 456 1715 536; baseline 0.006 -29"><span class='ocrx_word' id='word_1_8' title='bbox 156 456 351 509; x_wconf 83' lang='grc' dir='ltr'>πάντα</span> <span class='ocrx_word' id='word_1_9' title='bbox 377 496 393 521; x_wconf 92' lang='grc'><strong>,</strong></span> <span class='ocrx_word' id='word_1_10' title='bbox 452 457 705 532; x_wconf 83' lang='grc' dir='ltr'>καθάπερ</span> <span class='ocrx_word' id='word_1_11' title='bbox 755 463 835 527; x_wconf 85' lang='grc' dir='ltr'><strong>εἰς</strong></span> <span class='ocrx_word' id='word_1_12' title='bbox 909 462 1158 535; x_wconf 77' lang='grc' dir='ltr'><strong>πυθμένα</strong></span> <span class='ocrx_word' id='word_1_13' title='bbox 1217 464 1715 536; x_wconf 79' lang='grc' dir='ltr'>παντοκρατορικὸν</span> 
     </span>
    </p>
   </div>
   <div class='ocr_carea' id='block_1_5' title="bbox 1841 456 3436 541">
    <p class='ocr_par' dir='ltr' id='par_1_5' title="bbox 1862 468 3436 541">
     <span class='ocr_line' id='line_1_5' title="bbox 1862 468 3436 541; baseline 0.01 -23"><span class='ocrx_word' id='word_1_14' title='bbox 1862 468 2230 533; x_wconf 89' lang='lat' dir='ltr'><strong>onmitenens,</strong></span> <span class='ocrx_word' id='word_1_15' title='bbox 2261 470 2518 526; x_wconf 86' lang='lat' dir='ltr'><strong>universa</strong></span> <span class='ocrx_word' id='word_1_16' title='bbox 2550 479 2910 539; x_wconf 87' lang='lat' dir='ltr'><strong>convertens,</strong></span> <span class='ocrx_word' id='word_1_17' title='bbox 2941 480 2998 528; x_wconf 86' lang='lat' dir='ltr'><strong>et</strong></span> <span class='ocrx_word' id='word_1_18' title='bbox 3024 478 3310 533; x_wconf 88' lang='lat' dir='ltr'><strong>continens</strong></span> <span class='ocrx_word' id='word_1_19' title='bbox 3330 517 3344 541; x_wconf 91' lang='lat'><strong>,</strong></span> <span class='ocrx_word' id='word_1_20' title='bbox 3378 486 3436 533; x_wconf 87' lang='lat' dir='ltr'><strong>ut</strong></span> 
     </span>
    </p>
   </div>
   <div class='ocr_carea' id='block_1_6' title="bbox 154 550 1737 634">
    <p class='ocr_par' dir='ltr' id='par_1_6' title="bbox 154 550 1737 628">
     <span class='ocr_line' id='line_1_6' title="bbox 154 550 1737 628; baseline 0.007 -28"><span class='ocrx_word' id='word_1_21' title='bbox 154 550 606 623; x_wconf 81' lang='grc' dir='ltr'><strong>ἐπιστρέφουσαν</strong></span> <span class='ocrx_word' id='word_1_22' title='bbox 661 556 755 611; x_wconf 76' lang='grc' dir='ltr'>καὶ</span> <span class='ocrx_word' id='word_1_23' title='bbox 807 557 1136 628; x_wconf 80' lang='grc' dir='ltr'><strong>συνέχουσαν</strong></span> <span class='ocrx_word' id='word_1_24' title='bbox 1185 557 1323 611; x_wconf 83' lang='grc' dir='ltr'>αὐτὰ</span> <span class='ocrx_word' id='word_1_25' title='bbox 1349 599 1365 623; x_wconf 93' lang='grc'><strong>,</strong></span> <span class='ocrx_word' id='word_1_26' title='bbox 1412 558 1489 621; x_wconf 86' lang='grc' dir='ltr'>ὼς</span> <span class='ocrx_word' id='word_1_27' title='bbox 1540 558 1737 612; x_wconf 67' lang='grc' dir='ltr'>πάντωε</span> 
     </span>
    </p>
   </div>
   <div class='ocr_carea' id='block_1_7' title="bbox 1841 550 3433 634">
    <p class='ocr_par' dir='ltr' id='par_1_7' title="bbox 1861 560 3433 634">
     <span class='ocr_line' id='line_1_7' title="bbox 1861 560 3433 634; baseline 0.007 -21"><span class='ocrx_word' id='word_1_28' title='bbox 1861 560 2104 613; x_wconf 90' lang='lat' dir='ltr'><strong>omnium</strong></span> <span class='ocrx_word' id='word_1_29' title='bbox 2153 561 2309 616; x_wconf 84' lang='lat' dir='ltr'><strong>sedes</strong></span> <span class='ocrx_word' id='word_1_30' title='bbox 2352 563 2715 634; x_wconf 80' lang='lat' dir='ltr'><strong>omnicapax,</strong></span> <span class='ocrx_word' id='word_1_31' title='bbox 2766 565 2951 621; x_wconf 87' lang='lat' dir='ltr'><strong>omnia</strong></span> <span class='ocrx_word' id='word_1_32' title='bbox 3004 577 3265 622; x_wconf 90' lang='lat' dir='ltr'><strong>contenta</strong></span> <span class='ocrx_word' id='word_1_33' title='bbox 3326 585 3433 624; x_wconf 79' lang='lat' dir='ltr'><strong>una</strong></span> 
     </span>
    </p>
   </div>
   <div class='ocr_carea' id='block_1_8' title="bbox 153 641 1756 722">
    <p class='ocr_par' dir='ltr' id='par_1_8' title="bbox 153 641 1756 722">
     <span class='ocr_line' id='line_1_8' title="bbox 153 641 1756 722; baseline 0.007 -29"><span class='ocrx_word' id='word_1_34' title='bbox 153 641 335 713; x_wconf 76' lang='grc' dir='ltr'>ἕδραν</span> <span class='ocrx_word' id='word_1_35' title='bbox 378 648 702 719; x_wconf 85' lang='grc' dir='ltr'>παγκρατῆ,</span> <span class='ocrx_word' id='word_1_36' title='bbox 750 648 820 702; x_wconf 83' lang='grc' dir='ltr'><strong>τά</strong></span> <span class='ocrx_word' id='word_1_37' title='bbox 866 651 1196 721; x_wconf 89' lang='grc' dir='ltr'>συνεχόμενα</span> <span class='ocrx_word' id='word_1_38' title='bbox 1233 651 1410 704; x_wconf 86' lang='grc' dir='ltr'>πάντα</span> <span class='ocrx_word' id='word_1_39' title='bbox 1442 650 1581 704; x_wconf 86' lang='grc' dir='ltr'>κατὰ</span> <span class='ocrx_word' id='word_1_40' title='bbox 1627 652 1756 722; x_wconf 85' lang='grc' dir='ltr'>μίαν</span> 
     </span>
    </p>
   </div>
   <div class='ocr_carea' id='block_1_9' title="bbox 153 734 1755 816">
    <p class='ocr_par' dir='ltr' id='par_1_9' title="bbox 153 734 1755 816">
     <span class='ocr_line' id='line_1_9' title="bbox 153 734 1755 816; baseline 0.007 -30"><span class='ocrx_word' id='word_1_41' title='bbox 153 734 545 809; x_wconf 78' lang='grc' dir='ltr'>ὑπερέχουσαν</span> <span class='ocrx_word' id='word_1_42' title='bbox 578 741 757 796; x_wconf 85' lang='grc' dir='ltr'>πάντα</span> <span class='ocrx_word' id='word_1_43' title='bbox 790 742 1018 815; x_wconf 84' lang='grc' dir='ltr'><strong>συνοχὴν</strong></span> <span class='ocrx_word' id='word_1_44' title='bbox 1041 741 1501 816; x_wconf 80' lang='grc' dir='ltr'>ἀσφαλιζομένην,</span> <span class='ocrx_word' id='word_1_45' title='bbox 1533 744 1627 797; x_wconf 72' lang='grc' dir='ltr'><strong>καὶ</strong></span> <span class='ocrx_word' id='word_1_46' title='bbox 1654 745 1755 798; x_wconf 81' lang='grc' dir='ltr'>οὐκ</span> 
     </span>
    </p>
   </div>
   <div class='ocr_carea' id='block_1_10' title="bbox 152 824 1756 905">
    <p class='ocr_par' dir='ltr' id='par_1_10' title="bbox 152 824 1756 905">
     <span class='ocr_line' id='line_1_10' title="bbox 152 824 1756 905; baseline 0.007 -28"><span class='ocrx_word' id='word_1_47' title='bbox 152 824 347 881; x_wconf 79' lang='grc' dir='ltr'>ἐῶσαν</span> <span class='ocrx_word' id='word_1_48' title='bbox 380 828 521 883; x_wconf 85' lang='grc' dir='ltr'>αὐτά</span> <span class='ocrx_word' id='word_1_49' title='bbox 550 830 903 887; x_wconf 87' lang='grc' dir='ltr'>διεκπεσόντα</span> <span class='ocrx_word' id='word_1_50' title='bbox 948 835 1180 905; x_wconf 76' lang='grc' dir='ltr'>ἑαυτῆς,</span> <span class='ocrx_word' id='word_1_51' title='bbox 1227 834 1303 898; x_wconf 86' lang='grc' dir='ltr'><strong>ὡς</strong></span> <span class='ocrx_word' id='word_1_52' title='bbox 1347 837 1413 888; x_wconf 82' lang='grc' dir='ltr'>ὲκ</span> <span class='ocrx_word' id='word_1_53' title='bbox 1458 834 1756 899; x_wconf 76' lang='grc' dir='ltr'><strong>παντελοῦς</strong></span> 
     </span>
    </p>
   </div>
   <div class='ocr_carea' id='block_1_11' title="bbox 154 916 1753 996">
    <p class='ocr_par' dir='ltr' id='par_1_11' title="bbox 154 916 1753 996">
     <span class='ocr_line' id='line_1_11' title="bbox 154 916 1753 996; baseline 0.006 -27"><span class='ocrx_word' id='word_1_54' title='bbox 154 916 357 982; x_wconf 75' lang='grc' dir='ltr'>ἑστίας</span> <span class='ocrx_word' id='word_1_55' title='bbox 389 921 703 993; x_wconf 84' lang='grc' dir='ltr'>κινούμενα,</span> <span class='ocrx_word' id='word_1_56' title='bbox 741 925 1175 996; x_wconf 86' lang='grc' dir='ltr'>παραπολέσθαι.</span> <span class='ocrx_word' id='word_1_57' title='bbox 1214 925 1445 994; x_wconf 82' lang='grc' dir='ltr'><strong>Λέγεται</strong></span> <span class='ocrx_word' id='word_1_58' title='bbox 1476 926 1534 980; x_wconf 84' lang='grc' dir='ltr'>δὲ</span> <span class='ocrx_word' id='word_1_59' title='bbox 1554 944 1753 980; x_wconf 87' lang='grc' dir='ltr'>παντο-</span> 
     </span>
    </p>
   </div>
   <div class='ocr_carea' id='block_1_12' title="bbox 154 1011 1754 1088">
    <p class='ocr_par' dir='ltr' id='par_1_12' title="bbox 154 1011 1754 1088">
     <span class='ocr_line' id='line_1_12' title="bbox 154 1011 1754 1088; baseline 0.005 -26"><span class='ocrx_word' id='word_1_60' title='bbox 154 1011 393 1082; x_wconf 87' lang='grc' dir='ltr'>κράτωρ</span> <span class='ocrx_word' id='word_1_61' title='bbox 426 1015 458 1085; x_wconf 79' lang='grc' dir='ltr'>ἡ</span> <span class='ocrx_word' id='word_1_62' title='bbox 495 1013 725 1086; x_wconf 87' lang='grc' dir='ltr'>θεαρχία</span> <span class='ocrx_word' id='word_1_63' title='bbox 778 1015 872 1069; x_wconf 76' lang='grc' dir='ltr'><strong>καὶ</strong></span> <span class='ocrx_word' id='word_1_64' title='bbox 916 1016 993 1081; x_wconf 85' lang='grc' dir='ltr'><strong>ὡς</strong></span> <span class='ocrx_word' id='word_1_65' title='bbox 1034 1017 1252 1071; x_wconf 84' lang='grc' dir='ltr'>πάντων</span> <span class='ocrx_word' id='word_1_66' title='bbox 1296 1016 1607 1088; x_wconf 80' lang='grc' dir='ltr'><strong>κρατοῦσα,</strong></span> <span class='ocrx_word' id='word_1_67' title='bbox 1658 1016 1754 1070; x_wconf 79' lang='grc' dir='ltr'>καὶ</span> 
     </span>
    </p>
   </div>
   <div class='ocr_carea' id='block_1_13' title="bbox 151 1102 1752 1181">
    <p class='ocr_par' dir='ltr' id='par_1_13' title="bbox 151 1102 1752 1181">
     <span class='ocr_line' id='line_1_13' title="bbox 151 1102 1752 1181; baseline 0.005 -27"><span class='ocrx_word' id='word_1_68' title='bbox 151 1102 383 1173; x_wconf 85' lang='grc' dir='ltr'>ἀμιγῶς</span> <span class='ocrx_word' id='word_1_69' title='bbox 414 1109 529 1171; x_wconf 78' lang='grc' dir='ltr'>τοῖς</span> <span class='ocrx_word' id='word_1_70' title='bbox 555 1108 946 1181; x_wconf 81' lang='grc' dir='ltr'><strong>διοικουμένοις</strong></span> <span class='ocrx_word' id='word_1_71' title='bbox 986 1109 1386 1181; x_wconf 72' lang='grc' dir='ltr'>ὲπάρχουσαοι,</span> <span class='ocrx_word' id='word_1_72' title='bbox 1422 1109 1517 1163; x_wconf 74' lang='grc' dir='ltr'>καὶ</span> <span class='ocrx_word' id='word_1_73' title='bbox 1540 1109 1615 1172; x_wconf 84' lang='grc' dir='ltr'>ὡς</span> <span class='ocrx_word' id='word_1_74' title='bbox 1644 1110 1752 1162; x_wconf 80' lang='grc' dir='ltr'><strong>πᾶ-</strong></span> 
     </span>
    </p>
   </div>
   <div class='ocr_carea' id='block_1_14' title="bbox 154 1197 1753 1271">
    <p class='ocr_par' dir='ltr' id='par_1_14' title="bbox 154 1197 1753 1271">
     <span class='ocr_line' id='line_1_14' title="bbox 154 1197 1753 1271; baseline 0.006 -25"><span class='ocrx_word' id='word_1_75' title='bbox 154 1211 251 1246; x_wconf 90' lang='grc' dir='ltr'><strong>σιν</strong></span> <span class='ocrx_word' id='word_1_76' title='bbox 295 1197 465 1269; x_wconf 82' lang='grc' dir='ltr'>ὲφετὴ</span> <span class='ocrx_word' id='word_1_77' title='bbox 500 1200 594 1252; x_wconf 81' lang='grc' dir='ltr'>καὶ</span> <span class='ocrx_word' id='word_1_78' title='bbox 637 1200 940 1271; x_wconf 76' lang='grc' dir='ltr'><strong>ἐπέραστος</strong></span> <span class='ocrx_word' id='word_1_79' title='bbox 978 1197 1113 1254; x_wconf 81' lang='grc' dir='ltr'>οὖσα</span> <span class='ocrx_word' id='word_1_80' title='bbox 1138 1242 1152 1266; x_wconf 95' lang='grc'><strong>,</strong></span> <span class='ocrx_word' id='word_1_81' title='bbox 1198 1202 1292 1255; x_wconf 69' lang='grc' dir='ltr'>καὶ</span> <span class='ocrx_word' id='word_1_82' title='bbox 1332 1201 1692 1256; x_wconf 78' lang='grc' dir='ltr'>έπιϐάλλουσα</span> <span class='ocrx_word' id='word_1_83' title='bbox 1707 1202 1753 1234; x_wconf 76' lang='grc'><strong><em>⁸⁸</em></strong></span> 
     </span>
    </p>
   </div>
   <div class='ocr_carea' id='block_1_15' title="bbox 152 1287 1753 1363">
    <p class='ocr_par' dir='ltr' id='par_1_15' title="bbox 152 1287 1753 1363">
     <span class='ocr_line' id='line_1_15' title="bbox 152 1287 1753 1363; baseline 0.003 -23"><span class='ocrx_word' id='word_1_84' title='bbox 152 1287 299 1341; x_wconf 81' lang='grc' dir='ltr'>πᾶσι</span> <span class='ocrx_word' id='word_1_85' title='bbox 332 1288 462 1353; x_wconf 83' lang='grc' dir='ltr'>τοὺς</span> <span class='ocrx_word' id='word_1_86' title='bbox 487 1291 825 1357; x_wconf 81' lang='grc' dir='ltr'>ἐθελουσίους</span> <span class='ocrx_word' id='word_1_87' title='bbox 857 1292 1077 1363; x_wconf 80' lang='grc' dir='ltr'>ζυγοὺς,</span> <span class='ocrx_word' id='word_1_88' title='bbox 1108 1294 1203 1346; x_wconf 66' lang='grc' dir='ltr'><strong>καί¹</strong></span> <span class='ocrx_word' id='word_1_89' title='bbox 1233 1292 1333 1358; x_wconf 85' lang='grc' dir='ltr'><strong>τὰς</strong></span> <span class='ocrx_word' id='word_1_90' title='bbox 1348 1294 1603 1363; x_wconf 82' lang='grc' dir='ltr'>γλυκείας</span> <span class='ocrx_word' id='word_1_91' title='bbox 1627 1294 1753 1347; x_wconf 84' lang='grc' dir='ltr'>ὠδῖ-</span> 
     </span>
    </p>
   </div>
   <div class='ocr_carea' id='block_1_16' title="bbox 151 1382 1754 1461">
    <p class='ocr_par' dir='ltr' id='par_1_16' title="bbox 151 1382 1754 1461">
     <span class='ocr_line' id='line_1_16' title="bbox 151 1382 1754 1461; baseline 0.005 -28"><span class='ocrx_word' id='word_1_92' title='bbox 151 1397 262 1445; x_wconf 87' lang='grc' dir='ltr'><strong>νας</strong></span> <span class='ocrx_word' id='word_1_93' title='bbox 291 1383 389 1436; x_wconf 80' lang='grc' dir='ltr'>τοῦ</span> <span class='ocrx_word' id='word_1_94' title='bbox 415 1382 562 1437; x_wconf 88' lang='grc' dir='ltr'>θείου</span> <span class='ocrx_word' id='word_1_95' title='bbox 594 1387 689 1439; x_wconf 72' lang='grc' dir='ltr'>καὶ</span> <span class='ocrx_word' id='word_1_96' title='bbox 715 1387 1219 1461; x_wconf 83' lang='grc' dir='ltr'>παντοκρατορικοῦ</span> <span class='ocrx_word' id='word_1_97' title='bbox 1247 1388 1341 1443; x_wconf 74' lang='grc' dir='ltr'>καὶ</span> <span class='ocrx_word' id='word_1_98' title='bbox 1368 1386 1565 1443; x_wconf 90' lang='grc' dir='ltr'>ἀλύτου</span> <span class='ocrx_word' id='word_1_99' title='bbox 1580 1389 1626 1421; x_wconf 79' lang='grc'><strong>⁸³</strong></span> <span class='ocrx_word' id='word_1_100' title='bbox 1650 1387 1754 1460; x_wconf 79' lang='grc' dir='ltr'>τῆς</span> 
     </span>
    </p>
   </div>
   <div class='ocr_carea' id='block_1_17' title="bbox 149 1473 954 1551">
    <p class='ocr_par' dir='ltr' id='par_1_17' title="bbox 149 1473 954 1551">
     <span class='ocr_line' id='line_1_17' title="bbox 149 1473 954 1551; baseline 0.011 -24"><span class='ocrx_word' id='word_1_101' title='bbox 149 1473 503 1548; x_wconf 86' lang='grc' dir='ltr'>ἀγαθότητος</span> <span class='ocrx_word' id='word_1_102' title='bbox 528 1477 701 1550; x_wconf 82' lang='grc' dir='ltr'>αὐτῆς</span> <span class='ocrx_word' id='word_1_103' title='bbox 732 1478 954 1551; x_wconf 80' lang='grc' dir='ltr'>ἔρωτος.</span> 
     </span>
    </p>
   </div>
   <div class='ocr_carea' id='block_1_18' title="bbox 1862 653 3435 731">
    <p class='ocr_par' dir='ltr' id='par_1_18' title="bbox 1862 653 3435 731">
     <span class='ocr_line' id='line_1_18' title="bbox 1862 653 3435 731; baseline 0.007 -24"><span class='ocrx_word' id='word_1_104' title='bbox 1862 653 2191 723; x_wconf 70' lang='lat' dir='ltr'><strong>prtecellenti</strong></span> <span class='ocrx_word' id='word_1_105' title='bbox 2230 657 2571 712; x_wconf 75' lang='lat' dir='ltr'><strong>connexione</strong></span> <span class='ocrx_word' id='word_1_106' title='bbox 2612 660 3010 725; x_wconf 89' lang='lat' dir='ltr'><strong>communiens,</strong></span> <span class='ocrx_word' id='word_1_107' title='bbox 3040 676 3215 731; x_wconf 91' lang='lat' dir='ltr'><strong>neque</strong></span> <span class='ocrx_word' id='word_1_108' title='bbox 3246 660 3435 719; x_wconf 82' lang='lat' dir='ltr'><strong>sinens</strong></span> 
     </span>
    </p>
   </div>
   <div class='ocr_carea' id='block_1_19' title="bbox 1861 743 3430 817">
    <p class='ocr_par' dir='ltr' id='par_1_19' title="bbox 1861 743 3430 817">
     <span class='ocr_line' id='line_1_19' title="bbox 1861 743 3430 817; baseline 0.003 -19"><span class='ocrx_word' id='word_1_109' title='bbox 1861 758 1924 798; x_wconf 85' lang='lat' dir='ltr'><strong>ea</strong></span> <span class='ocrx_word' id='word_1_110' title='bbox 1950 743 2054 799; x_wconf 84' lang='lat' dir='ltr'><strong>sibi</strong></span> <span class='ocrx_word' id='word_1_111' title='bbox 2081 744 2352 810; x_wconf 79' lang='lat' dir='ltr'><strong>excidere,</strong></span> <span class='ocrx_word' id='word_1_112' title='bbox 2385 761 2476 810; x_wconf 91' lang='lat' dir='ltr'><strong>ne,</strong></span> <span class='ocrx_word' id='word_1_113' title='bbox 2509 755 2767 817; x_wconf 79' lang='lat' dir='ltr'><strong>tanquam</strong></span> <span class='ocrx_word' id='word_1_114' title='bbox 2799 748 3039 817; x_wconf 83' lang='lat' dir='ltr'><strong>perfecta</strong></span> <span class='ocrx_word' id='word_1_115' title='bbox 3070 752 3234 805; x_wconf 92' lang='lat' dir='ltr'><strong>domo</strong></span> <span class='ocrx_word' id='word_1_116' title='bbox 3262 761 3430 806; x_wconf 86' lang='lat' dir='ltr'><strong>mota.</strong></span> 
     </span>
    </p>
   </div>
   <div class='ocr_carea' id='block_1_20' title="bbox 1860 836 3435 908">
    <p class='ocr_par' dir='ltr' id='par_1_20' title="bbox 1860 836 3435 908">
     <span class='ocr_line' id='line_1_20' title="bbox 1860 836 3435 908; baseline 0.005 -19"><span class='ocrx_word' id='word_1_117' title='bbox 1860 836 2194 903; x_wconf 85' lang='lat' dir='ltr'><strong>dispereant.</strong></span> <span class='ocrx_word' id='word_1_118' title='bbox 2259 837 2469 893; x_wconf 91' lang='lat' dir='ltr'><strong>Dicitur</strong></span> <span class='ocrx_word' id='word_1_119' title='bbox 2514 849 2694 894; x_wconf 88' lang='lat' dir='ltr'><strong>autem</strong></span> <span class='ocrx_word' id='word_1_120' title='bbox 2745 841 3096 896; x_wconf 85' lang='lat' dir='ltr'><strong>onmitenens</strong></span> <span class='ocrx_word' id='word_1_121' title='bbox 3138 840 3321 908; x_wconf 90' lang='lat' dir='ltr'><strong>Deus,</strong></span> <span class='ocrx_word' id='word_1_122' title='bbox 3373 852 3435 897; x_wconf 88' lang='lat' dir='ltr'><strong>ut</strong></span> 
     </span>
    </p>
   </div>
   <div class='ocr_carea' id='block_1_21' title="bbox 1857 930 3432 1007">
    <p class='ocr_par' dir='ltr' id='par_1_21' title="bbox 1857 930 3432 1007">
     <span class='ocr_line' id='line_1_21' title="bbox 1857 930 3432 1007; baseline 0.004 -22"><span class='ocrx_word' id='word_1_123' title='bbox 1857 930 2041 985; x_wconf 83' lang='lat' dir='ltr'><strong>omnia</strong></span> <span class='ocrx_word' id='word_1_124' title='bbox 2070 930 2354 985; x_wconf 85' lang='lat' dir='ltr'><strong>dominatu</strong></span> <span class='ocrx_word' id='word_1_125' title='bbox 2397 946 2496 987; x_wconf 90' lang='lat' dir='ltr'><strong>suo</strong></span> <span class='ocrx_word' id='word_1_126' title='bbox 2534 944 2757 998; x_wconf 89' lang='lat' dir='ltr'><strong>tenens,</strong></span> <span class='ocrx_word' id='word_1_127' title='bbox 2785 944 2840 989; x_wconf 91' lang='lat' dir='ltr'><strong>et</strong></span> <span class='ocrx_word' id='word_1_128' title='bbox 2863 936 2955 1004; x_wconf 90' lang='lat' dir='ltr'><strong>qui</strong></span> <span class='ocrx_word' id='word_1_129' title='bbox 2990 936 3057 991; x_wconf 81' lang='lat' dir='ltr'><strong>i‘is</strong></span> <span class='ocrx_word' id='word_1_130' title='bbox 3090 951 3209 1006; x_wconf 78' lang='lat' dir='ltr'><strong>qua:</strong></span> <span class='ocrx_word' id='word_1_131' title='bbox 3235 938 3432 1007; x_wconf 77' lang='lat' dir='ltr'><strong>guber-</strong></span> 
     </span>
    </p>
   </div>
   <div class='ocr_carea' id='block_1_22' title="bbox 1860 1022 3431 1091">
    <p class='ocr_par' dir='ltr' id='par_1_22' title="bbox 1860 1022 3431 1091">
     <span class='ocr_line' id='line_1_22' title="bbox 1860 1022 3431 1091; baseline 0.006 -16"><span class='ocrx_word' id='word_1_132' title='bbox 1860 1031 1955 1076; x_wconf 86' lang='lat' dir='ltr'><strong>nat</strong></span> <span class='ocrx_word' id='word_1_133' title='bbox 1981 1031 2179 1091; x_wconf 68' lang='lat' dir='ltr'><strong>praeest</strong></span> <span class='ocrx_word' id='word_1_134' title='bbox 2205 1022 2463 1089; x_wconf 89' lang='lat' dir='ltr'><strong>immiste,</strong></span> <span class='ocrx_word' id='word_1_135' title='bbox 2490 1032 2546 1078; x_wconf 92' lang='lat' dir='ltr'><strong>et</strong></span> <span class='ocrx_word' id='word_1_136' title='bbox 2569 1032 2628 1078; x_wconf 92' lang='lat' dir='ltr'><strong>ut</strong></span> <span class='ocrx_word' id='word_1_137' title='bbox 2654 1026 2906 1081; x_wconf 91' lang='lat' dir='ltr'><strong>omnibus</strong></span> <span class='ocrx_word' id='word_1_138' title='bbox 2944 1026 3326 1084; x_wconf 81' lang='lat' dir='ltr'><strong>desiderabilis</strong></span> <span class='ocrx_word' id='word_1_139' title='bbox 3373 1040 3431 1084; x_wconf 90' lang='lat' dir='ltr'><strong>et</strong></span> 
     </span>
    </p>
   </div>
   <div class='ocr_carea' id='block_1_23' title="bbox 1857 1113 3432 1190">
    <p class='ocr_par' dir='ltr' id='par_1_23' title="bbox 1857 1113 3432 1190">
     <span class='ocr_line' id='line_1_23' title="bbox 1857 1113 3432 1190; baseline 0.006 -24"><span class='ocrx_word' id='word_1_140' title='bbox 1857 1113 2129 1180; x_wconf 82' lang='lat' dir='ltr'><strong>amabilis,</strong></span> <span class='ocrx_word' id='word_1_141' title='bbox 2159 1115 2450 1170; x_wconf 89' lang='lat' dir='ltr'><strong>etcunctis</strong></span> <span class='ocrx_word' id='word_1_142' title='bbox 2490 1115 2621 1187; x_wconf 76' lang='lat' dir='ltr'><strong>juga</strong></span> <span class='ocrx_word' id='word_1_143' title='bbox 2669 1117 2977 1173; x_wconf 89' lang='lat' dir='ltr'><strong>voluntaria</strong></span> <span class='ocrx_word' id='word_1_144' title='bbox 3027 1120 3344 1190; x_wconf 87' lang='lat' dir='ltr'><strong>imponens,</strong></span> <span class='ocrx_word' id='word_1_145' title='bbox 3375 1132 3432 1175; x_wconf 89' lang='lat' dir='ltr'><strong>et</strong></span> 
     </span>
    </p>
   </div>
   <div class='ocr_carea' id='block_1_24' title="bbox 1858 1206 3425 1281">
    <p class='ocr_par' dir='ltr' id='par_1_24' title="bbox 1858 1206 3425 1281">
     <span class='ocr_line' id='line_1_24' title="bbox 1858 1206 3425 1281; baseline 0.006 -21"><span class='ocrx_word' id='word_1_146' title='bbox 1858 1206 2044 1261; x_wconf 89' lang='lat' dir='ltr'><strong>dulces</strong></span> <span class='ocrx_word' id='word_1_147' title='bbox 2070 1208 2459 1276; x_wconf 87' lang='lat' dir='ltr'><strong>parturitiones</strong></span> <span class='ocrx_word' id='word_1_148' title='bbox 2486 1209 2691 1263; x_wconf 85' lang='lat' dir='ltr'><strong>amoris</strong></span> <span class='ocrx_word' id='word_1_149' title='bbox 2715 1211 2885 1267; x_wconf 88' lang='lat' dir='ltr'><strong>divini</strong></span> <span class='ocrx_word' id='word_1_150' title='bbox 2916 1220 2973 1269; x_wconf 85' lang='lat' dir='ltr'><strong>et</strong></span> <span class='ocrx_word' id='word_1_151' title='bbox 3006 1214 3425 1281; x_wconf 79' lang='lat' dir='ltr'><strong>omnitenentis,</strong></span> 
     </span>
    </p>
   </div>
   <div class='ocr_carea' id='block_1_25' title="bbox 1856 1296 2753 1368">
    <p class='ocr_par' dir='ltr' id='par_1_25' title="bbox 1856 1296 2753 1368">
     <span class='ocr_line' id='line_1_25' title="bbox 1856 1296 2753 1368; baseline 0.004 -15"><span class='ocrx_word' id='word_1_152' title='bbox 1856 1307 1915 1354; x_wconf 89' lang='lat' dir='ltr'><strong>et</strong></span> <span class='ocrx_word' id='word_1_153' title='bbox 1939 1296 2241 1354; x_wconf 89' lang='lat' dir='ltr'><strong>insolubilis</strong></span> <span class='ocrx_word' id='word_1_154' title='bbox 2265 1298 2437 1368; x_wconf 87' lang='lat' dir='ltr'><strong>ipsius</strong></span> <span class='ocrx_word' id='word_1_155' title='bbox 2469 1300 2753 1357; x_wconf 74' lang='lat' dir='ltr'><strong>bonitatis.</strong></span> 
     </span>
    </p>
   </div>
   <div class='ocr_carea' id='block_1_26' title="bbox 1726 1598 1871 1677">
    <p class='ocr_par' dir='ltr' id='par_1_26' title="bbox 1726 1598 1871 1677">
     <span class='ocr_line' id='line_1_26' title="bbox 1726 1598 1871 1677; baseline -0.048 -16"><span class='ocrx_word' id='word_1_156' title='bbox 1726 1602 1755 1677; x_wconf 69' lang='grc' dir='ltr'><strong>ς</strong></span> <span class='ocrx_word' id='word_1_157' title='bbox 1791 1598 1871 1660; x_wconf 82' lang='lat'><strong>11.</strong></span> 
     </span>
    </p>
   </div>
   <div class='ocr_carea' id='block_1_27' title="bbox 242 1738 1737 1816">
    <p class='ocr_par' dir='ltr' id='par_1_27' title="bbox 242 1739 1737 1816">
     <span class='ocr_line' id='line_1_27' title="bbox 242 1739 1737 1816; baseline 0.003 -23"><span class='ocrx_word' id='word_1_158' title='bbox 242 1739 503 1813; x_wconf 87' lang='grc' dir='ltr'>Ἦμερῶν</span> <span class='ocrx_word' id='word_1_159' title='bbox 533 1741 590 1796; x_wconf 80' lang='grc' dir='ltr'>δὲ</span> <span class='ocrx_word' id='word_1_160' title='bbox 626 1741 857 1808; x_wconf 81' lang='grc' dir='ltr'>παλαιὸς</span> <span class='ocrx_word' id='word_1_161' title='bbox 886 1746 915 1798; x_wconf 86' lang='grc' dir='ltr'><strong>ό</strong></span> <span class='ocrx_word' id='word_1_162' title='bbox 939 1743 1072 1809; x_wconf 79' lang='grc' dir='ltr'>Θεὸς</span> <span class='ocrx_word' id='word_1_163' title='bbox 1104 1745 1353 1816; x_wconf 79' lang='grc' dir='ltr'>ὑμνεῖται</span> <span class='ocrx_word' id='word_1_164' title='bbox 1385 1743 1475 1799; x_wconf 83' lang='grc' dir='ltr'><strong>διὰ</strong></span> <span class='ocrx_word' id='word_1_165' title='bbox 1511 1743 1574 1798; x_wconf 78' lang='grc' dir='ltr'><strong>τὸ</strong></span> <span class='ocrx_word' id='word_1_166' title='bbox 1611 1744 1737 1799; x_wconf 88' lang='grc' dir='ltr'>πάν-</span> 
     </span>
    </p>
   </div>
   <div class='ocr_carea' id='block_1_28' title="bbox 1841 1738 3426 1816">
    <p class='ocr_par' dir='ltr' id='par_1_28' title="bbox 1918 1738 3426 1814">
     <span class='ocr_line' id='line_1_28' title="bbox 1918 1738 3426 1814; baseline -0.004 -18"><span class='ocrx_word' id='word_1_167' title='bbox 1918 1738 2079 1810; x_wconf 77' lang='lat'><strong>502</strong></span> <span class='ocrx_word' id='word_1_168' title='bbox 2116 1738 2393 1795; x_wconf 80' lang='lat' dir='ltr'><strong>Laudatur</strong></span> <span class='ocrx_word' id='word_1_169' title='bbox 2427 1748 2606 1796; x_wconf 90' lang='lat' dir='ltr'><strong>autem</strong></span> <span class='ocrx_word' id='word_1_170' title='bbox 2649 1741 2793 1797; x_wconf 91' lang='lat' dir='ltr'><strong>Deus</strong></span> <span class='ocrx_word' id='word_1_171' title='bbox 2837 1742 2906 1796; x_wconf 88' lang='lat' dir='ltr'><strong>ab</strong></span> <span class='ocrx_word' id='word_1_172' title='bbox 2955 1742 3277 1814; x_wconf 84' lang='lat' dir='ltr'><strong>antiquitate</strong></span> <span class='ocrx_word' id='word_1_173' title='bbox 3311 1746 3426 1802; x_wconf 83' lang='lat' dir='ltr'><strong>die-</strong></span> 
     </span>
    </p>
   </div>
   <div class='ocr_carea' id='block_1_29' title="bbox 148 1830 1750 1909">
    <p class='ocr_par' dir='ltr' id='par_1_29' title="bbox 148 1830 1750 1909">
     <span class='ocr_line' id='line_1_29' title="bbox 148 1830 1750 1909; baseline 0.002 -24"><span class='ocrx_word' id='word_1_174' title='bbox 148 1847 268 1885; x_wconf 88' lang='grc' dir='ltr'><strong>των</strong></span> <span class='ocrx_word' id='word_1_175' title='bbox 300 1832 464 1887; x_wconf 80' lang='grc' dir='ltr'>αὐτὸν</span> <span class='ocrx_word' id='word_1_176' title='bbox 509 1830 646 1889; x_wconf 77' lang='grc' dir='ltr'>εῖναι</span> <span class='ocrx_word' id='word_1_177' title='bbox 691 1835 789 1890; x_wconf 63' lang='grc' dir='ltr'><strong>καὶ⁹</strong></span> <span class='ocrx_word' id='word_1_178' title='bbox 833 1837 1007 1892; x_wconf 82' lang='grc' dir='ltr'>αἰῶνα</span> <span class='ocrx_word' id='word_1_179' title='bbox 1026 1878 1041 1902; x_wconf 90' lang='grc'><strong>,</strong></span> <span class='ocrx_word' id='word_1_180' title='bbox 1090 1838 1185 1891; x_wconf 77' lang='grc' dir='ltr'>καὶ</span> <span class='ocrx_word' id='word_1_181' title='bbox 1229 1835 1420 1909; x_wconf 85' lang='grc' dir='ltr'>χρόνον</span> <span class='ocrx_word' id='word_1_182' title='bbox 1439 1878 1455 1903; x_wconf 90' lang='grc'><strong>,</strong></span> <span class='ocrx_word' id='word_1_183' title='bbox 1502 1837 1598 1891; x_wconf 77' lang='grc' dir='ltr'>καὶ</span> <span class='ocrx_word' id='word_1_184' title='bbox 1642 1835 1750 1907; x_wconf 81' lang='grc' dir='ltr'>πρὸ</span> 
     </span>
    </p>
   </div>
   <div class='ocr_carea' id='block_1_30' title="bbox 148 1922 1749 2002">
    <p class='ocr_par' dir='ltr' id='par_1_30' title="bbox 148 1922 1749 2002">
     <span class='ocr_line' id='line_1_30' title="bbox 148 1922 1749 2002; baseline 0.004 -27"><span class='ocrx_word' id='word_1_185' title='bbox 148 1922 423 1995; x_wconf 78' lang='grc' dir='ltr'>ἡμερῶν,</span> <span class='ocrx_word' id='word_1_186' title='bbox 458 1926 555 1979; x_wconf 78' lang='grc' dir='ltr'>καὶ</span> <span class='ocrx_word' id='word_1_187' title='bbox 587 1925 695 1999; x_wconf 82' lang='grc' dir='ltr'>πρὸ</span> <span class='ocrx_word' id='word_1_188' title='bbox 739 1926 968 1995; x_wconf 83' lang='grc' dir='ltr'>αἰῶνος,</span> <span class='ocrx_word' id='word_1_189' title='bbox 1009 1930 1105 1983; x_wconf 81' lang='grc' dir='ltr'>καὶ</span> <span class='ocrx_word' id='word_1_190' title='bbox 1153 1928 1363 2002; x_wconf 90' lang='grc' dir='ltr'>χρόνου.</span> <span class='ocrx_word' id='word_1_191' title='bbox 1413 1929 1607 1983; x_wconf 83' lang='grc' dir='ltr'>Καίτοι</span> <span class='ocrx_word' id='word_1_192' title='bbox 1653 1929 1749 1982; x_wconf 79' lang='grc' dir='ltr'>καὶ</span> 
     </span>
    </p>
   </div>
   <div class='ocr_carea' id='block_1_31' title="bbox 150 2016 1748 2095">
    <p class='ocr_par' dir='ltr' id='par_1_31' title="bbox 150 2016 1748 2095">
     <span class='ocr_line' id='line_1_31' title="bbox 150 2016 1748 2095; baseline 0.003 -25"><span class='ocrx_word' id='word_1_193' title='bbox 150 2016 373 2087; x_wconf 83' lang='grc' dir='ltr'>χρόνον,</span> <span class='ocrx_word' id='word_1_194' title='bbox 408 2020 504 2073; x_wconf 80' lang='grc' dir='ltr'><strong>καὶ</strong></span> <span class='ocrx_word' id='word_1_195' title='bbox 535 2018 779 2093; x_wconf 81' lang='grc' dir='ltr'>ἡμέραν,</span> <span class='ocrx_word' id='word_1_196' title='bbox 814 2021 908 2075; x_wconf 76' lang='grc' dir='ltr'>καὶ</span> <span class='ocrx_word' id='word_1_197' title='bbox 941 2023 1163 2095; x_wconf 76' lang='grc' dir='ltr'>καιρὸν,</span> <span class='ocrx_word' id='word_1_198' title='bbox 1197 2023 1291 2076; x_wconf 63' lang='grc' dir='ltr'><strong>καί¹</strong></span> <span class='ocrx_word' id='word_1_199' title='bbox 1322 2023 1491 2077; x_wconf 86' lang='grc' dir='ltr'>αἰῶνα</span> <span class='ocrx_word' id='word_1_200' title='bbox 1523 2021 1748 2094; x_wconf 88' lang='grc' dir='ltr'>θεοπρε-</span> 
     </span>
    </p>
   </div>
   <div class='ocr_carea' id='block_1_32' title="bbox 148 2105 1745 2187">
    <p class='ocr_par' dir='ltr' id='par_1_32' title="bbox 148 2105 1745 2187">
     <span class='ocr_line' id='line_1_32' title="bbox 148 2105 1745 2187; baseline 0.005 -27"><span class='ocrx_word' id='word_1_201' title='bbox 148 2105 279 2171; x_wconf 83' lang='grc' dir='ltr'><strong>πῶς</strong></span> <span class='ocrx_word' id='word_1_202' title='bbox 311 2108 477 2163; x_wconf 82' lang='grc' dir='ltr'>αὑτὸν</span> <span class='ocrx_word' id='word_1_203' title='bbox 506 2112 864 2183; x_wconf 81' lang='grc' dir='ltr'>προσρητέον,</span> <span class='ocrx_word' id='word_1_204' title='bbox 902 2112 978 2179; x_wconf 87' lang='grc' dir='ltr'><strong>ὡς</strong></span> <span class='ocrx_word' id='word_1_205' title='bbox 1010 2114 1139 2169; x_wconf 80' lang='grc' dir='ltr'>ὄντα</span> <span class='ocrx_word' id='word_1_206' title='bbox 1163 2115 1304 2169; x_wconf 87' lang='grc' dir='ltr'><strong>κατά</strong></span> <span class='ocrx_word' id='word_1_207' title='bbox 1330 2117 1509 2169; x_wconf 84' lang='grc' dir='ltr'>πᾶσαν</span> <span class='ocrx_word' id='word_1_208' title='bbox 1533 2116 1745 2187; x_wconf 85' lang='grc' dir='ltr'>κίνησιν</span> 
     </span>
    </p>
   </div>
   <div class='ocr_carea' id='block_1_33' title="bbox 146 2199 1745 2279">
    <p class='ocr_par' dir='ltr' id='par_1_33' title="bbox 146 2199 1745 2279">
     <span class='ocr_line' id='line_1_33' title="bbox 146 2199 1745 2279; baseline 0.006 -27"><span class='ocrx_word' id='word_1_209' title='bbox 146 2199 538 2272; x_wconf 76' lang='grc' dir='ltr'>ἀμετάϐλητον</span> <span class='ocrx_word' id='word_1_210' title='bbox 570 2204 664 2257; x_wconf 85' lang='grc' dir='ltr'><strong>καί</strong></span> <span class='ocrx_word' id='word_1_211' title='bbox 696 2204 953 2277; x_wconf 89' lang='grc' dir='ltr'>ἀκίνητον</span> <span class='ocrx_word' id='word_1_212' title='bbox 972 2246 986 2270; x_wconf 94' lang='grc'><strong>,</strong></span> <span class='ocrx_word' id='word_1_213' title='bbox 1036 2209 1131 2261; x_wconf 75' lang='grc' dir='ltr'>καὶ</span> <span class='ocrx_word' id='word_1_214' title='bbox 1160 2210 1220 2262; x_wconf 83' lang='grc' dir='ltr'><strong>έν</strong></span> <span class='ocrx_word' id='word_1_215' title='bbox 1251 2207 1329 2279; x_wconf 84' lang='grc' dir='ltr'>τῷ</span> <span class='ocrx_word' id='word_1_216' title='bbox 1360 2209 1447 2263; x_wconf 77' lang='grc' dir='ltr'>ἀεὶ</span> <span class='ocrx_word' id='word_1_217' title='bbox 1479 2208 1745 2262; x_wconf 83' lang='grc' dir='ltr'>κινεῖσθαι</span> 
     </span>
    </p>
   </div>
   <div class='ocr_carea' id='block_1_34' title="bbox 148 2288 1747 2375">
    <p class='ocr_par' dir='ltr' id='par_1_34' title="bbox 148 2288 1747 2375">
     <span class='ocr_line' id='line_1_34' title="bbox 148 2288 1747 2375; baseline 0.01 -32"><span class='ocrx_word' id='word_1_218' title='bbox 148 2288 390 2361; x_wconf 82' lang='grc' dir='ltr'>μένοντα</span> <span class='ocrx_word' id='word_1_219' title='bbox 422 2296 509 2365; x_wconf 80' lang='grc' dir='ltr'><strong>ἐφ’</strong></span> <span class='ocrx_word' id='word_1_220' title='bbox 541 2296 758 2363; x_wconf 82' lang='grc' dir='ltr'>ἑαυτοῦ,</span> <span class='ocrx_word' id='word_1_221' title='bbox 794 2300 888 2354; x_wconf 73' lang='grc' dir='ltr'>καὶ</span> <span class='ocrx_word' id='word_1_222' title='bbox 918 2301 995 2365; x_wconf 81' lang='grc' dir='ltr'>ὡς</span> <span class='ocrx_word' id='word_1_223' title='bbox 1027 2302 1243 2369; x_wconf 87' lang='grc' dir='ltr'>αἰῶνος,</span> <span class='ocrx_word' id='word_1_224' title='bbox 1276 2303 1371 2358; x_wconf 74' lang='grc' dir='ltr'>καὶ</span> <span class='ocrx_word' id='word_1_225' title='bbox 1406 2304 1619 2375; x_wconf 86' lang='grc' dir='ltr'>χρόνου,</span> <span class='ocrx_word' id='word_1_226' title='bbox 1652 2306 1747 2359; x_wconf 73' lang='grc' dir='ltr'>καὶ</span> 
     </span>
    </p>
   </div>
   <div class='ocr_carea' id='block_1_35' title="bbox 146 2384 1745 2465">
    <p class='ocr_par' dir='ltr' id='par_1_35' title="bbox 146 2384 1745 2465">
     <span class='ocr_line' id='line_1_35' title="bbox 146 2384 1745 2465; baseline 0.009 -30"><span class='ocrx_word' id='word_1_227' title='bbox 146 2384 385 2455; x_wconf 80' lang='grc' dir='ltr'>ἡμερῶν</span> <span class='ocrx_word' id='word_1_228' title='bbox 414 2385 607 2440; x_wconf 82' lang='grc' dir='ltr'>αἴτιον.</span> <span class='ocrx_word' id='word_1_229' title='bbox 644 2387 736 2443; x_wconf 82' lang='grc' dir='ltr'><strong>Διὸ</strong></span> <span class='ocrx_word' id='word_1_230' title='bbox 768 2389 863 2443; x_wconf 79' lang='grc' dir='ltr'>καὶ</span> <span class='ocrx_word' id='word_1_231' title='bbox 895 2392 954 2445; x_wconf 81' lang='grc' dir='ltr'>ὲν</span> <span class='ocrx_word' id='word_1_232' title='bbox 985 2393 1107 2457; x_wconf 88' lang='grc' dir='ltr'>ταῖς</span> <span class='ocrx_word' id='word_1_233' title='bbox 1133 2394 1309 2464; x_wconf 80' lang='grc' dir='ltr'>ἱεραῖς</span> <span class='ocrx_word' id='word_1_234' title='bbox 1332 2393 1439 2447; x_wconf 86' lang='grc' dir='ltr'><strong>τῶν</strong></span> <span class='ocrx_word' id='word_1_235' title='bbox 1468 2395 1745 2465; x_wconf 82' lang='grc' dir='ltr'>μυστικῶν</span> 
     </span>
    </p>
   </div>
   <div class='ocr_carea' id='block_1_36' title="bbox 144 2478 1745 2552">
    <p class='ocr_par' dir='ltr' id='par_1_36' title="bbox 144 2478 1745 2552">
     <span class='ocr_line' id='line_1_36' title="bbox 144 2478 1745 2552; baseline 0.007 -22"><span class='ocrx_word' id='word_1_236' title='bbox 144 2478 399 2548; x_wconf 83' lang='grc' dir='ltr'>ὀράσεων</span> <span class='ocrx_word' id='word_1_237' title='bbox 432 2479 774 2551; x_wconf 87' lang='grc' dir='ltr'>θεοφανείαις</span> <span class='ocrx_word' id='word_1_238' title='bbox 807 2484 901 2538; x_wconf 75' lang='grc' dir='ltr'>καὶ</span> <span class='ocrx_word' id='word_1_239' title='bbox 935 2486 1117 2551; x_wconf 80' lang='grc' dir='ltr'>πολιὸς</span> <span class='ocrx_word' id='word_1_240' title='bbox 1131 2486 1179 2519; x_wconf 67' lang='grc'><strong>⁸⁸</strong></span> <span class='ocrx_word' id='word_1_241' title='bbox 1212 2488 1305 2541; x_wconf 74' lang='grc' dir='ltr'>καὶ</span> <span class='ocrx_word' id='word_1_242' title='bbox 1351 2488 1468 2552; x_wconf 89' lang='grc' dir='ltr'>νέος</span> <span class='ocrx_word' id='word_1_243' title='bbox 1514 2488 1745 2542; x_wconf 84' lang='grc' dir='ltr'>πλάττε-</span> 
     </span>
    </p>
   </div>
   <div class='ocr_carea' id='block_1_37' title="bbox 143 2571 1742 2649">
    <p class='ocr_par' dir='ltr' id='par_1_37' title="bbox 143 2571 1742 2649">
     <span class='ocr_line' id='line_1_37' title="bbox 143 2571 1742 2649; baseline 0.008 -27"><span class='ocrx_word' id='word_1_244' title='bbox 143 2587 276 2623; x_wconf 86' lang='grc' dir='ltr'>ται·</span> <span class='ocrx_word' id='word_1_245' title='bbox 311 2571 407 2624; x_wconf 84' lang='grc' dir='ltr'>τοῦ</span> <span class='ocrx_word' id='word_1_246' title='bbox 444 2572 544 2642; x_wconf 82' lang='grc' dir='ltr'>μὲν</span> <span class='ocrx_word' id='word_1_247' title='bbox 577 2574 841 2647; x_wconf 80' lang='grc' dir='ltr'>προτέρου</span> <span class='ocrx_word' id='word_1_248' title='bbox 860 2576 905 2609; x_wconf 74' lang='grc'><strong>⁸³</strong></span> <span class='ocrx_word' id='word_1_249' title='bbox 939 2576 1031 2631; x_wconf 80' lang='grc' dir='ltr'>τὸν</span> <span class='ocrx_word' id='word_1_250' title='bbox 1070 2578 1294 2649; x_wconf 87' lang='grc' dir='ltr'>ἀρχαῖον</span> <span class='ocrx_word' id='word_1_251' title='bbox 1338 2580 1431 2633; x_wconf 72' lang='grc' dir='ltr'>καὶ</span> <span class='ocrx_word' id='word_1_252' title='bbox 1475 2579 1603 2633; x_wconf 77' lang='grc' dir='ltr'>ὄντα</span> <span class='ocrx_word' id='word_1_253' title='bbox 1648 2582 1742 2635; x_wconf 85' lang='grc' dir='ltr'><strong>ἀπ’</strong></span> 
     </span>
    </p>
   </div>
   <div class='ocr_carea' id='block_1_38' title="bbox 143 2663 1740 2745">
    <p class='ocr_par' dir='ltr' id='par_1_38' title="bbox 143 2663 1740 2745">
     <span class='ocr_line' id='line_1_38' title="bbox 143 2663 1740 2745; baseline -0.009 -30"><span class='ocrx_word' id='word_1_254' title='bbox 143 2663 363 2734; x_wconf 81' lang='grc' dir='ltr'>ἀρχῆς,</span> <span class='ocrx_word' id='word_1_255' title='bbox 398 2664 494 2718; x_wconf 82' lang='grc' dir='ltr'>τοῦ</span> <span class='ocrx_word' id='word_1_256' title='bbox 536 2668 805 2739; x_wconf 80' lang='grc' dir='ltr'>νεωτέρου</span> <span class='ocrx_word' id='word_1_257' title='bbox 838 2669 895 2722; x_wconf 83' lang='grc' dir='ltr'>δὲ</span> <span class='ocrx_word' id='word_1_258' title='bbox 926 2668 1017 2723; x_wconf 75' lang='grc' dir='ltr'>τὸν</span> <span class='ocrx_word' id='word_1_259' title='bbox 1049 2671 1242 2741; x_wconf 80' lang='grc' dir='ltr'><strong>ἀγήρω</strong></span> <span class='ocrx_word' id='word_1_260' title='bbox 1289 2672 1670 2744; x_wconf 68' lang='grc' dir='ltr'><strong>σημαίνοντος.</strong></span> <span class='ocrx_word' id='word_1_261' title='bbox 1707 2673 1740 2745; x_wconf 67' lang='grc' dir='ltr'>ἢ</span> 
     </span>
    </p>
   </div>
   <div class='ocr_carea' id='block_1_39' title="bbox 144 2752 1742 2833">
    <p class='ocr_par' dir='ltr' id='par_1_39' title="bbox 144 2752 1742 2833">
     <span class='ocr_line' id='line_1_39' title="bbox 144 2752 1742 2833; baseline 0.008 -29"><span class='ocrx_word' id='word_1_262' title='bbox 144 2752 359 2823; x_wconf 83' lang='grc' dir='ltr'>ἀμφοῖν</span> <span class='ocrx_word' id='word_1_263' title='bbox 391 2754 453 2808; x_wconf 82' lang='grc' dir='ltr'><strong>τὺ</strong></span> <span class='ocrx_word' id='word_1_264' title='bbox 484 2754 543 2823; x_wconf 77' lang='grc' dir='ltr'><strong>ἐξ</strong></span> <span class='ocrx_word' id='word_1_265' title='bbox 576 2757 752 2829; x_wconf 85' lang='grc' dir='ltr'>ἀρχῆς</span> <span class='ocrx_word' id='word_1_266' title='bbox 784 2758 872 2812; x_wconf 85' lang='grc' dir='ltr'><strong>διά</strong></span> <span class='ocrx_word' id='word_1_267' title='bbox 919 2760 1137 2814; x_wconf 85' lang='grc' dir='ltr'>πάντων</span> <span class='ocrx_word' id='word_1_268' title='bbox 1179 2761 1305 2833; x_wconf 81' lang='grc' dir='ltr'>ἄχρι</span> <span class='ocrx_word' id='word_1_269' title='bbox 1350 2761 1537 2826; x_wconf 83' lang='grc' dir='ltr'>τέλους</span> <span class='ocrx_word' id='word_1_270' title='bbox 1582 2760 1742 2816; x_wconf 78' lang='grc' dir='ltr'>αὐτὸν</span> 
     </span>
    </p>
   </div>
   <div class='ocr_carea' id='block_1_40' title="bbox 146 2846 1743 2926">
    <p class='ocr_par' dir='ltr' id='par_1_40' title="bbox 146 2846 1743 2926">
     <span class='ocr_line' id='line_1_40' title="bbox 146 2846 1743 2926; baseline 0.008 -29"><span class='ocrx_word' id='word_1_271' title='bbox 146 2846 397 2917; x_wconf 85' lang='grc' dir='ltr'>προϊέναι</span> <span class='ocrx_word' id='word_1_272' title='bbox 430 2848 792 2905; x_wconf 84' lang='grc' dir='ltr'>διδασκόντων</span> <span class='ocrx_word' id='word_1_273' title='bbox 811 2870 825 2883; x_wconf 75' lang='grc' dir='ltr'><strong><em>ο</em></strong></span> <span class='ocrx_word' id='word_1_274' title='bbox 861 2850 919 2923; x_wconf 83' lang='grc' dir='ltr'>ἢ,</span> <span class='ocrx_word' id='word_1_275' title='bbox 954 2852 1030 2917; x_wconf 86' lang='grc' dir='ltr'>ὡς</span> <span class='ocrx_word' id='word_1_276' title='bbox 1060 2855 1089 2906; x_wconf 83' lang='grc' dir='ltr'><strong>ό</strong></span> <span class='ocrx_word' id='word_1_277' title='bbox 1121 2853 1263 2917; x_wconf 85' lang='grc' dir='ltr'>θεῖος</span> <span class='ocrx_word' id='word_1_278' title='bbox 1295 2854 1453 2925; x_wconf 81' lang='grc' dir='ltr'>ἡμῶν</span> <span class='ocrx_word' id='word_1_279' title='bbox 1486 2855 1743 2926; x_wconf 82' lang='grc' dir='ltr'>ἱεροτελε-</span> 
     </span>
    </p>
   </div>
   <div class='ocr_carea' id='block_1_41' title="bbox 146 2940 1741 3019">
    <p class='ocr_par' dir='ltr' id='par_1_41' title="bbox 146 2940 1741 3019">
     <span class='ocr_line' id='line_1_41' title="bbox 146 2940 1741 3019; baseline 0.005 -26"><span class='ocrx_word' id='word_1_280' title='bbox 146 2940 286 3011; x_wconf 88' lang='grc' dir='ltr'>στής</span> <span class='ocrx_word' id='word_1_281' title='bbox 319 2958 488 3013; x_wconf 89' lang='grc' dir='ltr'>φησι,</span> <span class='ocrx_word' id='word_1_282' title='bbox 523 2942 617 2997; x_wconf 81' lang='grc' dir='ltr'>τοῦ</span> <span class='ocrx_word' id='word_1_283' title='bbox 650 2944 912 3017; x_wconf 75' lang='grc' dir='ltr'>ἐκατέρου</span> <span class='ocrx_word' id='word_1_284' title='bbox 951 2945 1050 3017; x_wconf 81' lang='grc' dir='ltr'>τὴν</span> <span class='ocrx_word' id='word_1_285' title='bbox 1094 2947 1431 3017; x_wconf 84' lang='grc' dir='ltr'>ἀρχαιότητα</span> <span class='ocrx_word' id='word_1_286' title='bbox 1462 2947 1560 3019; x_wconf 81' lang='grc' dir='ltr'>τὴν</span> <span class='ocrx_word' id='word_1_287' title='bbox 1593 2948 1741 3002; x_wconf 87' lang='grc' dir='ltr'>θείαν</span> 
     </span>
    </p>
   </div>
   <div class='ocr_carea' id='block_1_42' title="bbox 144 3032 1740 3112">
    <p class='ocr_par' dir='ltr' id='par_1_42' title="bbox 144 3032 1740 3112">
     <span class='ocr_line' id='line_1_42' title="bbox 144 3032 1740 3112; baseline 0.006 -28"><span class='ocrx_word' id='word_1_288' title='bbox 144 3032 579 3104; x_wconf 78' lang='grc' dir='ltr'>ὕποδηλοῦντος,</span> <span class='ocrx_word' id='word_1_289' title='bbox 625 3037 719 3089; x_wconf 83' lang='grc' dir='ltr'>τοῦ</span> <span class='ocrx_word' id='word_1_290' title='bbox 757 3037 857 3107; x_wconf 83' lang='grc' dir='ltr'>μὲν</span> <span class='ocrx_word' id='word_1_291' title='bbox 904 3038 1270 3110; x_wconf 78' lang='grc' dir='ltr'>πρεσϐυτέρου</span> <span class='ocrx_word' id='word_1_292' title='bbox 1314 3038 1375 3093; x_wconf 89' lang='grc' dir='ltr'>τὸ</span> <span class='ocrx_word' id='word_1_293' title='bbox 1421 3040 1637 3112; x_wconf 88' lang='grc' dir='ltr'>πρῶτον</span> <span class='ocrx_word' id='word_1_294' title='bbox 1681 3043 1740 3095; x_wconf 84' lang='grc' dir='ltr'>ὲν</span> 
     </span>
    </p>
   </div>
   <div class='ocr_carea' id='block_1_43' title="bbox 1851 1831 3423 1903">
    <p class='ocr_par' dir='ltr' id='par_1_43' title="bbox 1851 1831 3423 1903">
     <span class='ocr_line' id='line_1_43' title="bbox 1851 1831 3423 1903; baseline 0.006 -18"><span class='ocrx_word' id='word_1_295' title='bbox 1851 1847 1993 1899; x_wconf 88' lang='lat' dir='ltr'><strong>rum,</strong></span> <span class='ocrx_word' id='word_1_296' title='bbox 2008 1831 2134 1900; x_wconf 90' lang='lat' dir='ltr'><strong>quia</strong></span> <span class='ocrx_word' id='word_1_297' title='bbox 2153 1831 2267 1900; x_wconf 84' lang='lat' dir='ltr'><strong>ipse</strong></span> <span class='ocrx_word' id='word_1_298' title='bbox 2283 1841 2367 1887; x_wconf 89' lang='lat' dir='ltr'><strong>est</strong></span> <span class='ocrx_word' id='word_1_299' title='bbox 2380 1833 2618 1886; x_wconf 91' lang='lat' dir='ltr'><strong>omnium</strong></span> <span class='ocrx_word' id='word_1_300' title='bbox 2637 1848 2810 1888; x_wconf 72' lang='lat' dir='ltr'><strong>sevum</strong></span> <span class='ocrx_word' id='word_1_301' title='bbox 2828 1845 2882 1890; x_wconf 91' lang='lat' dir='ltr'><strong>et</strong></span> <span class='ocrx_word' id='word_1_302' title='bbox 2899 1844 3130 1903; x_wconf 87' lang='lat' dir='ltr'><strong>tempus,</strong></span> <span class='ocrx_word' id='word_1_303' title='bbox 3146 1847 3272 1892; x_wconf 89' lang='lat' dir='ltr'><strong>ante</strong></span> <span class='ocrx_word' id='word_1_304' title='bbox 3285 1838 3423 1903; x_wconf 86' lang='lat' dir='ltr'><strong>dies,</strong></span> 
     </span>
    </p>
   </div>
   <div class='ocr_carea' id='block_1_44' title="bbox 1848 1926 3422 1998">
    <p class='ocr_par' dir='ltr' id='par_1_44' title="bbox 1848 1926 3422 1998">
     <span class='ocr_line' id='line_1_44' title="bbox 1848 1926 3422 1998; baseline 0.003 -19"><span class='ocrx_word' id='word_1_305' title='bbox 1848 1936 1973 1980; x_wconf 82' lang='lat' dir='ltr'><strong>ante</strong></span> <span class='ocrx_word' id='word_1_306' title='bbox 2014 1939 2228 1991; x_wconf 66' lang='lat' dir='ltr'><strong>aevum,</strong></span> <span class='ocrx_word' id='word_1_307' title='bbox 2278 1934 2403 1979; x_wconf 89' lang='lat' dir='ltr'><strong>ante</strong></span> <span class='ocrx_word' id='word_1_308' title='bbox 2444 1933 2688 1994; x_wconf 87' lang='lat' dir='ltr'><strong>tempus;</strong></span> <span class='ocrx_word' id='word_1_309' title='bbox 2744 1936 2799 1979; x_wconf 91' lang='lat' dir='ltr'><strong>et</strong></span> <span class='ocrx_word' id='word_1_310' title='bbox 2840 1926 3060 1995; x_wconf 84' lang='lat' dir='ltr'><strong>quidem</strong></span> <span class='ocrx_word' id='word_1_311' title='bbox 3106 1938 3321 1998; x_wconf 86' lang='lat' dir='ltr'><strong>tempus</strong></span> <span class='ocrx_word' id='word_1_312' title='bbox 3366 1939 3422 1983; x_wconf 86' lang='lat' dir='ltr'><strong>et</strong></span> 
     </span>
    </p>
   </div>
   <div class='ocr_carea' id='block_1_45' title="bbox 1847 2005 3420 2088">
    <p class='ocr_par' dir='ltr' id='par_1_45' title="bbox 1847 2005 3420 2088">
     <span class='ocr_line' id='line_1_45' title="bbox 1847 2005 3420 2088; baseline 0.002 -16"><span class='ocrx_word' id='word_1_313' title='bbox 1847 2019 1963 2074; x_wconf 86' lang='lat' dir='ltr'><strong>dies</strong></span> <span class='ocrx_word' id='word_1_314' title='bbox 1991 2028 2045 2072; x_wconf 92' lang='lat' dir='ltr'><strong>et</strong></span> <span class='ocrx_word' id='word_1_315' title='bbox 2072 2005 2468 2087; x_wconf 83' lang='lat' dir='ltr'><strong>tempestivitas</strong></span> <span class='ocrx_word' id='word_1_316' title='bbox 2497 2018 2851 2088; x_wconf 82' lang='lat' dir='ltr'><strong>appellandus</strong></span> <span class='ocrx_word' id='word_1_317' title='bbox 2888 2030 2971 2073; x_wconf 88' lang='lat' dir='ltr'><strong>est</strong></span> <span class='ocrx_word' id='word_1_318' title='bbox 3000 2020 3135 2087; x_wconf 87' lang='lat' dir='ltr'><strong>ipse,</strong></span> <span class='ocrx_word' id='word_1_319' title='bbox 3164 2032 3223 2076; x_wconf 94' lang='lat' dir='ltr'><strong>ut</strong></span> <span class='ocrx_word' id='word_1_320' title='bbox 3252 2022 3420 2076; x_wconf 93' lang='lat' dir='ltr'><strong>Deum</strong></span> 
     </span>
    </p>
   </div>
   <div class='ocr_carea' id='block_1_46' title="bbox 1848 2112 3423 2182">
    <p class='ocr_par' dir='ltr' id='par_1_46' title="bbox 1848 2112 3423 2182">
     <span class='ocr_line' id='line_1_46' title="bbox 1848 2112 3423 2182; baseline 0.003 -18"><span class='ocrx_word' id='word_1_321' title='bbox 1848 2113 2023 2175; x_wconf 83' lang='lat' dir='ltr'><strong>decet,</strong></span> <span class='ocrx_word' id='word_1_322' title='bbox 2058 2122 2315 2182; x_wconf 89' lang='lat' dir='ltr'><strong>tanquam</strong></span> <span class='ocrx_word' id='word_1_323' title='bbox 2338 2113 2427 2181; x_wconf 92' lang='lat' dir='ltr'><strong>qui</strong></span> <span class='ocrx_word' id='word_1_324' title='bbox 2455 2112 2602 2167; x_wconf 91' lang='lat' dir='ltr'><strong>omni</strong></span> <span class='ocrx_word' id='word_1_325' title='bbox 2647 2121 2793 2166; x_wconf 87' lang='lat' dir='ltr'><strong>motu</strong></span> <span class='ocrx_word' id='word_1_326' title='bbox 2837 2120 2924 2167; x_wconf 88' lang='lat' dir='ltr'><strong>est</strong></span> <span class='ocrx_word' id='word_1_327' title='bbox 2967 2113 3323 2169; x_wconf 89' lang='lat' dir='ltr'><strong>immutabilis</strong></span> <span class='ocrx_word' id='word_1_328' title='bbox 3367 2124 3423 2169; x_wconf 85' lang='lat' dir='ltr'><strong>et</strong></span> 
     </span>
    </p>
   </div>
   <div class='ocr_carea' id='block_1_47' title="bbox 1848 2203 3417 2273">
    <p class='ocr_par' dir='ltr' id='par_1_47' title="bbox 1848 2203 3417 2273">
     <span class='ocr_line' id='line_1_47' title="bbox 1848 2203 3417 2273; baseline 0.003 -17"><span class='ocrx_word' id='word_1_329' title='bbox 1848 2203 2171 2267; x_wconf 84' lang='lat' dir='ltr'><strong>immobilis,</strong></span> <span class='ocrx_word' id='word_1_330' title='bbox 2196 2213 2251 2259; x_wconf 92' lang='lat' dir='ltr'><strong>et</strong></span> <span class='ocrx_word' id='word_1_331' title='bbox 2279 2219 2494 2273; x_wconf 87' lang='lat' dir='ltr'><strong>semper</strong></span> <span class='ocrx_word' id='word_1_332' title='bbox 2544 2215 2795 2258; x_wconf 85' lang='lat' dir='ltr'><strong>movetur</strong></span> <span class='ocrx_word' id='word_1_333' title='bbox 2815 2244 2830 2268; x_wconf 93' lang='lat'><strong>,</strong></span> <span class='ocrx_word' id='word_1_334' title='bbox 2867 2220 3090 2260; x_wconf 86' lang='lat' dir='ltr'><strong>manens</strong></span> <span class='ocrx_word' id='word_1_335' title='bbox 3120 2205 3174 2259; x_wconf 92' lang='lat' dir='ltr'><strong>in</strong></span> <span class='ocrx_word' id='word_1_336' title='bbox 3198 2207 3376 2273; x_wconf 82' lang='lat' dir='ltr'><strong>seipse</strong></span> <span class='ocrx_word' id='word_1_337' title='bbox 3399 2245 3417 2271; x_wconf 89' lang='lat'><strong>,</strong></span> 
     </span>
    </p>
   </div>
   <div class='ocr_carea' id='block_1_48' title="bbox 1844 2297 3415 2366">
    <p class='ocr_par' dir='ltr' id='par_1_48' title="bbox 1844 2297 3415 2366">
     <span class='ocr_line' id='line_1_48' title="bbox 1844 2297 3415 2366; baseline 0.003 -16"><span class='ocrx_word' id='word_1_338' title='bbox 1844 2303 1901 2350; x_wconf 88' lang='lat' dir='ltr'><strong>et</strong></span> <span class='ocrx_word' id='word_1_339' title='bbox 1950 2302 2207 2365; x_wconf 79' lang='lat' dir='ltr'><strong>tanquam</strong></span> <span class='ocrx_word' id='word_1_340' title='bbox 2256 2306 2447 2350; x_wconf 90' lang='lat' dir='ltr'><strong>auctor</strong></span> <span class='ocrx_word' id='word_1_341' title='bbox 2490 2297 2590 2351; x_wconf 69' lang='grc' dir='ltr'><strong>αενί</strong></span> <span class='ocrx_word' id='word_1_342' title='bbox 2646 2306 2701 2350; x_wconf 83' lang='lat' dir='ltr'><strong>et</strong></span> <span class='ocrx_word' id='word_1_343' title='bbox 2756 2298 3018 2366; x_wconf 90' lang='lat' dir='ltr'><strong>temporis</strong></span> <span class='ocrx_word' id='word_1_344' title='bbox 3069 2308 3126 2353; x_wconf 85' lang='lat' dir='ltr'><strong>et</strong></span> <span class='ocrx_word' id='word_1_345' title='bbox 3182 2299 3415 2355; x_wconf 88' lang='lat' dir='ltr'><strong>dierum.</strong></span> 
     </span>
    </p>
   </div>
   <div class='ocr_carea' id='block_1_49' title="bbox 1846 2385 3416 2459">
    <p class='ocr_par' dir='ltr' id='par_1_49' title="bbox 1846 2385 3416 2459">
     <span class='ocr_line' id='line_1_49' title="bbox 1846 2385 3416 2459; baseline 0 -17"><span class='ocrx_word' id='word_1_346' title='bbox 1846 2385 2214 2455; x_wconf 84' lang='lat' dir='ltr'><strong>Quamobrem</strong></span> <span class='ocrx_word' id='word_1_347' title='bbox 2259 2389 2423 2442; x_wconf 82' lang='lat' dir='ltr'><strong>etiam</strong></span> <span class='ocrx_word' id='word_1_348' title='bbox 2470 2389 2521 2442; x_wconf 91' lang='lat' dir='ltr'><strong>in</strong></span> <span class='ocrx_word' id='word_1_349' title='bbox 2566 2389 2741 2443; x_wconf 89' lang='lat' dir='ltr'><strong>sacris</strong></span> <span class='ocrx_word' id='word_1_350' title='bbox 2769 2390 3416 2459; x_wconf 83' lang='lat' dir='ltr'><strong>mysticarum&#39;visionum</strong></span> 
     </span>
    </p>
   </div>
   <div class='ocr_carea' id='block_1_50' title="bbox 1845 2477 3415 2551">
    <p class='ocr_par' dir='ltr' id='par_1_50' title="bbox 1845 2477 3415 2551">
     <span class='ocr_line' id='line_1_50' title="bbox 1845 2477 3415 2551; baseline 0.003 -20"><span class='ocrx_word' id='word_1_351' title='bbox 1845 2477 2282 2548; x_wconf 87' lang='lat' dir='ltr'><strong>apparitionibus</strong></span> <span class='ocrx_word' id='word_1_352' title='bbox 2347 2488 2402 2532; x_wconf 92' lang='lat' dir='ltr'><strong>et</strong></span> <span class='ocrx_word' id='word_1_353' title='bbox 2468 2480 2728 2547; x_wconf 89' lang='lat' dir='ltr'><strong>antiquus</strong></span> <span class='ocrx_word' id='word_1_354' title='bbox 2794 2487 2850 2533; x_wconf 90' lang='lat' dir='ltr'><strong>et</strong></span> <span class='ocrx_word' id='word_1_355' title='bbox 2918 2495 3091 2534; x_wconf 87' lang='lat' dir='ltr'><strong>novus</strong></span> <span class='ocrx_word' id='word_1_356' title='bbox 3160 2479 3415 2551; x_wconf 78' lang='lat' dir='ltr'><strong>ﬁngitur;</strong></span> 
     </span>
    </p>
   </div>
   <div class='ocr_carea' id='block_1_51' title="bbox 1844 2570 3418 2640">
    <p class='ocr_par' dir='ltr' id='par_1_51' title="bbox 1844 2570 3418 2640">
     <span class='ocr_line' id='line_1_51' title="bbox 1844 2570 3418 2640; baseline 0.001 -16"><span class='ocrx_word' id='word_1_357' title='bbox 1844 2585 2077 2640; x_wconf 90' lang='lat' dir='ltr'><strong>quorum</strong></span> <span class='ocrx_word' id='word_1_358' title='bbox 2126 2570 2278 2640; x_wconf 87' lang='lat' dir='ltr'><strong>prior</strong></span> <span class='ocrx_word' id='word_1_359' title='bbox 2319 2570 2534 2639; x_wconf 90' lang='lat' dir='ltr'><strong>quidem</strong></span> <span class='ocrx_word' id='word_1_360' title='bbox 2574 2581 2815 2625; x_wconf 83' lang='lat' dir='ltr'><strong>veterem</strong></span> <span class='ocrx_word' id='word_1_361' title='bbox 2862 2581 2915 2624; x_wconf 92' lang='lat' dir='ltr'><strong>et</strong></span> <span class='ocrx_word' id='word_1_362' title='bbox 2945 2585 3071 2626; x_wconf 89' lang='lat' dir='ltr'><strong>eum</strong></span> <span class='ocrx_word' id='word_1_363' title='bbox 3105 2573 3312 2640; x_wconf 87' lang='lat' dir='ltr'><strong>quiest</strong></span> <span class='ocrx_word' id='word_1_364' title='bbox 3350 2574 3418 2627; x_wconf 83' lang='lat' dir='ltr'><strong>ab</strong></span> 
     </span>
    </p>
   </div>
   <div class='ocr_carea' id='block_1_52' title="bbox 1846 2663 3419 2735">
    <p class='ocr_par' dir='ltr' id='par_1_52' title="bbox 1846 2663 3419 2735">
     <span class='ocr_line' id='line_1_52' title="bbox 1846 2663 3419 2735; baseline 0.001 -17"><span class='ocrx_word' id='word_1_365' title='bbox 1846 2664 2018 2730; x_wconf 91' lang='lat' dir='ltr'><strong>initio,</strong></span> <span class='ocrx_word' id='word_1_366' title='bbox 2043 2664 2228 2733; x_wconf 87' lang='lat' dir='ltr'><strong>junior</strong></span> <span class='ocrx_word' id='word_1_367' title='bbox 2257 2671 2436 2718; x_wconf 86' lang='lat' dir='ltr'><strong>autem</strong></span> <span class='ocrx_word' id='word_1_368' title='bbox 2478 2663 2922 2719; x_wconf 86' lang='lat' dir='ltr'><strong>insenescibilem</strong></span> <span class='ocrx_word' id='word_1_369' title='bbox 2970 2665 3280 2735; x_wconf 69' lang='lat' dir='ltr'><strong>significat;</strong></span> <span class='ocrx_word' id='word_1_370' title='bbox 3325 2678 3419 2720; x_wconf 86' lang='lat' dir='ltr'><strong>aut</strong></span> 
     </span>
    </p>
   </div>
   <div class='ocr_carea' id='block_1_53' title="bbox 1842 2756 3420 2827">
    <p class='ocr_par' dir='ltr' id='par_1_53' title="bbox 1842 2756 3420 2827">
     <span class='ocr_line' id='line_1_53' title="bbox 1842 2756 3420 2827; baseline 0.001 -16"><span class='ocrx_word' id='word_1_371' title='bbox 1842 2768 2137 2825; x_wconf 89' lang='lat' dir='ltr'><strong>utrumque</strong></span> <span class='ocrx_word' id='word_1_372' title='bbox 2163 2773 2288 2812; x_wconf 89' lang='lat' dir='ltr'><strong>eum</strong></span> <span class='ocrx_word' id='word_1_373' title='bbox 2336 2757 2408 2811; x_wconf 91' lang='lat' dir='ltr'><strong>ab</strong></span> <span class='ocrx_word' id='word_1_374' title='bbox 2437 2756 2594 2810; x_wconf 87' lang='lat' dir='ltr'><strong>initio</strong></span> <span class='ocrx_word' id='word_1_375' title='bbox 2624 2758 2689 2811; x_wconf 89' lang='lat' dir='ltr'><strong>ad</strong></span> <span class='ocrx_word' id='word_1_376' title='bbox 2722 2760 2883 2811; x_wconf 88' lang='lat' dir='ltr'><strong>linem</strong></span> <span class='ocrx_word' id='word_1_377' title='bbox 2931 2772 3026 2826; x_wconf 88' lang='lat' dir='ltr'><strong>per</strong></span> <span class='ocrx_word' id='word_1_378' title='bbox 3067 2758 3249 2813; x_wconf 79' lang='lat' dir='ltr'><strong>ornuia</strong></span> <span class='ocrx_word' id='word_1_379' title='bbox 3294 2776 3420 2827; x_wconf 85' lang='lat' dir='ltr'><strong>pro-</strong></span> 
     </span>
    </p>
   </div>
   <div class='ocr_carea' id='block_1_54' title="bbox 1842 2848 3418 2920">
    <p class='ocr_par' dir='ltr' id='par_1_54' title="bbox 1842 2848 3418 2920">
     <span class='ocr_line' id='line_1_54' title="bbox 1842 2848 3418 2920; baseline 0.001 -17"><span class='ocrx_word' id='word_1_380' title='bbox 1842 2850 1993 2917; x_wconf 82' lang='lat' dir='ltr'><strong>gredi</strong></span> <span class='ocrx_word' id='word_1_381' title='bbox 2037 2849 2321 2905; x_wconf 88' lang='lat' dir='ltr'><strong>declarat:</strong></span> <span class='ocrx_word' id='word_1_382' title='bbox 2366 2848 2471 2914; x_wconf 86' lang='lat' dir='ltr'><strong>vel,</strong></span> <span class='ocrx_word' id='word_1_383' title='bbox 2521 2859 2580 2903; x_wconf 90' lang='lat' dir='ltr'><strong>ut</strong></span> <span class='ocrx_word' id='word_1_384' title='bbox 2626 2848 2844 2904; x_wconf 88' lang='lat' dir='ltr'><strong>divinus</strong></span> <span class='ocrx_word' id='word_1_385' title='bbox 2880 2862 3066 2904; x_wconf 83' lang='lat' dir='ltr'><strong>noster</strong></span> <span class='ocrx_word' id='word_1_386' title='bbox 3111 2862 3418 2920; x_wconf 67' lang='lat' dir='ltr'><strong>praaceptor</strong></span> 
     </span>
    </p>
   </div>
   <div class='ocr_carea' id='block_1_55' title="bbox 1842 2941 3415 3012">
    <p class='ocr_par' dir='ltr' id='par_1_55' title="bbox 1842 2941 3415 3012">
     <span class='ocr_line' id='line_1_55' title="bbox 1842 2941 3415 3012; baseline 0.001 -17"><span class='ocrx_word' id='word_1_387' title='bbox 1842 2942 1938 3006; x_wconf 91' lang='lat' dir='ltr'><strong>ait,</strong></span> <span class='ocrx_word' id='word_1_388' title='bbox 1991 2954 2287 3012; x_wconf 88' lang='lat' dir='ltr'><strong>utrumque</strong></span> <span class='ocrx_word' id='word_1_389' title='bbox 2326 2941 2570 2995; x_wconf 89' lang='lat' dir='ltr'><strong>divinam</strong></span> <span class='ocrx_word' id='word_1_390' title='bbox 2614 2942 2994 3011; x_wconf 85' lang='lat' dir='ltr'><strong>antiquitatem</strong></span> <span class='ocrx_word' id='word_1_391' title='bbox 3042 2942 3283 3010; x_wconf 87' lang='lat' dir='ltr'><strong>indicat,</strong></span> <span class='ocrx_word' id='word_1_392' title='bbox 3339 2944 3415 2998; x_wconf 81' lang='lat' dir='ltr'><strong>ita</strong></span> 
     </span>
    </p>
   </div>
   <div class='ocr_carea' id='block_1_56' title="bbox 1844 3034 3439 3107">
    <p class='ocr_par' dir='ltr' id='par_1_56' title="bbox 1844 3034 3439 3107">
     <span class='ocr_line' id='line_1_56' title="bbox 1844 3034 3439 3107; baseline -0.001 -16"><span class='ocrx_word' id='word_1_393' title='bbox 1844 3045 2025 3092; x_wconf 90' lang='lat' dir='ltr'><strong>tamen</strong></span> <span class='ocrx_word' id='word_1_394' title='bbox 2052 3079 2067 3103; x_wconf 91' lang='lat'><strong>,</strong></span> <span class='ocrx_word' id='word_1_395' title='bbox 2108 3045 2167 3090; x_wconf 90' lang='lat' dir='ltr'><strong>ut</strong></span> <span class='ocrx_word' id='word_1_396' title='bbox 2196 3050 2365 3090; x_wconf 77' lang='lat' dir='ltr'><strong>senex</strong></span> <span class='ocrx_word' id='word_1_397' title='bbox 2396 3034 2449 3090; x_wconf 94' lang='lat' dir='ltr'><strong>id</strong></span> <span class='ocrx_word' id='word_1_398' title='bbox 2486 3034 2629 3104; x_wconf 87' lang='lat' dir='ltr'><strong>quod</strong></span> <span class='ocrx_word' id='word_1_399' title='bbox 2678 3035 2913 3104; x_wconf 91' lang='lat' dir='ltr'><strong>primum</strong></span> <span class='ocrx_word' id='word_1_400' title='bbox 2943 3046 3028 3089; x_wconf 89' lang='lat' dir='ltr'><strong>est</strong></span> <span class='ocrx_word' id='word_1_401' title='bbox 3054 3035 3245 3091; x_wconf 87' lang='lat' dir='ltr'><strong>ordine</strong></span> <span class='ocrx_word' id='word_1_402' title='bbox 3276 3044 3439 3107; x_wconf 41' lang='lat' dir='ltr'><strong>tem-‘</strong></span> 
     </span>
    </p>
   </div>
   <div class='ocr_carea' id='block_1_57' title="bbox 143 3109 1737 3203">
    <p class='ocr_par' dir='ltr' id='par_1_57' title="bbox 143 3109 1735 3201">
     <span class='ocr_line' id='line_1_57' title="bbox 143 3109 1735 3201; baseline 0.006 -27"><span class='ocrx_word' id='word_1_403' title='bbox 143 3122 360 3194; x_wconf 81' lang='grc' dir='ltr'>χρόνῳ,</span> <span class='ocrx_word' id='word_1_404' title='bbox 394 3123 490 3177; x_wconf 83' lang='grc' dir='ltr'><strong>τοῦ</strong></span> <span class='ocrx_word' id='word_1_405' title='bbox 524 3126 789 3197; x_wconf 89' lang='grc' dir='ltr'>νεωτέρου</span> <span class='ocrx_word' id='word_1_406' title='bbox 822 3126 879 3180; x_wconf 84' lang='grc' dir='ltr'>δὲ</span> <span class='ocrx_word' id='word_1_407' title='bbox 910 3128 971 3181; x_wconf 84' lang='grc' dir='ltr'>τὸ</span> <span class='ocrx_word' id='word_1_408' title='bbox 1003 3127 1144 3183; x_wconf 87' lang='grc' dir='ltr'><strong>κατά</strong></span> <span class='ocrx_word' id='word_1_409' title='bbox 1175 3109 1405 3200; x_wconf 76' lang='grc' dir='ltr'>ἀριθμὸν</span> <span class='ocrx_word' id='word_1_410' title='bbox 1449 3109 1735 3201; x_wconf 80' lang='grc' dir='ltr'>ἀρχαιότε-</span> 
     </span>
    </p>
   </div>
   <div class='ocr_carea' id='block_1_58' title="bbox 1841 3109 3415 3203">
    <p class='ocr_par' dir='ltr' id='par_1_58' title="bbox 1841 3128 3415 3203">
     <span class='ocr_line' id='line_1_58' title="bbox 1841 3128 3415 3203; baseline -0.003 -17"><span class='ocrx_word' id='word_1_411' title='bbox 1841 3132 2013 3203; x_wconf 88' lang='lat' dir='ltr'><strong>poris,</strong></span> <span class='ocrx_word' id='word_1_412' title='bbox 2056 3129 2273 3199; x_wconf 80' lang='lat' dir='ltr'><strong>juvenis</strong></span> <span class='ocrx_word' id='word_1_413' title='bbox 2323 3138 2503 3183; x_wconf 89' lang='lat' dir='ltr'><strong>autem</strong></span> <span class='ocrx_word' id='word_1_414' title='bbox 2526 3168 2541 3191; x_wconf 90' lang='lat'><strong>,</strong></span> <span class='ocrx_word' id='word_1_415' title='bbox 2593 3129 2709 3182; x_wconf 89' lang='lat' dir='ltr'><strong>sive</strong></span> <span class='ocrx_word' id='word_1_416' title='bbox 2741 3142 2935 3194; x_wconf 89' lang='lat' dir='ltr'><strong>novus,</strong></span> <span class='ocrx_word' id='word_1_417' title='bbox 2968 3128 3021 3184; x_wconf 89' lang='lat' dir='ltr'><strong>id</strong></span> <span class='ocrx_word' id='word_1_418' title='bbox 3052 3129 3192 3197; x_wconf 92' lang='lat' dir='ltr'><strong>quod</strong></span> <span class='ocrx_word' id='word_1_419' title='bbox 3222 3128 3274 3183; x_wconf 89' lang='lat' dir='ltr'><strong>in</strong></span> <span class='ocrx_word' id='word_1_420' title='bbox 3310 3146 3415 3183; x_wconf 83' lang='lat' dir='ltr'><strong>nu-</strong></span> 
     </span>
    </p>
   </div>
   <div class='ocr_carea' id='block_1_59' title="bbox 144 3216 1733 3296">
    <p class='ocr_par' dir='ltr' id='par_1_59' title="bbox 144 3216 1733 3296">
     <span class='ocr_line' id='line_1_59' title="bbox 144 3216 1733 3296; baseline 0.005 -27"><span class='ocrx_word' id='word_1_421' title='bbox 144 3216 519 3289; x_wconf 75' lang='grc' dir='ltr'>ρον-ἔχοντος·</span> <span class='ocrx_word' id='word_1_422' title='bbox 554 3222 788 3294; x_wconf 81' lang='grc' dir='ltr'>ἐπείπερ</span> <span class='ocrx_word' id='word_1_423' title='bbox 820 3223 853 3294; x_wconf 88' lang='grc' dir='ltr'><strong>ή</strong></span> <span class='ocrx_word' id='word_1_424' title='bbox 886 3223 1055 3293; x_wconf 83' lang='grc' dir='ltr'>μονὰς</span> <span class='ocrx_word' id='word_1_425' title='bbox 1107 3224 1202 3277; x_wconf 74' lang='grc' dir='ltr'>καὶ</span> <span class='ocrx_word' id='word_1_426' title='bbox 1248 3224 1317 3278; x_wconf 84' lang='grc' dir='ltr'>τὰ</span> <span class='ocrx_word' id='word_1_427' title='bbox 1349 3225 1477 3296; x_wconf 79' lang='grc' dir='ltr'>περὶ</span> <span class='ocrx_word' id='word_1_428' title='bbox 1531 3224 1733 3296; x_wconf 87' lang='grc' dir='ltr'>μονάδα</span> 
     </span>
    </p>
   </div>
   <div class='ocr_carea' id='block_1_60' title="bbox 142 3308 1735 3390">
    <p class='ocr_par' dir='ltr' id='par_1_60' title="bbox 142 3308 1735 3390">
     <span class='ocr_line' id='line_1_60' title="bbox 142 3308 1735 3390; baseline 0.006 -29"><span class='ocrx_word' id='word_1_429' title='bbox 142 3308 255 3363; x_wconf 88' lang='grc' dir='ltr'><strong>τῶν</strong></span> <span class='ocrx_word' id='word_1_430' title='bbox 299 3312 396 3365; x_wconf 77' lang='grc' dir='ltr'><strong>ἐπὶ</strong></span> <span class='ocrx_word' id='word_1_431' title='bbox 446 3311 581 3368; x_wconf 82' lang='grc' dir='ltr'>πολὺ</span> <span class='ocrx_word' id='word_1_432' title='bbox 629 3314 1072 3387; x_wconf 84' lang='grc' dir='ltr'>προεληλυθότων</span> <span class='ocrx_word' id='word_1_433' title='bbox 1119 3314 1371 3390; x_wconf 85' lang='grc' dir='ltr'>ἀριθμῶν</span> <span class='ocrx_word' id='word_1_434' title='bbox 1421 3316 1735 3390; x_wconf 81' lang='grc' dir='ltr'>ἀρχηγικώ-</span> 
     </span>
    </p>
   </div>
   <div class='ocr_carea' id='block_1_61' title="bbox 142 3417 299 3475">
    <p class='ocr_par' dir='ltr' id='par_1_61' title="bbox 142 3417 299 3475">
     <span class='ocr_line' id='line_1_61' title="bbox 142 3417 299 3475; baseline 0.019 -20"><span class='ocrx_word' id='word_1_435' title='bbox 142 3417 299 3475; x_wconf 85' lang='grc' dir='ltr'>τερα.</span> 
     </span>
    </p>
   </div>
   <div class='ocr_carea' id='block_1_62' title="bbox 1842 3219 3411 3292">
    <p class='ocr_par' dir='ltr' id='par_1_62' title="bbox 1842 3219 3411 3292">
     <span class='ocr_line' id='line_1_62' title="bbox 1842 3219 3411 3292; baseline -0.003 -14"><span class='ocrx_word' id='word_1_436' title='bbox 1842 3238 1992 3279; x_wconf 89' lang='lat' dir='ltr'><strong>mero</strong></span> <span class='ocrx_word' id='word_1_437' title='bbox 2042 3231 2127 3279; x_wconf 86' lang='lat' dir='ltr'><strong>est</strong></span> <span class='ocrx_word' id='word_1_438' title='bbox 2172 3220 2519 3292; x_wconf 67' lang='lat' dir='ltr'><strong>praestantius</strong></span> <span class='ocrx_word' id='word_1_439' title='bbox 2585 3220 2900 3286; x_wconf 75' lang='lat' dir='ltr'><strong>contineat;</strong></span> <span class='ocrx_word' id='word_1_440' title='bbox 2968 3219 3411 3291; x_wconf 75' lang='lat' dir='ltr'><strong>quandoquidem</strong></span> 
     </span>
    </p>
   </div>
   <div class='ocr_carea' id='block_1_63' title="bbox 1841 3309 3414 3382">
    <p class='ocr_par' dir='ltr' id='par_1_63' title="bbox 1841 3309 3414 3382">
     <span class='ocr_line' id='line_1_63' title="bbox 1841 3309 3414 3382; baseline -0.002 -14"><span class='ocrx_word' id='word_1_441' title='bbox 1841 3314 2041 3380; x_wconf 89' lang='lat' dir='ltr'><strong>unitas,</strong></span> <span class='ocrx_word' id='word_1_442' title='bbox 2100 3325 2328 3382; x_wconf 67' lang='lat' dir='ltr'><strong>qumque</strong></span> <span class='ocrx_word' id='word_1_443' title='bbox 2372 3311 2420 3366; x_wconf 88' lang='lat' dir='ltr'><strong>ei</strong></span> <span class='ocrx_word' id='word_1_444' title='bbox 2470 3309 2653 3365; x_wconf 88' lang='lat' dir='ltr'><strong>vicina</strong></span> <span class='ocrx_word' id='word_1_445' title='bbox 2697 3319 2851 3377; x_wconf 88' lang='lat' dir='ltr'><strong>sunt,</strong></span> <span class='ocrx_word' id='word_1_446' title='bbox 2903 3310 3148 3366; x_wconf 85' lang='lat' dir='ltr'><strong>numeris</strong></span> <span class='ocrx_word' id='word_1_447' title='bbox 3201 3309 3414 3381; x_wconf 78' lang='lat' dir='ltr'><strong>longius</strong></span> 
     </span>
    </p>
   </div>
   <div class='ocr_carea' id='block_1_64' title="bbox 1842 3405 2453 3479">
    <p class='ocr_par' dir='ltr' id='par_1_64' title="bbox 1842 3405 2453 3479">
     <span class='ocr_line' id='line_1_64' title="bbox 1842 3405 2453 3479; baseline -0.005 -17"><span class='ocrx_word' id='word_1_448' title='bbox 1842 3405 2149 3479; x_wconf 78' lang='lat' dir='ltr'><strong>progressis</strong></span> <span class='ocrx_word' id='word_1_449' title='bbox 2176 3413 2453 3475; x_wconf 72' lang='lat' dir='ltr'><strong>przestent.</strong></span> 
     </span>
    </p>
   </div>
   <div class='ocr_carea' id='block_1_65' title="bbox 1671 3547 1857 3627">
    <p class='ocr_par' dir='ltr' id='par_1_65' title="bbox 1671 3547 1857 3627">
     <span class='ocr_line' id='line_1_65' title="bbox 1671 3547 1857 3627; baseline 0.027 -17"><span class='ocrx_word' id='word_1_450' title='bbox 1671 3552 1701 3627; x_wconf 68' lang='grc' dir='ltr'>δ</span> <span class='ocrx_word' id='word_1_451' title='bbox 1743 3547 1857 3615; x_wconf 82' lang='lat' dir='ltr'><strong>1n.</strong></span> 
     </span>
    </p>
   </div>
   <div class='ocr_carea' id='block_1_66' title="bbox 211 3686 1724 3768">
    <p class='ocr_par' dir='ltr' id='par_1_66' title="bbox 211 3686 1724 3768">
     <span class='ocr_line' id='line_1_66' title="bbox 211 3686 1724 3768; baseline 0.002 -25"><span class='ocrx_word' id='word_1_452' title='bbox 211 3688 335 3763; x_wconf 81' lang='grc' dir='ltr'><strong>Χρὴ</strong></span> <span class='ocrx_word' id='word_1_453' title='bbox 367 3690 460 3755; x_wconf 85' lang='grc' dir='ltr'>δὲ,</span> <span class='ocrx_word' id='word_1_454' title='bbox 494 3692 572 3757; x_wconf 87' lang='grc' dir='ltr'><strong>ὡς</strong></span> <span class='ocrx_word' id='word_1_455' title='bbox 604 3686 789 3763; x_wconf 71' lang='grc' dir='ltr'>οἶμαι,</span> <span class='ocrx_word' id='word_1_456' title='bbox 825 3694 920 3748; x_wconf 65' lang='grc' dir='ltr'><strong>καὶ¹</strong></span> <span class='ocrx_word' id='word_1_457' title='bbox 952 3694 1143 3768; x_wconf 85' lang='grc' dir='ltr'>χρόνου</span> <span class='ocrx_word' id='word_1_458' title='bbox 1190 3695 1286 3749; x_wconf 74' lang='grc' dir='ltr'>καὶ</span> <span class='ocrx_word' id='word_1_459' title='bbox 1321 3694 1515 3757; x_wconf 85' lang='grc' dir='ltr'>αἰῶνος</span> <span class='ocrx_word' id='word_1_460' title='bbox 1565 3688 1724 3759; x_wconf 78' lang='grc' dir='ltr'>φύσιν</span> 
     </span>
    </p>
   </div>
   <div class='ocr_carea' id='block_1_67' title="bbox 139 3781 1726 3860">
    <p class='ocr_par' dir='ltr' id='par_1_67' title="bbox 139 3781 1726 3860">
     <span class='ocr_line' id='line_1_67' title="bbox 139 3781 1726 3860; baseline 0.003 -25"><span class='ocrx_word' id='word_1_461' title='bbox 139 3783 207 3836; x_wconf 84' lang='grc' dir='ltr'>ὲκ</span> <span class='ocrx_word' id='word_1_462' title='bbox 236 3781 350 3837; x_wconf 91' lang='grc' dir='ltr'><strong>τῶν</strong></span> <span class='ocrx_word' id='word_1_463' title='bbox 382 3783 581 3852; x_wconf 87' lang='grc' dir='ltr'>λογίων</span> <span class='ocrx_word' id='word_1_464' title='bbox 614 3784 845 3840; x_wconf 90' lang='grc' dir='ltr'>εἰδέναι·</span> <span class='ocrx_word' id='word_1_465' title='bbox 881 3788 976 3841; x_wconf 82' lang='grc' dir='ltr'>καὶ</span> <span class='ocrx_word' id='word_1_466' title='bbox 1021 3788 1131 3860; x_wconf 85' lang='grc' dir='ltr'>γὰρ</span> <span class='ocrx_word' id='word_1_467' title='bbox 1173 3788 1234 3842; x_wconf 85' lang='grc' dir='ltr'><strong>ού</strong></span> <span class='ocrx_word' id='word_1_468' title='bbox 1275 3789 1347 3842; x_wconf 87' lang='grc' dir='ltr'>τὰ</span> <span class='ocrx_word' id='word_1_469' title='bbox 1392 3789 1571 3843; x_wconf 89' lang='grc' dir='ltr'>πάντα</span> <span class='ocrx_word' id='word_1_470' title='bbox 1630 3787 1726 3842; x_wconf 75' lang='grc' dir='ltr'>καὶ</span> 
     </span>
    </p>
   </div>
   <div class='ocr_carea' id='block_1_68' title="bbox 140 3874 1728 3953">
    <p class='ocr_par' dir='ltr' id='par_1_68' title="bbox 140 3874 1728 3953">
     <span class='ocr_line' id='line_1_68' title="bbox 140 3874 1728 3953; baseline 0.006 -25"><span class='ocrx_word' id='word_1_471' title='bbox 140 3874 427 3940; x_wconf 87' lang='grc' dir='ltr'>ἀπολύτως</span> <span class='ocrx_word' id='word_1_472' title='bbox 475 3877 718 3949; x_wconf 77' lang='grc' dir='ltr'>ἀγένητα</span> <span class='ocrx_word' id='word_1_473' title='bbox 763 3879 857 3932; x_wconf 63' lang='grc' dir='ltr'><strong>καὶ¹</strong></span> <span class='ocrx_word' id='word_1_474' title='bbox 898 3879 1069 3944; x_wconf 79' lang='grc' dir='ltr'>ὅντως</span> <span class='ocrx_word' id='word_1_475' title='bbox 1111 3880 1256 3935; x_wconf 83' lang='grc' dir='ltr'>ἀΐδια</span> <span class='ocrx_word' id='word_1_476' title='bbox 1300 3880 1574 3953; x_wconf 88' lang='grc' dir='ltr'>πανταχοῦ</span> <span class='ocrx_word' id='word_1_477' title='bbox 1622 3898 1728 3953; x_wconf 84' lang='grc' dir='ltr'>φη-</span> 
     </span>
    </p>
   </div>
   <div class='ocr_carea' id='block_1_69' title="bbox 143 3966 1725 4045">
    <p class='ocr_par' dir='ltr' id='par_1_69' title="bbox 143 3966 1725 4045">
     <span class='ocr_line' id='line_1_69' title="bbox 143 3966 1725 4045; baseline 0.004 -25"><span class='ocrx_word' id='word_1_478' title='bbox 143 3984 228 4021; x_wconf 87' lang='grc' dir='ltr'><strong>σιν</strong></span> <span class='ocrx_word' id='word_1_479' title='bbox 270 3966 499 4035; x_wconf 77' lang='grc' dir='ltr'>αἰώνια,</span> <span class='ocrx_word' id='word_1_480' title='bbox 549 3974 645 4023; x_wconf 83' lang='grc' dir='ltr'>καὶ</span> <span class='ocrx_word' id='word_1_481' title='bbox 674 3970 745 4024; x_wconf 79' lang='grc' dir='ltr'><strong>τὰ</strong></span> <span class='ocrx_word' id='word_1_482' title='bbox 776 3969 1029 4045; x_wconf 77' lang='grc' dir='ltr'>ἄφθαρτα</span> <span class='ocrx_word' id='word_1_483' title='bbox 1058 3972 1150 4038; x_wconf 83' lang='grc' dir='ltr'>δὲ,</span> <span class='ocrx_word' id='word_1_484' title='bbox 1196 3974 1291 4028; x_wconf 74' lang='grc' dir='ltr'>καὶ</span> <span class='ocrx_word' id='word_1_485' title='bbox 1321 3973 1596 4039; x_wconf 88' lang='grc' dir='ltr'>ἀθάνατα,</span> <span class='ocrx_word' id='word_1_486' title='bbox 1630 3973 1725 4027; x_wconf 73' lang='grc' dir='ltr'><strong>καὶ</strong></span> 
     </span>
    </p>
   </div>
   <div class='ocr_carea' id='block_1_70' title="bbox 138 4058 1719 4135">
    <p class='ocr_par' dir='ltr' id='par_1_70' title="bbox 138 4058 1719 4135">
     <span class='ocr_line' id='line_1_70' title="bbox 138 4058 1719 4135; baseline 0.001 -22"><span class='ocrx_word' id='word_1_487' title='bbox 138 4058 507 4125; x_wconf 78' lang='grc' dir='ltr'>ἀναλλοίωτα,</span> <span class='ocrx_word' id='word_1_488' title='bbox 550 4060 644 4114; x_wconf 78' lang='grc' dir='ltr'>καὶ</span> <span class='ocrx_word' id='word_1_489' title='bbox 684 4060 815 4114; x_wconf 73' lang='grc' dir='ltr'>ὄντα</span> <span class='ocrx_word' id='word_1_490' title='bbox 857 4061 1150 4126; x_wconf 82' lang='grc' dir='ltr'>ὡσαύτως·</span> <span class='ocrx_word' id='word_1_491' title='bbox 1190 4062 1267 4126; x_wconf 82' lang='grc' dir='ltr'>ὡς</span> <span class='ocrx_word' id='word_1_492' title='bbox 1306 4062 1432 4116; x_wconf 79' lang='grc' dir='ltr'>ὅταν</span> <span class='ocrx_word' id='word_1_493' title='bbox 1465 4061 1598 4135; x_wconf 84' lang='grc' dir='ltr'>λέγῃ</span> <span class='ocrx_word' id='word_1_494' title='bbox 1628 4061 1719 4114; x_wconf 81' lang='grc' dir='ltr'>τό’</span> 
     </span>
    </p>
   </div>
   <div class='ocr_carea' id='block_1_71' title="bbox 154 4149 1725 4226">
    <p class='ocr_par' dir='ltr' id='par_1_71' title="bbox 154 4149 1725 4226">
     <span class='ocr_line' id='line_1_71' title="bbox 154 4149 1725 4226; baseline 0.001 -21"><span class='ocrx_word' id='word_1_495' title='bbox 154 4149 502 4220; x_wconf 80' lang='grc' dir='ltr'>Ἐπὰρθητε,</span> <span class='ocrx_word' id='word_1_496' title='bbox 538 4154 725 4206; x_wconf 81' lang='grc' dir='ltr'>πύλαι</span> <span class='ocrx_word' id='word_1_497' title='bbox 755 4151 998 4218; x_wconf 69' lang='lat' dir='ltr'><strong>ultimm,</strong></span> <span class='ocrx_word' id='word_1_498' title='bbox 1034 4154 1127 4207; x_wconf 75' lang='grc' dir='ltr'><strong>καὶ</strong></span> <span class='ocrx_word' id='word_1_499' title='bbox 1152 4153 1222 4207; x_wconf 79' lang='grc' dir='ltr'><strong>τὰ</strong></span> <span class='ocrx_word' id='word_1_500' title='bbox 1246 4155 1425 4226; x_wconf 86' lang='grc' dir='ltr'>ὃμοια.</span> <span class='ocrx_word' id='word_1_501' title='bbox 1458 4153 1725 4216; x_wconf 85' lang='grc' dir='ltr'>Πολλάκις</span> 
     </span>
    </p>
   </div>
   <div class='ocr_carea' id='block_1_72' title="bbox 138 4242 1726 4317">
    <p class='ocr_par' dir='ltr' id='par_1_72' title="bbox 138 4242 1726 4317">
     <span class='ocr_line' id='line_1_72' title="bbox 138 4242 1726 4317; baseline 0 -20"><span class='ocrx_word' id='word_1_502' title='bbox 138 4242 197 4297; x_wconf 77' lang='grc' dir='ltr'>δὲ</span> <span class='ocrx_word' id='word_1_503' title='bbox 224 4244 318 4297; x_wconf 79' lang='grc' dir='ltr'><strong>καὶ</strong></span> <span class='ocrx_word' id='word_1_504' title='bbox 350 4244 420 4298; x_wconf 73' lang='grc' dir='ltr'><strong>τὰ</strong></span> <span class='ocrx_word' id='word_1_505' title='bbox 448 4245 780 4316; x_wconf 83' lang='grc' dir='ltr'>ἀρχαιότατα</span> <span class='ocrx_word' id='word_1_506' title='bbox 795 4246 841 4278; x_wconf 75' lang='grc'><strong>’⁸</strong></span> <span class='ocrx_word' id='word_1_507' title='bbox 872 4247 938 4317; x_wconf 81' lang='grc' dir='ltr'>τῇ</span> <span class='ocrx_word' id='word_1_508' title='bbox 971 4245 1065 4299; x_wconf 82' lang='grc' dir='ltr'>τοῦ</span> <span class='ocrx_word' id='word_1_509' title='bbox 1100 4244 1293 4309; x_wconf 88' lang='grc' dir='ltr'>αἰῶνος</span> <span class='ocrx_word' id='word_1_510' title='bbox 1324 4245 1607 4316; x_wconf 73' lang='grc' dir='ltr'>ἐπωνυμία</span> <span class='ocrx_word' id='word_1_511' title='bbox 1629 4262 1726 4315; x_wconf 92' lang='grc' dir='ltr'>χα-</span> 
     </span>
    </p>
   </div>
   <div class='ocr_carea' id='block_1_73' title="bbox 142 4334 1724 4409">
    <p class='ocr_par' dir='ltr' id='par_1_73' title="bbox 142 4334 1724 4409">
     <span class='ocr_line' id='line_1_73' title="bbox 142 4334 1724 4409; baseline 0.001 -21"><span class='ocrx_word' id='word_1_512' title='bbox 142 4335 481 4407; x_wconf 78' lang='grc' dir='ltr'>ρακτηρίζει,</span> <span class='ocrx_word' id='word_1_513' title='bbox 518 4338 612 4390; x_wconf 74' lang='grc' dir='ltr'>καὶ</span> <span class='ocrx_word' id='word_1_514' title='bbox 643 4336 742 4408; x_wconf 85' lang='grc' dir='ltr'>τὴν</span> <span class='ocrx_word' id='word_1_515' title='bbox 773 4336 900 4409; x_wconf 84' lang='grc' dir='ltr'>ὅλην</span> <span class='ocrx_word' id='word_1_516' title='bbox 932 4337 989 4391; x_wconf 81' lang='grc' dir='ltr'>δὲ</span> <span class='ocrx_word' id='word_1_517' title='bbox 1021 4334 1176 4401; x_wconf 80' lang='grc' dir='ltr'>αὖθις</span> <span class='ocrx_word' id='word_1_518' title='bbox 1210 4334 1320 4390; x_wconf 78' lang='grc' dir='ltr'>ἔσθ’</span> <span class='ocrx_word' id='word_1_519' title='bbox 1352 4338 1440 4391; x_wconf 86' lang='grc' dir='ltr'>ὅτε</span> <span class='ocrx_word' id='word_1_520' title='bbox 1470 4336 1565 4390; x_wconf 83' lang='grc' dir='ltr'>τοῦ</span> <span class='ocrx_word' id='word_1_521' title='bbox 1601 4336 1724 4390; x_wconf 84' lang='grc' dir='ltr'>καθ’</span> 
     </span>
    </p>
   </div>
   <div class='ocr_carea' id='block_1_74' title="bbox 138 4428 1723 4503">
    <p class='ocr_par' dir='ltr' id='par_1_74' title="bbox 138 4428 1723 4503">
     <span class='ocr_line' id='line_1_74' title="bbox 138 4428 1723 4503; baseline 0.003 -23"><span class='ocrx_word' id='word_1_522' title='bbox 138 4428 286 4498; x_wconf 82' lang='grc' dir='ltr'>ἡμᾶς</span> <span class='ocrx_word' id='word_1_523' title='bbox 325 4428 520 4498; x_wconf 90' lang='grc' dir='ltr'>χρόνου</span> <span class='ocrx_word' id='word_1_524' title='bbox 562 4430 871 4502; x_wconf 85' lang='grc' dir='ltr'>παράτασιν</span> <span class='ocrx_word' id='word_1_525' title='bbox 914 4430 1085 4484; x_wconf 83' lang='grc' dir='ltr'>αἰῶνα</span> <span class='ocrx_word' id='word_1_526' title='bbox 1124 4430 1552 4503; x_wconf 82' lang='grc' dir='ltr'>προσαγορεύει,</span> <span class='ocrx_word' id='word_1_527' title='bbox 1598 4430 1723 4484; x_wconf 86' lang='grc' dir='ltr'>καθ’</span> 
     </span>
    </p>
   </div>
   <div class='ocr_carea' id='block_1_75' title="bbox 136 4518 1723 4596">
    <p class='ocr_par' dir='ltr' id='par_1_75' title="bbox 136 4518 1723 4596">
     <span class='ocr_line' id='line_1_75' title="bbox 136 4518 1723 4596; baseline 0.004 -25"><span class='ocrx_word' id='word_1_528' title='bbox 136 4518 261 4572; x_wconf 84' lang='grc' dir='ltr'>ὅσον</span> <span class='ocrx_word' id='word_1_529' title='bbox 302 4521 397 4573; x_wconf 56' lang='grc' dir='ltr'><strong>κοιλ¹</strong></span> <span class='ocrx_word' id='word_1_530' title='bbox 444 4520 642 4593; x_wconf 76' lang='grc' dir='ltr'>ἰδιότης</span> <span class='ocrx_word' id='word_1_531' title='bbox 688 4521 884 4586; x_wconf 88' lang='grc' dir='ltr'>αἰῶνός</span> <span class='ocrx_word' id='word_1_532' title='bbox 917 4525 1033 4576; x_wconf 73' lang='grc' dir='ltr'>ἐστι</span> <span class='ocrx_word' id='word_1_533' title='bbox 1064 4521 1125 4576; x_wconf 84' lang='grc' dir='ltr'>τὸ</span> <span class='ocrx_word' id='word_1_534' title='bbox 1155 4524 1379 4596; x_wconf 88' lang='grc' dir='ltr'>ἀρχαῖον</span> <span class='ocrx_word' id='word_1_535' title='bbox 1421 4524 1513 4577; x_wconf 73' lang='grc' dir='ltr'>καὶ</span> <span class='ocrx_word' id='word_1_536' title='bbox 1561 4523 1723 4577; x_wconf 86' lang='grc' dir='ltr'>ἀναλ-</span> 
     </span>
    </p>
   </div>
   <div class='ocr_carea' id='block_1_76' title="bbox 1901 3686 3408 3759">
    <p class='ocr_par' dir='ltr' id='par_1_76' title="bbox 1901 3686 3408 3759">
     <span class='ocr_line' id='line_1_76' title="bbox 1901 3686 3408 3759; baseline -0.005 -13"><span class='ocrx_word' id='word_1_537' title='bbox 1901 3686 2093 3758; x_wconf 66' lang='lat' dir='ltr'><strong>Opera:</strong></span> <span class='ocrx_word' id='word_1_538' title='bbox 2116 3687 2348 3759; x_wconf 85' lang='lat' dir='ltr'><strong>pretium</strong></span> <span class='ocrx_word' id='word_1_539' title='bbox 2379 3692 2560 3742; x_wconf 84' lang='lat' dir='ltr'><strong>autem</strong></span> <span class='ocrx_word' id='word_1_540' title='bbox 2589 3688 2748 3753; x_wconf 88' lang='lat' dir='ltr'><strong>duco,</strong></span> <span class='ocrx_word' id='word_1_541' title='bbox 2799 3694 2860 3741; x_wconf 88' lang='lat' dir='ltr'><strong>ut</strong></span> <span class='ocrx_word' id='word_1_542' title='bbox 2904 3686 3166 3757; x_wconf 86' lang='lat' dir='ltr'><strong>temporis</strong></span> <span class='ocrx_word' id='word_1_543' title='bbox 3207 3694 3265 3743; x_wconf 91' lang='lat' dir='ltr'><strong>et</strong></span> <span class='ocrx_word' id='word_1_544' title='bbox 3307 3691 3408 3747; x_wconf 69' lang='lat' dir='ltr'><strong>{nvi</strong></span> 
     </span>
    </p>
   </div>
   <div class='ocr_carea' id='block_1_77' title="bbox 1831 3777 3408 3848">
    <p class='ocr_par' dir='ltr' id='par_1_77' title="bbox 1831 3777 3408 3848">
     <span class='ocr_line' id='line_1_77' title="bbox 1831 3777 3408 3848; baseline -0.001 -11"><span class='ocrx_word' id='word_1_545' title='bbox 1831 3795 1927 3837; x_wconf 89' lang='lat' dir='ltr'><strong>seu</strong></span> <span class='ocrx_word' id='word_1_546' title='bbox 1955 3782 2277 3835; x_wconf 58' lang='lat' dir='ltr'><strong>aeternitatis</strong></span> <span class='ocrx_word' id='word_1_547' title='bbox 2314 3789 2564 3834; x_wconf 90' lang='lat' dir='ltr'><strong>naturam</strong></span> <span class='ocrx_word' id='word_1_548' title='bbox 2594 3793 2661 3832; x_wconf 84' lang='lat' dir='ltr'><strong>ex</strong></span> <span class='ocrx_word' id='word_1_549' title='bbox 2688 3777 2991 3848; x_wconf 90' lang='lat' dir='ltr'><strong>Scripturis</strong></span> <span class='ocrx_word' id='word_1_550' title='bbox 3016 3778 3191 3833; x_wconf 86' lang='lat' dir='ltr'><strong>sacris</strong></span> <span class='ocrx_word' id='word_1_551' title='bbox 3220 3780 3408 3836; x_wconf 85' lang='lat' dir='ltr'><strong>addis-</strong></span> 
     </span>
    </p>
   </div>
   <div class='ocr_carea' id='block_1_78' title="bbox 1830 3868 3411 3943">
    <p class='ocr_par' dir='ltr' id='par_1_78' title="bbox 1830 3868 3411 3943">
     <span class='ocr_line' id='line_1_78' title="bbox 1830 3868 3411 3943; baseline 0.001 -16"><span class='ocrx_word' id='word_1_552' title='bbox 1830 3886 2054 3937; x_wconf 88' lang='lat' dir='ltr'><strong>camus;</strong></span> <span class='ocrx_word' id='word_1_553' title='bbox 2101 3886 2279 3941; x_wconf 88' lang='lat' dir='ltr'><strong>neque</strong></span> <span class='ocrx_word' id='word_1_554' title='bbox 2319 3870 2464 3925; x_wconf 89' lang='lat' dir='ltr'><strong>enim</strong></span> <span class='ocrx_word' id='word_1_555' title='bbox 2493 3869 2717 3924; x_wconf 91' lang='lat' dir='ltr'><strong>omnino</strong></span> <span class='ocrx_word' id='word_1_556' title='bbox 2742 3878 2798 3925; x_wconf 91' lang='lat' dir='ltr'><strong>et</strong></span> <span class='ocrx_word' id='word_1_557' title='bbox 2827 3868 3075 3924; x_wconf 86' lang='lat' dir='ltr'><strong>absolute</strong></span> <span class='ocrx_word' id='word_1_558' title='bbox 3100 3878 3226 3924; x_wconf 90' lang='lat' dir='ltr'><strong>sunt</strong></span> <span class='ocrx_word' id='word_1_559' title='bbox 3257 3871 3411 3943; x_wconf 55' lang='lat' dir='ltr'><strong>inge.</strong></span> 
     </span>
    </p>
   </div>
   <div class='ocr_carea' id='block_1_79' title="bbox 1832 3963 3409 4034">
    <p class='ocr_par' dir='ltr' id='par_1_79' title="bbox 1832 3963 3409 4034">
     <span class='ocr_line' id='line_1_79' title="bbox 1832 3963 3409 4034; baseline -0.001 -13"><span class='ocrx_word' id='word_1_560' title='bbox 1832 3966 1944 4021; x_wconf 91' lang='lat' dir='ltr'><strong>nita</strong></span> <span class='ocrx_word' id='word_1_561' title='bbox 1968 3979 2203 4034; x_wconf 88' lang='lat' dir='ltr'><strong>vereque</strong></span> <span class='ocrx_word' id='word_1_562' title='bbox 2228 3966 2581 4034; x_wconf 88' lang='lat' dir='ltr'><strong>sempiterna,</strong></span> <span class='ocrx_word' id='word_1_563' title='bbox 2615 3978 2735 4034; x_wconf 64' lang='lat' dir='ltr'><strong>qua:</strong></span> <span class='ocrx_word' id='word_1_564' title='bbox 2759 3963 2959 4033; x_wconf 88' lang='lat' dir='ltr'><strong>passim</strong></span> <span class='ocrx_word' id='word_1_565' title='bbox 2984 3972 3186 4017; x_wconf 64' lang='lat' dir='ltr'><strong>acterna</strong></span> <span class='ocrx_word' id='word_1_566' title='bbox 3210 3974 3409 4020; x_wconf 85' lang='lat' dir='ltr'><strong>vocant</strong></span> 
     </span>
    </p>
   </div>
   <div class='ocr_carea' id='block_1_80' title="bbox 1829 4054 3406 4126">
    <p class='ocr_par' dir='ltr' id='par_1_80' title="bbox 1829 4054 3406 4126">
     <span class='ocr_line' id='line_1_80' title="bbox 1829 4054 3406 4126; baseline -0.001 -14"><span class='ocrx_word' id='word_1_567' title='bbox 1829 4066 1885 4112; x_wconf 87' lang='lat' dir='ltr'><strong>et</strong></span> <span class='ocrx_word' id='word_1_568' title='bbox 1906 4056 2239 4126; x_wconf 91' lang='lat' dir='ltr'><strong>incorrupta,</strong></span> <span class='ocrx_word' id='word_1_569' title='bbox 2270 4055 2712 4124; x_wconf 84' lang='lat' dir='ltr'><strong>immortaliaque</strong></span> <span class='ocrx_word' id='word_1_570' title='bbox 2742 4064 2797 4110; x_wconf 87' lang='lat' dir='ltr'><strong>et</strong></span> <span class='ocrx_word' id='word_1_571' title='bbox 2827 4054 3209 4121; x_wconf 86' lang='lat' dir='ltr'><strong>immutabilia,</strong></span> <span class='ocrx_word' id='word_1_572' title='bbox 3243 4065 3406 4125; x_wconf 88' lang='lat' dir='ltr'><strong>atque</strong></span> 
     </span>
    </p>
   </div>
   <div class='ocr_carea' id='block_1_81' title="bbox 1828 4146 3404 4215">
    <p class='ocr_par' dir='ltr' id='par_1_81' title="bbox 1828 4146 3404 4215">
     <span class='ocr_line' id='line_1_81' title="bbox 1828 4146 3404 4215; baseline -0.003 -11"><span class='ocrx_word' id='word_1_573' title='bbox 1828 4151 2018 4206; x_wconf 90' lang='lat' dir='ltr'><strong>eodem</strong></span> <span class='ocrx_word' id='word_1_574' title='bbox 2062 4151 2220 4205; x_wconf 92' lang='lat' dir='ltr'><strong>modo</strong></span> <span class='ocrx_word' id='word_1_575' title='bbox 2247 4163 2306 4204; x_wconf 90' lang='lat' dir='ltr'><strong>se</strong></span> <span class='ocrx_word' id='word_1_576' title='bbox 2335 4148 2623 4215; x_wconf 87' lang='lat' dir='ltr'><strong>habentia;</strong></span> <span class='ocrx_word' id='word_1_577' title='bbox 2656 4146 2798 4202; x_wconf 91' lang='lat' dir='ltr'><strong>sicut</strong></span> <span class='ocrx_word' id='word_1_578' title='bbox 2835 4161 2960 4201; x_wconf 89' lang='lat' dir='ltr'><strong>cum</strong></span> <span class='ocrx_word' id='word_1_579' title='bbox 2988 4147 3181 4214; x_wconf 89' lang='lat' dir='ltr'><strong>aiunt,</strong></span> <span class='ocrx_word' id='word_1_580' title='bbox 3216 4146 3404 4203; x_wconf 79' lang='lat' dir='ltr'><strong>Eleva-</strong></span> 
     </span>
    </p>
   </div>
   <div class='ocr_carea' id='block_1_82' title="bbox 1829 4236 3403 4310">
    <p class='ocr_par' dir='ltr' id='par_1_82' title="bbox 1829 4236 3403 4310">
     <span class='ocr_line' id='line_1_82' title="bbox 1829 4236 3403 4310; baseline -0.001 -15"><span class='ocrx_word' id='word_1_581' title='bbox 1829 4243 1983 4308; x_wconf 85' lang='lat' dir='ltr'><strong>mini,</strong></span> <span class='ocrx_word' id='word_1_582' title='bbox 2010 4252 2176 4310; x_wconf 78' lang='lat' dir='ltr'><strong>porta:</strong></span> <span class='ocrx_word' id='word_1_583' title='bbox 2222 4237 2535 4296; x_wconf 72' lang='lat' dir='ltr'><strong>(eternales&#39;</strong></span> <span class='ocrx_word' id='word_1_584' title='bbox 2568 4281 2582 4305; x_wconf 94' lang='lat'><strong>,</strong></span> <span class='ocrx_word' id='word_1_585' title='bbox 2632 4249 2688 4294; x_wconf 89' lang='lat' dir='ltr'><strong>et</strong></span> <span class='ocrx_word' id='word_1_586' title='bbox 2739 4239 2959 4293; x_wconf 86' lang='lat' dir='ltr'><strong>similia.</strong></span> <span class='ocrx_word' id='word_1_587' title='bbox 3014 4236 3403 4307; x_wconf 69' lang='lat' dir='ltr'><strong>Saepenumero</strong></span> 
     </span>
    </p>
   </div>
   <div class='ocr_carea' id='block_1_83' title="bbox 1828 4330 3403 4404">
    <p class='ocr_par' dir='ltr' id='par_1_83' title="bbox 1828 4330 3403 4404">
     <span class='ocr_line' id='line_1_83' title="bbox 1828 4330 3403 4404; baseline -0.004 -14"><span class='ocrx_word' id='word_1_588' title='bbox 1828 4336 1994 4391; x_wconf 90' lang='lat' dir='ltr'><strong>etiam</strong></span> <span class='ocrx_word' id='word_1_589' title='bbox 2017 4335 2397 4403; x_wconf 89' lang='lat' dir='ltr'><strong>antiquissima</strong></span> <span class='ocrx_word' id='word_1_590' title='bbox 2426 4348 2659 4404; x_wconf 76' lang='lat' dir='ltr'><strong>quaeque</strong></span> <span class='ocrx_word' id='word_1_591' title='bbox 2690 4333 3014 4387; x_wconf 73' lang='lat' dir='ltr'><strong>azternitatis</strong></span> <span class='ocrx_word' id='word_1_592' title='bbox 3037 4330 3403 4402; x_wconf 88' lang='lat' dir='ltr'><strong>appellatione</strong></span> 
     </span>
    </p>
   </div>
   <div class='ocr_carea' id='block_1_84' title="bbox 1828 4424 3401 4500">
    <p class='ocr_par' dir='ltr' id='par_1_84' title="bbox 1828 4424 3401 4500">
     <span class='ocr_line' id='line_1_84' title="bbox 1828 4424 3401 4500; baseline -0.005 -16"><span class='ocrx_word' id='word_1_593' title='bbox 1828 4428 2158 4500; x_wconf 78' lang='lat' dir='ltr'><strong>signiﬁcant,</strong></span> <span class='ocrx_word' id='word_1_594' title='bbox 2186 4436 2246 4482; x_wconf 92' lang='lat' dir='ltr'><strong>ut</strong></span> <span class='ocrx_word' id='word_1_595' title='bbox 2274 4442 2399 4482; x_wconf 88' lang='lat' dir='ltr'><strong>cum</strong></span> <span class='ocrx_word' id='word_1_596' title='bbox 2435 4427 2747 4481; x_wconf 84' lang='lat' dir='ltr'><strong>universam</strong></span> <span class='ocrx_word' id='word_1_597' title='bbox 2797 4425 3058 4494; x_wconf 88' lang='lat' dir='ltr'><strong>temporis</strong></span> <span class='ocrx_word' id='word_1_598' title='bbox 3093 4424 3264 4478; x_wconf 86' lang='lat' dir='ltr'><strong>nostri</strong></span> <span class='ocrx_word' id='word_1_599' title='bbox 3300 4424 3401 4478; x_wconf 85' lang='lat' dir='ltr'><strong>dn-</strong></span> 
     </span>
    </p>
   </div>
   <div class='ocr_carea' id='block_1_85' title="bbox 1827 4516 3402 4588">
    <p class='ocr_par' dir='ltr' id='par_1_85' title="bbox 1827 4516 3402 4588">
     <span class='ocr_line' id='line_1_85' title="bbox 1827 4516 3402 4588; baseline -0.003 -11"><span class='ocrx_word' id='word_1_600' title='bbox 1827 4524 2094 4578; x_wconf 89' lang='lat' dir='ltr'><strong>ralionem</strong></span> <span class='ocrx_word' id='word_1_601' title='bbox 2139 4520 2503 4576; x_wconf 65' lang='lat' dir='ltr'><strong>aeternitatem</strong></span> <span class='ocrx_word' id='word_1_602' title='bbox 2550 4526 2787 4582; x_wconf 83' lang='lat' dir='ltr'><strong>vocant,</strong></span> <span class='ocrx_word' id='word_1_603' title='bbox 2826 4528 3099 4588; x_wconf 89' lang='lat' dir='ltr'><strong>quatenus</strong></span> <span class='ocrx_word' id='word_1_604' title='bbox 3147 4516 3402 4572; x_wconf 81' lang='lat' dir='ltr'><strong>videlicet</strong></span> 
     </span>
    </p>
   </div>
   <div class='ocr_carea' id='block_1_86' title="bbox 137 4605 1737 4687">
    <p class='ocr_par' dir='ltr' id='par_1_86' title="bbox 137 4610 1720 4687">
     <span class='ocr_line' id='line_1_86' title="bbox 137 4610 1720 4687; baseline 0.003 -24"><span class='ocrx_word' id='word_1_605' title='bbox 137 4610 379 4676; x_wconf 86' lang='grc' dir='ltr'>λοίωτον,</span> <span class='ocrx_word' id='word_1_606' title='bbox 415 4614 510 4666; x_wconf 79' lang='grc' dir='ltr'>καὶ</span> <span class='ocrx_word' id='word_1_607' title='bbox 540 4614 600 4667; x_wconf 86' lang='grc' dir='ltr'>τὸ</span> <span class='ocrx_word' id='word_1_608' title='bbox 628 4614 856 4668; x_wconf 84' lang='grc' dir='ltr'>καθόλου</span> <span class='ocrx_word' id='word_1_609' title='bbox 886 4612 948 4668; x_wconf 79' lang='grc' dir='ltr'>τὸ</span> <span class='ocrx_word' id='word_1_610' title='bbox 980 4611 1118 4668; x_wconf 74' lang='grc' dir='ltr'>εἶναι</span> <span class='ocrx_word' id='word_1_611' title='bbox 1154 4618 1391 4687; x_wconf 86' lang='grc' dir='ltr'>μετρεῖν.</span> <span class='ocrx_word' id='word_1_612' title='bbox 1426 4615 1630 4686; x_wconf 86' lang='grc' dir='ltr'>Χρόνον</span> <span class='ocrx_word' id='word_1_613' title='bbox 1663 4615 1720 4669; x_wconf 84' lang='grc' dir='ltr'>δὲ</span> 
     </span>
    </p>
   </div>
   <div class='ocr_carea' id='block_1_87' title="bbox 1841 4605 3398 4687">
    <p class='ocr_par' dir='ltr' id='par_1_87' title="bbox 1841 4608 3398 4684">
     <span class='ocr_line' id='line_1_87' title="bbox 1841 4608 3398 4684; baseline -0.004 -17"><span class='ocrx_word' id='word_1_614' title='bbox 1841 4615 2105 4684; x_wconf 84' lang='lat' dir='ltr'><strong>mtiquum</strong></span> <span class='ocrx_word' id='word_1_615' title='bbox 2160 4626 2280 4668; x_wconf 84' lang='lat' dir='ltr'><strong>esse</strong></span> <span class='ocrx_word' id='word_1_616' title='bbox 2329 4620 2385 4665; x_wconf 92' lang='lat' dir='ltr'><strong>et</strong></span> <span class='ocrx_word' id='word_1_617' title='bbox 2435 4608 2771 4664; x_wconf 89' lang='lat' dir='ltr'><strong>immutabile</strong></span> <span class='ocrx_word' id='word_1_618' title='bbox 2802 4648 2818 4672; x_wconf 94' lang='lat'><strong>,</strong></span> <span class='ocrx_word' id='word_1_619' title='bbox 2873 4616 3152 4676; x_wconf 89' lang='lat' dir='ltr'><strong>totumque</strong></span> <span class='ocrx_word' id='word_1_620' title='bbox 3212 4622 3398 4661; x_wconf 88' lang='lat' dir='ltr'><strong>rerum</strong></span> 
     </span>
    </p>
   </div>
   <div class='ocr_carea' id='block_1_88' title="bbox 138 4705 1718 4780">
    <p class='ocr_par' dir='ltr' id='par_1_88' title="bbox 138 4705 1718 4780">
     <span class='ocr_line' id='line_1_88' title="bbox 138 4705 1718 4780; baseline 0.003 -23"><span class='ocrx_word' id='word_1_621' title='bbox 138 4705 296 4758; x_wconf 80' lang='grc' dir='ltr'>καλεῖ</span> <span class='ocrx_word' id='word_1_622' title='bbox 323 4705 415 4759; x_wconf 83' lang='grc' dir='ltr'>τὸν</span> <span class='ocrx_word' id='word_1_623' title='bbox 447 4709 506 4760; x_wconf 85' lang='grc' dir='ltr'><strong>έν</strong></span> <span class='ocrx_word' id='word_1_624' title='bbox 537 4707 748 4777; x_wconf 84' lang='grc' dir='ltr'>γενέσει</span> <span class='ocrx_word' id='word_1_625' title='bbox 781 4708 875 4761; x_wconf 70' lang='grc' dir='ltr'>καὶ</span> <span class='ocrx_word' id='word_1_626' title='bbox 900 4708 1074 4780; x_wconf 83' lang='grc' dir='ltr'>φθορᾷ</span> <span class='ocrx_word' id='word_1_627' title='bbox 1096 4747 1112 4773; x_wconf 91' lang='grc'><strong>,</strong></span> <span class='ocrx_word' id='word_1_628' title='bbox 1147 4709 1241 4762; x_wconf 77' lang='grc' dir='ltr'>καὶ</span> <span class='ocrx_word' id='word_1_629' title='bbox 1273 4707 1554 4761; x_wconf 82' lang='grc' dir='ltr'>ἀλλοιώσει</span> <span class='ocrx_word' id='word_1_630' title='bbox 1573 4750 1588 4774; x_wconf 93' lang='grc'><strong>,</strong></span> <span class='ocrx_word' id='word_1_631' title='bbox 1622 4710 1718 4763; x_wconf 73' lang='grc' dir='ltr'>καὶ</span> 
     </span>
    </p>
   </div>
   <div class='ocr_carea' id='block_1_89' title="bbox 137 4794 1719 4870">
    <p class='ocr_par' dir='ltr' id='par_1_89' title="bbox 137 4794 1719 4870">
     <span class='ocr_line' id='line_1_89' title="bbox 137 4794 1719 4870; baseline 0.003 -21"><span class='ocrx_word' id='word_1_632' title='bbox 137 4794 327 4849; x_wconf 80' lang='grc' dir='ltr'>ἄλλοτε</span> <span class='ocrx_word' id='word_1_633' title='bbox 378 4796 550 4860; x_wconf 80' lang='grc' dir='ltr'>ἄλλως</span> <span class='ocrx_word' id='word_1_634' title='bbox 606 4797 828 4868; x_wconf 75' lang='grc' dir='ltr'>ἔχοντα’</span> <span class='ocrx_word' id='word_1_635' title='bbox 884 4799 963 4851; x_wconf 84' lang='grc' dir='ltr'>διὸ</span> <span class='ocrx_word' id='word_1_636' title='bbox 1017 4800 1111 4851; x_wconf 77' lang='grc' dir='ltr'>καὶ</span> <span class='ocrx_word' id='word_1_637' title='bbox 1158 4800 1306 4870; x_wconf 80' lang='grc' dir='ltr'>ἡμᾶς</span> <span class='ocrx_word' id='word_1_638' title='bbox 1346 4800 1532 4853; x_wconf 84' lang='grc' dir='ltr'>ὲνθάδε</span> <span class='ocrx_word' id='word_1_639' title='bbox 1579 4799 1719 4854; x_wconf 82' lang='grc' dir='ltr'><strong>κατά</strong></span> 
     </span>
    </p>
   </div>
   <div class='ocr_carea' id='block_1_90' title="bbox 137 4893 1720 4972">
    <p class='ocr_par' dir='ltr' id='par_1_90' title="bbox 137 4893 1720 4972">
     <span class='ocr_line' id='line_1_90' title="bbox 137 4893 1720 4972; baseline 0.007 -26"><span class='ocrx_word' id='word_1_640' title='bbox 137 4893 329 4965; x_wconf 82' lang='grc' dir='ltr'>χρόνον</span> <span class='ocrx_word' id='word_1_641' title='bbox 380 4896 729 4967; x_wconf 77' lang='grc' dir='ltr'>ὁριζομένους</span> <span class='ocrx_word' id='word_1_642' title='bbox 783 4898 977 4963; x_wconf 84' lang='grc' dir='ltr'>αἰῶνος</span> <span class='ocrx_word' id='word_1_643' title='bbox 1045 4897 1349 4971; x_wconf 76' lang='grc' dir='ltr'>μεθέξειν⁹⁷</span> <span class='ocrx_word' id='word_1_644' title='bbox 1396 4904 1428 4971; x_wconf 89' lang='grc' dir='ltr'><strong>ἡ</strong></span> <span class='ocrx_word' id='word_1_645' title='bbox 1476 4901 1720 4972; x_wconf 87' lang='grc' dir='ltr'>θεολογία</span> 
     </span>
    </p>
   </div>
   <div class='ocr_carea' id='block_1_91' title="bbox 139 4986 1721 5066">
    <p class='ocr_par' dir='ltr' id='par_1_91' title="bbox 139 4986 1721 5066">
     <span class='ocr_line' id='line_1_91' title="bbox 139 4986 1721 5066; baseline 0.01 -31"><span class='ocrx_word' id='word_1_646' title='bbox 139 4986 325 5058; x_wconf 75' lang='grc' dir='ltr'>φησὶν,</span> <span class='ocrx_word' id='word_1_647' title='bbox 364 4988 529 5059; x_wconf 80' lang='grc' dir='ltr'>ἡνίκα</span> <span class='ocrx_word' id='word_1_648' title='bbox 547 4989 642 5042; x_wconf 80' lang='grc' dir='ltr'>τοῦ</span> <span class='ocrx_word' id='word_1_649' title='bbox 677 4991 957 5063; x_wconf 85' lang='grc' dir='ltr'>ἀφθάρτου</span> <span class='ocrx_word' id='word_1_650' title='bbox 986 4993 1081 5045; x_wconf 80' lang='grc' dir='ltr'>καὶ</span> <span class='ocrx_word' id='word_1_651' title='bbox 1101 4992 1188 5045; x_wconf 74' lang='grc' dir='ltr'>ἀεὶ</span> <span class='ocrx_word' id='word_1_652' title='bbox 1212 4991 1472 5058; x_wconf 82' lang='grc' dir='ltr'>ὡσαύτως</span> <span class='ocrx_word' id='word_1_653' title='bbox 1507 4995 1721 5066; x_wconf 79' lang='grc' dir='ltr'>ἔχοντος</span> 
     </span>
    </p>
   </div>
   <div class='ocr_carea' id='block_1_92' title="bbox 139 5077 1719 5158">
    <p class='ocr_par' dir='ltr' id='par_1_92' title="bbox 139 5077 1719 5158">
     <span class='ocr_line' id='line_1_92' title="bbox 139 5077 1719 5158; baseline 0.008 -29"><span class='ocrx_word' id='word_1_654' title='bbox 139 5077 333 5142; x_wconf 81' lang='grc' dir='ltr'>αἰῶνος</span> <span class='ocrx_word' id='word_1_655' title='bbox 359 5079 696 5151; x_wconf 83' lang='grc' dir='ltr'>ὲφικώμεθα.</span> <span class='ocrx_word' id='word_1_656' title='bbox 728 5083 853 5147; x_wconf 88' lang='grc' dir='ltr'>Τοῖς</span> <span class='ocrx_word' id='word_1_657' title='bbox 887 5082 1088 5151; x_wconf 84' lang='grc' dir='ltr'>λογίοις</span> <span class='ocrx_word' id='word_1_658' title='bbox 1125 5083 1181 5135; x_wconf 82' lang='grc' dir='ltr'>δὲ</span> <span class='ocrx_word' id='word_1_659' title='bbox 1224 5083 1333 5137; x_wconf 75' lang='grc' dir='ltr'>ἔσθ’</span> <span class='ocrx_word' id='word_1_660' title='bbox 1373 5087 1461 5139; x_wconf 84' lang='grc' dir='ltr'>ὅτε</span> <span class='ocrx_word' id='word_1_661' title='bbox 1496 5089 1589 5141; x_wconf 76' lang='grc' dir='ltr'>καὶ</span> <span class='ocrx_word' id='word_1_662' title='bbox 1628 5088 1719 5158; x_wconf 73' lang='grc' dir='ltr'><strong>ἔγ-</strong></span> 
     </span>
    </p>
   </div>
   <div class='ocr_carea' id='block_1_93' title="bbox 138 5166 1721 5247">
    <p class='ocr_par' dir='ltr' id='par_1_93' title="bbox 138 5166 1721 5247">
     <span class='ocr_line' id='line_1_93' title="bbox 138 5166 1721 5247; baseline 0.008 -28"><span class='ocrx_word' id='word_1_663' title='bbox 138 5184 329 5239; x_wconf 83' lang='grc' dir='ltr'>χρονος</span> <span class='ocrx_word' id='word_1_664' title='bbox 359 5166 493 5222; x_wconf 81' lang='grc' dir='ltr'>αἰὼν</span> <span class='ocrx_word' id='word_1_665' title='bbox 524 5170 837 5235; x_wconf 79' lang='grc' dir='ltr'>δοξάζεται,</span> <span class='ocrx_word' id='word_1_666' title='bbox 874 5172 969 5225; x_wconf 79' lang='grc' dir='ltr'>καὶ</span> <span class='ocrx_word' id='word_1_667' title='bbox 1012 5172 1228 5238; x_wconf 84' lang='grc' dir='ltr'>αἰώνιος</span> <span class='ocrx_word' id='word_1_668' title='bbox 1269 5175 1487 5247; x_wconf 73' lang='grc' dir='ltr'>χρόνοςο</span> <span class='ocrx_word' id='word_1_669' title='bbox 1532 5179 1579 5229; x_wconf 89' lang='grc' dir='ltr'><strong>εἰ</strong></span> <span class='ocrx_word' id='word_1_670' title='bbox 1626 5180 1721 5231; x_wconf 81' lang='grc' dir='ltr'>καὶ</span> 
     </span>
    </p>
   </div>
   <div class='ocr_carea' id='block_1_94' title="bbox 141 5258 1721 5339">
    <p class='ocr_par' dir='ltr' id='par_1_94' title="bbox 141 5258 1721 5339">
     <span class='ocr_line' id='line_1_94' title="bbox 141 5258 1721 5339; baseline 0.006 -28"><span class='ocrx_word' id='word_1_671' title='bbox 141 5258 341 5328; x_wconf 74' lang='grc' dir='ltr'>μᾶλλον</span> <span class='ocrx_word' id='word_1_672' title='bbox 385 5259 543 5331; x_wconf 80' lang='grc' dir='ltr'>ἴσμεν</span> <span class='ocrx_word' id='word_1_673' title='bbox 583 5262 802 5325; x_wconf 80' lang='grc' dir='ltr'>αὐτοῖς,</span> <span class='ocrx_word' id='word_1_674' title='bbox 847 5263 939 5317; x_wconf 75' lang='grc' dir='ltr'>καὶ</span> <span class='ocrx_word' id='word_1_675' title='bbox 994 5263 1325 5335; x_wconf 85' lang='grc' dir='ltr'>κυριώτερον</span> <span class='ocrx_word' id='word_1_676' title='bbox 1366 5264 1435 5319; x_wconf 82' lang='grc' dir='ltr'><strong>τά</strong></span> <span class='ocrx_word' id='word_1_677' title='bbox 1476 5264 1606 5320; x_wconf 73' lang='grc' dir='ltr'>ὅντα</span> <span class='ocrx_word' id='word_1_678' title='bbox 1643 5267 1721 5339; x_wconf 82' lang='grc' dir='ltr'>τῷ</span> 
     </span>
    </p>
   </div>
   <div class='ocr_carea' id='block_1_95' title="bbox 215 5434 787 5504">
    <p class='ocr_par' dir='ltr' id='par_1_95' title="bbox 215 5434 787 5504">
     <span class='ocr_line' id='line_1_95' title="bbox 215 5434 787 5504; baseline 0.002 -13"><span class='ocrx_word' id='word_1_679' title='bbox 215 5434 235 5475; x_wconf 80' lang='grc' dir='ltr'>ι</span> <span class='ocrx_word' id='word_1_680' title='bbox 268 5436 412 5492; x_wconf 88' lang='lat' dir='ltr'><strong>Psal.</strong></span> <span class='ocrx_word' id='word_1_681' title='bbox 449 5452 607 5500; x_wconf 74' lang='lat' dir='ltr'><strong>nm,</strong></span> <span class='ocrx_word' id='word_1_682' title='bbox 644 5435 698 5504; x_wconf 87' lang='lat'><strong>7,</strong></span> <span class='ocrx_word' id='word_1_683' title='bbox 733 5435 787 5492; x_wconf 89' lang='lat'><strong>9.</strong></span> 
     </span>
    </p>
   </div>
   <div class='ocr_carea' id='block_1_96' title="bbox 1823 4697 3400 4770">
    <p class='ocr_par' dir='ltr' id='par_1_96' title="bbox 1823 4697 3400 4770">
     <span class='ocr_line' id='line_1_96' title="bbox 1823 4697 3400 4770; baseline -0.008 -10"><span class='ocrx_word' id='word_1_684' title='bbox 1823 4715 2025 4760; x_wconf 91' lang='lat' dir='ltr'><strong>statum</strong></span> <span class='ocrx_word' id='word_1_685' title='bbox 2056 4716 2372 4757; x_wconf 89' lang='lat' dir='ltr'><strong>mensurare</strong></span> <span class='ocrx_word' id='word_1_686' title='bbox 2400 4699 2678 4770; x_wconf 88' lang='lat' dir='ltr'><strong>proprimn</strong></span> <span class='ocrx_word' id='word_1_687' title='bbox 2723 4709 2810 4753; x_wconf 90' lang='lat' dir='ltr'><strong>est</strong></span> <span class='ocrx_word' id='word_1_688' title='bbox 2853 4697 3203 4753; x_wconf 68' lang='lat' dir='ltr'><strong>aeternitatis.</strong></span> <span class='ocrx_word' id='word_1_689' title='bbox 3236 4697 3400 4752; x_wconf 86' lang='lat' dir='ltr'><strong>Tem-</strong></span> 
     </span>
    </p>
   </div>
   <div class='ocr_carea' id='block_1_97' title="bbox 1823 4789 3392 4870">
    <p class='ocr_par' dir='ltr' id='par_1_97' title="bbox 1823 4789 3392 4870">
     <span class='ocr_line' id='line_1_97' title="bbox 1823 4789 3392 4870; baseline -0.006 -16"><span class='ocrx_word' id='word_1_690' title='bbox 1823 4814 1923 4870; x_wconf 87' lang='lat' dir='ltr'><strong>pus</strong></span> <span class='ocrx_word' id='word_1_691' title='bbox 1952 4813 2078 4852; x_wconf 87' lang='lat' dir='ltr'><strong>vero</strong></span> <span class='ocrx_word' id='word_1_692' title='bbox 2107 4794 2379 4864; x_wconf 85' lang='lat' dir='ltr'><strong>appellant</strong></span> <span class='ocrx_word' id='word_1_693' title='bbox 2414 4794 2465 4847; x_wconf 91' lang='lat' dir='ltr'><strong>id</strong></span> <span class='ocrx_word' id='word_1_694' title='bbox 2499 4792 2640 4861; x_wconf 91' lang='lat' dir='ltr'><strong>quod</strong></span> <span class='ocrx_word' id='word_1_695' title='bbox 2674 4799 2954 4846; x_wconf 90' lang='lat' dir='ltr'><strong>mensurat</strong></span> <span class='ocrx_word' id='word_1_696' title='bbox 2981 4789 3392 4860; x_wconf 78' lang='lat' dir='ltr'><strong>generationem</strong></span> 
     </span>
    </p>
   </div>
   <div class='ocr_carea' id='block_1_98' title="bbox 1823 4882 3397 4957">
    <p class='ocr_par' dir='ltr' id='par_1_98' title="bbox 1823 4882 3397 4957">
     <span class='ocr_line' id='line_1_98' title="bbox 1823 4882 3397 4957; baseline -0.005 -12"><span class='ocrx_word' id='word_1_697' title='bbox 1823 4901 1879 4945; x_wconf 89' lang='lat' dir='ltr'><strong>et</strong></span> <span class='ocrx_word' id='word_1_698' title='bbox 1909 4889 2314 4957; x_wconf 89' lang='lat' dir='ltr'><strong>corruptionem</strong></span> <span class='ocrx_word' id='word_1_699' title='bbox 2348 4896 2511 4956; x_wconf 88' lang='lat' dir='ltr'><strong>atque</strong></span> <span class='ocrx_word' id='word_1_700' title='bbox 2542 4886 2950 4949; x_wconf 86' lang='lat' dir='ltr'><strong>alterationem,</strong></span> <span class='ocrx_word' id='word_1_701' title='bbox 2976 4886 3231 4953; x_wconf 88' lang='lat' dir='ltr'><strong>quodque</strong></span> <span class='ocrx_word' id='word_1_702' title='bbox 3257 4882 3397 4937; x_wconf 84' lang='lat' dir='ltr'><strong>alias</strong></span> 
     </span>
    </p>
   </div>
   <div class='ocr_carea' id='block_1_99' title="bbox 1825 4975 3398 5046">
    <p class='ocr_par' dir='ltr' id='par_1_99' title="bbox 1825 4975 3398 5046">
     <span class='ocr_line' id='line_1_99' title="bbox 1825 4975 3398 5046; baseline -0.006 -8"><span class='ocrx_word' id='word_1_703' title='bbox 1825 4984 1985 5039; x_wconf 88' lang='lat' dir='ltr'><strong>aliter</strong></span> <span class='ocrx_word' id='word_1_704' title='bbox 2019 4996 2077 5035; x_wconf 90' lang='lat' dir='ltr'><strong>se</strong></span> <span class='ocrx_word' id='word_1_705' title='bbox 2106 4979 2308 5043; x_wconf 85' lang='lat' dir='ltr'><strong>habet;</strong></span> <span class='ocrx_word' id='word_1_706' title='bbox 2350 4988 2513 5046; x_wconf 87' lang='lat' dir='ltr'><strong>atque</strong></span> <span class='ocrx_word' id='word_1_707' title='bbox 2563 4978 2633 5031; x_wconf 89' lang='lat' dir='ltr'><strong>ita</strong></span> <span class='ocrx_word' id='word_1_708' title='bbox 2688 4992 2826 5041; x_wconf 88' lang='lat' dir='ltr'><strong>nos,</strong></span> <span class='ocrx_word' id='word_1_709' title='bbox 2872 4990 3008 5044; x_wconf 91' lang='lat' dir='ltr'><strong>quos</strong></span> <span class='ocrx_word' id='word_1_710' title='bbox 3042 4975 3133 5028; x_wconf 91' lang='lat' dir='ltr'><strong>hic</strong></span> <span class='ocrx_word' id='word_1_711' title='bbox 3184 4985 3398 5043; x_wconf 82' lang='lat' dir='ltr'><strong>tempus</strong></span> 
     </span>
    </p>
   </div>
   <div class='ocr_carea' id='block_1_100' title="bbox 1826 5072 3398 5138">
    <p class='ocr_par' dir='ltr' id='par_1_100' title="bbox 1826 5072 3398 5138">
     <span class='ocr_line' id='line_1_100' title="bbox 1826 5072 3398 5138; baseline -0.008 -5"><span class='ocrx_word' id='word_1_712' title='bbox 1826 5078 2089 5133; x_wconf 87' lang='lat' dir='ltr'><strong>delinitet</strong></span> <span class='ocrx_word' id='word_1_713' title='bbox 2118 5074 2545 5138; x_wconf 87' lang='lat' dir='ltr'><strong>circumscribit,</strong></span> <span class='ocrx_word' id='word_1_714' title='bbox 2591 5072 2951 5127; x_wconf 69' lang='lat' dir='ltr'><strong>aeternitatem</strong></span> <span class='ocrx_word' id='word_1_715' title='bbox 3002 5079 3398 5124; x_wconf 80' lang='lat' dir='ltr'><strong>consecuturos</strong></span> 
     </span>
    </p>
   </div>
   <div class='ocr_carea' id='block_1_101' title="bbox 1825 5161 3396 5237">
    <p class='ocr_par' dir='ltr' id='par_1_101' title="bbox 1825 5161 3396 5237">
     <span class='ocr_line' id='line_1_101' title="bbox 1825 5161 3396 5237; baseline -0.007 -13"><span class='ocrx_word' id='word_1_716' title='bbox 1825 5184 1946 5224; x_wconf 90' lang='lat' dir='ltr'><strong>esse</strong></span> <span class='ocrx_word' id='word_1_717' title='bbox 1995 5167 2273 5237; x_wconf 86' lang='lat' dir='ltr'><strong>Scriptura</strong></span> <span class='ocrx_word' id='word_1_718' title='bbox 2327 5166 2533 5231; x_wconf 84' lang='lat' dir='ltr'><strong>tradit,</strong></span> <span class='ocrx_word' id='word_1_719' title='bbox 2587 5180 2711 5218; x_wconf 92' lang='lat' dir='ltr'><strong>cum</strong></span> <span class='ocrx_word' id='word_1_720' title='bbox 2754 5164 2820 5217; x_wconf 88' lang='lat' dir='ltr'><strong>ad</strong></span> <span class='ocrx_word' id='word_1_721' title='bbox 2860 5161 3225 5217; x_wconf 73' lang='lat' dir='ltr'><strong>teternitateln</strong></span> <span class='ocrx_word' id='word_1_722' title='bbox 3275 5174 3396 5228; x_wconf 73' lang='lat' dir='ltr'><strong>quze</strong></span> 
     </span>
    </p>
   </div>
   <div class='ocr_carea' id='block_1_102' title="bbox 1825 5253 3390 5329">
    <p class='ocr_par' dir='ltr' id='par_1_102' title="bbox 1825 5253 3390 5329">
     <span class='ocr_line' id='line_1_102' title="bbox 1825 5253 3390 5329; baseline -0.009 -11"><span class='ocrx_word' id='word_1_723' title='bbox 1825 5278 1933 5318; x_wconf 93' lang='lat' dir='ltr'><strong>non</strong></span> <span class='ocrx_word' id='word_1_724' title='bbox 1982 5262 2203 5327; x_wconf 86' lang='lat' dir='ltr'><strong>interit,</strong></span> <span class='ocrx_word' id='word_1_725' title='bbox 2254 5260 2350 5315; x_wconf 87' lang='lat' dir='ltr'><strong>sed</strong></span> <span class='ocrx_word' id='word_1_726' title='bbox 2382 5270 2599 5329; x_wconf 89' lang='lat' dir='ltr'><strong>semper</strong></span> <span class='ocrx_word' id='word_1_727' title='bbox 2645 5257 2836 5313; x_wconf 87' lang='lat' dir='ltr'><strong>eodem</strong></span> <span class='ocrx_word' id='word_1_728' title='bbox 2884 5255 3045 5310; x_wconf 87' lang='lat' dir='ltr'><strong>modo</strong></span> <span class='ocrx_word' id='word_1_729' title='bbox 3093 5268 3153 5308; x_wconf 90' lang='lat' dir='ltr'><strong>se</strong></span> <span class='ocrx_word' id='word_1_730' title='bbox 3204 5253 3390 5315; x_wconf 82' lang='lat' dir='ltr'><strong>habet,</strong></span> 
     </span>
    </p>
   </div>
   <div class='ocr_carea' id='block_1_103' title="bbox 1430 5590 2115 5651">
    <p class='ocr_par' dir='ltr' id='par_1_103' title="bbox 1430 5590 2115 5651">
     <span class='ocr_line' id='line_1_103' title="bbox 1430 5590 2115 5651; baseline -0.004 0"><span class='ocrx_word' id='word_1_731' title='bbox 1430 5590 1669 5651; x_wconf 78' lang='lat' dir='ltr'><strong>VARle</strong></span> <span class='ocrx_word' id='word_1_732' title='bbox 1711 5590 2115 5649; x_wconf 85' lang='lat' dir='ltr'><strong>LECTIONES.</strong></span> 
     </span>
    </p>
   </div>
   <div class='ocr_carea' id='block_1_104' title="bbox 213 5726 3091 5807">
    <p class='ocr_par' dir='ltr' id='par_1_104' title="bbox 213 5726 3091 5807">
     <span class='ocr_line' id='line_1_104' title="bbox 213 5726 3091 5807; baseline -0.002 -14"><span class='ocrx_word' id='word_1_733' title='bbox 213 5742 254 5774; x_wconf 71' lang='grc' dir='ltr'><strong>οι</strong></span> <span class='ocrx_word' id='word_1_734' title='bbox 289 5737 640 5807; x_wconf 76' lang='grc' dir='ltr'>ἐπαρκοῦσα,</span> <span class='ocrx_word' id='word_1_735' title='bbox 678 5737 735 5794; x_wconf 91' lang='lat' dir='ltr'><strong>S.</strong></span> <span class='ocrx_word' id='word_1_736' title='bbox 778 5737 834 5792; x_wconf 85' lang='lat' dir='ltr'><strong>P.</strong></span> <span class='ocrx_word' id='word_1_737' title='bbox 873 5736 963 5792; x_wconf 90' lang='lat' dir='ltr'><strong>Sc.</strong></span> <span class='ocrx_word' id='word_1_738' title='bbox 1042 5738 1087 5769; x_wconf 80' lang='grc'><strong>⁹¹</strong></span> <span class='ocrx_word' id='word_1_739' title='bbox 1121 5731 1554 5807; x_wconf 73' lang='grc' dir='ltr'>περιϐάλλουσα,</span> <span class='ocrx_word' id='word_1_740' title='bbox 1713 5733 1759 5807; x_wconf 59' lang='grc' dir='ltr'><strong>’ξ</strong></span> <span class='ocrx_word' id='word_1_741' title='bbox 1792 5732 1886 5787; x_wconf 75' lang='grc' dir='ltr'>καὶ</span> <span class='ocrx_word' id='word_1_742' title='bbox 1928 5728 2254 5807; x_wconf 40' lang='grc' dir='ltr'>ἀλύπουηδ.</span> <span class='ocrx_word' id='word_1_743' title='bbox 2292 5726 2455 5807; x_wconf 69' lang='grc' dir='ltr'>ἀῢλου</span> <span class='ocrx_word' id='word_1_744' title='bbox 2490 5729 2816 5807; x_wconf 37' lang='grc' dir='ltr'><strong>Ιθ-ςίεεθΑξ-ο.</strong></span> <span class='ocrx_word' id='word_1_745' title='bbox 2860 5731 3091 5807; x_wconf 66' lang='lat' dir='ltr'><strong>videtur.</strong></span> 
     </span>
    </p>
   </div>
   <div class='ocr_carea' id='block_1_105' title="bbox 402 5757 3385 5879">
    <p class='ocr_par' dir='ltr' id='par_1_105' title="bbox 402 5757 3385 5879">
     <span class='ocr_line' id='line_1_105' title="bbox 402 5757 3385 5810; baseline -0.004 -17"><span class='ocrx_word' id='word_1_746' title='bbox 402 5757 640 5810; x_wconf 88' lang='grc' dir='ltr'>ρκουσα,</span> <span class='ocrx_word' id='word_1_747' title='bbox 678 5757 735 5794; x_wconf 72' lang='grc' dir='ltr'>δ.</span> <span class='ocrx_word' id='word_1_748' title='bbox 779 5757 834 5792; x_wconf 85' lang='grc' dir='ltr'><strong>ι’.</strong></span> <span class='ocrx_word' id='word_1_749' title='bbox 873 5757 963 5792; x_wconf 74' lang='lat' dir='ltr'><strong>ac.</strong></span> <span class='ocrx_word' id='word_1_750' title='bbox 1046 5757 1087 5769; x_wconf 88' lang='lat'><strong>&quot;</strong></span> <span class='ocrx_word' id='word_1_751' title='bbox 1121 5757 1554 5807; x_wconf 80' lang='grc' dir='ltr'>περιοαΛΛουσα,</span> <span class='ocrx_word' id='word_1_752' title='bbox 1585 5757 1644 5786; x_wconf 85' lang='lat' dir='ltr'><strong>r.</strong></span> <span class='ocrx_word' id='word_1_753' title='bbox 1714 5757 1759 5765; x_wconf 83' lang='lat'><strong>&quot;</strong></span> <span class='ocrx_word' id='word_1_754' title='bbox 1792 5757 1886 5787; x_wconf 72' lang='grc' dir='ltr'><strong>και</strong></span> <span class='ocrx_word' id='word_1_755' title='bbox 1928 5757 2161 5795; x_wconf 74' lang='grc' dir='ltr'>αΛυπυυ,</span> <span class='ocrx_word' id='word_1_756' title='bbox 2200 5757 2254 5783; x_wconf 72' lang='grc' dir='ltr'>ο.</span> <span class='ocrx_word' id='word_1_757' title='bbox 2292 5757 2455 5783; x_wconf 76' lang='grc' dir='ltr'>αυΛυυ</span> <span class='ocrx_word' id='word_1_758' title='bbox 2492 5757 2687 5794; x_wconf 69' lang='grc' dir='ltr'>ισκιδδυ</span> <span class='ocrx_word' id='word_1_759' title='bbox 2726 5757 2816 5785; x_wconf 69' lang='lat' dir='ltr'><strong>oc.</strong></span> <span class='ocrx_word' id='word_1_760' title='bbox 2863 5757 3091 5787; x_wconf 75' lang='lat' dir='ltr'><strong>vtucwr.</strong></span> <span class='ocrx_word' id='word_1_761' title='bbox 3201 5757 3235 5765; x_wconf 69' lang='lat'><strong><em>&quot;</em></strong></span> <span class='ocrx_word' id='word_1_762' title='bbox 3282 5757 3385 5783; x_wconf 72' lang='grc' dir='ltr'>ποι·</span> 
     </span>
     <span class='ocr_line' id='line_1_106' title="bbox 402 5799 3385 5879; baseline -0.002 -15"><span class='ocrx_word' id='word_1_763' title='bbox 402 5855 408 5864; x_wconf 96' lang='grc'><strong>.</strong></span> <span class='ocrx_word' id='word_1_764' title='bbox 438 5811 495 5863; x_wconf 84' lang='grc' dir='ltr'>Ρ.</span> <span class='ocrx_word' id='word_1_765' title='bbox 523 5810 581 5862; x_wconf 85' lang='grc' dir='ltr'>ι).</span> <span class='ocrx_word' id='word_1_766' title='bbox 609 5810 698 5863; x_wconf 89' lang='lat' dir='ltr'><strong>Sc.</strong></span> <span class='ocrx_word' id='word_1_767' title='bbox 809 5809 855 5840; x_wconf 78' lang='grc'>³³</span> <span class='ocrx_word' id='word_1_768' title='bbox 890 5808 1296 5879; x_wconf 77' lang='grc' dir='ltr'>πρεσϐυτέρου,</span> <span class='ocrx_word' id='word_1_769' title='bbox 1335 5806 1390 5861; x_wconf 82' lang='lat' dir='ltr'><strong>S.</strong></span> <span class='ocrx_word' id='word_1_770' title='bbox 1415 5805 1475 5862; x_wconf 88' lang='lat' dir='ltr'><strong>P.</strong></span> <span class='ocrx_word' id='word_1_771' title='bbox 1501 5805 1562 5860; x_wconf 92' lang='lat' dir='ltr'><strong>D.</strong></span> <span class='ocrx_word' id='word_1_772' title='bbox 1587 5805 1681 5860; x_wconf 80' lang='lat' dir='ltr'><strong>Sc.</strong></span> <span class='ocrx_word' id='word_1_773' title='bbox 1720 5803 1841 5861; x_wconf 81' lang='lat' dir='ltr'><strong>Sar.</strong></span> <span class='ocrx_word' id='word_1_774' title='bbox 1914 5804 1960 5837; x_wconf 79' lang='grc' dir='ltr'><strong>ν⁸</strong></span> <span class='ocrx_word' id='word_1_775' title='bbox 1994 5801 2319 5874; x_wconf 85' lang='grc' dir='ltr'>ἀρχαιότερα</span> <span class='ocrx_word' id='word_1_776' title='bbox 2342 5840 2356 5866; x_wconf 83' lang='grc'><strong>,</strong></span> <span class='ocrx_word' id='word_1_777' title='bbox 2392 5801 2456 5857; x_wconf 90' lang='lat' dir='ltr'><strong>D.</strong></span> <span class='ocrx_word' id='word_1_778' title='bbox 2532 5802 2577 5834; x_wconf 74' lang='grc'><strong>³⁷</strong></span> <span class='ocrx_word' id='word_1_779' title='bbox 2614 5800 2846 5875; x_wconf 77' lang='grc' dir='ltr'>μεθέξει,</span> <span class='ocrx_word' id='word_1_780' title='bbox 2883 5801 2943 5857; x_wconf 90' lang='grc' dir='ltr'><strong>Ρ.</strong></span> <span class='ocrx_word' id='word_1_781' title='bbox 2983 5802 3222 5872; x_wconf 74' lang='grc' dir='ltr'>μέθεξιν,</span> <span class='ocrx_word' id='word_1_782' title='bbox 3292 5799 3385 5857; x_wconf 80' lang='lat' dir='ltr'><strong>Sc.</strong></span> 
     </span>
    </p>
   </div>
   <div class='ocr_carea' id='block_1_106' title="bbox 142 5810 698 5877">
    <p class='ocr_par' dir='ltr' id='par_1_106' title="bbox 142 5810 698 5877">
     <span class='ocr_line' id='line_1_107' title="bbox 142 5810 698 5877; baseline -0.005 -11"><span class='ocrx_word' id='word_1_783' title='bbox 142 5812 316 5877; x_wconf 76' lang='grc' dir='ltr'>λαιὸς,</span> <span class='ocrx_word' id='word_1_784' title='bbox 355 5812 408 5867; x_wconf 69' lang='grc'>5.</span> <span class='ocrx_word' id='word_1_785' title='bbox 438 5811 495 5863; x_wconf 84' lang='grc' dir='ltr'>Ρ.</span> <span class='ocrx_word' id='word_1_786' title='bbox 523 5810 581 5862; x_wconf 85' lang='grc' dir='ltr'>ι).</span> <span class='ocrx_word' id='word_1_787' title='bbox 609 5810 698 5863; x_wconf 89' lang='lat' dir='ltr'><strong>Sc.</strong></span> 
     </span>
    </p>
   </div>
   <div class='ocr_carea' id='block_1_107' title="bbox 418 5896 1012 5963">
    <p class='ocr_par' dir='ltr' id='par_1_107' title="bbox 418 5896 1012 5963">
     <span class='ocr_line' id='line_1_108' title="bbox 418 5896 1012 5963; baseline -0.003 -1"><span class='ocrx_word' id='word_1_788' title='bbox 418 5901 693 5963; x_wconf 72' lang='grc' dir='ltr'>Ρηιιοι..</span> <span class='ocrx_word' id='word_1_789' title='bbox 740 5899 858 5962; x_wconf 78' lang='lat' dir='ltr'><strong>Gn.</strong></span> <span class='ocrx_word' id='word_1_790' title='bbox 898 5896 1012 5960; x_wconf 83' lang='grc' dir='ltr'>ιιι.</span> 
     </span>
    </p>
   </div>
   <div class='ocr_carea' id='block_1_108' title="bbox 3200 5730 3389 5783">
    <p class='ocr_par' dir='ltr' id='par_1_108' title="bbox 3200 5730 3389 5783">
     <span class='ocr_line' id='line_1_109' title="bbox 3200 5730 3389 5783; baseline -0.005 0"><span class='ocrx_word' id='word_1_791' title='bbox 3200 5730 3246 5765; x_wconf 75' lang='grc'><strong><em>⁸⁵</em></strong></span> <span class='ocrx_word' id='word_1_792' title='bbox 3282 5742 3389 5783; x_wconf 75' lang='grc' dir='ltr'>πο.-</span> 
     </span>
    </p>
   </div>
   <div class='ocr_carea' id='block_1_109' title="bbox 3034 5900 3115 5960">
    <p class='ocr_par' dir='ltr' id='par_1_109' title="bbox 3034 5900 3115 5960">
     <span class='ocr_line' id='line_1_110' title="bbox 3034 5900 3115 5960; baseline -0.012 0"><span class='ocrx_word' id='word_1_793' title='bbox 3034 5900 3115 5960; x_wconf 82' lang='grc'><strong>30</strong></span> 
     </span>
    </p>
   </div>
  </div>
