3866 6232
228 374 333 432 9M
937 371 1025 430 DE
1060 368 1313 428 DWINIS
1342 365 1737 433 NOMINIBUS,
1772 364 1924 421 CAP.
1960 364 2028 422 Χ.
2064 395 2134 405 —-
2165 362 2488 420 CORDERII
2528 363 2757 420 NOTAE.
3367 362 3473 418 94%

232 492 508 557 interpres
533 486 811 550 vertisset.
842 487 1005 555 hujus
1030 491 1151 552 aevi,
1173 490 1290 543 sive
1315 486 1658 549 aeternitatis,
1681 484 1867 539 Graece
1894 483 2105 557 αἰῶνος.
2130 483 2301 557 Exodi
2332 498 2420 536 xxI
2443 501 2456 536 :
2488 482 2604 557 Eri!
2626 486 2874 557 εἰμεν-ωε
2896 501 2949 557 in
2976 482 3246 545 saeculum,
3274 484 3387 538 sive
3417 487 3470 539 iu

230 552 524 616 aeternum.
550 557 702 612 Hanc
727 558 895 628 igitur
915 552 1079 614 uocat
1115 561 1400 628 Scriptura
1429 558 1781 628 temporalem
1814 554 2373 628 mteruitatem,‘sicut
2403 556 2543 623 apud
2568 552 2793 628 Pa_uluni
2821 556 3042 628 «ﬁcitur,
3075 564 3283 628 tempus
3306 565 3473 608 teter.

233 645 385 687 num.
413 629 454 684 11
491 628 630 682 Tim.
672 645 686 682 I
718 646 733 684 :
762 624 913 698 'Ante
951 638 1186 698 tempora
1221 624 1531 689 siccularia.
1560 626 1748 681 Graece
1798 636 1881 680 est
1913 625 2126 698 altbwa,
2166 624 2217 678 id
2261 634 2343 677 est
2367 634 2595 698 interna.
2629 625 2697 679 Et
2722 626 2789 678 ad
2829 624 2939 698 Tit.
2971 635 2989 674 ι
3016 643 3029 678 :
3060 625 3193 698 Ante
3235 634 3474 691 tempoi-a

233 699 540 762 sweularia,
569 698 757 754 Graece
779 697 992 762 αἰώνια,
1024 693 1075 753 id
1102 709 1184 754 est
1211 711 1433 754 aeterna.
1462 699 1529 751 Et
1560 699 1715 752 Rom.
1747 712 1871 750 XVI:
1908 696 2209 750 Secundum
2240 693 2606 748 reuelationem
2630 696 2865 765 mysterii
2903 696 3220 763 temporibus
3263 698 3472 750 wternis

236 772 424 834 taciti;
465 771 605 824 idem
642 770 964 825 vocabulum
992 779 1076 824 est
1109 770 1327 835 Graece,
1362 773 1504 839 quod
1539 769 1589 821 in
1624 768 1724 821 hoc
1752 766 2167 839 locointerpres
2190 765 2354 839 vertit
2388 774 2671 839 aeternum,
2701 767 2833 839 etin
2863 767 2990 839 aliis
3014 767 3297 821 saeculare.

311 839 427 895 Non
452 850 535 895 est
562 840 799 894 alienum
828 841 897 893 ab
923 842 1026 895 hoc
1059 842 1239 908 capite
1263 880 1281 905 ,
1329 835 1396 895 ex
1442 839 1711 893 Turriano
1740 839 1795 891 in
1847 836 2205 906 Cyparissioti
2247 836 2440 908 decad.
2481 835 2514 890 8
2534 880 2548 899 ,
2594 851 2714 905 cap.
2744 838 2778 891 3
2804 875 2821 901 ,
2850 836 3127 904 explicare
3150 877 3167 903 ,
3198 838 3473 905 quomodo

236 911 648 980 intelligendum
679 910 767 973 sit,
799 912 946 978 quod
975 906 1213 977 pontifex
1243 911 1521 965 Romanus
1551 908 1788 980 credidit
1823 908 1889 963 de
1925 908 2204 980 creatione
2231 906 2548 980 angelorum
2575 946 2591 970 ,
2623 909 2776 980 eiad
2807 908 3144 980 credendum
3172 908 3474 980 Catholicis

280 976 522 1052 roposuit
563 982 616 1035 in
640 995 765 1049 cap.
794 976 1070 1047 Firmiter,
1100 983 1167 1036 de
1194 996 1406 1036 summa
1433 980 1719 1052 Trinitate.
1744 976 1862 1031 Non
1911 977 2058 1052 enim
2083 977 2385 1052 discrepat
2430 977 2742 1052 Decretalis-
2779 978 2848 1032 ab
2898 978 3147 1052 eo__qiiod
3187 979 3476 1052 hic_tradit

289 1046 996 1123 ionysius,imo'convenit,
1029 1046 1153 1107 cum
1184 1055 1285 1118 ait,
1314 1068 1477 1106 unum
1496 1050 1885 1123 imiversoruin
1920 1048 2246 1123 principium
2274 1088 2292 1111 ,
2332 1056 2551 1123 creator
2598 1049 2840 1123 omnium
2879 1046 3175 1123 visibilium
3206 1059 3261 1103 et
3284 1050 3475 1102 invisi-

235 1117 451 1185 hiliuin,
480 1122 571 1187 qui
600 1136 696 1175 sua
724 1124 1097 1191 omnipotente
1123 1124 1321 1176 virtute
1350 1121 1511 1176 simul
1539 1123 1604 1173 ab
1634 1120 1810 1191 finitio
1858 1118 2117 1191 temporis
2172 1126 2456 1191 utramque
2484 1117 2571 1191 ‘de‘
2619 1119 2792 1191 nihilo
2834 1119 3076 1173 condidit
3116 1129 3428 1191 creaturam
3455 1160 3473 1187 ,

232 1191 577 1262 spiritualem
628 1199 687 1243 et
730 1187 1065 1260 corporalem
1090 1231 1107 1257 ,
1154 1192 1460 1260 angelicam
1510 1189 1760 1262 videlicet
1800 1199 1856 1245 ει
1895 1188 2224 1262 nnindanam
2254 1228 2271 1254 ,
2323 1198 2380 1262 et
2414 1187 2608 1262 deinde
2649 1190 2940 1262 humanam
2967 1233 2981 1255 ,
3017 1190 3172 1259 quasi
3218 1206 3471 1244 commu-

231 1257 362 1389 ii'em
403 1277 472 1316 ex
512 1262 710 1332 Spiritu
762 1257 840 1316 et'
871 1276 1105 1333 corpore
1157 1257 1536 1320 constitutam.
1603 1260 1879 1315 Hactenus
1934 1258 2258 1315 Decretalis.
2322 1258 2430 1315 Sed
2488 1257 2799 1315 dilatandus
2849 1268 2933 1315 cst
2987 1257 3327 1329 aliquantum
3382 1262 3475 1316 hic

250 1348 405 1388 OCIIS.

250 1348 405 1388 OCIIS.

307 1403 514 1469 Quaerit
548 1401 612 1458 Β.
652 1401 983 1457 Athanasius
1025 1404 1081 1459 in
1125 1403 1512 1469 Qumlianibus
1555 1402 1625 1457 ad
1667 1400 1982 1456 Antiochum
2015 1402 2343 1469 principem,
2386 1408 2580 1471 quaest.
2605 1399 2674 1455 ιτ
2707 1400 2968 1472 Quando.
3002 1411 3056 1456 et
3078 1403 3348 1472 quomodo
3369 1442 3383 1467 ,
3417 1414 3477 1460 et

232 1474 381 1529 unde
411 1473 683 1545 factigsint
711 1472 927 1542 angeli;
954 1482 1007 1527 et
1026 1477 1315 1545 respondet
1343 1478 1410 1528 ad
1440 1473 1825 1544 quaestionem;
1865 1472 1973 1545 Nec
2018 1473 2236 1545 quando
2261 1512 2277 1539 ,
2312 1484 2415 1545 nec
2427 1472 2725 1545 quomodo
2762 1471 2890 1545 facti
2933 1472 3042 1545 sint
3066 1471 3202 1545 ,Vgab
3233 1474 3471 1545 humana

233 1554 432 1599 natura
458 1543 562 1599 dici
588 1558 769 1612 posse,
792 1541 1156 1613 prieterquaiii
1182 1545 1284 1599 hoc
1320 1541 1521 1614 solum,
1543 1545 1718 1598 factos
1745 1556 1866 1597 esse
1913 1542 2094 1596 Verbo
2125 1541 2217 1595 Dei
2250 1558 2319 1597 ex
2365 1541 2555 1614 nihilo.
2583 1541 2821 1614 Quando
2870 1544 3041 1597 vero?
3071 1543 3160 1597 alii
3188 1583 3208 1610 ,
3252 1544 3432 1614 inquit
3457 1587 3473 1612 ,

234 1615 393 1669 aiunt
422 1610 600 1683 primo
628 1614 736 1677 die,
764 1610 854 1667 alii
882 1610 1275 1684 aute—primum
1303 1615 1468 1673 diem.
1496 1613 1724 1670 Creatos
1752 1628 1882 1667 vero
1910 1626 2032 1666 esse
2059 1621 2291 1666 testatur
2320 1652 2343 1684 ,γ
2380 1612 2556 1681 inquit
2580 1610 2846 1681 Propheta
2872 1651 2887 1675 ,
2919 1629 3043 1668 cum
3077 1614 3189 1668 ait:
3238 1610 3477 1669 Laudate

234 1701 382 1751 eum,
419 1701 597 1739 omnes
641 1684 814 1754 angeli
840 1683 990 1753 ejus;
1020 1683 1265 1754 quoniam
1288 1686 1395 1752 ipse
1419 1687 1574 1753 dixit,
1606 1694 1653 1738 et
1678 1683 1819 1752 facta
1842 1693 2000 1747 sunt;
2042 1684 2151 1747 ipse
2174 1683 2450 1754 mandauit
2475 1723 2491 1746 ,
2529 1693 2579 1735 et
2616 1694 2792 1736 creata
2828 1695 3033 1754 suntm.
3066 1684 3285 1754 Moysen
3328 1686 3473 1740 enim

233 1755 336 1817 ait,
360 1755 487 1823 quia
516 1752 727 1809 sciebat
750 1752 967 1808 Judieos
989 1752 1111 1809 εεεε
1145 1754 1460 1810 idololatria:
1490 1752 1703 1810 deditos
1728 1793 1745 1817 ,
1780 1754 1985 1807 idcirco
2028 1769 2131 1824 non
2164 1753 2355 1808 fecisse
2378 1767 2682 1824 sermonem
2708 1755 2773 1808 de
2804 1753 3012 1824 angelis
3043 1755 3093 1808 in
3130 1752 3330 1809 Genesi
3361 1796 3376 1821 ,
3408 1772 3477 1809 ne

233 1841 334 1880 eos
360 1822 457 1879 ceu
490 1826 621 1881 deos
651 1824 913 1889 colerent,
946 1833 1003 1877 ut
1029 1826 1079 1878 in
1110 1825 1278 1879 vitulo
1313 1835 1368 1880 et
1397 1828 1447 1879 in
1479 1825 1601 1879 aliis
1646 1824 1805 1878 idolis
1850 1832 2031 1892 postea
2075 1822 2389 1894 fecerunt".
2425 1822 2576 1889 Quod
2626 1837 2758 1894 ergo
2804 1822 3225 1894 exiScriptiIi-is
3270 1827 3477 1879 sanctis

235 1896 376 1950 disci
406 1906 641 1965 poterat,
675 1904 968 1965 utramque
990 1895 1202 1950 scilicet
1224 1906 1557 1959 creaturam,
1590 1894 1920 1965 spiritualem
1949 1903 2005 1947 et
2028 1893 2387 1960 corporalem,
2418 1894 2589 1965 sir_nul_
2609 1904 2754 1965 etex
2786 1893 2954 1949 nihilo
2977 1909 3097 1949 esse
3125 1911 3153 1947 a
3184 1893 3297 1949 Deo
3343 1910 3478 1951 con-

235 1962 444 2032 ditant;
472 1965 663 2018 Omnia
688 1964 832 2019 enim
862 1980 954 2032 per
974 1965 1142 2032 ipsum
1174 1965 1315 2032 facta
1337 1976 1457 2020 sunt
1479 1974 1527 2018 ο.
1554 1962 1648 2020 Et:
1667 1964 1768 2027 Qui
1796 1964 1914 2018 vivit
1944 1965 1996 2017 in
2018 1974 2273 2017 wternum
2297 2002 2314 2027 ,
2353 1965 2430 2018 ait
2468 1962 2881 2021 Ecclesiasticus
2906 2002 2922 2029 ,
2962 1967 3156 2019 creavit
3188 1966 3367 2019 omnia
3395 1969 3475 2020 si-

234 2036 351 2089 mul
372 2048 423 2089 P.
464 2034 766 2103 Utrumque
795 2035 985 2089 horum
1014 2034 1310 2091 Decretalis
1338 2036 1618 2091 catholica:
1648 2036 1768 2088 ﬁdei
1798 2033 2046 2101 subjecit.
2078 2033 2207 2087 llliid
2234 2048 2361 2089 vero
2400 2034 2559 2088 simul
2596 2034 2660 2087 ab
2703 2035 2855 2088 initio
2905 2038 3153 2103 temporis
3176 2075 3190 2098 ,
3234 2036 3379 2091 sicut
3407 2039 3475 2091 ad

236 2114 547 2177 creaturam
583 2105 947 2177 corporalem,
982 2105 1033 2159 id
1064 2114 1148 2159 est
1180 2107 1246 2160 ad
1273 2106 1531 2177 mundum
1553 2106 1644 2177 qui
1672 2105 1913 2177 cernitur
1935 2145 1950 2170 ,
1990 2114 2039 2157 et
2072 2119 2405 2177 quacunque
2433 2105 2484 2157 in
2518 2105 2967 2177 concontinentur
2992 2146 3007 2170 ,
3059 2105 3254 2160 referri
3282 2106 3472 2172 voluit,

236 2177 368 2245 quia
397 2176 657 2245 scriptum
685 2172 806 2245 est:
839 2172 906 2227 In
942 2176 1196 2243 principio
1226 2176 1419 2231 creavit
1452 2172 1595 2230 Dea}
1625 2176 1808 2229 caelum
1842 2184 1891 2228 et
1928 2185 2203 2241 terramQ;
2236 2172 2410 2245 siead
2442 2174 2740 2243 angelicam
2796 2185 3044 2230 naturam
3094 2191 3199 2231 non
3253 2191 3477 2231 necesse

235 2244 349 2308 est,
379 2244 677 2300 secundum
702 2244 1070 2314 Scripturam,
1106 2246 1298 2302 referri
1328 2246 1583 2311 voluisse,
1607 2247 1755 2315 quia,
1786 2254 1844 2298 ut
1871 2245 2031 2314 paulo
2056 2254 2182 2299 ante
2226 2244 2410 2299 aiebat
2434 2244 2767 2299 Athanasius
2791 2284 2805 2309 ,
2842 2247 3060 2316 quando
3090 2246 3269 2314 angeli
3302 2250 3474 2301 creati

240 2316 469 2377 fuerint,
501 2316 739 2369 humana
773 2325 967 2369 natura
1008 2317 1190 2372 dicere
1230 2331 1334 2371 non
1366 2325 1564 2386 potest.
1598 2318 1704 2372 Sed
1735 2316 1861 2385 quia
1896 2315 2240 2386 durationem
2264 2317 2615 2386 angelorum,
2649 2330 2768 2383 qua:
2796 2331 2901 2370 non
2936 2326 3021 2371 est
3056 2317 3297 2385 subjecta
3334 2323 3478 2372 tem-

236 2389 382 2456 pori,
411 2386 536 2454 quia
561 2394 641 2439 est
676 2395 786 2439 tota
816 2385 974 2439 simul
1002 2396 1060 2456 et
1090 2384 1428 2443 invariabilis
1451 2424 1469 2449 ,
1497 2402 1617 2456 qua:
1645 2395 1728 2440 est
1754 2384 1810 2440 et
1837 2386 2037 2440 dicitur
2067 2385 2119 2439 in
2151 2387 2322 2440 sacris
2356 2384 2587 2441 Litteris
2627 2400 2801 2440 aevum
2829 2425 2844 2448 ,
2900 2402 3007 2441 non
3052 2384 3343 2456 possumus
3385 2404 3479 2442 co-

236 2454 533 2527 gnoscere,
567 2469 671 2528 nec
695 2456 817 2528 aliis
842 2454 1209 2521 manifestare,
1240 2458 1344 2512 nisi
1374 2471 1471 2528 per
1504 2454 1881 2528 extensionem
1918 2456 2375 2528 nostritempgoris
2406 2470 2472 2510 ex
2501 2457 2892 2528 horis,gdiebus
2936 2466 2993 2511 et
3026 2454 3184 2510 aimis
3208 2467 3475 2512 constan—

238 2526 374 2591 tem,
405 2526 1083 2598 quainScripturaazvum
1118 2543 1331 2597 quoque
1375 2526 1670 2598 aliquando
1718 2535 1914 2593 vocat,
1955 2538 2014 2580 ut
2052 2526 2336 2598 Dionysius
2386 2528 2631 2592 notavit;
2679 2526 2885 2598 idcirco
2920 2528 3162 2596 pontifex
3196 2531 3480 2597 proposuit

238 2600 311 2667 ad
343 2595 707 2661 credendum,
731 2595 894 2649 simul
921 2595 988 2667 ab
1017 2595 1173 2653 initio
1202 2595 1775 2667 teinporis'utranique
1804 2606 2152 2667 creaturam,
2193 2596 2526 2667 spiritualem
2560 2608 2613 2652 et
2637 2595 2999 2665 corporalem,
3030 2595 3303 2652 condiiani
3335 2614 3476 2654 csse.

237 2666 471 2738 Nomine
495 2669 677 2738 itaque
715 2666 974 2738 temporis
998 2682 1170 2721 aevum
1195 2677 1249 2723 et
1274 2666 1486 2737 tempus
1509 2667 1922 2737 comprehendit
1946 2666 2214 2738 pontifex,
2242 2666 2487 2738 imitatus
2515 2667 2851 2738 Dionysium.
2881 2669 3061 2734 Quare
3090 2682 3196 2722 non
3229 2669 3481 2738 prohibet

239 2740 358 2793 haec
390 2735 709 2800 Decretalis,
734 2737 863 2805 quin
891 2736 1051 2790 liceat
1075 2740 1277 2793 sentire
1298 2777 1316 2800 ,
1348 2735 1490 2807 quod
1520 2735 1885 2806 apostolorum
1918 2736 2170 2805 discipuli
2202 2777 2217 2801 ,
2255 2737 2506 2792 Clemens
2548 2746 2603 2791 et
2639 2735 2957 2807 Dionysius,
3004 2753 3142 2807 quos
3183 2737 3340 2792 multi
3385 2743 3479 2795 alii

238 2818 431 2881 postea
455 2807 625 2860 secuti
658 2818 820 2881 sunt,_
857 2819 1146 2881 senserunt
1186 2806 1402 2881 creatos
1434 2806 1599 2861 fuisse
1625 2808 1844 2881 angelos
1868 2818 1998 2881 ante
2022 2809 2302 2881 mundum.
2331 2808 2408 2862 De
2432 2809 2656 2881 angelis
2672 2806 2817 2881 enim
2842 2806 3236 2881 interpretatur
3276 2809 3482 2881 Diony-

239 2876 356 2932 sius
384 2878 585 2930 dictum
612 2892 733 2931 esse
767 2876 898 2930 illud
924 2900 934 2931 ;
965 2877 1292 2944 Elevamini,
1320 2888 1490 2948 porta:
1513 2876 1787 2931 (eterna—les
1810 2887 1831 2913 τ
1857 2895 1872 2943 ;
1912 2879 2036 2947 quia
2060 2878 2351 2948 antiquum
2396 2888 2452 2932 et
2486 2876 2837 2942 invariabile,
2867 2886 2923 2933 et
2960 2876 3137 2933 metiri
3180 2876 3479 2934 secundum

240 2957 419 3003 tutum
450 2961 600 3012 esse,
623 2949 1012 3016 proprietatem
1036 2949 1135 3003 aevi
1164 2964 1286 3004 esse
1311 2946 1464 3003 dicit.
1489 2947 1669 3014 Quare
1691 2951 1735 3003 si
1760 2964 1932 3002 aevum
1959 2946 2241 3014 antiquius
2269 2958 2354 3003 est
2398 2958 2640 3015 tempore
2662 2989 2679 3012 ,
2731 2958 2785 3002 et
2807 2964 2983 3003 aevum
3031 2949 3231 3003 dicitur
3250 2987 3266 3013 ,
3308 2961 3360 3004 et
3397 2961 3482 3006 est

239 3019 461 3089 duratio
484 3020 839 3087 angelorum:
873 3028 999 3072 sunt
1028 3019 1192 3087 igitur
1213 3021 1390 3086 angeli
1422 3032 1552 3074 ante
1583 3028 1816 3089 tempus,
1841 3028 1895 3073 et
1918 3028 2045 3071 ante
2067 3033 2129 3072 ea
2155 3034 2278 3087 qua:
2301 3028 2438 3073 sunt
2465 3020 2518 3070 in
2542 3028 2788 3088 tempore
2818 3020 3011 3074 creati.
3045 3019 3186 3073 Idem
3224 3021 3389 3075 sentit
3418 3024 3480 3075 S.

238 3087 511 3143 Maximus
536 3089 588 3141 in
613 3089 789 3158 prima
818 3090 1062 3143 centuria
1090 3089 1417 3159 theologica.
1450 3089 1507 3142 Si
1540 3087 1936 3159 eiiiin'angelos
1960 3103 2064 3142 non
2099 3100 2344 3144 creasset
2366 3096 2492 3142 ante
2516 3087 2729 3158 tempus
2756 3104 2877 3143 cum
2902 3104 3010 3158 quo
3032 3099 3183 3144 ortus
3206 3098 3288 3144 est
3317 3106 3481 3145 mun-

238 3162 366 3223 dus,
393 3162 673 3226 antiquius
698 3160 898 3214 virtute
920 3158 1132 3225 fuisset,
1169 3158 1423 3215 non’esse
1446 3160 1738 3227 virtutem;
1764 3158 1818 3213 et
1847 3160 2088 3214 bonitate
2112 3160 2388 3227 antiquius
2409 3200 2424 3224 ,
2457 3172 2561 3212 non
2585 3174 2705 3214 esse
2727 3161 3026 3213 bonitatem
3046 3199 3062 3225 ,
3094 3174 3214 3227 qua:
3243 3162 3478 3216 absurda

239 3231 303 3285 S.
327 3228 564 3283 Maximo
589 3244 711 3283 esse
745 3231 1014 3285 videntur.
1045 3230 1136 3284 Sic
1163 3232 1330 3285 etiam
1359 3230 1764 3298 intelligendum
1796 3246 1936 3297 esse,
1962 3228 2103 3298 quod
2134 3229 2492 3298 Epiphanius,
2522 3229 2803 3298 disputans
2827 3241 3015 3284 contra
3050 3230 3301 3284 haeresim
3326 3230 3481 3288 Pauli

240 3300 612 3362 Samosateni,
637 3301 738 3363 ait,
767 3317 874 3354 non
904 3315 1027 3355 esse
1058 3301 1280 3371 angelos
1304 3314 1432 3355 ante
1454 3302 1652 3354 etelum
1681 3312 1737 3355 et
1761 3312 1958 3355 terram
1985 3309 2231 3371 creatos.
2257 3302 2390 3355 Cum
2435 3300 2612 3367 plane,
2658 3301 2869 3371 inquit,
2913 3304 3018 3354 hoc
3044 3302 3247 3355 dictum
3277 3316 3383 3356 non
3408 3316 3483 3358 sit

238 3370 527 3436 mutabile,
556 3372 699 3437 quod
726 3382 852 3424 ante
875 3372 1073 3424 castum
1101 3367 1158 3426 ei
1187 3381 1391 3425 terram
1417 3371 1551 3425 nihil
1574 3381 1692 3425 erat
1721 3386 1785 3425 ex
1813 3374 2050 3434 creatis;
2079 3367 2238 3440 505
2266 3385 2388 3423 nam
2414 3373 2468 3423 iu
2498 3367 2756 3439 principio
2784 3370 2906 3439 fecit
2931 3371 3073 3425 Deus
3098 3370 3283 3424 caelum
3306 3384 3353 3426 et
3376 3385 3485 3427 Ier-

238 3456 359 3511 ram
379 3445 401 3474 ³
424 3478 439 3502 ,
474 3450 532 3493 ιιι
562 3441 889 3511 principium
922 3442 1013 3507 sit,
1041 3452 1095 3496 et
1122 3442 1257 3496 nihil
1281 3458 1350 3497 ex
1383 3443 1584 3496 creatis
1612 3450 1736 3495 ante
1762 3444 1866 3497 lioc
1894 3442 2066 3511 ipsum
2094 3453 2185 3493 sIt.
2217 3441 2503 3511 Hactenus
2522 3442 2876 3510 Epiphanius.

315 3509 670 3565 Verissimum
700 3509 806 3577 est,
842 3523 970 3566 ante
998 3515 1198 3566 caelum
1233 3524 1293 3568 et
1324 3523 1523 3566 terram
1557 3512 1691 3566 nihil
1696 3513 1883 3584 fuisse
1907 3509 1976 3567 ex
2005 3513 2231 3578 creatis,
2259 3510 2472 3566 scilicet
2496 3510 2548 3564 in
2570 3509 2821 3580 tempore
2851 3511 2955 3581 (sic
2982 3512 3125 3566 enim
3155 3513 3481 3584 intelligen—

237 3582 368 3703 dulin
406 3585 539 3651 est),
570 3583 752 3651 angeli
798 3591 981 3637 autem
1028 3585 1083 3638 in
1109 3598 1227 3638 aevo
1272 3584 1448 3639 creati
1483 3591 1630 3639 sunt.
1677 3581 1870 3638 IEvuin
1914 3586 2058 3639 enim
2096 3594 2182 3640 est
2232 3596 2486 3637 mensura
2531 3597 2723 3637 eorum
2762 3597 2886 3651 quae
2919 3598 3026 3637 non
3070 3594 3199 3639 sunt
3244 3581 3480 3655 tempori

237 3666 301 3703 su
327 3660 501 3703 necta.

235 3660 501 3707 subiecta.

309 3666 635 3795 quod
671 3724 786 3779 haec
816 3722 1142 3789 Decretalis,
1179 3724 1314 3780 dixit
1336 3724 1490 3795 prius
1534 3723 1787 3792 synodica
1820 3723 2049 3795 epistola
2079 3722 2371 3795 Sophronii
2418 3722 2783 3795 patriarcha}
2816 3722 3284 3795 Jerosolymitani,
3319 3728 3484 3781 inissa

236 3792 311 3846 ad
340 3792 642 3865 Honorium
674 3795 715 3861 I,
747 3803 803 3849 et
837 3810 944 3849 nou
971 3797 1039 3849 ad
1075 3792 2054 3865 SergiunfCoustantinopoli(anum,
2102 3792 2412 3865 ut'Pliotius
2442 3794 2493 3846 iu
2526 3808 2641 3865 sua,
2663 3792 2992 3849 Bibliotheca
3030 3792 3282 3851 testatur.
3317 3796 3482 3851 Reci—

238 3873 357 3917 tata
398 3862 920 3937 luit_baec_epistola
956 3867 1008 3919 in
1059 3862 1213 3919 sexta
1253 3869 1481 3937 synodo,
1521 3869 1659 3920 etin
1689 3862 1985 3937 undecima
2031 3867 2249 3937 actione
2291 3864 2579 3937 collocata.
2625 3863 2875 3937 Loquens
2907 3878 3052 3937 ergo
3091 3868 3486 3937 de__creatione

234 3934 490 4006 mundia
521 3933 633 3987 Deo
658 3933 831 4002 facta,
862 3937 942 3990 sic
965 3937 1259 3990 conﬁtetur
1279 3933 1621 4005 Sophronius
1646 3953 1660 3990 :
1687 3937 1761 3989 Ka

1971 3938 2137 3990 πᾶσιν
2165 3935 2363 4006 ὥρισεν
2383 3933 2557 4005 ἀρχὴν
2579 3934 2836 4005 χρονικήν
2863 3951 2877 3987 :
2905 3935 2957 3988 id
2982 3933 3067 3990 est
3093 3949 3111 3989 :
3138 3933 3211 3988 Et
3241 3938 3484 3991 omnibus

234 4003 465 4076 decrevit
493 4005 815 4075 principium
858 4007 1149 4073 temporis:
1184 4008 1310 4075 quia
1341 4003 1544 4076 angeli,
1579 4009 1706 4061 licet
1731 4009 2068 4062 immortales
2097 4003 2229 4074 sint,
2254 4006 2355 4060 hoc
2385 4003 2903 4059 liaoeutrconiiuune
2929 4020 3050 4060 cum
3085 4006 3153 4060 iis
3190 4020 3313 4075 qua:
3357 4020 3488 4062 sunt

234 4075 295 4129 in
329 4083 598 4147 tempore,
633 4080 778 4144 quod
807 4076 937 4147 facti
971 4086 1120 4141 sunt,
1155 4077 1363 4131 idcirco
1410 4075 1622 4147 tempus
1666 4079 1748 4132 eis
1791 4078 2066 4131 attribuit.
2106 4078 2265 4131 Hunc
2293 4076 2706 4147 planesecutus
2733 4082 2819 4147 est
2856 4076 3101 4143 pontifex
3150 4077 3207 4131 in
3250 4092 3347 4131 sua
3377 4077 3486 4131 De—

234 4145 535 4223 cretali,_et
559 4146 916 4223 Soplirouius
938 4156 1158 4223 secutus
1195 4148 1361 4217 plane
1389 4145 1737 4223 Dionysium,
1769 4162 1933 4217 quem
1971 4148 2030 4203 in
2058 4147 2253 4205 eadem
2295 4146 2558 4217 synodica
2586 4148 2725 4200 citat
2764 4146 2857 4216 (ne
2886 4147 3012 4217 quis
3049 4147 3197 4202 dicat
3231 4147 3484 4218 ignotum

231 4214 410 4288 fuisse
443 4214 755 4286 Dionysium
790 4217 1147 4288 Sophronio).

311 4284 447 4359 Esse
474 4284 638 4359 igitur
667 4284 897 4355 angelos
927 4298 1059 4359 ante
1098 4284 1356 4343 mundum
1389 4288 1537 4343 hunc
1572 4302 1897 4359 corporeum
1936 4297 2178 4355 creatos,
2210 4284 2702 4359 tradit__Dionysius
2746 4287 2849 4342 hoc
2891 4286 3037 4351 loco,
3088 4296 3145 4343 et
3185 4289 3484 4357 apostolica

223 4355 494 4429 Doctrina
534 4358 627 4411 lib.
658 4371 753 4409 VIII
799 4358 1097 4429 Clementis
1123 4397 1137 4422 ,
1194 4375 1313 4429 cap.
1358 4359 1448 4426 12,
1491 4368 1549 4413 ει
1591 4355 1712 4413 eam
1754 4370 1976 4414 secutus
2026 4359 2325 4426 Gregorius
2375 4355 2759 4429 Nazianzenus
2808 4361 3149 4429 inisernioiie
3198 4355 3262 4412 de
3293 4359 3486 4413 Natali

233 4426 546 4499 Christi,_et
573 4429 627 4481 in
652 4430 897 4499 secundo
927 4429 993 4482 de
1030 4426 1345 4499 Pasclia,'et
1373 4430 1516 4484 hunc
1552 4440 1773 4485 secutus
1800 4429 2170 4484 Daniascenus
2195 4429 2291 4482 lib.
2328 4443 2366 4481 ιι
2441 4427 2515 4480 De
2547 4428 2651 4494 ﬁde
2698 4428 3017 4483 orthodoxa.
3063 4427 3210 4483 ldem
3261 4445 3487 4499 quoque

234 4499 407 4571 docet
430 4495 660 4571 Magnus
684 4498 920 4554 Basilius
949 4500 1003 4552 in
1055 4497 1389 4571 Aliexaemero
1431 4511 1488 4554 et
1512 4500 1659 4554 illuni
1693 4509 1927 4571 secutus
1953 4501 2294 4570 Philoponus
2317 4500 2415 4555 lib.
2446 4511 2466 4551 ι
2531 4499 2609 4552 De
2636 4499 2901 4553 creatione
2934 4500 3119 4553 mundi
3148 4540 3165 4557 .
3195 4495 3317 4571 cap.
3347 4495 3408 4566 8,
3427 4506 3482 4568 9,

234 4568 450 4643 iU,_ubi
485 4569 949 4643 Mopsuesteiium,
980 4569 1066 4623 cui
1097 4574 1432 4624 contrarium
1460 4572 1750 4635 sentiebat,
1786 4570 1999 4643 refellit.
2120 4568 2133 4570 ⁷
2338 4640 2349 4643 _
2472 4641 2481 4643 4
2587 4638 2597 4643 Α
3264 4568 3297 4643 ⁷,

311 4639 600 4702 Quomodo
632 4653 758 4693 vero
793 4641 1200 4710 intelligendum
1248 4643 1318 4694 sit
1346 4653 1632 4695 creaturas
1664 4642 1983 4711 spirituales
2019 4650 2074 4696 et
2100 4640 2416 4710 corporales
2439 4638 2602 4696 simul
2624 4648 2840 4694 creatas
2869 4653 3018 4705 esse,
3044 4642 3165 4697 illas
3189 4638 3313 4697 cum
3342 4656 3479 4703 aevo.

234 4707 341 4783 has
374 4722 502 4783 cum
534 4717 798 4783 tempore,
835 4721 894 4764 ut
919 4707 1022 4783 hoc
1053 4725 1418 4783 quoqueJnou
1450 4707 1863 4781 praetereamus,
1894 4707 2215 4783 explanavit
2249 4712 2390 4765 idem
2433 4711 2767 4783 Athanasius
2800 4711 2897 4765 lib.
2942 4726 3003 4764 IIt
3055 4722 3239 4783 contra
3272 4712 3483 4779 Arium,

236 4781 461 4833 intuens
491 4778 546 4852 in
580 4779 727 4833 illum
760 4781 937 4834 locum
970 4778 1343 4836 Ecc’lesiastici
1388 4778 1511 4852 cap.
1552 4796 1731 4836 xvut:
1772 4783 1876 4848 Qui
1912 4778 2034 4836 uiuit
2074 4786 2131 4835 in
2169 4791 2450 4847 wternum,
2497 4781 2692 4834 creavit
2723 4783 2901 4834 omnia
2932 4783 3113 4835 simul.
3157 4782 3307 4837 Nihil
3337 4778 3483 4837 enim

236 4858 319 4901 ait
343 4849 615 4920 exﬁrebus
639 4852 842 4906 creatis
878 4863 1005 4904 ante
1035 4852 1139 4905 alia
1167 4853 1252 4906 sui
1290 4849 1508 4920 generis
1539 4855 1819 4907 conditum
1865 4868 2010 4917 esse,
2040 4852 2135 4908 sed
2161 4854 2344 4905 omnia
2376 4852 2540 4906 simul
2568 4867 2676 4904 uno
2698 4856 3003 4920 eodemque
3037 4854 3294 4908 mandato
3340 4855 3483 4909 faeta

232 4919 480 4993 esse.AEt
501 4920 663 4987 paulo
685 4933 813 4976 ante
843 4923 1017 4991 magis
1038 4919 1505 4993 adhucrexplicat,
1536 4938 1660 4977 cuin
1692 4924 1791 4988 ait,
1817 4923 1953 4977 iiibil
1981 4938 2103 4978 esse
2128 4924 2181 4977 in
2216 4924 2377 4976 rebus
2400 4922 2601 4975 creatis
2620 4924 2767 4993 quod
2796 4919 2971 4993 ipsum
3008 4939 3172 4993 unum
3206 4934 3259 4978 et
3282 4927 3484 4989 solum,

232 5001 295 5044 et
321 4990 562 5064 primum
595 5002 725 5046 ante
753 4993 885 5058 alia,
914 4990 1128 5047 scilicet
1155 4992 1236 5046 sui
1267 4990 1508 5061 generis,
1552 4994 1758 5048 factum
1789 4995 1884 5058 sit,
1909 4997 2003 5049 sed
2030 5008 2153 5048 cum
2183 4995 2440 5048 otnnibus
2470 4992 2655 5058 simul,
2687 4992 2826 5045 κατὰ
2863 4992 3018 5061 γένος
3049 4992 3081 5064 ἢ
3115 4993 3293 5061 τάξιν,
3327 4996 3378 5049 id
3403 5002 3489 5049 est

234 5076 363 5115 cuin
394 5061 650 5116 omnibus
685 5064 770 5117 sui
808 5064 1027 5133 generis
1063 5064 1147 5118 vel
1169 5064 1402 5118 ordinis.
1432 5081 1452 5115 ι
1481 5064 1702 5119 Nullum
1734 5065 1902 5130 enim,
1937 5066 2135 5134 inquit,
2172 5078 2241 5118 ex
2283 5067 2467 5133 astris,
2510 5071 2606 5115 aut
2646 5080 2712 5116 ex
2750 5065 2965 5133 magnis
3007 5061 3377 5120 luiuinaribus
3409 5068 3483 5119 ita

235 5141 516 5205 apparuit,
553 5143 613 5185 ut
641 5139 747 5188 hoc
777 5149 952 5202 prius,
1003 5133 1135 5187 illud
1166 5138 1438 5205 posterius
1470 5136 1523 5189 in
1560 5150 1740 5188 rerum
1778 5133 2045 5205 naturani
2074 5145 2422 5205 emergeret;
2476 5134 2572 5186 sed
2596 5135 2777 5187 omnia
2809 5138 3000 5189 eodem
3045 5137 3134 5189 die
3179 5140 3486 5205 eodemque

227 5202 394 5275 jussu
422 5214 605 5257 ortum
633 5215 920 5274 ceperunt,
952 5202 1206 5272 quamvis
1229 5204 1334 5258 alia
1365 5208 1434 5259 ab
1466 5206 1591 5260 aliis
1636 5206 1926 5273 splendore
1951 5202 2537 5260 dill‘erantCSinIiliter
2569 5206 2620 5258 in
2653 5206 3121 5275 quadrupedibus,
3148 5202 3483 5268 volucribus,

232 5273 503 5341 piscibus,
546 5273 864 5342 pecoribus,
909 5276 1195 5343 stirpibus.
1234 5276 1523 5342 Similiter,
1571 5278 1785 5344 inquit,
1816 5277 2034 5341 Adam,
2083 5290 2392 5344 quanquam
2435 5276 2582 5328 solus
2619 5290 2650 5329 e
2696 5285 2841 5328 terra
2869 5273 3145 5330 l'ormatus
3196 5288 3300 5342 est,
3335 5276 3487 5329 fuere

237 5344 503 5397 tamenin
532 5360 599 5399 eo
629 5346 795 5399 etiam
827 5357 956 5399 tunc
996 5347 1237 5401 rationes
1274 5348 1641 5403 successionis
1682 5348 2131 5416 posteritatisque
2172 5346 2394 5400 humani
2428 5349 2668 5414 generis.
2711 5345 3005 5415 Sulijungit
3038 5347 3233 5400 deinde
3263 5364 3277 5400 :
3313 5349 3380 5400 Et
3417 5363 3486 5399 ex

232 5415 521 5488 creatione
548 5420 737 5470 mundi
773 5415 1010 5471 visibilis
1047 5416 1340 5472 invisibilia
1378 5422 1497 5487 ejus
1530 5415 1775 5488 (angelos
1817 5417 1971 5488 dicit)
2018 5420 2123 5471 hoc
2162 5422 2328 5470 etiam
2371 5431 2578 5486 genere
2619 5432 2871 5485 operum,
2931 5418 3131 5485 inquit,
3176 5416 3321 5471 facta
3367 5432 3489 5470 esse

233 5485 621 5554 intelligimus,
668 5487 1107 5557 colliguuusque,
1134 5505 1203 5542 ne
1235 5490 1287 5541 in
1321 5485 1424 5542 illis
1455 5485 1675 5558 quidem
1713 5485 2012 5559 quidquam
2039 5500 2287 5541 seorsum
2322 5485 2750 5559 iII’generedsuo
2776 5498 2869 5540 aut
2899 5487 3055 5559 prius
3081 5498 3177 5540 aut
3213 5488 3490 5558 posterius

231 5567 485 5611 creatum
525 5572 674 5628 esse,
712 5562 808 5614 sed
833 5559 1021 5615 omnia
1058 5559 1219 5614 simul
1249 5573 1369 5629 quae
1398 5557 1646 5630 ejusdem
1686 5557 2025 5614 cunditiouis
2054 5568 2184 5613 sunt
2212 5560 2508 5615 exstitisse.
2550 5577 2569 5613 ι
2606 5557 2726 5615 Non
2752 5557 2915 5613 enim
2942 5559 3185 5619 singulas
3214 5557 3328 5610 ’rcs
3353 5568 3491 5607 enu-

296 5794 347 5915 ε
382 5783 526 5839 Psal.
561 5800 786 5842 CXLVIII.
864 5794 892 5825 τι
932 5787 1104 5844 Exod.
1140 5803 1312 5844 xxxii.
1390 5793 1414 5827 ³
1443 5784 1605 5844 Joan.
1642 5802 1680 5856 I,
1716 5787 1770 5843 5.
1848 5797 1875 5838 P
1908 5785 2076 5845 Eccli.
2126 5800 2279 5855 XVIII,
2317 5784 2366 5842 l.
2444 5794 2471 5835 ει
2506 5783 2638 5841 Gen.
2677 5798 2715 5855 I,
2753 5784 2809 5841 l.
2913 5792 2934 5821 ι’
2970 5779 3111 5839 Psal-
3150 5797 3309 5850 XXIII:
3345 5783 3399 5851 7i
3434 5786 3487 5839 9-

341 5874 432 5914 etI.
472 5873 513 5915 I.
538 5869 588 5913 1.

232 5870 259 5899 ⁵
296 5869 432 5915 Gen.
472 5873 513 5925 ι⁹
538 5869 588 5913 1.
