3866 6232
432 364 539 423 943
1622 368 1677 423 S.
1716 364 2015 423 DIONYSII
2048 365 2513 422 AREOPAGITE
3571 368 3678 424 9H

437 478 668 553 meravi‘t
696 478 1011 553 Apostolus,
1041 488 1099 533 ut
1134 480 1191 553 in
1223 480 1368 539 hune
1395 482 1611 536 modum
1640 484 1850 537 diceret
1886 500 1899 534 :
1932 482 2059 539 Sive
2091 482 2318 553 angelus
2348 482 2641 551 quispiam,
2671 468 2789 553 sive
2823 480 3055 536 thronus
3104 479 3324 551 aliquis,
3363 480 3479 553 sive
3508 483 3678 537 domi-

438 553 586 607 natio
618 550 729 613 illa,
762 560 853 603 aut
902 550 1015 622 illa,
1044 561 1140 605 aut
1184 552 1299 607 haec
1346 554 1428 606 vel
1460 554 1547 607 illa
1597 570 1662 606 cx
1695 553 2082 622 potestatibus,
2133 550 2228 607 sed
2278 550 2567 606 universos
2610 550 2793 614 simul,
2829 554 2923 621 qui
2970 550 3215 622 ejusdem
3264 552 3471 607 ordinis
3494 564 3676 617 erant,

437 621 872 690 comprehendit.
906 620 1052 684 Sive,
1097 622 1295 689 inquit,
1327 623 1527 684 throni,
1562 625 1668 677 sive
1698 620 2108 690 dominationes,
2150 625 2258 677 sive
2297 622 2647 690 principatus,
2684 623 2793 676 sive
2833 620 3113 685 potestates
3154 622 3204 686 ⁸,
3254 634 3365 677 etc.
3410 623 3679 678 Ilactemts

436 693 766 747 Athanasius
797 708 810 743 :
850 710 868 741 ε
918 692 1119 746 Omnes
1162 693 1346 762 itaque
1379 694 1665 748 cherubini
1701 694 1863 749 simul
1906 697 2078 747 creati
2115 704 2262 756 sunt,
2305 694 2469 747 simul
2502 694 2629 747 item
2665 693 2974 757 seraphini,
3005 702 3060 748 et
3091 694 3251 747 simul
3283 695 3484 755 throni,
3530 696 3679 751 sieti-

438 765 562 816 liter
594 763 647 816 in
682 762 905 834 reliquis
931 764 1240 834 ordinibus,
1271 766 1322 818 in
1350 765 1570 833 quibus,
1598 765 1741 834 quod
1767 766 1831 817 ad
1857 767 2194 818 creationem
2222 764 2481 833 pertinet,
2511 779 2617 816 non
2643 774 2727 819 est
2755 764 3053 829 quidquam
3082 766 3233 833 prius
3259 775 3352 817 aut
3384 767 3673 834 posterius,

440 836 570 889 licet
620 833 792 902 gloria
832 842 885 885 et
918 832 1142 905 honore
1173 835 1315 889 inter
1367 852 1426 889 se
1463 832 1738 892 tlilTer‘aut.
1794 853 1813 886 ι
1862 834 1956 890 Sic
1996 835 2189 905 probat
2224 832 2570 889 Athanasius
2612 844 2801 889 contra
2854 832 3223 901 Arium,’non
3268 832 3398 889 esse,
3441 832 3674 888 Verbum

436 914 768 959 creaturam.
814 920 833 975 ι
870 903 1144 975 Alioquin,
1196 905 1391 975 inquit,
1423 921 1647 960 necesse
1685 917 1807 959 erat
1869 916 1928 959 ut
1958 903 2119 961 simul
2156 920 2280 960 cum
2322 905 2444 959 aliis
2486 920 2553 959 ex
2593 906 2787 959 ordine
2812 906 3077 959 virtutum
3128 915 3436 969 crearetur,
3472 915 3524 959 et
3568 920 3675 958 non

437 988 586 1037 ante,
618 975 747 1029 licet
787 973 957 1045 gloria
1000 976 1216 1029 caeteris
1254 973 1629 1030 antecelleret.
1680 995 1696 1028 ι
1736 977 1810 1030 Ex
1845 993 1952 1045 quo
1994 991 2189 1030 rursus
2231 977 2408 1037 lieret.
2448 986 2505 1029 ut
2555 991 2662 1029 non
2704 984 2888 1045 posset
2942 990 3063 1030 esse
3095 977 3329 1045 primum
3375 983 3429 1029 et
3465 977 3675 1029 initmm

436 1048 693 1109 aliorum,
740 1056 802 1099 ut
849 1044 1039 1117 Ariani
1090 1046 1362 1100 volebant.
1406 1046 1724 1100 Trade-bant
1758 1044 1902 1101 cnim
1958 1058 2203 1101 creatum
2252 1062 2373 1102 esse
2399 1045 2661 1111 Verbum,
2693 1044 2747 1100 ut
2793 1063 2891 1117 per
2936 1044 3112 1115 ipsuui
3154 1048 3304 1117 Deus
3339 1046 3520 1100 onmia
3573 1047 3675 1117 alia

433 1126 672 1181 crearet,
711 1116 867 1185 quasi
902 1130 1007 1169 non
1045 1126 1192 1171 esset
1223 1117 1290 1171 de
1326 1133 1555 1173 numero
1584 1119 1829 1171 omnium
1861 1135 1875 1182 ;
1909 1132 2031 1170 cum
2068 1128 2250 1171 tamen
2286 1118 2391 1172 tale
2434 1117 2758 1187 principium
2794 1115 3068 1183 onmium,
3113 1116 3193 1170 ait
3226 1116 3584 1187 Athanasius,
3617 1115 3669 1169 iu

434 1187 693 1241 omnibus
724 1188 1172 1245 convinceretur.
1215 1197 1377 1255 atque
1409 1188 1480 1241 ita
1511 1188 1811 1251 concludit,
1843 1188 2063 1241 dillerre
2100 1188 2329 1242 Verbum
2362 1186 2668 1242 substantia
2702 1198 2758 1241 et
2790 1199 2981 1241 natura
3016 1202 3044 1240 a
3072 1187 3364 1249 creaturis,
3400 1186 3678 1255 solumque

434 1260 613 1328 ipsum
640 1273 767 1312 esse
799 1257 970 1311 solius
996 1258 1110 1311 veri
1149 1258 1241 1311 Dei
1280 1259 1595 1329 imaginem.
1633 1259 1707 1312 lix
1753 1260 1951 1328 quibus
1989 1268 2142 1328 patet
2182 1259 2405 1328 angelos
2438 1258 2779 1326 antiquiores
2809 1272 2930 1312 esse
2974 1259 3136 1312 rebus
3170 1259 3676 1329 temporaneisyutf

432 1337 561 1395 pote
602 1330 917 1391 a-viternos,
950 1342 1073 1398 eum
1104 1344 1276 1381 arvum
1312 1328 1556 1397 tempore
1585 1331 1862 1398 antiquius
1887 1332 1977 1393 sit,
2010 1344 2114 1382 non
2141 1344 2262 1383 esse
2290 1340 2468 1383 tamen
2501 1329 2610 1382 Deo
2637 1340 2967 1393 coaeternos,
2991 1345 3113 1383 cum
3147 1330 3427 1381 aeternitas
3452 1344 3549 1380 sua
3583 1328 3677 1395 ipsi

436 1400 656 1467 prepria
691 1400 785 1461 sit,
812 1414 912 1452 nec
940 1397 1029 1450 ulli
1069 1399 1222 1454 altcri
1257 1397 1733 1454 eommnnicabilis
1758 1409 2043 1453 creaturae.
2075 1399 2149 1452 Ex
2176 1414 2283 1468 quo
2308 1399 2656 1453 manifestum
2682 1402 2760 1460 lit,
2791 1400 2925 1452 nihil
2956 1414 3131 1468 neque
3153 1408 3485 1468 temporum,
3512 1412 3678 1468 neque

433 1466 785 1533 saeculorum,
824 1484 923 1522 nec
948 1470 1246 1537 quidquam
1293 1486 1482 1524 eorum
1529 1486 1649 1539 qua:
1679 1472 1731 1524 in
1781 1470 1914 1537 ipsis
1951 1466 2289 1538 temporibus
2317 1480 2413 1524 aut
2456 1470 2673 1525 saaculis
2712 1482 2859 1532 sunt,
2908 1466 3237 1524 coaeternum
3266 1466 3389 1524 esse
3424 1466 3679 1522 inlinitati

435 1540 555 1603 Dei,
588 1556 707 1606 quae
731 1542 975 1593 omnium
1015 1555 1183 1595 causa
1218 1550 1325 1604 est,
1360 1551 1414 1594 et
1458 1556 1624 1608 supra
1651 1544 1833 1595 omnia
1860 1550 1962 1605 est,
1998 1553 2053 1593 et
2100 1539 2258 1606 cujus
2283 1541 2561 1593 voluntate
2597 1544 2779 1594 omnia
2808 1555 2873 1594 ex
2918 1541 3090 1594 nihilo
3122 1539 3269 1592 facta
3303 1553 3455 1603 sunt,
3502 1539 3614 1592 sive
3651 1552 3677 1586 ιι

435 1621 706 1680 tempore,
734 1610 849 1664 sive
881 1625 910 1663 a
939 1610 1141 1663 sacculo
1166 1628 1259 1665 seu
1283 1626 1400 1664 mro
1424 1622 1603 1664 ortqu
1642 1612 1921 1670 duxerint.
1955 1610 2131 1665 Simul
2160 1612 2328 1666 etiam
2361 1614 2562 1665 decens
2590 1612 2828 1674 videtur,
2867 1621 2927 1665 ut
2965 1610 3069 1665 illa:
3114 1611 3481 1677 perfectiones
3504 1623 3621 1678 quae
3652 1619 3680 1657 a

432 1681 543 1735 Deo
585 1692 831 1742 titanant,
866 1696 986 1749 quae
1014 1695 1043 1732 a
1076 1683 1346 1735 creaturis
1381 1682 1664 1745 αἱτιατῶς,
1706 1684 1756 1735 id
1788 1692 1876 1734 est
1916 1695 2108 1744 create,
2146 1682 2565 1749 participantur,
2596 1684 2938 1747 antiquiores
2972 1683 3082 1735 sint
3119 1683 3234 1749 ipso
3264 1692 3531 1749 tempore,
3565 1693 3679 1732 cum

432 1766 541 1819 quo
578 1761 844 1805 creaturae
868 1753 1097 1822 tempori
1124 1753 1381 1819 subjecta:
1406 1753 1525 1807 illas
1553 1754 1968 1822 participarunt.
2004 1749 2188 1820 Itaque
2210 1760 2475 1807 sanctitas
2509 1765 2565 1806 et
2592 1753 2830 1817 bonitas,
2865 1754 3130 1811 charitas.
3161 1751 3294 1815 vita,
3322 1752 3597 1821 sapientia
3630 1757 3680 1798 et

433 1824 553 1876 alia:
584 1822 948 1890 perfectiones
973 1821 1070 1876 Dei
1111 1837 1178 1877 ex
1220 1824 1331 1876 Deo
1362 1821 1678 1886 αἰτιατικῶς
1704 1863 1718 1884 .
1759 1824 1811 1876 id
1845 1832 1927 1877 est
1969 1823 2267 1891 efﬁcienter,
2320 1825 2436 1877 sive
2478 1824 2778 1877 causaliter
2842 1823 3204 1893 participatze,
3255 1838 3361 1876 non
3400 1827 3682 1890 coeperunt

432 1893 608 1947 creari
640 1907 764 1946 cum
802 1893 1087 1965 creatione
1131 1894 1387 1965 hominis,
1421 1896 1518 1949 sed
1556 1894 1860 1964 antiquius,
1892 1903 2023 1948 ante
2061 1902 2277 1963 tempus
2310 1894 2543 1959 scilicet,
2571 1908 2698 1949 cum
2731 1894 2908 1965 angeli
2949 1893 3206 1958 aiwviwc,
3241 1894 3297 1949 id
3337 1902 3423 1949 est
3465 1896 3522 1947 in
3560 1907 3683 1953 αἰευ,

430 1973 488 2018 et
518 1978 627 2021 non
652 1974 949 2030 comterne,
981 1962 1150 2017 Deum
1182 1962 1500 2019 laudabant.

1430 2234 1594 2307 506
1630 2232 2113 2289 PARAPHRASIS
2150 2231 2602 2289 PACHYMERE
2633 2232 2767 2306 (46).

501 2376 530 2447 §
563 2374 603 2428 l.
628 2374 865 2443 Tempus
893 2383 977 2429 est
998 2374 1164 2427 etiam
1189 2372 1399 2428 dicendi
1434 2374 1501 2428 de
1526 2373 1921 2437 omnitenente,
1950 2383 2006 2429 et

2176 2375 2204 2444 ᾗ
2258 2374 2295 2428 l.
2348 2373 2555 2444 Καιρός
2600 2374 2716 2426 ἐστι
2757 2373 2852 2426 καὶ
2902 2373 3031 2445 περὶ
3072 2375 3538 2446 παντοκράτορος,
3593 2376 3683 2430 καὶ

426 2469 700 2538 quomodo
737 2484 765 2520 a
814 2466 1036 2521 Daniele
1071 2466 1212 2521 Deus
1253 2467 1513 2534 antiquus
1559 2468 1768 2521 diermn
1814 2468 2007 2537 appel-

428 2561 592 2615 letur.
629 2561 836 2614 Dicitur
868 2560 1051 2628 itaque
1076 2560 1420 2614 omnitenens
1447 2575 1473 2612 a
1516 2561 1830 2628 metaphora
1860 2559 2008 2614 radi-

429 2665 568 2710 catze
600 2669 665 2708 ac
692 2655 893 2708 nativae
920 2663 1107 2723 petra),
1137 2654 1189 2707 in
1217 2670 1321 2724 qua
1351 2652 1756 2708 fundamentum
1796 2654 2008 2708 aedilicii

432 2748 728 2817 ipsumque
783 2747 1073 2801 aedilicium
1119 2745 1399 2800 fundatur.
1451 2746 1654 2801 Deinde
1699 2761 1822 2799 cum
1872 2745 2011 2799 dixit

426 2840 609 2895 sedem
640 2838 826 2892 omnia
859 2838 1252 2904 continentem,
1291 2852 1359 2892 ne
1402 2837 1525 2907 quis
1552 2839 1874 2905 opinaretur
1922 2837 2007 2906 ip—

427 2946 547 2986 sum
585 2930 687 2985 hoc
726 2930 949 2992 dixisse,
994 2930 1138 2998 quod
1182 2932 1348 2983 rebus
1394 2929 1523 2998 ipsis
1573 2930 1776 2983 creatis
1827 2929 2011 2983 coexi—

427 3024 643 3087 stendo,
671 3022 823 3089 juxta
863 3022 1131 3075 rationem
1168 3031 1333 3089 petra:
1360 3021 1411 3073 iu
1445 3020 1694 3088 exemplo
1724 3020 1922 3085 allatae,
1956 3028 2012 3075 et

428 3131 536 3171 non
568 3117 914 3171 extrinsecus
957 3115 1101 3184 ipsas
1134 3116 1434 3179 contineat,
1486 3116 1669 3169 subdit
1712 3116 1875 3171 etiam
1924 3132 2010 3171 se-

427 3219 658 3278 quentes
688 3209 976 3263 dictiones.
1018 3208 1303 3278 Siquidem
1353 3212 1419 3264 de
1456 3219 1607 3278 petra
1650 3224 1755 3263 non
1784 3209 2008 3275 dicitur,

425 3302 571 3371 quod
600 3312 754 3371 petra
786 3303 1084 3363 contineat,
1121 3301 1207 3355 vel
1242 3300 1449 3368 fundet,
1477 3302 1545 3356 de
1578 3302 1686 3355 Deo
1717 3312 1902 3356 autem
1928 3304 2010 3357 di-

426 3395 590 3458 citur,
616 3393 758 3459 quod
808 3392 880 3446 sit
918 3408 1080 3447 causa
1119 3392 1378 3456 clliciens,
1413 3408 1479 3447 ex
1510 3409 1640 3463 qua,
1686 3409 1785 3448 ceu
1826 3396 2010 3450 radice

426 3484 717 3549 eﬂiciente,
744 3485 929 3539 omnia
976 3485 1373 3554 producuntur,
1409 3496 1465 3540 et
1500 3488 1565 3541 ad
1592 3502 1775 3555 quetn,
1815 3502 1911 3542 ceu
1940 3489 2010 3545 ad

427 3578 653 3633 fttudum
680 3576 1006 3632 elﬁcientem
1031 3594 1093 3631 ac
1129 3577 1414 3647 providum
1446 3588 1861 3633 convertuntur.
1911 3578 2012 3634 Se-

426 3668 665 3723 cundum
690 3682 850 3721 unam
878 3677 1058 3721 autem
1090 3668 1587 3735 supereminentem
1614 3670 2005 3724 continentiam

425 3763 609 3816 omnia
650 3760 862 3825 munit;
906 3762 1165 3829 quoniam
1201 3762 1380 3815 omnis
1419 3762 1702 3829 processio
1736 3762 1853 3829 Dei,
1887 3762 2005 3818 sive
2041 3737 2080 3791 Β

427 3849 496 3902 ad
538 3849 858 3913 creandum,
906 3849 1023 3901 sive
1068 3848 1135 3901 ad
1174 3848 1594 3916 providendum,
1636 3852 1794 3906 unica
1832 3863 1915 3908 est
1953 3863 2009 3908 et

424 3943 685 4011 simplex,
713 3942 927 3996 tametsi
963 3956 1050 3995 res
1073 3953 1272 3996 creatae
1295 3959 1358 3997 ac
1386 3946 1618 4012 provisa:
1641 3946 2009 4004 diversimode

428 4037 545 4089 haec
578 4050 809 4088 munera
854 4035 1207 4103 participent.
1246 4035 1460 4090 Dicitur
1496 4037 1660 4092 etiam
1702 4038 1811 4092 alio
1845 4040 2008 4094 modo

426 4127 796 4189 omnitenens,
833 4128 959 4195 quia
990 4127 1247 4180 munibus
1278 4128 1534 4196 imperat,
1566 4139 1622 4183 et
1660 4131 2006 4197 dominatur,

426 4230 485 4276 et
511 4219 709 4276 sullieit
740 4228 981 4289 potestas
1008 4219 1125 4289 ejus
1152 4220 1404 4276 omnibus
1427 4223 1517 4290 qui
1557 4224 1625 4277 ab
1656 4223 1775 4294 ipso
1814 4227 2010 4295 guber-

428 4323 661 4379 nantur;
692 4312 837 4381 quod
870 4311 922 4364 in
958 4311 1174 4380 regibus
1203 4314 1434 4367 terrenis
1465 4313 1644 4367 locum
1680 4332 1784 4369 non
1815 4317 2004 4382 habet,

428 4406 690 4472 quoniam
723 4403 856 4457 viris
905 4404 1377 4472 prtestautiorilms
1406 4419 1544 4471 opus
1568 4405 1768 4460 habent
1802 4411 1868 4462 ad
1906 4425 2009 4477 gu-

426 4494 797 4549 bernandum.
824 4492 976 4559 Quod
1010 4492 1051 4547 si
1087 4507 1218 4547 vero
1241 4501 1295 4546 et
1324 4494 1425 4561 ipsi
1456 4493 1669 4563 aliquos
1706 4512 1802 4565 per
1830 4512 1889 4553 se
1922 4514 2011 4553 rc-

428 4599 575 4661 gant,
607 4588 841 4657 negotiis
864 4587 1267 4656 quodammodo
1295 4603 1352 4642 se
1381 4588 1690 4659 implicare,
1711 4601 1767 4647 et
1795 4610 1915 4661 qua;
1943 4596 2009 4650 ad

427 4696 520 4735 eos
558 4687 810 4750 spectant
855 4678 1070 4733 discere
1124 4680 1349 4745 debent,
1396 4691 1456 4734 ut
1497 4696 1689 4736 secure
1738 4685 2006 4751 praesint:

426 4788 615 4827 verum
657 4771 802 4826 Deus
838 4771 1249 4840 omnipOteuter
1288 4773 1629 4837 dominatur,
1667 4785 1722 4828 et
1775 4777 2011 4833 ii'nmiste

430 4875 647 4936 praeest.
671 4867 882 4920 Dicitur
911 4867 1253 4922 omnitenens
1281 4868 1469 4933 etiam,
1490 4877 1547 4922 ut
1579 4870 1833 4923 omnibus
1857 4887 2010 4924 ama-

430 4959 558 5013 bilis
592 4968 649 5012 et
688 4958 1103 5025 desiderabilis;
1139 4959 1399 5026 quoniam
1434 4960 1501 5013 ab
1545 4962 1662 5029 ipso
1691 4964 1877 5016 omnia
1910 4979 2007 5019 vo-

430 5050 667 5104 luntarie
702 5050 1103 5119 gubernantur,
1142 5062 1198 5105 et
1228 5067 1355 5121 erga
1388 5053 1563 5121 ipsum
1605 5054 1792 5109 divino
1824 5071 2011 5110 amore

431 5144 699 5207 feruntur,
734 5144 805 5196 ita
839 5152 897 5195 ut
925 5143 1072 5196 nulla
1100 5146 1302 5199 existat
1330 5146 1628 5212 dissensio,
1659 5148 1805 5201 nulla
1838 5148 2005 5204 invita

428 5247 485 5291 et
514 5237 751 5291 violenta
784 5235 1003 5298 tractio,
1025 5247 1357 5305 quapropter
1379 5238 1803 5293 omnitenentem
1826 5241 2005 5311 digni-

432 5340 600 5385 tatem
628 5329 834 5383 habere
881 5327 1236 5395 perhibetur;
1288 5328 1420 5381 nihil
1454 5331 1600 5384 enim
1632 5331 1874 5387 habenas
1914 5349 2009 5387 ex-

429 5423 591 5485 cutit,
629 5419 766 5474 nihil
797 5418 1161 5481 eontravenit,
1193 5418 1325 5473 nihil
1355 5421 1560 5484 obstat,
1594 5422 1727 5475 nihil
1755 5434 2005 5478 coactqu

429 5513 757 5576 succumbit,
785 5511 879 5565 sed
910 5511 1093 5565 omnia
1122 5520 1376 5583 tanquam
1401 5522 1669 5569 creatura:
1700 5531 1820 5585 qua:
1842 5516 2009 5572 Crea-

512 5653 529 5687 ‘
565 5651 775 5706 Coloss.
812 5668 850 5717 ι,
890 5651 975 5706 16.

2111 2467 2260 2529 ὅπως
2284 2466 2509 2529 παλαιὸς
2527 2465 2751 2536 ἡμερῶν
2771 2464 2921 2535 παρά
2942 2464 3020 2536 τῷ
3040 2465 3235 2536 Δανιὴλ
3256 2465 3475 2534 λέγεται
3495 2469 3523 2518 ό
3543 2466 3686 2528 Θεὸς,

2112 2560 2306 2611 εἰπεῖν.
2338 2557 2570 2626 Λέγεται
2608 2556 2786 2610 τοίνυν
2820 2557 3213 2627 παντοκράτωρ
3238 2557 3345 2610 ἀπὸ
3381 2560 3687 2628 μεταφορᾶς

2110 2650 2486 2722 ὲρριζωμένης
2514 2650 2607 2703 καὶ
2647 2649 2928 2720 συμφύτου
2954 2650 3182 2721 πέτρας,
3212 2649 3294 2718 ἐφ’
3334 2644 3402 2719 ἦς
3438 2652 3474 2703 ὃ
3507 2668 3568 2703 τε
3609 2650 3687 2703 θε⁸

2115 2744 2298 2814 μέλιος
2340 2743 2435 2796 τοῦ
2482 2742 2913 2813 οἰκοδομήματος
2950 2744 3044 2795 καὶ
3084 2743 3217 2795 αὐτὸ
3254 2743 3315 2794 τὸ
3354 2743 3688 2815 οἰκοδόμημα

2112 2834 2414 2905 έδράζεται.
2447 2828 2579 2886 Εἶτα
2605 2830 2774 2885 εἰπὼν
2804 2832 3131 2902 συνέχουσαν
3157 2831 3255 2902 τὴν
3284 2832 3471 2903 ἕδραν,
3506 2834 3592 2886 ἵνα
3617 2834 3685 2904 μή

2110 2944 2192 2990 τις
2228 2927 2525 2998 ὑπονοήσῃ,
2555 2925 2639 2978 ὅτι
2666 2921 2825 2976 τοῦτο
2861 2918 2983 2976 εἷπε
3015 2923 3104 2977 διὰ
3129 2924 3190 2976 τὸ
3217 2927 3275 2977 ὲν
3302 2924 3381 2994 τῷ
3412 2920 3557 2978 εἶναι
3598 2928 3687 2979 σὺν

2111 3020 2295 3082 αὐτοῖς
2319 3021 2434 3082 τοῖς
2478 3017 2741 3088 κτίσμασι
2774 3017 3040 3087 συνέχειν,
3080 3016 3329 3088 καθάπερ
3358 3018 3464 3088 τὴν
3505 3034 3688 3089 προτε-

2113 3110 2295 3163 θεῖσαν
2313 3112 2406 3173 ἐἰς
2442 3108 2839 3178 ὑωδείγματος
2869 3108 3025 3177 λόγον
3052 3108 3277 3178 πέτραν,
3310 3112 3405 3163 καὶ
3435 3111 3539 3163 οὐκ
3569 3110 3689 3175 ἔξω·

2114 3204 2235 3269 θεν,
2276 3204 2525 3275 ἐπιφέρει
2572 3203 2665 3255 καὶ
2703 3201 2803 3265 τὰς
2838 3200 3150 3265 ἐπιλοίπους
3201 3200 3395 3267 λέξεις.
3435 3203 3559 3257 Ἐπὶ
3588 3203 3689 3272 γάρ

2110 3298 2211 3369 τῆς
2236 3297 2441 3368 πέτρας
2469 3297 2529 3350 οὐ
2557 3296 2794 3365 λέγεται,
2825 3296 2907 3348 ὅτι
2930 3297 2964 3367 ἡ
2997 3295 3177 3368 πέτρα
3204 3295 3453 3365 περιέχει
3481 3296 3516 3366 ἦ
3539 3297 3689 3365 θεμεα

2110 3389 2248 3443 λιοῖ·
2284 3390 2377 3443 ἐπὶ
2405 3389 2462 3441 δὲ
2494 3388 2589 3441 τοῦ
2622 3387 2758 3441 Θεοῦ
2802 3388 3041 3457 λέγεται,
3078 3389 3162 3441 ὅτι
3193 3388 3481 3458 ποιητικὸς
3528 3387 3689 3463 αἴτιός

2111 3485 2280 3549 ἐστιν,
2330 3482 2390 3550 ἐξ
2419 3478 2480 3537 οὗ
2526 3483 2621 3537 καὶ
2667 3484 2744 3547 ὼς
2782 3484 2849 3536 ὲκ
2888 3483 3044 3555 ῥίζης
3080 3484 3372 3554 ποιητικῆς
3401 3482 3474 3536 τὰ
3521 3485 3687 3539 πάντα

2112 3577 2464 3649 προάγονται,
2489 3578 2583 3630 καὶ
2610 3577 2689 3639 είς
2711 3576 2790 3640 δν,
2813 3575 2890 3638 ὡς
2916 3578 2997 3638 εἰς
3024 3575 3273 3647 πυθμένα
3298 3577 3585 3647 ποιητικὸν
3605 3576 3691 3630 καὶ

2113 3668 2492 3743 προνοητικὸν,
2512 3669 2950 3740 ἐπιστρέφονται.
2978 3669 3135 3722 Κατὰ
3165 3669 3293 3739 μίαν
3323 3669 3381 3721 δὲ
3405 3664 3691 3741 ὑπερέχον-ἒ

2108 3781 2207 3816 σαν
2238 3763 2465 3833 συνοχὴν
2488 3762 2556 3815 τὰ
2598 3762 2776 3815 πάντα
2803 3760 3245 3829 ὲξασφαλίξεται,
3282 3762 3364 3814 ὅτι
3390 3764 3547 3816 πᾶσα
3569 3760 3691 3833 πρό-

2106 3857 2223 3920 οδος
2246 3856 2339 3909 ἐπὶ
2359 3855 2516 3919 Θεοῦ,
2536 3854 2639 3908 κᾶν
2661 3857 2742 3917 εἰς
2765 3854 2825 3907 τὸ
2856 3853 3083 3917 κτίζειν,
3108 3854 3212 3907 κᾶν
3233 3857 3313 3918 είς
3334 3855 3398 3908 τὸ
3422 3857 3687 3927 προνοεῖν,

2108 3950 2283 4003 ένιαία
2313 3948 2406 4003 καὶ
2444 3947 2589 4018 άπλῆ
2620 3949 2790 4012 ἐστιν,
2834 3949 2882 4001 εί
2927 3949 3019 4001 καὶ
3052 3947 3123 4001 τὰ
3163 3947 3466 4018 κτιξόμενα
3501 3949 3595 4001 καὶ
3623 3946 3687 4000 τὰ

2109 4043 2479 4116 προνοούμενα
2506 4040 2774 4111 διαφόρως
2799 4039 2910 4093 τῶν
2940 4039 3157 4111 δωρεῶν
3182 4040 3492 4111 μετέχουσι.
3536 4039 3692 4108 Λέγει

2106 4154 2198 4190 ται
2219 4135 2611 4205 παντοκράτωρ
2641 4134 2736 4186 καὶ
2762 4132 2884 4186 καθ’
2908 4133 3095 4203 ἕτερον
3118 4132 3337 4203 τρόπον,
3370 4133 3455 4185 ὅτι
3482 4133 3691 4186 πάντων

2109 4230 2319 4297 κρατεῖ,
2352 4227 2447 4279 καὶ
2466 4224 2792 4289 ἐξουσιάζει,
2819 4225 2913 4277 καὶ
2937 4226 3172 4295 ἐπαρκεῖ
3205 4227 3237 4295 ἡ
3269 4222 3492 4288 ἐξουσία
3532 4220 3689 4277 αὑτοῦ

2107 4322 2221 4382 τοῖς
2245 4318 2636 4388 διοικουμένοις
2665 4319 2891 4379 ἅπασιν,
2919 4317 3055 4387 ὅπερ
3081 4318 3173 4369 ἐπὶ
3201 4316 3309 4369 τῶν
3334 4317 3429 4369 ἐπὶ
3466 4318 3568 4387 γῆς
3598 4315 3688 4385 βα-

2112 4409 2305 4463 σιλέων
2332 4411 2434 4462 οὐκ
2456 4409 2596 4473 ἔστι,
2619 4407 2701 4461 διὸ
2728 4409 2824 4461 καὶ
2857 4408 2964 4461 τῶν
3007 4407 3263 4477 συνδιαφε
3275 4406 3480 4477 ρόντων
3518 4408 3687 4469 αὐτοῖς

2108 4502 2217 4573 τὴν.
2246 4502 2422 4572 ἀρχὴν
2453 4500 2681 4553 δέονται.
2713 4499 2777 4552 Εἰ
2801 4498 2858 4551 δέ
2898 4515 3061 4551 τινων
3097 4498 3191 4551 καὶ
3231 4496 3323 4565 ἀφ’
3363 4495 3575 4549 ἑαυτῶν
3598 4493 3687 4563 ἀρ-

2111 4610 2313 4664 χουσιν,
2344 4590 2459 4645 ἀλλ’
2486 4586 2579 4644 οὖν
2613 4590 2933 4661 μιγνύμενοι
2974 4584 3086 4643 οἷον
3120 4591 3233 4652 τοῖς
3262 4588 3575 4659 πράγμασι,
3600 4583 3686 4638 καὶ

2114 4684 2474 4755 μανθάνοντες
2495 4681 2563 4734 τά
2590 4682 2720 4753 περὶ
2748 4680 2976 4745 τούτων,
3002 4679 3175 4743 οὕτως
3209 4678 3474 4748 ἀσφαλῶς
3503 4678 3686 4748 ἄρχουο

2113 4794 2215 4829 σιν.
2259 4778 2316 4828 ’0
2340 4777 2397 4829 δὲ
2423 4776 2555 4839 Θεὸς
2600 4775 2934 4847 παγκρατῶς
2964 4773 3292 4840 ἐξουσιάζει,
3326 4774 3425 4825 καὶ
3466 4769 3685 4842 ἐπαρκεῖ

2112 4870 2347 4942 ἀμιγῶς.
2374 4869 2606 4939 Λέγεται
2632 4868 3028 4941 παντοκράτωρ
3080 4869 3175 4922 καὶ
3201 4868 3277 4931 ὡς
3310 4869 3477 4921 πᾶσιν
3506 4864 3682 4935 ὲφετδς

2113 4965 2206 5017 καὶ
2250 4963 2583 5033 ὲπέραστος’
2624 4962 2706 5015 διὸ
2737 4962 2847 5032 γὰρ
2886 4962 3207 5025 ἐθελουσίως
3246 4960 3315 5014 τὰ
3346 4960 3528 5014 πάντα
3564 4957 3679 5027 παρ’

2113 5055 2279 5109 αὑτοῦ
2301 5057 2577 5127 ἄρχονται,
2604 5056 2698 5108 καὶ
2725 5055 2870 5108 θεῖον
2908 5053 3091 5124 ἔρωτα
3114 5054 3251 5125 πρὸς
3273 5053 3437 5106 αὑτὸν
3463 5052 3677 5123 ἔχουσιν,

2113 5149 2367 5220 οὐδεμιᾶς
2405 5148 2726 5219 δυσμενείας
2759 5146 2947 5217 οὔσης,
2990 5147 3111 5200 οὐδὲ
3149 5147 3404 5199 ἀκουσίου
3441 5145 3576 5207 τινὸς
3597 5139 3678 5196 καὶ

2118 5240 2294 5311 βιαίου
2321 5239 2509 5309 ὁλκῆς,
2552 5238 2639 5291 διά
2675 5237 2835 5290 τοῦτο
2862 5237 2923 5289 τὸ
2963 5237 3458 5307 παντοκρατορικὸν
3483 5236 3677 5301 λέγεται

2115 5334 2260 5404 ἐχειν
2278 5332 2492 5403 ἀξίωμα
2516 5349 2528 5361 ·
2554 5332 2705 5384 οὐδὲν
2730 5330 2839 5401 γὰρ
2860 5330 3175 5401 ἀφηνιάζει,
3198 5330 3349 5384 οὐδὲν
3376 5327 3673 5387 ἀντιϐαίνει,

2117 5426 2269 5479 οὐδὲν
2302 5425 2641 5489 ἀνθίσταται,
2670 5423 2822 5476 οὐδὲν
2848 5422 3168 5495 βιαζόμενον
3210 5422 3526 5486 ὑποπίπτει,
3556 5415 3672 5472 ἀλλὰ

2117 5518 2315 5583 πάντα,
2341 5516 2416 5581 ὡς
2441 5518 2723 5590 ποιήματα
2743 5516 2833 5570 τὸν
2857 5515 3195 5587 πιραγωγέα
3217 5515 3415 5581 εἰδότα,
3437 5513 3526 5567 τὸν
3552 5507 3672 5580 πρὸς

508 5807 621 5878 (46)
664 5808 801 5864 Vide
826 5808 957 5865 Sch.
998 5807 1320 5877 S.Maximi,
1354 5816 1483 5863 tom.
1520 5805 1584 5877 ll,
1619 5823 1739 5879 cap.
1764 5808 1832 5864 10
1896 5809 1975 5866 De
2002 5810 2165 5866 divin.
2203 5810 2406 5866 nomin.
