3866 6232
240 335 351 390 935

815 329 904 387 DE
937 331 1188 387 DIVINIS
1222 331 1618 396 NOMINIBUS,
1656 330 1814 387 CAP.
1850 328 1917 385 Χ.
1954 360 2024 371 -ι-
2056 328 2402 384 PABAPIIR.
2440 327 2911 384 PACHYMERxE.

3385 331 3487 387 960

236 453 398 508 αὐτὸν
432 452 575 507 θεῖον
605 451 885 507 ώδίνουσιν
925 452 1121 523 ἔρωτα.
1170 455 1233 507 Ἦ
1263 454 1320 507 δὲ
1355 454 1519 521 λέξις,
1557 453 1664 507 ἀπὸ
1707 451 1799 505 τῶι

1922 458 2092 503 torem
2120 457 2408 520 agnoscant
2448 448 2690 502 divinum
2722 462 2847 516 erga
2883 447 3055 514 ipsum
3088 461 3325 501 amorem
3360 464 3487 511 par-

234 544 609 615 κυῖσκομένων
632 545 919 614 ληφθεῖσα,
947 546 1099 616 δηλοῖ
1131 545 1228 617 τὴν
1266 541 1377 598 οἷον
1408 547 1466 597 έν
1492 547 1627 615 ἡμῖν
1656 560 1812 612 φυσι-

234 637 339 708 κὴν
374 636 635 701 διάθεσιν,
660 636 755 689 καὶ
782 636 875 705 ἀφ’
898 636 1056 708 ἡμῶν
1081 637 1312 707 φυσικὴν
1344 636 1520 709 ὁρμὴν
1562 636 1697 707 πρὸς
1724 636 1813 688 τὸν

229 728 565 799 δημιουργὸν
588 730 680 781 καὶ
702 727 935 799 κίνησιν.
980 727 1069 793 Ὣς
1094 728 1202 798 γὰρ
1233 731 1266 799 ὴ
1287 729 1379 799 γῆ,
1412 727 1811 799 θερμαινομένη

231 819 312 890 τῷ
345 819 500 891 ήλίῳ,
532 819 669 892 πρὸς
701 820 895 884 ὠδῖνας
922 820 1265 892 διεγείρεται,
1304 818 1445 872 οὕτω
1492 819 1583 871 καὶ
1610 820 1642 888 ή
1672 834 1811 887 καρ-

228 912 342 976 δία,
389 912 450 965 τὸ
486 912 715 984 ὲραστὸν
759 914 819 965 ὲν
859 913 1028 984 ἑαυτῇ
1065 912 1457 985 περιφέρουσα,
1502 911 1679 965 ὠδίνει
1719 910 1811 964 τὸν

229 1002 435 1075 ἔρωτα.

298 1201 327 1274 §
364 1203 433 1255 ll.
471 1201 708 1267 Παλαιὸς
735 1203 791 1257 δὲ
822 1204 1044 1277 ἡμερῶν
1072 1206 1322 1277 ὑμνεῖται
1379 1206 1409 1258 6
1449 1204 1581 1269 Θεὸς
1623 1204 1712 1259 διὰ
1749 1205 1811 1258 τὸ

223 1288 367 1346 εἶναι
389 1294 482 1348 τὸν
506 1295 667 1348 αὑτὸν
698 1294 871 1348 αἰῶνα
890 1297 1000 1349 τῶν
1026 1297 1258 1351 αἰωνίων
1284 1297 1529 1367 ἀγγέλων
1548 1315 1561 1327 ⁸
1588 1297 1809 1361 τούτους

225 1386 339 1457 γὰρ
374 1381 495 1439 εἷπε
532 1386 797 1458 πρότερον
819 1389 1091 1455 αἰωνίους,
1127 1390 1203 1455 ὡς
1235 1390 1431 1456 αἰῶνος
1462 1391 1805 1464 μετέχοντας,

220 1477 287 1529 οὐ
331 1476 437 1547 μὴν
465 1477 523 1529 δὲ
547 1477 623 1541 ὠς
654 1478 945 1551 ἀνάρχους.
973 1480 1181 1550 Χρόνον
1210 1480 1265 1534 δὲ
1299 1480 1411 1534 τῶν
1453 1481 1559 1535 ὑπὸ
1598 1481 1805 1553 χρόνον,

222 1568 483 1623 ἁπάντων
511 1570 752 1640 δηλονότι
776 1570 885 1625 τῶν
914 1573 1218 1642 γεγονότων
1251 1573 1387 1645 μετά
1419 1574 1519 1646 τὴν
1548 1593 1809 1647 παραγω-

224 1659 330 1731 γὴν
366 1660 460 1713 τοῦ
489 1662 739 1732 οὐρανοῦ,
781 1658 842 1717 οὗ
886 1666 953 1735 τῇ
989 1666 1200 1736 κινήσει
1229 1668 1259 1720 6
1287 1666 1475 1737 χρόνος
1505 1667 1803 1736 εἰσάγεται.

224 1752 457 1821 Λέγεται
499 1753 556 1806 δὲ
590 1754 685 1806 καὶ
718 1754 908 1825 χρόνος
942 1757 1037 1809 καὶ
1075 1756 1209 1811 αἰὼν
1249 1760 1344 1812 καὶ
1380 1759 1566 1831 ἡμέρα
1600 1762 1629 1814 6
1672 1760 1807 1826 Θεὸς

223 1844 565 1915 θεοπρεπῶς,
591 1846 667 1909 ὡς
697 1847 1092 1919 ἀμετάϐλητος,
1115 1849 1199 1902 ὅτι
1224 1849 1293 1902 τά
1321 1851 1497 1905 πάντα
1517 1854 1577 1905 ὲν
1598 1853 1805 1918 τούτοις

225 1938 688 2007 μεταϐάλλονται·
725 1938 866 1993 αὐτὰ
913 1939 969 1992 δὲ
1005 1940 1358 2014 ἀμετάϐλητα
1400 1946 1619 2015 μένουσι
1665 1948 1807 2002 κατὰ

222 2028 288 2081 τὸ
325 2024 463 2082 εἶναι
500 2028 725 2101 χρόνους
764 2031 858 2084 καί
894 2030 1131 2103 ἡμέρας.
1176 2033 1239 2086 Εἰ
1277 2034 1387 2106 γὰρ
1424 2037 1807 2107 μετεϐάλλοντο

219 2121 349 2172 κατ’
373 2120 582 2185 οὐσίαν,
618 2123 769 2175 πᾶσα
801 2121 858 2174 δὲ
891 2124 1159 2196 μεταϐολὴ
1191 2128 1249 2179 ὲν
1277 2127 1473 2199 χρόνῳ,
1498 2128 1688 2199 ἔμελλε
1711 2132 1805 2185 καὶ

222 2210 260 2283 ἡ
300 2211 570 2282 μεταϐολὴ
594 2213 690 2266 τοῦ
722 2214 913 2285 χρόνου
943 2217 1002 2269 ὲν
1033 2217 1210 2289 χρόνῳ
1244 2219 1510 2288 γίνεσθαι,
1540 2222 1636 2275 καὶ
1666 2223 1807 2295 ποίῳ

220 2299 398 2373 τούτῳ
420 2302 520 2356 οὐκ
540 2299 689 2359 οἶδα*
722 2306 865 2360 κατά
904 2306 966 2361 τὸ
996 2305 1137 2363 εἶναι
1169 2310 1226 2363 δὲ
1258 2312 1447 2382 χρόνον
1476 2313 1568 2366 καί
1597 2314 1805 2384 ἡμέρας

221 2389 347 2446 εἷπε
394 2393 456 2446 τὸ
496 2395 674 2450 αὐτῶν
724 2397 1123 2472 ἀμετάϐλητον.
1184 2401 1336 2456 Ἐπεὶ
1384 2405 1740 2475 παρακατιὼν
1773 2409 1805 2462 6

223 2483 380 2552 ἅγιος
421 2486 480 2539 ἐν
509 2487 793 2542 ἀλλοιώσει
831 2490 975 2545 εἴποι
1009 2493 1104 2546 τὸν
1132 2495 1324 2565 χρόνον
1346 2513 1359 2528 υ
1397 2496 1425 2549 ὃ
1465 2500 1559 2551 καὶ
1588 2498 1799 2553 δοτέονο

218 2570 382 2643 θέρος
413 2574 523 2646 γὰρ
556 2578 650 2630 καὶ
689 2578 809 2649 ἔαρ,
842 2580 1182 2655 φθινόπωρον
1214 2586 1305 2639 καὶ
1347 2586 1573 2659 χειμὼν,
1616 2592 1672 2644 αἰ
1707 2591 1802 2644 τοῦ

218 2667 418 2737 χρόνου
454 2668 785 2733 ἀλλοιώσεις.
812 2672 968 2727 Οὕτω
994 2675 1125 2744 γοῦν
1150 2676 1466 2750 θεοπρεπῶς
1503 2682 1596 2734 καὶ
1621 2683 1648 2735 6
1670 2681 1803 2748 Θεὸς

219 2758 311 2811 ἀεὶ
356 2758 671 2829 κινούμενος
716 2762 803 2832 ἐφ’
849 2765 1042 2818 ἑαυτοῦ
1079 2766 1251 2837 μένει.
1303 2770 1415 2823 Καὶ
1464 2772 1669 2843 τρίτον,
1717 2776 1802 2829 ὅτι

219 2851 319 2943 καὶ
348 2851 426 2943 ῶς
457 2853 627 2918 αἴτιος
660 2857 840 2911 αὐτῶν
861 2876 874 2889 ·
923 2859 1185 2932 ἐλέγομεν
1232 2864 1340 2937 γὰρ
1374 2868 1465 2920 καί
1514 2869 1801 2943 πρότερον,

217 2942 303 2995 ὃτι
335 2941 405 2997 τὰ
438 2945 619 3000 πάντα
663 2948 880 3018 λέγεται
913 2954 941 3005 6
972 2952 1107 3017 Θεὸς
1138 2955 1213 3019 ὡς
1245 2956 1417 3022 αἴτιος
1467 2960 1531 3012 ἐκ
1574 2941 1802 3015 τῶναί-

217 3033 441 3100 τιατῶν,
477 3039 525 3090 εἰ
558 3040 651 3092 καὶ
684 3040 823 3112 ὑπὲρ
852 3043 1029 3097 πάντα
1061 3046 1196 3099 ἐστι.
1233 3048 1326 3101 Διὸ
1359 3051 1452 3103 καὶ
1485 3051 1667 3115 πολιὸς
1703 3052 1801 3123 μὲν

216 3123 378 3232 ὤφθη
410 3126 489 3198 τῷ
520 3130 740 3232 ﬂamini},
775 3133 972 3232 λευκὴν
1018 3137 1156 3208 ἔχων
1190 3140 1431 3212 κεφαλὴν
1464 3142 1596 3195 ὡσεὶ
1627 3142 1794 3214 ἔριον,
1828 3174 1868 3232 C

217 3215 502 3282 νεανίσκος
521 3218 578 3271 δὲ
612 3222 772 3276 πάλιν
792 3224 871 3295 τῷ
916 3226 1198 3300 Ἀϐραάμο
1233 3230 1295 3284 τὸ
1324 3233 1443 3302 μὲν,
1475 3234 1550 3298 ὡς
1583 3236 1798 3290 πάντων

216 3305 451 3399 ὲκῌΘεοῦ
482 3327 543 3362 τε
576 3311 746 3367 ὄντων
779 3318 874 3371 καὶ
909 3320 1029 3389 μετ’
1062 3320 1245 3387 αὐτὸν,
1269 3325 1361 3376 καὶ
1394 3326 1672 3399 νεωτέρων
1703 3328 1799 3381 αὐ-

380 3399 443 3489 τὸ
472 3401 551 3466 δὲ,
585 3403 667 3457 ὄτι
700 3407 760 3459 ὲν
784 3407 998 3482 ἀκμαίᾳ
1028 3413 1124 3466 καὶ
1156 3414 1412 3468 εὐσταθεῖ
1439 3395 1799 3489 μακαριότητι

215 3486 565 3555 ἀπαλαίωτός
597 3493 774 3547 ἐστιν·
804 3494 837 3567 ἢ
863 3496 930 3549 δι’
960 3499 1307 3573 ἀμφοτέρων,
1337 3486 1527 3556 τοῦίτε
1558 3486 1799 3577 πρεσϐύ-

214 3595 313 3633 του
345 3581 440 3635 καὶ
469 3583 563 3637 τοῦ
595 3585 715 3639 νέου
736 3626 751 3652 ,
782 3587 1035 3660 δηλοῦται
1065 3592 1127 3646 τὸ
1159 3593 1217 3660 ἐξ
1250 3594 1422 3667 ἀρχῆς
1453 3596 1580 3668 ἄχρι
1612 3597 1798 3663 τέλους

215 3670 306 3725 διά
335 3674 555 3729 πάντων
584 3676 692 3731 τῶν
724 3683 1037 3752 κτισμάτων
1088 3686 1333 3756 προϊέναι
1378 3687 1539 3742 αὐτόν
1562 3705 1576 3719 ο
1612 3688 1645 3759 ἢ
1678 3689 1797 3761 τρί-

216 3778 331 3827 τον,
366 3766 550 3832 καθὼς
584 3771 677 3823 καὶ
720 3772 750 3823 6
796 3774 1170 3849 ἰεροτελεστὴς
1202 3779 1295 3831 καὶ
1340 3780 1657 3847 διδάσκαλος
1702 3783 1796 3837 τοῦ

218 3853 434 3946 ξίατρὸς
478 3859 734 3932 Ἱερόθεός
783 3882 967 3937 φησιν,
1002 3869 1084 3923 ὅτι
1115 3870 1183 3924 δι’
1233 3872 1560 3945 ἀμφοτέρων
1591 3878 1624 3946 ἡ
1677 3875 1797 3929 θεία

217 3942 517 4038 ἀρχαιότης
564 3951 837 4022 δηλοῦται,
872 3956 960 4011 διὰ
997 3960 1096 4030 μὲν
1128 3961 1223 4015 τοῦ
1270 3942 1667 4038 πρεσϐυτέρου,
1714 3968 1796 4021 ὅτι

214 4033 280 4128 τὸ
310 4036 538 4107 ἀρχαῖον
596 4044 691 4096 καὶ
737 4046 952 4117 πρῶτον
984 4050 1135 4122 δηλοῖ
1164 4052 1226 4106 τὸ
1271 4033 1637 4128 πρεσϐύτερον
1660 4076 1673 4089 ·
1708 4059 1796 4114 διὰ

212 4125 275 4179 δὲ
303 4127 399 4181 τοῦ
429 4134 714 4207 νεωτέρου,
749 4140 980 4213 ἐπείπερ
1005 4143 1081 4207 ὡς
1112 4146 1170 4198 ἐν
1192 4125 1444 4218 ἀριθμοῖς
1477 4125 1794 4222 ἀρχηγικώ-

213 4234 373 4311 τερον
408 4224 505 4294 μὲν
620 4230 808 4297 μονὰς,
845 4234 939 4286 καί⁵
999 4237 1120 4288 κατ’
1167 4238 1402 4310 ἀριθμὸν
1447 4241 1732 4311 νεώτερον,
1767 4246 1796 4298 6

210 4308 274 4362 δὲ
305 4312 533 4386 ἀριθμός
565 4320 681 4372 ἐστι
710 4322 788 4392 τῷ
822 4324 1012 4395 πλήθει
1040 4308 1380 4399 φαινόμενος,
1417 4332 1539 4386 ὅσον
1571 4308 1797 4400 αθξάνε-

214 4415 340 4495 ται,
394 4404 631 4475 ἔμφασιν
666 4410 1084 4484 ὑστεροχρονίας
1132 4416 1264 4488 ἔχει.
1303 4421 1401 4473 Διὰ
1444 4422 1600 4475 τοῦτο
1631 4426 1660 4477 6
1695 4426 1794 4495 μὲν

1919 538 2149 593 turiunt.
2208 537 2542 591 Vocabulum
2588 546 2771 591 autem
2822 536 2924 590 hoc
2977 551 3007 590 a
3060 537 3488 605 parturientibus

1915 641 2223 698 acceptum,
2255 630 2500 684 declarat
2527 630 2931 699 quodammodo
2971 628 3023 681 in
3056 630 3212 683 nobis
3243 628 3489 686 alIectio-

1914 738 2038 776 ncm
2069 722 2393 787 naturalem,
2434 733 2488 776 et
2518 738 2547 775 a
2575 733 2767 776 natura
2806 724 2965 775 nobis
2997 722 3215 776 insitam
3256 738 3488 793 propen-

1914 815 2118 870 sionem
2172 830 2237 870 ac
2288 814 2579 869 motionem
2628 815 2695 868 ad
2748 814 3087 874 Creatorem.
3138 815 3293 870 Sicut
3340 818 3486 871 enim

1913 913 2056 960 terra
2086 905 2199 960 sole
2223 904 2482 959 calefacta
2518 906 2586 959 ad
2630 906 2974 975 paritudines
3005 917 3366 975 provocatur;
3402 908 3485 963 sic

1911 1006 1967 1053 et
1989 1012 2108 1062 cor,
2146 998 2198 1050 id
2228 997 2372 1066 quod
2398 996 2633 1052 amabile
2664 1006 2747 1051 est
2778 997 2830 1050 in
2865 998 3043 1068 seipso
3070 997 3485 1064 circumferens,

1911 1104 2153 1144 amorem
2182 1088 2444 1158 parturit.

1983 1202 2142 1274 507
2165 1202 2192 1274 §
2222 1201 2287 1257 ll.
2308 1202 2583 1272 Antiquos
2603 1217 2735 1257 vero
2757 1202 2967 1256 dierum
2989 1201 3299 1257 celebratur
3317 1202 3483 1270 Deus,

1909 1296 2037 1365 quia
2084 1296 2203 1365 ipse
2232 1303 2319 1350 est
2363 1309 2537 1349 avum
2569 1293 2885 1362 angelorum
2918 1293 3342 1360 aeviternorum;
3386 1294 3485 1349 hos

1908 1391 2055 1443 enim
2080 1398 2245 1442 antea
2274 1398 2511 1442 mternos
2541 1386 2776 1452 dixerat,
2800 1387 2943 1454 quod
2971 1386 3297 1456 participem
3328 1396 3486 1440 mter-

1910 1484 2156 1548 nitatem,
2216 1497 2323 1536 non
2370 1496 2506 1535 vero
2551 1480 2693 1551 quod
2746 1478 3000 1549 principii
3044 1491 3295 1549 expertes
3351 1482 3482 1535 sint.

1909 1573 2146 1642 Tempus
2171 1584 2351 1627 autem
2390 1587 2580 1626 eorum
2615 1586 2734 1640 quae
2776 1578 2904 1625 sunt
2945 1570 3193 1639 subjecta
3229 1572 3480 1640 tempori,

1907 1665 1962 1719 id
1990 1674 2076 1721 est
2105 1680 2297 1721 eorum
2331 1664 2575 1717 omnium
2609 1678 2729 1732 qua:
2764 1662 2908 1717 facta
2945 1671 3069 1716 sunt
3098 1670 3221 1730 post
3260 1663 3481 1728 malum,

1907 1775 1972 1814 ex
2008 1758 2161 1827 cujus
2193 1767 2341 1812 motu
2390 1756 2576 1810 existit
2610 1766 2842 1825 tempus.
2877 1754 3084 1809 Dicitur
3119 1764 3303 1809 autem
3340 1755 3483 1809 Deus

1907 1860 1962 1907 et
1992 1863 2238 1919 tempus,
2274 1861 2328 1906 et
2358 1865 2559 1913 :evum,
2609 1858 2664 1904 et
2710 1848 2826 1903 dies
2864 1862 2929 1901 eo
2962 1846 3121 1903 modo
3158 1862 3266 1915 quo
3311 1847 3481 1901 Deum

1908 1946 2083 2012 decet,
2115 1953 2387 2014 quatenus
2428 1941 2789 1997 immutabilis
2832 1950 2951 2006 est;
2998 1940 3255 2010 quoniam
3297 1938 3482 1994 omnia

1905 2055 2026 2110 quae
2064 2046 2190 2094 sunt
2236 2039 2290 2092 in
2343 2037 2428 2092 his
2480 2034 2832 2091 mutationem
2871 2034 3116 2103 capiunt,
3162 2032 3279 2101 ipsa
3324 2045 3479 2096 vero,

1906 2143 2173 2204 quatenus
2215 2139 2459 2200 tempora
2494 2137 2549 2184 et
2587 2127 2707 2182 dies
2752 2138 2900 2190 sunt,
2940 2126 3225 2179 immutata
3262 2138 3480 2193 perma-

1906 2234 2058 2280 nent.
2082 2224 2215 2279 Nam
2247 2223 2291 2278 si
2325 2222 2624 2279 secundum
2656 2219 2943 2275 essentiam
2969 2228 3325 2285 mutarentur,
3357 2232 3479 2272 cum

1903 2315 2082 2369 omnis
2114 2314 2341 2368 mutatio
2381 2314 2433 2367 in
2474 2321 2718 2382 tempore
2752 2310 2869 2374 ﬁat,
2905 2310 3129 2365 deberet
3158 2310 3324 2363 etiam
3355 2323 3478 2362 mu-

1906 2405 2041 2459 talio
2091 2403 2352 2474 temporis
2398 2402 2451 2455 in
2491 2412 2740 2470 tempore
2779 2399 2919 2466 ﬁeri,
2956 2398 3105 2469 quali
3138 2406 3321 2452 autem
3364 2397 3479 2461 illo,

1904 2512 2013 2551 non
2045 2498 2193 2564 scio;
2234 2504 2501 2566 quatenus
2544 2506 2727 2548 autem
2765 2492 2883 2547 dies
2924 2502 3134 2560 tempus
3166 2501 3312 2557 sunt,
3344 2490 3482 2545 dixit

1906 2589 1972 2644 iis
1994 2604 2210 2659 quoque
2230 2597 2540 2657 competere
2561 2584 3077 2640 immutabilitatem.
3104 2583 3237 2639 Cum
3272 2583 3325 2636 in
3354 2597 3483 2652 pro-

1906 2697 2093 2752 gressu
2142 2682 2228 2736 hic
2274 2690 2495 2736 sanctus
2542 2680 2761 2744 dixerit,
2812 2686 3021 2745 tempus
3070 2678 3122 2730 in
3174 2675 3477 2729 mutatione

1907 2776 2248 2840 consistere;
2283 2775 2385 2829 hoc
2416 2774 2582 2828 etiam
2612 2772 3018 2827 concedendum
3050 2779 3137 2825 est
3166 2785 3180 2821 :
3213 2768 3480 2837 siquidem

1906 2877 2068 2922 aestas
2110 2875 2167 2922 et
2214 2880 2328 2933 ver,
2386 2874 2678 2919 autumnus
2731 2872 2786 2918 et
2836 2864 3010 2918 hiems
3042 2868 3170 2916 sunt
3223 2859 3480 2929 temporis

1907 2960 2254 3016 mutationes.
2299 2958 2391 3013 Sic
2434 2958 2619 3026 itaque
2645 2956 2808 3010 etiam
2838 2955 2998 3020 Deus,
3027 2953 3188 3008 modo
3214 2952 3323 3006 Deo
3349 2966 3478 3005 con-

1908 3047 2168 3111 venienti,
2203 3060 2420 3116 semper
2463 3055 2640 3099 motus
2692 3045 2745 3098 in
2790 3044 2970 3114 seipso
3002 3051 3303 3113 permanet.
3345 3041 3480 3096 Ter-

1906 3139 1981 3193 tio
2002 3138 2165 3193 etiam
2197 3151 2451 3208 tanquam
2490 3148 2681 3190 auctor
2712 3150 2937 3200 eorum;
2974 3135 3288 3189 dicebamus
3330 3134 3476 3186 enim

1903 3240 2086 3296 antea,
2127 3231 2295 3285 Deum
2330 3230 2514 3283 omnia
2543 3229 2647 3283 dici
2684 3239 2943 3297 tanquam
2987 3240 3205 3280 causam
3237 3239 3304 3278 ex
3344 3222 3477 3278 eﬂ'e-

1901 3323 2025 3389 ctis,
2063 3322 2280 3377 tametsi
2324 3337 2485 3391 supra
2519 3322 2699 3376 omnia
2740 3320 2835 3375 sit.
2871 3318 3053 3385 Quare
3098 3317 3306 3372 Danieli
3346 3332 3473 3385 qut-

1902 3416 2023 3469 dem
2055 3429 2223 3469 canus
2256 3414 2534 3483 apparuit,
2570 3413 2864 3466 candidum
2902 3411 3110 3465 habens
3143 3409 3476 3479 caputvelut

1902 3508 2109 3574 lanam,
2146 3524 2360 3562 rursum
2386 3505 2527 3563 vero
2550 3506 2769 3574 juvenis
2795 3506 3112 3559 Abrahamo
3144 3521 3158 3558 :
3192 3503 3323 3558 illud
3352 3504 3474 3573 qui-

1900 3601 2046 3663 dem,
2072 3601 2212 3669 quod
2236 3600 2417 3654 omnia
2443 3614 2511 3653 ex
2541 3599 2648 3652 Deo
2669 3598 2800 3665 sint,
2833 3606 2889 3651 et
2917 3605 3040 3666 post
3070 3597 3266 3665 ipsum,
3297 3609 3472 3663 eoque

1896 3693 2149 3764 juniora;
2188 3693 2291 3747 hoc
2328 3707 2479 3756 vero,
2517 3691 2659 3760 quod
2708 3690 2761 3744 in
2802 3689 3050 3760 vigorosa
3085 3688 3471 3756 constantique

1899 3783 2237 3838 beatitudine
2280 3784 2353 3839 sit
2397 3783 2536 3837 senii
2579 3796 2808 3848 expers;
2865 3780 2951 3837 vel
3008 3795 3106 3851 per
3153 3790 3467 3847 ntrmnque,

1897 3890 2018 3929 cum
2080 3889 2264 3929 senem
2317 3884 2429 3928 tum
2472 3874 2764 3941 juvenem,
2811 3871 3173 3941 signiﬁcatur,
3221 3871 3391 3939 ipsum
3437 3882 3471 3922 α

1898 3964 2167 4036 principio
2192 3979 2364 4033 usque
2395 3964 2461 4015 ad
2491 3963 2653 4015 tinem
2693 3976 2789 4029 per
2824 3969 3108 4014 creaturas
3128 3971 3318 4013 omnes
3349 3972 3472 4026 per-

1900 4045 2124 4120 venire;
2151 4054 2235 4109 vel
2260 4053 2440 4115 tertio,
2477 4062 2535 4105 ut
2565 4052 2777 4105 divinus
2819 4050 2981 4118 hujus
3014 4048 3191 4103 Patris
3227 4048 3472 4101 initiator

1898 4162 1962 4200 ac
1998 4155 2297 4218 praeceptor
2325 4145 2651 4199 Hierotheus
2676 4144 2774 4208 ait,
2821 4145 2965 4213 quod
3004 4153 3238 4211 utroque
3283 4140 3467 4194 divina

1896 4239 2015 4307 ejus
2047 4239 2342 4309 antiquitas
2368 4237 2661 4301 indicetur,
2698 4237 2773 4290 ita
2816 4248 2873 4289 ut
2907 4250 3003 4305 per
3032 4250 3217 4289 senem
3249 4234 3467 4303 quidem

1897 4332 1950 4387 id
1981 4330 2124 4400 quod
2160 4331 2440 4398 antiquum
2484 4339 2540 4384 et
2579 4330 2814 4398 primum
2853 4337 2935 4381 est
2977 4326 3323 4390 declaretur;
3372 4340 3470 4393 per

1891 4421 2148 4491 juvenem
2176 4436 2327 4489 vero,
2359 4422 2616 4490 quoniam
2665 4421 2809 4475 sicut
2841 4420 2893 4473 in
2923 4419 3163 4473 numeris
3189 4418 3470 4488 principa-

213 4492 367 4587 Θεὸς,
400 4496 475 4560 ὡς
510 4499 677 4565 αἴτιος
707 4503 816 4557 τῶν
848 4509 1185 4577 κτισμάτων,
1222 4512 1399 4583 ἀρχῆς
1433 4517 1526 4568 καὶ
1563 4492 1788 4587 μονάϐος

1904 4517 1999 4570 lior
2029 4515 2248 4585 quidem
2287 4524 2369 4570 est
2400 4515 2604 4578 unitas,
2633 4529 2755 4568 cum
2793 4514 2865 4568 sit
2900 4513 2954 4566 in
2988 4511 3231 4566 numeris
3270 4525 3463 4565 recen-

213 4582 369 4652 λόγον
402 4588 647 4659 ἐπέχων·
694 4592 762 4647 τά
797 4595 853 4648 δὲ
886 4597 1180 4668 κτίσματα,
1232 4601 1308 4665 ὡς
1354 4582 1449 4656 ἀπ’
1499 4582 1665 4659 αὐτοῦ
1699 4582 1797 4664 καί

212 4677 428 4730 αἰτιατά
460 4680 716 4752 πλήθους,
763 4686 987 4751 εἰκότως
1018 4692 1047 4742 6
1080 4691 1177 4759 μὲν
1207 4692 1268 4745 τὸ
1300 4694 1524 4765 ἀρχαῖον
1555 4696 1686 4764 ἔξει,
1721 4700 1790 4754 τὰ

212 4767 272 4821 δὲ
347 4771 621 4844 κτίσματα
693 4778 756 4831 τὸ
837 4781 981 4850 μετά
1059 4783 1233 4837 ταῦτα
1303 4787 1406 4857 τῆς
1462 4790 1636 4862 ἀρχῆς
1693 4795 1787 4847 καὶ

211 4862 457 4935 ὕστερον.

216 4970 300 5023 ro,
374 4970 629 5030 tanquam
676 4963 745 5019 ab
789 4964 909 5032 ipso
951 4976 1007 5021 et
1040 4983 1205 5024 causa
1253 4973 1655 5041 multitudinis;
1719 4976 1833 5047 ipse

212 5061 344 5101 vero
374 5049 425 5102 id
484 5054 628 5121 quod
666 5064 789 5122 post
816 5058 1145 5128 principium
1171 5073 1225 5116 et
1248 5067 1527 5133 posterius
1569 5068 1781 5123 existit.

280 5157 309 5231 §
358 5161 450 5213 III.
486 5163 772 5220 Εἰσϐάλλει
817 5170 947 5241 περί
995 5173 1160 5228 αὑτοῦ
1206 5174 1299 5229 τοῦ
1347 5178 1539 5250 χρόνου
1572 5180 1666 5233 καὶ
1696 5178 1790 5232 τοῦ

208 5252 408 5318 αἰῶνος
460 5257 672 5324 εἰπεῖν,
746 5262 1031 5331 σοφώτατα
1100 5271 1636 5343 κατασφαλιζόμενος
1697 5274 1790 5328 τὸν

207 5344 485 5438 ἀκροατὴν
535 5350 614 5413 εἰς
664 5352 969 5419 εὐσέϐειαν,
1022 5358 1115 5411 καί¹
1160 5360 1407 5427 φάσκων,
1465 5364 1539 5437 μὴ
1591 5366 1786 5438 χρῆναι

208 5440 457 5491 υπονοεῖν
486 5438 555 5493 τὰ
599 5440 863 5515 λεγόμενα
895 5449 1086 5503 αἰώνια
1135 5453 1274 5507 κατὰ
1305 5454 1463 5509 τοῦτο
1508 5457 1602 5510 καὶ
1651 5474 1777 5512 συν-

209 5528 357 5581 αϊδια
411 5525 549 5584 εἶναι
597 5532 717 5605 Θεῷ
748 5535 825 5607 τῷ
869 5539 975 5610 πρὸ
1020 5541 1249 5598 αἰώνων.
1300 5547 1379 5600 Τὰ
1429 5547 1559 5616 γοῦν
1609 5551 1783 5620 πάντη

209 5620 303 5712 καί.
333 5620 614 5688 ἀπολύτως
633 5626 872 5699 ἀγένητα
909 5634 1001 5686 καὶ
1036 5635 1181 5689 ἀΐδια
1208 5636 1276 5689 τά
1301 5639 1391 5691 ἐπὶ
1420 5639 1554 5692 Θεοῦ
1583 5642 1784 5712 κυρίως

208 5710 435 5765 αἰώνιαο
485 5717 534 5768 οἰ
581 5717 641 5772 δὲ
690 5718 953 5790 ἄφθαρτοι
1010 5726 1226 5797 ἄγγελοι
1279 5729 1481 5786 αἰώνιοι
1534 5710 1781 5803 λέγονται

1897 4609 2026 4673 tior,
2057 4625 2316 4665 numerus
2338 4618 2517 4664 autem
2547 4609 2600 4663 in
2628 4608 2973 4663 multitudine
2996 4620 3286 4675 apparens,
3308 4617 3467 4673 prout

1900 4710 2155 4769 augetur,
2187 4701 2650 4771 posterioritatem
2691 4698 2949 4767 temporis
2984 4697 3215 4751 obtinet.
3258 4695 3466 4750 Idcirco

1896 4791 2040 4847 Deus
2084 4793 2331 4861 quidem,
2376 4801 2634 4860 tanquam
2667 4805 2834 4845 causa
2871 4800 3272 4852 creaturarum,
3314 4790 3466 4857 prin—

1894 4888 2021 4956 cipii
2052 4898 2215 4955 atque
2246 4889 2471 4942 unitatis
2504 4888 2773 4942 rationem
2804 4888 3044 4951 habens;
3075 4895 3341 4941 creaturae
3376 4900 3467 4938 ve-

1894 4980 2113 5048 quidem
2168 4979 2391 5034 habebit
2436 4978 2490 5033 id
2537 4978 2683 5047 quod
2728 4976 3007 5046 antiquius
3044 4986 3152 5043 est,
3202 4987 3466 5031 creatura:

1965 5179 1993 5251 §
2020 5178 2104 5233 ιιι.
2137 5177 2333 5249 Incipit
2362 5179 2428 5234 de
2458 5179 2576 5249 ipso
2608 5186 2850 5248 tempore
2878 5188 2934 5235 et
2962 5182 3270 5237 aeternitate
3297 5185 3460 5239 verba

1892 5271 2097 5341 facere,
2123 5272 2530 5342 sapientissime
2552 5287 2808 5326 securum
2832 5275 3065 5329 reddens
3083 5276 3386 5331 auditorem
3407 5279 3461 5332 in

1890 5363 2186 5435 religione,
2216 5364 2381 5435 508
2414 5380 2477 5420 ac
2502 5364 2690 5419 dicens
2720 5380 2824 5419 uon
2843 5365 3041 5420 debere
3058 5367 3357 5423 existimari
3397 5384 3459 5422 ea

1888 5471 2012 5527 quae
2036 5464 2239 5511 aeterna
2274 5457 2552 5522 dicuntur,
2590 5456 2713 5512 ideo
2738 5472 2859 5512 esse
2890 5458 3002 5512 Deo
3031 5468 3327 5525 coaeterna,
3362 5463 3459 5530 qui

1887 5557 1972 5603 est
1996 5559 2121 5604 ante
2151 5547 2370 5603 saecula.
2409 5549 2482 5603 Ea
2510 5547 2717 5618 itaque,
2741 5564 2860 5617 quae
2884 5549 3105 5603 omnino
3129 5559 3187 5604 et
3212 5551 3461 5606 absolute

1887 5640 2125 5710 ingenita
2161 5649 2217 5694 et
2240 5641 2576 5710 sempiterna
2612 5649 2741 5694 sunt
2770 5641 2823 5694 in
2851 5641 2983 5704 Deo,
3010 5642 3227 5711 proprie
3251 5653 3455 5697 aeterna

1888 5741 2050 5800 sunt;
2084 5733 2261 5803 angeli
2293 5747 2424 5790 vero
2462 5732 2929 5804 incorruptibiles,
2958 5734 3148 5789 interni
3175 5733 3452 5799 dicuntur,
