3866 6232
400 332 503 387 947

1573 339 1631 397 S.
1663 341 1817 397 DION
1832 343 1958 398 YSII
1984 343 2445 400 AllEOPACITA‘J

3532 340 3656 396 988

394 449 548 517 juxta
582 449 710 505 illud
739 470 751 506 :
778 452 1093 522 Elevamini,
1119 467 1283 525 portio
1308 457 1577 511 wternales
1603 466 1654 520 ιι,
1680 460 1803 527 quia
1836 478 1960 530 par-

2071 462 2203 515 κατά
2234 464 2313 515 τό·
2362 461 2709 530 Ἐπάρθητε,
2752 461 2935 514 πύλαι
2974 459 3218 523 αἰώνιοι,
3261 458 3393 512 διότι
3442 458 3662 518 αἰῶνος

402 540 633 609 ticipant
670 547 1058 610 aeternitatem,
1118 557 1172 601 et
1204 549 1539 616 antiquiores
1582 560 1707 604 sunt
1749 553 1963 609 caeteris

399 634 691 689 creaturis.
717 634 995 690 lnveuitur
1026 638 1175 691 enim
1207 639 1319 693 lia-c
1350 640 1462 709 ipsa
1492 643 1751 709 temporis
1775 655 1965 699 exten-

400 731 486 784 sio
514 729 670 795 αἰών,
708 747 803 787 seu
847 739 1117 797 swculum,
1157 738 1325 801 dicta,
1366 736 1519 805 juxta
1559 739 1689 794 illud
1726 757 1740 793 :
1788 738 1965 809 Usque

400 822 470 874 ad
500 829 997 881 consummationem
1019 828 1199 883 swculi
1222 839 1285 896 νς
1312 840 1367 886 et
1397 832 1524 886 illud
1556 849 1567 884 ε
1604 832 1782 887 Annos
1813 843 1968 887 a'ter-

401 929 494 966 nos
530 914 585 968 in
620 928 791 971 mente
827 919 1008 985 habui,
1040 930 1088 974 et
1120 924 1403 977 meditatus
1432 940 1547 978 sum
1575 931 1623 989 ³,
1651 933 1706 979 et
1733 926 1965 981 iterum:

399 1007 543 1063 Deus
571 1011 729 1080 hujus
772 1014 952 1066 δαισαιὲ
995 1018 1274 1069 exctecavit
1315 1018 1657 1087 cogitationes
1687 1036 1866 1073 eorum
1896 1028 1961 1085 1;

398 1106 452 1151 ct
480 1114 510 1153 a
538 1098 723 1172 Moyse
766 1102 933 1157 Deum
975 1105 1189 1160 vidente
1223 1105 1426 1161 dictum
1462 1124 1477 1161 :
1515 1106 1631 1161 Erit
1662 1108 1755 1160 tibi
1787 1124 1966 1163 servus

397 1189 453 1241 in
490 1192 744 1246 saeculum
778 1203 823 1259 ι,
865 1196 980 1250 sive
1013 1196 1064 1250 in
1108 1206 1396 1252 aeternum.
1438 1197 1564 1252 llaec
1598 1199 1763 1265 igitur
1808 1208 1969 1254 vocat

398 1283 756 1352 temporalem
800 1286 1162 1342 aeternitatem
1210 1302 1225 1342 :
1275 1290 1417 1359 apud
1466 1289 1787 1359 Apostolum
1833 1303 1968 1345 vero

398 1374 598 1429 dicitur
637 1384 851 1447 tempus
889 1388 1154 1433 aeternum
1199 1390 1252 1444 ι,
1286 1389 1362 1443 et,
1396 1381 1711 1449 temporibus
1756 1383 1967 1437 aeternis

396 1467 549 1521 taciti
582 1466 632 1521 δ.
674 1468 943 1524 Dicuntur
990 1472 1175 1543 itaque
1218 1470 1395 1543 angeli
1441 1474 1652 1537 aeterni,
1709 1483 1965 1544 tanquam

397 1562 490 1627 qui
538 1561 923 1629 proprietatem
965 1564 1287 1618 aeternitatis
1331 1564 1681 1634 participem,
1728 1580 1850 1634 qua:
1884 1573 1970 1620 est

398 1652 698 1721 antiquitas
724 1664 779 1707 et
823 1654 1262 1722 immutabilitas,
1292 1664 1348 1709 et
1380 1656 1525 1725 quod
1556 1658 1855 1711 secundum
1887 1665 1969 1710 to-

399 1752 513 1797 tum
540 1756 664 1798 esse
691 1755 1067 1809 mensuratur;
1100 1745 1244 1799 sicut
1269 1747 1433 1801 etiam
1464 1748 1746 1819 theologus
1764 1747 1969 1819 Grego-

399 1835 513 1888 rius
553 1835 654 1901 ait,
708 1833 761 1888 id
810 1836 953 1904 quod
1012 1837 1176 1892 rebus
1229 1840 1637 1894 coextenditur.
1682 1840 1968 1911 Temporis

398 1934 580 1980 autem
607 1926 888 1995 proprium
922 1938 1026 1994 est,
1062 1931 1269 1984 versari
1300 1931 1353 1985 in
1384 1933 1735 2002 generatione
1764 1944 1819 1988 et
1845 1950 1968 1989 cor-

398 2017 669 2086 ruptioue,
692 2018 831 2073 coelo
861 2018 1007 2073 enim
1040 2020 1268 2090 ejusque
1307 2023 1475 2075 metui
1508 2024 1749 2091 accidit;
1784 2025 1968 2094 itaque

398 2109 593 2165 iterum
626 2111 929 2167 immutatis
962 2111 1250 2168 elementis
1282 2122 1493 2183 tempus
1521 2114 1737 2183 quidem
1795 2116 1967 2170 inter-

397 2202 518 2268 ibit,
545 2203 821 2258 mternitas
852 2218 983 2259 vero
1004 2204 1134 2259 erit.
1162 2202 1317 2260 Unde
1348 2217 1404 2262 et
1428 2220 1548 2271 nos,
1571 2206 1668 2276 qui
1690 2208 1849 2262 modo
1881 2209 1967 2263 hic

400 2295 627 2363 tempori
660 2294 1026 2363 subjacemus,
1067 2298 1396 2367 quandoque
1426 2300 1594 2353 etiam
1636 2300 1969 2371 incorrupti—

397 2383 535 2439 biles
563 2383 767 2448 elfecti,
788 2387 977 2440 arterni
1004 2387 1236 2443 erimus.
1262 2386 1489 2457 Oportet
1517 2389 1698 2459 itaque
1728 2389 1817 2443 illa
1849 2406 1968 2459 qua:

397 2486 604 2531 aeterna
652 2477 797 2532 dicta
840 2486 965 2532 sunt
1008 2493 1114 2533 non
1158 2478 1483 2547 simpliciter
1512 2480 1763 2551 accipere
1803 2483 1966 2536 etiam

398 2568 753 2635 sempiterna,
797 2570 892 2623 sed
928 2570 1225 2625 secundum
1265 2571 1509 2626 divinum
1553 2571 1966 2644 Scripturarum

397 2676 621 2729 scopum
652 2660 959 2732 llgurasque
982 2662 1033 2714 in
1069 2661 1177 2717 illis
1206 2672 1397 2725 notas;
1428 2663 1637 2719 scilicet
1672 2665 1968 2721 secundum

398 2762 625 2807 naturas
678 2768 859 2807 rerum
918 2754 1285 2821 subjectarum
1340 2755 1420 2810 sic
1474 2765 1678 2810 aeterna
1736 2756 1966 2811 dicenda

396 2854 545 2899 sunt.
578 2843 711 2899 Cum
741 2844 921 2913 itaque
957 2845 1044 2900 illa
1085 2862 1205 2915 qua:
1234 2847 1448 2916 proprie
1464 2858 1610 2911 sunt.
1643 2849 1851 2914 divina,
1882 2850 1967 2903 in-

397 2952 601 3006 quam,
647 2951 766 3006 quae
806 2945 959 3003 sunt,
1003 2953 1168 3006 supra
1218 2953 1435 2993 omnem
1478 2951 1807 3006 creaturam,
1852 2957 1968 2997 mvo

399 3033 515 3085 sive
556 3031 849 3085 aeternitati
896 3033 1278 3098 atlribuamus,
1328 3034 1545 3089 tametsi
1590 3050 1753 3105 supra
1795 3052 1967 3090 aevum

396 3122 510 3175 sive
535 3122 895 3176 :eternitatem
928 3123 1073 3187 sint,
1114 3122 1202 3177 illa
1238 3139 1366 3179 vero
1389 3139 1510 3193 qua:
1549 3124 1685 3181 ﬁunt
1723 3136 1965 3194 tempore

397 3214 745 3281 deﬁniverit,
778 3217 953 3269 media
983 3216 1125 3269 inter
1160 3230 1223 3271 ea
1258 3231 1379 3286 qua;
1408 3227 1536 3271 sunt
1563 3225 1617 3272 et
1651 3235 1772 3287 qua:
1805 3221 1964 3283 tiuut,

399 3307 625 3377 angelos
652 3318 704 3361 et
727 3308 943 3361 animas
970 3307 1137 3373 dicit;
1172 3323 1292 3377 qua:
1318 3308 1537 3378 quidem
1566 3311 1763 3378 partim
1794 3326 1965 3365 aevum

2070 554 2353 625 μετέχουσι
2387 555 2480 607 καὶ
2524 552 2856 623 ἀρχαιότατά
2888 554 2994 605 εἰσι
3026 551 3134 604 τῶν
3168 550 3367 621 ἑτέρων
3400 548 3660 619 κτισμά-

2063 662 2190 699 των.
2219 644 2456 717 Εὕρηται
2489 646 2596 717 γὰρ
2630 647 2723 699 καὶ
2755 644 2891 717 αὕτη
2926 648 2959 717 ἡ
2991 644 3084 698 τοῦ
3111 644 3302 716 χρόνον
3334 643 3661 714 παρατασις

2067 738 2201 792 αἰὼν
2227 738 2512 809 λεγομένη,
2538 738 2676 791 κατά
2708 738 2769 791 τό
2786 754 2800 769 ⁸
2825 738 2981 803 Ἕως
3007 736 3117 805 τῆς
3145 736 3501 799 συντελείας
3538 733 3662 786 τοῦ

2066 831 2309 897 αἰῶνος·
2349 834 2439 885 καὶ
2470 832 2561 885 τό”
2603 836 2747 898 Ἐτη
2774 832 2981 886 αἰώνια
3017 831 3351 901 ἐμνήσθην,
3387 830 3484 883 καί
3512 830 3663 898 ἐμε-

2067 922 2295 987 λέτησα
2318 939 2331 951 ·
2378 924 2469 976 καὶ
2516 923 2694 977 πάλιν·
2743 924 2803 975 Ὀ
2845 922 2991 989 Θεὸς
3030 922 3135 976 τοῦ
3179 921 3392 987 αἰῶνος
3427 921 3662 973 τούτου

2064 1014 2379 1083 ἐτύφλωσε
2424 1016 2497 1070 τὰ
2543 1016 2812 1085 νοήματα
2850 1015 3077 1070 αὐτῶν·
3122 1016 3216 1070 καὶ
3258 1015 3318 1068 τὸ
3368 1015 3519 1085 παρὰ
3572 1012 3662 1083 τῷ

2069 1102 2271 1179 Θεόπτῃ
2320 1108 2526 1179 Μωῡσῇ
2569 1107 2894 1177 λεγόμενον·
2936 1109 3149 1162 Ἔσται
3187 1124 3285 1161 σοι
3323 1107 3663 1173 κατόχιμος

2066 1198 2154 1262 εἰς
2192 1198 2297 1250 τὸν
2330 1198 2533 1253 αἰῶνα.
2581 1200 2767 1254 Ταῦτα
2796 1199 2929 1271 γοῦν
2960 1200 3113 1268 λέγει
3147 1199 3403 1270 ἐγχρονον
3437 1196 3658 1250 αἰῶναο

2067 1288 2282 1355 αἰώνιος
2312 1292 2369 1345 δὲ
2403 1294 2591 1363 χρόνος
2625 1295 2776 1367 παρά
2819 1294 2899 1364 τῷ
2944 1293 3249 1361 Ἀποστόλῳ
3300 1292 3405 1361 πρὸ
3439 1290 3663 1360 χρόνων

2067 1383 2318 1447 αἰωνίων,
2354 1385 2468 1437 καίο
2503 1387 2750 1453 Χρόνοις
2785 1387 3047 1451 αἰωνίοις
3076 1382 3512 1453 σεσιγημένου.
3553 1380 3662 1433 Λέ-

2067 1490 2251 1541 γονται
2283 1474 2462 1529 τοίνυν
2509 1477 2559 1529 οἱ
2594 1476 2811 1546 ἄγγελοι
2858 1476 3087 1543 αἰώνιοι,
3118 1475 3194 1539 ὡς
3239 1474 3339 1543 τῆς
3387 1473 3662 1543 ἰδιότητος

2066 1566 2161 1619 τοῦ
2211 1566 2405 1631 αἰῶνος
2451 1570 2789 1639 μετέχοντες,
2836 1571 2961 1640 ἥτις
3012 1569 3129 1621 ἐστὶ
3170 1567 3232 1620 τὸ
3281 1568 3508 1637 ἀρχαῖον
3558 1564 3661 1617 καὶ

2068 1655 2439 1720 ἀναλλοίωτον,
2466 1657 2558 1710 καὶ
2588 1658 2649 1710 τὸ
2681 1659 2800 1711 καθ’
2833 1658 2951 1711 ὅλον
2974 1657 3033 1709 τὸ
3052 1652 3187 1709 εἶναι
3225 1657 3473 1726 μετρεῖν·
3509 1653 3658 1706 καθ-

2067 1744 2146 1809 ὼς
2188 1746 2281 1799 καὶ
2321 1745 2351 1796 ό
2394 1747 2641 1816 θεολόγος
2679 1748 2826 1816 λέγει
2860 1747 3179 1819 Γρηγόριος,
3226 1746 3287 1798 τὸ
3323 1760 3659 1815 συμπαρεκρ

2068 1838 2372 1908 τεινόμενον
2422 1842 2535 1903 τοῖς
2590 1835 2728 1893 οὖσι.
2764 1840 2968 1910 Χρόνου
3002 1839 3056 1892 δὲ
3093 1839 3223 1891 ἴδιον
3253 1837 3316 1890 τὸ
3347 1839 3404 1889 ὲν
3437 1835 3659 1904 γενέσει

2068 1926 2208 1983 εἶναι
2255 1931 2349 1983 καὶ
2383 1930 2593 2002 φθορᾷ·
2640 1930 2719 2001 τῷ
2764 1930 2874 2002 γὰρ
2918 1929 3133 2002 οὐρανῷ
3183 1930 3277 1983 καὶ
3321 1931 3386 1999 τῇ
3435 1928 3659 1996 κινήσει

2067 2018 2254 2071 τούτου
2279 2020 2511 2088 ὲγένετο’
2538 2021 2630 2075 καὶ
2652 2017 2829 2086 αὖθις,
2853 2021 3192 2089 ἀλλαγέντων
3214 2018 3321 2071 τῶν
3345 2016 3655 2084 στοιχείων,

2068 2114 2256 2184 χρόνος
2283 2114 2381 2183 μὲν
2415 2114 2772 2185 φθαρήσεται,
2800 2114 2935 2169 αἰὼν
2957 2114 3012 2168 δὲ
3048 2114 3218 2165 ἔσται.
3244 2112 3334 2163 Διὸ
3360 2111 3457 2162 καὶ
3488 2110 3659 2178 ἡμεῖς

2068 2207 2116 2258 οἰ
2151 2205 2257 2258 ὑπὸ
2290 2206 2479 2276 χρόνον
2526 2206 2783 2272 ἐνταῦθα,
2831 2206 2980 2259 ἐστιν
3028 2206 3117 2258 ὅτε
3169 2200 3659 2271 ἀφθαρτισθέντεςν

2069 2298 2305 2369 ἐσόμεθα
2353 2297 2581 2352 αἰώνιοι.
2633 2300 2839 2371 Πρέπει
2888 2296 3173 2367 τοιγαροῦν
3228 2295 3300 2366 μὴ
3347 2291 3539 2353 ἁπλῶς
3588 2290 3663 2343 τὰ

2068 2387 2334 2459 λεγόμενα
2367 2390 2560 2443 αἰώνια
2602 2389 2851 2460 δέχεσθαι
2884 2389 2980 2443 καὶ
3011 2388 3178 2448 ἀΐδια,
3215 2384 3351 2438 ἀλλά
3380 2382 3523 2435 κατὰ.
3562 2380 3660 2433 τὸν

2068 2478 2210 2533 Θείον
2240 2480 2349 2534 τῶν
2381 2480 2612 2551 Γραφῶν
2647 2480 2846 2533 σκοπὸν
2893 2479 2989 2533 καὶ
3019 2479 3148 2540 τοὺς
3177 2472 3664 2543 συνεγνωσμένους

2070 2574 2255 2636 αὐτοῖς
2286 2574 2537 2644 τρόπους,
2585 2572 2826 2643 δηλονότι
2872 2571 3055 2634 καθὼς
3103 2570 3285 2639 έχουσι
3334 2565 3554 2635 φύσεως
3589 2562 3666 2616 τὰ

2069 2665 2422 2735 ὑποκείμενα,
2457 2666 2628 2728 οὕτως
2668 2663 2865 2718 αἰώνια
2909 2661 3186 2731 λέγεσθαι.
3235 2658 3389 2711 Ἐπεὶ
3420 2654 3555 2724 γοῦν
3590 2654 3664 2706 τὰ

2072 2758 2171 2828 μὲν
2202 2758 2351 2821 ὄντα,
2384 2757 2626 2828 δηλονότι
2657 2757 2724 2810 τὰ
2770 2757 2889 2810 θεῖα
2921 2756 3015 2809 καὶ
3048 2754 3187 2823 ὑπὲρ
3234 2752 3414 2804 πᾶσαν
3447 2748 3666 2812 κτίσιν,

2068 2850 2147 2920 τῷ
2179 2850 2337 2903 αἰῶνι
2373 2850 2755 2921 προσένειμεν,
2791 2850 2839 2901 εἰ
2890 2848 2983 2900 καὶ
3016 2842 3357 2916 ὑπεραιώνιά
3403 2843 3509 2893 εἰσι
3535 2857 3551 2868 ’
3590 2838 3667 2891 τὰ

2070 2943 2127 2996 δὲ
2159 2946 2217 2996 ὲν
2249 2943 2459 3013 γενέσει
2491 2942 2569 3013 τῷ
2612 2942 2789 3013 χρόνῳ
2822 2939 3097 3009 ἀφώρισε·
3124 2936 3288 3007 (μέσα
3334 2934 3483 3001 λέγει
3528 2930 3665 2983 toni-

2073 3052 2181 3089 των
2211 3035 2319 3088 τῶν
2350 3053 2410 3088 τε
2444 3034 2612 3088 όντων
2645 3034 2740 3087 καὶ
2772 3031 3071 3103 γινομένων
3102 3029 3230 3091 τοὺς
3262 3024 3525 3093 ἀγγέλους
3559 3022 3659 3075 καὶ

2070 3128 2169 3190 τὰς
2193 3128 2391 3197 ψυχὰς,
2421 3126 2458 3181 ἆ
2490 3127 2566 3197 πῆ
2604 3127 2699 3197 μὲν
2729 3126 2921 3189 αἰῶνος
2950 3123 3265 3194 μετέχουσιν
3293 3119 3369 3181 ὡς
3400 3116 3659 3186 ἄφθαρτα

2073 3222 2167 3273 καὶ
2194 3220 2456 3285 ἀθάνατα,
2476 3219 2554 3290 πῆ
2575 3219 2632 3272 δὲ
2654 3218 2847 3289 χρόνου
2875 3217 2962 3269 διά
2986 3216 3046 3268 τὸ
3070 3217 3128 3267 ὲν
3144 3211 3353 3281 γενέσει
3374 3210 3660 3280 ὁρᾶσθαιή

2072 3313 2165 3367 τοῦ
2198 3313 2252 3365 δὲ
2293 3312 2427 3365 Θεοῦ
2461 3314 2495 3383 ἡ
2531 3312 2776 3382 βασιλεία
2822 3308 3054 3372 αἰώνιος,
3095 3304 3293 3376 μᾶλλον
3324 3303 3380 3355 δὲ
3412 3303 3507 3355 καὶ
3557 3302 3661 3370 βα-

399 3399 745 3469 participant,
764 3408 946 3469 utpote
966 3399 1292 3455 immortalia
1317 3409 1371 3455 et
1406 3401 1474 3456 ab
1510 3401 1960 3470 iuteritulibera;

2081 3404 2253 3458 σιλεία
2286 3404 2502 3457 πάντων
2535 3402 2767 3466 αἰώνων,
2807 3400 2953 3470 αὐτῷ
2985 3402 3017 3470 ή
3050 3398 3196 3461 δόξα.
3246 3395 3438 3464 Ἀμήν.

401 3494 597 3563 partim
638 3509 767 3549 vero
801 3505 1037 3563 tempus,
1068 3495 1197 3565 quia
1245 3495 1299 3549 in
1328 3496 1680 3565 generatione
1713 3508 2036 3555 cernuntur.
2074 3500 2168 3554 Dei
2196 3507 2377 3554 autem
2406 3512 2633 3567 regnum
2658 3506 2948 3563 aeternum,
2968 3492 3052 3547 vel
3079 3492 3257 3562 potius
3282 3500 3506 3555 regnum
3536 3499 3662 3539 om-

401 3588 551 3640 nium
576 3586 920 3654 saeculorum,
954 3587 1055 3657 ipsi
1086 3587 1281 3658 gloria.
1314 3588 1509 3643 Amen.

804 3861 965 3936 509
1022 3876 1352 3955 CAPUT
1422 3875 1564 3955 ΧΙ.

405 4014 482 4069 De
508 4029 667 4093 pace,
702 4013 929 4093 quidque
966 4014 1063 4066 sibi
1098 4013 1218 4093 velit
1260 4014 1434 4093 ipsum
1476 4028 1568 4079 per
1599 4028 1654 4065 se
1683 4028 1814 4079 esse,
1851 4026 1970 4093 qua!

472 4087 538 4206 2n
573 4100 664 4149 per
706 4100 760 4135 se
803 4083 930 4143 vita,
963 4099 1080 4150 qua:
1129 4085 1205 4137 vis
1254 4085 1370 4153 ipsa
1416 4099 1509 4152 per
1550 4098 1624 4148 se,
1655 4097 1701 4136 et
1735 4099 1851 4152 qua:
1896 4084 1971 4136 ita

512 4166 732 4207 tcuntur.

2436 3866 3080 3955 ΚΕΦΑΛΑΙΟΝ
3117 3857 3267 3950 ΙΑ’.

2078 4008 2215 4077 Περὶ
2241 4007 2481 4075 εἰρήνης
2501 4047 2515 4069 ,
2546 4008 2642 4059 καὶ
2668 4008 2723 4059 τί
2740 4006 3029 4070 ,βούλεται
3051 4005 3197 4077 αὐτό
3224 4005 3287 4057 τὸ
3310 4004 3613 4077 ain/asina:
3642 4024 3657 4035 -

2151 4074 2242 4144 τίς
2276 4074 2314 4145 ἡ
2351 4076 2610 4144 abte-(wh
2630 4117 2645 4141 ,
2682 4076 2779 4130 καὶ
2804 4076 2893 4142 τίς
2925 4077 2963 4144 ἠ
2999 4074 3428 4145 αὺτοδύναμις,
3460 4076 3561 4128 καί
3592 4077 3665 4129 τὰ

2150 4150 2304 4203 οὕτω
2327 4148 2640 4218 λεγόμενα.

1689 4304 2023 4363 SYNOPSlS
2055 4302 2349 4361 CAPITIS.

401 4452 442 4510 l.
481 4451 765 4521 Descripsit
794 4465 1033 4521 quwnam
1064 4449 1131 4501 sit
1158 4464 1264 4515 pax
1289 4450 1490 4511 divina,
1521 4463 1769 4521 qute,_res
1802 4442 2287 4521 omnescoordinat
2319 4449 2473 4521 atque
2497 4440 2772 4521 conciliat,
2805 4450 2855 4521 et
2899 4438 3113 4510 quinam
3146 4438 3250 4491 sint
3272 4437 3660 4521 .ejuseﬂ'cctus.

472 4510 746 4589 Quomodo
778 4510 899 4575 iiem
928 4510 1195 4593 silentium
1223 4521 1357 4573 illud
1382 4510 1618 4588 ignbtum
1652 4516 1746 4570 Dei
1771 4517 1996 4593 epprimi
2056 4531 2163 4593 non
2192 4510 2936 4593 possit."ll.Qu.omodolDeu_s
2962 4525 3054 4593 per
3081 4525 3136 4593 se
3164 4510 3331 4593 pacis:
3361 4518 3410 4560 et
3443 4510 3659 4593 uniuer-

471 4577 603 4647 salis
635 4604 682 4646 et
710 4591 1047 4659 particularis
1078 4590 1222 4657 pacis
1255 4577 1439 4661 aucto}
1493 4597 1683 4661 cuncta
1714 4577 1935 4661 paciﬁce
1961 4577 2234 4661 conciliet,
2266 4582 2412 4644 et,ad
2445 4582 2624 4635 omnia
2647 4582 2934 4650 pertingat.
2953 4577 3052 4661 _l|l.
3081 4577 3493 4661 Qu'omet‘lolpaa:
3523 4581 3663 4633 inter

470 4674 545 4717 tot
574 4674 620 4717 et
652 4647 759 4715 tam
781 4661 1049 4715 contraria
1079 4647 1343 4732 servetur.
1368 4659 1460 4732 IV.
1482 4647 1769 4732 Quomodo
1784 4647 1889 4726 pax
2002 4657 2066 4708 iis
2094 4670 2209 4724 qua:
2240 4668 2437 4732 semper
2466 4647 2761 4714 moventur,
2796 4647 3108 4732 reperiatur.
3135 4648 3200 4705 V.
3221 4647 3373 4732 Nihil
3391 4654 3444 4702 in
3464 4661 3664 4732 natura

470 4751 645 4787 rerum
674 4735 784 4787 sine
810 4748 935 4800 pace
952 4732 1268 4803 consistere.
1289 4731 1391 4803 XI.
1428 4727 1701 4803 Quomodo
1735 4728 1871 4803 Deus
1902 4727 2112 4803 dicatur
2142 4741 2233 4792 per
2260 4741 2314 4777 se
2344 4725 2471 4803 vita,
2503 4738 2593 4803 per
2624 4738 2677 4775 se
2706 4725 2992 4791 sapientia,
3036 4731 3162 4787 etc.,
3215 4729 3266 4773 et
3293 4734 3387 4788 per
3415 4737 3472 4775 se
3509 4725 3657 4786 vita,

469 4815 517 4859 et
548 4822 638 4875 per
658 4821 712 4859 se
738 4794 1008 4871 sapientia:
1035 4811 1237 4855 auctor.
1275 4801 1343 4855 Et
1368 4794 1494 4872 quid
1526 4801 1594 4853 sit
1622 4815 1713 4868 per
1742 4815 1796 4853 se
1823 4798 2049 4862 bonitas,
2083 4804 2131 4849 et
2155 4810 2245 4863 per
2271 4811 2325 4849 se
2355 4794 2631 4848 divinitas.
3028 4812 3031 4813 ν

1962 4956 2085 5032 §I.

473 5111 587 5183 Age
620 5109 734 5181 jam
775 5110 1012 5166 divinam
1043 5124 1253 5180 pacem,
1300 5118 1359 5166 ut
1404 5107 1800 5165 conciliationis
1829 5108 1966 5177 prin-

2155 5107 2288 5175 Ἀγε
2334 5104 2400 5176 δὴ
2446 5103 2544 5176 τὴν
2586 5102 2737 5156 Θείαν
2790 5101 2885 5156 καὶ
2932 5100 3380 5172 ἀρχισυνάγωγον
3436 5099 3663 5170 εἰρήνην

400 5202 620 5272 cipem,
694 5200 940 5271 pacilicis
1011 5200 1262 5255 laudibus
1346 5214 1787 5270 prosequamur;
1852 5198 1966 5252 haec

2079 5196 2267 5267 ὕμνοις
2296 5195 2587 5267 εἰρηναίοις
2625 5194 3099 5264 ἀνευφημήσωμεν
3117 5208 3130 5220 ·
3158 5190 3294 5258 αὓτη
3323 5188 3435 5259 γάρ
3457 5190 3607 5241 ἐστιν
3628 5190 3662 5258 ἡ

402 5294 550 5349 enim
588 5301 673 5347 est
717 5306 839 5361 qua:
882 5301 1081 5347 cuncta
1122 5291 1438 5361 conjungit,
1479 5300 1536 5346 et
1589 5290 1966 5345 universorum

2078 5290 2294 5343 πάντων
2322 5286 2552 5360 ἑνωτικὴ
2574 5328 2589 5353 ,
2631 5288 2725 5341 καὶ
2750 5288 2849 5357 τῆς
2880 5286 3135 5340 ἁπάντων
3170 5282 3424 5353 ὁμονοίας
3464 5298 3525 5334 τε
3569 5282 3663 5334 καὶ

404 5383 757 5439 concordiam
822 5396 888 5438 ac
971 5382 1367 5437 connexionem
1432 5382 1605 5451 gignit
1674 5379 1966 5449 elﬁcitque;

2079 5381 2353 5453 συμφυΐας
2382 5380 2672 5452 γεννητικὴ
2697 5381 2791 5434 καὶ
2819 5376 3197 5451 ἀπεργαστική
3214 5393 3226 5405 ·
3255 5375 3337 5429 διὸ
3362 5375 3460 5428 καὶ
3486 5375 3662 5428 πάντα

401 5494 575 5548 quare
600 5480 766 5533 etiam
820 5478 991 5546 ipsam
1045 5483 1306 5545 expetunt
1354 5475 1635 5540 universa,
1688 5482 1750 5529 ut
1787 5487 1966 5528 eorum

2077 5472 2252 5542 αὐτῆς
2274 5470 2523 5540 ἐφίεται,
2562 5470 2623 5522 τὸ
2663 5468 2920 5541 μεριστὸν
2955 5467 3135 5521 αὐτῶν
3168 5464 3371 5535 πλῆθος
3408 5467 3662 5561 Eme-cpe:

402 5575 633 5629 divisam
682 5571 1087 5627 multitudinem
1133 5571 1200 5624 ad
1238 5569 1511 5639 integram
1550 5568 1843 5639 quamdam
1892 5582 1966 5621 re-

2083 5562 2290 5633 φούσης
2316 5563 2395 5625 εἰς
2421 5561 2519 5631 τὴν
2540 5561 2668 5632 ὅλην
2708 5559 2933 5630 ἑνότητα
2957 5598 2974 5624 ,
3016 5558 3111 5610 καὶ
3135 5557 3226 5610 τὸν
3264 5554 3530 5625 ἐμφύλιον
3567 5554 3659 5604 τοῦ

473 5726 500 5752 ιι
536 5712 677 5766 Psal.
717 5728 870 5773 “tu,
905 5710 959 5773 7,
994 5711 1046 5765 9.
1124 5719 1149 5746 ν
1185 5708 1370 5767 Matth.
1408 5724 1596 5777 mnu,
1630 5708 1722 5764 20.
1796 5720 1819 5749 ι
1862 5705 1964 5763 Psa

2076 5720 2219 5761 xm.
2255 5703 2307 5760 6.
2409 5713 2436 5753 1
2472 5701 2513 5758 ll
2546 5702 2670 5759 Cor.
2710 5716 2781 5769 tv,
2818 5702 2868 5755 4.
2976 5695 3193 5753 ιΕιοιι.
3217 5707 3331 5756 ut,
3388 5697 3444 5751 6.
3557 5705 3580 5732 ι
3619 5687 3659 5743 ιι

406 5780 549 5837 Τιιιι.
588 5799 624 5849 ι,
660 5785 711 5836 9.
792 5782 819 5821 ι»
857 5782 1009 5837 lium.
1048 5796 1155 5840 tm.
1190 5780 1280 5835 25.
