3866 6232
247 276 354 332 9W

1310 278 1397 333 DE
1434 277 1686 337 DIVINIS
1731 282 2140 347 NOMINIBUS,
2176 283 2330 338 CAP.
2370 281 2456 336 XI.

3410 283 3513 338 9310

250 391 449 455 παντὸς
493 390 729 464 πόλεμον
768 391 993 464 ἐνούσης
1033 394 1113 457 εἰς
1152 396 1372 468 ὁμοειδῆ
1421 398 1715 453 συνοικίαν.
1754 400 1824 469 Τῇ

1936 402 2084 470 digat
2127 400 2392 455 unitatem
2416 438 2433 463 ,
2476 407 2642 468 atque
2686 398 3007 456 intestinum
3039 396 3240 453 bellum
3268 398 3510 454 universi

250 485 451 554 μετοχῇ
497 484 597 555 τῆς
644 483 795 548 θείας
835 486 1058 556 εἰρήνης
1096 489 1151 540 αἱ
1190 487 1321 555 γοῦν
1378 488 1747 561 πρεσϐύτεραι
1769 491 1839 522 ¹⁰⁰

246 574 356 628 τῶν
384 575 715 645 συναγωγῶν
742 576 1023 648 δυνάμεων
1058 579 1218 633 αὐταί
1247 597 1308 633 τε
1328 580 1349 611 ¹ν
1369 581 1505 653 πρὸς
1526 582 1725 645 ἑαυτὰς
1746 582 1841 637 καὶ

246 668 386 739 πρὸς
423 669 654 741 ἀλλήλας
677 670 921 725 ἑνοῦνται
940 712 957 737 ,
998 674 1093 726 καὶ
1119 674 1257 745 πρὸς
1279 675 1377 744 τὴν
1411 674 1539 745 μίαν
1564 674 1673 729 τῶν
1703 675 1839 729 ὅλων

246 758 620 829 εἰρηναρχίαν,
640 759 734 813 καὶ
761 759 830 813 τά
860 761 947 830 ὑφ’
981 762 1179 827 ἑαυτὰς
1212 753 1423 817 ἑνοῦσιν
1452 765 1591 819 αὑτά
1620 782 1679 818 τε
1704 765 1840 836 πρὸς

246 852 441 915 ἑαυτὰ,
478 853 572 906 καὶ
603 854 740 925 πρὸς
776 854 1002 927 ἄλληλα,
1033 857 1286 930 καὶπρὸς
1308 856 1406 929 τὴν
1431 858 1559 929 μίαν
1581 860 1674 912 καὶ
1704 877 1840 914 παν-

244 944 373 1016 τελῆ
398 946 498 1017 τῆς
522 947 737 1002 πάντων
758 950 978 1021 εἰρήνης
998 949 1171 1021 ἀρχὴν
1203 950 1298 1003 καὶ
1314 950 1511 1016 αἰτίαν,
1535 952 1678 1021 ἥτις,
1705 951 1839 1021 ἀμε-

248 1035 360 1107 ρῶς
401 1039 761 1111 ἑπιϐεϐηκυῖα
794 1044 910 1105 τοῖς
949 1042 1092 1106 ὅλοις
1115 1083 1131 1107 ,
1162 1041 1353 1114 ὥσπερ
1381 1044 1493 1097 τισὶ
1530 1042 1835 1114 κλείθροις¹

241 1131 357 1184 τῶν
396 1132 744 1207 διῃρημένων
787 1137 1258 1206 συμπτυκτικοῖς,
1295 1135 1364 1187 τά
1408 1135 1585 1188 πάντα
1631 1133 1833 1206 ὁρίζει,

244 1224 344 1276 καὶ
378 1225 639 1294 περατοῖ,
679 1226 776 1279 καὶ
812 1224 1167 1294 ἀσφαλίζεται
1192 1267 1207 1290 ,
1248 1228 1343 1280 καὶ
1381 1228 1480 1281 οὑκ
1519 1228 1583 1298 ἑᾷ
1626 1228 1834 1299 διαιρε-

244 1315 409 1369 θέντα
433 1316 659 1388 χυθῆναι
688 1318 825 1389 πρὸς
848 1318 908 1371 τὸ
940 1318 1164 1390 ἄπειρον
1185 1320 1280 1374 καὶ
1308 1319 1577 1391 ἀόριστον,
1600 1318 1831 1383 ἄτακτα,

244 1408 343 1460 καὶ
379 1408 669 1478 ἀνίδρυτα,
722 1410 817 1463 καὶ
855 1410 1038 1483 ἔρημα
1071 1412 1207 1465 Θεοῦ
1244 1412 1567 1483 γιγνόμενα,
1606 1411 1700 1464 καὶ
1736 1411 1835 1481 τῆς

240 1498 455 1551 ἑαυτῶν
492 1500 741 1566 ἑνώσεως
779 1503 1011 1569 ἐξιόντα,
1036 1504 1132 1557 καὶ
1167 1506 1225 1558 ἑν
1259 1505 1507 1575 ἀλλήλοις
1532 1502 1834 1574 παμμιγῶς

242 1592 662 1665 συμφυρόμενα.
706 1596 843 1667 Περὶ
887 1597 984 1667 μὲν
1025 1593 1119 1649 οὖν
1158 1597 1363 1667 αὐτῆς,
1406 1596 1435 1649 ὃ
1466 1614 1519 1649 τι
1554 1595 1683 1649 ποτέ
1718 1598 1832 1648 ἐστι

234 1682 345 1753 τῆς
380 1682 528 1748 θείας
567 1686 791 1756 εἰρήνης
829 1688 924 1739 καὶ
962 1687 1212 1757 ἡσυχίας,
1238 1687 1306 1759 ἢν
1343 1686 1372 1739 ό
1413 1686 1555 1757 ἰερὸς
1606 1685 1833 1749 Ἰοῦστος

240 1772 543 1842 ἀφθεγξίαν
592 1775 781 1842 καλεῖ,
842 1777 937 1831 καὶ
992 1779 1087 1830 ἑπὶ
1139 1779 1324 1833 πᾶσαν
1378 1777 1829 1848 γιγνωσκομένην

242 1866 471 1937 πρόοδον
526 1867 851 1940 ἀκινησίαν,
902 1870 1051 1933 ὅπως
1098 1886 1157 1921 τε
1200 1871 1417 1940 ἠρεμεῖ,
1460 1870 1555 1922 καὶ
1602 1869 1829 1941 ἡσυχίαν

238 1958 404 2026 ἄγει,
449 1960 542 2011 καὶ
571 1961 721 2024 ὅπως
768 1962 826 2014 ἑν
878 1962 1042 2032 ἑαυτῇ
1092 1962 1187 2015 καὶ
1237 1961 1370 2015 εἴσω
1421 1962 1622 2032 ἑαυτῆς
1673 1964 1790 2014 ἑστι
1815 1998 1849 2024 ,-

238 2052 336 2103 καὶ
404 2050 540 2121 πρὸς
588 2051 758 2124 αὑτὴν
805 2053 935 2124 ὃλην
984 2053 1080 2125 ὅλη
1126 2054 1475 2125 ὑπερήνωται
1500 2094 1514 2117 ,
1564 2054 1660 2108 καὶ
1703 2051 1827 2106 οὔτε

1942 493 2012 547 ad
2057 492 2389 548 concordem
2443 491 2666 547 inducat
2717 491 3226 547 commorationem.
3274 491 3415 557 Quin
3457 500 3514 545 et

1941 583 2139 639 divina:
2187 585 2337 654 pacis
2380 583 2800 655 participatione
2851 584 3041 653 prima:
3090 584 3323 639 virtutes
3371 598 3508 638 con-

1941 677 2265 741 ciliatrices,
2296 684 2351 730 et
2380 690 2564 731 secum
2609 675 2738 745 ipsa:
2774 685 2829 730 et
2858 676 3004 730 inter
3036 689 3114 743 se,
3158 683 3213 730 et
3252 691 3373 729 cum
3406 691 3512 729 una

1941 769 2132 824 mundi
2182 782 2321 839 pace
2374 768 2549 838 prima
2621 766 3072 838 coniunguntur;
3143 767 3513 836 inferioraque

1941 868 2055 914 tum
2108 860 2224 929 ipsa
2273 874 2458 914 secum
2526 866 2637 912 tum
2690 859 2837 913 inter
2880 872 2941 913 se
2995 856 3350 929 conjungunt,
3400 867 3511 913 tum

1940 969 2061 1009 cum
2095 968 2225 1018 uno,
2255 966 2431 1021 eoque
2470 949 2714 1021 perfecto
2745 950 2988 1005 omnium
3042 950 3194 1019 pacis
3237 950 3512 1020 principio

1938 1054 1995 1101 et
2032 1054 2292 1112 auctore,
2343 1044 2440 1114 qui
2488 1043 2554 1098 ad
2606 1042 2790 1097 omnia
2840 1041 3120 1097 individue
3173 1056 3297 1097 cum
3338 1040 3505 1105 venit,

1938 1135 2098 1205 quasi
2147 1135 2408 1191 claustris
2452 1149 2518 1190 ac
2565 1134 2735 1204 septis
2784 1134 3108 1203 quibusdam
3159 1148 3280 1204 quae
3332 1133 3508 1188 divisa

1937 1237 2065 1284 sunt
2089 1226 2330 1297 copulat,
2355 1226 2540 1281 omnia
2569 1225 2784 1291 delinit,
2816 1225 3168 1289 determinat,
3206 1231 3262 1278 et
3298 1224 3504 1289 munit;

1937 1336 2114 1390 neque
2152 1320 2421 1391 permittit
2466 1319 2639 1376 divisa
2687 1321 2739 1374 in
2790 1320 3063 1375 infinitum
3110 1320 3228 1374 sine
3276 1318 3510 1373 termino

1937 1411 2185 1479 diﬂ‘undi,
2220 1427 2397 1483 neque
2435 1411 2763 1478 inordinata,
2803 1422 2859 1466 et
2899 1409 3030 1465 sede
3071 1408 3342 1475 carentia,
3372 1408 3510 1462 Deo-

1934 1519 2042 1576 que
2072 1505 2352 1568 destituta,
2379 1519 2531 1559 suam
2557 1503 2823 1558 unitatem
2852 1516 3095 1573 egressa,
3136 1500 3239 1556 sibi
3276 1500 3506 1555 invicem

1939 1599 2170 1656 confuse
2221 1599 2467 1655 misceri.
2514 1598 2592 1654 De
2641 1601 2756 1668 ipsa
2813 1598 2978 1669 igitur
3022 1599 3210 1653 divina
3265 1610 3399 1666 pace
3444 1610 3508 1650 ac

1937 1694 2179 1755 silentio,
2224 1698 2389 1762 quam
2435 1702 2659 1748 sanctus
2702 1690 2889 1748 Justus
2927 1699 3091 1747 vocat
3141 1690 3505 1745 insonantiam

1932 1794 1990 1840 et
2037 1784 2471 1839 immobilitatem
2525 1784 2590 1838 ad
2645 1797 2863 1838 omnem
2928 1781 3331 1836 emanationem
3386 1766 3507 1849 quae

1933 1872 2301 1940 cognoscitur,
2325 1873 2586 1940 quidnam
2619 1874 2838 1927 tandem
2866 1871 2961 1937 sit,
2990 1880 3046 1925 et
3065 1870 3337 1940 quomodo
3363 1869 3506 1925 Deus

1931 1965 2182 2033 quiescat
2219 1973 2277 2018 et
2303 1963 2484 2029 sileat,
2511 1973 2565 2019 et
2595 1966 2865 2033 quomodo
2895 1963 2949 2017 in
2977 1977 3040 2017 se
3068 1971 3123 2018 et
3158 1963 3299 2018 intra
3328 1977 3387 2017 se
3412 1963 3504 2026 sit,

1932 2063 1989 2107 et
2018 2061 2163 2108 totus
2190 2068 2374 2109 secum
2416 2054 2487 2110 sit
2512 2068 2675 2124 supra
2712 2068 2872 2123 quam
2896 2054 3106 2120 unitus,
3138 2060 3192 2108 et
3226 2068 3325 2108 nec
3357 2052 3411 2107 in
3446 2068 3506 2107 se

237 2142 323 2203 εἰς
367 2140 563 2212 ἑαυτὴν
592 2141 898 2207 ἐἰσιοῦσα,
954 2146 1049 2198 καὶ
1109 2144 1653 2209 πολλαπλασιάζουσα
1704 2145 1824 2197 ἑαυ-

1933 2144 2283 2214 ingrediens,
2329 2153 2385 2200 et
2427 2159 2484 2200 se
2521 2146 2636 2214 ipse
2682 2143 3050 2213 multiplicans
3090 2145 3309 2200 deserat
3349 2145 3506 2200 unio-

235 2232 342 2304 τὴν
369 2233 654 2287 ἀπολείπει
677 2234 776 2305 τὴν
815 2236 1015 2307 ἑαυτῆς
1044 2236 1259 2302 ἕνωσιν,
1289 2237 1422 2291 ἀλλά
1452 2238 1546 2290 κα)⁹
1583 2236 1824 2307 πρόεισιν

1936 2255 2096 2306 nem;
2130 2239 2258 2308 quin
2300 2238 2480 2308 potius
2519 2240 2586 2293 ad
2625 2238 2808 2292 omnia
2852 2238 3131 2308 egreditur
3179 2244 3325 2290 totus
3358 2236 3504 2291 intus

236 2326 337 2379 ἐπὶ
373 2326 551 2380 πάντα
579 2328 726 2382 ἔνδον
750 2329 846 2401 ὅλη
886 2332 1119 2402 μένουσα
1140 2332 1208 2386 δι’
1237 2332 1541 2403 ὑπερϐολὴν
1566 2331 1664 2401 τῆς
1693 2330 1824 2383 πάν-

1933 2344 2183 2396 manens,
2239 2340 2463 2400 propter
2495 2328 2881 2395 excellentiam
2926 2328 3144 2383 unionis
3183 2327 3367 2383 omnia
3416 2344 3507 2382 su-

233 2435 309 2471 τα
340 2420 716 2495 ὑπερεχούσης
744 2424 1011 2490 ἑνώσεως,
1041 2424 1167 2478 οὔτε
1194 2427 1389 2490 εἰπεῖν,
1425 2422 1551 2477 οὔτε
1580 2423 1824 2494 ἐννοῆσαί

1931 2425 2198 2496 perantis,
2239 2438 2416 2493 neque
2460 2423 2642 2478 dicere
2682 2434 2858 2492 neque
2894 2422 3137 2489 cogitare
3179 2418 3272 2475 ulli
3314 2432 3503 2475 eorum

233 2526 346 2563 τινι
372 2510 480 2564 τῶν
506 2512 696 2579 ὄντων,
723 2512 847 2567 οὔτε
872 2514 1093 2585 θεμιτὸν
1127 2514 1250 2568 οὔτε
1281 2514 1521 2583 ἐφικτόν.
1576 2512 1712 2565 Ἀλλ’
1751 2513 1824 2577 ὡς

1930 2516 2025 2585 qui
2073 2524 2205 2571 sunt
2251 2515 2337 2569 fas
2379 2524 2482 2582 est,
2532 2530 2710 2585 neque
2761 2514 3038 2585 possibile.
3086 2513 3193 2569 Sed
3236 2528 3357 2569 cum
3404 2513 3507 2567 hoc

235 2603 547 2672 ἄφθεγκτον
591 2606 887 2669 καὶτοῦτο,
929 2609 1022 2661 καὶ
1060 2607 1336 2676 ἄγνωστον
1374 2608 1463 2661 ἐπ’
1490 2606 1657 2678 αὑτὴν
1699 2607 1824 2660 ἀνα-

1930 2608 2171 2676 alioquin
2250 2607 2433 2677 eloqui
2519 2622 2627 2663 non
2710 2607 3021 2677 possimus,
3110 2620 3213 2661 nec
3285 2606 3503 2674 assequi

236 2693 443 2759 θέντες,
469 2695 546 2760 ὡς
584 2698 800 2751 πάντων
833 2694 998 2752 οὖσαν
1039 2699 1294 2753 ἐπέκεινα
1314 2740 1329 2764 ,
1368 2698 1468 2763 τὰς
1494 2698 1689 2768 νοητὰς
1718 2698 1819 2750 αὑ-

1929 2699 2090 2770 510
2116 2697 2465 2768 intelligendo
2498 2737 2515 2764 ,
2569 2698 2637 2754 ad
2678 2698 2849 2768 ipsam
2894 2705 3072 2751 tamen
3130 2696 3366 2750 divinam
3406 2709 3506 2763 pa-

233 2785 340 2856 τῆς
386 2789 482 2840 καὶ
533 2789 704 2859 ῥητὰς
766 2792 1091 2860 μετουσίας,
1137 2792 1232 2845 καὶ
1277 2791 1435 2845 τοῦτο
1476 2792 1551 2855 ὡς
1600 2789 1820 2844 δυνατὸν

1929 2811 2079 2859 cem,
2132 2803 2193 2848 ut
2241 2794 2385 2848 ultra
2440 2791 2625 2847 omnia
2674 2792 2907 2860 positam
2951 2829 2968 2855 ,
3030 2805 3247 2845 sursum
3303 2790 3502 2855 evecti,

234 2878 465 2949 ἀνδράσι
490 2921 505 2945 ,
547 2882 641 2934 καὶ
678 2884 810 2953 ήμῖν
850 2882 1059 2937 πολλῶν
1097 2883 1308 2955 ἀνδρῶν
1346 2883 1569 2953 ἀγαθῶν
1598 2883 1820 2937 ἀπολει-

1929 2886 2372 2958 participationes
2400 2887 2541 2953 ejus,
2574 2899 2694 2954 qua:
2721 2884 3094 2952 intelliguntur
3120 2892 3175 2939 et
3209 2883 3501 2937 nominan-

236 2972 496 3041 πομένοις
519 3013 536 3040 ,
575 2973 1038 3048 ἐπισκοπήσωμεν
1058 2977 1099 3032 ³.

1926 2993 2038 3050 tur,
2077 2983 2563 3053 idque,quantum
2609 2980 2860 3035 homines
2903 2980 2980 3049 (et
3048 2993 3148 3034 nos
3197 2979 3501 3049 praesertim

1932 3076 2027 3146 qui
2074 3074 2262 3129 multis
2303 3073 2461 3128 bonis
2501 3072 2635 3125 viris
2692 3072 2928 3142 impares
2980 3069 3190 3139 sumus)
3241 3068 3500 3140 consequi

1924 3181 2237 3239 possumus,
2270 3166 2642 3221 attendamus.

1793 3309 1821 3383 ς
1865 3307 1945 3370 ιι.

304 3426 417 3479 Καὶ
440 3426 656 3496 πρῶτόν
694 3444 758 3497 γε
793 3428 952 3484 τοῦτο
983 3430 1197 3502 ῥητέον,
1221 3433 1304 3486 ὅτι
1330 3432 1432 3503 τῆς
1459 3434 1816 3506 αὑτοειρήνης

1994 3433 2072 3487 Ac
2102 3432 2338 3501 primum
2382 3429 2600 3498 quidem
2641 3428 2745 3483 hoc
2786 3427 3073 3483 dicendum
3120 3435 3244 3492 est,
3280 3436 3339 3481 ut
3376 3441 3499 3481 cum

230 3518 331 3569 καὶ
359 3518 462 3587 τῆς
498 3519 627 3588 ὅλης
664 3521 759 3575 καὶ
794 3523 892 3592 τῆς
922 3522 1046 3576 καθ’
1075 3524 1305 3578 ἕκαστόν
1328 3526 1477 3578 ἐστιν
1503 3525 1818 3591 ὑποστάτις,

232 3610 332 3679 καὶ
370 3611 453 3663 ὃτι
493 3612 669 3665 πάντα
690 3615 845 3685 ,πρὸς
876 3615 1079 3687 ἄλληλα
1102 3619 1509 3687 συγκεράννυσι
1546 3618 1686 3672 κατὰ
1724 3618 1821 3690 τὴν

232 3699 540 3773 ἀσὺγχντον
579 3702 759 3758 αὐτῶν
798 3704 1024 3771 ἑνωσιν,
1066 3706 1189 3760 καθ’
1216 3707 1284 3779 ῆν
1319 3708 1642 3780 ἀδιαιρέτως
1678 3710 1821 3779 ήνω-

237 3789 397 3860 μένα,
426 3792 520 3845 καὶ
540 3793 876 3860 ἀδιαστάτως
898 3798 1047 3869 ὅμως
1072 3799 1352 3871 ἀκραιφνῆ
1379 3800 1518 3854 κατά
1543 3801 1604 3854 τὸ
1624 3803 1822 3855 οἰκεῖον

234 3882 442 3935 ἕκαστα
480 3883 620 3948 εἶδος
672 3885 900 3957 ἑστηκεν
926 3929 941 3953 ,
982 3890 1082 3943 οὑκ
1133 3891 1525 3963 ἑπιθολούμενα
1580 3892 1668 3946 διά
1719 3892 1822 3963 τῆς

235 3973 373 4044 πρὸς
410 3974 478 4028 τὰ
517 3976 868 4049 ἀντικείμενα
906 3982 1156 4051 κράσεως
1178 4023 1192 4046 ,
1234 3983 1355 4037 οὑδὲ
1394 3983 1823 4055 ἀπαμϐλύνοντόι

230 4083 286 4121 τι
322 4069 422 4139 τῆς
460 4070 725 4140 ἑνωτικῆς
763 4072 1050 4144 ἀκριϐείας
1095 4075 1189 4127 καὶ
1226 4076 1619 4149 καθαρότητος.
1670 4076 1817 4133 Μίαν

230 4152 327 4210 οῦν
353 4174 478 4211 τινα
520 4160 616 4213 καὶ
653 4160 833 4231 ἁπλῆν
870 4163 969 4233 τῆς
1008 4166 1291 4235 εἰρηνικῆς
1330 4165 1576 4231 ἑνώσεως
1611 4167 1821 4240 θεωρή-

234 4267 421 4321 σωμεν
460 4251 656 4320 φύσιν,
697 4254 923 4310 ἐνοῦσαν
974 4258 1189 4311 ᾶπαντα
1240 4260 1405 4330 ἑαυτῇ
1464 4260 1557 4313 καὶ
1611 4261 1820 4327 ἑαυτοῖς

232 4343 330 4394 καὶ
367 4342 615 4414 ἀλλήλοις
638 4384 653 4408 ,
693 4346 788 4399 καὶ
816 4346 1185 4413 διασώζουσαν
1224 4351 1402 4405 πάντα
1438 4355 1495 4405 ἑν
1531 4352 1820 4427 ἀσυγχὺτῳ

234 4432 454 4487 πάντων
527 4439 723 4508 συνοχῇ
796 4438 893 4491 καὶ
956 4439 1134 4511 ἀμιγῆ
1203 4441 1299 4495 καὶ
1369 4444 1813 4515 συγκεκραμένα.

231 4526 312 4579 Δι’
350 4528 419 4598 ἢν
455 4529 504 4581 οἰ
542 4527 676 4581 θεῖοι
710 4529 829 4594 νόες
861 4532 1142 4604 ἑνούμενοι
1178 4537 1297 4598 ταῖς
1322 4537 1571 4606 νοήσεσιν
1611 4536 1818 4591 ἑαυτῶν

231 4613 479 4667 ἑνοῦνται
531 4616 627 4669 καὶ
681 4621 795 4682 τοῖς
839 4622 1178 4693 νοουμένοις·
1218 4626 1312 4678 καὶ
1366 4622 1522 4690 αὖθις
1578 4628 1671 4682 ἐπὶ
1720 4627 1818 4700 τὴν

230 4705 511 4771 ἄγνωστον
541 4708 889 4763 ἀναϐαίνουσι
917 4711 1024 4766 τῶν
1053 4713 1193 4784 ὑπὲρ
1221 4714 1344 4768 νοῦν
1369 4718 1670 4789 ἱδρυμένων
1699 4738 1816 4775 συν-

234 4797 402 4866 αφήν.
422 4797 500 4851 Δι’
539 4798 607 4869 ήν
631 4800 886 4871 αίψυχαὶ,
914 4804 1040 4867 τοὺς
1073 4806 1443 4872 παντοδαποὺς
1473 4811 1652 4865 αὐτῶν
1676 4812 1699 4844 ⁸
1731 4813 1817 4866 λό-

229 4901 361 4953 γους
412 4886 665 4952 ἑνοῦσαι,
714 4892 809 4943 καὶ
858 4892 995 4963 πρὸς
1043 4893 1174 4964 μίαν
1233 4896 1425 4968 νοεράν
1487 4901 1816 4969 συνάγουσαι

228 4975 613 5048 καθαρότητα,
667 4982 1050 5051 προϐαίνουσιν
1105 4986 1319 5051 οἰκείως
1366 4989 1618 5056 ἑαυταῖς,
1671 4992 1811 5063 όδῷ,

226 5067 326 5121 καὶ
361 5068 516 5133 τάξει
553 5069 643 5124 διά
681 5072 784 5143 τῆς
821 5073 985 5127 ἀὺλου
1027 5076 1121 5129 καὶ
1168 5078 1409 5151 ἀμεροῦς
1445 5082 1682 5153 νοήσεως
1720 5086 1814 5138 ἐπὶ

226 5159 328 5231 τὴν
367 5161 507 5233 ὑπὲρ
545 5164 731 5236 νόησιν
768 5164 983 5221 ἑνωσιν.
1026 5170 1107 5222 Δι’
1142 5170 1209 5241 ἣν
1244 5174 1277 5242 ή
1323 5173 1421 5243 μία
1459 5174 1555 5229 καὶ
1591 5176 1812 5231 ἀδιάλυ-

224 5268 317 5317 τος
351 5255 567 5310 πάντων
606 5257 892 5331 συμπλοκή
930 5261 1072 5314 κατὰ
1108 5263 1207 5335 τὴν
1244 5264 1394 5320 θείαν
1431 5268 1603 5339 αὑτῆς
1640 5271 1813 5342 ἁρμο-

234 5345 345 5398 νίαν
383 5343 711 5417 ὑφίσταται,
749 5352 846 5405 καὶ
883 5353 1242 5425 ἑναρμόζεται
1283 5360 1574 5433 συμφωνίᾳ
1612 5380 1811 5417 παντε-

226 5434 309 5489 λεῖ
344 5440 438 5493 καὶ
471 5440 695 5514 ὁμονοίᾳ
734 5442 830 5497 καὶ
863 5445 1130 5516 συμφυῖᾳ,
1162 5450 1504 5522 συναγομένη
1542 5469 1602 5504 τε
1641 5454 1812 5522 ἀσυγ-

1926 3538 2024 3593 per
2063 3536 2123 3576 se
2163 3521 2349 3591 pacis,
2399 3530 2509 3575 tum
2569 3520 2893 3575 universalis
2938 3534 2999 3573 ac
3020 3518 3367 3590 particularis
3406 3532 3501 3586 pa-

1926 3614 2007 3669 cis
2035 3653 2050 3677 ,
2095 3612 2321 3667 eﬂ‘ector
2363 3612 2435 3666 sit
2473 3611 2589 3681 ipse
2620 3612 2793 3674 Deus,
2839 3620 2895 3666 et
2939 3620 2998 3664 ut
3037 3611 3221 3664 omnia
3268 3611 3413 3665 inter
3440 3624 3500 3664 se

1924 3714 2134 3769 mutuo,
2176 3704 2399 3757 minime
2442 3701 2672 3757 confusa
2729 3703 2968 3773 ipsorum
3014 3703 3161 3757 inter
3203 3716 3261 3757 se
3308 3710 3499 3755 mutuo

1923 3796 2326 3864 conjunctione,
2357 3795 2742 3861 commisceat;
2776 3810 2880 3863 qua
2911 3792 3291 3863 conjunctione
3320 3795 3500 3849 cohae-

1923 3888 2102 3942 rentia
2147 3888 2266 3942 sine
2309 3886 2583 3941 divisione
2627 3894 2682 3940 et
2726 3885 3008 3947 distantia,
3054 3884 3265 3954 singula
3312 3892 3496 3939 tamen

1922 3980 2221 4034 secundum
2263 3979 2536 4049 propriam
2575 3977 2810 4047 speciem
2849 3991 2983 4045 pura
3024 3976 3369 4041 consistunt,
3397 3990 3498 4044 per

1921 4070 2331 4126 concretionem
2396 4070 2791 4127 contrariorum
2830 4069 3077 4124 .minime
3144 4068 3493 4136 perturbata,

1922 4164 2185 4233 quoniam
2237 4172 2489 4219 exactam
2555 4164 2716 4218 istam
2782 4163 3036 4219 unionem
3092 4178 3155 4216 ac
3202 4161 3496 4232 puritatem

1923 4257 2058 4312 nihil
2092 4257 2461 4326 interrumpit.
2496 4254 2671 4311 Unam
2713 4255 2877 4327 igitur
2917 4268 3147 4323 eamque
3186 4252 3496 4321 simplicem

1922 4360 2182 4405 naturam
2216 4350 2458 4420 paciticae
2493 4349 2716 4403 unionis
2756 4348 3209 4418 contemplemur,
3244 4344 3350 4399 sibi
3390 4343 3495 4412 ipsi

1921 4454 1974 4499 et
2005 4444 2112 4500 illis
2142 4444 2274 4512 ipsis
2303 4454 2469 4514 atque
2503 4443 2737 4498 invicem
2769 4441 2951 4498 omnia
2997 4438 3361 4509 copulantem,
3395 4452 3498 4492 nec

1922 4560 2027 4598 non
2066 4545 2318 4599 universa
2346 4537 2629 4607 complexu
2666 4537 2899 4608 quodam
2930 4535 3172 4591 omnium
3207 4534 3496 4590 inconfuso

1918 4642 2328 4704 contemperata
2384 4631 2590 4701 pariter
2648 4640 2814 4699 atque
2872 4629 3210 4697 impermista
3260 4642 3491 4683 conser—

1922 4736 2163 4782 vantem.
2209 4725 2311 4782 Per
2351 4727 2491 4780 hanc
2536 4724 2733 4779 divinae
2778 4730 2989 4779 mentes
3035 4722 3337 4792 capulataz,
3380 4722 3494 4775 suis

1923 4817 2053 4887 ipsae
2073 4832 2194 4871 cum
2221 4816 2273 4871 in
2284 4815 2596 4887 telligentiis
2623 4825 2737 4869 tum
2762 4813 2925 4868 rebus
2953 4811 3244 4868 intellectis
3264 4808 3493 4878 conjun-

1924 4916 2150 4978 gnntur,
2192 4916 2355 4975 atque
2391 4907 2570 4962 denuo
2609 4906 2876 4960 scandunt
2915 4906 2983 4958 ad
3026 4901 3361 4973 incognitum
3401 4915 3497 4955 eo-

1925 5013 2043 5052 rmn
2074 5013 2195 5067 quae
2229 4996 2397 5051 menti
2428 4997 2834 5065 superemineat
2860 5001 3195 5049 contactum.
3224 4990 3327 5046 Per
3352 4991 3495 5043 hanc

1922 5090 2140 5155 animae,
2178 5088 2509 5158 multigenas
2552 5103 2682 5143 suas
2711 5086 2955 5141 rationes
2985 5083 3380 5143 connectendo,
3425 5082 3493 5134 ad

1920 5182 2211 5251 quamdam
2277 5180 2574 5251 spiritalem
2629 5178 2925 5248 puritatem
2980 5177 3253 5239 redactaa,
3301 5186 3494 5242 proce-

1921 5275 2078 5338 dunt,
2104 5273 2204 5328 sibi
2245 5272 2463 5342 propria
2500 5273 2583 5326 via
2618 5280 2676 5326 et
2700 5272 2912 5335 ordine,
2946 5283 3042 5337 per
3073 5263 3487 5330 immaterialem

1920 5374 2083 5436 atque
2119 5365 2406 5421 indivisam
2451 5363 2890 5435 intelligentiam,
2923 5363 2991 5417 ad
3023 5361 3273 5416 unionem
3299 5371 3491 5427 quam.-

1920 5457 2045 5512 dam
2078 5457 2431 5527 intelligentia
2456 5459 2817 5531 superiorem.
2836 5455 2941 5519 Per
2959 5457 3099 5512 hanc
3119 5452 3222 5506 una
3244 5450 3490 5503 onmium

517 5684 521 5689 ὓ
1498 5606 1585 5661 VA
1597 5609 1736 5665 81ᾹῖΙ
1774 5611 2181 5670 LECTIONES.

296 5712 382 5805 ἐξ,
400 5714 1130 5805 εὲλήῖληςμέηπρὲσδύξερριιν
1168 5720 1224 5777 S-
1256 5721 1315 5777 ι)-
1342 5721 1398 5779 P-
1427 5722 1516 5780 δε·
1545 5724 1665 5783 ὃίη.
1747 5730 1760 5760 ¹
1798 5721 1955 5786 αὗταί
1987 5748 2043 5784 τε
2065 5771 2079 5799 ,
2118 5730 2172 5787 S.
2198 5730 2256 5788 P.
2282 5732 2342 5788 D.
2454 5735 2473 5767 ³
2510 5733 2727 5805 κλήροις
2752 5773 2764 5795 ,
2803 5732 2858 5788 S.
2950 5732 2967 5761 ³
3006 5726 3447 5799 ὲπισκοτυήσομεν
3472 5765 3489 5791 ,

216 5783 279 5841 5.
314 5781 404 5839 Sc.
428 5781 549 5841 επ.
578 5781 586 5785 ’
627 5786 648 5819 ⁸
680 5781 907 5853 ἑαυτῶν,
948 5781 1148 5847 ἢδη.
