3866 6232
367 251 468 309 951
1536 248 1593 304 S.
1631 246 1929 303 DIONYSII
1962 241 2428 303 AREOPAGI'I‘E
3514 232 3621 289 952

368 384 425 428 et
479 366 875 425 indissolubilis
930 367 1231 433 connexio,
1275 365 1431 436 juxta
1480 366 1725 424 divinam
1776 368 1895 437 ipsi:

2096 366 2258 427 31mg,
2299 360 2620 432 ἀδιαιρέτως
2658 376 2717 411 τε
2758 354 3086 427 συνεχομένη
3108 354 3149 405 ⁸.
3191 352 3373 423 Διήκει
3421 354 3539 421 γὰρ
3590 354 3623 421 ἡ

366 462 823 532 congruentiam,
874 462 1097 525 existit,
1150 469 1206 515 et
1262 460 1508 531 perfecto
1559 470 1831 517 concentu
1877 476 1893 513 ι

2095 457 2146 526 ἧς
2183 452 2477 515 παντελοῦς
2514 450 2738 521 εἰρήνης
2775 448 2963 516 ὁλότης
3013 446 3105 498 aut
3143 444 3316 497 πάντα
3350 440 3417 493 τὰ
3452 441 3622 498 ὄντα,

370 556 659 612 concordia
721 553 1192 621 consensioneque
1261 561 1581 622 coaptatnr,
1642 552 1771 607 dum
1830 552 1897 606 sit

2099 548 2189 602 ι.τά
2226 546 2324 617 τήν
2361 542 2740 614 ἀπλουστάτην
2778 541 2947 611 αὐτῆς
2987 537 3082 591 καὶ
3133 534 3309 606 ἀμιγῆ
3356 533 3454 603 τῆς
3511 533 3626 584 ἑνο-

372 646 695 704 confusione
732 645 1029 714 colligitur,
1064 660 1127 699 ac
1156 645 1274 700 sine
1304 644 1663 700 dissolutione
1694 646 1899 699 contine

2099 638 2205 693 οιοῦ
2242 638 2523 708 δυνάμεως
2559 632 2881 707 παρουσίαν,
2908 630 3100 683 ἐνοῦσα
3129 629 3303 681 πάντα
3325 666 3339 689 ,
3363 627 3458 679 καὶ
3501 642 3626 676 συν-

377 749 485 793 tur.
526 738 812 808 lntcgritas
842 736 1101 790 nimirum
1133 735 1386 805 perfecta;
1414 738 1587 805 pacis,
1616 752 1712 806 per
1740 736 1897 804 simpl

2101 733 2241 785 ἓουσα
2289 730 2357 783 τὰ
2405 728 2549 798 ἄκρα
2586 725 2676 779 διὰ
2712 724 2823 777 τῶν
2864 722 3043 794 μέσων
3076 722 3190 782 τοῖς
3228 718 3444 789 ἄκροις,
3487 714 3628 808 κατά

376 833 655 887 cissimam
693 844 847 884 suam
879 844 1194 898 meramque
1220 830 1438 883 virtutis
1473 828 1685 883 uniiicae
1710 844 1903 899 pracset

2101 825 2179 878 ίαν
2205 822 2417 896 ὁμοφυῆ
2440 817 2847 889 συζευγνύμενα
2865 818 2885 847 ⁸
2902 814 3083 884 φιλίαν
3100 829 3113 843 ·
3140 812 3234 865 καί
3252 811 3312 863 τὸ
3334 807 3628 862 ἀπολαύειν

378 923 532 987 tiam,
556 923 623 976 ad
656 937 717 976 ea
754 938 874 987 quae
904 932 1031 977 sunt
1068 922 1248 977 omnia
1294 922 1574 991 pertingit,
1602 921 1785 975 omnia
1822 936 1905 974 cor

2104 919 2218 989 βτῆς
2237 914 2551 987 δωρουμένη
2595 912 2688 966 καί
2701 914 2820 974 ταῖς
2842 908 3097 979 ἐσχάταις
3110 904 3205 958 τοῦ
3222 903 3417 966 παντὸς
3433 903 3631 954 ἀποπε-

372 1015 627 1084 iungens,
653 1022 707 1067 ct
732 1014 995 1069 extremis
1020 1024 1265 1069 extrema
1293 1028 1390 1082 per
1420 1014 1592 1067 media
1623 1022 1899 1068 connectet

2103 1012 2322 1067 ιτώσεσι
2343 1050 2358 1076 ,
2396 1010 2490 1065 καὶ
2527 1008 2703 1062 πάντα
2738 1006 2967 1077 ὁμόγνια
2988 1000 3213 1056 ποιοῦσα
3244 1000 3366 1061 ταῖς
3396 996 3630 1064 gmw,

381 1108 676 1162 secundum
710 1106 924 1162 unicam
973 1105 1389 1161 connaturalem
1424 1105 1719 1159 amicitiam
1744 1119 1908 1171 coagu

2104 1110 2171 1171 ιῖς
2229 1105 2517 1175 ταύτότησι
2541 1144 2557 1168 ,
2608 1103 2727 1164 ταῖς
2777 1098 3040 1165 ἑνώσεσι,
3096 1096 3218 1156 ταῖς
3258 1091 3631 1158 συναγωγαῖς,

378 1198 523 1264 lata;
563 1199 692 1267 quin
742 1208 797 1253 et
838 1198 919 1252 sui
949 1212 1167 1267 quoque
1198 1197 1279 1250 vel
1323 1197 1583 1251 extremis
1633 1197 1801 1250 totius
1834 1212 1903 1249 un

2107 1198 2374 1269 Βιαιρέτως
2409 1194 2610 1267 δηλαδὴ
2642 1193 2740 1264 τῆς
2780 1190 2930 1254 θείας
2966 1188 3187 1258 εἰρήνης
3224 1182 3466 1253 ἑστώσης
3488 1221 3505 1245 ,
3546 1180 3634 1231 καί

382 1286 521 1340 versi
566 1288 813 1341 terminis
843 1286 1055 1340 fruendi
1105 1287 1313 1355 copiam
1366 1285 1519 1348 facit.
1551 1286 1732 1341 omnia
1765 1302 1909 1342 conm

2107 1308 2115 1340 ι
2154 1290 2236 1343 ἑνὶ
2273 1287 2451 1342 πάντα
2488 1284 2873 1355 δεικνυούσης,
2914 1280 3009 1334 καί
3059 1277 3147 1332 διὰ
3187 1276 3403 1329 πάντων
3443 1270 3634 1341 φοιτώ-

381 1379 535 1434 cians
576 1380 912 1445 unitatibus,
966 1379 1381 1444 identitatibus,
1435 1380 1767 1444 uniouibus,
1826 1394 1908 1435 cat

2107 1400 2159 1455 ης
2186 1423 2201 1447 ,
2241 1381 2337 1435 καὶ
2372 1380 2473 1451 τῆς
2509 1378 2715 1441 οἰκείας
2742 1374 3067 1445 ταύτότητος
3105 1370 3205 1424 οὒκ
3245 1365 3634 1455 ἐξισταμένης.

380 1462 825 1540 gregationibus,
862 1474 990 1526 dum
1037 1470 1248 1526 scilicet
1300 1471 1482 1527 divina
1534 1488 1636 1542 pax
1688 1471 1907 1527 indivult

2112 1454 2272 1545 ρόεισι
2310 1472 2419 1544 γὰρ
2458 1471 2551 1524 ἐπὶ
2591 1469 2767 1523 πάντα
2790 1506 2806 1531 ,
2847 1465 2945 1519 καὶ
2997 1460 3319 1534 μεταδίδωσι
3362 1458 3531 1553 πᾶσιν
3568 1454 3639 1553 οἰ-

383 1563 662 1631 persistit,
695 1571 751 1618 ct
774 1564 824 1617 in
846 1580 954 1617 uno
979 1572 1174 1618 cuncta
1201 1563 1563 1633 demonstrat,
1587 1573 1642 1618 et
1681 1565 1749 1617 ad
1776 1565 1910 1619 omni

2113 1564 2223 1628 είως
2253 1564 2436 1626 αὐτοῖς
2475 1560 2671 1630 ἑαυτῆς
2692 1599 2707 1625 ,
2748 1558 2845 1610 καὶ
2882 1550 3210 1626 ὐπερόλύζει
3234 1546 3522 1619 περιουσίᾳ⁵
3546 1546 3640 1613 τῆς

387 1655 677 1724 pertingit,
729 1666 784 1711 et
833 1671 861 1710 a
904 1656 1121 1726 propria
1167 1672 1433 1727 nusquam
1483 1657 1769 1711 identitale
1813 1670 1914 1710 rect

2120 1655 2346 1729 ρηνικῆς
2384 1651 2739 1723 γονιμότητος
2763 1666 2776 1678 ·
2807 1649 2901 1701 καὶ
2929 1647 3079 1718 μένει
3114 1643 3184 1696 δι’
3222 1638 3495 1711 ὑπεροχὴν
3518 1634 3640 1689 ἑνώ-

385 1745 502 1811 dit;
539 1762 663 1800 nam
708 1750 774 1801 ad
809 1750 991 1803 omnia
1041 1726 1309 1818 procedit,
1351 1750 1545 1818 suique
1584 1748 1912 1819 participatit

2248 1747 2349 1817 ὅλη
2375 1744 2510 1818 πρὸς
2542 1742 2671 1809 ὅλην
2714 1741 2808 1795 καὶ
2838 1738 2963 1793 καθ’
2991 1738 3119 1809 ὃλην
3157 1732 3353 1804 ἑαυτὴν
3372 1733 3393 1762 ⁷
3442 1730 3641 1798 ὑπερη-

389 1849 509 1888 uetn
560 1837 812 1893 omnibus
861 1839 1100 1910 indulget
1160 1839 1457 1895 secundum
1515 1837 1779 1909 cujusque
1833 1856 1962 1911 pro-
2070 1840 2312 1912 νωμένη.

389 1928 695 1995 prietatem,
726 1945 825 1985 nec
869 1947 974 1985 non
1011 1934 1249 2003 paciﬁca:
1291 1932 1650 1987 redundantia
1701 1933 1963 1987 bonitatis
1991 1934 2286 1999 exuberat,
2327 1931 2486 2003 5n
2545 1937 2707 2001 atque
2747 1934 2929 1985 manet
2970 1939 3070 1997 per
3112 1933 3402 1979 excessum
3438 1914 3645 1971 unionis

390 2028 500 2076 tota
531 2021 599 2076 ad
642 2030 831 2090 totam,
860 2024 1025 2079 etiam
1054 2024 1351 2080 secundum
1386 2024 1623 2094 seipsatn
1656 2032 1827 2081 totam
1852 2025 2084 2097 desuper
2109 2027 2281 2081 unita.

1942 2163 1971 2237 δ
2013 2161 2124 2223 Ill.

463 2302 572 2359 Sed
651 2302 945 2373 quomodo,
1026 2302 1171 2358 dicet
1249 2302 1466 2373 aliquis,
1529 2304 1710 2360 omnia
1778 2320 1967 2376 pacem

2145 2302 2272 2369 Πῶς
2297 2304 2377 2369 δὲ,
2409 2303 2542 2377 φαίη
2575 2320 2679 2368 τις,
2712 2300 2965 2372 ἑφίεται⁸
2985 2298 3163 2353 πάντα
3192 2296 3455 2367 εἰρήνης;
3490 2289 3650 2345 πολλὰ

393 2394 693 2464 appetunt?
737 2410 860 2449 cum
899 2410 985 2450 res
1018 2396 1266 2465 plurimae
1300 2396 1620 2453 diversitate
1674 2413 1740 2453 ac
1774 2398 1920 2453 distit

2123 2396 2182 2469 ὶρ
2203 2397 2482 2467 ἑτερότητι
2519 2395 2613 2449 καὶ
2640 2393 2912 2465 διακρίσει
2932 2392 3112 2463 χαίρει
3137 2432 3153 2458 ,
3185 2390 3281 2442 καὶ
3308 2388 3408 2441 οὐκ
3431 2389 3500 2442 ἄν
3530 2402 3650 2439 ποτε

390 2487 573 2541 ctione
606 2486 899 2557 gaudeant,
950 2503 1124 2557 neque
1175 2505 1414 2559 unquam
1446 2500 1638 2558 sponte
1672 2505 1768 2545 sua
1802 2491 1917 2545 νεΙίι

2125 2490 2265 2542 ιόντα
2300 2492 2527 2561 ἠρεμεῖν
2561 2488 2825 2559 ἑθελήσοι.
2852 2484 2964 2538 Καὶ
2996 2487 3044 2538 εἰ
3093 2484 3192 2555 μὲν
3234 2481 3533 2552 ἑτερότητα
3564 2480 3652 2531 καί

395 2577 701 2646 quiescere.
750 2578 917 2648 Atqui
953 2579 997 2632 si
1037 2579 1415 2634 diversitatem
1465 2589 1631 2649 atque
1664 2579 1922 2635 distinctit

2126 2583 2343 2652 άκρισιν
2370 2582 2400 2634 ό
2420 2580 2592 2634 ταῦτα
2612 2580 2786 2649 λέγων
2811 2579 2944 2648 φησί
2972 2576 3071 2649 τὴν
3102 2576 3329 2629 ἑκάστου
3357 2574 3469 2626 τῶν
3493 2574 3652 2627 ὄντων

396 2683 521 2722 nem
545 2706 561 2733 ,
596 2670 687 2737 qui
723 2669 805 2724 sic
840 2669 1107 2738 loquitur,
1167 2670 1434 2741 cujusque
1465 2672 1543 2727 rei
1581 2672 1923 2740 proprietate:

2126 2674 2338 2745 ῑιότητα,
2356 2674 2452 2728 καὶ
2472 2674 2555 2726 ὃτι
2578 2672 2780 2745 ταύτην
2812 2672 2932 2725 οὐδὲ
2961 2670 3022 2723 ἓν
3041 2670 3149 2724 τῶν
3176 2670 3343 2723 ὄντων
3366 2668 3429 2721 ὃν
3467 2708 3483 2732 ,
3527 2668 3653 2735 ὅπερ

398 2774 525 2815 esse
571 2769 814 2826 asserat,
865 2776 989 2815 cum
1042 2778 1128 2817 res
1180 2763 1363 2829 nulla,
1412 2765 1539 2817 dum
1591 2764 1647 2817 in
1681 2778 1780 2820 suo
1825 2772 1925 2817 stat

2126 2764 2248 2833 ηὶν,
2284 2764 2456 2819 ἑθέλει
2480 2764 2608 2818 ποτὲ
2635 2763 2941 2828 ἀπολλύειν,
2964 2763 3064 2815 οὐκ
3087 2763 3153 2815 ἂν
3182 2761 3302 2813 οὐδὲ
3330 2762 3495 2831 ἡμεῖς
3527 2759 3653 2828 πρὸς

402 2862 713 2920 permanet,
747 2868 867 2907 eam
904 2854 1084 2923 perire
1120 2856 1269 2920 velit,
1305 2870 1405 2910 nos
1440 2856 1512 2910 illi
1550 2857 1774 2911 minime
1810 2870 1929 2926 repu

2127 2855 2235 2910 ιῦτο
2275 2857 2643 2927 ἀντιφήσομεν
2663 2858 2708 2920 ⁰,
2737 2854 2873 2909 ἀλλά
2910 2855 3003 2907 καὶ
3033 2854 3237 2923 ταύτην
3264 2854 3497 2923 εἰρήνης
3538 2852 3654 2918 ἑφε-

402 2943 722 3012 gnahimus,
760 2946 855 2999 sed
901 2946 952 3000 id
1001 2947 1173 3011 ipsum
1209 2964 1424 3018 quoque
1459 2950 1610 3019 pacis
1642 2950 1929 3005 desideriul

2128 2966 2165 3001 ιν
2211 2948 2657 3018 ἀποφανούμεθα.
2714 2948 2899 3000 Πάντα
2937 2946 3046 3017 γὰρ
3090 2947 3278 3016 ἀγαπᾷ
3313 2945 3455 3013 πρὸς
3498 2942 3655 2996 ἑαυτά

401 3049 525 3091 esse
564 3045 891 3091 statuemus.
946 3042 1149 3092 Amant
1196 3040 1342 3093 enim
1388 3040 1570 3094 omnia
1618 3055 1744 3095 cutn
1774 3054 1926 3095 seme

2137 3040 2386 3113 ρηνεύειν
2418 3059 2476 3094 τε
2508 3041 2602 3094 καὶ
2627 3040 2888 3112 ἡνῶσθαι,
2922 3040 3017 3092 καὶ
3044 3039 3250 3091 ἑαυτῶν
3279 3038 3509 3091 καὶτῶν
3540 3039 3656 3088 ἑαυ-

404 3129 535 3204 ipsis
566 3144 755 3197 pacem
792 3130 1011 3195 habere,
1046 3142 1208 3201 atque
1239 3146 1361 3185 esse
1391 3132 1700 3201 conjuncta,
1737 3149 1834 3186 nec
1870 3150 1931 3188 nu

2128 3136 2184 3188 ὒν
2227 3136 2457 3207 ἀκίνητα
2496 3135 2591 3188 καὶ
2636 3134 2859 3188 ἄπτωτα
2902 3129 3060 3186 εἶναι.
3111 3132 3223 3185 Καὶ
3263 3131 3376 3184 ἔστι
3440 3131 3537 3184 καί
3567 3128 3655 3199 τῆς

404 3233 464 3272 se
495 3232 703 3287 suaque
737 3220 920 3274 omnia
974 3221 1201 3274 immota
1233 3232 1287 3276 et
1323 3222 1486 3275 illaesa
1537 3223 1853 3291 persistere.
1912 3224 1931 3276 Ι

2128 3227 2197 3280 ιϐ’
2227 3228 2456 3281 ἕκαστον
2496 3224 2731 3297 ἀμιγοῦς
2778 3226 3036 3296 ἰδιότητος
3081 3227 3115 3295 ή
3155 3224 3424 3294 παντελὴς
3476 3224 3655 3294 εἰρήνη

405 3316 493 3362 est
534 3307 777 3377 perfecta
839 3309 931 3363 illa
986 3325 1089 3379 pax
1144 3312 1568 3382 uniuscujusque
1626 3314 1928 3381 proprietat

2131 3320 2426 3392 δλακτικὴ,
2469 3323 2593 3383 ταῖς
2643 3317 3022 3390 εἰρηνοδώροις
3059 3319 3228 3389 αὐτῆς
3278 3317 3563 3388 προνοίαις
3596 3314 3658 3367 τὰ

406 3401 760 3471 impermistaa
815 3403 1229 3468 conservatrix,
1266 3420 1362 3473 per
1408 3406 1783 3473 providentias
1829 3424 1933 3461 sua;

2132 3412 2257 3465 ivra
2281 3410 2618 3463 ἀστασίαστα
2650 3410 2744 3462 καὶ
2773 3407 3103 3479 ἀσύμφυρτα
3127 3409 3263 3477 πρὸς
3280 3423 3339 3458 τε
3373 3404 3548 3458 ἑαυτά
3575 3404 3659 3455 καὶ

407 3492 562 3561 pacis
594 3492 925 3561 largitrices,
974 3494 1156 3548 omnia
1210 3493 1351 3547 inter
1401 3495 1581 3563 seipsa
1616 3505 1672 3551 et
1704 3511 1825 3550 cum
1861 3498 1929 3551 ali

2133 3506 2216 3577 ρὺς
2245 3504 2449 3575 ἄλληλα
2477 3501 2817 3566 διασώζουσα
2841 3543 2854 3565 ,
2878 3500 2974 3553 καὶ
3010 3500 3187 3553 πάντα
3217 3502 3275 3552 ἑν
3304 3497 3547 3570 σταθερᾷ
3573 3495 3660 3549 καὶ

408 3586 529 3640 sine
587 3586 859 3639 seditione
920 3595 976 3639 et
1028 3585 1349 3641 confusione
1403 3588 1764 3656 custodiens,
1816 3600 1935 3659 atqu

2127 3595 2286 3665 κλίτῳ
2312 3594 2538 3663 δυνάμει
2573 3592 2709 3664 πρὸς
2734 3590 2833 3662 τὴν
2857 3590 3063 3645 ἑαυτῶν
3090 3590 3314 3662 εἰρήνην
3342 3589 3441 3643 καὶ
3478 3590 3654 3657 ἀκινη-

405 3676 590 3731 omnia
638 3676 817 3733 stabili
864 3688 919 3733 et
952 3693 1218 3746 nusquam
1263 3678 1572 3733 declinante
1622 3681 1864 3747 potentia
1910 3697 1932 3735 a

952 3693 1218 3746 nusquam
1263 3678 1572 3733 declinante
1622 3681 1864 3747 potentia
1910 3682 1978 3743 ad
2085 3685 2450 3741 σίανὶστῶσα.

406 3769 654 3841 ipsorum
687 3783 875 3839 pacem
910 3768 1455 3841 imtuobilitatemque
1486 3770 1793 3827 stabiliens.

1965 3915 1993 3989 §
2041 3913 2151 3976 IV.

480 4052 543 4109 Si
622 4064 813 4111 cuncta
908 4071 1073 4127 porro
1163 4071 1286 4126 quae
1357 4069 1678 4127 moventur,
1754 4060 1984 4116 minime

2162 4064 2274 4116 Kal.
2303 4064 2353 4116 εἰ
2381 4060 2450 4115 «ca.
2486 4060 2781 4131 κινούμενα
2809 4058 2987 4112 πάντα
3030 4056 3104 4128 μὴ
3135 4056 3384 4126 ἠρεμεῖν,
3411 4052 3551 4107 ἀλλά
3586 4069 3660 4105 κι-

409 4150 720 4216 qniescere,
753 4148 847 4203 sed
881 4149 1012 4204 cieri
1047 4163 1265 4219 semper
1292 4166 1394 4206 suo
1428 4163 1578 4207 motu
1613 4153 1781 4206 velint
1816 4153 1900 4207 vel
1935 4197 1936 4203 η

2133 4154 2298 4207 εἰσθαι
2343 4154 2431 4207 ἀεὶ
2466 4152 2566 4224 τὴν
2612 4150 2820 4204 ἑαυτῶν
2868 4151 3082 4221 κίνησιν
3123 4147 3330 4211 ἑθὲλοι,
3376 4146 3474 4199 καὶ
3516 4144 3660 4197 τοῦτο

413 4239 530 4308 ipse
562 4242 811 4296 movendi
847 4257 908 4297 se
941 4243 1213 4312 appetitus
1246 4244 1311 4298 ad
1344 4244 1581 4298 divinam
1618 4245 1763 4299 illam
1794 4261 1940 4315 pacet

2132 4248 2276 4317 paci;
2310 4249 2427 4302 ἑστι
2461 4246 2562 4316 τῆς
2590 4244 2739 4307 θείας
2765 4242 2875 4295 τῶν
2918 4241 3056 4295 ὅλων
3084 4242 3307 4312 εἰρήνης
3325 4279 3343 4304 ,
3364 4239 3467 4309 τῆς
3498 4237 3659 4291 πάντα

412 4333 777 4388 universalem
834 4334 1103 4403 pertinet,
1157 4349 1281 4404 quae
1333 4337 1517 4391 omnia
1570 4338 1621 4390 in
1669 4338 1864 4406 seipsis
1916 4353 1939 4391 ιι

2131 4341 2178 4409 φ’
2206 4339 2413 4392 ἑαυτῶν
2450 4337 2764 4390 ἀδιάπτωτα
2787 4335 2830 4365 ¹⁰
2851 4331 3221 4403 διασωξούσης
3240 4371 3256 4395 ,
3288 4332 3385 4383 καί
3413 4330 3513 4401 τὴν
3535 4329 3658 4382 πάν.

411 4423 700 4479 elabantur
754 4435 957 4489 servat,
993 4435 1157 4495 atque
1188 4428 1429 4481 omnium
1465 4443 1654 4483 eorum
1691 4446 1813 4499 qua:
1866 4446 1938 4484 mt

2132 4450 2200 4486 ων
2246 4431 2354 4485 τῶν
2400 4428 2733 4500 κινουμένων
2778 4426 3017 4497 ἰδιότητα
3058 4425 3154 4478 καὶ
3196 4423 3483 4493 κινητικὴν
3525 4420 3659 4490 ζωὴν

422 4478 427 4479 ,
616 4478 625 4479 ,
678 4478 685 4479 ,
997 4478 1154 4495 ηηη
1695 4478 1812 4499 γη

412 4526 611 4570 ventur
636 4518 1028 4586 proprietatem
1078 4520 1472 4588 motricemque
1494 4521 1688 4587 vitam,
1735 4537 1804 4576 ne
1836 4537 1865 4575 a
1898 4538 1939 4577 St

2132 4525 2347 4595 κίνητον
2375 4523 2470 4577 καὶ
2497 4478 2744 4577 άπῖτωτον
2773 4478 3146 4589 φυλαττούσης
3164 4558 3179 4581 ,
3206 4520 3265 4569 ἑν
3290 4515 3371 4585 τῷ
3398 4516 3466 4569 τὰ
3497 4512 3656 4567 κινού-

416 4608 645 4677 metipsa
682 4608 951 4663 desciscat
983 4609 1290 4675 excidatve,
1326 4610 1586 4673 custodit,
1630 4620 1689 4663 ut
1722 4620 1867 4665 mota
1901 4626 1943 4666 st

2127 4639 2233 4674 ιενα
2261 4619 2397 4691 πρὸς
2426 4617 2595 4671 ἑαυτά
2623 4616 2971 4689 εἰρηνεύαντα
2990 4653 3005 4680 ,
3034 4614 3131 4666 καί
3156 4610 3419 4674 ὡσαύτως
3448 4608 3654 4679 ἔχοντα,

308 4730 309 4733 η
415 4713 539 4752 cum
568 4715 754 4768 pacem
792 4700 1048 4768 habeant,
1082 4711 1138 4756 et
1168 4716 1234 4757 eo
1262 4701 1423 4757 modo
1454 4716 1515 4757 se
1546 4701 1832 4770 habentia,

1037 4740 1048 4767 ,
1082 4711 1138 4756 et
1168 4716 1234 4757 eo
1262 4701 1423 4757 modo
1454 4716 1515 4757 se
1546 4701 1832 4770 habentia,
1863 4718 1986 4774 quas
2087 4715 2219 4786 δρᾷν
2241 4712 2310 4766 τὰ
2338 4709 2564 4765 ἑαυτῶν.

416 4808 514 4848 sua
547 4804 696 4861 sunt,
730 4805 1014 4866 peragant.

1964 4942 2117 5016 ἓν.

515 5085 810 5151 Caeterum,
862 5086 908 5140 si
956 5088 1083 5156 quis
1132 5087 1503 5146 diversitatem
1563 5104 1593 5144 a
1652 5104 1789 5161 pace
1854 5104 1989 5160 pro-

2165 5089 2229 5141 Εἰ
2270 5087 2364 5151 δὲ,
2407 5087 2507 5157 τὴν
2548 5085 2670 5139 κατ’
2698 5082 2974 5137 ἔκπτωσιν
3005 5081 3226 5151 εἰρήνης
3254 5075 3543 5146 ἑτερότητα
3574 5068 3649 5121 λίς

416 5176 718 5248 lapsionem
777 5194 1064 5243 asserens,
1115 5180 1400 5237 conﬁrmet
1462 5197 1653 5251 pacem
1722 5199 1827 5238 non
1864 5199 1943 5239 ess

2124 5200 2227 5247 ’ων,
2260 5180 2590 5252 ἰσχυρίζεται
2635 5178 2708 5249 μὴ
2748 5179 2913 5230 πᾶσιν
2942 5171 3079 5228 εἰναι
3132 5170 3368 5243 ἐραστὴν
3398 5169 3492 5239 τὴν
3522 5162 3651 5234 εἰρή-

417 5269 672 5325 omnibus
730 5271 1057 5338 amabilem;
1122 5272 1561 5341 respondendum
1619 5274 1944 5343 potissimun

2121 5294 2228 5349 νην,
2278 5274 2510 5347 μάλιστα
2555 5274 2652 5345 μὲν
2694 5260 2845 5326 οὐδέν
2899 5274 3016 5325 ἑστι
3061 5268 3172 5321 τῶν
3218 5266 3408 5327 ὄντων,
3437 5262 3465 5316 ὃ
3493 5262 3648 5325 πάσης

412 5360 554 5417 nihil
587 5363 643 5417 in
678 5371 874 5417 natura
912 5377 1093 5419 rerum
1126 5364 1364 5420 existere
1396 5367 1540 5435 quod
1573 5366 1718 5422 onmi
1754 5383 1939 5437 prorsr

2120 5363 2375 5428 εαντελῶς
2404 5361 2649 5428 ἑνώσεως
2670 5362 2849 5416 ἀποπὲ
2860 5376 3036 5414 πτωκε
3059 5374 3075 5391 °
3103 5357 3165 5411 τὸ
3183 5356 3254 5425 γά
3262 5372 3293 5428 ρ
3318 5356 3491 5425 πάντη
3513 5351 3647 5405 ἄστα-

1682 5505 1919 5561 VARUE
1948 5503 2355 5560 LECTIONES.

426 5690 470 5725 ι.
491 5619 1045 5764 σάᾷῖἵέἱέῗέἶιὲῐῖς
1101 5620 1190 5679 SC.
1281 5626 1300 5655 ⁶
1338 5622 1773 5697 συνεζευγμένα,
1823 5624 1879 5682 S.
1922 5625 1981 5681 Ρ.
2100 5626 2120 5657 τ
2156 5624 2373 5695 ἑαυτῆς,
2473 5624 2493 5655 s
2526 5622 2607 5676 ὅτι
2643 5617 2890 5691 ἐφίεται,
2928 5616 2987 5672 ι).
3089 5617 3107 5649 9
3142 5614 3559 5686 ἀντιφήσαιμίν,
3590 5603 3639 5657 ο.

586 5725 637 5747 ει-
707 5728 722 5746 ι
812 5726 826 5745 ι
874 5732 887 5759 ,
969 5732 980 5742 .
1049 5732 1062 5747 .

586 5725 887 5759 caui-suasu,
926 5725 980 5747 α.)-
1008 5725 1026 5747 ι
1049 5732 1062 5747 ι

214 6054 461 6150 "“x
