3866 6232
241 258 357 314 953

1317 254 1403 309 DE
1435 252 1689 310 DlVlNlS
1722 250 2117 312 NOMINIBUS,
2153 250 2306 308 CAP.
2342 250 2435 307 XI.

3402 245 3510 302 ρείι

239 388 365 433 τον,
400 370 493 425 xui
530 368 775 441 ἄπειρον,
807 369 901 424 xui
940 369 1241 441 ἀνίδρυτον,
1286 370 1380 422 xui
1415 368 1683 440 ἀόριστον,
1713 368 1829 422 οὕτε

1940 375 2129 422 careat
2182 364 2410 430 unione;
2449 363 2499 417 id
2534 363 2680 418 enim
2726 361 2870 433 quod
2907 360 3122 433 penitus
3173 360 3425 415 instabile
3458 370 3513 414 et

239 460 305 513 ὅν
336 464 504 521 ἐστιν,
526 458 649 513 οὔτε
678 462 736 513 ἐν
766 464 876 523 τοῖς
910 456 1078 514 οὖσιν.
1132 461 1194 513 Εἰ
1224 460 1282 513 δέ
1310 459 1531 523 τούτους
1561 460 1725 530 φησὶν
1756 462 1831 513 εἰ-

245 553 391 623 ρήνῃ
426 552 521 605 xui
562 554 783 623 εἰρήνης
808 552 1032 620 ἀγαθοῖς
1063 551 1462 623 ἀπεχθάνεσθαι
1484 592 1499 616 ,
1530 551 1656 615 τοὺς
1688 550 1831 622 ἔρισι

243 646 344 699 καὶ
374 645 600 716 θυμοῖς,
640 647 735 698 xui
776 643 1092 698 ὰλλοιώσεσι
1128 644 1221 697 xui
1248 643 1675 707 ἀκαταστασίαις
1712 644 1832 714 χαί-

244 755 475 811 ροντας’
521 740 613 791 καὶ
643 733 789 793 οὗτοι
817 738 1085 809 ἀμαυροῖς
1123 736 1360 801 εἰδώλοις
1391 737 1673 808 εἰρηνικῆς
1703 736 1831 806 ἐφέ-

245 846 390 893 σεως
417 830 853 902 διακρατοῦνται,
884 831 1018 900 πρὸς
1045 828 1232 883 παθῶν
1267 827 1641 900 ἐνοχλούμενοι
1674 828 1833 881 πολυ-

242 922 507 991 κινήτων,
546 923 640 975 xui
673 922 846 977 ταῦτα
874 924 1026 994 ἰστᾷν
1060 922 1506 993 ἀνεπιστημόνως
1534 921 1829 992 ἐφιέμενοι,

243 1014 344 1071 καὶ
358 1014 593 1084 οὶόμενοι
611 1018 677 1086 τῇ
695 1016 910 1086 ἀποπλη
920 1015 1079 1086 ρώσει
1098 1015 1205 1068 τῶν
1232 1015 1318 1068 ἀεὶ
1351 1013 1727 1085 ἀπορρεόντων
1755 1015 1833 1066 εί-

244 1106 499 1178 ρηνεύειν
515 1109 739 1172 ἑαυτοὺς
760 1112 825 1180 τῇ
844 1109 1066 1180 ἀτευξίᾳ
1080 1109 1115 1139 ¹¹
1135 1108 1240 1161 τῶν
1256 1108 1616 1179 κρατησασῶν
1633 1107 1832 1180 ἡδονῶν

242 1199 774 1270 ὲκταρασσομένους.
794 1198 859 1252 Τί
880 1200 944 1253 ἄν
958 1217 1041 1263 τις
1057 1199 1200 1254 εἴποι
1223 1200 1350 1269 περὶ
1379 1198 1479 1269 τῆς
1510 1200 1649 1251 κατά
1692 1199 1831 1269 Χρι-

243 1290 375 1343 στὸν
390 1290 736 1362 είρηνοχύτου
760 1290 1168 1361 φιλανθρωπίας
1188 1307 1202 1355 ;
1226 1289 1350 1343 καθ’
1377 1290 1444 1360 ἢν
1464 1290 1524 1342 οὑ
1553 1289 1628 1360 μὴ
1652 1288 1834 1361 μάθω-

247 1397 353 1451 μεν
392 1380 472 1434 ἔτι
513 1382 767 1452 πολεμεῖν
787 1420 802 1444 ,
833 1384 957 1437 οὔτε
986 1384 1217 1446 ἑαυτοῖς,
1246 1380 1369 1435 οὕτε
1402 1380 1674 1452 ἀλλήλοις,
1709 1380 1833 1435 οὔτε

243 1473 501 1541 ἀγγέλοις
519 1491 533 1504 ο
566 1473 700 1528 ἀλλά
722 1475 816 1527 xui
843 1474 1109 1538 αὑτοῖςτά
1131 1474 1249 1527 θεῖα
1277 1473 1416 1527 κατά
1444 1472 1671 1543 δύναμιν
1708 1489 1833 1527 συν-

244 1566 574 1637 εργήσωμεν
593 1567 655 1631 ¹²,
681 1566 823 1620 κατὰ
850 1567 1101 1638 πρόνοιαν
1151 1566 1325 1639 Ἰησοῦ
1346 1566 1439 1618 τοῦ
1469 1565 1538 1619 τὰ
1575 1566 1751 1620 πάντα
1775 1568 1832 1619 ἐν

246 1660 419 1713 πᾶσιν
435 1659 803 1731 ἐνεργοῦντος,
826 1662 920 1714 xui
944 1660 1220 1725 ποιοῦντος
1243 1661 1462 1732 εἰρήνην
1482 1660 1721 1732 ἄρρητον
1739 1660 1834 1713 xui

243 1746 309 1812 ἐξ
326 1747 520 1811 αἰῶνος
535 1748 971 1819 προωρισμένην,
986 1748 1081 1801 xui
1101 1746 1666 1809 ἀποκαταλλάσσοντος
1687 1747 1832 1817 ἡμᾶς
1867 1742 1909 1797 Β
1934 1753 2140 1823 angelis
2158 1796 2173 1821 ν

244 1839 429 1911 ἑαυτῴ
450 1840 493 1871 ¹³
524 1841 618 1893 xui
645 1842 703 1893 ἐν
730 1839 909 1911 ἐαυτῷ
939 1838 1016 1911 τῷ
1040 1840 1215 1911 Πατρὶ
1234 1880 1247 1904 ,
1274 1839 1402 1909 περὶ
1423 1832 1496 1892 ὧν
1536 1837 1829 1909 ὑπερφυῶν

242 1930 438 2003 δώρων
478 1935 539 1986 ἐν
575 1935 696 1996 ταῖς
724 1932 1099 2002 Θεολοτικαῖς
1122 1932 1591 1987 ὐποτυπώσεσιν
1631 1931 1833 1995 ἱκανῶς

243 2023 498 2094 εἴρηται,
531 2025 1189 2097 προσεπιμαρτυρούντων
1210 2026 1255 2058 ¹⁸
1277 2029 1408 2096 ἡμῖν
1430 2025 1526 2078 xui
1554 2025 1655 2095 τῆς
1681 2027 1833 2098 ἱερᾶς

242 2112 358 2166 τῶν
382 2114 579 2183 λογίων
602 2116 907 2180 ἐπιπνοίας.

1935 459 2236 522 inﬁnitum;
2277 457 2532 528 nullaque
2565 456 2695 511 sede
2753 459 2939 510 nixum
2992 456 3514 523 interminatumque

1934 549 2178 620 tingitur,
2229 563 2310 603 nae
2350 549 2479 602 illud
2527 549 2703 618 ipsum
2752 563 2851 619 per
2893 563 2953 603 se
3001 548 3133 602 nihil
3168 556 3271 613 est,
3308 562 3408 601 nec
3459 548 3511 600 lu

1933 640 2116 709 aliquo
2148 640 2358 693 existit.
2401 639 2495 692 Sin
2542 637 2791 704 obiiciat,
2830 652 2925 691 eos
2960 637 3077 706 paci
3114 636 3374 704 pacisque
3418 634 3515 687 bo-

1931 732 2016 786 nis
2058 730 2375 795 adversari,
2412 730 2502 799 qui
2539 730 2725 783 litibus
2759 737 2813 783 et
2845 728 3146 791 furoribus,
3187 724 3517 781 mutationi-

1930 822 2140 893 busque
2172 831 2226 877 et
2263 821 2709 877 instabilitatibus
2733 821 3103 886 delectantur;
3129 835 3320 875 verum
3352 827 3404 873 et
3438 815 3512 870 illi

1931 930 2151 985 quoque
2198 914 2452 970 obscuris
2501 916 2847 984 quibusdam.
2882 914 3094 983 paciﬁci
3132 912 3388 967 desiderii
3441 909 3518 964 si-

1934 1008 2190 1062 mulacris
2230 1007 2583 1072 detinentur,
2633 1008 2759 1061 dum
2806 1005 3315 1075 perturbationibus
3349 1003 3517 1057 variis

1933 1110 2192 1171 aguntur,
2227 1117 2363 1171 quas
2407 1099 2658 1169 imperite
2703 1099 2901 1155 sedare
2949 1100 3282 1165 desiderant,
3339 1108 3393 1152 et
3431 1114 3519 1151 ar-

1932 1190 2212 1244 bitrantur
2260 1207 2319 1245 se
2353 1206 2546 1260 pacem
2585 1191 2809 1255 habere,
2846 1190 2890 1245 si
2927 1192 3185 1244 continuo
3219 1190 3519 1245 liuentibus

1934 1282 2304 1353 voluptatibus
2340 1285 2653 1338 Itauricndis
2688 1285 2981 1349 insistant;
3016 1294 3072 1338 et
3105 1283 3519 1353 perturbantur,

1934 1375 1982 1429 si
2017 1376 2179 1430 rebus
2214 1375 2298 1437 iis,
2328 1389 2356 1428 a
2383 1376 2581 1444 quibus
2616 1375 2714 1446 ipsi
2748 1376 2945 1431 devicti
2983 1385 3130 1442 sunt,
3158 1375 3516 1429 frustrentur.

1935 1472 2076 1545 Quid
2112 1488 2275 1543 porro
2308 1473 2457 1527 dicet
2499 1474 2622 1544 quis
2656 1478 2722 1529 de
2754 1474 2959 1530 Christi
3009 1474 3237 1544 paciﬁca
3274 1452 3565 1544 benigni-1'

1936 1568 2094 1623 tate?
2125 1583 2233 1637 qua
2269 1568 2549 1631 docemur,
2593 1584 2699 1625 non
2736 1568 2877 1623 ultra
2913 1568 3112 1624 bellum
3161 1582 3374 1638 gerere,
3406 1570 3522 1623 sive

1936 1679 2062 1720 cum
2115 1663 2275 1718 nubis
2332 1662 2505 1732 ipsis,
2556 1664 2673 1718 sive
2718 1678 2842 1717 cum
2888 1662 3190 1733 proximis,
3245 1661 3364 1717 sive
3395 1677 3520 1716 cum

2256 1754 2457 1824 quibus
2519 1755 2701 1825 potius
2749 1752 2911 1824 512
2963 1769 3064 1824 pro
3128 1753 3276 1807 virili
3325 1768 3523 1821 coope-

1939 1846 2166 1898 randum
2237 1852 2323 1900 est
2357 1844 2410 1899 in
2475 1846 2541 1900 iis
2597 1861 2717 1915 qua:
2751 1849 2817 1901 ad
2853 1848 3018 1901 Deum
3055 1856 3339 1917 spectant,
3362 1843 3518 1913 juxta

1942 1937 2118 2008 ipsius
2156 1936 2284 1992 Jesu
2334 1938 2754 2007 providentiam,
2806 1955 2927 2009 quae
2960 1940 3145 1994 omnia
3180 1939 3233 1993 in
3267 1938 3523 1994 omnibus

1942 2042 2225 2100 Operatur,
2266 2047 2565 2102 pacemque
2601 2031 2817 2087 confert
2850 2029 3180 2085 ineﬂabilem
3220 2028 3290 2083 ab
3316 2039 3524 2083 aeterno

1945 2124 2368 2193 prmdeﬁnitam,
2402 2139 2611 2193 nosque
2658 2124 2761 2178 sibi
2812 2123 2864 2177 in
2906 2125 3098 2193 spiritu
3139 2132 3195 2177 et
3245 2137 3343 2191 per
3372 2136 3431 2176 se
3465 2120 3521 2174 in

245 2221 308 2262 se
344 2207 444 2276 ipsi
473 2207 620 2262 Patri
672 2209 1015 2264 recouciliat.
1083 2210 1158 2264 De
1204 2209 1402 2280 quibus
1432 2204 1594 2267 donis
1641 2214 2150 2281 supernaturalibus
2203 2219 2339 2274 satis
2382 2230 2654 2288 superque
2711 2215 2922 2272 dictum
2974 2225 3061 2272 est
3103 2214 3159 2270 in
3196 2212 3522 2285 Tlteologicis

242 2299 697 2368 institutionibus,
747 2316 913 2358 saera
948 2301 1237 2373 Scriptura
1273 2303 1435 2360 nobis
1470 2303 1844 2359 testimonium
1880 2307 2231 2376 perbibeute.

1804 2450 1832 2525 §
1877 2450 1983 2512 Vl.

331 2591 470 2644 Ἀλλ’
500 2592 687 2663 ἐπειδὴ
716 2592 810 2646 xui
837 2592 1023 2647 ἄλλοτε
1059 2592 1161 2665 μοῦ
1190 2594 1258 2648 δι’
1283 2593 1572 2667 ἐπιστολῆς
1610 2594 1835 2661 ἐπύθου,

244 2682 301 2736 τί
333 2700 463 2736 ποτε
507 2683 616 2755 ἄρα
655 2686 797 2755 φημὶ
822 2685 884 2737 τὸ
912 2686 1044 2738 αὑτὸ
1071 2682 1211 2740 εἶναι
1230 2728 1244 2751 ,
1273 2688 1371 2759 τὴν
1405 2688 1706 2759 αὑτοζωὴν,
1738 2689 1836 2760 τὴν

246 2774 595 2843 αὑτοσοφίαν,
625 2776 721 2828 xui
746 2776 880 2847 πρὸς
906 2778 1093 2830 ἑαυτὸν
1116 2777 1252 2849 ἔφης
1273 2779 1603 2851 διαπορῆσαι
1629 2782 1691 2845 ¹³,
1719 2782 1837 2846 πῶς

244 2868 341 2921 τὸν
369 2867 501 2921 Θεὸν
532 2868 659 2920 ποτὲ
692 2869 789 2939 μὲν
816 2870 1099 2942 αύτοζωήν
1139 2888 1280 2941 φημι
1300 2912 1315 2935 ,
1351 2873 1478 2925 ποτὲ
1505 2873 1563 2925 δὲ
1598 2873 1698 2943 τῆς
1726 2874 1831 2926 αὑ-

243 2965 457 3037 τοςωῆς
489 2967 799 3038 ὑποστάτην
820 2984 833 2996 ·
868 2968 1166 3035 ἀναγκαῖον
1188 2967 1395 3038 ᾠήθην,
1423 2968 1533 3038 ἱερὲ
1566 2967 1659 3020 τοῦ
1698 2967 1832 3021 Θεοῦ

2014 2598 2121 2655 Sed
2179 2601 2308 2670 quia
2375 2600 2516 2656 alias
2580 2613 2670 2654 me
2748 2612 2851 2671 per
2910 2596 3196 2670 epistolam
3278 2597 3519 2655 interro-

1942 2691 2105 2761 gasti,
2170 2693 2300 2762 quid
2333 2693 2595 2763 appellem
2652 2707 2752 2763 per
2783 2707 2845 2747 se
2876 2706 3017 2757 esse,
3079 2708 3177 2762 per
3228 2706 3288 2747 se
3331 2693 3522 2760 vitam,

1944 2799 2043 2852 per
2099 2798 2160 2839 se
2219 2784 2548 2853 sapientiam
2584 2822 2600 2850 ,
2694 2794 2749 2840 et
2813 2796 2994 2839 tecum
3054 2785 3136 2839 ais
3219 2784 3524 2848 dubitasse,

1938 2876 2211 2945 quomodo
2247 2876 2419 2931 Deum
2454 2876 2745 2947 aliquando
2793 2876 3012 2945 quidem
3051 2889 3184 2930 voco
3218 2891 3313 2945 per
3347 2889 3409 2930 se
3445 2875 3525 2928 vi-

1940 2977 2085 3035 tam,
2135 2970 2430 3039 aliquando
2477 2984 2608 3025 vero
2640 2968 2952 3024 elfectorem
2990 2982 3088 3037 per
3120 2982 3178 3021 se
3211 2967 3377 3031 vitae;
3431 2980 3525 3020 ue-

244 3031 522 3129 ἄνθρωπε,
567 3059 661 3112 xui
699 3031 904 3130 ταύτης
952 3031 1073 3111 es“
1103 3031 1215 3129 τῆς-
1247 3031 1340 3128 ἐφ’,
1366 3031 1496 3129 ἡμῖν
1532 3060 1769 3130 ἀπορίας
1789 3059 1827 3089 ³⁷

1935 3060 2232 3114 cessarium
2269 3075 2390 3115 esse
2423 3060 2724 3115 arbitratus
2759 3074 2879 3114 sum
2902 3098 2917 3122 ,
2960 3058 3122 3112 [torno
3168 3056 3264 3111 Dei
3304 3065 3522 3119 sancte,

245 3149 534 3204 ἀπολῦσαι.
577 3152 687 3204 Kui
724 3150 939 3220 πρῶτον
977 3151 1094 3221 μὲν,
1133 3150 1222 3204 ἵνα
1259 3150 1327 3203 τὰ
1375 3151 1703 3223 μυριόλεκτα
1740 3151 1833 3204 xui

244 3242 342 3297 νῦν
380 3241 757 3312 ἀναλάϐωμεν,
806 3243 906 3294 οὑκ
944 3242 1089 3295 ἔστιν
1119 3243 1380 3307 ἐναντίον,
1411 3242 1769 3313 αὑτοδύναμιν
1796 3243 1830 3313 ἢ

244 3333 526 3405 αὑτοζωὴν
549 3335 723 3388 εἰπεῖν
750 3334 841 3387 τὸν
865 3334 1020 3399 Θεὸν,
1042 3335 1256 3406 καὶτῆς
1285 3335 1585 3407 αὑτοζωῆς,
1618 3336 1650 3406 ἢ
1681 3337 1832 3407 εἰρή-

242 3442 377 3496 νης,
405 3426 438 3496 ἢ
470 3426 752 3496 δυνάμεως
793 3426 1104 3497 ὑποστάτην
1135 3427 1176 3457 ¹⁸
1199 3443 1213 3455 ·
1245 3427 1312 3480 τὰ
1345 3427 1441 3497 μὲν
1475 3427 1585 3498 γὰρ
1626 3431 1691 3480 ἐκ
1721 3428 1832 3480 τῶν

244 3516 416 3570 ὄντων
441 3518 534 3570 xui
562 3518 794 3587 μάλιστα
823 3519 888 3570 ἐκ
913 3517 1022 3569 τῶν
1054 3517 1284 3588 πρώτως
1309 3518 1499 3584 ὄντων,
1540 3519 1614 3584 ώς
1659 3519 1831 3584 αἴτιος

244 3608 465 3662 πάντων
489 3608 599 3661 τῶν
620 3608 809 3671 ὄντων,
841 3608 1059 3676 λέγεται
1086 3625 1099 3638 ο
1140 3608 1209 3662 τά
1245 3608 1321 3673 δὲ,
1357 3609 1431 3672 ὡς
1464 3610 1605 3681 ὑπὲρ
1651 3612 1831 3665 πάντα

247 3700 344 3754 xui
382 3699 451 3754 τὰ
488 3699 719 3772 πρώτως
763 3702 893 3755 ὄντα
933 3702 1153 3773 ὑπερὼν
1200 3702 1539 3774 ὑπερουσίως
1567 3705 1630 3758 ¹⁹.
1671 3706 1735 3757 Τί
1771 3706 1829 3759 δὲ

243 3794 404 3859 ὅλως,
434 3795 560 3864 φῂς,
587 3794 648 3847 τὸ
679 3794 813 3847 αὑτὸ
848 3791 985 3847 εἶναι
1024 3795 1275 3866 λέγομεν,
1314 3794 1347 3865 ἢ
1386 3794 1485 3867 τὴν
1512 3795 1790 3869 αὑτοζωὴν
1810 3837 1826 3860 ,

243 3884 279 3956 ἢ
310 3887 409 3938 ὅσα
439 3885 723 3949 ἀπολύτως
757 3887 852 3940 xui
894 3888 1212 3958 ἀρχηγικῶς
1256 3885 1430 3954 εἶναι,
1479 3890 1576 3943 xui
1626 3892 1690 3942 ἐκ
1732 3890 1827 3943 τοῦ

243 3972 380 4030 Θεοῦ
406 3978 637 4049 πρώτως
658 3978 1020 4050 ὑφεστηκέναι
1046 3979 1325 4051 τιθέμεθα.
1350 3981 1521 4034 Τοῦτο
1540 3982 1597 4035 δέ
1626 3999 1824 4052 φαμεν,

243 4073 345 4124 οὑκ
372 4071 516 4125 ἐστιν
539 4073 794 4141 ἀγκύλον,
824 4074 937 4127 ἀλλ’
962 4076 1091 4129 εὐθὺ
1121 4076 1213 4129 xui
1229 4076 1407 4146 ἁπλῆν
1435 4077 1532 4149 τὴν
1555 4077 1827 4148 διασάφη-

246 4180 331 4216 σιν
360 4161 500 4233 ἕχον.
525 4164 599 4215 UO
621 4164 730 4235 γὰρ
750 4166 937 4219 ούσίαν
966 4168 1087 4221 τινὰ
1109 4168 1280 4233 θείαν,
1304 4167 1337 4239 ἣ
1359 4168 1653 4239 ἀγγελικὴν
1688 4164 1827 4223 εἷναί

242 4273 425 4326 φαμεν
452 4256 513 4309 τὸ
538 4257 669 4309 αὐτὸ
690 4254 827 4311 εἶναι
845 4260 891 4291 ¹⁰
914 4260 1007 4313 τοῦ
1031 4257 1172 4314 εἶναι
1197 4262 1265 4314 τὰ
1290 4261 1420 4314 ὄντα
1453 4261 1627 4315 πάντα
1649 4262 1826 4316 αἰτίαν

243 4348 262 4419 (
288 4348 449 4418 μόνον
492 4348 603 4420 γὰρ
646 4351 741 4402 τοῦ
786 4348 923 4405 εἶναι
961 4353 1136 4405 πάντα
1164 4354 1232 4406 τὰ
1272 4352 1432 4415 ὄντα,
1465 4355 1559 4406 xui.
1600 4354 1732 4407 αὐτὸ
1764 4355 1825 4408 τὸ

1934 3150 2006 3205 ab
2056 3151 2159 3207 hac
2209 3152 2590 3218 dubitatione,
2641 3144 2821 3222 quoad
2869 3150 3100 3220 possim,
3157 3160 3211 3204 te
3261 3146 3521 3205 liberare.

1933 3245 2013 3297 Ac
2037 3244 2273 3312 primum
2303 3245 2545 3314 quidem,
2573 3255 2632 3298 ut
2666 3260 2809 3299 nunc
2844 3252 3153 3313 repetamus
3178 3256 3301 3311 qua:
3328 3239 3523 3294 millies

1935 3336 2078 3391 dicta
2113 3346 2284 3402 sunt,
2320 3354 2429 3391 non
2465 3347 2710 3407 pugnant
2757 3353 2943 3393 secum
2977 3336 3188 3398 dicere,
3220 3335 3388 3388 Deum
3425 3347 3513 3402 per

1935 3439 1993 3479 se
2024 3438 2372 3495 potestatem,
2413 3436 2468 3481 et
2514 3442 2613 3497 per
2662 3442 2723 3483 se
2767 3428 2979 3493 vitam;
3014 3436 3070 3481 et
3101 3425 3317 3488 dicere,
3350 3424 3518 3478 Deum

1933 3530 2239 3577 creatorem
2269 3536 2367 3591 per
2399 3536 2460 3577 se
2493 3523 2639 3586 vitae,
2663 3520 2750 3576 vel
2786 3535 2881 3590 per
2913 3534 2975 3574 se
3009 3519 3184 3590 pacis,
3210 3517 3295 3573 vel
3330 3531 3428 3586 per
3459 3530 3519 3570 se

1934 3614 2248 3681 potestatis;
2286 3614 2402 3669 lizec
2437 3614 2583 3668 enim
2612 3615 2811 3670 dicitur
2838 3614 2981 3668 Deus
3011 3626 3078 3667 ex
3112 3612 3180 3667 iis
3211 3626 3333 3681 quae
3364 3619 3516 3677 sunt,

1933 3717 1988 3761 et
2021 3709 2256 3762 maxime
2286 3721 2355 3762 cx
2389 3707 2458 3763 iis
2492 3722 2613 3777 quae
2649 3708 2825 3776 prima
2871 3718 3022 3773 sunt,
3062 3715 3320 3774 tanquam
3352 3719 3518 3758 causa

1931 3799 2177 3853 omnium
2228 3813 2350 3867 quae
2397 3808 2562 3865 sunt;
2617 3798 2707 3852 illa
2760 3810 2945 3853 autem
2997 3798 3221 3861 dicitur,
3259 3805 3517 3864 tanquam

1930 3892 2176 3945 existens
2208 3889 2815 3960 suprasubstantialiter
2835 3906 2995 3960 supra
3021 3889 3202 3944 omnia
3227 3904 3347 3959 qua:
3369 3898 3518 3954 sunt,

1930 3992 1985 4035 et
2018 3997 2137 4051 qua:
2166 3982 2342 4051 primo
2374 3991 2520 4036 sunt.
2561 3980 2772 4047 Quaaris
2804 3992 2985 4035 autem
3020 3981 3150 4049 quid
3176 3995 3406 4049 prorsus
3433 3979 3519 4033 di-

1930 4089 2118 4130 camus
2142 4089 2241 4143 per
2280 4088 2340 4128 se
2378 4089 2523 4138 esse,
2567 4081 2661 4126 aut
2691 4088 2790 4141 per
2834 4087 2895 4127 se
2929 4073 3122 4134 vitam,
3149 4080 3240 4124 aut
3266 4084 3519 4140 quascun-

1929 4181 2037 4236 que
2084 4165 2332 4220 absolute
2376 4175 2431 4219 et
2459 4165 2837 4235 principaliter
2893 4180 3038 4228 esse,
3091 4173 3148 4217 et
3187 4178 3254 4217 ex
3287 4164 3401 4217 Deo
3454 4176 3517 4214 ac

1930 4259 2105 4327 primo
2136 4266 2316 4313 creata
2355 4273 2474 4312 esse
2512 4260 2783 4327 ponimus.
2810 4256 3222 4324 Respondemus
3260 4268 3367 4307 non
3395 4266 3519 4307 esse

1931 4350 2034 4403 huc
2082 4358 2412 4414 contortum,
2448 4348 2545 4402 sed
2599 4358 2830 4408 rectum,
2869 4356 2924 4401 et
2956 4345 3256 4414 simplicem
3309 4342 3517 4396 habens

240 4436 381 4492 εἶναι
413 4439 752 4510 ὑπερούσιον,
786 4442 947 4513 ἀρχὴ,
978 4444 1072 4496 xui
1100 4444 1276 4506 οὐσία,
1309 4445 1403 4496 xui.
1442 4443 1682 4516 αἴτιον),
1706 4446 1828 4498 οὐδὲ

1935 4442 2387 4512 explanationem.
2424 4441 2540 4494 Non
2582 4440 2727 4492 enim
2783 4438 2916 4492 illud
2962 4453 3057 4507 per
3091 4452 3149 4491 se
3183 4451 3336 4501 esse,
3386 4435 3516 4489 sub-

240 4529 509 4597 ζωογόνον
534 4528 577 4559 ²¹
606 4527 741 4593 ἄλλη
784 4530 1012 4602 θεότητα
1043 4532 1194 4602 παρὰ
1221 4532 1321 4603 τὴν
1352 4533 1615 4605 ὑπέρθεον
1634 4536 1676 4565 ³³
1701 4537 1834 4589 πάν-

238 4640 350 4675 των
394 4623 494 4675 ὅσα
536 4622 643 4693 ζῇ,
672 4625 767 4678 xui.
804 4624 904 4694 τῆς
938 4626 1217 4697 αὑτοζωῆς
1247 4628 1425 4680 αἰτίαν
1459 4628 1623 4699 ζωὴν,
1664 4629 1786 4681 οὔτε
1809 4670 1825 4692 ,

242 4712 531 4765 συνελόντα
560 4715 753 4777 εἰπεῖν,
790 4714 1023 4785 ἀρχικὰς
1056 4714 1164 4767 τῶν
1192 4715 1359 4769 ὄντων
1390 4717 1485 4769 xui.
1509 4717 1569 4787 δη
1580 4735 1828 4789 μιουργι-

240 4805 345 4868 κάς
371 4804 558 4869 ούσίας
587 4807 681 4857 xui
707 4805 1031 4868 ὑποστάσεις
1050 4846 1064 4870 ,
1118 4807 1337 4871 ἅστινας
1361 4809 1405 4839 ²³
1434 4811 1524 4862 xui
1547 4810 1701 4874 θεοὺς
1714 4811 1824 4864 τῶν

237 4898 411 4949 ὄντων
434 4896 529 4949 xui
562 4896 926 4968 δημιουργοὺς
962 4900 1479 4970 αὐτοσχεδιάσαντες
1509 4903 1824 4972 ὰπεστομά-

236 5006 419 5054 τισαν,
449 4989 542 5052 οὓς
564 5029 578 5053 ,
608 4988 824 5059 ἀληθῶς
856 4990 951 5042 xui.
978 4993 1182 5062 κυρίως
1215 4996 1408 5056 εἰπεῖν,
1444 4993 1565 5046 οὔτε
1668 4993 1823 5044 αὑτοὶ

238 5083 460 5154 ᾔδεισαν
482 5086 528 5118 ³⁸
544 5084 666 5155 (οὑκ
679 5085 725 5116 ⁸⁵
741 5084 918 5157 ὄντας)
943 5083 1067 5137 οὔτε
1103 5088 1151 5137 οἱ
1191 5086 1425 5158 πατέρες
1451 5086 1629 5140 αὐτῶν
1649 5104 1662 5116 ·
1706 5087 1820 5141 ἀλλ’

237 5175 546 5239 αὑτοείναι,
588 5176 684 5229 xui.
720 5175 1031 5247 αύτοζωὴν,
1070 5176 1165 5229 xui
1202 5176 1567 5250 αὑτοοεότητά
1617 5196 1819 5249 φαμεν,

1932 4535 2191 4589 stantiam
2244 4532 2535 4601 quamdam
2591 4532 2832 4585 divinam
2891 4536 2987 4581 aut
3038 4527 3342 4597 angelicam
3392 4542 3515 4581 esse

1926 4624 2193 4688 Adicimus,
2229 4637 2352 4691 qua:
2396 4620 2469 4674 sit
2510 4635 2676 4674 causa
2722 4629 2780 4672 ut
2831 4617 2944 4671 sint
2994 4618 3177 4671 omnia
3227 4632 3347 4685 qua:
3387 4626 3516 4671 sunt

1930 4716 2127 4787 (solum
2164 4716 2310 4770 enim
2337 4715 2429 4785 qui
2471 4722 2556 4769 est
2587 4728 2922 4783 supraquam
2972 4712 3310 4777 substantia,
3361 4710 3510 4780 priu-

1927 4809 2165 4878 cipium,
2200 4816 2258 4862 et
2301 4808 2568 4869 essentia,
2619 4814 2675 4860 et
2726 4819 2890 4859 causa
2930 4815 3015 4858 est
3069 4812 3128 4856 ut
3178 4802 3287 4856 sint
3326 4802 3509 4856 omnia

1926 4916 2048 4970 qua:
2088 4908 2236 4967 sunt,
2266 4909 2320 4954 et
2357 4899 2533 4968 ipsum
2565 4913 2661 4966 per
2689 4913 2748 4952 se
2776 4899 2944 4963 esse),
2976 4910 3075 4950 nec
3117 4894 3281 4948 aliam
3312 4894 3511 4949 divini-

1927 5004 2090 5049 tatem
2131 5010 2251 5063 quae
2285 4994 2454 5047 vitam
2500 4993 2698 5061 pariat,
2730 5002 3090 5062 praeterquam
3140 4991 3305 5045 vitam
3340 5005 3517 5059 supra-

1924 5102 2085 5156 quam
2113 5086 2352 5141 divinam
2386 5086 2628 5139 omnium
2658 5100 2998 5157 quaecunque
3026 5085 3232 5148 vivunt,
3256 5092 3312 5138 et
3338 5083 3508 5153 ipsius

1926 5194 2023 5247 per
2053 5193 2113 5234 se
2141 5179 2266 5233 vitae
2299 5193 2544 5244 causam,
2589 5179 2880 5249 ponimus;
2927 5192 3030 5234 nec
3084 5187 3144 5233 ut
3188 5179 3501 5231 summatim

1512 5379 1748 5434 VARUE
1782 5379 2185 5437 LECTEONES.

304 5540 345 5573 “
381 5538 579 5609 ἀταξίᾳ.
603 5580 618 5603 ,
671 5539 732 5592 Ι).

240 5611 285 5643 ⁸⁵
317 5611 617 5682 ἀπορῆσαι,
654 5609 712 5663 S.
740 5610 798 5663 P.
829 5611 887 5663 D.
985 5609 1027 5641 ίίξ
1060 5609 1139 5664 τό.
1221 5611 1260 5641 ¹⁷
1296 5609 1380 5679 ἐφ’

807 5541 849 5572 ¹²
885 5540 1309 5655 ωνεργὺσομεν,
1350 5539 1408 5592 D.
1455 5538 1546 5594 Sc.
1575 5540 1697 5595 Sar.
1781 5542 1823 5573 ⁸³
1856 5543 1915 5596 ἐν
1951 5540 2229 5611 Πνεύματι
2264 5541 2357 5594 xui
2379 5540 2444 5592 δι’
2479 5538 2692 5592 ἐαυτοῦ.

829 5611 887 5655 Ι)-
985 5613 1027 5641 ¹⁶
1060 5630 1139 5655 τι-
1221 5611 1260 5641 ¹⁷
1296 5609 1380 5655 ἔρδ’
1416 5613 1563 5655 indu-
1604 5630 1708 5655 mm
1738 5621 1811 5655 ρςΙ
1847 5614 1897 5655 in
1926 5615 1964 5655 Ιὶ
2084 5616 2125 5645 ιδ
2159 5612 2473 5655 ἐπιστάτην-
2512 5613 2568 5655 S-
2652 5611 2692 5642 ¹²

1060 5613 1139 5664 τό.
1221 5613 1260 5641 ¹⁷
1296 5613 1380 5679 ἐφ’
1416 5613 1565 5683 ἡμῖν.
1604 5630 1708 5667 non
1738 5621 1815 5665 est
1847 5614 1964 5665 iul)

237 5681 478 5747 τοεῖναι,
517 5698 623 5737 uno
648 5684 846 5740 verbo.
884 5682 939 5736 B.
974 5682 1034 5735 D.
1115 5684 1155 5714 ²¹
1194 5681 1592 5755 ρῐωυυιιίιγάρ
1627 5688 1676 5737 ia
1701 5683 1761 5737 Ρ.
1841 5686 1883 5717 ²¹
1920 5684 2044 5737 τῶν.
2126 5685 2169 5717 ²³
2206 5683 2269 5744 ἃς
2302 5699 2463 5748 τινες,
2502 5681 2561 5738 Ρ.
2587 5682 2675 5737 Sc.

2775 5537 2820 5571 “
2853 5534 3478 5609 προσεπιμαρτυρούσης
3492 5578 3505 5592 .

2084 5605 2125 5645 ιδ’
2159 5612 2474 5681 ἐπιστάτην,
2512 5613 2569 5665 S.
2652 5611 2693 5642 ¹⁹
2729 5605 3235 5681 ὑπερκείμενος,
3277 5605 3285 5608 ⁷
3314 5609 3374 5681 io
3405 5605 3503 5681 ᾴὺ,

2757 5681 2801 5713 ³³
2835 5674 3049 5751 ᾔδεσαν.
3130 5679 3174 5709 ³⁵
3196 5678 3290 5733 ἆτε
3312 5674 3371 5746 δὴ
3385 5677 3505 5733 οὐκ.
