3866 6232
339 299 442 354 9"»5

1533 301 1591 358 Β.
1630 300 1788 358 DION
1800 301 1930 358 YSII
1966 299 2432 358 AREOPAGITE

3513 294 3620 352 955

337 419 542 482 dicam,
574 415 710 472 alias
740 432 936 474 causas
977 418 1305 489 principales
1337 433 1542 483 rerum,
1580 430 1636 474 et
1670 431 1917 476 creantes

2026 419 2268 490 ἀρχικῶς
2301 419 2400 489 μὲν
2437 415 2528 474 οῦν
2549 420 2616 484 ’⁸,
2646 415 2844 482 θεῖκῶς
2869 417 2961 471 καὶ
2995 412 3332 477 αἱτιατικῶς,
3362 411 3459 482 τὴν
3490 414 3623 482 μίαν

337 519 388 562 et
425 526 520 578 per
554 524 614 563 se
647 511 980 577 exislentes,
1033 527 1168 580 quas
1201 513 1420 582 quidam
1471 522 1526 566 et
1567 514 1696 567 deos
1743 528 1924 568 rerum

335 609 388 652 et
418 597 706 654 ell'cctores
751 615 870 654 esse
924 612 1129 657 temere
1179 603 1552 668 effutiverunt,
1607 620 1745 672 quos
1793 618 1922 658 vere

335 701 391 744 et
419 691 633 762 praprie
678 693 861 748 dicere
889 695 1110 765 (quippe
1137 713 1260 750 cu.n
1298 715 1404 751 non
1439 704 1648 766 essent)
1687 715 1786 752 nec
1821 699 1921 768 ipsi

339 798 438 836 nec
469 799 659 837 eorum
693 796 875 854 patres
917 802 981 840 ac
1019 786 1253 855 majores
1306 790 1588 842 sciverunt
1618 806 1631 842 :
1666 789 1796 859 quin
1828 804 1925 857 po-

339 875 445 926 tius
476 889 571 942 per
602 889 659 928 se
700 890 850 941 esse,
883 887 936 930 et
969 893 1065 948 per
1117 893 1177 933 se
1216 879 1405 943 vitam,
1438 889 1490 932 et
1519 894 1614 949 per
1641 895 1700 933 se
1727 880 1924 933 divini-

339 975 530 1032 tatem,
553 967 926 1036 principaliter
974 970 1191 1037 quidem
1234 981 1290 1025 et
1345 971 1525 1026 divine
1546 979 1600 1025 et
1625 970 1923 1026 elﬁcientcr

337 1071 502 1109 unum
550 1057 792 1112 omnium
846 1061 1170 1129 principium
1201 1071 1256 1116 et
1278 1077 1520 1127 causam,
1584 1077 1920 1132 supraquam

335 1147 660 1216 principium
723 1157 776 1202 et
865 1165 1200 1220 supraquam
1293 1153 1597 1207 substantia
1658 1168 1780 1207 esse
1833 1154 1922 1206 di-

333 1242 510 1293 c'mns
567 1256 582 1294 :
647 1250 704 1294 ut
765 1250 946 1296 autem
1016 1244 1068 1298 in
1136 1243 1296 1299 donis
1378 1246 1492 1300 suis
1561 1246 1919 1316 participatur

331 1330 491 1404 513
541 1333 682 1388 Deus
713 1373 728 1397 ,
783 1336 1152 1404 providentius
1175 1378 1190 1404 ,
1227 1353 1257 1392 a
1290 1339 1399 1394 Deo
1424 1379 1440 1404 ,
1470 1341 1562 1409 qui
1615 1341 1668 1396 in
1710 1356 1770 1396 se
1809 1355 1918 1394 non

332 1425 736 1494 participatur.
816 1438 1143 1494 manantes,
1206 1431 1440 1485 dicimus
1509 1445 1606 1500 per
1657 1447 1716 1486 se
1786 1431 1919 1485 sub-

331 1518 548 1571 stantiae
593 1515 958 1583 ell'ectionem,
1001 1533 1098 1588 per
1143 1535 1203 1576 se
1251 1522 1696 1588 viviﬁcationem,
1732 1537 1830 1593 per
1858 1536 1920 1578 se

332 1610 778 1675 dedicationem;
833 1627 1066 1680 quorum
1121 1615 1598 1683 participationem
1643 1631 1804 1683 quae,
1859 1627 1920 1670 ut

331 1699 527 1768 cuique.
562 1701 841 1764 convenit,
884 1703 1106 1766 habent,
1155 1705 1514 1758 substantiam
1551 1705 1834 1768 habentia,
1863 1714 1918 1760 et

2029 512 2246 565 πάντων
2289 513 2622 584 ὑπεράρχιον
2673 512 2766 564 καὶ
2809 509 3133 582 ὑπερούσιον
3173 508 3346 577 ἀρχὴν
3395 505 3492 557 καὶ
3533 507 3625 558 al-

2025 604 2148 656 τίαν
2171 622 2184 634 ·
2224 605 2499 675 μεθεκτῶς
2521 605 2580 658 δὲ
2601 604 2700 667 τὰς
2721 603 3064 674 ὲκδιδομὲνας
3086 604 3150 654 ὲκ
3166 599 3299 653 Θεοῦ
3314 599 3409 652 τοῦ
3438 597 3617 668 ἀμεθ-

2026 695 2182 749 ἐκτου
2224 697 2588 769 προνοητικάς
2630 696 2890 766 δυνάμεις
2911 735 2924 758 ,
2960 694 3055 764 τὴν
3086 692 3489 753 αὐτοουσίωσιν,
3523 692 3623 743 αὖ·

2023 787 2321 851 τοζὼωσιν,
2354 789 2710 850 αὑτοθὲωσιν,
2763 780 2836 839 ὧν
2875 786 2941 839 τά
2983 787 3110 839 ὄντα
3149 784 3363 847 οἰκείως
3405 785 3619 847 ἑαυτοῖς

2029 880 2345 949 μετέχοντα,
2386 880 2479 933 καὶ
2510 880 2638 932 ὅντα
2671 878 2762 930 καὶ
2787 877 2984 940 ζῶντα,
3031 878 3126 930 καὶ
3159 875 3335 938 ἔνθεα,
3379 877 3472 927 καί
3502 875 3619 926 ἐστι

2024 970 2117 1022 καὶ
2132 969 2367 1037 λέγεται,
2398 971 2490 1022 καὶ
2523 969 2590 1021 τὰ
2618 967 2752 1021 ἄλλα
2782 967 3059 1031 ὡσαύτως.
3089 968 3178 1021 Διὸ
3214 968 3308 1020 καὶ
3333 966 3442 1019 τῶν
3467 965 3620 1033 πρώ-

2021 1078 2129 1113 των
2146 1063 2188 1093 "
2204 1062 2382 1114 αὐτῶν
2393 1064 2420 1114 ὁ
2436 1062 2635 1130 ἀγαθὸς
2650 1062 2957 1132 ὑποστάτης
2970 1061 3184 1129 λέγεται
3201 1056 3355 1112 εἶναι·
3375 1055 3496 1112 εἶτα
3509 1059 3620 1110 τῶν

2020 1153 2157 1206 ὅλων
2176 1153 2376 1216 αὐτῶν,
2411 1149 2530 1206 εἶτα
2553 1154 2660 1206 τῶν
2687 1154 2927 1224 μερικῶν
2952 1153 3128 1206 αὐτῶν
3147 1171 3160 1182 ·
3191 1149 3308 1205 εἶτα
3338 1152 3447 1204 τῶν
3479 1151 3618 1204 ὅλων

2022 1245 2200 1298 αὐτῶν
2229 1245 2583 1316 μετεχόντων,
2613 1240 2730 1297 εἶτα
2772 1244 2881 1297 τῶν
2923 1243 3162 1316 μερικῶς
3190 1243 3370 1296 αὐτῶν
3387 1243 3432 1274 ’⁸
3460 1259 3620 1313 μετε-

2021 1336 2242 1406 χόντων.
2297 1338 2406 1391 Καὶ
2447 1338 2499 1390 τί
2550 1337 2632 1391 δεῖ
2689 1337 2818 1408 περὶ
2874 1338 3078 1390 τούτων
3123 1337 3327 1404 λέγειν;
3375 1337 3512 1389 ὅπου
3555 1335 3618 1402 γέ

2017 1444 2164 1490 τινες
2197 1426 2307 1480 τῶν
2337 1426 2498 1480 θείων
2529 1428 2686 1499 ημῶν
2719 1428 3183 1499 ἱεροδιδασκάλων,
3215 1428 3428 1497 καὶτῆς
3454 1429 3620 1480 αὑτο-

2019 1521 2354 1592 αγαθότητος
2395 1521 2489 1572 καὶ
2519 1520 2771 1584 θεότητος
2804 1520 3112 1589 ὑποστάτην
3145 1521 3274 1589 φασὶ
3314 1520 3405 1572 τὸν
3439 1520 3617 1588 ὑπερ-

2019 1613 2222 1680 άγαθον
2247 1613 2342 1666 καὶ
2373 1612 2658 1682 ὑπέρθεον,
2688 1613 3130 1682 αὐτοαγαθότητα
3154 1613 3245 1664 καὶ
3272 1611 3503 1681 θεὸτητα
3527 1611 3616 1662 λέ-

2020 1720 2208 1771 γοντες
2257 1699 2398 1754 εἶναι
2448 1701 2545 1770 τὴν
2590 1699 2917 1767 ἀγαθοποιὸν
2961 1702 3053 1752 καὶ
3093 1698 3334 1752 θεοποιδν
3371 1701 3434 1750 ὲκ
3475 1695 3616 1748 Θεοῦ

329 1792 590 1858 viventia,
623 1803 677 1847 et
709 1795 889 1848 divina
929 1807 1076 1860 sunt,
1109 1808 1160 1851 et
1197 1799 1471 1861 dicuntur,
1495 1811 1550 1852 et
1577 1799 1834 1853 similiter
1863 1801 1915 1854 in

2024 1794 2456 1866 προεληλυθυῖαν
2492 1792 2734 1864 δωρεάν
2789 1792 2882 1844 καὶ
2929 1791 3255 1852 αὐτοκάλλες
3275 1831 3288 1853 ,
3321 1785 3421 1856 τὴν
3449 1791 3617 1841 αὺτο-

329 1885 470 1959 aliis.
501 1887 866 1952 Quamobrem
897 1889 1072 1942 bonus
1107 1888 1194 1943 ille
1225 1901 1281 1944 et
1313 1890 1552 1958 ipsorum
1582 1906 1703 1959 qua:
1738 1891 1915 1959 prima

328 1988 455 2031 sunt
494 1990 684 2033 auctor
714 1994 836 2034 esse
870 1981 1094 2045 dicitur,
1145 1983 1346 2037 deinde
1384 1999 1574 2037 eormn
1603 2000 1722 2052 qua:
1753 2000 1919 2054 gene-

327 2072 490 2125 ratim
534 2083 588 2126 et
638 2073 892 2127 universe
942 2073 1030 2127 illa
1072 2076 1444 2144 participant,
1493 2086 1680 2144 postea
1721 2092 1910 2131 eorum

325 2179 449 2228 qua:
511 2165 561 2217 in
615 2177 789 2234 parte.
851 2168 957 2222 Sed
1007 2167 1137 2236 quid
1191 2171 1390 2220 attinet
1435 2169 1500 2223 de
1552 2169 1635 2223 his
1685 2170 1912 2224 dicere?

326 2251 591 2319 siquidem
620 2254 862 2308 nonnulli
890 2270 956 2309 ex
985 2263 1188 2311 nostris
1214 2257 1413 2312 divinis
1441 2260 1714 2328 magistris
1741 2260 1907 2314 etiam

329 2340 496 2408 ipsius
548 2358 645 2411 per
694 2359 752 2398 se
807 2344 1067 2399 bonitatis
1117 2362 1180 2400 ac
1229 2350 1449 2403 deitatis
1500 2350 1908 2406 constitutivam

326 2445 525 2489 vocant
569 2450 901 2506 supraquam
966 2439 1163 2492 bonam
1200 2451 1252 2494 et
1301 2453 1632 2509 supraquam
1668 2444 1908 2498 divinant

327 2542 425 2594 ιιι-ι·
462 2543 521 2580 se
554 2527 847 2582 bonitatem
883 2545 948 2585 ac
979 2532 1342 2596 divinitatem,
1374 2536 1618 2590 dicentes
1661 2553 1781 2593 esse
1813 2539 1912 2593 bo-

328 2619 550 2671 nilicum
598 2628 654 2671 et
697 2620 951 2674 deiﬁcum
1001 2623 1198 2676 donum
1257 2639 1285 2676 a
1317 2625 1424 2678 Deo
1477 2628 1802 2694 profectum,
1857 2636 1914 2680 et

2023 1885 2336 1941 καλλοποιὸν
2386 1885 2573 1955 χύσιν’
2619 1885 2713 1936 καὶ
2762 1884 2882 1936 ὅλον
2943 1883 3172 1947 κάλλος,
3233 1882 3326 1935 καὶ
3382 1881 3615 1952 μερικὺν

2019 1979 2212 2042 κάλλος
2237 1995 2249 2008 ·
2304 1978 2400 2030 καὶ
2451 1977 2589 2040 ὅλως
2647 1977 2785 2031 καλά
2811 2016 2826 2040 ,
2869 1977 2962 2029 καὶ⁵
3003 1978 3060 2028 ὲν
3100 1975 3255 2045 μέρει
3296 1973 3474 2026 καλά·
3519 1975 3618 2024 καὶ

2012 2075 2113 2127 ὅσα
2147 2073 2280 2127 ἀλλα
2311 2072 2453 2126 κατά
2485 2074 2576 2125 τὸν
2611 2073 2772 2124 αὑτὸν
2804 2071 3014 2140 εἴρηται
3047 2069 3142 2122 καὶ
3171 2068 3446 2137 εἰρήσεται
3479 2064 3613 2134 τρό-

2023 2183 2134 2229 πον,
2181 2164 2445 2235 δηλοῦντα
2484 2163 2739 2235 προνοίας
2784 2163 2878 2216 καὶ
2931 2160 3272 2229 ἀγαθότητας
3293 2159 3336 2189 ’⁸
3383 2171 3617 2226 μετεχο-

2019 2259 2184 2329 μένας
2233 2257 2337 2310 ὑπὸ
2381 2256 2489 2309 τῶν
2547 2258 2755 2320 ὄντων,
2804 2259 2868 2308 ὲκ
2915 2253 3088 2314 Θεοῦ,
3141 2251 3233 2303 τοῦ
3274 2249 3612 2318 ἀμεθέκτου,

2016 2349 2310 2424 προῖούσας
2365 2349 2586 2420 ἀφθόνῳ
2640 2348 2792 2420 χύσει
2844 2347 2932 2400 καὶ
2984 2343 3460 2415 ὑπερὸλυςεύσας,
3522 2343 3618 2392 ἵνα

2014 2440 2257 2512 ἀκριϐῶς
2303 2442 2332 2494 ὁ
2373 2440 2591 2492 πάντων
2643 2438 2816 2501 αἴτιος
2865 2429 3185 2508 ὲπέκειναῇ
3221 2433 3470 2494 πάντων,
3515 2431 3619 2481 καὶ

2011 2535 2073 2588 τὸ
2125 2532 2471 2604 ὑπερούσιον,
2522 2532 2616 2585 καὶ
2669 2529 2947 2602 ὑπερφυὲς
2994 2529 3171 2596 πάντη
3203 2523 3441 2596 ὑπερέχῃ
3497 2523 3620 2576 τῶν

2014 2627 2136 2680 καθ’
2174 2627 2366 2680 ὁποίαν
2404 2626 2524 2679 τινά
2563 2641 2693 2678 ποτε
2727 2624 2914 2676 οὐσίαν
2946 2624 3038 2675 καί
3069 2621 3249 2690 φύσιν.

327 2726 424 2778 per
459 2727 517 2766 se
553 2712 1035 2781 pulchritudinem,
1086 2732 1185 2787 per
1219 2733 1276 2772 se
1332 2717 1708 2787 pulchriﬁcam
1739 2721 2033 2788 fusionem,
2092 2730 2148 2775 et
2217 2718 2588 2775 universalem
2641 2716 3118 2787 pulchritudinem,
3182 2723 3235 2768 et
3302 2708 3618 2782 particula-

328 2816 440 2854 rcm
495 2802 970 2872 pulchritudinem,
1025 2820 1080 2865 et
1129 2814 1384 2868 universe
1440 2815 1702 2883 pulchra,
1749 2828 1802 2872 et
1860 2819 1912 2872 in
1968 2827 2123 2887 parte
2178 2815 2446 2886 pulchra,
2510 2824 2566 2869 et
2613 2826 2956 2883 quaecunque
3003 2810 3110 2865 alia
3186 2809 3375 2864 eodem
3437 2805 3620 2859 modo

325 2895 466 2948 “icta
502 2907 646 2962 ευιην
678 2907 729 2951 el
759 2898 1029 2964 dicentur.
1068 2920 1186 2972 qua:
1216 2907 1496 2962 declarant
1560 2911 1938 2976 providentias
1986 2921 2044 2966 et
2087 2912 2363 2966 bonitates
2425 2909 2494 2962 ab
2551 2908 2618 2962 iis
2665 2921 2784 2975 qua:
2848 2905 2902 2958 in
2966 2916 3149 2956 rerum
3208 2910 3401 2954 natura
3471 2906 3620 2950 sunt

324 2987 701 3056 participatas,
753 2991 940 3060 aDco,
983 2997 1071 3064 qui
1103 3007 1182 3050 est
1239 3010 1393 3053 extra
1444 3003 1526 3055 sui
1581 3004 2074 3072 participationem,
2136 3003 2284 3074 larga
2354 3002 2625 3057 effusione
2698 2994 3045 3052 ilimanantes
3112 3007 3176 3047 ac
3234 2990 3615 3061 proﬂuentes:

326 3086 385 3128 ut
454 3081 546 3147 qui
604 3092 690 3134 est
763 3101 929 3140 causa
1005 3091 1273 3154 omnium,
1328 3093 1570 3162 perfecte
1619 3095 1691 3149 sit
1733 3097 1870 3150 ultra
1917 3099 2135 3164 omnia;
2182 3108 2239 3153 et
2298 3096 2392 3165 qui
2441 3093 2804 3149 substantiam
2859 3099 2914 3144 et
2984 3097 3232 3141 naturam
3283 3096 3614 3152 exsuperat,

326 3183 389 3224 ex
437 3172 582 3225 omni
637 3185 794 3244 parte
851 3188 904 3232 et
938 3180 991 3233 in
1029 3181 1341 3237 universum
1384 3185 1664 3252 omnibus,
1709 3189 2080 3259 cujuscunque
2131 3187 2452 3245 substantiae
2502 3195 2559 3240 et
2621 3193 2830 3238 natura:
2884 3179 3015 3243 sint,
3071 3174 3380 3231 antecellat.

1471 3564 2015 3623 ADNOTATIUNES
2055 3566 2406 3624 CORDERII.

399 3716 428 3788 §
453 3710 494 3798 1,
523 3716 631 3798 Angit
646 3716 770 3798 ,ἱαηιΔ
790 3717 1026 3798 divinant
1051 3736 1261 3790 pacem,
1289 3732 1344 3775 nt
1367 3725 1762 3798 conciliationis
1789 3728 2098 3796 principem,
2123 3741 2230 3785 etc.
2262 3729 2564 3785 Occasione
2595 3728 2755 3798 huius
2782 3727 2980 3798 capitis
3005 3728 3164 3782 divus
3185 3725 3444 3798 Thomas
3471 3722 3614 3798 2:2.

325 3786 518 3854 quaest.
550 3786 621 3870 ᾖε)
645 3827 660 3849 ,
693 3788 848 3870 ξιξ-ξε]
872 3831 886 3852 ,
918 3786 1060 3870 petit
1080 3804 1266 3870 utrum
1295 3810 1406 3870 pax
1433 3795 1574 3870 i_t_iettt
1603 3796 1684 3870 sit
1716 3786 1860 3866 quod
1885 3786 2209 3862 concordia;
2234 3811 2287 3853 et
2321 3802 2373 3854 in
2413 3817 2641 3870 corpore
2668 3786 2966 3870 respondet
3009 3799 3151 3868 quod
3189 3813 3315 3870 pax»
3342 3794 3606 3870 includat

325 3857 700 3940 concordiam,
734 3857 928 3940 illique
959 3862 1167 3930 aliquid
1203 3857 1390 3940 addat.
1434 3864 1589 3919 Unde
1631 3857 1948 3940 ubicunque
1982 3880 2066 3924 est
2095 3857 2221 3940 pax,
2263 3871 2332 3924 ibi
2379 3883 2461 3925 est
2506 3857 2837 3934 concordia,
2891 3885 2998 3922 non
3027 3857 3228 3922 'tame'n
3267 3868 3602 3936 ubicunque

324 3937 408 4008 est
443 3928 760 4007 concordia,
799 3929 870 3982 Ibi
926 3942 1006 3984 est
1054 3928 1181 4008 pax,
1225 3935 1281 4008 si
1322 3950 1519 3988 nomen
1571 3937 1733 4008 pacis
1776 3928 1995 4006 proprie
2046 3928 2314 3995 suimainr.
2350 3941 2658 3995 Concordia
2695 3928 2841 3994 enini
2876 3941 3094 4008 proprie
3139 3947 3354 4003 sumpta
3391 3928 3608 4008 est-ad

330 3998 587 4058 altcrmn,
617 3997 667 4050 in
697 4009 962 4064 quantum
995 3997 1201 4057 scilicet
1233 3997 1585 4058 diversorum
1607 3997 1858 4060 cordium
1878 3997 2193 4064 'voluntates
2224 4011 2386 4065 simul
2413 4012 2465 4064 in
2494 4027 2660 4066 unum
2696 3997 3030 4065 consensum
3058 3997 3411 4063 conveniunt.
3436 4007 3600 4060 Con-

329 4069 487 4150 tingit
519 4082 648 4120 vero
675 4077 840 4148 etiam
877 4073 1034 4125 unius
1069 4074 1306 4150 hominis
1340 4092 1438 4150 cor
1469 4077 1692 4130 tendere
1727 4079 1780 4131 in
1823 4079 2063 4141 diversa.
2096 4083 2260 4150 idque
2302 4083 2617 4148 dupliciter.
2661 4081 2776 4136 Uno
2826 4081 3046 4150 quidem
3086 4081 3247 4132 modo
3283 4080 3606 4150 secundum

326 4140 569 4218 diversas
621 4141 900 4221 potentias
941 4144 1303 4221 appetitivas,
1342 4146 1484 4221 sicut
1515 4149 1798 4221 appetitus
1847 4140 2142 4204 sensitivus
2170 4140 2513 4221 'plernniqne
2569 4152 2742 4207 tendit
2800 4140 2858 4204 iii
2899 4151 3239 4203 contrarium
3298 4149 3608 4221 rationalis

329 4211 626 4289 appetitus,
657 4209 809 4290 juxta
849 4211 979 4263 illud
1010 4230 1022 4265 :
1065 4215 1206 4290 Caro
1226 4209 1836 4290 concupiscit-(idcum:
1868 4222 2116 4286 spiritum
2145 4209 2208 4287 εξ
2252 4223 2358 4275 alio
2394 4209 2572 4284 modo,
2615 4224 2669 4277 iu
2721 4231 2985 4290 quantum
3020 4238 3122 4274 una
3161 4231 3216 4273 et
3263 4219 3458 4272 eadem
3507 4221 3604 4272 vis

327 4280 625 4346 appetitiva
665 4282 714 4332 in
757 4282 972 4334 diversa
1010 4286 1322 4360 appvtibilia
1375 4288 1570 4360 tendit,
1607 4303 1728 4356 qua:
1778 4280 1940 4343 simul
1976 4280 2206 4360 assequi
2247 4310 2354 4346 non
2390 4280 2612 4360 potest,
2669 4280 2812 4346 un'de
2857 4305 3084 4345 necesse
3132 4301 3215 4344 est
3259 4303 3384 4343 esse
3427 4304 3608 4357 repu-

325 4359 609 4429 gnantiam
654 4361 898 4433 tnotuum
928 4355 1225 4433 appetitus.
1261 4354 1441 4433 Quare
1467 4358 1596 4433 unio
1626 4354 1843 4433 horum»
1870 4354 2235 4416 motuum-est
2283 4354 2500 4433 quidem
2536 4354 2605 4418 de
2645 4365 2862 4417 ratione
2899 4363 3050 4430 pacis
3076 4402 3090 4420 .
3137 4377 3246 4414 non
3303 4354 3503 4411 tamen
3529 4362 3606 4412 de

329 4422 908 4502 rationeconcor-due;
947 4425 1089 4501 unde
1132 4427 1424 4502 concordia
1466 4427 1723 4502 importat
1753 4431 2012 4484 unionem
2053 4422 2392 4501 appetituitm
2425 4435 2768 4488 diversorum
2811 4422 3216 4502 appetentium,
3262 4445 3369 4499 pax
3403 4441 3602 4484 autem

325 4506 504 4573 supra.
541 4493 678 4573 ltiti-tt“.
715 4493 969 4573 unionem
1002 4495 1259 4573 ituportat
1287 4497 1454 4550 etiam
1492 4493 1832 4573 appetitunm
1859 4493 2102 4573 ejtisdetii
2126 4493 2445 4573 appetentis
2477 4505 2757 4573 unionem.

396 4562 564 4641 lbida:
606 4560 683 4641 De
714 4563 829 4640 ipsa
880 4564 1049 4632 igitur
1079 4560 1275 4641 uicina
1310 4583 1437 4633 pace
1477 4560 1816 4641 uenientia.
1847 4560 1956 4625 εἷο.
2009 4572 2107 4628 Ubi
2168 4560 2291 4628 nota
2337 4591 2460 4627 cum
2513 4575 2574 4628 υ.
2613 4572 2850 4637 Thoma,
2881 4573 3080 4628 divina:
3126 4573 3243 4641 paci
3301 4571 3600 4625 silentium

325 4632 720 4712 adjupgi,q_uia
750 4633 965 4712 signum
997 4632 1520 4712 perturbata:_p:icis
1555 4640 1697 4712 solet
1723 4655 1855 4712 esse
1896 4645 2165 4712 strepitus
2193 4656 2247 4698 et
2289 4645 2519 4699 clamor.
2557 4645 2645 4698 Ait
2685 4632 2865 4698 autem
2896 4660 3083 4712 pacem
3128 4632 3270 4696 hanc
3315 4660 3342 4695 a
3391 4655 3601 4698 sancto

325 4702 584 4784 quodam,
617 4700 771 4755 Justo
809 4700 1578 4784 nomine,insultantiaaneu
1619 4700 2054 4784 ineﬂ‘abtlitatetit
2105 4715 2194 4766 Dei
2241 4717 2586 4784 nuncupari;
2617 4717 2744 4784 quia
2778 4700 2993 4769 selli'cet
3038 4731 3212 4784 neque
3255 4729 3354 4766 nos
3417 4713 3598 4768 Deum

324 4771 480 4851 elfari
515 4788 828 4854 possumus,
861 4790 1038 4854 neque
1073 4777 1187 4845 ipse
1215 4778 1293 4830 sic
1323 4793 1381 4831 se
1411 4776 1608 4832 cffatur
1647 4783 1822 4846 nimis,
1859 4793 1916 4835 ut

2021 4801 2044 4837 s
2089 4784 2266 4852 ipsum
2298 4771 2595 4841 secundum
2635 4771 2784 4854 'quod
2832 4795 2915 4837 est
2963 4771 3204 4854 perfecte
3251 4799 3600 4852 cognOsCere

327 4842 618 4921 possinms.
652 4843 912 4912 Adpmgit
937 4842 1104 4923 etiam
1134 4849 1253 4916 paci
1277 4850 1720 4923 immobilitatem
1754 4842 1847 4905 Dei
1873 4855 1941 4906 ad
1973 4842 2189 4908 omnem
2223 4873 2542 4923 processum
2575 4842 2674 4923 qui
2712 4873 2740 4907 a
2780 4856 2935 4909 nobis
2963 4842 3360 4923 cognoscitur“;
3396 4870 3600 4922 quam-

326 4915 408 4965 vis
456 4914 600 4998 en‘im
633 4927 932 4998 procedere
976 4914 1542 4998 dicaturﬂsecundum
1588 4923 1730 4988 quod
1785 4914 2422 4998 suam_similitudinem
2477 4914 2641 4998 51-5
2689 4929 2760 4998 in
2794 4941 2880 4980 res
2920 4914 3428 4998 dilItiiiilit,_tattieti
3475 4927 3600 4994 ipse

325 4986 877 5066 seepnduin.oinne'm
910 4985 1226 5066 huiusmodi
1258 5005 1579 5066 processum
1608 4985 1706 5066 seu
1739 4996 2149 5066 etnanationem
2186 4997 2239 5049 in
2283 4999 2463 5066 seipso
2478 4985 2795 5050 Tiniiiobilis
2827 5008 3033 5057 manet.
3067 4998 3141 5049 uti
3181 4985 3253 5048 'S.
3287 4985 3597 5064 Dionysius

325 5052 564 5138 {infestis
595 5053 936 5134 liierarchiw,
969 5052 1092 5124 cap.
1129 5074 1168 5121 ι,
1202 5058 1230 5130 §
1260 5052 1328 5138 ii,
1354 5077 1589 5138 qttoque
1622 5064 1831 5138 docuit.
1861 5065 2032 5138 liecte
2070 5079 2251 5120 atttem
2286 5052 2468 5138 quies,
2498 5069 2853 5120 immohihtas
2878 5077 2935 5120 et
2975 5052 3254 5121 silentium
3290 5070 3414 5134 paci
3432 5052 3593 5122 ’ροη-

319 5125 659 5206 jtttlgtt-ttlu‘r;
694 5126 818 5192 quia
851 5139 913 5176 ea
941 5125 1283 5206 quaepacem
1319 5125 1543 5196 habent,
1579 5134 1681 5186 hoc
1716 5135 1830 5202 ipso
1853 5152 1917 5202 qu

2021 5153 2094 5190 :m
2132 5125 2371 5206 aliquam
2407 5125 2610 5192 habere
2642 5140 2916 5190 videntur.

396 5194 438 5275 δ.
461 5193 542 5278 lll.
585 5194 690 5249 Sed
720 5193 1004 5278 quomodo.
1034 5193 1168 5252 dicet
1199 5201 1414 5276 aliquis,
1444 5193 1552 5278 etc.
1588 5193 1793 5278 Move't_
1820 5193 1910 5260 hic
1961 5193 2391 5273 dubitationem,
2435 5211 2711 5277 quomodo
2737 5208 2868 5278 rdici
2907 5209 3123 5278 possint
3162 5208 3349 5260 omnia
3394 5221 3596 5278 pacem

321 5267 665 5348 desiderare,
698 5283 822 5321 cum
867 5275 1017 5348 tanta
1053 5267 1388 5348 appetitnnm
1423 5272 1713 5327 dissensio.
1749 5275 1902 5329 Hanc
1940 5281 2185 5331 eanidem
2229 5267 2584 5348 quaestionem
2631 5295 2694 5333 ex
2731 5267 2993 5347 Dionysio
3031 5290 3212 5334 movet
3243 5267 3587 5332 divu§Tho-

319 5353 436 5391 mas
473 5337 596 5406 2-2,
653 5346 851 5409 qua-st.
882 5337 973 5406 29,
1011 5337 1234 5395 articul.
1265 5341 1325 5408 2,
1354 5352 1554 5396 etcum
1589 5347 1781 5400 eodem
1829 5348 1884 5402 in
1936 5363 2169 5416 corpore
2218 5337 2533 5421 réspondet,
2558 5366 2628 5404 ex
2677 5351 2778 5404 hoc
2820 5337 2936 5417 ipSo
2977 5352 3124 5421 quod
3171 5351 3335 5404 homo
3372 5349 3584 5416 aliquid

441 5491 464 5518 ε
488 5493 668 5551 eam.
703 5511 759 5566 ν,
797 5498 883 5553 l7.

1595 5619 1828 5676 VARIA'Z
1867 5620 2271 5680 LECTIONES.

393 5725 437 5753 ’⁵
471 5721 563 5778 οὖν
601 5739 824 5810 nonest
849 5728 901 5810 in
932 5729 987 5782 S.
1022 5731 1081 5784 l).
1178 5732 1219 5764 ³⁷
1258 5735 1362 5788 τῶν
1399 5752 1506 5791 non
1537 5744 1616 5790 est
1643 5737 1691 5791 in
1740 5738 1798 5792 D.
1841 5736 2068 5810 πρώτως
2126 5743 2326 5797 habent
2378 5740 2431 5796 S.
2492 5739 2549 5799 P.
2590 5742 2711 5797 Sar.

322 5809 512 5862 γετεχ.
620 5801 663 5830 ¹⁹
700 5801 1049 5869 ἀγαρὸτητος.

2814 5741 2855 5773 ³⁸
2891 5735 3006 5794 εἶτα
3041 5741 3146 5794 τῶν
3179 5741 3372 5807 ὑλικῶς
3410 5745 3593 5798 αὐτῶν
