3866 6232
255 274 353 335 ππ
979 283 1068 338 DE
1100 283 1352 341 DIVlNlS
1385 283 1784 351 NOMINIBUS,
1820 282 1974 341 CAP.
2008 283 2102 341 XI.
2137 315 2207 326 —
2237 284 2566 342 CORDERII
2599 285 2832 345 NOTAE.
3419 292 3522 348 938

271 401 505 467 appetit,
547 415 893 471 consequens
951 417 1094 468 esse,
1120 404 1296 472 ipsum
1344 413 1600 471 appetere
1626 406 1745 474 ejus
1781 406 1925 473 quod
1957 405 2162 473 appetit
2195 407 2625 469 assecutionem,
2649 414 2703 460 et
2737 421 2834 474 per
2861 419 3224 474 consequens,
3253 411 3521 464 remotio--

266 488 400 548 ιιιιιιιΔ
420 487 607 525 eorum
639 489 758 548 qua!
782 475 1183 548 assecutionem
1205 476 1470 548 impedire
1505 486 1750 548 possunt.
1785 476 1971 530 Potest
1992 485 2173 529 autem
2198 477 2454 548 impediri
2483 475 2757 530 assecutio
2786 476 2909 530 boni
2937 478 3231 532 desiderati
3265 494 3361 548 per
3387 496 3522 535 con-

267 542 500 615 trarium
531 544 830 610 appetitum
863 545 946 599 vel
976 546 1058 598 sui
1083 546 1256 613 ipsius
1285 542 1366 598 vel
1397 545 1658 611 alterius;
1697 555 1752 600 et
1792 557 2088 615 utrumque
2119 542 2328 600 tollitur
2357 563 2452 613 per
2479 562 2691 614 paceni,
2724 548 2866 600 sicut
2896 563 3058 615 supra
3084 542 3289 602 dictum
3329 562 3438 614 est,
3468 561 3524 605 et

266 614 647 689 'deo_ner_esse
678 623 762 689 est
794 626 853 666 nt
878 631 1041 667 omne
1073 624 1586 689 appetensappetat
1621 632 1843 688 pacem;
1881 619 1931 671 in
1965 614 2233 685 quantum
2266 614 3187 689 scilicetomne:ipp‘etensiappetit
3221 621 3520 689 tranquille

275 693 324 735 et
359 683 476 734 sine
511 683 904 760 impedimento
933 686 1319 760 pervenireail
1343 686 1394 760 id
1425 683 1568 755 qiiod
1594 683 1819 760 appetit,
1865 689 1916 741 in
1946 683 2055 758 quo
2086 689 2340 760 consistit
2377 688 2519 740 ratio
2551 687 2721 760 pacis.
2753 687 2906 760 Unde
2947 683 3232 760 illi_'etiam
3257 683 3519 760 qui'bella

270 763 528 825 quierunt
557 763 612 806 et
636 754 1032 818 dissensiones,
1064 771 1169 809 non
1209 754 1526 812 desiderant
1559 754 1676 812 nisi
1696 773 1886 824 pacem
1908 798 1923 820 ,
1957 754 2118 825 quam
2150 773 2208 812 se
2249 757 2449 811 habere
2497 773 2603 810 non
2639 759 2979 813 existimant.
3012 758 3083 813 Ut
3127 754 3289 814 eiiini'
3318 761 3520 816 dictum

275 833 360 874 est
394 823 420 892 §
448 822 501 898 _l,
538 839 643 876 non
674 835 756 879 est
791 839 895 898 pax
923 826 968 879 si
1003 827 1128 894 quis
1160 842 1283 880 cum
1315 827 1423 880 alio
1453 822 1753 883 concordet
1781 822 2052 884 contra—id
2085 828 2228 895 quod
2256 829 2371 896 ipse
2402 829 2572 898 magis
2606 828 2786 882 vellet.
2815 827 2882 882 Et
2919 831 3041 884 ideo
3081 832 3336 885 homines
3365 847 3514 898 qua:—

278 904 409 969 _runt
446 896 977 969 liancAconcordiam
1016 911 1269 966 rumpere
1300 898 1569 960 bellando,
1604 909 1862 966 tanquam
1896 899 2167 952 defectum
2203 899 2354 966 pacis
2397 897 2716 961 habentem,
2748 909 2806 951 ut
2838 899 2904 953 ad
2937 917 3125 968 paceni
3177 896 3520 969 perveniant,

277 964 467 1040 inqua
503 965 638 1018 nihil
662 981 852 1040 eorum
887 964 1154 1040 voluntati
1209 979 1506 1037 repugnet;
1538 979 1593 1040 ct
1639 964 1862 1040 propter
1888 964 2215 1040 hoc_onines
2267 969 2537 1022 bellantes
2589 978 2841 1034 quierunt
2885 964 2982 1036 per
3026 964 3281 1025 bella-aii
3331 964 3520 1040 paceni

274 1036 516 1109 aliquam
547 1035 835 1109 pervenire
867 1036 1256 1109 perfectiorem
1276 1035 1449 1105 quam
1483 1035 1969 1108 pritis'babebant.
1993 1037 2168 1092 Porro
2193 1054 2314 1092 cum
2347 1055 2448 1109 pax
2473 1041 2743 1094 consistat
2775 1041 2826 1092 in
2856 1035 3196 1101 quietatione
3224 1051 3280 1095 et
3311 1035 3521 1096 unione

279 1108 594 1179 appetitus;
631 1106 771 1159 sicut
803 1108 1072 1179 appetitus
1101 1117 1280 1175 potest
1301 1125 1422 1163 esse
1451 1106 1776 1178 simpliciter
1803 1110 1952 1174 boni,
1978 1109 2062 1164 vel
2095 1109 2221 1165 boni
2263 1106 2600 1178 appareiitis,
2631 1110 2706 1163 ita
2737 1109 2902 1163 etiam
2938 1126 3039 1178 pax
3074 1121 3248 1179 potest
3279 1126 3402 1167 esse
3432 1114 3520 1167 vel

272 1192 431 1250 vera,
460 1177 546 1230 vel
579 1190 874 1250 apparens.
906 1176 1044 1250 Vera
1071 1179 1288 1244 quidem
1321 1195 1424 1247 pax
1461 1176 1574 1234 non
1610 1190 1788 1250 potest
1814 1195 1934 1234 esse
1970 1180 2072 1234 nisi
2098 1181 2246 1234 circa
2288 1176 2586 1248 appetitum
2619 1179 2733 1233 veri
2765 1180 2887 1234 botii
2919 1176 3257 1249 (qtiia'omne
3290 1184 3516 1244 malum,

273 1249 382 1320 etsi
418 1247 717 1303 secundum
752 1247 953 1320 aliquid
990 1258 1251 1320 appareat
1305 1251 1529 1313 bonum,
1562 1247 1705 1307 unde
1753 1267 1820 1307 ex
1851 1251 2031 1319 aliqua
2074 1260 2232 1320 parte
2265 1247 2562 1318 appetitum
2598 1251 2828 1318 quietet,
2885 1247 3050 1304 habet
3093 1262 3271 1306 tamen
3318 1253 3521 1308 multos

274 1319 545 1391 defectus.
577 1331 642 1391 ex
684 1318 887 1386 quibus
916 1319 1188 1388 appetitus
1219 1331 1469 1375 remanet
1504 1321 1781 1390 inquietus
1803 1331 1857 1376 et
1879 1318 2299 1391 perturbatur);
2328 1321 2473 1373 unde
2500 1335 2598 1388 pax
2645 1334 2778 1374 vera
2810 1336 2920 1374 non
2962 1329 3139 1389 potest
3174 1337 3294 1376 esse
3326 1325 3426 1378 nisi
3465 1325 3520 1379 in

278 1387 461 1455 bonis,
492 1397 548 1442 et
597 1388 900 1460 bonorum;
935 1387 1035 1457 pax
1069 1398 1252 1444 autem
1281 1405 1402 1457 quae
1447 1387 1715 1446 malorum
1746 1387 1999 1456 estfest
2041 1407 2144 1460 pax
2198 1387 2511 1459 apparens,
2544 1401 2605 1460 et
2653 1405 2762 1443 non
2796 1387 3129 1445 veraﬁUnde
3173 1395 3375 1448 dicitur
3415 1394 3520 1448 Sa-

275 1460 447 1524 pieut.
483 1473 598 1521 xiv,
631 1457 706 1512 ‘22
733 1472 759 1531 ι
781 1455 1066 1531 Ιηληιὶιθιιο
1111 1455 1334 1513 viventes
1371 1461 1666 1516 inscientia:
1694 1455 1861 1525 bello,
1885 1470 1960 1515 tot
1991 1455 2177 1516 el‘tam
2213 1455 2404 1530 inagna
2445 1459 2584 1512 mula
2616 1477 2795 1529 pacem
2842 1463 3130 1529 appellant.
3170 1461 3306 1517 Cum
3357 1464 3523 1531 igitur

273 1544 408 1583 vera
445 1545 548 1598 pax
582 1545 686 1582 non
719 1529 790 1581 sit
819 1529 921 1600 nisi
971 1530 1038 1582 de
1084 1531 1251 1592 bono,
1277 1532 1420 1585 sicut
1467 1532 1758 1599 dupliciter
1794 1534 2028 1586 habetur
2059 1547 2242 1585 verum
2296 1529 2526 1592 bonum,
2569 1531 2785 1585 scilicet
2809 1535 3048 1599 perfecte
3072 1542 3127 1587 et
3174 1529 3519 1600 imperfecte,

276 1600 353 1652 ita
385 1601 554 1653 etiam
585 1610 669 1652 est
715 1598 911 1668 duplex
945 1615 1050 1673 pax
1084 1615 1230 1655 vera.
1262 1600 1377 1655 Una
1421 1598 1640 1670 quidem
1677 1602 1945 1673 perfecta,
1976 1618 2099 1673 quae
2149 1601 2404 1673 consistit
2446 1601 2496 1653 iii
2545 1601 2781 1669 perfecta
2822 1602 3080 1656 fruitione
3130 1598 3330 1657 sumini
3366 1607 3516 1669 boni,

273 1685 377 1738 per
403 1684 789 1742 quaiiiomues
813 1671 1087 1742 appetitus
1130 1675 1414 1737 uniuntur,
1448 1671 1688 1742 quietati
1712 1673 1764 1727 in
1801 1690 1945 1728 uno:
1993 1671 2050 1727 et
2078 1673 2167 1727 liic
2212 1682 2296 1724 est
2328 1672 2554 1724 ultimus
2600 1673 2722 1725 linis
2767 1683 3037 1742 creaturae
3071 1675 3393 1739 rationalis,
3436 1693 3526 1730 se-

274 1738 515 1813 cundum
551 1739 678 1813 illud
715 1738 914 1813 Psalmi
953 1755 1154 1802 exuit,
1190 1742 1256 1794 14
1283 1758 1298 1813 ι
1336 1743 1438 1808 Qui
1465 1738 1640 1812 posuit
1668 1745 1799 1813 ﬁnes
1831 1753 1949 1797 tuos
1977 1759 2179 1812 pacem.
2207 1741 2328 1813 Alia
2363 1756 2494 1794 vero
2521 1750 2601 1795 est
2637 1757 2739 1810 pax
2769 1741 3112 1809 imperfecta,
3139 1760 3260 1811 quie
3293 1745 3526 1799 habetur

275 1809 332 1862 in
369 1812 468 1863 hoc
517 1810 754 1884 mundo;
785 1810 938 1880 quia,
974 1813 1074 1865 etsi
1123 1812 1445 1884 principalis
1469 1809 1677 1869 animae
1716 1824 1900 1869 motus
1930 1809 2174 1884 quiescat
2205 1813 2259 1866 in
2292 1812 2425 1876 Deo,
2457 1822 2585 1865 sunt
2623 1809 2802 1866 tamen
2828 1814 2935 1865 alia
2973 1809 3338 1884 repugnantia
3376 1815 3526 1871 intus

269 1889 332 1934 et
356 1893 516 1950 extra
546 1895 666 1949 quae
696 1881 836 1935 lianc
877 1895 1064 1949 pacein
1097 1882 1438 1950 perturbant.

351 1949 561 2024 itaque,
593 1959 653 2024 ut
682 1966 749 2005 ex
783 1951 852 2024 iis
880 1966 1009 2024 quae
1032 1949 1133 2006 hoc
1156 1953 1337 2024 capit_e
1369 1954 1621 2024 exposita
1661 1965 1813 2015 sunt.
1849 1955 2090 2009 breviter
2115 1952 2315 2007 divinat
2370 1954 2522 2021 pacis
2546 1954 2910 2021 proprietates
2959 1953 3318 2024 Cyparissioti
3345 1956 3527 2011 verbis

270 2022 575 2096 exﬁecade
602 2021 655 2085 5i
684 2036 804 2096 Cap,
830 2023 884 2084 8,
911 2023 1250 2096 colligamus.
1288 2022 1385 2096 Est
1422 2021 1666 2092 quidem,
1701 2027 1901 2096 inquit,
1934 2041 2038 2095 pax
2087 2025 2294 2096 divina,
2319 2040 2439 2096 quae
2469 2025 2684 2096 diversa
2714 2025 2883 2077 nectit
2919 2025 2970 2077 in
3004 2021 3192 2079 'tinuit'i
3240 2026 3409 2091 (dicta
3441 2038 3529 2081 est

272 2093 426 2145 enim
456 2094 844 2161 congregatrix
870 2099 924 2144 et
952 2093 1258 2162 colligatrix
1291 2093 1503 2150 illorum
1551 2099 1717 2150 etiam
1764 2093 1885 2165 quae
1932 2093 2168 2149 maxime
2211 2095 2413 2148 diversi
2463 2095 2682 2165 generis
2723 2104 2778 2165 et
2821 2104 3023 2165 natura:
3048 2095 3223 2164 sunt),
3250 2097 3418 2150 multa
3468 2099 3522 2150 in

274 2171 778 2236 temperamentum
805 2167 1187 2225 commiscens,
1217 2179 1320 2236 non
1348 2167 1573 2220 confuse
1599 2164 2090 2236 nequepertniste,
2124 2166 2219 2219 sed
2247 2179 2474 2219 servatis
2507 2166 2557 2216 in
2587 2164 2816 2233 singulis
2839 2164 3231 2220 universitates
3258 2165 3310 2218 iii
3350 2183 3520 2220 unum

277 2233 480 2286 mentis
525 2231 826 2301 simplicem
862 2244 1186 2304 conceptum
1223 2234 1458 2291 reducit.
1510 2236 1575 2290 Ut
1613 2231 1736 2290 cuin
1771 2231 1980 2300 album,
2018 2231 2079 2289 v.
2120 2251 2176 2304 g.
2222 2246 2277 2288 et
2321 2236 2535 2304 nigrum
2567 2231 2903 2303 exterasque
2947 2237 3157 2304 species
3210 2237 3414 2291 coloris
3464 2239 3520 2291 in

272 2319 447 2375 unum
474 2313 797 2375 conceptum
821 2303 1120 2372 simplicem
1151 2304 1349 2359 coloris
1372 2322 1527 2362 mens
1568 2309 1802 2369 reducit,
1835 2303 2250 2362 universitatem
2277 2303 2496 2372 generis
2539 2305 2593 2358 in
2628 2305 2710 2359 eis
2746 2303 3179 2375 servatg’neque
3215 2308 3358 2360 enim
3389 2323 3525 2362 con-

264 2374 555 2446 venientia
591 2375 643 2425 in
683 2374 1038 2431 universitate
1080 2377 1298 2442 generis
1349 2377 1635 2432 confundit
1663 2379 1914 2446 species;
1967 2391 2146 2446 neque
2176 2377 2466 2429 diversitas
2516 2377 2717 2444 speciei
2771 2375 2911 2429 tollit
2959 2374 3409 2432 convenientiam
3470 2379 3524 2432 iti

272 2444 659 2517 universitate,
690 2446 784 2517 sed
815 2446 928 2500 hiec
960 2446 1249 2517 consensio
1280 2456 1334 2500 et
1363 2444 1712 2504 concentusa
1751 2465 1887 2517 pace
1914 2444 2102 2501 divitia
2132 2446 2521 2515 proficiscitur.

346 2514 551 2588 Deinde
588 2514 705 2588 haec
733 2515 917 2588 divina
943 2531 1048 2586 pax
1075 2516 1238 2568 veluti
1274 2519 1526 2574 unionem
1557 2514 1940 2588 multiplicium
1967 2529 2022 2573 et
2051 2514 2397 2572 diversarum
2426 2531 2619 2570 vocum
2643 2526 2698 2570 et
2723 2531 2982 2572 sonorum
3017 2517 3195 2573 instar
3219 2529 3527 2574 concentus

268 2595 330 2641 et
368 2585 708 2659 symphoniae
739 2585 1106 2654 pulcherrime
1138 2588 1381 2653 cetilicit,
1409 2590 1543 2643 nihil
1589 2605 1653 2644 ex
1708 2585 1861 2659 gravi
1917 2597 2011 2642 aut
2042 2596 2201 2642 acuto
2234 2588 2524 2640 demutans
2551 2626 2567 2650 ,
2617 2589 2714 2659 sed
2740 2591 2918 2656 potius
2966 2603 3193 2644 manent
3223 2601 3524 2645 sccumtunt

271 2658 681 2730 naturatnsine
709 2659 1046 2730 confusione
1088 2666 1355 2730 aptatam,
1387 2670 1448 2714 ut
1484 2658 1835 2730 ingeneretur
1864 2659 2161 2728 ceptilatio,
2210 2658 2815 2730 supraqUam__cogitai-i
2851 2666 3050 2730 potest,
3080 2663 3368 2715 amatoriis
3396 2663 3524 2729 qui-

274 2728 510 2780 busdam
547 2725 844 2799 illecebris,
885 2729 970 2782 vel
1006 2728 1192 2781 nescio
1223 2731 1350 2796 quid
1394 2725 1634 2785 divinius
1679 2733 1879 2795 dicam,
1911 2725 1964 2783 iii
1997 2731 2251 2782 unionem
2282 2732 2520 2780 redacta.
2555 2726 2630 2799 lix
2655 2725 2865 2795 quibus
2889 2729 2947 2781 lit
2975 2731 3347 2796 manifestum,
3376 2725 3521 2799 quod

273 2814 405 2866 pax,
437 2805 493 2850 et
541 2797 874 2920 magnitudo,
911 2810 967 2854 et
996 2802 1258 2867 parvitas,
1294 2809 1348 2852 et
1375 2804 1558 2864 statio,
1593 2810 1646 2854 et
1695 2811 1894 2864 motus,
1951 2809 2007 2854 et
2054 2800 2192 2852 idem
2234 2812 2380 2858 esse,
2430 2807 2484 2849 et
2521 2796 2797 2850 diversum
2844 2813 3000 2862 esse,
3047 2809 3102 2853 et
3162 2796 3418 2864 similem,
3471 2810 3526 2854 et

273 2867 599 2920 dissimilem
665 2883 761 2920 nec
816 2871 1002 2920 omnia
1037 2885 1142 2920 una
1172 2884 1276 2920 oax
1321 2883 1449 2920 sunt
1483 2876 1534 2920 in
1568 2871 1696 2920 Deo.
1732 2872 1941 2920 Idcirco
1969 2881 2032 2920 et
2052 2870 2140 2920 hic
2175 2879 2230 2920 et
2256 2870 2390 2920 alias
2411 2867 2561 2920 clare
2589 2868 2792 2920 dictum
2819 2879 2875 2920 et
2899 2870 3330 2920 demonstratum
3367 2883 3450 2920 est
3494 2892 3523 2920 ιι

271 2867 599 2922 dissimilem
646 2867 761 2921 haec
816 2871 1002 2924 omnia
1037 2885 1142 2922 una
1171 2884 1276 2937 pax
1321 2883 1449 2926 sunt
1483 2876 1534 2924 in
1567 2871 1696 2926 Deo.
1732 2872 1941 2926 idcirco
1969 2881 2032 2924 et
2052 2870 2140 2924 hic
2175 2879 2230 2922 et
2256 2870 2390 2920 alias
2411 2867 2561 2920 clare
2589 2868 2792 2920 dictum
2819 2879 2875 2920 et
2899 2870 3330 2926 demonstratum
3367 2883 3450 2925 est
3494 2892 3523 2925 a

281 2938 570 3012 Dionysio,
602 2939 709 3012 alia
742 2947 799 2993 et
837 2941 1143 3012 contraria,
1167 2941 1349 3012 omnia
1376 2947 1566 2996 eodem
1599 2943 1756 2996 modo
1785 2955 1837 2995 et
1862 2942 2032 3007 unite,
2058 2950 2111 2993 et
2137 2939 2278 2991 nulla
2304 2937 2668 3008 duplicatioite
2695 2937 2748 2991 in
2778 2939 2888 2992 Deo
2911 2957 3065 3009 esse;
3096 2952 3273 2996 tamen
3302 2945 3368 2998 ab
3408 2943 3526 3012 ipso

273 3011 542 3078 producta
569 3008 774 3062 variata
800 3025 940 3076 esse,
976 3011 1045 3064 ab
1083 3011 1213 3079 ipsis
1235 3014 1669 3067 enianationibus
1701 3013 2070 3066 diversitatem
2099 3022 2280 3064 nacta.

348 3079 446 3132 Est
479 3081 644 3148 igitur
694 3079 872 3146 Deus,
909 3091 967 3134 ut
993 3082 1147 3150 prius
1193 3081 1628 3137 demonstratum
1673 3094 1779 3147 est,
1828 3085 1970 3137 sicut
2015 3081 2347 3143 substantia,
2380 3095 2544 3148 quam
2579 3093 2759 3152 neque
2803 3081 2985 3137 verbis
3031 3083 3366 3152 exprimere,
3423 3100 3526 3138 nec

273 3151 487 3218 eloqui,
518 3165 621 3205 nec
650 3165 983 3224 cognoscere
1026 3167 1334 3221 possumus,
1363 3157 1443 3208 sic
1471 3155 1636 3208 etiam
1684 3155 1863 3208 divina
1894 3152 2015 3221 ejus
2041 3166 2183 3218 pax;
2217 3161 2501 3224 praeterea
2531 3151 2800 3219 sapientia
2856 3152 2976 3220 ejus
3019 3163 3076 3206 et
3105 3151 3228 3224 ’vita
3277 3157 3418 3224 ejus,
3471 3166 3523 3208 et

273 3236 617 3296 quiscunque
655 3221 761 3296 alia
788 3223 1152 3296 absoluta,et
1196 3237 1534 3294 quaecunque
1567 3241 1714 3278 nunc
1746 3226 1810 3296 in
1845 3226 1955 3293 ipsa
1983 3224 2247 3296 videntur
2299 3222 2599 3296 secundum
2645 3226 3095 3296 contrarietatem
3130 3221 3336 3280 elferri'.
3383 3225 3527 3278 Lau-

274 3292 476 3366 ciamus
502 3300 681 3366 autem
716 3292 858 3347 hanc
887 3294 1184 3366 secundum
1225 3292 1680 3363 participatione-5
1710 3295 1827 3363 ejus
1865 3292 2172 3349 ititelleCIas
2198 3301 2254 3343 et
2282 3293 2591 3366 nominatas
2616 3309 2631 3356 ;
2673 3294 2729 3366 id
2754 3304 2858 3356 est,
2881 3293 3174 3348 laudamus
3203 3298 3272 3349 ab
3305 3296 3370 3349 iis
3401 3311 3523 3366 qua:

278 3363 720 3437 produxit,quw
749 3366 850 3417 sub
889 3364 1299 3437 intelligentiam
1327 3367 1552 3429 radunt,
1585 3378 1638 3419 et
1663 3381 1785 3437 qua:
1822 3366 1922 3418 sub
1952 3379 2197 3425 sciisuni,
2229 3363 2427 3430 quibus
2463 3377 2562 3437 nos
2596 3378 2663 3416 ex
2698 3365 2763 3416 iis
2789 3379 2909 3432 qua:
2951 3366 3204 3437 videntur
3238 3363 3524 3428 instructi.

274 3433 344 3490 ad
370 3435 759 3503 cogitationem
806 3449 1130 3503 magnorum
1161 3436 1427 3490 donorum
1469 3451 1586 3504 ejus
1619 3433 1961 3500 deducimur,
1993 3437 2141 3504 ipsas
2172 3447 2268 3500 per
2300 3447 2360 3486 ae
2410 3433 2643 3500 primum
2693 3442 2945 3488 actiones
2974 3436 3157 3488 atiiino
3192 3447 3474 3491 versantes
3506 3455 3520 3491 ε

277 3517 339 3560 ιιι
369 3506 414 3558 si
445 3505 570 3573 quis
605 3508 840 3576 primum
867 3517 1176 3560 creaturam
1208 3507 1289 3560 vel
1336 3503 1518 3561 mundi
1554 3511 1822 3561 fabricam
1852 3503 2028 3574 ipsam
2077 3519 2189 3576 per_
2218 3518 2278 3556 se
2320 3505 2544 3572 cogitet,
2580 3503 2725 3556 velut
2757 3506 3029 3576 actionem
3070 3505 3163 3559 Dei
3209 3519 3264 3560 et
3315 3519 3525 3561 motuni

275 3579 521 3648 intuens,
549 3574 744 3631 deinde
778 3592 1098 3648 sermonem
1145 3579 1212 3630 ad
1257 3581 1522 3646 producta
1549 3587 1605 3632 et
1652 3588 1836 3633 creata
1885 3575 2104 3629 referat.
2136 3574 2516 3648 VCOIISCIIVlltills
2548 3584 2728 3626 autem
2778 3591 2966 3648 secum
3011 3575 3153 3629 idem
3205 3578 3523 3648 Dionysius,

275 3645 441 3718 515
477 3649 619 3701 sicut
649 3649 705 3700 iit
739 3647 880 3710 aliis,
919 3649 993 3700 ita
1034 3657 1090 3700 et
1120 3645 1286 3713 nunc,
1321 3649 1542 3702 nomina
1574 3651 1731 3718 ponit
1757 3665 1878 3702 cum
1904 3647 2259 3716 adjunctione
2280 3645 2598 3708 delinieute,
2635 3659 2734 3713 per
2766 3661 2827 3700 se
2861 3646 3007 3710 vitae,
3040 3656 3174 3712 etc.,
3208 3645 3365 3717 quin,
3397 3652 3526 3717 quia

275 3737 449 3788 supra
473 3719 742 3786 explicata
777 3727 924 3776 sunt.
958 3734 1062 3772 non
1097 3720 1414 3788 repetimus.

350 3789 379 3862 §
419 3787 500 3844 Vl.
542 3783 682 3853 Quid
713 3789 968 3862 appellent
1003 3805 1097 3858 per
1118 3783 1179 3862 ge
1227 3806 1359 3854 esse,
1393 3799 1503 3846 etc.
1546 3789 1690 3862 _\lide
1731 3805 1851 3858 quae
1890 3788 2139 3862 superius
2174 3802 2295 3862 cap.
2324 3785 2384 3849 5,
2435 3785 2467 3862 ᾗ
2503 3784 2567 3848 4,
2599 3786 2654 3840 in
2707 3783 3155 3862 adnotationibus
3195 3789 3336 3843 dicta
3376 3799 3525 3844 sunt.

276 3856 380 3916 me
425 3869 630 3913 tantoin
686 3856 914 3930 observa
961 3856 1083 3913 cum
1117 3857 1390 3915 Turriano
1419 3863 1487 3916 ad
1530 3856 2164 3930 Cyparissiotie,'decad.
2197 3860 2250 3926 8,
2286 3873 2408 3927 cap.
2433 3856 2690 3930 5,_quam
2742 3856 3062 3924 ingeniose,
3103 3878 3223 3928 qua:
3279 3863 3430 3913 l'lato
3472 3865 3524 3912 in

273 3933 479 3988 Timaeo
507 3940 560 3984 et
591 3929 907 3983 Parmenide
950 3931 1171 3998 scripsit
1206 3934 1273 3986 de
1315 3928 1750 4000 speciebus—sive
1792 3933 1925 3985 idets
1957 3930 2233 3994 ingenitis,
2263 3944 2315 3982 et
2348 3932 2468 3980 sine
2494 3928 2718 4000 interitu
2750 3933 3040 3995 separatis,
3070 3933 3525 3992 iiumutabiliiius,

275 4015 472 4056 natura
504 4000 952 4064 consistentibus,
985 4011 1243 4070 tauquam
1277 3999 1644 4057 ellectricibus
1682 4017 1864 4056 rerum
1897 4001 2281 4070 siitgulariunt,
2310 3999 2605 4067 Dionysius
2634 4002 2721 4050 hic
2753 4013 3081 4065 correxerit,
3118 4014 3171 4054 iit
3219 4004 3527 4057 traduxerit

274 4077 346 4127 ad
378 4087 566 4126 verum
611 4073 802 4139 dogma
833 4075 899 4126 de
931 4073 1237 4142 principiis,
1273 4091 1377 4127 non
1411 4090 1532 4142 qua:
1554 4088 1736 4128 causa:
1766 4087 1953 4142 perise
1992 4072 2269 4135 existant,
2303 4085 2477 4138 neque
2503 4071 2611 4122 sint
2642 4086 2744 4142 non
2777 4071 2945 4142 iacta,
2977 4077 3070 4124 sed
3117 4089 3236 4139 qua:
3286 4075 3527 4124 habeant

275 4147 332 4198 in
368 4143 522 4197 nobis
567 4157 688 4196 esse
720 4139 1302 4214 tantum—iitteltigibile
1333 4157 1388 4198 et
1417 4139 1820 4197 flltlllulttblle—a
1871 4141 1981 4196 Deo
2013 4158 2266 4214 manans,
2321 4143 2541 4214 sintque
2580 4139 2741 4191 veluti
2779 4140 2968 4192 i'oiitta-
3008 4148 3281 4214 quaedam
3314 4143 3523 4195 intelli-

275 4215 496 4284 gibiles,
539 4215 754 4266 ratione
809 4225 1014 4266 tantunt
1048 4231 1076 4266 a
1129 4211 1289 4269 rebus
1334 4217 1464 4285 ipsis
1502 4226 1788 4283 separatae.
1825 4214 1979 4279 Quod
2011 4213 2156 4285 enini
2208 4220 2292 4265 est
2352 4211 2651 4278 singulare,
2689 4216 2963 4275 posterius
3013 4223 3098 4265 est
3133 4213 3519 4285 intelligentia,

274 4289 421 4354 quod
449 4285 673 4352 intelligi
700 4300 807 4337 non
838 4294 1016 4354 potest
1040 4300 1158 4339 suie
1186 4284 1478 4354 prioribus,
1510 4302 1632 4355 quae
1667 4296 1790 4339 sunt
1818 4284 2079 4355 quidquid
2114 4295 2195 4335 est
2215 4295 2419 4350 specw,
2446 4290 2500 4333 et
2528 4295 2738 4355 species
2762 4296 2906 4348 ipsae,
2933 4299 3054 4349 qua:
3089 4301 3117 4336 ιι
3151 4284 3521 4351 siiigutartbus

276 4351 704 4425 participantur,
729 4365 785 4407 et
817 4351 966 4424 prius
994 4372 1118 4409 esse
1152 4351 1352 4410 habent
1378 4351 1673 4409 secundum
1706 4351 2008 4409 notionem.
2033 4351 2149 4405 Non
2183 4358 2328 4406 enini
2369 4362 2514 4404 esset
2540 4355 2630 4404 hoc
2663 4354 2826 4404 homo
2866 4355 2918 4404 iii
2952 4357 3196 4418 notione,
3231 4355 3333 4405 nisi
3359 4355 3521 4405 homo

272 4443 488 4494 speetes
517 4429 637 4496 ejus
667 4427 816 4495 prius
849 4427 1075 4481 haberet
1108 4443 1231 4481 esse
1260 4428 1634 4496 intelligibile;
1679 4440 1854 4494 neque
1897 4429 2060 4479 homo
2088 4428 2367 4478 diceretur
2394 4437 2517 4475 esse
2540 4426 2840 4496 secundum
2892 4435 3192 4484 notioiieni,
3230 4428 3334 4476 titsi
3367 4425 3520 4496 prius

276 4494 595 4550 humanitas
621 4494 848 4552 haberet
880 4514 1002 4551 esse
1033 4499 1408 4566 intelligibile;
1441 4494 1566 4552 haec
1599 4505 1742 4551 enini
1768 4507 2015 4550 continet
2037 4502 2180 4563 quod
2207 4498 2337 4563 quid
2368 4494 2676 4566 estspeciei
2702 4495 2962 4566 hominis.
2991 4495 3262 4548 Similiter
3295 4495 3348 4547 in
3389 4494 3521 4566 reli-

270 4571 420 4634 quis.
450 4566 566 4622 Non
601 4579 747 4622 esset
797 4571 912 4624 haec
946 4571 1054 4621 vita
1090 4570 1141 4622 in
1185 4564 1404 4622 notione
1432 4579 1526 4622 aut
1567 4569 1682 4622 haec
1706 4567 2030 4630 similitudo,
2074 4567 2175 4618 nisi
2206 4576 2352 4619 esset
2396 4565 2504 4615 vita
2538 4574 2593 4615 et
2637 4565 2940 4617 similitudo
2975 4567 3228 4618 universe
3260 4564 3520 4617 conside-

279 4649 440 4705 rata;
469 4655 566 4692 nec
594 4640 694 4693 ista
728 4653 894 4704 esset,
930 4640 1030 4693 iiisi
1061 4651 1207 4693 esset
1233 4641 1384 4707 prius
1419 4647 1722 4694 secundum
1752 4653 2026 4690 notionem
2060 4638 2202 4704 quod
2234 4637 2363 4705 quid
2395 4645 2479 4687 est
2510 4635 2680 4707 ipsius
2709 4646 2834 4707 vitae
2863 4643 2917 4688 et
2958 4636 3360 4699 similitudinis,
3396 4650 3519 4703 quae

276 4721 515 4763 vocatur
555 4710 662 4763 vita
695 4712 1020 4778 simpliciter
1044 4721 1101 4765 et
1125 4706 1422 4766 similitudo
1448 4711 1786 4778 simpliciter,
1822 4712 1939 4760 sive
1968 4723 2062 4775 per
2086 4723 2145 4759 se
2174 4709 2284 4760 vita
2314 4717 2370 4760 et
2396 4720 2492 4778 per
2518 4719 2588 4778 se
2611 4706 2938 4778 similitudo.

347 4783 559 4852 Dicitur
587 4790 768 4835 autem
803 4775 944 4836 Deus
970 4799 1134 4852 supra
1166 4785 1345 4852 ipsum
1389 4799 1486 4850 per
1524 4775 1768 4852 seesse,
1795 4791 2066 4852 quatenus
2098 4777 2305 4852 scilicet
2330 4794 2361 4830 a
2404 4775 2562 4829 nobis
2589 4776 2819 4844 cogitari
2864 4786 3063 4848 potest.
3100 4776 3258 4852 Sicut
3283 4775 3512 4852 dicitur

269 4851 440 4904 ctiatn
477 4851 620 4924 Deus
657 4868 777 4907 esse
807 4869 971 4922 sopra
999 4847 1294 4916 υἶιιιιιιξώς
1326 4847 1472 4924 ἡμᾶς
1504 4850 1722 4914 εἰδέναι,
1757 4867 1788 4903 ιι

1991 4847 2252 4916 ionysius,
2287 4852 2338 4901 id
2362 4861 2444 4901 est
2475 4859 2776 4924 secundum
2811 4859 3052 4902 nostrain
3088 4848 3465 4924 cognitionem
3497 4865 3512 4912 ;

272 4937 438 4994 supra
467 4923 654 4994 Deum
681 4965 697 4989 ,
732 4919 951 4994 inquam
975 4964 989 4987 ,
1038 4940 1136 4993 per
1174 4919 1675 4994 participatioueni,
1705 4937 1867 4990 quem
1903 4923 1954 4972 iit
1985 4931 2255 4972 creaturis
2283 4919 2692 4994 cogi‘toscitttus,
2720 4920 2872 4994 _sicut
2923 4930 3190 4992 scriptum
3218 4929 3304 4972 est
3334 4935 3348 4971 :
3405 4919 3516 4987 Ego

271 4993 388 5044 dixi
411 5009 429 5044 :
452 4993 540 5047 Dii
572 4994 736 5048 estisd
762 5011 776 5060 ;
806 4990 890 5049 Lic
921 4990 1084 5049 etiam
1112 4990 1197 5049 esi
1228 4990 1401 5050 bonus
1439 5012 1604 5064 supra
1634 4995 1969 5057 bonitatem,
1999 5005 2122 5059 qua:
2147 5009 2175 5042 a
2206 4990 2371 5064 nobis
2400 4990 2452 5041 in
2490 4990 2762 5064 creaturis
2793 4990 3050 5064 cognosci
3092 4999 3298 5060 potest.
3327 4995 3516 5058 itaque

269 5065 493 5131 proprie
517 5075 572 5117 et
613 5080 711 5134 per
744 5081 803 5121 se
830 5082 950 5120 esse
982 5068 1049 5120 de
1077 5079 1334 5120 creatura
1364 5060 1568 5120 diciter
1603 5079 1658 5120 et
1685 5070 1752 5119 de
1782 5065 1917 5127 Deo,
1952 5077 2047 5117 sed
2077 5063 2378 5134 wqitivoce,
2407 5073 2465 5112 tit
2496 5063 2693 5134 bonus.
2725 5071 2782 5113 et
2808 5060 2978 5116 Deus.

347 5129 406 5188 5.
439 5129 710 5190 Maximus
737 5141 787 5191 in
815 5139 1080 5191 Centuriis
1117 5141 1451 5207 tlteologiCts,
1484 5149 1629 5192 ccnt.
1660 5151 1698 5203 ι,
1723 5152 1843 5203 cap.
1878 5134 1933 5198 4,
1958 5136 2011 5199 Ξ),
2041 5137 2094 5189 t5.
2138 5131 2254 5184 Non
2280 5146 2385 5197 est,
2428 5135 2622 5198 inquit,
2655 5133 2798 5185 Deus
2839 5133 3170 5198 substantia,
3201 5146 3324 5201 quin
3351 5129 3512 5207 Διῖιίιιισ-

273 5205 489 5276 ριὶωιει·
518 5220 611 5259 aut
639 5213 875 5273 quodam
920 5215 1079 5262 modo
1125 5204 1348 5275 dicitur,
1385 5214 1473 5263 ubi
1520 5219 1575 5261 et
1605 5223 1928 5278 principium
1960 5220 2078 5273 est;
2124 5219 2300 5272 neque
2344 5215 2590 5278 potestas
2613 5213 2671 5253 ιιι
2700 5213 2975 5278 potestas,
3019 5221 3138 5274 quae
3182 5204 3515 5278 simpliciter

270 5274 630 5344 autquodani
666 5283 824 5334 tnodo
857 5281 1079 5342 dicitur,
1116 5281 1204 5333 ubi
1232 5289 1286 5334 et
1335 5274 1568 5333 medium
1599 5274 1715 5345 est;
1755 5274 1855 5331 nec
1897 5293 2035 5346 opus
2065 5287 2124 5330 ut
2166 5292 2326 5344 opus,
2353 5276 2499 5344 quod
2551 5274 2874 5346 simpliciter
2924 5288 3019 5330 aut
3061 5278 3297 5346 quodant
3351 5277 3516 5326 modo

270 5349 502 5429 dicitur,
537 5351 715 5429 ubi_et
744 5353 866 5429 tntis
898 5359 983 5404 est
1020 5365 1200 5405 motus
1239 5353 1412 5422 ip.,ius
1448 5345 2103 5429 substantiaesecundum
2146 5361 2446 5415 potentiam
2494 5345 2644 5414 prius
2668 5348 2939 5429 cogitatai,
2971 5352 3254 5429 sedutdeiii
3285 5345 3397 5412 ipse
3431 5355 3517 5396 est

267 5430 328 5472 et
380 5419 703 5474 substantiae
733 5422 958 5476 etl‘ector
986 5433 1043 5475 et
1069 5438 1232 5491 supra
1258 5419 1648 5477 'subsuuitiani
1672 5463 1688 5488 ,
1718 5421 2052 5489 cllectorque
2084 5430 2339 5491 potentiae
2378 5428 2433 5471 et
2483 5431 2647 5484 supra
2691 5419 3021 5485 potentiam,
3076 5421 3307 5471 tirntitas
3351 5427 3518 5485 atque

274 5505 379 5554 Vis,
411 5499 468 5543 et
498 5491 826 5546 immortalis
857 5493 1085 5547 facultas
1111 5496 1290 5548 omnis
1316 5497 1646 5557 etlictenttie,
1676 5503 1750 5557 et,
1782 5502 1842 5545 ut
1874 5497 2111 5546 breviter
2141 5492 2341 5552 dicam,
2379 5491 2657 5557 principii,
2687 5491 2850 5544 medii
2876 5505 2931 5543 et
2957 5491 3081 5544 linis
3109 5497 3321 5540 auctor.

347 5560 448 5616 Ubi
481 5575 609 5616 nota
639 5579 707 5618 ex
733 5564 1005 5619 'l'urriatio
1034 5582 1196 5637 supra
1227 5577 1416 5634 citato,
1447 5570 1812 5622 substantiam
1841 5565 2185 5635 simpliciter,
2215 5577 2338 5619 esse
2365 5565 2728 5618 substituunt
2760 5566 3040 5618 abstracto
3071 5564 3500 5624 consider-ataui,

414 5758 440 5796 ἀ
475 5755 615 5814 Psal.
656 5774 840 5824 Lxxxi,
880 5761 931 5813 6.
