3866 6232
177 343 283 399 961

740 338 829 394 DE
861 334 1112 391 DIVINIS
1144 331 1542 395 NUMNIBUS.
1575 330 1727 387 CAP.
1754 328 1849 384 XI.
1870 325 2294 384 —PARAPIIR.
2336 321 2805 379 PACHYMERIE.

3344 320 3453 376 962

175 456 483 530 ἁφθεγξίαν
513 455 702 521 καλεῖ,
740 455 817 518 ὡς
851 451 1209 523 σιωπωμένην
1256 450 1350 503 καὶ
1384 446 1642 521 κρυφίαν·
1675 444 1770 498 καὶ

1884 446 1928 497 id
1951 444 2096 513 quod
2124 458 2152 495 a
2189 442 2297 495 Deo
2324 439 2644 494 destitutum
2688 448 2795 497 est,
2830 436 3061 492 informe
3091 435 3149 490 ﬁt
3171 448 3226 489 et
3259 450 3455 504 expers.

179 548 476 621 ἀκινησίαν
519 547 638 617 μὲν,
678 544 794 598 ἀλλ’
830 546 924 598 ἐπὶ
955 544 1136 596 πᾶσαν
1175 541 1389 612 κίνησιν
1432 534 1769 607 γινωσκομέ-

184 660 304 716 νην·
340 640 479 712 αὕτη
524 639 634 711 γάρ
675 640 822 691 ἐστιν
864 638 898 708 ἡ
928 636 999 690 τά
1044 635 1220 689 πάντα
1264 633 1649 704 εἰδοποιήσασα
1674 630 1771 684 καὶ

182 737 479 807 κινήσασα,
512 732 608 804 ὅλη
641 730 752 803 γὰρ
783 731 881 803 ὅλῃ
914 731 1078 800 ἑαυτῇ
1115 729 1483 799 ὑπερήνωται,
1518 723 1612 777 καὶ
1644 724 1771 776 ἑαυ-

179 829 284 900 τὴν
317 825 860 890 πολλαπλασιάςουσα
886 826 1007 887 ταῖς
1052 822 1174 877 καθ’
1205 822 1437 874 ἕκαστον
1469 816 1771 889 είρηναίαις

180 919 457 992 προόδοις,
509 915 630 969 οὑδέ
675 930 806 968 ποτε
850 914 949 984 τὴν
1000 913 1198 983 ἑαυτῆς
1237 909 1443 964 ἑνιαίαν
1488 907 1772 961 ἀπολείπει

180 1010 485 1082 ἁπλότητα.
518 1007 655 1078 Περὶ
698 1006 903 1078 ταύτης
932 1005 1115 1058 τοίνυν
1158 1001 1281 1056 οὔτε
1335 1003 1509 1054 εἰπεῖν
1541 998 1653 1052 οὔτ’
1687 1001 1773 1052 ὲν-

178 1103 379 1173 νοῆσαι
411 1101 445 1172 ἢ
477 1099 703 1155 δυνατὸν
733 1098 766 1170 ἢ
810 1096 1052 1169 Θεμιτὸν,
1084 1094 1219 1149 ἀλλὰ
1250 1091 1455 1162 ταύτην
1485 1090 1561 1153 ὡς
1594 1088 1773 1157 ἆγνω⁴

182 1213 315 1248 στον
346 1192 432 1247 ἐπ’
464 1190 632 1262 αὐτὴν
659 1189 947 1253 ἀναθέντες
969 1229 983 1252 ,
1026 1187 1126 1251 τὰς
1154 1188 1216 1241 ἐν
1246 1187 1367 1249 ταῖς
1398 1183 1641 1255 Γραφαῖς
1676 1181 1773 1252 {511‘

181 1287 374 1350 οείσας
398 1284 593 1356 νοητὰς
630 1283 917 1354 μετουσίας
948 1279 1138 1350 αὐτῆς,
1172 1277 1249 1341 ὡς
1295 1275 1515 1330 δυνατὸν
1561 1269 1773 1343 ἀνθρώ-

181 1396 332 1442 ποις,
367 1378 401 1449 ἢ
434 1376 632 1449 μᾶλλον
679 1377 793 1437 τοῖς
823 1373 1092 1428 κάκείνων
1122 1367 1572 1440 ἀπολειπομένοις
1616 1365 1768 1436 ἡμῖν,

184 1469 369 1540 σκοπή
377 1484 576 1538 σωμεν.

1878 531 2324 604 pulchritudinis.
2383 528 2457 583 De
2523 529 2627 583 hac
2684 527 2847 597 igitur
2895 526 3082 580 divina
3146 539 3279 594 pace
3326 524 3456 593 quid

1881 623 2106 678 tandem
2139 622 2231 687 sit,
2262 621 2447 675 dicere
2470 617 2705 687 refugit;
2734 617 2993 686 quoniam
3022 618 3163 670 hanc
3193 618 3363 669 etiam
3402 615 3457 669 in

1879 716 2035 769 Actis
2064 712 2082 752 ί
2118 711 2307 766 Justus
2330 750 2345 773 ,
2381 725 2541 779 quem
2573 721 2628 763 et
2661 708 2823 763 Josen
2865 710 3224 763 nominabant
3251 690 3459 775 ἀφθεγ-

1874 805 1996 873 ξίαν
2027 813 2203 865 vocat,
2240 803 2440 873 quippe
2473 801 2722 856 silentem
2757 810 2811 856 et
2839 800 3150 865 occultam;
3179 808 3233 855 et
3263 799 3460 853 inuno-

1876 893 2143 952 bilitatem
2168 897 2408 965 quidem,
2430 894 2529 949 sed
2560 894 2626 948 ab
2645 895 2793 948 omni
2822 904 2971 948 motu
2994 892 3418 964 cognoscibilem
3441 909 3457 957 ;

1877 987 1994 1042 base
2022 986 2167 1041 enim
2198 996 2281 1041 est
2318 1001 2437 1054 qua:
2486 985 2745 1039 informat
2790 993 2844 1039 et
2880 996 3064 1040 movet
3108 985 3316 1048 omnia,
3350 991 3457 1038 tota

1876 1080 2022 1134 enim
2050 1078 2151 1132 sibi
2186 1080 2283 1131 loti
2313 1077 2703 1147 superunitur;
2734 1085 2789 1129 et
2810 1090 2935 1129 cmn
2966 1077 3321 1142 semetipsum
3348 1074 3462 1127 sin—

1879 1171 2023 1239 gulis
2056 1169 2299 1240 pacilicis
2328 1168 2774 1237 proccssionibus
2799 1168 3149 1237 multiplicat,
3178 1180 3458 1237 nunquam

1876 1262 2036 1333 517
2071 1272 2252 1316 tamen
2286 1263 2502 1316 unicam
2534 1262 2679 1314 illam
2711 1276 2867 1314 suam
2902 1260 3311 1329 simplicitatem
3367 1260 3461 1313 de-

1876 1359 2034 1411 seiit.
2070 1356 2143 1409 De
2176 1356 2277 1408 hac
2315 1356 2498 1422 itaque
2548 1367 2725 1421 neque
2756 1353 2973 1418 dicere,
3007 1368 3186 1422 neque
3216 1352 3463 1421 cogitare

1875 1447 2170 1517 quidquam
2199 1444 2281 1499 fas
2303 1453 2385 1497 est
2404 1443 2484 1497 vel
2504 1445 2792 1513 possibile;
2818 1449 2911 1500 sed
2937 1445 3075 1498 hanc
3108 1455 3361 1514 tanquam
3407 1445 3462 1499 in

185 1578 252 1620 se
304 1536 545 1632 ignotam
585 1565 954 1622 enarrantes,
1008 1552 1357 1610 intellecliles
1422 1551 1541 1619 ejus
1585 1544 2033 1617 participationes
2087 1539 2141 1593 in
2199 1538 2501 1608 Scripturis
2544 1538 2866 1603 recensitas,
2922 1537 3104 1607 quoad
3145 1536 3464 1593 hominiqu

187 1653 275 1709 vel
305 1654 484 1722 potius
527 1649 684 1704 nobis
731 1648 853 1702 aliis
884 1646 1244 1702 inferioribus
1269 1685 1285 1710 ,
1334 1644 1595 1712 possibile
1624 1650 1749 1703 est,
1778 1634 2217 1690 consideremus.

262 1718 396 1816 δ-Ιῐ.
443 1739 665 1812 Πρῶτον
709 1737 891 1793 τοίνυν
937 1737 1167 1811 λέγομεν
1190 1778 1205 1803 ,
1239 1738 1320 1791 ὅτι
1352 1738 1387 1808 ἡ
1419 1733 1540 1788 θεία
1584 1730 1767 1801 ἐκείνη

1946 1724 1974 1797 §
2032 1724 2096 1780 ll.
2155 1722 2401 1777 Primum
2463 1723 2648 1790 itaque
2716 1718 2947 1775 dicimus
3020 1719 3259 1774 divinam
3313 1719 3463 1776 illam

184 1836 384 1906 εἰρήνη
416 1836 451 1905 ἡ
482 1832 788 1903 ἀφθεγκτος
832 1829 932 1899 τῆς
983 1828 1342 1901 αὐτοειρήνης
1367 1827 1514 1881 ἐστὶν
1539 1822 1775 1879 ὑποστά-

184 1946 308 1992 τις.
334 1928 477 1981 κατά
508 1930 634 1993 τοὺς
665 1930 856 1998 λόγους
889 1927 1012 1982 καθ’
1045 1925 1140 1989 οὒς
1175 1922 1434 1993 ἐλέγομεν
1468 1917 1775 1991 ἔμπροσθεν

186 2018 325 2090 περὶ
354 2019 454 2089 τῆς
486 2019 784 2089 αύτοζωῆς.
824 2018 991 2089 Ὅλην
1024 2015 1078 2070 δὲ
1112 2014 1236 2068 καθ’
1267 2012 1499 2071 ἕκαστον
1551 2009 1776 2079 εἰρήνην

189 2109 344 2177 λέγει
396 2109 561 2180 ὃλην,
598 2108 719 2163 καθ’
752 2108 821 2179 ἣν
867 2109 936 2163 τά
984 2107 1162 2161 πάντα
1208 2102 1534 2171 συνάγεται,
1570 2098 1664 2152 καὶ
1696 2097 1776 2161 είς

194 2200 330 2271 μίαν
377 2199 562 2269 ἔφεσιν
606 2198 945 2254 ἀνατείνεται
994 2194 1372 2269 μεμερισμένα
1400 2194 1521 2254 ταῖς
1552 2189 1776 2258 φύσεσιν

190 2292 327 2345 ὄντα
349 2308 364 2321 ο
400 2291 521 2345 καθ’
554 2291 784 2346 ἕκαστον
817 2291 893 2355 δὲ,
911 2289 1033 2344 καθ’
1067 2290 1132 2360 ἣν
1164 2286 1414 2348 ἕκαστον,
1449 2281 1548 2352 τὴν
1582 2278 1775 2333 ἑαυτοῦ

190 2384 424 2455 ἑνότητα
479 2383 781 2459 φυλάττον,
834 2383 893 2437 οὐ
940 2378 1212 2452 διακέεται
1257 2376 1395 2449 πρὸς
1440 2372 1648 2444 φθορὰν
1680 2370 1777 2424 καὶ

192 2478 569 2556 ἁνυπσρξίαν,
604 2484 640 2538 ἃ
672 2479 735 2554 δὴ
770 2476 1025 2547 ἀνωτέρω
1057 2468 1208 2526 εἶπεν
1239 2470 1464 2539 ἄπειρον
1496 2465 1590 2520 καὶ
1623 2463 1775 2535 ἀόρι-

198 2593 345 2629 στον.
382 2575 692 2648 Σημείωσαι
724 2573 801 2627 δὲ.
836 2569 918 2622 ὅτι
966 2566 1035 2620 τὰ
1073 2565 1168 2636 μὲν
1211 2563 1308 2617 ὅλα
1352 2560 1545 2613 ἕνωσιν
1593 2556 1778 2624 λέγον-

192 2689 288 2726 ται
322 2670 465 2741 ἔχειν
499 2668 635 2741 πρὸς
668 2664 873 2735 ἄλληλα
895 2699 910 2724 ,
956 2656 1017 2711 τὸ
1056 2655 1113 2710 δὲ
1164 2655 1223 2710 ἓν
1249 2653 1403 2726 οπρὸς
1450 2649 1616 2741 ἓὲαυτὺ
1642 2647 1775 2741 ’ἐνό-

192 2738 382 2833 τητα
410 2758 504 2813 καὶ
534 2738 595 2811 τὸ
630 2755 729 2827 μὲν
761 2752 840 2816 ἓν,
879 2743 1374 2818 συγκρατούμενον,
1410 2739 1469 2794 οὐ
1503 2738 1776 2809 διακέεται

195 2828 337 2924 πρὸς
367 2850 428 2903 τὺ
458 2850 705 2921 ἄπειρον,
738 2844 806 2899 τὰ
838 2844 897 2899 δὲ
926 2839 1045 2904 ὅλα,
1071 2833 1569 2907 συγκεραννύμενα,
1604 2828 1777 2924 ἀσύγ-

196 2922 341 3016 χυτα
375 2942 643 3014 μένουσιν.
691 2940 756 2992 Εἰ
787 2936 896 3008 γὰρ
929 2931 1026 2985 καὶ
1054 2929 1124 2983 τὰ
1158 2929 1435 3016 στοιχεῖα,
1472 2924 1648 3016 φησι,
1675 2922 1779 2995 τὴν

197 3012 339 3107 πρὸς
378 3012 588 3102 Ἵάλληλα
635 3026 953 3101 συμπλοκὴν
985 3020 1080 3074 καὶ
1116 3017 1258 3091 μίξιν
1291 3014 1592 3085 ἀδιαίρετον
1624 3012 1778 3083 ἔχου-

201 3103 287 3180 σιν
309 3166 325 3190 ,
359 3123 471 3178 ἀλλ’
504 3125 654 3194 ὅμως
705 3121 762 3174 al
810 3116 1016 3172 τούτων
1062 3110 1345 3180 ποιότητες
1374 3107 1472 3177 τὴν
1504 3103 1782 3177 ἀκρότητα

201 3214 413 3271 ἑαυτῶν
453 3215 515 3267 ού
549 3209 1055 3285 παραπολλύουσιν,
1090 3198 1201 3256 οἷον
1244 3199 1307 3252 τὸ
1338 3197 1557 3270 θερμὸν,
1590 3195 1652 3249 τὸ
1683 3194 1781 3265 ξη-

207 3308 322 3381 ρὸν,
358 3307 454 3360 καὶ
483 3304 552 3358 τὰ
583 3301 745 3357 λοιπὰ
769 3341 784 3366 ,
818 3303 879 3354 ὲν
907 3299 976 3368 τῇ
1007 3295 1114 3348 τῶν
1148 3289 1458 3364 ὲτεροειδῶν
1489 3286 1683 3360 κράσει
1713 3288 1781 3357 τῇ

201 3404 262 3457 ὲν
292 3401 371 3473 τῷ
402 3399 567 3455 παντὶ
598 3395 965 3471 Θεωρουμένῃ.
1000 3390 1211 3459 Κρᾶσιν
1243 3385 1354 3457 γὰρ
1395 3382 1630 3438 ἐνταῦθα
1660 3399 1785 3452 νοη-

199 3495 323 3548 τέον
354 3493 415 3547 οὐ
448 3491 547 3563 τὴν
577 3490 652 3553 ῶς
685 3490 777 3543 ἐπὶ
807 3486 918 3540 τῶν
952 3480 1133 3553 ὑγρῶν
1168 3478 1385 3551 φύρσιν,
1406 3476 1505 3549 τὴν
1527 3475 1621 3529 καὶ
1643 3475 1790 3563 ἀφα-ὶ

202 3580 457 3645 νίζουσαν
504 3580 572 3634 τὰ
619 3576 992 3647 ὑποκείμενα,
1040 3569 1174 3624 ἀλλά
1219 3568 1320 3640 τὴν
1353 3567 1655 3637 σύμπνοιαν
1687 3563 1784 3617 καὶ

202 3668 560 3742 ἀλληλουχίαν
606 3667 706 3738 τὴν
750 3667 810 3719 ὲν
857 3660 1095 3735 ἁρμονίᾳ
1141 3656 1514 3728 φυλάττουσαν
1544 3654 1611 3708 τά
1654 3654 1786 3723 ὑφε-

206 3760 408 3815 στῶτα,
457 3760 742 3831 Νοήσομεν
774 3755 903 3826 γοῦν
940 3752 1068 3826 μίαν
1112 3747 1233 3803 τινά
1279 3747 1457 3817 ἁπλῆν
1490 3746 1653 3800 οἱονεὶ
1685 3745 1787 3815 φύς

206 3870 294 3907 σιν
326 3852 546 3924 εἰρήνης
578 3850 840 3920 ὲνθεωρου
849 3846 1014 3918 μένην
1032 3844 1147 3905 τοῖς
1168 3841 1353 3905 πᾶσιν,
1378 3837 1601 3892 ἐνοῦσαν
1623 3837 1790 3891 ᾶπαν-

204 3959 305 4005 τας
349 3942 515 4011 ἑαυτῇ
539 3980 554 4003 ,
607 3938 702 3992 καὶ
735 3936 804 3990 τὰ
856 3936 1035 3988 πάντα
1065 3930 1311 4002 ἀλλήλοις
1331 3969 1346 3995 ,
1382 3928 1477 3982 καὶ
1508 3927 1576 3982 τά
1609 3931 1787 3982 πάντα

206 4036 423 4097 ἑαυτοῖς
447 4072 461 4097 ,
496 4033 590 4087 καὶ
640 4030 1009 4100 φυλάττουσαν
1029 4067 1044 4092 ,
1079 4028 1174 4080 καὶ⁵
1220 4023 1397 4096 ἀμιγῆ
1442 4022 1538 4076 καὶ
1588 4038 1787 4089 συγκε-

206 4124 492 4199 κραμένα·
528 4123 703 4194 ἀμιγῆ
728 4162 744 4187 ,
776 4123 843 4191 τῇ
880 4119 984 4190 ἰδίᾳ
1016 4116 1245 4171 ἑκάστου
1279 4114 1556 4184 ποιότητι·
1594 4126 1790 4179 συγκε-

207 4215 457 4289 κραμένα
482 4255 497 4279 ,
530 4216 598 4287 τῇ
632 4212 768 4285 πρὸς
800 4210 1001 4280 ἄλληλα
1031 4208 1191 4281 μίξει.
1226 4205 1323 4259 Διά
1354 4203 1558 4275 ταύτην
1580 4203 1630 4255 οἱ
1656 4200 1788 4254 θεῖοι

205 4308 331 4371 νόες
382 4305 628 4359 ὲνοῦνται
680 4304 775 4356 καὶ
818 4304 938 4365 ταῖς
981 4301 1230 4370 νοήσεσιν
1278 4294 1488 4349 ἑαυτῶν
1536 4294 1631 4347 καὶ
1674 4294 1789 4355 τοῖς

209 4399 520 4469 νοουμένοις
541 4414 556 4427 ’
598 4396 777 4450 νοοῦσι
807 4394 917 4465 γὰρ
952 4393 1047 4446 καὶ
1078 4390 1336 4454 ἑαυτοὺς,
1371 4389 1466 4441 καὶ
1494 4387 1621 4450 τοὺς
1653 4386 1786 4438 ἐπα-

207 4489 610 4560 ναϐεϐηκότας,
645 4486 739 4540 καὶ
770 4486 847 4538 ἔτι
877 4484 948 4538 τὰ
980 4482 1359 4553 ὑποδεέστερα.
1397 4481 1563 4533 Ὅταν
1594 4473 1687 4531 οὖν
1718 4475 1787 4529 τὰ

209 4584 423 4639 ἑαυτῶν
455 4582 719 4654 ἐνεργῶσι
742 4622 757 4646 ,
792 4581 885 4635 καὶ
917 4577 1142 4641 ἑαυτοὺς
1185 4575 1379 4637 νοῶσι,
1410 4575 1530 4635 ταῖς
1561 4569 1790 4633 οἰκείαις

211 4672 456 4727 ὲνοῦνται
487 4674 736 4745 νοήσεσιν
758 4687 771 4702 ·
808 4672 936 4724 ὅταν
987 4669 1044 4722 δὲ
1092 4665 1162 4719 τά
1212 4661 1624 4736 ὑπερϐεϐηκότα
1654 4660 1687 4731 ἦ
1720 4659 1790 4712 τὰ

210 4765 594 4836 ὑποϐεϐηκότα
645 4762 807 4817 νοῶσι
826 4803 841 4827 ,
873 4760 996 4814 τότε
1041 4756 1282 4811 ὲνοῦνται
1312 4757 1426 4818 τοῖς
1457 4752 1786 4823 νοουμένοις.

210 4857 289 4909 Τὸ
304 4855 413 4927 γὰρ
431 4854 583 4908 νοοῦν
608 4856 674 4924 τῇ
699 4853 896 4922 γνώσει
922 4848 1134 4903 ἑνοῦται
1161 4846 1239 4917 τῷ
1256 4843 1570 4915 γνωσθέντι,
1589 4843 1665 4906 ὡς
1695 4844 1790 4897 καὶ

210 4947 241 4998 ὁ
273 4945 484 5014 ἀγνοῶν
538 4944 889 4998 σκεδάννυται
912 4982 926 5005 ,
960 4941 1021 4993 ού
1056 4935 1378 4993 καταλαϐὼν
1409 4935 1437 4988 ὃ
1473 4934 1546 5006 μὴ
1579 4934 1788 5004 ἐνόησε.

210 5040 368 5095 Μετά
400 5038 457 5091 δὲ
485 5036 688 5100 ταύτας
718 5034 818 5099 τὰς
838 5033 1058 5097 ὲνώσεις
1092 5031 1278 5103 (αἵπερ
1308 5028 1406 5080 οὐκ
1425 5027 1489 5081 ἂν
1520 5027 1787 5096 ἐγένοντο,

212 5128 262 5179 εἰ
288 5125 363 5197 μὴ
379 5126 621 5196 είρήνευε
646 5120 830 5185 καθὼς
850 5120 970 5175 καθ’
993 5119 1184 5173 ἑαυτὸν
1203 5120 1232 5171 ὁ
1250 5115 1405 5181 νοῶν,
1427 5117 1460 5189 ἢ
1485 5116 1589 5187 μὴν
1606 5117 1634 5168 ὀ
1656 5113 1791 5169 νοῶν

210 5217 355 5289 πρὸς
386 5217 455 5270 τά
488 5214 817 5287 νοούμενα),
852 5215 946 5268 ἐπὶ
977 5213 1078 5284 τὴν
1110 5212 1387 5281 ἄγνωστον
1432 5208 1648 5277 ἐκείνην
1696 5206 1793 5260 καὶ

211 5310 368 5363 Θείαν
412 5307 672 5376 ἀνάγεται
715 5308 977 5377 συναφὴν.
1026 5304 1196 5359 Πάλιν
1237 5305 1330 5357 ἐπὶ
1368 5301 1477 5355 τῶν
1510 5299 1793 5371 ἡμετέρων

210 5400 405 5471 ψυχῶν
438 5400 709 5470 ἐνδέχεται
742 5398 1030 5470 εὑρεθῆναι
1054 5396 1238 5468 ἀμερῆ
1271 5396 1366 5449 καὶ
1398 5394 1559 5448 ἇῦλον
1584 5392 1789 5461 νόησιν,

210 5496 347 5549 ὅταν
378 5493 503 5556 τοὺς
536 5492 909 5556 παντοδαποὺς
944 5490 1236 5561 λογισμοὺς
1267 5489 1403 5561 πρὸς
1440 5488 1566 5559 μίαν
1597 5483 1791 5555 νοεράν

211 5583 565 5656 καθαρότητα
598 5583 963 5654 συναγάγωσι·
1014 5582 1128 5637 τότε
1159 5581 1267 5652 γὰρ
1297 5581 1390 5636 καὶ
1413 5579 1506 5634 ἐπὶ
1526 5577 1622 5650 τὴν
1651 5576 1790 5647 ὑπὲρ

292 5767 314 5810 ¹
347 5768 469 5825 Act.
507 5782 545 5831 ι,
584 5766 676 5822 ‘25.

1882 1833 2070 1889 pacem
2104 1814 2434 1871 ineﬂabilem
2482 1814 2651 1883 ipsius
2677 1827 2773 1880 per
2798 1826 2858 1867 se
2888 1813 3037 1881 pacis
3061 1828 3182 1868 esse
3213 1811 3456 1867 eﬂ'ectri-

1878 1924 2022 1973 cem,
2069 1905 2224 1973 juxta
2271 1905 2511 1959 rationes
2554 1904 2809 1973 superius
2845 1904 3043 1958 allatas
3080 1905 3146 1959 de
3186 1904 3301 1973 ipsa
3327 1905 3462 1962 vita.

1880 2001 2075 2057 Totam
2121 2009 2308 2053 autem
2361 1998 2628 2067 cujusque
2675 2013 2865 2068 pacem
2912 2005 3073 2052 vocat
3121 1995 3461 2064 universam,

1877 2102 2151 2161 quatenus
2188 2090 2369 2144 omnia
2399 2130 2414 2157 ,
2455 2104 2577 2159 qua)
2625 2091 2843 2145 naturis
2889 2089 3061 2144 divisa
3117 2098 3265 2158 sunt,
3325 2105 3461 2145 cou-

1878 2185 2155 2247 ciliantur,
2216 2192 2273 2236 et
2334 2183 2400 2235 ad
2470 2198 2636 2237 unum
2706 2182 3040 2236 desiderium
3109 2184 3460 2249 excitantur;

1879 2274 2309 2343 uniuscujusque
2365 2289 2534 2339 vero,
2587 2282 2858 2341 quatenus
2906 2273 3137 2343 quisque
3192 2274 3461 2328 unitatem

1878 2381 2034 2421 suam
2063 2381 2311 2431 servans,
2362 2365 2587 2417 minime
2618 2363 2809 2417 dimnit
2853 2365 2919 2416 ad
2954 2364 3362 2433 corruptionem
3406 2373 3465 2419 et

1879 2460 2188 2525 interitum,
2213 2475 2332 2527 quae
2360 2458 2613 2527 superius
2642 2459 2858 2512 vocavit
2890 2458 3161 2513 inﬁnitum
3200 2468 3253 2514 et
3286 2460 3460 2514 inter-

1880 2553 2169 2607 minatum.
2232 2550 2366 2605 Nota
2395 2566 2543 2617 vero,
2580 2558 2690 2604 tota
2722 2551 2940 2618 quidem
2975 2551 3079 2605 dici
3121 2551 3189 2605 ad
3222 2550 3460 2607 invicem

1880 2642 2083 2697 habere
2136 2640 2577 2708 conjunctionem
2613 2679 2628 2703 ,
2681 2655 3045 2706 unumvero,
3100 2640 3166 2694 ad
3222 2642 3462 2710 seipsum

1880 2732 2189 2796 unitatem;
2230 2741 2395 2801 atque
2432 2746 2597 2784 unum
2621 2732 2839 2799 quidem
2863 2741 3331 2802 eontemperatum
3357 2749 3462 2788 non

1880 2822 2105 2879 diﬂ'undi
2137 2824 2189 2878 in
2216 2822 2509 2886 inﬁnitum,
2543 2833 2653 2877 tota
2674 2838 2802 2877 vero
2824 2823 3356 2878 commistavmanere
3380 2825 3461 2879 iu-

1879 2913 2130 2981 confusa.
2164 2912 2221 2968 Si
2246 2912 2625 2982 enim,inquit,
2646 2911 2809 2965 etiam
2834 2912 3106 2965 elementa
3127 2913 3192 2966 ad
3226 2912 3460 2969 invicem

1883 3005 2275 3060 connexionem
2308 3012 2367 3058 et
2391 3004 2699 3058 mistionem
2726 3003 3053 3057 indivulsam
3081 3002 3303 3071 habent,
3322 3014 3465 3060 atta-

1807 3070 1849 3126 C
1885 3112 2006 3152 men
2032 3095 2224 3150 horum
2252 3093 2546 3162 qualitates
2574 3108 2701 3149 suas
2726 3094 3125 3156 extremitates,
3149 3110 3203 3147 ν.
3233 3070 3295 3163 ες
3313 3096 3464 3148 calo-

1881 3202 2021 3251 rem,
2060 3186 2386 3246 siecitatem,
2433 3194 2489 3239 et
2531 3194 2752 3250 cretcra,
2791 3184 3012 3238 minime
3052 3186 3361 3254 deperdunt
3402 3187 3456 3240 iu

1882 3276 2220 3333 diversarum
2240 3275 2543 3343 specierum
2570 3274 2983 3344 temperatione,
2999 3290 3119 3343 quae
3137 3275 3192 3329 in
3213 3275 3467 3332 universo

1882 3369 2246 3437 conspicitur.
2282 3365 2757 3435 Temperaliom-m
2798 3376 2978 3422 autem
3009 3367 3114 3422 hoe
3150 3367 3275 3422 loco
3303 3368 3466 3424 intel-

1883 3458 2055 3530 ligere
2095 3468 2333 3528 oportet,
2372 3472 2478 3511 non
2522 3470 2642 3511 eam
2676 3472 2799 3526 quas
2845 3459 2900 3512 in
2931 3457 3168 3514 humidis
3201 3459 3280 3523 lit,
3311 3474 3467 3515 com-

1888 3550 2223 3616 mistionem,
2242 3566 2359 3619 quae
2387 3558 2441 3605 et
2471 3548 2714 3617 subjecta
2747 3550 3082 3619 corrumpit;
3113 3552 3206 3607 sed
3235 3554 3457 3622 conspi-

1886 3644 2156 3699 rationem
2191 3654 2289 3699 :et
2334 3643 2498 3698 unius
2540 3643 2608 3697 ab
2657 3641 2830 3696 altero
2866 3642 3311 3709 dependentiam,
3345 3660 3467 3708 qme

1886 3732 1942 3787 in
1978 3746 2239 3802 compage
2267 3731 2505 3786 custodit
2536 3746 2601 3784 ea
2630 3745 2754 3800 quae
2792 3733 3048 3788 subsunt.
3081 3731 3463 3801 lntelligemus

1887 3825 2074 3895 itaque
2115 3840 2278 3878 uuam
2321 3821 2613 3892 quamdam
2660 3822 2963 3890 simplicem
2997 3823 3154 3891 quasi
3212 3833 3464 3878 naturam

1884 3918 2037 3988 pacis
2084 3918 2139 3971 in
2186 3916 2446 3972 omnibus
2499 3915 2933 3979 consideratam,
2967 3916 3153 3968 omnia
3191 3914 3293 3969 sibi
3338 3914 3465 3985 ipsi,

1887 4021 1944 4066 et
1972 4010 2156 4065 omnia
2192 4010 2334 4065 inter
2360 4025 2439 4075 se,
2484 4018 2649 4078 atque
2695 4011 2881 4062 omnia
2929 4022 3117 4063 secum
3165 4008 3299 4077 ipsis
3331 4023 3466 4061 con-

1882 4101 2232 4172 jungeutem,
2300 4114 2404 4155 nec
2471 4114 2577 4154 non
2642 4099 2881 4153 immista
2941 4106 2999 4152 ct
3059 4107 3465 4165 contemperata

1890 4202 2341 4257 eonservantem;
2368 4192 2633 4256 immista,
2652 4191 2869 4261 propria
2885 4190 3146 4259 cujusque
3163 4190 3463 4259 qualitate;

1888 4294 2323 4354 eontemperata,
2357 4284 2426 4337 ad
2461 4282 2698 4337 invicem
2738 4282 3016 4336 mistioue.
3066 4280 3171 4335 Per
3202 4282 3343 4335 hanc
3383 4281 3468 4335 di-

1891 4379 2032 4432 vinas
2082 4385 2296 4431 mentes
2337 4374 2608 4429 uniuntur
2652 4388 2775 4427 cum
2819 4372 2935 4427 suis
2981 4371 3463 4436 intellectionibus,

1894 4480 2006 4524 tum
2042 4469 2204 4522 rebus
2236 4465 2538 4521 intellectis
2568 4481 2584 4519 :
2614 4463 2928 4532 intelligunt
2956 4466 3102 4516 enim
3137 4472 3193 4517 et
3232 4464 3465 4531 seipsas,

1892 4572 1947 4616 et
1974 4561 2311 4630 superiores,
2343 4568 2507 4628 atque
2535 4559 2762 4624 insuper
2793 4555 3076 4610 inferiora.
3104 4556 3334 4621 Quando
3368 4557 3459 4609 ita-

1893 4669 2000 4724 que
2032 4668 2155 4723 qua:
2200 4667 2297 4707 sua
2332 4660 2484 4713 sunt,
2525 4658 2744 4711 curant,
2787 4656 2844 4701 ct
2888 4646 3213 4714 semetipsas
3268 4645 3470 4699 intelli-

1893 4755 2048 4816 gunt,
2093 4744 2334 4814 propriis
2385 4740 2849 4796 intellectionibus
2899 4739 3198 4803 uniuntur;
3252 4739 3471 4806 quando

1893 4853 2025 4891 vero
2053 4837 2337 4904 superiora
2367 4833 2453 4888 vel
2488 4830 3113 4898 inferiora-intelligunt,
3148 4839 3277 4883 tunc
3307 4830 3469 4883 rebus

1895 4928 2187 4984 intellectis
2220 4924 2652 4993 conjunguntur.
2695 4923 2847 4990 Quod
2878 4921 3024 4976 enim
3057 4920 3335 4992 intelligit,
3371 4935 3470 4990 per

1894 5020 2264 5090 cognitionem
2302 5017 2380 5071 rei
2413 5016 2647 5085 cognita:
2691 5013 3075 5083 conjungitur;
3122 5013 3266 5067 sicut
3300 5015 3465 5066 etiam

1894 5113 2153 5185 ignorans
2171 5108 2447 5174 dividitur,
2469 5124 2572 5162 non
2592 5104 3061 5175 comprehendens
3083 5104 3134 5157 id
3154 5104 3295 5172 quod
3318 5102 3471 5171 igno—

1894 5207 2056 5263 ravit.
2070 5204 2241 5258 Porro
2252 5212 2369 5270 post
2384 5200 2550 5254 hasce
2572 5199 2804 5252 uniones
2818 5199 2962 5266 (qua:
2987 5212 3092 5251 non
3107 5194 3466 5259 exstitissent,

1900 5299 2001 5352 nisi
2050 5294 2354 5363 intelligens
2391 5305 2575 5346 secum
2605 5289 2723 5358 ipse
2745 5286 3170 5356 quodammodo,
3206 5283 3290 5338 vel
3320 5293 3469 5337 certe

1899 5389 2065 5461 518
2114 5402 2239 5440 cum
2291 5385 2455 5439 rebus
2518 5380 2808 5436 intellectis
2855 5392 3044 5446 pacem
3092 5374 3358 5445 inivissct)
3400 5373 3467 5427 ad

1899 5482 2142 5551 ignotum
2189 5478 2341 5532 illum
2390 5473 2741 5540 divinumque
2789 5476 3101 5524 contactum
3154 5464 3465 5519 adducitur.

1896 5568 2132 5625 Rursum
2165 5568 2216 5623 in
2243 5565 2440 5622 animis
2466 5560 2672 5619 nostris
2700 5557 2939 5630 reperire
2971 5555 3097 5611 licet
3130 5552 3466 5609 individuam
