3866 6232
458 320 562 371 965

1619 328 1678 386 S.
1718 329 2016 387 DIONYSII
2047 330 2510 389 ΑΠΕΟΡΑΟΙΤΑΞ

3601 341 3727 397 964

455 438 961 497 etiumtaterialem
1015 444 1658 514 coguitionem,quando
1710 448 2015 517 omnigenat

2132 447 2316 518 νόησιν
2360 449 2586 514 ἒνωσιν,
2619 450 2833 515 οἰκείως
2866 452 3083 516 ἑαυταῖς
3108 493 3121 515 ,
3155 448 3263 521 ὀδῷ
3292 470 3396 507 τινι
3429 455 3524 508 καὶ
3554 453 3725 519 τάξει

458 532 913 589 ratiocinationes
936 535 1002 590 ad
1028 551 1187 590 uuam
1216 537 1520 606 spiritalem
1549 540 1844 606 puritatem
1873 541 2032 596 colli-

457 634 636 694 gunt;
692 636 821 682 tunc
861 628 1006 681 enim
1058 629 1124 682 ad
1176 629 1433 684 unionem
1481 646 1698 700 quoque
1757 633 2032 688 intellectu

456 718 830 786 superiorem,
867 735 968 789 pro
1000 732 1160 788 captu
1191 736 1313 783 suo,
1363 720 1449 774 via
1476 724 1715 790 quadam
1748 734 1803 779 et
1841 725 2034 782 ordine

455 810 785 878 pertingant,
821 826 918 879 per
948 813 1088 867 banc
1137 812 1315 879 ipsam
1340 814 1595 869 videlicet
1640 823 1888 869 naturam
1913 822 2031 887 'pa-

453 900 535 955 cis
581 917 685 955 una
736 904 985 972 quaedam
1052 914 1107 960 et
1170 905 1562 961 indissolubilis
1634 907 2029 963 elementorum

453 994 694 1048 omnium
742 998 1012 1051 connexio
1059 998 1283 1062 existit,
1315 998 1545 1053 collecta
1579 1000 1798 1068 quidem
1845 1001 2031 1055 incon-

454 1081 590 1147 fuse,
624 1087 749 1155 quia
796 1087 926 1143 licet
969 1087 1071 1142 sibi
1110 1097 1298 1142 mutuo
1341 1089 1825 1154 commisceantur,
1867 1089 2030 1145 simul

456 1184 635 1231 tamen
673 1183 990 1235 eorutndem
1018 1180 1314 1249 qualitates
1344 1182 1720 1235 extremitates
1768 1197 1897 1237 suas
1924 1184 2027 1237 nti-

454 1269 599 1321 nime
644 1271 908 1338 perdunt;
959 1272 1246 1327 comntista
1298 1286 1429 1325 vero
1467 1271 1762 1334 indivulse,
1795 1273 1923 1343 quia
1960 1289 2026 1328 ex

455 1362 557 1416 hac
608 1362 1004 1418 elementorum
1048 1365 1306 1419 mistione
1363 1380 1469 1418 una
1523 1367 1770 1435 quaedam
1834 1375 2027 1421 natura

451 1452 757 1520 perficitur.
798 1453 922 1509 Haec
947 1457 1092 1509 enim
1124 1465 1205 1510 est
1233 1471 1362 1526 pax,
1394 1472 1517 1525 qua:
1547 1467 1792 1511 extrema
1844 1468 2029 1512 extre-

447 1545 554 1598 mis
584 1560 679 1613 per
719 1548 897 1601 media
941 1549 1246 1603 connectit.
1298 1548 1558 1603 Extrema
1588 1563 1718 1603 vero
1747 1550 1901 1613 dicit,
1947 1550 2029 1603 in-

447 1637 712 1690 termedia
775 1639 1088 1703 elementa,
1143 1648 1386 1707 terram,
1441 1655 1651 1705 aerem,
1701 1655 1920 1711 aquam,
1972 1650 2027 1695 et

445 1728 679 1792 aethera,
710 1743 832 1796 qua:
878 1738 1008 1784 sunt
1036 1730 1200 1784 etiam
1241 1728 1545 1785 secundum
1583 1730 1764 1784 omnia
1806 1739 2025 1785 contra—

2135 538 2523 605 προϐαίνουσι,
2568 539 2656 593 διά
2700 542 2904 613 ταύτην
2955 544 3053 614 τὴν
3095 544 3193 613 τῆς
3240 546 3459 616 εἰρήνης
3503 544 3725 616 δηλαδὴ

2134 627 2314 696 φύσιν,
2350 631 2384 700 ἡ
2420 632 2517 701 μία
2550 634 2835 704 συμπλοκὴ
2867 634 2975 687 τῶν
3006 635 3259 688 ἀπάντων
3305 637 3584 706 στοιχείων
3618 636 3727 690 καὶ

2133 720 2415 786 ἀδιάλυτος
2453 723 2745 793 ὑφίσταται
2768 766 2783 790 ,
2820 726 3160 797 συναγομένη
3210 728 3307 797 μὲν
3350 728 3686 798 ἀσυγχύτως
3710 770 3727 791 .

2130 814 2235 880 ὅτι,
2272 818 2320 869 εἰ
2372 816 2467 870 καὶ
2512 818 2859 890 συναλλήλοις
2906 819 3247 890 μιγνύονται,
3299 820 3415 873 ἀλλ’
3459 822 3611 891 ὅμως
3662 824 3728 875 αἰ

2128 904 2337 957 τούτων
2369 905 2650 975 ποιότητες
2692 907 2790 977 τὴν
2832 907 3109 978 ἀκρότητα
3151 908 3359 962 ἑαυτῶν
3391 910 3449 961 οὐ
3484 927 3725 980 παραπ-

2128 994 2406 1048 ολλύουσι·
2464 997 2803 1069 συγχεομένη
2871 998 2925 1051 δέ
2996 999 3351 1070 ἀδιαιρέτως,
3386 1003 3465 1054 ὅτι
3500 1005 3568 1055 ἐκ
3612 1004 3728 1072 τῆς

2126 1087 2237 1140 τῶν
2284 1088 2561 1159 στοιχείων
2616 1090 2814 1160 μίξεως
2862 1090 2961 1159 μία
3004 1108 3086 1154 τις
3134 1092 3477 1147 ἀποτελεῖται
3528 1095 3723 1163 φύσις.

2127 1173 2277 1246 Αὕτη
2310 1177 2419 1247 γάρ
2451 1178 2602 1231 ἐστιν
2632 1181 2664 1249 ή
2701 1180 2889 1249 εἰρήνη
2922 1182 2954 1251 ἡ
2989 1181 3057 1233 τὰ
3090 1181 3232 1253 ἄκρα
3260 1186 3371 1247 τοῖς
3404 1184 3597 1255 ἀκροις
3631 1186 3727 1239 διὰ

2126 1260 2236 1314 τῶν
2270 1262 2450 1332 μέσων
2484 1264 2795 1320 συνδέουσα.
2834 1269 3013 1339 ’Ἄκρα
3042 1269 3098 1323 δὲ
3130 1270 3277 1339 λέγει
3327 1273 3395 1325 τά
3428 1275 3539 1328 τῶν
3573 1293 3726 1329 στοι-

2127 1351 2290 1421 χείων
2327 1352 2579 1424 έμμεσα,
2612 1355 2709 1427 τὴν
2731 1356 2853 1426 γῆν,
2882 1357 2973 1409 τὸν
2996 1359 3165 1430 ἀέρα,
3198 1360 3261 1413 τὸ
3292 1360 3455 1433 ὕδωρ,
3492 1364 3591 1416 καὶ
3626 1365 3725 1417 τὸν

2125 1442 2353 1513 αἰθέρα,
2390 1444 2533 1516 ἆπερ
2584 1447 2690 1499 εἰσὶ
2739 1448 2833 1499 καὶ
2882 1447 3021 1501 κατά
3066 1449 3246 1502 πάντα
3278 1451 3516 1504 ἐναντία.
3555 1453 3722 1505 Μέσα

2125 1534 2182 1588 δέ
2205 1575 2221 1599 ,
2254 1536 2359 1605 γῆς
2396 1536 2496 1606 μὲν
2529 1538 2622 1591 καὶ
2654 1537 2815 1609 ἀέρος
2847 1538 2908 1592 τὸ
2942 1538 3106 1612 ὕδωρ,
3152 1543 3222 1611 γῇ
3272 1543 3369 1611 μὲν
3419 1545 3721 1597 κοινωνοῦν

2124 1628 2204 1700 τῷ
2233 1629 2456 1701 ψυχρῷ,
2492 1632 2616 1701 ἀέρι
2647 1631 2708 1685 δὲ
2736 1632 2814 1702 τῷ
2848 1632 3030 1705 ὑγρῷο
3068 1635 3160 1687 καὶ
3194 1634 3351 1688 πάλιν
3383 1634 3480 1688 τοῦ
3516 1636 3719 1700 ὓδατος

2127 1722 2221 1774 καὶ
2251 1721 2345 1774 τοῦ
2378 1722 2593 1794 αἰθέρος
2625 1725 2753 1796 ἀὴρ,
2791 1724 2943 1777 ὕδατι
2990 1725 3086 1795 μὲν
3119 1727 3383 1779 κοινωνῶν
3416 1726 3491 1796 τῷ
3529 1728 3712 1798 ὑγρῷ,

443 1818 548 1873 ria.
600 1818 771 1874 Media
820 1832 1026 1886 autem,
1065 1823 1209 1876 inter
1241 1833 1445 1879 terram
1496 1823 1706 1878 scilicet
1729 1832 1784 1877 et
1813 1837 2015 1890 aerem,

2122 1813 2300 1885 αἰθέρι
2332 1813 2389 1865 δὲ
2421 1813 2499 1884 τῷ
2531 1815 2736 1887 θερμῷ.
2788 1816 2935 1888 Αὕτη
2999 1817 3094 1871 καὶ
3140 1822 3261 1881 ταῖς
3305 1820 3564 1889 ἐσχάταις
3611 1822 3711 1874 τοῦ

444 1924 606 1979 aqua,
634 1926 754 1981 qua:
776 1927 899 1967 cum
927 1923 1072 1967 terra
1111 1914 1330 1981 quidem
1407 1915 1772 1970 communicat
1812 1915 2015 1983 rigore,

441 2018 566 2057 cum
598 2017 724 2057 aere
751 2018 880 2058 vero
911 2005 1237 2061 ltumiditate
1263 2027 1275 2061 :
1298 2013 1353 2061 et
1386 2022 1602 2061 rursum
1654 2006 1796 2060 inter
1819 2021 2015 2076 aquam

440 2102 496 2146 et
536 2096 742 2149 :etltera
797 2096 1012 2150 medius
1041 2105 1125 2151 est
1158 2111 1275 2162 acr,
1310 2099 1399 2167 qui
1448 2113 1573 2152 cum
1618 2112 1756 2167 aqua
1800 2100 2015 2167 quidem

439 2186 808 2240 communicat
847 2188 1195 2251 itumitlitate,
1229 2204 1353 2242 cum
1404 2189 1611 2245 aethere
1642 2205 1772 2245 vero
1812 2192 2013 2245 calore.

439 2275 565 2330 Haec
591 2279 755 2331 etiam
784 2281 1053 2334 extremis
1081 2281 1326 2335 universi
1382 2281 1602 2346 llnibus,
1633 2284 1725 2352 qui
1758 2294 1886 2338 sunt
1928 2284 2013 2336 in-

438 2368 651 2423 animes
681 2371 1023 2437 substantize,
1096 2372 1151 2425 in
1186 2372 1387 2441 quibus
1415 2373 1594 2427 nullus
1622 2383 1800 2429 motus
1830 2389 2015 2428 accre-

438 2460 604 2515 lionis
656 2470 749 2514 aut
795 2462 1115 2517 uutritiouis
1169 2473 1265 2517 aut
1321 2463 1554 2517 aliorum
1608 2466 2011 2528 consideratur,

434 2548 735 2602 amicitiam
787 2550 1054 2619 impertit,
1108 2553 1407 2620 omniaque
1454 2569 1713 2624 germana
1749 2555 1922 2608 reddit
1958 2563 2012 2609 et

432 2650 684 2707 cognata,
737 2642 788 2694 itt
844 2655 1104 2711 quantum
1138 2660 1203 2698 ex
1243 2645 1353 2700 Deo
1400 2647 1584 2700 omnia
1629 2658 1683 2701 et
1732 2648 1795 2700 ad
1840 2647 2009 2701 Deum

432 2742 866 2788 convertuntur:
916 2736 997 2789 sic
1039 2737 1184 2790 enim
1232 2738 1398 2791 etiam
1446 2739 1742 2807 Apostolus
1783 2739 2010 2808 antiquo

432 2822 579 2878 dicto
614 2840 748 2880 usus
773 2836 877 2889 est,
913 2825 1092 2895 Ipsius
1134 2828 1272 2881 enim
1310 2839 1360 2882 et
1386 2844 1547 2895 genus
1582 2847 1762 2884 sumus
1788 2840 1835 2883 ι.
1867 2830 2009 2887 Dicit

431 2924 612 2969 autem
675 2932 897 2971 causam
952 2921 1250 2973 secundum
1302 2936 1465 2989 quam
1516 2923 1697 2975 omnia
1746 2933 1876 2977 sunt
1915 2938 2005 2977 co-

428 3016 618 3077 gnata,
654 3009 988 3063 intellectilia
1029 3010 1285 3064 videlicet
1327 3011 1653 3077 unitatibus,
1707 3011 1758 3065 id
1795 3023 1880 3066 est
1921 3028 2005 3068 se-

428 3100 666 3152 cundum
697 3100 749 3154 id
773 3101 916 3169 quod
952 3102 1003 3154 in
1038 3100 1172 3171 ipsis
1200 3101 1327 3170 quid
1361 3117 1527 3155 unum
1560 3112 1615 3156 et
1639 3102 1867 3174 simplex
1897 3114 2002 3170 est,

425 3200 481 3245 et
525 3195 825 3245 secundum
880 3192 1321 3247 immortalitatis
1358 3192 1729 3259 identitatem;
1784 3196 2005 3250 sensilia

423 3294 491 3336 ex
523 3281 754 3338 diversis
791 3283 1098 3349 elementis,
1132 3283 1495 3349 unitionibus,
1535 3298 1632 3339 seu
1665 3287 2005 3342 commistio-

428 3375 609 3429 nibus.
639 3389 703 3429 ac
732 3374 920 3428 talium
968 3375 1291 3429 mistionum
1322 3374 1763 3429 collectionibus.
1808 3376 2003 3431 Divina

423 3464 694 3533 siquidem
720 3477 827 3533 pax
856 3464 908 3517 itt
936 3478 1045 3517 uno
1080 3474 1137 3517 et
1174 3464 1368 3517 eodem
1415 3465 1599 3518 omnia
1628 3466 2001 3533 demonstrat;

424 3556 689 3627 pertingit
712 3555 859 3610 enim
885 3556 953 3608 ad
989 3555 1195 3619 omnia,
1224 3568 1393 3623 seque
1421 3569 1521 3623 pro
1547 3556 1810 3625 cujusque
1840 3568 2001 3626 captu

2120 1905 2318 1968 παντὸς
2381 1906 2881 1978 ἀποπερατώσεσιν,
2948 1910 3149 1973 αἵτινές
3194 1914 3329 1964 εἰσιν
3378 1914 3435 1964 αἰ
3500 1913 3711 1982 ἄψυχοι

2117 1996 2293 2049 οὐσίαι
2318 2037 2333 2061 ,
2369 1999 2427 2051 ἐν
2459 1993 2548 2062 αἷς
2575 1999 2798 2070 οὐδεμία
2822 2002 3033 2071 κίνησις
3059 2000 3323 2073 θρεπτική
3350 2003 3384 2073 ἦ
3408 2003 3708 2074 αὐξητικὴ,

2116 2087 2150 2157 ἢ
2195 2088 2303 2143 τῶν
2356 2090 2531 2144 ἀλλων
2579 2110 2664 2156 τις
2712 2092 3031 2165 θεωρεῖται,
3064 2094 3163 2165 τὴν
3196 2095 3375 2163 φιλίαν
3409 2096 3711 2166 δωρεῖται,

2115 2180 2211 2232 καί⁵
2243 2180 2422 2235 πάντα
2454 2182 2657 2252 ἀδελφά
2691 2187 2835 2236 ποιεῖ
2867 2185 2961 2237 καὶ
2995 2186 3228 2255 συγγενῆ
3248 2225 3262 2248 ,
3292 2185 3480 2239 καθότι
3513 2187 3581 2239 ἐκ
3615 2184 3713 2237 τοῦ

2114 2268 2250 2323 Θεοῦ
2282 2274 2493 2337 πάντα,
2545 2275 2640 2327 καὶ
2687 2276 2824 2346 πρὸς
2874 2275 3008 2328 Θεὸν
3054 2276 3509 2347 ἐπιστρέφουσιν·
3562 2276 3714 2328 οὓτω

2114 2361 2224 2433 γάρ
2256 2365 2530 2435 ἐχρήσατο
2562 2364 2637 2436 τῷ
2662 2365 2879 2435 παλαιῷ
2912 2368 3115 2437 ῥήματι
3151 2367 3247 2419 καὶ
3282 2367 3310 2417 ό
3356 2366 3709 2429 Ἀπόστολος·

2120 2454 2230 2507 Τοῦ
2258 2462 2367 2525 γὰρ
2392 2457 2487 2509 καί
2518 2458 2689 2527 γένος
2712 2458 2918 2527 ἐσμέν.
2956 2458 3119 2526 Λέγει
3156 2458 3212 2511 δὲ
3240 2458 3338 2529 τὴν
3365 2458 3551 2511 αἰτίαν
3584 2460 3712 2512 καθ’

2111 2552 2178 2622 ἢν
2210 2550 2439 2621 ὁμόγνια
2470 2550 2537 2602 τά
2577 2550 2787 2604 πάντα·
2825 2551 2919 2604 καὶ
2949 2550 3088 2613 τέως
3125 2549 3194 2603 τά
3234 2550 3398 2621 νοητὰ
3431 2553 3556 2615 ταῖς
3590 2554 3714 2605 ἐνό-

2109 2657 2278 2713 τησι,
2328 2642 2449 2696 κατ’
2496 2642 2627 2695 αὐτὸ
2671 2641 2736 2712 δὴ
2781 2642 2841 2694 τὸ
2891 2643 3089 2694 ἐνιαῖον
3126 2642 3221 2694 καὶ
3253 2641 3458 2695 ἁπλοῦν
3490 2644 3709 2705 αὐτῶν,

2110 2738 2205 2790 καὶ
2238 2736 2379 2790 κατά
2414 2735 2474 2789 τὸ
2507 2735 2677 2789 ταύτὸ
2707 2736 2805 2805 τῆς
2831 2734 3127 2797 ἀθανασίας
3146 2750 3160 2763 °
3184 2734 3253 2786 τά
3276 2734 3513 2806 αἰσθητά
3535 2776 3552 2801 ,
3588 2740 3713 2799 ταῖς

2108 2832 2173 2883 ἐκ
2216 2828 2323 2881 τῶν
2367 2828 2637 2898 διαφόρων
2682 2827 2959 2897 στοιχείων
2990 2824 3267 2887 ἐνώσεσιν,
3303 2827 3425 2897 ἦτοι
3461 2828 3707 2899 συγκρί-

2111 2936 2267 2991 μασι,
2302 2920 2397 2972 καὶ
2427 2921 2548 2980 ταῖς
2584 2920 2923 2986 συναγωγαῖς
2954 2918 3063 2971 τῶν
3094 2917 3347 2970 τοιούτων
3382 2918 3708 2987 μιγμάτων.

2119 3012 2184 3065 Ἦ
2215 3012 2333 3065 θεία
2364 3011 2474 3082 γάρ
2501 3013 2713 3083 εἰρήνη,
2752 3012 2809 3063 ἐν
2842 3012 2924 3063 ἐνὶ
2956 3011 3049 3064 καὶ
3082 3009 3160 3080 τῷ
3191 3009 3339 3079 αὐτῷ
3383 3010 3567 3062 πάντα
3604 3010 3711 3062 δει-

2107 3100 2378 3163 κνύουσα,
2414 3100 2629 3171 πρόεισι
2687 3100 2784 3169 μὲν
2828 3101 2923 3152 ἐπὶ
2968 3098 3175 3164 πάντα,
3212 3100 3306 3151 καί⁵
3339 3097 3709 3169 μεταδίδωσιν

2111 3192 2309 3261 ἑαυτῆς
2336 3191 2550 3255 οἰκείως
2583 3192 2678 3245 καὶ
2710 3192 2830 3244 κατ’
2858 3191 3015 3257 ἀξίαν
3041 3194 3152 3255 τοῖς
3184 3191 3475 3262 πράγμασι
3496 3207 3514 3220 ·
3554 3192 3709 3262 μένει

2110 3286 2206 3351 δὲ,
2250 3285 2317 3339 δι’
2364 3285 2636 3356 ὑπεροχὴν
2668 3284 2914 3349 ἐνώσεως
2958 3286 3053 3339 καὶ
3098 3285 3356 3355 εἰρήνης,
3408 3283 3509 3353 ὅλη
3564 3284 3706 3354 πρὸς

2109 3378 2238 3448 ὅλην
2285 3376 2483 3448 ἑαυτὴν
2506 3417 2520 3442 ,
2571 3377 2697 3431 καθ’
2730 3378 2860 3447 ὅλην
2905 3377 3325 3449 ὑπερηνωμένη.
3387 3376 3549 3429 Ἐπεὶ
3596 3376 3707 3446 γὰρ

2111 3468 2508 3540 ὐπερηνωμένη
2560 3469 2746 3533 ἐστὶν,
2809 3468 2950 3538 αὑτὴ
3010 3468 3179 3539 ἑαυτῇ
3241 3467 3472 3522 καθόλου
3523 3468 3705 3538 ταύτή

2111 3560 2279 3613 ἐστιν.

423 3662 487 3702 ac
523 3649 790 3718 dignitate
837 3647 1001 3702 rebus
1052 3648 1311 3703 omnibus
1348 3649 1752 3714 communicat;
1807 3659 1991 3705 manet
2030 3666 2181 3715 vero,
2208 3668 2305 3721 per
2332 3650 2714 3707 excellentiam
2746 3651 2962 3706 unionis
3009 3656 3067 3704 et
3121 3646 3291 3713 pacis,
3343 3656 3454 3701 tota
3506 3663 3702 3703 secum

423 3750 567 3807 tota,
610 3740 909 3795 secundum
957 3749 1129 3794 totam
1210 3752 1543 3808 supraquam
1618 3741 1794 3795 unita.
1862 3740 2143 3811 Siquidem
2198 3743 2346 3814 quod
2414 3757 2748 3814 supraquam
2810 3740 2999 3808 unita,
3047 3748 3121 3795 stt
3167 3738 3282 3809 ipsa
3324 3740 3425 3795 sibi
3487 3754 3702 3795 set-un-

421 3834 551 3889 dum
580 3846 639 3886 se
665 3842 834 3885 totam
871 3831 1065 3885 eadem
1107 3832 1319 3886 existit.

492 3924 524 3998 ς
566 3923 652 3980 Ill.
695 3924 796 3980 llic
817 3926 1177 3994 quorumdam
1210 3925 1610 3995 quodammodo
1644 3927 1999 3996 quaestionem

2176 3924 2205 3997 ᾗ
2240 3926 2333 3978 lli.
2388 3923 2668 3978 Ἐντεῦθεν
2698 3922 2774 3987 ὡς
2806 3921 2913 3975 ἀπό
2942 3936 3107 3974 τινων
3152 3919 3384 3990 ἀπορίαν
3434 3923 3700 3991 παρενεί-

422 4016 617 4072 inserit
653 4018 953 4073 dicentium
986 4033 1001 4072 :
1037 4017 1327 4085 Quomodo
1361 4019 1543 4073 omnia
1596 4034 1783 4089 paceni
1830 4032 1999 4089 appe-

2121 4031 2211 4087 ρει,
2248 4014 2407 4080 Πῶς,
2432 4013 2722 4082 λεγόντων,
2753 4012 2965 4081 ἐφίεται
2994 4010 3174 4063 πάντα
3199 4010 3420 4080 εἰρήνης
3442 4048 3458 4073 ,
3494 4010 3696 4081 ἐπειδὴ

419 4117 561 4173 tant,
596 4124 721 4163 cum
773 4109 953 4179 aliqua
1000 4110 1111 4165 sint
1140 4126 1262 4180 qua:
1312 4110 1587 4165 divisione
1632 4119 1686 4165 et
1717 4111 1997 4165 inimicitia

2121 4106 2229 4161 πινά
2260 4108 2366 4159 εἰσι
2397 4108 2462 4176 τῇ
2496 4103 2767 4176 διακρίσει
2812 4102 2907 4157 καὶ
2938 4105 3005 4173 τῇ
3039 4101 3209 4172 ἔχθρᾳ
3243 4100 3499 4171 χαίροντα
3528 4118 3548 4164 ;
3588 4104 3699 4154 Καὶ.

416 4198 735 4269 gaudeant?
767 4199 835 4255 Et
884 4215 1027 4255 nunc
1070 4201 1289 4269 quidem
1337 4199 1490 4254 clare
1532 4200 1688 4267 dicit,
1722 4215 1843 4270 qua:
1889 4201 2000 4255 sint

2121 4197 2202 4251 νῦν
2248 4197 2345 4268 μὲν
2393 4194 2577 4265 σαφῶς
2626 4194 2809 4262 λέγει,
2854 4194 2976 4247 τίνα
3026 4193 3133 4245 εἰσὶ
3180 4190 3249 4243 τὰ
3294 4193 3359 4262 τῇ
3405 4191 3696 4263 ἑτερότητι

418 4306 538 4360 quae
590 4292 909 4347 diversitate
958 4292 1323 4358 delectentur,
1373 4293 1427 4346 in
1471 4292 1825 4347 distinctione
1870 4307 2000 4347 vero

2121 4293 2385 4363 (αἰροντα,
2422 4294 2479 4344 ἐν
2510 4291 2569 4344 δὲ
2598 4292 2665 4361 τῇ
2699 4289 2850 4342 λύσει
2882 4288 3248 4360 διευκρινήσει
3277 4286 3452 4340 ταῦτα
3483 4287 3697 4341 πλατύ-

416 4380 581 4453 519
639 4384 751 4437 haec
801 4382 976 4437 fusius
1036 4383 1278 4437 dirimet.
1333 4382 1626 4451 Triplicem
1682 4384 1869 4452 itaque
1910 4400 1999 4438 ra-

2121 4403 2281 4457 repov.
2318 4383 2531 4455 Τριχῶς
2579 4382 2711 4452 γοῦν
2760 4384 2993 4438 ποιεῖται
3028 4382 3127 4453 τὴν
3159 4380 3253 4434 τοῦ
3286 4380 3440 4449 λόγου
3471 4380 3691 4449 ἔφοδον,

414 4477 617 4529 tiuuetu
666 4474 860 4538 all‘erl,
901 4490 968 4528 ac
1011 4476 1242 4546 primam
1289 4474 1511 4544 quidem
1576 4473 1856 4541 admittit,
1905 4488 1994 4528 se-

2121 4479 2194 4532 tal.
2224 4477 2315 4530 τὸν
2351 4477 2450 4547 μὲν
2478 4476 2741 4547 πρότερον
2762 4474 2916 4542 λόγον
2939 4473 3174 4543 δέχεται,
3200 4472 3289 4524 τὸν
3321 4472 3375 4524 δέ
3407 4471 3690 4544 δεύτερον,

411 4565 647 4617 eundum
693 4579 823 4619 vero
860 4574 1121 4635 tanquam
1177 4564 1573 4633 intpossibilem
1636 4562 1834 4630 rejicit,
1884 4573 1995 4618 ter-

2121 4572 2175 4635 ἱ›ς
2210 4570 2285 4641 μὴ
2315 4570 2611 4639 δυνάμενον
2644 4564 2804 4630 εἶναι,
2841 4565 3222 4629 ἀποϐάλλεται,
3255 4566 3347 4617 τὸν
3379 4565 3436 4618 δέ
3466 4582 3539 4633 γε
3574 4566 3691 4636 τρί-

414 4656 543 4708 tiam
578 4657 812 4725 denique
867 4659 1205 4713 moderatur.
1255 4657 1313 4711 Si
1364 4656 1549 4726 igitur,
1579 4657 1778 4726 inquit,
1809 4655 1997 4723 cujus-

2121 4679 2189 4714 εον
2223 4659 2536 4733 θεραπεύει.
2572 4660 2635 4711 Εἰ
2668 4656 2800 4725 γοῦν
2830 4655 2927 4727 τὴν
2960 4656 3190 4709 ἑκάστου
3227 4654 3481 4724 ἰδιότητα,
3522 4656 3688 4724 φησιν

411 4759 523 4814 que
556 4748 635 4800 rei
671 4750 1063 4819 proprietatem
1117 4750 1242 4819 quis
1286 4750 1454 4813 dicat,
1488 4749 1787 4803 secundum
1824 4764 1988 4817 quam

2121 4775 2125 4798 ι
2157 4752 2351 4821 λέγων,
2387 4750 2510 4804 καθ’
2544 4750 2610 4821 ἢν
2641 4747 2800 4801 τοῦτο
2824 4747 2923 4818 μὲν
2951 4747 3081 4818 πῦρ,
3108 4746 3266 4799 τοῦτο
3297 4746 3353 4798 δὲ
3386 4746 3559 4814 ὕδωρ,
3595 4746 3685 4799 καὶ

411 4837 515 4890 hoc
543 4838 763 4905 quidem
818 4839 981 4906 ignis,
1027 4839 1161 4894 illud
1196 4853 1330 4893 vero
1373 4854 1537 4908 aqua,
1569 4849 1624 4893 et
1662 4838 1810 4893 aliud
1842 4840 1987 4893 aliud

2121 4843 2255 4897 'oﬁto
2275 4843 2462 4913 ἕτερόν
2481 4860 2553 4905 τι,
2583 4840 2758 4904 ἄλλως
2782 4839 2881 4910 τῆς
2908 4837 3121 4907 φύσεως
3143 4836 3284 4907 ἔχον,
3308 4835 3406 4906 τὴν
3425 4836 3684 4903 τοιαύτην

408 4930 539 4995 quid
563 4930 775 4995 existit,
812 4942 869 4985 ut
898 4933 1061 4985 aliam
1107 4940 1362 4986 naturam
1416 4932 1648 4997 habens,
1678 4931 1984 4985 istiusmodi

2123 4935 2387 5005 τερότητα
2421 4931 2577 5001 κάγὼ
2608 4931 2856 5002 δέχομαι,
2880 4931 2945 5001 ἢν
2968 4930 3028 4982 οὐ
3062 4928 3205 4996 λέγω
3234 4927 3525 4998 διάκρισιν,
3552 4926 3678 4978 ἀλλὰ

408 5022 782 5075 diversitatem
826 5036 929 5092 ego
957 5036 1178 5091 quoque
1221 5022 1473 5084 admitto,
1514 5035 1679 5089 quam
1727 5035 1833 5073 non
1864 5020 1985 5073 dico

2121 5026 2294 5080 ιᾶλλον
2331 5026 2524 5079 ἕνωσιν
2577 5024 2713 5095 πρὸς
2760 5022 2920 5075 ἑαυτὸ
2964 5021 3195 5076 ἑκάστου
3241 5021 3336 5073 καὶ
3384 5019 3673 5072 σύστασιν·

406 5112 839 5179 disiunctionem,
864 5114 959 5168 sed
987 5114 1168 5183 potius
1199 5115 1459 5168 unionent
1486 5123 1540 5165 et
1570 5112 1983 5167 consistentiam

2122 5122 2242 5174 ύδέν
2276 5120 2385 5191 γὰρ
2415 5120 2525 5171 τῶν
2562 5118 2732 5171 όντων
2777 5115 2952 5169 ἐθέλει
3000 5113 3287 5168 ἀπολλύειν
3337 5113 3479 5185 ὅπερ
3524 5112 3669 5164 ἐστί·

404 5205 669 5275 cujusque
701 5206 753 5259 in
785 5215 934 5260 statu
961 5221 1063 5259 suo
1094 5223 1108 5258 :
1137 5206 1273 5260 ttihil
1306 5206 1451 5259 enim
1493 5218 1682 5257 eorum
1709 5218 1829 5273 quae
1854 5211 1987 5256 sunt

2121 5214 2272 5267 πάντα
2305 5212 2413 5283 γάρ
2446 5211 2619 5264 ἐθέλει
2646 5207 2950 5281 εἰρηνεύειν
2984 5208 3120 5279 πρὸς
3147 5206 3339 5271 ἐαυτά,
3365 5208 3462 5260 καὶ
3494 5208 3527 5278 ἡ
3562 5203 3671 5257 ἰδιό-

405 5300 554 5367 cupit
581 5300 809 5367 perdere
836 5298 888 5352 id
919 5299 1065 5367 quod
1095 5307 1215 5361 est;
1249 5297 1437 5350 volunt
1465 5296 1611 5350 enim
1636 5295 1818 5349 omnia
1857 5308 1983 5348 cum

2121 5322 2184 5376 ης
2217 5304 2435 5376 φυλακὴ
2471 5303 2672 5377 μᾶλλον
2703 5302 2804 5367 τῆς
2838 5300 3053 5370 φύσεως
3086 5300 3310 5381 γίνεται.

404 5390 712 5460 semetipsis
753 5405 945 5461 pacem
988 5389 1218 5451 habere,
1252 5398 1419 5458 atque
1447 5387 1760 5459 proprietas
1791 5386 1981 5457 cujus-

404 5495 511 5550 que
546 5484 729 5550 potius
759 5492 951 5537 custos
980 5492 1067 5539 est
1104 5492 1331 5538 natura.

521 5724 547 5763 ⁸
577 5722 699 5776 Act.
738 5737 871 5787 xvu,
906 5720 1001 5775 28.
