  <div class='ocr_page' id='page_1' title='image "/cluster/home/n/w/nwhite01/storage/ocr_20150623/3/nnc1.0046978666/540.png"; bbox 0 0 3866 6232; ppageno 0'>
   <div class='ocr_carea' id='block_1_1' title="bbox 204 324 330 386">
    <p class='ocr_par' dir='ltr' id='par_1_1' title="bbox 204 324 330 386">
     <span class='ocr_line' id='line_1_1' title="bbox 204 324 330 386; baseline 0.016 -2"><span class='ocrx_word' id='word_1_1' title='bbox 204 324 330 386; x_wconf 56' lang='grc'><strong>’965</strong></span> 
     </span>
    </p>
   </div>
   <div class='ocr_carea' id='block_1_2' title="bbox 790 313 2877 385">
    <p class='ocr_par' dir='ltr' id='par_1_2' title="bbox 790 313 2877 385">
     <span class='ocr_line' id='line_1_2' title="bbox 790 313 2877 385; baseline -0.003 -4"><span class='ocrx_word' id='word_1_2' title='bbox 790 324 879 381; x_wconf 88' lang='lat' dir='ltr'><strong>DE</strong></span> <span class='ocrx_word' id='word_1_3' title='bbox 912 320 1164 378; x_wconf 82' lang='lat' dir='ltr'><strong>DlVlNlS</strong></span> <span class='ocrx_word' id='word_1_4' title='bbox 1194 318 1590 385; x_wconf 76' lang='lat' dir='ltr'><strong>NOMlNlBUS,</strong></span> <span class='ocrx_word' id='word_1_5' title='bbox 1622 315 1777 373; x_wconf 83' lang='lat' dir='ltr'><strong>CAP.</strong></span> <span class='ocrx_word' id='word_1_6' title='bbox 1802 313 1895 370; x_wconf 68' lang='lat' dir='ltr'><strong>XI.</strong></span> <span class='ocrx_word' id='word_1_7' title='bbox 1923 346 1991 355; x_wconf 84' lang='lat'><strong>———</strong></span> <span class='ocrx_word' id='word_1_8' title='bbox 2023 313 2369 370; x_wconf 72' lang='lat' dir='ltr'><strong>PARAPIIR.</strong></span> <span class='ocrx_word' id='word_1_9' title='bbox 2408 314 2877 375; x_wconf 69' lang='lat' dir='ltr'><strong>PACIIYMERE.</strong></span> 
     </span>
    </p>
   </div>
   <div class='ocr_carea' id='block_1_3' title="bbox 3400 322 3507 379">
    <p class='ocr_par' dir='ltr' id='par_1_3' title="bbox 3400 322 3507 379">
     <span class='ocr_line' id='line_1_3' title="bbox 3400 322 3507 379; baseline 0.009 -1"><span class='ocrx_word' id='word_1_10' title='bbox 3400 322 3507 379; x_wconf 81' lang='lat'><strong>966</strong></span> 
     </span>
    </p>
   </div>
   <div class='ocr_carea' id='block_1_4' title="bbox 293 430 1824 514">
    <p class='ocr_par' dir='ltr' id='par_1_4' title="bbox 293 434 1812 514">
     <span class='ocr_line' id='line_1_4' title="bbox 293 434 1812 514; baseline -0.008 -16"><span class='ocrx_word' id='word_1_11' title='bbox 293 444 324 514; x_wconf 62' lang='grc' dir='ltr'><strong>ς</strong></span> <span class='ocrx_word' id='word_1_12' title='bbox 363 443 445 499; x_wconf 81' lang='lat' dir='ltr'><strong>IV.</strong></span> <span class='ocrx_word' id='word_1_13' title='bbox 484 442 597 497; x_wconf 73' lang='grc' dir='ltr'>Καὶ</span> <span class='ocrx_word' id='word_1_14' title='bbox 625 440 681 495; x_wconf 87' lang='grc' dir='ltr'><strong>τί</strong></span> <span class='ocrx_word' id='word_1_15' title='bbox 710 439 856 509; x_wconf 84' lang='grc' dir='ltr'>λέγω</span> <span class='ocrx_word' id='word_1_16' title='bbox 885 438 1062 493; x_wconf 80' lang='grc' dir='ltr'>ταῦτα</span> <span class='ocrx_word' id='word_1_17' title='bbox 1089 439 1184 492; x_wconf 75' lang='grc' dir='ltr'>ἐπὶ</span> <span class='ocrx_word' id='word_1_18' title='bbox 1210 438 1323 501; x_wconf 82' lang='grc' dir='ltr'>τοῖς</span> <span class='ocrx_word' id='word_1_19' title='bbox 1352 435 1427 507; x_wconf 84' lang='grc' dir='ltr'>μὴ</span> <span class='ocrx_word' id='word_1_20' title='bbox 1450 434 1812 505; x_wconf 78' lang='grc' dir='ltr'><strong>κινουμένοις,</strong></span> 
     </span>
    </p>
   </div>
   <div class='ocr_carea' id='block_1_5' title="bbox 1927 430 3507 514">
    <p class='ocr_par' dir='ltr' id='par_1_5' title="bbox 1993 430 3507 503">
     <span class='ocr_line' id='line_1_5' title="bbox 1993 430 3507 503; baseline 0.005 -18"><span class='ocrx_word' id='word_1_21' title='bbox 1993 430 2022 502; x_wconf 80' lang='lat'><strong>§</strong></span> <span class='ocrx_word' id='word_1_22' title='bbox 2062 430 2153 490; x_wconf 79' lang='lat' dir='ltr'><strong>IV.</strong></span> <span class='ocrx_word' id='word_1_23' title='bbox 2198 431 2265 485; x_wconf 85' lang='lat' dir='ltr'><strong>Et</strong></span> <span class='ocrx_word' id='word_1_24' title='bbox 2295 432 2425 500; x_wconf 87' lang='lat' dir='ltr'><strong>quid</strong></span> <span class='ocrx_word' id='word_1_25' title='bbox 2466 432 2594 487; x_wconf 90' lang='lat' dir='ltr'><strong>dico</strong></span> <span class='ocrx_word' id='word_1_26' title='bbox 2622 433 2738 487; x_wconf 68' lang='lat' dir='ltr'><strong>haec</strong></span> <span class='ocrx_word' id='word_1_27' title='bbox 2767 433 2834 487; x_wconf 90' lang='lat' dir='ltr'><strong>de</strong></span> <span class='ocrx_word' id='word_1_28' title='bbox 2866 432 2973 488; x_wconf 82' lang='lat' dir='ltr'><strong>illis</strong></span> <span class='ocrx_word' id='word_1_29' title='bbox 3000 448 3122 503; x_wconf 71' lang='lat' dir='ltr'><strong>qure</strong></span> <span class='ocrx_word' id='word_1_30' title='bbox 3149 448 3253 488; x_wconf 88' lang='lat' dir='ltr'><strong>non</strong></span> <span class='ocrx_word' id='word_1_31' title='bbox 3283 450 3507 493; x_wconf 82' lang='lat' dir='ltr'><strong>moven-</strong></span> 
     </span>
    </p>
   </div>
   <div class='ocr_carea' id='block_1_6' title="bbox 220 526 1821 603">
    <p class='ocr_par' dir='ltr' id='par_1_6' title="bbox 220 526 1821 603">
     <span class='ocr_line' id='line_1_6' title="bbox 220 526 1821 603; baseline -0.008 -12"><span class='ocrx_word' id='word_1_32' title='bbox 220 536 340 591; x_wconf 76' lang='grc' dir='ltr'>ἀλλ’</span> <span class='ocrx_word' id='word_1_33' title='bbox 374 537 759 597; x_wconf 80' lang='grc' dir='ltr'><strong>ἀστασιάστοις</strong></span> <span class='ocrx_word' id='word_1_34' title='bbox 791 532 888 586; x_wconf 73' lang='grc' dir='ltr'>καὶ</span> <span class='ocrx_word' id='word_1_35' title='bbox 919 529 1304 603; x_wconf 78' lang='grc' dir='ltr'><strong>ἡσυχάζουσιν,</strong></span> <span class='ocrx_word' id='word_1_36' title='bbox 1338 529 1473 582; x_wconf 80' lang='grc' dir='ltr'>ὅπου</span> <span class='ocrx_word' id='word_1_37' title='bbox 1507 543 1571 597; x_wconf 89' lang='grc' dir='ltr'><strong>γε</strong></span> <span class='ocrx_word' id='word_1_38' title='bbox 1604 526 1701 581; x_wconf 77' lang='grc' dir='ltr'>καὶ</span> <span class='ocrx_word' id='word_1_39' title='bbox 1732 526 1821 578; x_wconf 82' lang='grc' dir='ltr'>ἐπ’</span> 
     </span>
    </p>
   </div>
   <div class='ocr_carea' id='block_1_7' title="bbox 198 615 1823 693">
    <p class='ocr_par' dir='ltr' id='par_1_7' title="bbox 198 615 1823 693">
     <span class='ocr_line' id='line_1_7' title="bbox 198 615 1823 693; baseline -0.007 -14"><span class='ocrx_word' id='word_1_40' title='bbox 198 643 205 649; x_wconf 80' lang='grc'><em>’</em></span> <span class='ocrx_word' id='word_1_41' title='bbox 224 626 410 688; x_wconf 78' lang='grc' dir='ltr'>αὐτοῖς</span> <span class='ocrx_word' id='word_1_42' title='bbox 425 625 538 687; x_wconf 87' lang='grc' dir='ltr'>τοῖς</span> <span class='ocrx_word' id='word_1_43' title='bbox 557 639 708 676; x_wconf 87' lang='grc' dir='ltr'>κινου</span> <span class='ocrx_word' id='word_1_44' title='bbox 716 621 896 693; x_wconf 79' lang='grc' dir='ltr'>μένοις</span> <span class='ocrx_word' id='word_1_45' title='bbox 915 620 1035 674; x_wconf 78' lang='grc' dir='ltr'>καθ’</span> <span class='ocrx_word' id='word_1_46' title='bbox 1055 618 1345 674; x_wconf 82' lang='grc' dir='ltr'>ὁποιανοῦν</span> <span class='ocrx_word' id='word_1_47' title='bbox 1379 617 1615 688; x_wconf 90' lang='grc' dir='ltr'>κίνησιν,</span> <span class='ocrx_word' id='word_1_48' title='bbox 1634 615 1823 686; x_wconf 83' lang='grc' dir='ltr'>ὥσπερ</span> 
     </span>
    </p>
   </div>
   <div class='ocr_carea' id='block_1_8' title="bbox 226 703 1819 785">
    <p class='ocr_par' dir='ltr' id='par_1_8' title="bbox 226 703 1819 785">
     <span class='ocr_line' id='line_1_8' title="bbox 226 703 1819 785; baseline -0.008 -17"><span class='ocrx_word' id='word_1_49' title='bbox 226 717 323 771; x_wconf 79' lang='grc' dir='ltr'><strong>ἐπὶ</strong></span> <span class='ocrx_word' id='word_1_50' title='bbox 354 713 504 785; x_wconf 90' lang='grc' dir='ltr'>ήλίου</span> <span class='ocrx_word' id='word_1_51' title='bbox 540 711 640 765; x_wconf 79' lang='grc' dir='ltr'>ἴδοι</span> <span class='ocrx_word' id='word_1_52' title='bbox 670 728 758 774; x_wconf 92' lang='grc' dir='ltr'><strong>τις</strong></span> <span class='ocrx_word' id='word_1_53' title='bbox 791 709 877 773; x_wconf 81' lang='grc' dir='ltr'>ἂν,</span> <span class='ocrx_word' id='word_1_54' title='bbox 913 710 947 780; x_wconf 86' lang='grc' dir='ltr'>ἢ</span> <span class='ocrx_word' id='word_1_55' title='bbox 981 709 1075 763; x_wconf 77' lang='grc' dir='ltr'><strong>ἐπὶ</strong></span> <span class='ocrx_word' id='word_1_56' title='bbox 1098 707 1208 761; x_wconf 88' lang='grc' dir='ltr'><strong>τῶν</strong></span> <span class='ocrx_word' id='word_1_57' title='bbox 1234 706 1416 778; x_wconf 82' lang='grc' dir='ltr'>μερῶν</span> <span class='ocrx_word' id='word_1_58' title='bbox 1440 704 1535 759; x_wconf 81' lang='grc' dir='ltr'>τοῦ</span> <span class='ocrx_word' id='word_1_59' title='bbox 1568 703 1819 776; x_wconf 79' lang='grc' dir='ltr'>ούρανοῦ,</span> 
     </span>
    </p>
   </div>
   <div class='ocr_carea' id='block_1_9' title="bbox 224 794 1825 878">
    <p class='ocr_par' dir='ltr' id='par_1_9' title="bbox 224 794 1825 878">
     <span class='ocr_line' id='line_1_9' title="bbox 224 794 1825 878; baseline -0.008 -19"><span class='ocrx_word' id='word_1_60' title='bbox 224 808 261 878; x_wconf 82' lang='grc' dir='ltr'><strong>ἢ</strong></span> <span class='ocrx_word' id='word_1_61' title='bbox 298 807 387 858; x_wconf 75' lang='grc' dir='ltr'>ἐπ’</span> <span class='ocrx_word' id='word_1_62' title='bbox 420 803 597 858; x_wconf 75' lang='grc' dir='ltr'>ἄλλων</span> <span class='ocrx_word' id='word_1_63' title='bbox 641 802 701 855; x_wconf 91' lang='grc' dir='ltr'><strong>εὑ</strong></span> <span class='ocrx_word' id='word_1_64' title='bbox 710 798 1021 872; x_wconf 79' lang='grc' dir='ltr'>μεταϐόλων</span> <span class='ocrx_word' id='word_1_65' title='bbox 1044 839 1059 864; x_wconf 94' lang='grc'><strong>,</strong></span> <span class='ocrx_word' id='word_1_66' title='bbox 1108 798 1204 852; x_wconf 72' lang='grc' dir='ltr'><strong>καὶ</strong></span> <span class='ocrx_word' id='word_1_67' title='bbox 1252 800 1333 860; x_wconf 87' lang='grc' dir='ltr'><strong>εἰς</strong></span> <span class='ocrx_word' id='word_1_68' title='bbox 1382 795 1513 849; x_wconf 84' lang='grc' dir='ltr'>ἀλλο</span> <span class='ocrx_word' id='word_1_69' title='bbox 1558 794 1653 849; x_wconf 76' lang='grc' dir='ltr'><strong>καὶ</strong></span> <span class='ocrx_word' id='word_1_70' title='bbox 1698 794 1825 848; x_wconf 85' lang='grc' dir='ltr'>ἀλλο</span> 
     </span>
    </p>
   </div>
   <div class='ocr_carea' id='block_1_10' title="bbox 228 885 1825 971">
    <p class='ocr_par' dir='ltr' id='par_1_10' title="bbox 228 885 1825 971">
     <span class='ocr_line' id='line_1_10' title="bbox 228 885 1825 971; baseline -0.01 -18"><span class='ocrx_word' id='word_1_71' title='bbox 228 897 504 971; x_wconf 72' lang='grc' dir='ltr'>ῥεπόντων</span> <span class='ocrx_word' id='word_1_72' title='bbox 528 913 543 960; x_wconf 92' lang='grc'>;</span> <span class='ocrx_word' id='word_1_73' title='bbox 563 895 639 959; x_wconf 83' lang='grc' dir='ltr'>ὡς</span> <span class='ocrx_word' id='word_1_74' title='bbox 672 892 769 948; x_wconf 72' lang='grc' dir='ltr'><strong>καὶ</strong></span> <span class='ocrx_word' id='word_1_75' title='bbox 790 892 851 945; x_wconf 90' lang='grc' dir='ltr'><strong>τὸ</strong></span> <span class='ocrx_word' id='word_1_76' title='bbox 874 892 976 961; x_wconf 81' lang='grc' dir='ltr'><strong>τῆς</strong></span> <span class='ocrx_word' id='word_1_77' title='bbox 1001 890 1291 963; x_wconf 84' lang='grc' dir='ltr'><strong>ἀστραπῆς</strong></span> <span class='ocrx_word' id='word_1_78' title='bbox 1325 888 1459 960; x_wconf 76' lang='grc' dir='ltr'>ἔχει,</span> <span class='ocrx_word' id='word_1_79' title='bbox 1493 888 1696 951; x_wconf 81' lang='grc' dir='ltr'>εὐθέως</span> <span class='ocrx_word' id='word_1_80' title='bbox 1726 885 1825 956; x_wconf 85' lang='grc' dir='ltr'>τὴν</span> 
     </span>
    </p>
   </div>
   <div class='ocr_carea' id='block_1_11' title="bbox 226 978 1826 1061">
    <p class='ocr_par' dir='ltr' id='par_1_11' title="bbox 226 978 1826 1061">
     <span class='ocr_line' id='line_1_11' title="bbox 226 978 1826 1061; baseline -0.01 -15"><span class='ocrx_word' id='word_1_81' title='bbox 226 993 381 1046; x_wconf 88' lang='grc' dir='ltr'>κάτω</span> <span class='ocrx_word' id='word_1_82' title='bbox 412 990 626 1061; x_wconf 89' lang='grc' dir='ltr'>κίνησιν</span> <span class='ocrx_word' id='word_1_83' title='bbox 660 985 987 1057; x_wconf 76' lang='grc' dir='ltr'>κινουμένης</span> <span class='ocrx_word' id='word_1_84' title='bbox 1006 1023 1022 1049; x_wconf 94' lang='grc'><strong>,</strong></span> <span class='ocrx_word' id='word_1_85' title='bbox 1059 984 1155 1037; x_wconf 74' lang='grc' dir='ltr'>καὶ</span> <span class='ocrx_word' id='word_1_86' title='bbox 1186 981 1351 1037; x_wconf 84' lang='grc' dir='ltr'>πάλιν</span> <span class='ocrx_word' id='word_1_87' title='bbox 1382 980 1484 1052; x_wconf 85' lang='grc' dir='ltr'>τὴν</span> <span class='ocrx_word' id='word_1_88' title='bbox 1520 979 1662 1033; x_wconf 76' lang='grc' dir='ltr'>ἄνω’</span> <span class='ocrx_word' id='word_1_89' title='bbox 1698 978 1732 1049; x_wconf 81' lang='grc' dir='ltr'>ἢ</span> <span class='ocrx_word' id='word_1_90' title='bbox 1764 978 1826 1030; x_wconf 92' lang='grc' dir='ltr'><strong>τὸ</strong></span> 
     </span>
    </p>
   </div>
   <div class='ocr_carea' id='block_1_12' title="bbox 222 1072 1827 1157">
    <p class='ocr_par' dir='ltr' id='par_1_12' title="bbox 222 1072 1827 1157">
     <span class='ocr_line' id='line_1_12' title="bbox 222 1072 1827 1157; baseline -0.009 -20"><span class='ocrx_word' id='word_1_91' title='bbox 222 1086 328 1157; x_wconf 79' lang='grc' dir='ltr'>τῆς</span> <span class='ocrx_word' id='word_1_92' title='bbox 379 1081 690 1151; x_wconf 81' lang='grc' dir='ltr'><strong>θαλάσσης,</strong></span> <span class='ocrx_word' id='word_1_93' title='bbox 744 1078 840 1133; x_wconf 81' lang='grc' dir='ltr'><strong>νῦν</strong></span> <span class='ocrx_word' id='word_1_94' title='bbox 890 1078 986 1149; x_wconf 79' lang='grc' dir='ltr'>μὲν</span> <span class='ocrx_word' id='word_1_95' title='bbox 1037 1075 1445 1148; x_wconf 88' lang='grc' dir='ltr'>κυμαινούσης,</span> <span class='ocrx_word' id='word_1_96' title='bbox 1480 1072 1574 1127; x_wconf 82' lang='grc' dir='ltr'><strong>νῦν</strong></span> <span class='ocrx_word' id='word_1_97' title='bbox 1605 1072 1662 1126; x_wconf 85' lang='grc' dir='ltr'><strong>δὲ</strong></span> <span class='ocrx_word' id='word_1_98' title='bbox 1695 1074 1827 1143; x_wconf 80' lang='grc' dir='ltr'>ἡσυ-</span> 
     </span>
    </p>
   </div>
   <div class='ocr_carea' id='block_1_13' title="bbox 226 1163 1826 1248">
    <p class='ocr_par' dir='ltr' id='par_1_13' title="bbox 226 1163 1826 1248">
     <span class='ocr_line' id='line_1_13' title="bbox 226 1163 1826 1248; baseline -0.01 -17"><span class='ocrx_word' id='word_1_99' title='bbox 226 1175 505 1248; x_wconf 79' lang='grc' dir='ltr'>χαζούσης</span> <span class='ocrx_word' id='word_1_100' title='bbox 527 1215 541 1239; x_wconf 94' lang='grc'><strong>,</strong></span> <span class='ocrx_word' id='word_1_101' title='bbox 576 1175 712 1227; x_wconf 86' lang='grc' dir='ltr'>ὅπου</span> <span class='ocrx_word' id='word_1_102' title='bbox 744 1188 809 1241; x_wconf 84' lang='grc' dir='ltr'><strong>γε</strong></span> <span class='ocrx_word' id='word_1_103' title='bbox 840 1170 1027 1224; x_wconf 89' lang='grc' dir='ltr'>λοιπὸν</span> <span class='ocrx_word' id='word_1_104' title='bbox 1060 1170 1155 1223; x_wconf 74' lang='grc' dir='ltr'><strong>καὶ</strong></span> <span class='ocrx_word' id='word_1_105' title='bbox 1187 1167 1326 1239; x_wconf 85' lang='grc' dir='ltr'>αὑτὴ</span> <span class='ocrx_word' id='word_1_106' title='bbox 1359 1169 1392 1239; x_wconf 90' lang='grc' dir='ltr'><strong>ή</strong></span> <span class='ocrx_word' id='word_1_107' title='bbox 1426 1163 1826 1234; x_wconf 87' lang='grc' dir='ltr'>ἀλλεπάλληλος</span> 
     </span>
    </p>
   </div>
   <div class='ocr_carea' id='block_1_14' title="bbox 224 1257 1827 1340">
    <p class='ocr_par' dir='ltr' id='par_1_14' title="bbox 224 1257 1827 1340">
     <span class='ocr_line' id='line_1_14' title="bbox 224 1257 1827 1340; baseline -0.009 -17"><span class='ocrx_word' id='word_1_108' title='bbox 224 1270 451 1340; x_wconf 81' lang='grc' dir='ltr'>κίνησις</span> <span class='ocrx_word' id='word_1_109' title='bbox 482 1266 543 1320; x_wconf 84' lang='grc' dir='ltr'><strong>οὑ</strong></span> <span class='ocrx_word' id='word_1_110' title='bbox 578 1264 868 1335; x_wconf 75' lang='grc' dir='ltr'>καθίστησι</span> <span class='ocrx_word' id='word_1_111' title='bbox 914 1263 1015 1333; x_wconf 85' lang='grc' dir='ltr'>τὴν</span> <span class='ocrx_word' id='word_1_112' title='bbox 1065 1260 1330 1332; x_wconf 81' lang='grc' dir='ltr'>διαφοράν</span> <span class='ocrx_word' id='word_1_113' title='bbox 1374 1259 1470 1313; x_wconf 78' lang='grc' dir='ltr'><strong>καὶ</strong></span> <span class='ocrx_word' id='word_1_114' title='bbox 1514 1257 1615 1329; x_wconf 86' lang='grc' dir='ltr'><strong>τὴν</strong></span> <span class='ocrx_word' id='word_1_115' title='bbox 1646 1257 1827 1328; x_wconf 88' lang='grc' dir='ltr'>ἐτερό-</span> 
     </span>
    </p>
   </div>
   <div class='ocr_carea' id='block_1_15' title="bbox 226 1345 1827 1432">
    <p class='ocr_par' dir='ltr' id='par_1_15' title="bbox 226 1345 1827 1432">
     <span class='ocr_line' id='line_1_15' title="bbox 226 1345 1827 1432; baseline -0.011 -18"><span class='ocrx_word' id='word_1_116' title='bbox 226 1378 405 1432; x_wconf 85' lang='grc' dir='ltr'>τητα,</span> <span class='ocrx_word' id='word_1_117' title='bbox 438 1358 574 1413; x_wconf 85' lang='grc' dir='ltr'><strong>ἀλλά</strong></span> <span class='ocrx_word' id='word_1_118' title='bbox 607 1358 668 1411; x_wconf 90' lang='grc' dir='ltr'><strong>τὸ</strong></span> <span class='ocrx_word' id='word_1_119' title='bbox 697 1354 901 1410; x_wconf 82' lang='grc' dir='ltr'>ταύτὸν</span> <span class='ocrx_word' id='word_1_120' title='bbox 933 1355 1033 1425; x_wconf 81' lang='grc' dir='ltr'>τῆς</span> <span class='ocrx_word' id='word_1_121' title='bbox 1066 1350 1284 1421; x_wconf 86' lang='grc' dir='ltr'>φύσεως</span> <span class='ocrx_word' id='word_1_122' title='bbox 1317 1348 1718 1411; x_wconf 89' lang='grc' dir='ltr'>ἀποδείκνυσιν,</span> <span class='ocrx_word' id='word_1_123' title='bbox 1751 1345 1827 1407; x_wconf 78' lang='grc' dir='ltr'>ὡς</span> 
     </span>
    </p>
   </div>
   <div class='ocr_carea' id='block_1_16' title="bbox 224 1438 1826 1522">
    <p class='ocr_par' dir='ltr' id='par_1_16' title="bbox 224 1438 1826 1522">
     <span class='ocr_line' id='line_1_16' title="bbox 224 1438 1826 1522; baseline -0.011 -15"><span class='ocrx_word' id='word_1_124' title='bbox 224 1452 491 1522; x_wconf 82' lang='grc' dir='ltr'>τοιαύτην</span> <span class='ocrx_word' id='word_1_125' title='bbox 533 1450 628 1503; x_wconf 81' lang='grc' dir='ltr'>τοῦ</span> <span class='ocrx_word' id='word_1_126' title='bbox 673 1448 998 1519; x_wconf 84' lang='grc' dir='ltr'>πράγματος</span> <span class='ocrx_word' id='word_1_127' title='bbox 1045 1443 1261 1515; x_wconf 78' lang='grc' dir='ltr'>ἔχοντος</span> <span class='ocrx_word' id='word_1_128' title='bbox 1294 1440 1456 1511; x_wconf 85' lang='grc' dir='ltr'>φύσιν</span> <span class='ocrx_word' id='word_1_129' title='bbox 1502 1438 1826 1509; x_wconf 83' lang='grc' dir='ltr'>κινουμένην</span> 
     </span>
    </p>
   </div>
   <div class='ocr_carea' id='block_1_17' title="bbox 226 1528 1827 1614">
    <p class='ocr_par' dir='ltr' id='par_1_17' title="bbox 226 1528 1827 1614">
     <span class='ocr_line' id='line_1_17' title="bbox 226 1528 1827 1614; baseline -0.012 -16"><span class='ocrx_word' id='word_1_130' title='bbox 226 1545 328 1598; x_wconf 75' lang='grc' dir='ltr'><strong>καὶ</strong></span> <span class='ocrx_word' id='word_1_131' title='bbox 361 1540 804 1614; x_wconf 85' lang='grc' dir='ltr'>μεταπίπτουσαν</span> <span class='ocrx_word' id='word_1_132' title='bbox 844 1538 943 1608; x_wconf 85' lang='grc' dir='ltr'><strong>τῆς</strong></span> <span class='ocrx_word' id='word_1_133' title='bbox 995 1536 1246 1606; x_wconf 87' lang='grc' dir='ltr'>εἰρήνης,</span> <span class='ocrx_word' id='word_1_134' title='bbox 1280 1532 1375 1585; x_wconf 82' lang='grc' dir='ltr'><strong>καὶ</strong></span> <span class='ocrx_word' id='word_1_135' title='bbox 1405 1530 1527 1583; x_wconf 89' lang='grc' dir='ltr'>τότε</span> <span class='ocrx_word' id='word_1_136' title='bbox 1560 1530 1697 1599; x_wconf 77' lang='grc' dir='ltr'>αὑτῇ</span> <span class='ocrx_word' id='word_1_137' title='bbox 1729 1528 1827 1599; x_wconf 79' lang='grc' dir='ltr'>τὴν</span> 
     </span>
    </p>
   </div>
   <div class='ocr_carea' id='block_1_18' title="bbox 227 1620 1828 1707">
    <p class='ocr_par' dir='ltr' id='par_1_18' title="bbox 227 1620 1828 1707">
     <span class='ocr_line' id='line_1_18' title="bbox 227 1620 1828 1707; baseline -0.011 -16"><span class='ocrx_word' id='word_1_138' title='bbox 227 1634 519 1707; x_wconf 84' lang='grc' dir='ltr'>κινητικὴν</span> <span class='ocrx_word' id='word_1_139' title='bbox 566 1631 709 1704; x_wconf 71' lang='grc' dir='ltr'>ζωὴν</span> <span class='ocrx_word' id='word_1_140' title='bbox 758 1630 1019 1702; x_wconf 85' lang='grc' dir='ltr'>ἀκίνητον</span> <span class='ocrx_word' id='word_1_141' title='bbox 1070 1624 1464 1697; x_wconf 85' lang='grc' dir='ltr'>φυλαττούσης,</span> <span class='ocrx_word' id='word_1_142' title='bbox 1502 1624 1684 1687; x_wconf 85' lang='grc' dir='ltr'>καθὼς</span> <span class='ocrx_word' id='word_1_143' title='bbox 1716 1620 1828 1692; x_wconf 79' lang='grc' dir='ltr'>ἔχει</span> 
     </span>
    </p>
   </div>
   <div class='ocr_carea' id='block_1_19' title="bbox 229 1728 475 1800">
    <p class='ocr_par' dir='ltr' id='par_1_19' title="bbox 229 1728 475 1800">
     <span class='ocr_line' id='line_1_19' title="bbox 229 1728 475 1800; baseline -0.004 -18"><span class='ocrx_word' id='word_1_144' title='bbox 229 1728 475 1800; x_wconf 80' lang='grc' dir='ltr'>φύσεως.</span> 
     </span>
    </p>
   </div>
   <div class='ocr_carea' id='block_1_20' title="bbox 1926 522 3504 595">
    <p class='ocr_par' dir='ltr' id='par_1_20' title="bbox 1926 522 3504 595">
     <span class='ocr_line' id='line_1_20' title="bbox 1926 522 3504 595; baseline 0.004 -18"><span class='ocrx_word' id='word_1_145' title='bbox 1926 530 2042 587; x_wconf 89' lang='lat' dir='ltr'><strong>tur,</strong></span> <span class='ocrx_word' id='word_1_146' title='bbox 2071 523 2168 579; x_wconf 88' lang='lat' dir='ltr'><strong>sed</strong></span> <span class='ocrx_word' id='word_1_147' title='bbox 2209 523 2330 578; x_wconf 91' lang='lat' dir='ltr'><strong>sine</strong></span> <span class='ocrx_word' id='word_1_148' title='bbox 2361 522 2643 579; x_wconf 74' lang='lat' dir='ltr'><strong>deditione</strong></span> <span class='ocrx_word' id='word_1_149' title='bbox 2687 535 2856 594; x_wconf 87' lang='lat' dir='ltr'><strong>atque</strong></span> <span class='ocrx_word' id='word_1_150' title='bbox 2892 525 2946 581; x_wconf 91' lang='lat' dir='ltr'><strong>in</strong></span> <span class='ocrx_word' id='word_1_151' title='bbox 2975 528 3160 595; x_wconf 80' lang='lat' dir='ltr'><strong>quiete</strong></span> <span class='ocrx_word' id='word_1_152' title='bbox 3196 538 3346 593; x_wconf 86' lang='lat' dir='ltr'><strong>sunt,</strong></span> <span class='ocrx_word' id='word_1_153' title='bbox 3380 545 3504 584; x_wconf 86' lang='lat' dir='ltr'><strong>cum</strong></span> 
     </span>
    </p>
   </div>
   <div class='ocr_carea' id='block_1_21' title="bbox 1924 613 3504 685">
    <p class='ocr_par' dir='ltr' id='par_1_21' title="bbox 1924 613 3504 685">
     <span class='ocr_line' id='line_1_21' title="bbox 1924 613 3504 685; baseline 0.001 -16"><span class='ocrx_word' id='word_1_154' title='bbox 1924 614 1978 669; x_wconf 88' lang='lat' dir='ltr'><strong>id</strong></span> <span class='ocrx_word' id='word_1_155' title='bbox 2012 615 2179 669; x_wconf 84' lang='lat' dir='ltr'><strong>etiam</strong></span> <span class='ocrx_word' id='word_1_156' title='bbox 2209 614 2389 670; x_wconf 70' lang='grc' dir='ltr'>ιοριιιιι</span> <span class='ocrx_word' id='word_1_157' title='bbox 2427 614 2624 668; x_wconf 85' lang='lat' dir='ltr'><strong>haheat</strong></span> <span class='ocrx_word' id='word_1_158' title='bbox 2661 613 2714 668; x_wconf 90' lang='lat' dir='ltr'><strong>in</strong></span> <span class='ocrx_word' id='word_1_159' title='bbox 2752 615 2818 668; x_wconf 86' lang='lat' dir='ltr'><strong>iis</strong></span> <span class='ocrx_word' id='word_1_160' title='bbox 2849 631 2971 684; x_wconf 73' lang='lat' dir='ltr'><strong>qua:</strong></span> <span class='ocrx_word' id='word_1_161' title='bbox 3002 630 3326 685; x_wconf 88' lang='lat' dir='ltr'><strong>quocunque</strong></span> <span class='ocrx_word' id='word_1_162' title='bbox 3356 630 3504 671; x_wconf 87' lang='lat' dir='ltr'><strong>motu</strong></span> 
     </span>
    </p>
   </div>
   <div class='ocr_carea' id='block_1_22' title="bbox 1923 702 3506 774">
    <p class='ocr_par' dir='ltr' id='par_1_22' title="bbox 1923 702 3506 774">
     <span class='ocr_line' id='line_1_22' title="bbox 1923 702 3506 774; baseline 0 -15"><span class='ocrx_word' id='word_1_163' title='bbox 1923 706 2160 767; x_wconf 88' lang='lat' dir='ltr'><strong>cientur,</strong></span> <span class='ocrx_word' id='word_1_164' title='bbox 2188 714 2247 757; x_wconf 86' lang='grc' dir='ltr'>ιιι</span> <span class='ocrx_word' id='word_1_165' title='bbox 2276 702 2328 756; x_wconf 88' lang='lat' dir='ltr'><strong>in</strong></span> <span class='ocrx_word' id='word_1_166' title='bbox 2363 703 2479 759; x_wconf 89' lang='lat' dir='ltr'><strong>sole</strong></span> <span class='ocrx_word' id='word_1_167' title='bbox 2504 704 2690 758; x_wconf 87' lang='lat' dir='ltr'><strong>videre</strong></span> <span class='ocrx_word' id='word_1_168' title='bbox 2723 704 2847 772; x_wconf 87' lang='lat' dir='ltr'><strong>quis</strong></span> <span class='ocrx_word' id='word_1_169' title='bbox 2884 705 3084 773; x_wconf 88' lang='lat' dir='ltr'><strong>possit,</strong></span> <span class='ocrx_word' id='word_1_170' title='bbox 3112 705 3195 758; x_wconf 85' lang='lat' dir='ltr'><strong>vel</strong></span> <span class='ocrx_word' id='word_1_171' title='bbox 3246 706 3298 759; x_wconf 90' lang='lat' dir='ltr'><strong>in</strong></span> <span class='ocrx_word' id='word_1_172' title='bbox 3332 708 3506 774; x_wconf 83' lang='lat' dir='ltr'><strong>parti—</strong></span> 
     </span>
    </p>
   </div>
   <div class='ocr_carea' id='block_1_23' title="bbox 1924 793 3502 865">
    <p class='ocr_par' dir='ltr' id='par_1_23' title="bbox 1924 793 3502 865">
     <span class='ocr_line' id='line_1_23' title="bbox 1924 793 3502 865; baseline -0.001 -13"><span class='ocrx_word' id='word_1_173' title='bbox 1924 799 2026 852; x_wconf 90' lang='lat' dir='ltr'><strong>bus</strong></span> <span class='ocrx_word' id='word_1_174' title='bbox 2051 795 2200 859; x_wconf 76' lang='lat' dir='ltr'><strong>creli,</strong></span> <span class='ocrx_word' id='word_1_175' title='bbox 2228 794 2314 849; x_wconf 83' lang='lat' dir='ltr'><strong>vel</strong></span> <span class='ocrx_word' id='word_1_176' title='bbox 2346 795 2401 848; x_wconf 90' lang='lat' dir='ltr'><strong>in</strong></span> <span class='ocrx_word' id='word_1_177' title='bbox 2440 794 2563 849; x_wconf 89' lang='lat' dir='ltr'><strong>aliis</strong></span> <span class='ocrx_word' id='word_1_178' title='bbox 2584 810 2705 865; x_wconf 72' lang='lat' dir='ltr'><strong>qua:</strong></span> <span class='ocrx_word' id='word_1_179' title='bbox 2734 793 2894 849; x_wconf 87' lang='lat' dir='ltr'><strong>facile</strong></span> <span class='ocrx_word' id='word_1_180' title='bbox 2923 804 3228 861; x_wconf 88' lang='lat' dir='ltr'><strong>mutantur,</strong></span> <span class='ocrx_word' id='word_1_181' title='bbox 3258 806 3421 865; x_wconf 88' lang='lat' dir='ltr'><strong>atque</strong></span> <span class='ocrx_word' id='word_1_182' title='bbox 3449 798 3502 851; x_wconf 88' lang='lat' dir='ltr'><strong>in</strong></span> 
     </span>
    </p>
   </div>
   <div class='ocr_carea' id='block_1_24' title="bbox 1925 885 3506 957">
    <p class='ocr_par' dir='ltr' id='par_1_24' title="bbox 1925 885 3506 957">
     <span class='ocr_line' id='line_1_24' title="bbox 1925 885 3506 957; baseline 0 -15"><span class='ocrx_word' id='word_1_183' title='bbox 1925 888 2031 942; x_wconf 87' lang='lat' dir='ltr'><strong>alia</strong></span> <span class='ocrx_word' id='word_1_184' title='bbox 2075 897 2243 955; x_wconf 84' lang='lat' dir='ltr'><strong>atque</strong></span> <span class='ocrx_word' id='word_1_185' title='bbox 2276 886 2381 940; x_wconf 88' lang='lat' dir='ltr'><strong>alia</strong></span> <span class='ocrx_word' id='word_1_186' title='bbox 2423 896 2683 957; x_wconf 86' lang='lat' dir='ltr'><strong>vergunt;</strong></span> <span class='ocrx_word' id='word_1_187' title='bbox 2720 885 2862 941; x_wconf 91' lang='lat' dir='ltr'><strong>sicut</strong></span> <span class='ocrx_word' id='word_1_188' title='bbox 2910 886 3075 940; x_wconf 86' lang='lat' dir='ltr'><strong>etiam</strong></span> <span class='ocrx_word' id='word_1_189' title='bbox 3129 886 3181 940; x_wconf 92' lang='lat' dir='ltr'><strong>in</strong></span> <span class='ocrx_word' id='word_1_190' title='bbox 3210 886 3418 956; x_wconf 77' lang='lat' dir='ltr'><strong>fulgure</strong></span> <span class='ocrx_word' id='word_1_191' title='bbox 3446 902 3506 942; x_wconf 85' lang='lat' dir='ltr'><strong>se</strong></span> 
     </span>
    </p>
   </div>
   <div class='ocr_carea' id='block_1_25' title="bbox 1926 978 3509 1049">
    <p class='ocr_par' dir='ltr' id='par_1_25' title="bbox 1926 978 3509 1049">
     <span class='ocr_line' id='line_1_25' title="bbox 1926 978 3509 1049; baseline -0.001 -15"><span class='ocrx_word' id='word_1_192' title='bbox 1926 995 2017 1035; x_wconf 89' lang='lat' dir='ltr'><strong>res</strong></span> <span class='ocrx_word' id='word_1_193' title='bbox 2044 980 2238 1045; x_wconf 79' lang='lat' dir='ltr'><strong>habet,</strong></span> <span class='ocrx_word' id='word_1_194' title='bbox 2282 978 2425 1049; x_wconf 88' lang='lat' dir='ltr'><strong>quod</strong></span> <span class='ocrx_word' id='word_1_195' title='bbox 2459 988 2782 1048; x_wconf 82' lang='lat' dir='ltr'><strong>extempore</strong></span> <span class='ocrx_word' id='word_1_196' title='bbox 2827 978 3086 1033; x_wconf 83' lang='lat' dir='ltr'><strong>deorsum</strong></span> <span class='ocrx_word' id='word_1_197' title='bbox 3133 989 3404 1044; x_wconf 77' lang='lat' dir='ltr'><strong>movetur,</strong></span> <span class='ocrx_word' id='word_1_198' title='bbox 3451 990 3509 1033; x_wconf 89' lang='lat' dir='ltr'><strong>et</strong></span> 
     </span>
    </p>
   </div>
   <div class='ocr_carea' id='block_1_26' title="bbox 1925 1067 3506 1138">
    <p class='ocr_par' dir='ltr' id='par_1_26' title="bbox 1925 1067 3506 1138">
     <span class='ocr_line' id='line_1_26' title="bbox 1925 1067 3506 1138; baseline -0.001 -13"><span class='ocrx_word' id='word_1_199' title='bbox 1925 1072 2121 1126; x_wconf 88' lang='lat' dir='ltr'><strong>iterum</strong></span> <span class='ocrx_word' id='word_1_200' title='bbox 2163 1083 2421 1129; x_wconf 82' lang='lat' dir='ltr'><strong>sursum;</strong></span> <span class='ocrx_word' id='word_1_201' title='bbox 2458 1067 2539 1121; x_wconf 89' lang='lat' dir='ltr'><strong>vel</strong></span> <span class='ocrx_word' id='word_1_202' title='bbox 2576 1069 2628 1122; x_wconf 91' lang='lat' dir='ltr'><strong>in</strong></span> <span class='ocrx_word' id='word_1_203' title='bbox 2661 1068 2828 1135; x_wconf 86' lang='lat' dir='ltr'><strong>mari,</strong></span> <span class='ocrx_word' id='word_1_204' title='bbox 2866 1068 3025 1122; x_wconf 91' lang='lat' dir='ltr'><strong>modo</strong></span> <span class='ocrx_word' id='word_1_205' title='bbox 3050 1069 3272 1136; x_wconf 80' lang='lat' dir='ltr'><strong>quidem</strong></span> <span class='ocrx_word' id='word_1_206' title='bbox 3295 1069 3506 1138; x_wconf 83' lang='lat' dir='ltr'><strong>procel-</strong></span> 
     </span>
    </p>
   </div>
   <div class='ocr_carea' id='block_1_27' title="bbox 1928 1160 3507 1231">
    <p class='ocr_par' dir='ltr' id='par_1_27' title="bbox 1928 1160 3507 1231">
     <span class='ocr_line' id='line_1_27' title="bbox 1928 1160 3507 1231; baseline -0.001 -15"><span class='ocrx_word' id='word_1_207' title='bbox 1928 1163 2064 1227; x_wconf 89' lang='lat' dir='ltr'><strong>loso,</strong></span> <span class='ocrx_word' id='word_1_208' title='bbox 2100 1160 2261 1214; x_wconf 91' lang='lat' dir='ltr'><strong>modo</strong></span> <span class='ocrx_word' id='word_1_209' title='bbox 2294 1175 2428 1215; x_wconf 89' lang='lat' dir='ltr'><strong>vero</strong></span> <span class='ocrx_word' id='word_1_210' title='bbox 2480 1160 2803 1229; x_wconf 88' lang='lat' dir='ltr'><strong>tranquillo,</strong></span> <span class='ocrx_word' id='word_1_211' title='bbox 2854 1162 2927 1213; x_wconf 89' lang='lat' dir='ltr'><strong>ita</strong></span> <span class='ocrx_word' id='word_1_212' title='bbox 2968 1170 3027 1213; x_wconf 94' lang='lat' dir='ltr'><strong>ut</strong></span> <span class='ocrx_word' id='word_1_213' title='bbox 3062 1160 3227 1213; x_wconf 88' lang='lat' dir='ltr'><strong>etiam</strong></span> <span class='ocrx_word' id='word_1_214' title='bbox 3277 1161 3507 1231; x_wconf 87' lang='lat' dir='ltr'><strong>ipsamct</strong></span> 
     </span>
    </p>
   </div>
   <div class='ocr_carea' id='block_1_28' title="bbox 1927 1253 3510 1310">
    <p class='ocr_par' dir='ltr' id='par_1_28' title="bbox 1927 1253 3510 1310">
     <span class='ocr_line' id='line_1_28' title="bbox 1927 1253 3510 1310; baseline 0.001 -1"><span class='ocrx_word' id='word_1_215' title='bbox 1927 1256 2136 1310; x_wconf 87' lang='lat' dir='ltr'><strong>alterna</strong></span> <span class='ocrx_word' id='word_1_216' title='bbox 2182 1255 2355 1308; x_wconf 92' lang='lat' dir='ltr'><strong>motio</strong></span> <span class='ocrx_word' id='word_1_217' title='bbox 2405 1269 2513 1308; x_wconf 94' lang='lat' dir='ltr'><strong>non</strong></span> <span class='ocrx_word' id='word_1_218' title='bbox 2560 1254 2866 1309; x_wconf 90' lang='lat' dir='ltr'><strong>constituat</strong></span> <span class='ocrx_word' id='word_1_219' title='bbox 2924 1253 3291 1309; x_wconf 72' lang='lat' dir='ltr'><strong>differentiam</strong></span> <span class='ocrx_word' id='word_1_220' title='bbox 3335 1263 3392 1310; x_wconf 87' lang='lat' dir='ltr'><strong>et</strong></span> <span class='ocrx_word' id='word_1_221' title='bbox 3426 1256 3510 1310; x_wconf 88' lang='lat' dir='ltr'><strong>di-</strong></span> 
     </span>
    </p>
   </div>
   <div class='ocr_carea' id='block_1_29' title="bbox 1929 1345 3507 1410">
    <p class='ocr_par' dir='ltr' id='par_1_29' title="bbox 1929 1345 3507 1410">
     <span class='ocr_line' id='line_1_29' title="bbox 1929 1345 3507 1410; baseline -0.001 -9"><span class='ocrx_word' id='word_1_222' title='bbox 1929 1347 2245 1401; x_wconf 87' lang='lat' dir='ltr'><strong>versitatem</strong></span> <span class='ocrx_word' id='word_1_223' title='bbox 2275 1385 2292 1409; x_wconf 90' lang='lat'><strong>,</strong></span> <span class='ocrx_word' id='word_1_224' title='bbox 2358 1348 2454 1399; x_wconf 85' lang='lat' dir='ltr'><strong>sed</strong></span> <span class='ocrx_word' id='word_1_225' title='bbox 2500 1357 2708 1399; x_wconf 73' lang='lat' dir='ltr'><strong>natura:</strong></span> <span class='ocrx_word' id='word_1_226' title='bbox 2760 1345 3099 1399; x_wconf 84' lang='lat' dir='ltr'><strong>identitatem</strong></span> <span class='ocrx_word' id='word_1_227' title='bbox 3148 1346 3507 1410; x_wconf 85' lang='lat' dir='ltr'><strong>demonstret,</strong></span> 
     </span>
    </p>
   </div>
   <div class='ocr_carea' id='block_1_30' title="bbox 1930 1437 3507 1508">
    <p class='ocr_par' dir='ltr' id='par_1_30' title="bbox 1930 1437 3507 1508">
     <span class='ocr_line' id='line_1_30' title="bbox 1930 1437 3507 1508; baseline 0.001 -18"><span class='ocrx_word' id='word_1_228' title='bbox 1930 1439 2132 1508; x_wconf 85' lang='lat' dir='ltr'><strong>quippe</strong></span> <span class='ocrx_word' id='word_1_229' title='bbox 2162 1447 2357 1492; x_wconf 85' lang='lat' dir='ltr'><strong>natura</strong></span> <span class='ocrx_word' id='word_1_230' title='bbox 2384 1438 2460 1492; x_wconf 90' lang='lat' dir='ltr'><strong>rei</strong></span> <span class='ocrx_word' id='word_1_231' title='bbox 2492 1437 2799 1491; x_wconf 83' lang='lat' dir='ltr'><strong>istiusmodi</strong></span> <span class='ocrx_word' id='word_1_232' title='bbox 2850 1449 3055 1492; x_wconf 91' lang='lat' dir='ltr'><strong>motum</strong></span> <span class='ocrx_word' id='word_1_233' title='bbox 3087 1449 3141 1492; x_wconf 88' lang='lat' dir='ltr'><strong>et</strong></span> <span class='ocrx_word' id='word_1_234' title='bbox 3169 1438 3507 1492; x_wconf 75' lang='lat' dir='ltr'><strong>viciSsitudi-</strong></span> 
     </span>
    </p>
   </div>
   <div class='ocr_carea' id='block_1_31' title="bbox 1929 1528 3506 1598">
    <p class='ocr_par' dir='ltr' id='par_1_31' title="bbox 1929 1528 3506 1598">
     <span class='ocr_line' id='line_1_31' title="bbox 1929 1528 3506 1598; baseline 0 -15"><span class='ocrx_word' id='word_1_235' title='bbox 1929 1544 2051 1583; x_wconf 90' lang='lat' dir='ltr'><strong>nem</strong></span> <span class='ocrx_word' id='word_1_236' title='bbox 2088 1543 2187 1598; x_wconf 92' lang='lat' dir='ltr'><strong>pro</strong></span> <span class='ocrx_word' id='word_1_237' title='bbox 2211 1543 2344 1598; x_wconf 90' lang='lat' dir='ltr'><strong>pace</strong></span> <span class='ocrx_word' id='word_1_238' title='bbox 2380 1544 2475 1583; x_wconf 90' lang='lat' dir='ltr'><strong>sua</strong></span> <span class='ocrx_word' id='word_1_239' title='bbox 2508 1528 2787 1595; x_wconf 81' lang='lat' dir='ltr'><strong>exigente,</strong></span> <span class='ocrx_word' id='word_1_240' title='bbox 2815 1538 2871 1582; x_wconf 89' lang='lat' dir='ltr'><strong>et</strong></span> <span class='ocrx_word' id='word_1_241' title='bbox 2901 1540 3012 1582; x_wconf 91' lang='lat' dir='ltr'><strong>tum</strong></span> <span class='ocrx_word' id='word_1_242' title='bbox 3041 1530 3208 1583; x_wconf 87' lang='lat' dir='ltr'><strong>etiam</strong></span> <span class='ocrx_word' id='word_1_243' title='bbox 3248 1529 3506 1583; x_wconf 89' lang='lat' dir='ltr'><strong>mobilem</strong></span> 
     </span>
    </p>
   </div>
   <div class='ocr_carea' id='block_1_32' title="bbox 1928 1621 3509 1693">
    <p class='ocr_par' dir='ltr' id='par_1_32' title="bbox 1928 1621 3509 1693">
     <span class='ocr_line' id='line_1_32' title="bbox 1928 1621 3509 1693; baseline -0.001 -18"><span class='ocrx_word' id='word_1_244' title='bbox 1928 1636 2083 1676; x_wconf 88' lang='lat' dir='ltr'><strong>suam</strong></span> <span class='ocrx_word' id='word_1_245' title='bbox 2113 1622 2281 1675; x_wconf 88' lang='lat' dir='ltr'><strong>vitam</strong></span> <span class='ocrx_word' id='word_1_246' title='bbox 2322 1621 2607 1676; x_wconf 88' lang='lat' dir='ltr'><strong>immotam</strong></span> <span class='ocrx_word' id='word_1_247' title='bbox 2644 1629 3032 1689; x_wconf 80' lang='lat' dir='ltr'><strong>conservante,</strong></span> <span class='ocrx_word' id='word_1_248' title='bbox 3062 1630 3223 1692; x_wconf 81' lang='lat' dir='ltr'><strong>prout</strong></span> <span class='ocrx_word' id='word_1_249' title='bbox 3251 1622 3368 1693; x_wconf 80' lang='lat' dir='ltr'><strong>ejus</strong></span> <span class='ocrx_word' id='word_1_250' title='bbox 3408 1638 3509 1675; x_wconf 86' lang='lat' dir='ltr'><strong>tta-</strong></span> 
     </span>
    </p>
   </div>
   <div class='ocr_carea' id='block_1_33' title="bbox 1933 1714 2210 1769">
    <p class='ocr_par' dir='ltr' id='par_1_33' title="bbox 1933 1714 2210 1769">
     <span class='ocr_line' id='line_1_33' title="bbox 1933 1714 2210 1769; baseline -0.007 0"><span class='ocrx_word' id='word_1_251' title='bbox 1933 1724 2050 1769; x_wconf 87' lang='lat' dir='ltr'><strong>tura</strong></span> <span class='ocrx_word' id='word_1_252' title='bbox 2082 1714 2210 1768; x_wconf 90' lang='lat' dir='ltr'><strong>fert.</strong></span> 
     </span>
    </p>
   </div>
   <div class='ocr_carea' id='block_1_34' title="bbox 306 1787 1824 1893">
    <p class='ocr_par' dir='ltr' id='par_1_34' title="bbox 306 1787 1820 1893">
     <span class='ocr_line' id='line_1_34' title="bbox 306 1787 1820 1893; baseline -0.011 -18"><span class='ocrx_word' id='word_1_253' title='bbox 306 1820 335 1893; x_wconf 83' lang='lat'><strong>§</strong></span> <span class='ocrx_word' id='word_1_254' title='bbox 377 1787 450 1874; x_wconf 67' lang='grc' dir='ltr'><strong>νξ</strong></span> <span class='ocrx_word' id='word_1_255' title='bbox 476 1820 541 1873; x_wconf 84' lang='grc' dir='ltr'>Εἰ</span> <span class='ocrx_word' id='word_1_256' title='bbox 573 1818 629 1873; x_wconf 88' lang='grc' dir='ltr'><strong>δέ</strong></span> <span class='ocrx_word' id='word_1_257' title='bbox 661 1816 756 1871; x_wconf 87' lang='grc' dir='ltr'><strong>τὸν</strong></span> <span class='ocrx_word' id='word_1_258' title='bbox 786 1814 1039 1886; x_wconf 85' lang='grc' dir='ltr'>δεύτερον</span> <span class='ocrx_word' id='word_1_259' title='bbox 1082 1810 1241 1879; x_wconf 87' lang='grc' dir='ltr'>λόγον</span> <span class='ocrx_word' id='word_1_260' title='bbox 1287 1807 1437 1877; x_wconf 82' lang='grc' dir='ltr'>λέγει</span> <span class='ocrx_word' id='word_1_261' title='bbox 1460 1847 1476 1874; x_wconf 87' lang='grc'><strong>,</strong></span> <span class='ocrx_word' id='word_1_262' title='bbox 1524 1807 1820 1879; x_wconf 78' lang='grc' dir='ltr'>ἑτερότητα</span> 
     </span>
    </p>
   </div>
   <div class='ocr_carea' id='block_1_35' title="bbox 1927 1787 3514 1893">
    <p class='ocr_par' dir='ltr' id='par_1_35' title="bbox 2000 1801 3514 1874">
     <span class='ocr_line' id='line_1_35' title="bbox 2000 1801 3514 1874; baseline 0.003 -19"><span class='ocrx_word' id='word_1_263' title='bbox 2000 1804 2028 1874; x_wconf 80' lang='lat'><strong>§</strong></span> <span class='ocrx_word' id='word_1_264' title='bbox 2073 1801 2137 1858; x_wconf 85' lang='lat' dir='ltr'><strong>V.</strong></span> <span class='ocrx_word' id='word_1_265' title='bbox 2178 1801 2235 1857; x_wconf 85' lang='lat' dir='ltr'><strong>Si</strong></span> <span class='ocrx_word' id='word_1_266' title='bbox 2276 1817 2408 1858; x_wconf 87' lang='lat' dir='ltr'><strong>vero</strong></span> <span class='ocrx_word' id='word_1_267' title='bbox 2443 1802 2673 1858; x_wconf 80' lang='lat' dir='ltr'><strong>alteram</strong></span> <span class='ocrx_word' id='word_1_268' title='bbox 2724 1803 2993 1859; x_wconf 90' lang='lat' dir='ltr'><strong>rationem</strong></span> <span class='ocrx_word' id='word_1_269' title='bbox 3040 1802 3260 1871; x_wconf 81' lang='lat' dir='ltr'><strong>all&#39;erat,</strong></span> <span class='ocrx_word' id='word_1_270' title='bbox 3307 1805 3514 1860; x_wconf 84' lang='lat' dir='ltr'><strong>confir-</strong></span> 
     </span>
    </p>
   </div>
   <div class='ocr_carea' id='block_1_36' title="bbox 230 1901 1822 1985">
    <p class='ocr_par' dir='ltr' id='par_1_36' title="bbox 230 1901 1822 1985">
     <span class='ocr_line' id='line_1_36' title="bbox 230 1901 1822 1985; baseline -0.009 -18"><span class='ocrx_word' id='word_1_271' title='bbox 230 1912 645 1985; x_wconf 76' lang='grc' dir='ltr'>ἰσχυριζόμενος</span> <span class='ocrx_word' id='word_1_272' title='bbox 689 1905 831 1962; x_wconf 78' lang='grc' dir='ltr'>εἶναι</span> <span class='ocrx_word' id='word_1_273' title='bbox 877 1905 1021 1960; x_wconf 84' lang='grc' dir='ltr'>κατὰ</span> <span class='ocrx_word' id='word_1_274' title='bbox 1070 1902 1284 1957; x_wconf 89' lang='grc' dir='ltr'>τελείαν</span> <span class='ocrx_word' id='word_1_275' title='bbox 1329 1902 1431 1972; x_wconf 80' lang='grc' dir='ltr'><strong>τῆς</strong></span> <span class='ocrx_word' id='word_1_276' title='bbox 1475 1901 1697 1972; x_wconf 83' lang='grc' dir='ltr'>εἰρήνης</span> <span class='ocrx_word' id='word_1_277' title='bbox 1727 1901 1822 1953; x_wconf 84' lang='grc' dir='ltr'>ἕκ-</span> 
     </span>
    </p>
   </div>
   <div class='ocr_carea' id='block_1_37' title="bbox 214 1989 1825 2069">
    <p class='ocr_par' dir='ltr' id='par_1_37' title="bbox 214 1989 1825 2069">
     <span class='ocr_line' id='line_1_37' title="bbox 214 1989 1825 2069; baseline -0.009 -13"><span class='ocrx_word' id='word_1_278' title='bbox 214 2018 453 2069; x_wconf 85' lang='grc' dir='ltr'>πτωσιν,</span> <span class='ocrx_word' id='word_1_279' title='bbox 470 2001 653 2066; x_wconf 88' lang='grc' dir='ltr'>καθὼς</span> <span class='ocrx_word' id='word_1_280' title='bbox 665 1999 716 2053; x_wconf 85' lang='grc' dir='ltr'><strong>οἰ</strong></span> <span class='ocrx_word' id='word_1_281' title='bbox 743 1998 1037 2066; x_wconf 87' lang='grc' dir='ltr'>Μανιχαῖοι</span> <span class='ocrx_word' id='word_1_282' title='bbox 1077 1992 1264 2061; x_wconf 76' lang='grc' dir='ltr'>ἔλεγον</span> <span class='ocrx_word' id='word_1_283' title='bbox 1319 1990 1417 2062; x_wconf 85' lang='grc' dir='ltr'><strong>τὴν</strong></span> <span class='ocrx_word' id='word_1_284' title='bbox 1451 1989 1584 2061; x_wconf 80' lang='grc' dir='ltr'>ὓλην</span> <span class='ocrx_word' id='word_1_285' title='bbox 1615 1989 1825 2044; x_wconf 88' lang='grc' dir='ltr'>αὑθύπ-</span> 
     </span>
    </p>
   </div>
   <div class='ocr_carea' id='block_1_38' title="bbox 224 2083 1825 2166">
    <p class='ocr_par' dir='ltr' id='par_1_38' title="bbox 224 2083 1825 2166">
     <span class='ocr_line' id='line_1_38' title="bbox 224 2083 1825 2166; baseline -0.007 -18"><span class='ocrx_word' id='word_1_286' title='bbox 224 2111 431 2166; x_wconf 89' lang='grc' dir='ltr'>αρκτον</span> <span class='ocrx_word' id='word_1_287' title='bbox 464 2090 727 2145; x_wconf 80' lang='grc' dir='ltr'>ἀστασίαν</span> <span class='ocrx_word' id='word_1_288' title='bbox 759 2089 855 2143; x_wconf 88' lang='grc' dir='ltr'>καί</span> <span class='ocrx_word' id='word_1_289' title='bbox 910 2084 1216 2158; x_wconf 82' lang='grc' dir='ltr'>περιφοράν</span> <span class='ocrx_word' id='word_1_290' title='bbox 1260 2083 1354 2138; x_wconf 72' lang='grc' dir='ltr'><strong>καῖ</strong></span> <span class='ocrx_word' id='word_1_291' title='bbox 1398 2083 1657 2155; x_wconf 83' lang='grc' dir='ltr'>ἀπειρίαν</span> <span class='ocrx_word' id='word_1_292' title='bbox 1678 2123 1694 2148; x_wconf 98' lang='grc'><strong>,</strong></span> <span class='ocrx_word' id='word_1_293' title='bbox 1729 2083 1825 2137; x_wconf 73' lang='grc' dir='ltr'><strong>καὶ</strong></span> 
     </span>
    </p>
   </div>
   <div class='ocr_carea' id='block_1_39' title="bbox 224 2175 1823 2259">
    <p class='ocr_par' dir='ltr' id='par_1_39' title="bbox 224 2175 1823 2259">
     <span class='ocr_line' id='line_1_39' title="bbox 224 2175 1823 2259; baseline -0.009 -17"><span class='ocrx_word' id='word_1_294' title='bbox 224 2186 517 2259; x_wconf 80' lang='grc' dir='ltr'>ἀοριστίαν</span> <span class='ocrx_word' id='word_1_295' title='bbox 550 2184 799 2256; x_wconf 75' lang='grc' dir='ltr'>ἔχουσαν,</span> <span class='ocrx_word' id='word_1_296' title='bbox 838 2180 971 2233; x_wconf 82' lang='grc' dir='ltr'>ἵστω</span> <span class='ocrx_word' id='word_1_297' title='bbox 1000 2179 1076 2243; x_wconf 87' lang='grc' dir='ltr'>ὼς</span> <span class='ocrx_word' id='word_1_298' title='bbox 1108 2177 1231 2231; x_wconf 77' lang='grc' dir='ltr'>οὗτε</span> <span class='ocrx_word' id='word_1_299' title='bbox 1263 2177 1323 2230; x_wconf 84' lang='grc' dir='ltr'><strong>ὃν</strong></span> <span class='ocrx_word' id='word_1_300' title='bbox 1355 2179 1471 2230; x_wconf 89' lang='grc' dir='ltr'>ἐστι</span> <span class='ocrx_word' id='word_1_301' title='bbox 1492 2175 1651 2229; x_wconf 78' lang='grc' dir='ltr'>τοῦτο</span> <span class='ocrx_word' id='word_1_302' title='bbox 1672 2215 1686 2239; x_wconf 95' lang='grc'><strong>,</strong></span> <span class='ocrx_word' id='word_1_303' title='bbox 1722 2175 1823 2247; x_wconf 77' lang='grc' dir='ltr'><strong>ὕλη</strong></span> 
     </span>
    </p>
   </div>
   <div class='ocr_carea' id='block_1_40' title="bbox 228 2267 1823 2353">
    <p class='ocr_par' dir='ltr' id='par_1_40' title="bbox 228 2267 1823 2353">
     <span class='ocr_line' id='line_1_40' title="bbox 228 2267 1823 2353; baseline -0.008 -19"><span class='ocrx_word' id='word_1_304' title='bbox 228 2279 468 2353; x_wconf 88' lang='grc' dir='ltr'>μένουσα</span> <span class='ocrx_word' id='word_1_305' title='bbox 501 2278 596 2332; x_wconf 75' lang='grc' dir='ltr'><strong>καὶ</strong></span> <span class='ocrx_word' id='word_1_306' title='bbox 634 2276 758 2330; x_wconf 78' lang='grc' dir='ltr'>καθ’</span> <span class='ocrx_word' id='word_1_307' title='bbox 791 2273 962 2344; x_wconf 84' lang='grc' dir='ltr'>αὑτὴν</span> <span class='ocrx_word' id='word_1_308' title='bbox 1012 2268 1389 2341; x_wconf 76' lang='grc' dir='ltr'>ὑφισταμένηο</span> <span class='ocrx_word' id='word_1_309' title='bbox 1442 2267 1567 2321; x_wconf 83' lang='grc' dir='ltr'>οὑτε</span> <span class='ocrx_word' id='word_1_310' title='bbox 1614 2268 1722 2340; x_wconf 84' lang='grc' dir='ltr'>μὴν</span> <span class='ocrx_word' id='word_1_311' title='bbox 1766 2270 1823 2321; x_wconf 82' lang='grc' dir='ltr'>ἐν</span> 
     </span>
    </p>
   </div>
   <div class='ocr_carea' id='block_1_41' title="bbox 220 2358 1824 2440">
    <p class='ocr_par' dir='ltr' id='par_1_41' title="bbox 220 2358 1824 2440">
     <span class='ocr_line' id='line_1_41' title="bbox 220 2358 1824 2440; baseline -0.008 -14"><span class='ocrx_word' id='word_1_312' title='bbox 220 2376 342 2436; x_wconf 85' lang='grc' dir='ltr'>τοῖς</span> <span class='ocrx_word' id='word_1_313' title='bbox 375 2368 525 2426; x_wconf 77' lang='grc' dir='ltr'>οὖσιν</span> <span class='ocrx_word' id='word_1_314' title='bbox 563 2369 908 2440; x_wconf 90' lang='grc' dir='ltr'>εὑρίσκεται,</span> <span class='ocrx_word' id='word_1_315' title='bbox 942 2366 1018 2429; x_wconf 86' lang='grc' dir='ltr'><strong>ὡς</strong></span> <span class='ocrx_word' id='word_1_316' title='bbox 1052 2358 1193 2415; x_wconf 85' lang='grc' dir='ltr'>εἶναι</span> <span class='ocrx_word' id='word_1_317' title='bbox 1223 2363 1317 2416; x_wconf 78' lang='grc' dir='ltr'><strong>καὶ</strong></span> <span class='ocrx_word' id='word_1_318' title='bbox 1354 2360 1523 2432; x_wconf 82' lang='grc' dir='ltr'>αὑτὴν</span> <span class='ocrx_word' id='word_1_319' title='bbox 1559 2361 1688 2432; x_wconf 89' lang='grc' dir='ltr'>μίαν</span> <span class='ocrx_word' id='word_1_320' title='bbox 1715 2360 1824 2414; x_wconf 92' lang='grc' dir='ltr'><strong>τῶν</strong></span> 
     </span>
    </p>
   </div>
   <div class='ocr_carea' id='block_1_42' title="bbox 218 2453 1825 2534">
    <p class='ocr_par' dir='ltr' id='par_1_42' title="bbox 218 2453 1825 2534">
     <span class='ocr_line' id='line_1_42' title="bbox 218 2453 1825 2534; baseline -0.009 -15"><span class='ocrx_word' id='word_1_321' title='bbox 218 2462 734 2534; x_wconf 84' lang='grc' dir='ltr'>εἰδοπεποιημένων</span> <span class='ocrx_word' id='word_1_322' title='bbox 780 2459 1119 2529; x_wconf 88' lang='grc' dir='ltr'>κτισμάτων.</span> <span class='ocrx_word' id='word_1_323' title='bbox 1168 2456 1233 2509; x_wconf 87' lang='grc' dir='ltr'>Εἰ</span> <span class='ocrx_word' id='word_1_324' title='bbox 1281 2454 1413 2524; x_wconf 77' lang='grc' dir='ltr'>γοῦν</span> <span class='ocrx_word' id='word_1_325' title='bbox 1444 2453 1569 2507; x_wconf 76' lang='grc' dir='ltr'>οὔτε</span> <span class='ocrx_word' id='word_1_326' title='bbox 1616 2453 1825 2507; x_wconf 88' lang='grc' dir='ltr'>εἰδοπε-</span> 
     </span>
    </p>
   </div>
   <div class='ocr_carea' id='block_1_43' title="bbox 221 2545 1823 2629">
    <p class='ocr_par' dir='ltr' id='par_1_43' title="bbox 221 2545 1823 2629">
     <span class='ocr_line' id='line_1_43' title="bbox 221 2545 1823 2629; baseline -0.008 -18"><span class='ocrx_word' id='word_1_327' title='bbox 221 2557 524 2629; x_wconf 85' lang='grc' dir='ltr'>ποιημένον</span> <span class='ocrx_word' id='word_1_328' title='bbox 558 2556 706 2608; x_wconf 73' lang='grc' dir='ltr'>ἐστὶν</span> <span class='ocrx_word' id='word_1_329' title='bbox 738 2555 815 2617; x_wconf 86' lang='grc' dir='ltr'>ὡς</span> <span class='ocrx_word' id='word_1_330' title='bbox 846 2550 915 2605; x_wconf 84' lang='grc' dir='ltr'>τὰ</span> <span class='ocrx_word' id='word_1_331' title='bbox 948 2550 1077 2604; x_wconf 75' lang='grc' dir='ltr'>ὄντα</span> <span class='ocrx_word' id='word_1_332' title='bbox 1096 2590 1111 2615; x_wconf 95' lang='grc'><strong>,</strong></span> <span class='ocrx_word' id='word_1_333' title='bbox 1147 2548 1273 2602; x_wconf 77' lang='grc' dir='ltr'>οὔτε</span> <span class='ocrx_word' id='word_1_334' title='bbox 1308 2547 1413 2619; x_wconf 84' lang='grc' dir='ltr'>μὴν</span> <span class='ocrx_word' id='word_1_335' title='bbox 1450 2546 1687 2601; x_wconf 81' lang='grc' dir='ltr'>ἀνείδεον</span> <span class='ocrx_word' id='word_1_336' title='bbox 1724 2545 1823 2616; x_wconf 88' lang='grc' dir='ltr'>μέ-</span> 
     </span>
    </p>
   </div>
   <div class='ocr_carea' id='block_1_44' title="bbox 219 2637 1824 2713">
    <p class='ocr_par' dir='ltr' id='par_1_44' title="bbox 219 2637 1824 2713">
     <span class='ocr_line' id='line_1_44' title="bbox 219 2637 1824 2713; baseline -0.01 -8"><span class='ocrx_word' id='word_1_337' title='bbox 219 2668 317 2705; x_wconf 91' lang='grc' dir='ltr'>νον</span> <span class='ocrx_word' id='word_1_338' title='bbox 348 2652 410 2704; x_wconf 81' lang='grc' dir='ltr'><strong>ὃν</strong></span> <span class='ocrx_word' id='word_1_339' title='bbox 442 2651 591 2713; x_wconf 80' lang='grc' dir='ltr'>ἐστι,</span> <span class='ocrx_word' id='word_1_340' title='bbox 627 2646 723 2701; x_wconf 81' lang='grc' dir='ltr'><strong>καὶ</strong></span> <span class='ocrx_word' id='word_1_341' title='bbox 768 2646 891 2700; x_wconf 80' lang='grc' dir='ltr'>καθ’</span> <span class='ocrx_word' id='word_1_342' title='bbox 925 2644 1088 2698; x_wconf 87' lang='grc' dir='ltr'>αὑτὸν</span> <span class='ocrx_word' id='word_1_343' title='bbox 1134 2641 1534 2711; x_wconf 83' lang='grc' dir='ltr'>ὑφιστάμενον,</span> <span class='ocrx_word' id='word_1_344' title='bbox 1583 2638 1701 2702; x_wconf 88' lang='grc' dir='ltr'><strong>πῶς</strong></span> <span class='ocrx_word' id='word_1_345' title='bbox 1744 2637 1824 2690; x_wconf 80' lang='grc' dir='ltr'><strong>εἵ-</strong></span> 
     </span>
    </p>
   </div>
   <div class='ocr_carea' id='block_1_45' title="bbox 223 2732 1826 2815">
    <p class='ocr_par' dir='ltr' id='par_1_45' title="bbox 223 2732 1826 2815">
     <span class='ocr_line' id='line_1_45' title="bbox 223 2732 1826 2815; baseline -0.009 -16"><span class='ocrx_word' id='word_1_346' title='bbox 223 2762 447 2815; x_wconf 86' lang='grc' dir='ltr'>ποιμεν,</span> <span class='ocrx_word' id='word_1_347' title='bbox 484 2744 568 2796; x_wconf 82' lang='grc' dir='ltr'>ὅτι</span> <span class='ocrx_word' id='word_1_348' title='bbox 615 2741 678 2794; x_wconf 86' lang='grc' dir='ltr'><strong>τὸ</strong></span> <span class='ocrx_word' id='word_1_349' title='bbox 723 2738 963 2793; x_wconf 83' lang='grc' dir='ltr'>τοιοῦτον</span> <span class='ocrx_word' id='word_1_350' title='bbox 997 2737 1221 2807; x_wconf 79' lang='grc' dir='ltr'>εἰρήνην</span> <span class='ocrx_word' id='word_1_351' title='bbox 1252 2736 1353 2788; x_wconf 83' lang='grc' dir='ltr'><strong>οὑκ</strong></span> <span class='ocrx_word' id='word_1_352' title='bbox 1386 2734 1537 2805; x_wconf 79' lang='grc' dir='ltr'>ἐχει;</span> <span class='ocrx_word' id='word_1_353' title='bbox 1578 2734 1641 2786; x_wconf 89' lang='grc' dir='ltr'>Εἰ</span> <span class='ocrx_word' id='word_1_354' title='bbox 1677 2733 1734 2785; x_wconf 83' lang='grc' dir='ltr'>δὲ</span> <span class='ocrx_word' id='word_1_355' title='bbox 1763 2732 1826 2785; x_wconf 90' lang='grc' dir='ltr'><strong>τὸ</strong></span> 
     </span>
    </p>
   </div>
   <div class='ocr_carea' id='block_1_46' title="bbox 222 2825 1826 2909">
    <p class='ocr_par' dir='ltr' id='par_1_46' title="bbox 222 2825 1826 2909">
     <span class='ocr_line' id='line_1_46' title="bbox 222 2825 1826 2909; baseline -0.009 -19"><span class='ocrx_word' id='word_1_356' title='bbox 222 2837 410 2909; x_wconf 91' lang='grc' dir='ltr'>τρίτον</span> <span class='ocrx_word' id='word_1_357' title='bbox 432 2835 619 2906; x_wconf 65' lang='grc' dir='ltr'>φησιν,</span> <span class='ocrx_word' id='word_1_358' title='bbox 653 2834 735 2886; x_wconf 83' lang='grc' dir='ltr'>ὅτι</span> <span class='ocrx_word' id='word_1_359' title='bbox 775 2832 929 2895; x_wconf 85' lang='grc' dir='ltr'>τινές</span> <span class='ocrx_word' id='word_1_360' title='bbox 968 2832 1104 2883; x_wconf 92' lang='grc' dir='ltr'>εἰσιν</span> <span class='ocrx_word' id='word_1_361' title='bbox 1137 2827 1570 2899; x_wconf 87' lang='grc' dir='ltr'>ἀπεχθανόμενοι</span> <span class='ocrx_word' id='word_1_362' title='bbox 1588 2825 1668 2895; x_wconf 83' lang='grc' dir='ltr'>τῷ</span> <span class='ocrx_word' id='word_1_363' title='bbox 1690 2826 1826 2893; x_wconf 87' lang='grc' dir='ltr'>ἀγα-</span> 
     </span>
    </p>
   </div>
   <div class='ocr_carea' id='block_1_47' title="bbox 225 2919 1826 3000">
    <p class='ocr_par' dir='ltr' id='par_1_47' title="bbox 225 2919 1826 3000">
     <span class='ocr_line' id='line_1_47' title="bbox 225 2919 1826 3000; baseline -0.008 -18"><span class='ocrx_word' id='word_1_364' title='bbox 225 2928 329 3000; x_wconf 82' lang='grc' dir='ltr'><strong>θῷ,</strong></span> <span class='ocrx_word' id='word_1_365' title='bbox 368 2928 463 2982; x_wconf 74' lang='grc' dir='ltr'><strong>καὶ</strong></span> <span class='ocrx_word' id='word_1_366' title='bbox 493 2930 616 2991; x_wconf 87' lang='grc' dir='ltr'>ταῖς</span> <span class='ocrx_word' id='word_1_367' title='bbox 646 2926 789 2997; x_wconf 85' lang='grc' dir='ltr'>ἕρισι</span> <span class='ocrx_word' id='word_1_368' title='bbox 823 2924 918 2978; x_wconf 77' lang='grc' dir='ltr'><strong>καὶ</strong></span> <span class='ocrx_word' id='word_1_369' title='bbox 946 2927 1060 2987; x_wconf 85' lang='grc' dir='ltr'>τοῖς</span> <span class='ocrx_word' id='word_1_370' title='bbox 1100 2923 1294 2993; x_wconf 86' lang='grc' dir='ltr'>θυμοῖς</span> <span class='ocrx_word' id='word_1_371' title='bbox 1332 2921 1647 2993; x_wconf 86' lang='grc' dir='ltr'>χαίροντες,</span> <span class='ocrx_word' id='word_1_372' title='bbox 1683 2919 1826 2989; x_wconf 79' lang='grc' dir='ltr'>φημὶ</span> 
     </span>
    </p>
   </div>
   <div class='ocr_carea' id='block_1_48' title="bbox 222 3012 1825 3090">
    <p class='ocr_par' dir='ltr' id='par_1_48' title="bbox 222 3012 1825 3090">
     <span class='ocr_line' id='line_1_48' title="bbox 222 3012 1825 3090; baseline -0.007 -14"><span class='ocrx_word' id='word_1_373' title='bbox 222 3024 312 3076; x_wconf 80' lang='grc' dir='ltr'>ὅτι</span> <span class='ocrx_word' id='word_1_374' title='bbox 344 3022 440 3075; x_wconf 74' lang='grc' dir='ltr'><strong>καὶ</strong></span> <span class='ocrx_word' id='word_1_375' title='bbox 472 3016 620 3075; x_wconf 74' lang='grc' dir='ltr'>οὗτοι</span> <span class='ocrx_word' id='word_1_376' title='bbox 655 3021 931 3090; x_wconf 85' lang='grc' dir='ltr'>ἀμαυροῖς</span> <span class='ocrx_word' id='word_1_377' title='bbox 975 3015 1215 3079; x_wconf 86' lang='grc' dir='ltr'>εἰδώλοις</span> <span class='ocrx_word' id='word_1_378' title='bbox 1259 3014 1362 3085; x_wconf 80' lang='grc' dir='ltr'><strong>τῆς</strong></span> <span class='ocrx_word' id='word_1_379' title='bbox 1405 3013 1626 3084; x_wconf 82' lang='grc' dir='ltr'>ἀγάπης</span> <span class='ocrx_word' id='word_1_380' title='bbox 1661 3012 1825 3066; x_wconf 87' lang='grc' dir='ltr'>κατέ-</span> 
     </span>
    </p>
   </div>
   <div class='ocr_carea' id='block_1_49' title="bbox 1927 1893 3511 1966">
    <p class='ocr_par' dir='ltr' id='par_1_49' title="bbox 1927 1893 3511 1966">
     <span class='ocr_line' id='line_1_49' title="bbox 1927 1893 3511 1966; baseline 0.002 -17"><span class='ocrx_word' id='word_1_381' title='bbox 1927 1909 2101 1954; x_wconf 86' lang='lat' dir='ltr'><strong>mans.</strong></span> <span class='ocrx_word' id='word_1_382' title='bbox 2130 1893 2508 1949; x_wconf 86' lang='lat' dir='ltr'><strong>diversitatem</strong></span> <span class='ocrx_word' id='word_1_383' title='bbox 2534 1895 2778 1951; x_wconf 82' lang='lat' dir='ltr'><strong>existere</strong></span> <span class='ocrx_word' id='word_1_384' title='bbox 2804 1910 2901 1964; x_wconf 90' lang='lat' dir='ltr'><strong>per</strong></span> <span class='ocrx_word' id='word_1_385' title='bbox 2929 1895 3298 1952; x_wconf 89' lang='lat' dir='ltr'><strong>omnimodam</strong></span> <span class='ocrx_word' id='word_1_386' title='bbox 3324 1913 3353 1950; x_wconf 89' lang='lat' dir='ltr'><strong>a</strong></span> <span class='ocrx_word' id='word_1_387' title='bbox 3380 1914 3511 1966; x_wconf 90' lang='lat' dir='ltr'><strong>pace</strong></span> 
     </span>
    </p>
   </div>
   <div class='ocr_carea' id='block_1_50' title="bbox 1927 1987 3508 2057">
    <p class='ocr_par' dir='ltr' id='par_1_50' title="bbox 1927 1987 3508 2057">
     <span class='ocr_line' id='line_1_50' title="bbox 1927 1987 3508 2057; baseline 0.001 -16"><span class='ocrx_word' id='word_1_388' title='bbox 1927 1987 2351 2057; x_wconf 84' lang='lat' dir='ltr'><strong>prolapsionem,</strong></span> <span class='ocrx_word' id='word_1_389' title='bbox 2375 1987 2517 2041; x_wconf 89' lang='lat' dir='ltr'><strong>sicut</strong></span> <span class='ocrx_word' id='word_1_390' title='bbox 2552 1987 2832 2043; x_wconf 66' lang='lat' dir='ltr'><strong>Manichati</strong></span> <span class='ocrx_word' id='word_1_391' title='bbox 2874 1988 3132 2043; x_wconf 87' lang='lat' dir='ltr'><strong>dicebant</strong></span> <span class='ocrx_word' id='word_1_392' title='bbox 3161 2029 3178 2053; x_wconf 92' lang='lat'><strong>,</strong></span> <span class='ocrx_word' id='word_1_393' title='bbox 3222 1991 3508 2045; x_wconf 89' lang='lat' dir='ltr'><strong>materiam</strong></span> 
     </span>
    </p>
   </div>
   <div class='ocr_carea' id='block_1_51' title="bbox 1927 2079 3510 2148">
    <p class='ocr_par' dir='ltr' id='par_1_51' title="bbox 1927 2079 3510 2148">
     <span class='ocr_line' id='line_1_51' title="bbox 1927 2079 3510 2148; baseline 0.001 -15"><span class='ocrx_word' id='word_1_394' title='bbox 1927 2079 2131 2135; x_wconf 88' lang='lat' dir='ltr'><strong>habere</strong></span> <span class='ocrx_word' id='word_1_395' title='bbox 2161 2093 2261 2148; x_wconf 87' lang='lat' dir='ltr'><strong>per</strong></span> <span class='ocrx_word' id='word_1_396' title='bbox 2299 2093 2362 2135; x_wconf 89' lang='lat' dir='ltr'><strong>se</strong></span> <span class='ocrx_word' id='word_1_397' title='bbox 2391 2079 2783 2135; x_wconf 83' lang='lat' dir='ltr'><strong>subsistentem</strong></span> <span class='ocrx_word' id='word_1_398' title='bbox 2834 2080 3255 2137; x_wconf 84' lang='lat' dir='ltr'><strong>instabilitatem</strong></span> <span class='ocrx_word' id='word_1_399' title='bbox 3305 2091 3362 2136; x_wconf 91' lang='lat' dir='ltr'><strong>et</strong></span> <span class='ocrx_word' id='word_1_400' title='bbox 3402 2084 3510 2135; x_wconf 82' lang='lat' dir='ltr'><strong>cir-</strong></span> 
     </span>
    </p>
   </div>
   <div class='ocr_carea' id='block_1_52' title="bbox 1925 2167 3509 2235">
    <p class='ocr_par' dir='ltr' id='par_1_52' title="bbox 1925 2167 3509 2235">
     <span class='ocr_line' id='line_1_52' title="bbox 1925 2167 3509 2235; baseline 0 -11"><span class='ocrx_word' id='word_1_401' title='bbox 1925 2167 2368 2235; x_wconf 82' lang='lat' dir='ltr'><strong>cuntfereutiam,</strong></span> <span class='ocrx_word' id='word_1_402' title='bbox 2410 2179 2466 2223; x_wconf 91' lang='lat' dir='ltr'><strong>et</strong></span> <span class='ocrx_word' id='word_1_403' title='bbox 2505 2168 2835 2224; x_wconf 83' lang='lat' dir='ltr'><strong>inﬁnitatem</strong></span> <span class='ocrx_word' id='word_1_404' title='bbox 2879 2180 2936 2224; x_wconf 91' lang='lat' dir='ltr'><strong>et</strong></span> <span class='ocrx_word' id='word_1_405' title='bbox 2986 2171 3509 2234; x_wconf 82' lang='lat' dir='ltr'><strong>intertniuationetn,</strong></span> 
     </span>
    </p>
   </div>
   <div class='ocr_carea' id='block_1_53' title="bbox 1927 2260 3510 2331">
    <p class='ocr_par' dir='ltr' id='par_1_53' title="bbox 1927 2260 3510 2331">
     <span class='ocr_line' id='line_1_53' title="bbox 1927 2260 3510 2331; baseline -0.003 -14"><span class='ocrx_word' id='word_1_406' title='bbox 1927 2263 2066 2318; x_wconf 85' lang='lat' dir='ltr'><strong>sciat</strong></span> <span class='ocrx_word' id='word_1_407' title='bbox 2097 2260 2308 2316; x_wconf 87' lang='lat' dir='ltr'><strong>nullum</strong></span> <span class='ocrx_word' id='word_1_408' title='bbox 2351 2275 2453 2317; x_wconf 89' lang='lat' dir='ltr'><strong>ens</strong></span> <span class='ocrx_word' id='word_1_409' title='bbox 2501 2276 2645 2328; x_wconf 85' lang='lat' dir='ltr'><strong>esse,</strong></span> <span class='ocrx_word' id='word_1_410' title='bbox 2683 2262 2829 2331; x_wconf 87' lang='lat' dir='ltr'><strong>quod</strong></span> <span class='ocrx_word' id='word_1_411' title='bbox 2875 2263 2958 2317; x_wconf 89' lang='lat' dir='ltr'><strong>sic</strong></span> <span class='ocrx_word' id='word_1_412' title='bbox 2998 2274 3223 2317; x_wconf 82' lang='lat' dir='ltr'><strong>materia</strong></span> <span class='ocrx_word' id='word_1_413' title='bbox 3270 2273 3510 2325; x_wconf 88' lang='lat' dir='ltr'><strong>maneat,</strong></span> 
     </span>
    </p>
   </div>
   <div class='ocr_carea' id='block_1_54' title="bbox 1925 2352 3511 2425">
    <p class='ocr_par' dir='ltr' id='par_1_54' title="bbox 1925 2352 3511 2425">
     <span class='ocr_line' id='line_1_54' title="bbox 1925 2352 3511 2425; baseline -0.001 -14"><span class='ocrx_word' id='word_1_414' title='bbox 1925 2365 1983 2411; x_wconf 88' lang='lat' dir='ltr'><strong>ct</strong></span> <span class='ocrx_word' id='word_1_415' title='bbox 2012 2371 2112 2425; x_wconf 74' lang='lat' dir='ltr'><strong>per</strong></span> <span class='ocrx_word' id='word_1_416' title='bbox 2149 2370 2209 2411; x_wconf 86' lang='lat' dir='ltr'><strong>se</strong></span> <span class='ocrx_word' id='word_1_417' title='bbox 2237 2355 2536 2419; x_wconf 83' lang='lat' dir='ltr'><strong>subsistat;</strong></span> <span class='ocrx_word' id='word_1_418' title='bbox 2571 2370 2750 2423; x_wconf 88' lang='lat' dir='ltr'><strong>neque</strong></span> <span class='ocrx_word' id='word_1_419' title='bbox 2788 2352 2838 2407; x_wconf 91' lang='lat' dir='ltr'><strong>id</strong></span> <span class='ocrx_word' id='word_1_420' title='bbox 2878 2356 3044 2409; x_wconf 90' lang='lat' dir='ltr'><strong>etiam</strong></span> <span class='ocrx_word' id='word_1_421' title='bbox 3084 2358 3136 2410; x_wconf 93' lang='lat' dir='ltr'><strong>in</strong></span> <span class='ocrx_word' id='word_1_422' title='bbox 3164 2357 3326 2412; x_wconf 77' lang='lat' dir='ltr'><strong>rebus</strong></span> <span class='ocrx_word' id='word_1_423' title='bbox 3358 2370 3511 2425; x_wconf 84' lang='lat' dir='ltr'><strong>repe-</strong></span> 
     </span>
    </p>
   </div>
   <div class='ocr_carea' id='block_1_55' title="bbox 1927 2446 3514 2517">
    <p class='ocr_par' dir='ltr' id='par_1_55' title="bbox 1927 2446 3514 2517">
     <span class='ocr_line' id='line_1_55' title="bbox 1927 2446 3514 2517; baseline 0.001 -15"><span class='ocrx_word' id='word_1_424' title='bbox 1927 2449 2047 2513; x_wconf 87' lang='lat' dir='ltr'><strong>riri,</strong></span> <span class='ocrx_word' id='word_1_425' title='bbox 2075 2462 2198 2501; x_wconf 89' lang='lat' dir='ltr'><strong>cum</strong></span> <span class='ocrx_word' id='word_1_426' title='bbox 2242 2449 2355 2515; x_wconf 90' lang='lat' dir='ltr'><strong>ipsa</strong></span> <span class='ocrx_word' id='word_1_427' title='bbox 2387 2446 2556 2500; x_wconf 85' lang='lat' dir='ltr'><strong>etiam</strong></span> <span class='ocrx_word' id='word_1_428' title='bbox 2585 2461 2689 2499; x_wconf 92' lang='lat' dir='ltr'><strong>una</strong></span> <span class='ocrx_word' id='word_1_429' title='bbox 2727 2447 2798 2500; x_wconf 88' lang='lat' dir='ltr'><strong>sit</strong></span> <span class='ocrx_word' id='word_1_430' title='bbox 2838 2463 2908 2501; x_wconf 87' lang='lat' dir='ltr'><strong>ex</strong></span> <span class='ocrx_word' id='word_1_431' title='bbox 2939 2450 3218 2505; x_wconf 87' lang='lat' dir='ltr'><strong>creaturis</strong></span> <span class='ocrx_word' id='word_1_432' title='bbox 3260 2449 3366 2503; x_wconf 88' lang='lat' dir='ltr'><strong>illis</strong></span> <span class='ocrx_word' id='word_1_433' title='bbox 3393 2465 3514 2517; x_wconf 75' lang='lat' dir='ltr'><strong>quae</strong></span> 
     </span>
    </p>
   </div>
   <div class='ocr_carea' id='block_1_56' title="bbox 1928 2536 3516 2606">
    <p class='ocr_par' dir='ltr' id='par_1_56' title="bbox 1928 2536 3516 2606">
     <span class='ocr_line' id='line_1_56' title="bbox 1928 2536 3516 2606; baseline 0.001 -14"><span class='ocrx_word' id='word_1_434' title='bbox 1928 2536 2323 2593; x_wconf 87' lang='lat' dir='ltr'><strong>informantur.</strong></span> <span class='ocrx_word' id='word_1_435' title='bbox 2352 2537 2409 2591; x_wconf 87' lang='lat' dir='ltr'><strong>Si</strong></span> <span class='ocrx_word' id='word_1_436' title='bbox 2443 2537 2625 2606; x_wconf 82' lang='lat' dir='ltr'><strong>itaque</strong></span> <span class='ocrx_word' id='word_1_437' title='bbox 2653 2552 2759 2591; x_wconf 90' lang='lat' dir='ltr'><strong>non</strong></span> <span class='ocrx_word' id='word_1_438' title='bbox 2790 2537 2865 2590; x_wconf 91' lang='lat' dir='ltr'><strong>sit</strong></span> <span class='ocrx_word' id='word_1_439' title='bbox 2898 2538 3219 2606; x_wconf 79' lang='lat' dir='ltr'><strong>informata,</strong></span> <span class='ocrx_word' id='word_1_440' title='bbox 3248 2539 3392 2594; x_wconf 88' lang='lat' dir='ltr'><strong>sicut</strong></span> <span class='ocrx_word' id='word_1_441' title='bbox 3426 2555 3516 2594; x_wconf 80' lang='lat' dir='ltr'><strong>res</strong></span> 
     </span>
    </p>
   </div>
   <div class='ocr_carea' id='block_1_57' title="bbox 1927 2628 3513 2698">
    <p class='ocr_par' dir='ltr' id='par_1_57' title="bbox 1927 2628 3513 2698">
     <span class='ocr_line' id='line_1_57' title="bbox 1927 2628 3513 2698; baseline 0.001 -14"><span class='ocrx_word' id='word_1_442' title='bbox 1927 2638 2163 2693; x_wconf 59' lang='lat' dir='ltr'><strong>caetera,</strong></span> <span class='ocrx_word' id='word_1_443' title='bbox 2194 2642 2374 2695; x_wconf 87' lang='lat' dir='ltr'><strong>neque</strong></span> <span class='ocrx_word' id='word_1_444' title='bbox 2420 2628 2586 2681; x_wconf 86' lang='lat' dir='ltr'><strong>etiam</strong></span> <span class='ocrx_word' id='word_1_445' title='bbox 2632 2640 2807 2696; x_wconf 87' lang='lat' dir='ltr'><strong>certe,</strong></span> <span class='ocrx_word' id='word_1_446' title='bbox 2833 2631 2961 2685; x_wconf 90' lang='lat' dir='ltr'><strong>dum</strong></span> <span class='ocrx_word' id='word_1_447' title='bbox 3010 2631 3267 2687; x_wconf 86' lang='lat' dir='ltr'><strong>informis</strong></span> <span class='ocrx_word' id='word_1_448' title='bbox 3309 2643 3513 2698; x_wconf 90' lang='lat' dir='ltr'><strong>manet,</strong></span> 
     </span>
    </p>
   </div>
   <div class='ocr_carea' id='block_1_58' title="bbox 1928 2721 3514 2792">
    <p class='ocr_par' dir='ltr' id='par_1_58' title="bbox 1928 2721 3514 2792">
     <span class='ocr_line' id='line_1_58' title="bbox 1928 2721 3514 2792; baseline 0.002 -16"><span class='ocrx_word' id='word_1_449' title='bbox 1928 2735 2018 2776; x_wconf 89' lang='lat' dir='ltr'><strong>res</strong></span> <span class='ocrx_word' id='word_1_450' title='bbox 2042 2721 2137 2784; x_wconf 88' lang='lat' dir='ltr'><strong>sit,</strong></span> <span class='ocrx_word' id='word_1_451' title='bbox 2171 2735 2239 2775; x_wconf 90' lang='lat' dir='ltr'><strong>ue</strong></span> <span class='ocrx_word' id='word_1_452' title='bbox 2269 2734 2366 2789; x_wconf 83' lang='lat' dir='ltr'><strong>per</strong></span> <span class='ocrx_word' id='word_1_453' title='bbox 2406 2733 2466 2774; x_wconf 89' lang='lat' dir='ltr'><strong>se</strong></span> <span class='ocrx_word' id='word_1_454' title='bbox 2502 2721 2805 2786; x_wconf 85' lang='lat' dir='ltr'><strong>subsistat;</strong></span> <span class='ocrx_word' id='word_1_455' title='bbox 2846 2724 3124 2792; x_wconf 88' lang='lat' dir='ltr'><strong>quomodo</strong></span> <span class='ocrx_word' id='word_1_456' title='bbox 3173 2725 3418 2780; x_wconf 85' lang='lat' dir='ltr'><strong>dicemus</strong></span> <span class='ocrx_word' id='word_1_457' title='bbox 3463 2727 3514 2779; x_wconf 89' lang='lat' dir='ltr'><strong>id</strong></span> 
     </span>
    </p>
   </div>
   <div class='ocr_carea' id='block_1_59' title="bbox 1928 2810 3513 2884">
    <p class='ocr_par' dir='ltr' id='par_1_59' title="bbox 1928 2810 3513 2884">
     <span class='ocr_line' id='line_1_59' title="bbox 1928 2810 3513 2884; baseline 0.004 -20"><span class='ocrx_word' id='word_1_458' title='bbox 1928 2812 2073 2883; x_wconf 85' lang='lat' dir='ltr'><strong>quod</strong></span> <span class='ocrx_word' id='word_1_459' title='bbox 2106 2810 2212 2865; x_wconf 86' lang='lat' dir='ltr'><strong>tale</strong></span> <span class='ocrx_word' id='word_1_460' title='bbox 2240 2820 2327 2865; x_wconf 88' lang='lat' dir='ltr'><strong>est</strong></span> <span class='ocrx_word' id='word_1_461' title='bbox 2358 2827 2464 2865; x_wconf 88' lang='lat' dir='ltr'><strong>nou</strong></span> <span class='ocrx_word' id='word_1_462' title='bbox 2496 2811 2701 2868; x_wconf 85' lang='lat' dir='ltr'><strong>habere</strong></span> <span class='ocrx_word' id='word_1_463' title='bbox 2733 2829 2920 2882; x_wconf 88' lang='lat' dir='ltr'><strong>pacem</strong></span> <span class='ocrx_word' id='word_1_464' title='bbox 2948 2815 2970 2869; x_wconf 82' lang='lat'><strong>?</strong></span> <span class='ocrx_word' id='word_1_465' title='bbox 3022 2816 3178 2884; x_wconf 84' lang='lat' dir='ltr'><strong>Quod</strong></span> <span class='ocrx_word' id='word_1_466' title='bbox 3210 2816 3258 2872; x_wconf 88' lang='lat' dir='ltr'><strong>si</strong></span> <span class='ocrx_word' id='word_1_467' title='bbox 3291 2817 3513 2871; x_wconf 89' lang='lat' dir='ltr'><strong>tertium</strong></span> 
     </span>
    </p>
   </div>
   <div class='ocr_carea' id='block_1_60' title="bbox 1928 2902 3517 2975">
    <p class='ocr_par' dir='ltr' id='par_1_60' title="bbox 1928 2902 3517 2975">
     <span class='ocr_line' id='line_1_60' title="bbox 1928 2902 3517 2975; baseline 0.002 -17"><span class='ocrx_word' id='word_1_468' title='bbox 1928 2904 2101 2969; x_wconf 83' lang='lat' dir='ltr'><strong>dicat,</strong></span> <span class='ocrx_word' id='word_1_469' title='bbox 2136 2902 2352 2972; x_wconf 85' lang='lat' dir='ltr'><strong>aliquos</strong></span> <span class='ocrx_word' id='word_1_470' title='bbox 2385 2917 2507 2956; x_wconf 81' lang='lat' dir='ltr'><strong>esse</strong></span> <span class='ocrx_word' id='word_1_471' title='bbox 2535 2906 2627 2971; x_wconf 89' lang='lat' dir='ltr'><strong>qui</strong></span> <span class='ocrx_word' id='word_1_472' title='bbox 2663 2906 2808 2959; x_wconf 90' lang='lat' dir='ltr'><strong>bono</strong></span> <span class='ocrx_word' id='word_1_473' title='bbox 2850 2906 3235 2975; x_wconf 80' lang='lat' dir='ltr'><strong>adversantur,</strong></span> <span class='ocrx_word' id='word_1_474' title='bbox 3286 2919 3343 2963; x_wconf 86' lang='lat' dir='ltr'><strong>et</strong></span> <span class='ocrx_word' id='word_1_475' title='bbox 3385 2924 3517 2964; x_wconf 84' lang='lat' dir='ltr'><strong>con-</strong></span> 
     </span>
    </p>
   </div>
   <div class='ocr_carea' id='block_1_61' title="bbox 1932 2994 3517 3066">
    <p class='ocr_par' dir='ltr' id='par_1_61' title="bbox 1932 2994 3517 3066">
     <span class='ocr_line' id='line_1_61' title="bbox 1932 2994 3517 3066; baseline 0.003 -15"><span class='ocrx_word' id='word_1_476' title='bbox 1932 2994 2265 3051; x_wconf 88' lang='lat' dir='ltr'><strong>tentionibus</strong></span> <span class='ocrx_word' id='word_1_477' title='bbox 2306 3005 2361 3051; x_wconf 90' lang='lat' dir='ltr'><strong>et</strong></span> <span class='ocrx_word' id='word_1_478' title='bbox 2410 2996 2508 3049; x_wconf 87' lang='lat' dir='ltr'><strong>iris</strong></span> <span class='ocrx_word' id='word_1_479' title='bbox 2547 3000 2847 3066; x_wconf 78' lang='lat' dir='ltr'><strong>gaudeant,</strong></span> <span class='ocrx_word' id='word_1_480' title='bbox 2892 2999 3019 3053; x_wconf 90' lang='lat' dir='ltr'><strong>dico</strong></span> <span class='ocrx_word' id='word_1_481' title='bbox 3048 3000 3215 3054; x_wconf 89' lang='lat' dir='ltr'><strong>etiam</strong></span> <span class='ocrx_word' id='word_1_482' title='bbox 3248 3001 3372 3054; x_wconf 90' lang='lat' dir='ltr'><strong>illos</strong></span> <span class='ocrx_word' id='word_1_483' title='bbox 3418 3003 3517 3057; x_wconf 79' lang='lat' dir='ltr'><strong>ob-</strong></span> 
     </span>
    </p>
   </div>
   <div class='ocr_carea' id='block_1_62' title="bbox 224 3088 1824 3190">
    <p class='ocr_par' dir='ltr' id='par_1_62' title="bbox 224 3088 1824 3190">
     <span class='ocr_line' id='line_1_62' title="bbox 224 3088 1824 3190; baseline -0.008 -19"><span class='ocrx_word' id='word_1_484' title='bbox 224 3133 444 3190; x_wconf 86' lang='grc' dir='ltr'>χονται·</span> <span class='ocrx_word' id='word_1_485' title='bbox 481 3115 589 3169; x_wconf 84' lang='grc' dir='ltr'><strong>ὑπὸ</strong></span> <span class='ocrx_word' id='word_1_486' title='bbox 620 3088 732 3186; x_wconf 76' lang='grc' dir='ltr'>γὰρ</span> <span class='ocrx_word' id='word_1_487' title='bbox 766 3088 954 3167; x_wconf 83' lang='grc' dir='ltr'>παθῶν</span> <span class='ocrx_word' id='word_1_488' title='bbox 995 3108 1403 3182; x_wconf 73' lang='grc' dir='ltr'>ἐνοχλούμενοι,</span> <span class='ocrx_word' id='word_1_489' title='bbox 1440 3107 1535 3161; x_wconf 66' lang='grc' dir='ltr'><strong>καὶ¹</strong></span> <span class='ocrx_word' id='word_1_490' title='bbox 1564 3106 1636 3160; x_wconf 83' lang='grc' dir='ltr'>τὰ</span> <span class='ocrx_word' id='word_1_491' title='bbox 1679 3105 1824 3178; x_wconf 90' lang='grc' dir='ltr'>πάθη</span> 
     </span>
    </p>
   </div>
   <div class='ocr_carea' id='block_1_63' title="bbox 1927 3088 3512 3190">
    <p class='ocr_par' dir='ltr' id='par_1_63' title="bbox 1931 3088 3512 3158">
     <span class='ocr_line' id='line_1_63' title="bbox 1931 3088 3512 3158; baseline 0.003 -15"><span class='ocrx_word' id='word_1_492' title='bbox 1931 3089 2108 3143; x_wconf 85' lang='lat' dir='ltr'><strong>scuris</strong></span> <span class='ocrx_word' id='word_1_493' title='bbox 2132 3088 2465 3158; x_wconf 83' lang='lat' dir='ltr'><strong>quibusdam</strong></span> <span class='ocrx_word' id='word_1_494' title='bbox 2504 3089 2816 3145; x_wconf 86' lang='lat' dir='ltr'><strong>dilectionis</strong></span> <span class='ocrx_word' id='word_1_495' title='bbox 2846 3092 3158 3147; x_wconf 86' lang='lat' dir='ltr'><strong>simulacris</strong></span> <span class='ocrx_word' id='word_1_496' title='bbox 3198 3094 3512 3157; x_wconf 87' lang='lat' dir='ltr'><strong>contineri;</strong></span> 
     </span>
    </p>
   </div>
   <div class='ocr_carea' id='block_1_64' title="bbox 224 3197 1831 3278">
    <p class='ocr_par' dir='ltr' id='par_1_64' title="bbox 224 3197 1831 3278">
     <span class='ocr_line' id='line_1_64' title="bbox 224 3197 1831 3278; baseline -0.01 -13"><span class='ocrx_word' id='word_1_497' title='bbox 224 3209 370 3265; x_wconf 88' lang='grc' dir='ltr'><strong>κατά</strong></span> <span class='ocrx_word' id='word_1_498' title='bbox 395 3208 618 3278; x_wconf 82' lang='grc' dir='ltr'>ἄγνοιαν</span> <span class='ocrx_word' id='word_1_499' title='bbox 641 3206 717 3270; x_wconf 88' lang='grc' dir='ltr'>ὼς</span> <span class='ocrx_word' id='word_1_500' title='bbox 752 3204 894 3260; x_wconf 85' lang='grc' dir='ltr'>καλὰ</span> <span class='ocrx_word' id='word_1_501' title='bbox 921 3204 1168 3266; x_wconf 85' lang='grc' dir='ltr'>θέλοντες</span> <span class='ocrx_word' id='word_1_502' title='bbox 1200 3202 1373 3271; x_wconf 83' lang='grc' dir='ltr'>ἱστᾷν,</span> <span class='ocrx_word' id='word_1_503' title='bbox 1405 3197 1651 3253; x_wconf 83' lang='grc' dir='ltr'>δοκοῦσιν</span> <span class='ocrx_word' id='word_1_504' title='bbox 1679 3198 1831 3270; x_wconf 87' lang='grc' dir='ltr'>εἰρή-</span> 
     </span>
    </p>
   </div>
   <div class='ocr_carea' id='block_1_65' title="bbox 225 3288 1827 3375">
    <p class='ocr_par' dir='ltr' id='par_1_65' title="bbox 225 3288 1827 3375">
     <span class='ocr_line' id='line_1_65' title="bbox 225 3288 1827 3375; baseline -0.008 -21"><span class='ocrx_word' id='word_1_505' title='bbox 225 3320 328 3375; x_wconf 77' lang='grc' dir='ltr'><strong>νης</strong></span> <span class='ocrx_word' id='word_1_506' title='bbox 342 3299 651 3374; x_wconf 86' lang='grc' dir='ltr'>ὀρέγεσθαι,</span> <span class='ocrx_word' id='word_1_507' title='bbox 671 3298 947 3369; x_wconf 81' lang='grc' dir='ltr'>ἐφιέμενοι</span> <span class='ocrx_word' id='word_1_508' title='bbox 969 3294 1142 3357; x_wconf 84' lang='grc' dir='ltr'>ἀδεῶς</span> <span class='ocrx_word' id='word_1_509' title='bbox 1174 3291 1469 3347; x_wconf 87' lang='grc' dir='ltr'>ἀπολαύειν</span> <span class='ocrx_word' id='word_1_510' title='bbox 1481 3289 1590 3344; x_wconf 89' lang='grc' dir='ltr'><strong>τῶν</strong></span> <span class='ocrx_word' id='word_1_511' title='bbox 1618 3288 1827 3353; x_wconf 91' lang='grc' dir='ltr'>παθῶν,</span> 
     </span>
    </p>
   </div>
   <div class='ocr_carea' id='block_1_66' title="bbox 224 3381 1830 3469">
    <p class='ocr_par' dir='ltr' id='par_1_66' title="bbox 224 3381 1830 3469">
     <span class='ocr_line' id='line_1_66' title="bbox 224 3381 1830 3469; baseline -0.012 -16"><span class='ocrx_word' id='word_1_512' title='bbox 224 3400 324 3453; x_wconf 72' lang='grc' dir='ltr'><strong>καὶ</strong></span> <span class='ocrx_word' id='word_1_513' title='bbox 338 3398 573 3469; x_wconf 87' lang='grc' dir='ltr'>οἰόμενοι</span> <span class='ocrx_word' id='word_1_514' title='bbox 588 3392 889 3467; x_wconf 78' lang='grc' dir='ltr'>εἰρηνεύειν</span> <span class='ocrx_word' id='word_1_515' title='bbox 905 3391 1131 3453; x_wconf 80' lang='grc' dir='ltr'>ἑαυτοὺς</span> <span class='ocrx_word' id='word_1_516' title='bbox 1148 3388 1242 3442; x_wconf 84' lang='grc' dir='ltr'>ἐὰν</span> <span class='ocrx_word' id='word_1_517' title='bbox 1260 3382 1697 3457; x_wconf 87' lang='grc' dir='ltr'>ἀποπληρωθῶσι</span> <span class='ocrx_word' id='word_1_518' title='bbox 1721 3381 1830 3435; x_wconf 90' lang='grc' dir='ltr'><strong>τῶν</strong></span> 
     </span>
    </p>
   </div>
   <div class='ocr_carea' id='block_1_67' title="bbox 226 3473 1831 3562">
    <p class='ocr_par' dir='ltr' id='par_1_67' title="bbox 226 3473 1831 3562">
     <span class='ocr_line' id='line_1_67' title="bbox 226 3473 1831 3562; baseline -0.012 -16"><span class='ocrx_word' id='word_1_519' title='bbox 226 3492 318 3546; x_wconf 76' lang='grc' dir='ltr'><strong>ἀεὶ</strong></span> <span class='ocrx_word' id='word_1_520' title='bbox 354 3489 733 3562; x_wconf 71' lang='grc' dir='ltr'>ἀπορρεόντων</span> <span class='ocrx_word' id='word_1_521' title='bbox 762 3485 972 3549; x_wconf 86' lang='grc' dir='ltr'>παθῶν,</span> <span class='ocrx_word' id='word_1_522' title='bbox 1004 3483 1093 3537; x_wconf 76' lang='grc' dir='ltr'>ἀεὶ</span> <span class='ocrx_word' id='word_1_523' title='bbox 1132 3482 1237 3535; x_wconf 87' lang='grc' dir='ltr'><strong>ὑπὸ</strong></span> <span class='ocrx_word' id='word_1_524' title='bbox 1266 3479 1471 3533; x_wconf 91' lang='grc' dir='ltr'>τούτων</span> <span class='ocrx_word' id='word_1_525' title='bbox 1505 3473 1831 3548; x_wconf 88' lang='grc' dir='ltr'>ἐκταραττό-</span> 
     </span>
    </p>
   </div>
   <div class='ocr_carea' id='block_1_68' title="bbox 229 3565 1831 3653">
    <p class='ocr_par' dir='ltr' id='par_1_68' title="bbox 229 3565 1831 3653">
     <span class='ocr_line' id='line_1_68' title="bbox 229 3565 1831 3653; baseline -0.011 -18"><span class='ocrx_word' id='word_1_526' title='bbox 229 3599 406 3653; x_wconf 90' lang='grc' dir='ltr'>μενοι.</span> <span class='ocrx_word' id='word_1_527' title='bbox 438 3582 503 3634; x_wconf 82' lang='grc' dir='ltr'>Τί</span> <span class='ocrx_word' id='word_1_528' title='bbox 535 3582 600 3636; x_wconf 81' lang='grc' dir='ltr'><strong>ἄν</strong></span> <span class='ocrx_word' id='word_1_529' title='bbox 627 3597 712 3643; x_wconf 88' lang='grc' dir='ltr'><strong>τις</strong></span> <span class='ocrx_word' id='word_1_530' title='bbox 748 3578 893 3630; x_wconf 74' lang='grc' dir='ltr'>εἴποι</span> <span class='ocrx_word' id='word_1_531' title='bbox 932 3576 1062 3647; x_wconf 79' lang='grc' dir='ltr'>περὶ</span> <span class='ocrx_word' id='word_1_532' title='bbox 1101 3573 1202 3643; x_wconf 84' lang='grc' dir='ltr'><strong>τῆς</strong></span> <span class='ocrx_word' id='word_1_533' title='bbox 1243 3570 1385 3625; x_wconf 87' lang='grc' dir='ltr'><strong>κατά</strong></span> <span class='ocrx_word' id='word_1_534' title='bbox 1418 3567 1653 3641; x_wconf 87' lang='grc' dir='ltr'>Χριστὸν</span> <span class='ocrx_word' id='word_1_535' title='bbox 1679 3565 1831 3637; x_wconf 83' lang='grc' dir='ltr'>εἰρή-</span> 
     </span>
    </p>
   </div>
   <div class='ocr_carea' id='block_1_69' title="bbox 226 3657 1827 3745">
    <p class='ocr_par' dir='ltr' id='par_1_69' title="bbox 226 3657 1827 3745">
     <span class='ocr_line' id='line_1_69' title="bbox 226 3657 1827 3745; baseline -0.013 -14"><span class='ocrx_word' id='word_1_536' title='bbox 226 3692 349 3745; x_wconf 87' lang='grc' dir='ltr'>νης,</span> <span class='ocrx_word' id='word_1_537' title='bbox 368 3673 489 3728; x_wconf 88' lang='grc' dir='ltr'>καθ’</span> <span class='ocrx_word' id='word_1_538' title='bbox 513 3675 579 3745; x_wconf 80' lang='grc' dir='ltr'><strong>ἦν</strong></span> <span class='ocrx_word' id='word_1_539' title='bbox 606 3672 751 3734; x_wconf 77' lang='grc' dir='ltr'>ἄπας</span> <span class='ocrx_word' id='word_1_540' title='bbox 778 3669 942 3739; x_wconf 89' lang='grc' dir='ltr'>ἐλύθη</span> <span class='ocrx_word' id='word_1_541' title='bbox 975 3667 1209 3737; x_wconf 85' lang='grc' dir='ltr'>πόλεμος</span> <span class='ocrx_word' id='word_1_542' title='bbox 1227 3705 1242 3730; x_wconf 97' lang='grc'><strong>,</strong></span> <span class='ocrx_word' id='word_1_543' title='bbox 1278 3664 1371 3717; x_wconf 77' lang='grc' dir='ltr'><strong>καὶ</strong></span> <span class='ocrx_word' id='word_1_544' title='bbox 1406 3663 1479 3734; x_wconf 83' lang='grc' dir='ltr'>μὴ</span> <span class='ocrx_word' id='word_1_545' title='bbox 1516 3660 1675 3731; x_wconf 83' lang='grc' dir='ltr'>μόνον</span> <span class='ocrx_word' id='word_1_546' title='bbox 1704 3657 1827 3711; x_wconf 75' lang='grc' dir='ltr'>οὔτε</span> 
     </span>
    </p>
   </div>
   <div class='ocr_carea' id='block_1_70' title="bbox 228 3750 1824 3834">
    <p class='ocr_par' dir='ltr' id='par_1_70' title="bbox 228 3750 1824 3834">
     <span class='ocr_line' id='line_1_70' title="bbox 228 3750 1824 3834; baseline -0.011 -14"><span class='ocrx_word' id='word_1_547' title='bbox 228 3767 477 3829; x_wconf 71' lang='grc' dir='ltr'>ἑαυτοῖς,</span> <span class='ocrx_word' id='word_1_548' title='bbox 504 3762 628 3818; x_wconf 73' lang='grc' dir='ltr'>οὔτε</span> <span class='ocrx_word' id='word_1_549' title='bbox 664 3762 915 3834; x_wconf 85' lang='grc' dir='ltr'>ἀλλήλοις</span> <span class='ocrx_word' id='word_1_550' title='bbox 937 3799 952 3823; x_wconf 96' lang='grc'><strong>,</strong></span> <span class='ocrx_word' id='word_1_551' title='bbox 993 3757 1117 3812; x_wconf 73' lang='grc' dir='ltr'>οὔτε</span> <span class='ocrx_word' id='word_1_552' title='bbox 1155 3755 1406 3826; x_wconf 86' lang='grc' dir='ltr'>ἀγγέλοις</span> <span class='ocrx_word' id='word_1_553' title='bbox 1445 3750 1824 3824; x_wconf 88' lang='grc' dir='ltr'>μαχησόμεθα,</span> 
     </span>
    </p>
   </div>
   <div class='ocr_carea' id='block_1_71' title="bbox 227 3839 1827 3921">
    <p class='ocr_par' dir='ltr' id='par_1_71' title="bbox 227 3839 1827 3921">
     <span class='ocr_line' id='line_1_71' title="bbox 227 3839 1827 3921; baseline -0.013 -8"><span class='ocrx_word' id='word_1_554' title='bbox 227 3858 367 3912; x_wconf 78' lang='grc' dir='ltr'>ἀλλὰ</span> <span class='ocrx_word' id='word_1_555' title='bbox 390 3858 483 3911; x_wconf 56' lang='grc' dir='ltr'><strong>καὶ¹</strong></span> <span class='ocrx_word' id='word_1_556' title='bbox 502 3857 685 3919; x_wconf 80' lang='grc' dir='ltr'>αὐτοῖς</span> <span class='ocrx_word' id='word_1_557' title='bbox 703 3855 814 3917; x_wconf 77' lang='grc' dir='ltr'>τοῖς</span> <span class='ocrx_word' id='word_1_558' title='bbox 832 3850 1084 3921; x_wconf 87' lang='grc' dir='ltr'>ἀγγέλοις</span> <span class='ocrx_word' id='word_1_559' title='bbox 1102 3865 1225 3901; x_wconf 91' lang='grc' dir='ltr'>συνε</span> <span class='ocrx_word' id='word_1_560' title='bbox 1235 3847 1530 3917; x_wconf 87' lang='grc' dir='ltr'>ργήσομεν,</span> <span class='ocrx_word' id='word_1_561' title='bbox 1548 3841 1645 3913; x_wconf 81' lang='grc' dir='ltr'>τὴν</span> <span class='ocrx_word' id='word_1_562' title='bbox 1659 3839 1827 3911; x_wconf 79' lang='grc' dir='ltr'>αὐτὴν</span> 
     </span>
    </p>
   </div>
   <div class='ocr_carea' id='block_1_72' title="bbox 227 3932 1827 4019">
    <p class='ocr_par' dir='ltr' id='par_1_72' title="bbox 227 3932 1827 4019">
     <span class='ocr_line' id='line_1_72' title="bbox 227 3932 1827 4019; baseline -0.013 -16"><span class='ocrx_word' id='word_1_563' title='bbox 227 3950 416 4011; x_wconf 80' lang='grc' dir='ltr'>αὑτοῖς</span> <span class='ocrx_word' id='word_1_564' title='bbox 439 3947 567 4019; x_wconf 73' lang='grc' dir='ltr'>περὶ</span> <span class='ocrx_word' id='word_1_565' title='bbox 593 3946 656 3999; x_wconf 84' lang='grc' dir='ltr'><strong>τὸ</strong></span> <span class='ocrx_word' id='word_1_566' title='bbox 683 3946 837 3998; x_wconf 88' lang='grc' dir='ltr'>Θεῖον</span> <span class='ocrx_word' id='word_1_567' title='bbox 862 3943 1024 4004; x_wconf 76' lang='grc' dir='ltr'>σέϐας</span> <span class='ocrx_word' id='word_1_568' title='bbox 1051 3938 1309 4011; x_wconf 80' lang='grc' dir='ltr'>λατρείαν</span> <span class='ocrx_word' id='word_1_569' title='bbox 1333 3935 1429 3990; x_wconf 77' lang='grc' dir='ltr'>καὶ</span> <span class='ocrx_word' id='word_1_570' title='bbox 1459 3932 1827 4006; x_wconf 89' lang='grc' dir='ltr'>προσκύνησιν</span> 
     </span>
    </p>
   </div>
   <div class='ocr_carea' id='block_1_73' title="bbox 224 4021 1822 4108">
    <p class='ocr_par' dir='ltr' id='par_1_73' title="bbox 224 4021 1822 4108">
     <span class='ocr_line' id='line_1_73' title="bbox 224 4021 1822 4108; baseline -0.011 -15"><span class='ocrx_word' id='word_1_571' title='bbox 224 4039 546 4103; x_wconf 75' lang='grc' dir='ltr'>τελοῦντες,</span> <span class='ocrx_word' id='word_1_572' title='bbox 580 4036 648 4090; x_wconf 81' lang='grc' dir='ltr'>δι’</span> <span class='ocrx_word' id='word_1_573' title='bbox 683 4032 752 4108; x_wconf 84' lang='grc' dir='ltr'>ἦς</span> <span class='ocrx_word' id='word_1_574' title='bbox 789 4036 1012 4106; x_wconf 87' lang='grc' dir='ltr'>εἰρήνης</span> <span class='ocrx_word' id='word_1_575' title='bbox 1051 4027 1387 4103; x_wconf 82' lang='grc' dir='ltr'>κατήλλαξεν</span> <span class='ocrx_word' id='word_1_576' title='bbox 1436 4026 1586 4097; x_wconf 82' lang='grc' dir='ltr'>ήμᾶς</span> <span class='ocrx_word' id='word_1_577' title='bbox 1623 4021 1822 4093; x_wconf 79' lang='grc' dir='ltr'>ἐαυτῷ,</span> 
     </span>
    </p>
   </div>
   <div class='ocr_carea' id='block_1_74' title="bbox 224 4113 1826 4203">
    <p class='ocr_par' dir='ltr' id='par_1_74' title="bbox 224 4113 1826 4203">
     <span class='ocr_line' id='line_1_74' title="bbox 224 4113 1826 4203; baseline -0.01 -18"><span class='ocrx_word' id='word_1_578' title='bbox 224 4131 311 4203; x_wconf 82' lang='grc' dir='ltr'>τῷ</span> <span class='ocrx_word' id='word_1_579' title='bbox 344 4131 515 4202; x_wconf 89' lang='grc' dir='ltr'>Πατρί</span> <span class='ocrx_word' id='word_1_580' title='bbox 549 4147 609 4182; x_wconf 92' lang='grc' dir='ltr'><strong>τε</strong></span> <span class='ocrx_word' id='word_1_581' title='bbox 641 4130 737 4183; x_wconf 76' lang='grc' dir='ltr'>καὶ</span> <span class='ocrx_word' id='word_1_582' title='bbox 763 4127 843 4199; x_wconf 84' lang='grc' dir='ltr'>τῷ</span> <span class='ocrx_word' id='word_1_583' title='bbox 870 4125 1184 4197; x_wconf 89' lang='grc' dir='ltr'>Πνεύματι,</span> <span class='ocrx_word' id='word_1_584' title='bbox 1227 4121 1357 4192; x_wconf 77' lang='grc' dir='ltr'>περὶ</span> <span class='ocrx_word' id='word_1_585' title='bbox 1394 4113 1470 4174; x_wconf 84' lang='grc' dir='ltr'><strong>ὧν</strong></span> <span class='ocrx_word' id='word_1_586' title='bbox 1519 4118 1615 4172; x_wconf 70' lang='grc' dir='ltr'><strong>καὶ</strong></span> <span class='ocrx_word' id='word_1_587' title='bbox 1659 4116 1826 4171; x_wconf 83' lang='grc' dir='ltr'>ἀλλα-</span> 
     </span>
    </p>
   </div>
   <div class='ocr_carea' id='block_1_75' title="bbox 229 4221 871 4298">
    <p class='ocr_par' dir='ltr' id='par_1_75' title="bbox 229 4221 871 4298">
     <span class='ocr_line' id='line_1_75' title="bbox 229 4221 871 4298; baseline -0.005 -20"><span class='ocrx_word' id='word_1_588' title='bbox 229 4225 362 4298; x_wconf 85' lang='grc' dir='ltr'>χόσε</span> <span class='ocrx_word' id='word_1_589' title='bbox 398 4222 597 4286; x_wconf 84' lang='grc' dir='ltr'>ἱκανῶς</span> <span class='ocrx_word' id='word_1_590' title='bbox 634 4221 871 4294; x_wconf 83' lang='grc' dir='ltr'>εἴρηται.</span> 
     </span>
    </p>
   </div>
   <div class='ocr_carea' id='block_1_76' title="bbox 309 4388 1822 4472">
    <p class='ocr_par' dir='ltr' id='par_1_76' title="bbox 309 4388 1822 4472">
     <span class='ocr_line' id='line_1_76' title="bbox 309 4388 1822 4472; baseline -0.009 -17"><span class='ocrx_word' id='word_1_591' title='bbox 309 4400 337 4472; x_wconf 78' lang='lat'><strong>§</strong></span> <span class='ocrx_word' id='word_1_592' title='bbox 361 4400 448 4459; x_wconf 85' lang='lat' dir='ltr'><strong>Vl.</strong></span> <span class='ocrx_word' id='word_1_593' title='bbox 464 4399 741 4454; x_wconf 82' lang='grc' dir='ltr'>Ἐντεῦθεν</span> <span class='ocrx_word' id='word_1_594' title='bbox 755 4396 1024 4453; x_wconf 79' lang='grc' dir='ltr'>εἰσϐάλλει</span> <span class='ocrx_word' id='word_1_595' title='bbox 1040 4395 1136 4450; x_wconf 77' lang='grc' dir='ltr'>καὶ</span> <span class='ocrx_word' id='word_1_596' title='bbox 1155 4392 1463 4468; x_wconf 85' lang='grc' dir='ltr'>ἐρμηνεύει,</span> <span class='ocrx_word' id='word_1_597' title='bbox 1480 4389 1598 4454; x_wconf 89' lang='grc' dir='ltr'><strong>πῶς</strong></span> <span class='ocrx_word' id='word_1_598' title='bbox 1609 4391 1719 4443; x_wconf 85' lang='grc' dir='ltr'>νοεῖ</span> <span class='ocrx_word' id='word_1_599' title='bbox 1730 4388 1822 4441; x_wconf 90' lang='grc' dir='ltr'><strong>τὸν</strong></span> 
     </span>
    </p>
   </div>
   <div class='ocr_carea' id='block_1_77' title="bbox 1930 3179 3513 3253">
    <p class='ocr_par' dir='ltr' id='par_1_77' title="bbox 1930 3179 3513 3253">
     <span class='ocr_line' id='line_1_77' title="bbox 1930 3179 3513 3253; baseline 0.003 -19"><span class='ocrx_word' id='word_1_600' title='bbox 1930 3195 1961 3234; x_wconf 90' lang='lat' dir='ltr'><strong>a</strong></span> <span class='ocrx_word' id='word_1_601' title='bbox 1993 3179 2339 3249; x_wconf 86' lang='lat' dir='ltr'><strong>passionihus</strong></span> <span class='ocrx_word' id='word_1_602' title='bbox 2366 3182 2512 3233; x_wconf 90' lang='lat' dir='ltr'><strong>enim</strong></span> <span class='ocrx_word' id='word_1_603' title='bbox 2546 3182 2759 3250; x_wconf 76' lang='lat' dir='ltr'><strong>agitati,</strong></span> <span class='ocrx_word' id='word_1_604' title='bbox 2794 3197 2999 3252; x_wconf 84' lang='lat' dir='ltr'><strong>easque</strong></span> <span class='ocrx_word' id='word_1_605' title='bbox 3026 3198 3123 3253; x_wconf 88' lang='lat' dir='ltr'><strong>per</strong></span> <span class='ocrx_word' id='word_1_606' title='bbox 3144 3182 3513 3253; x_wconf 87' lang='lat' dir='ltr'><strong>ignoratuiam</strong></span> 
     </span>
    </p>
   </div>
   <div class='ocr_carea' id='block_1_78' title="bbox 1927 3272 3515 3344">
    <p class='ocr_par' dir='ltr' id='par_1_78' title="bbox 1927 3272 3515 3344">
     <span class='ocr_line' id='line_1_78' title="bbox 1927 3272 3515 3344; baseline 0.003 -19"><span class='ocrx_word' id='word_1_607' title='bbox 1927 3273 2085 3341; x_wconf 79' lang='lat' dir='ltr'><strong>quasi</strong></span> <span class='ocrx_word' id='word_1_608' title='bbox 2114 3272 2286 3327; x_wconf 86' lang='lat' dir='ltr'><strong>bonas</strong></span> <span class='ocrx_word' id='word_1_609' title='bbox 2311 3272 2505 3327; x_wconf 85' lang='lat' dir='ltr'><strong>sedare</strong></span> <span class='ocrx_word' id='word_1_610' title='bbox 2532 3272 2798 3336; x_wconf 83' lang='lat' dir='ltr'><strong>volentes,</strong></span> <span class='ocrx_word' id='word_1_611' title='bbox 2822 3288 3012 3343; x_wconf 88' lang='lat' dir='ltr'><strong>pacem</strong></span> <span class='ocrx_word' id='word_1_612' title='bbox 3039 3284 3298 3344; x_wconf 87' lang='lat' dir='ltr'><strong>appetere</strong></span> <span class='ocrx_word' id='word_1_613' title='bbox 3327 3274 3515 3330; x_wconf 88' lang='lat' dir='ltr'><strong>viden-</strong></span> 
     </span>
    </p>
   </div>
   <div class='ocr_carea' id='block_1_79' title="bbox 1931 3359 3518 3431">
    <p class='ocr_par' dir='ltr' id='par_1_79' title="bbox 1931 3359 3518 3431">
     <span class='ocr_line' id='line_1_79' title="bbox 1931 3359 3518 3431; baseline 0.003 -16"><span class='ocrx_word' id='word_1_614' title='bbox 1931 3371 2043 3426; x_wconf 90' lang='lat' dir='ltr'><strong>tur,</strong></span> <span class='ocrx_word' id='word_1_615' title='bbox 2091 3361 2225 3414; x_wconf 91' lang='lat' dir='ltr'><strong>dum</strong></span> <span class='ocrx_word' id='word_1_616' title='bbox 2273 3359 2629 3429; x_wconf 89' lang='lat' dir='ltr'><strong>passionibus</strong></span> <span class='ocrx_word' id='word_1_617' title='bbox 2672 3360 2898 3431; x_wconf 85' lang='lat' dir='ltr'><strong>impune</strong></span> <span class='ocrx_word' id='word_1_618' title='bbox 2943 3362 3052 3417; x_wconf 86' lang='lat' dir='ltr'><strong>frui</strong></span> <span class='ocrx_word' id='word_1_619' title='bbox 3095 3365 3429 3429; x_wconf 85' lang='lat' dir='ltr'><strong>desiderant,</strong></span> <span class='ocrx_word' id='word_1_620' title='bbox 3461 3376 3518 3420; x_wconf 84' lang='lat' dir='ltr'><strong>et</strong></span> 
     </span>
    </p>
   </div>
   <div class='ocr_carea' id='block_1_80' title="bbox 1928 3452 3516 3521">
    <p class='ocr_par' dir='ltr' id='par_1_80' title="bbox 1928 3452 3516 3521">
     <span class='ocr_line' id='line_1_80' title="bbox 1928 3452 3516 3521; baseline 0.005 -16"><span class='ocrx_word' id='word_1_621' title='bbox 1928 3452 2273 3506; x_wconf 87' lang='lat' dir='ltr'><strong>arbitrantur</strong></span> <span class='ocrx_word' id='word_1_622' title='bbox 2308 3467 2369 3507; x_wconf 90' lang='lat' dir='ltr'><strong>se</strong></span> <span class='ocrx_word' id='word_1_623' title='bbox 2396 3467 2588 3521; x_wconf 87' lang='lat' dir='ltr'><strong>pacem</strong></span> <span class='ocrx_word' id='word_1_624' title='bbox 2636 3454 2865 3520; x_wconf 86' lang='lat' dir='ltr'><strong>habere,</strong></span> <span class='ocrx_word' id='word_1_625' title='bbox 2894 3456 2940 3510; x_wconf 90' lang='lat' dir='ltr'><strong>si</strong></span> <span class='ocrx_word' id='word_1_626' title='bbox 2983 3456 3248 3512; x_wconf 84' lang='lat' dir='ltr'><strong>continuo</strong></span> <span class='ocrx_word' id='word_1_627' title='bbox 3296 3457 3516 3513; x_wconf 83' lang='lat' dir='ltr'><strong>ﬂuenti-</strong></span> 
     </span>
    </p>
   </div>
   <div class='ocr_carea' id='block_1_81' title="bbox 1929 3544 3516 3620">
    <p class='ocr_par' dir='ltr' id='par_1_81' title="bbox 1929 3544 3516 3620">
     <span class='ocr_line' id='line_1_81' title="bbox 1929 3544 3516 3620; baseline 0.005 -22"><span class='ocrx_word' id='word_1_628' title='bbox 1929 3544 2032 3599; x_wconf 88' lang='lat' dir='ltr'><strong>bus</strong></span> <span class='ocrx_word' id='word_1_629' title='bbox 2088 3545 2436 3614; x_wconf 86' lang='lat' dir='ltr'><strong>passionibus</strong></span> <span class='ocrx_word' id='word_1_630' title='bbox 2502 3546 2841 3615; x_wconf 85' lang='lat' dir='ltr'><strong>repleantur,</strong></span> <span class='ocrx_word' id='word_1_631' title='bbox 2910 3549 2981 3603; x_wconf 90' lang='lat' dir='ltr'><strong>ab</strong></span> <span class='ocrx_word' id='word_1_632' title='bbox 3044 3549 3238 3604; x_wconf 88' lang='lat' dir='ltr'><strong>iisdem</strong></span> <span class='ocrx_word' id='word_1_633' title='bbox 3294 3566 3516 3620; x_wconf 86' lang='lat' dir='ltr'><strong>semper</strong></span> 
     </span>
    </p>
   </div>
   <div class='ocr_carea' id='block_1_82' title="bbox 1929 3636 3514 3714">
    <p class='ocr_par' dir='ltr' id='par_1_82' title="bbox 1929 3636 3514 3714">
     <span class='ocr_line' id='line_1_82' title="bbox 1929 3636 3514 3714; baseline 0.006 -23"><span class='ocrx_word' id='word_1_634' title='bbox 1929 3636 2094 3706; x_wconf 77' lang='lat'><strong>520</strong></span> <span class='ocrx_word' id='word_1_635' title='bbox 2130 3637 2423 3706; x_wconf 84' lang='lat' dir='ltr'><strong>exagitari.</strong></span> <span class='ocrx_word' id='word_1_636' title='bbox 2477 3638 2617 3704; x_wconf 86' lang='lat' dir='ltr'><strong>Quid</strong></span> <span class='ocrx_word' id='word_1_637' title='bbox 2674 3654 2841 3709; x_wconf 87' lang='lat' dir='ltr'><strong>porro</strong></span> <span class='ocrx_word' id='word_1_638' title='bbox 2891 3641 3042 3696; x_wconf 90' lang='lat' dir='ltr'><strong>dicat</strong></span> <span class='ocrx_word' id='word_1_639' title='bbox 3093 3644 3216 3711; x_wconf 86' lang='lat' dir='ltr'><strong>quis</strong></span> <span class='ocrx_word' id='word_1_640' title='bbox 3266 3644 3333 3698; x_wconf 91' lang='lat' dir='ltr'><strong>de</strong></span> <span class='ocrx_word' id='word_1_641' title='bbox 3380 3658 3514 3714; x_wconf 82' lang='lat' dir='ltr'><strong>pace</strong></span> 
     </span>
    </p>
   </div>
   <div class='ocr_carea' id='block_1_83' title="bbox 1925 3729 3516 3799">
    <p class='ocr_par' dir='ltr' id='par_1_83' title="bbox 1925 3729 3516 3799">
     <span class='ocr_line' id='line_1_83' title="bbox 1925 3729 3516 3799; baseline 0.005 -16"><span class='ocrx_word' id='word_1_642' title='bbox 1925 3730 2170 3795; x_wconf 73' lang='lat' dir='ltr'><strong>Christi,</strong></span> <span class='ocrx_word' id='word_1_643' title='bbox 2240 3745 2345 3799; x_wconf 87' lang='lat' dir='ltr'><strong>qua</strong></span> <span class='ocrx_word' id='word_1_644' title='bbox 2401 3729 2603 3785; x_wconf 90' lang='lat' dir='ltr'><strong>bellum</strong></span> <span class='ocrx_word' id='word_1_645' title='bbox 2656 3747 2820 3787; x_wconf 90' lang='lat' dir='ltr'><strong>omne</strong></span> <span class='ocrx_word' id='word_1_646' title='bbox 2874 3733 3202 3788; x_wconf 83' lang='lat' dir='ltr'><strong>dissolutum</strong></span> <span class='ocrx_word' id='word_1_647' title='bbox 3262 3745 3393 3797; x_wconf 87' lang='lat' dir='ltr'><strong>est,</strong></span> <span class='ocrx_word' id='word_1_648' title='bbox 3456 3747 3516 3791; x_wconf 89' lang='lat' dir='ltr'><strong>ut</strong></span> 
     </span>
    </p>
   </div>
   <div class='ocr_carea' id='block_1_84' title="bbox 1927 3821 3511 3892">
    <p class='ocr_par' dir='ltr' id='par_1_84' title="bbox 1927 3821 3511 3892">
     <span class='ocr_line' id='line_1_84' title="bbox 1927 3821 3511 3892; baseline 0.001 -16"><span class='ocrx_word' id='word_1_649' title='bbox 1927 3837 2033 3876; x_wconf 90' lang='lat' dir='ltr'><strong>non</strong></span> <span class='ocrx_word' id='word_1_650' title='bbox 2073 3821 2248 3875; x_wconf 89' lang='lat' dir='ltr'><strong>solum</strong></span> <span class='ocrx_word' id='word_1_651' title='bbox 2290 3835 2467 3891; x_wconf 89' lang='lat' dir='ltr'><strong>neque</strong></span> <span class='ocrx_word' id='word_1_652' title='bbox 2510 3822 2819 3888; x_wconf 85' lang='lat' dir='ltr'><strong>nobiscum,</strong></span> <span class='ocrx_word' id='word_1_653' title='bbox 2867 3838 3045 3892; x_wconf 87' lang='lat' dir='ltr'><strong>neque</strong></span> <span class='ocrx_word' id='word_1_654' title='bbox 3079 3840 3201 3879; x_wconf 80' lang='lat' dir='ltr'><strong>cum</strong></span> <span class='ocrx_word' id='word_1_655' title='bbox 3253 3824 3511 3891; x_wconf 86' lang='lat' dir='ltr'><strong>invicem,</strong></span> 
     </span>
    </p>
   </div>
   <div class='ocr_carea' id='block_1_85' title="bbox 1925 3912 3511 3982">
    <p class='ocr_par' dir='ltr' id='par_1_85' title="bbox 1925 3912 3511 3982">
     <span class='ocr_line' id='line_1_85' title="bbox 1925 3912 3511 3982; baseline 0.002 -15"><span class='ocrx_word' id='word_1_656' title='bbox 1925 3927 2105 3982; x_wconf 87' lang='lat' dir='ltr'><strong>neque</strong></span> <span class='ocrx_word' id='word_1_657' title='bbox 2144 3929 2268 3967; x_wconf 90' lang='lat' dir='ltr'><strong>cum</strong></span> <span class='ocrx_word' id='word_1_658' title='bbox 2297 3912 2507 3982; x_wconf 76' lang='lat' dir='ltr'><strong>angelis</strong></span> <span class='ocrx_word' id='word_1_659' title='bbox 2531 3913 2731 3967; x_wconf 87' lang='lat' dir='ltr'><strong>bellum</strong></span> <span class='ocrx_word' id='word_1_660' title='bbox 2760 3915 3087 3981; x_wconf 82' lang='lat' dir='ltr'><strong>habeamus,</strong></span> <span class='ocrx_word' id='word_1_661' title='bbox 3124 3930 3314 3970; x_wconf 79' lang='lat' dir='ltr'><strong>verum</strong></span> <span class='ocrx_word' id='word_1_662' title='bbox 3343 3918 3511 3970; x_wconf 88' lang='lat' dir='ltr'><strong>etiam</strong></span> 
     </span>
    </p>
   </div>
   <div class='ocr_carea' id='block_1_86' title="bbox 1925 4003 3509 4077">
    <p class='ocr_par' dir='ltr' id='par_1_86' title="bbox 1925 4003 3509 4077">
     <span class='ocr_line' id='line_1_86' title="bbox 1925 4003 3509 4077; baseline 0.002 -17"><span class='ocrx_word' id='word_1_663' title='bbox 1925 4005 2063 4074; x_wconf 89' lang='lat' dir='ltr'><strong>ipsis</strong></span> <span class='ocrx_word' id='word_1_664' title='bbox 2104 4003 2316 4073; x_wconf 81' lang='lat' dir='ltr'><strong>angelis</strong></span> <span class='ocrx_word' id='word_1_665' title='bbox 2352 4018 2736 4073; x_wconf 79' lang='lat' dir='ltr'><strong>conperemur,</strong></span> <span class='ocrx_word' id='word_1_666' title='bbox 2767 4007 3023 4061; x_wconf 84' lang='lat' dir='ltr'><strong>eumdem</strong></span> <span class='ocrx_word' id='word_1_667' title='bbox 3062 4022 3188 4063; x_wconf 89' lang='lat' dir='ltr'><strong>cum</strong></span> <span class='ocrx_word' id='word_1_668' title='bbox 3233 4008 3367 4077; x_wconf 81' lang='lat' dir='ltr'><strong>ipsis</strong></span> <span class='ocrx_word' id='word_1_669' title='bbox 3400 4009 3509 4063; x_wconf 81' lang='lat' dir='ltr'><strong>Deo</strong></span> 
     </span>
    </p>
   </div>
   <div class='ocr_carea' id='block_1_87' title="bbox 1924 4095 3509 4169">
    <p class='ocr_par' dir='ltr' id='par_1_87' title="bbox 1924 4095 3509 4169">
     <span class='ocr_line' id='line_1_87' title="bbox 1924 4095 3509 4169; baseline 0.001 -17"><span class='ocrx_word' id='word_1_670' title='bbox 1924 4095 2133 4152; x_wconf 87' lang='lat' dir='ltr'><strong>cultum</strong></span> <span class='ocrx_word' id='word_1_671' title='bbox 2165 4107 2220 4151; x_wconf 89' lang='lat' dir='ltr'><strong>et</strong></span> <span class='ocrx_word' id='word_1_672' title='bbox 2242 4098 2621 4151; x_wconf 85' lang='lat' dir='ltr'><strong>adorationem</strong></span> <span class='ocrx_word' id='word_1_673' title='bbox 2647 4095 2999 4163; x_wconf 80' lang='lat' dir='ltr'><strong>exhibentes,</strong></span> <span class='ocrx_word' id='word_1_674' title='bbox 3028 4112 3136 4168; x_wconf 89' lang='lat' dir='ltr'><strong>qua</strong></span> <span class='ocrx_word' id='word_1_675' title='bbox 3162 4098 3349 4169; x_wconf 88' lang='lat' dir='ltr'><strong>utique</strong></span> <span class='ocrx_word' id='word_1_676' title='bbox 3373 4114 3509 4168; x_wconf 84' lang='lat' dir='ltr'><strong>pace</strong></span> 
     </span>
    </p>
   </div>
   <div class='ocr_carea' id='block_1_88' title="bbox 1925 4188 3511 4259">
    <p class='ocr_par' dir='ltr' id='par_1_88' title="bbox 1925 4188 3511 4259">
     <span class='ocr_line' id='line_1_88' title="bbox 1925 4188 3511 4259; baseline -0.001 -12"><span class='ocrx_word' id='word_1_677' title='bbox 1925 4188 2243 4247; x_wconf 86' lang='lat' dir='ltr'><strong>conciliavit</strong></span> <span class='ocrx_word' id='word_1_678' title='bbox 2277 4204 2376 4242; x_wconf 89' lang='lat' dir='ltr'><strong>nos</strong></span> <span class='ocrx_word' id='word_1_679' title='bbox 2402 4189 2532 4252; x_wconf 89' lang='lat' dir='ltr'><strong>sibi,</strong></span> <span class='ocrx_word' id='word_1_680' title='bbox 2564 4196 2621 4242; x_wconf 90' lang='lat' dir='ltr'><strong>et</strong></span> <span class='ocrx_word' id='word_1_681' title='bbox 2648 4188 2822 4252; x_wconf 88' lang='lat' dir='ltr'><strong>Patri,</strong></span> <span class='ocrx_word' id='word_1_682' title='bbox 2856 4198 2913 4243; x_wconf 85' lang='lat' dir='ltr'><strong>et</strong></span> <span class='ocrx_word' id='word_1_683' title='bbox 2937 4188 3169 4259; x_wconf 89' lang='lat' dir='ltr'><strong>Spiritui</strong></span> <span class='ocrx_word' id='word_1_684' title='bbox 3199 4200 3412 4258; x_wconf 80' lang='lat' dir='ltr'><strong>sancto,</strong></span> <span class='ocrx_word' id='word_1_685' title='bbox 3442 4191 3511 4246; x_wconf 87' lang='lat' dir='ltr'><strong>de</strong></span> 
     </span>
    </p>
   </div>
   <div class='ocr_carea' id='block_1_89' title="bbox 1925 4280 3004 4354">
    <p class='ocr_par' dir='ltr' id='par_1_89' title="bbox 1925 4280 3004 4354">
     <span class='ocr_line' id='line_1_89' title="bbox 1925 4280 3004 4354; baseline -0.004 -16"><span class='ocrx_word' id='word_1_686' title='bbox 1925 4284 2125 4354; x_wconf 88' lang='lat' dir='ltr'><strong>quibus</strong></span> <span class='ocrx_word' id='word_1_687' title='bbox 2154 4283 2319 4336; x_wconf 89' lang='lat' dir='ltr'><strong>etiam</strong></span> <span class='ocrx_word' id='word_1_688' title='bbox 2346 4281 2474 4334; x_wconf 80' lang='lat' dir='ltr'><strong>alibi</strong></span> <span class='ocrx_word' id='word_1_689' title='bbox 2502 4281 2636 4335; x_wconf 89' lang='lat' dir='ltr'><strong>satis</strong></span> <span class='ocrx_word' id='word_1_690' title='bbox 2669 4280 2873 4334; x_wconf 88' lang='lat' dir='ltr'><strong>dictum</strong></span> <span class='ocrx_word' id='word_1_691' title='bbox 2901 4290 3004 4335; x_wconf 89' lang='lat' dir='ltr'><strong>est.</strong></span> 
     </span>
    </p>
   </div>
   <div class='ocr_carea' id='block_1_90' title="bbox 1998 4370 3506 4445">
    <p class='ocr_par' dir='ltr' id='par_1_90' title="bbox 1998 4370 3506 4445">
     <span class='ocr_line' id='line_1_90' title="bbox 1998 4370 3506 4445; baseline -0.002 -17"><span class='ocrx_word' id='word_1_692' title='bbox 1998 4373 2028 4445; x_wconf 85' lang='lat'><strong>§</strong></span> <span class='ocrx_word' id='word_1_693' title='bbox 2056 4372 2144 4428; x_wconf 82' lang='lat' dir='ltr'><strong>Vl.</strong></span> <span class='ocrx_word' id='word_1_694' title='bbox 2167 4372 2267 4427; x_wconf 84' lang='lat' dir='ltr'><strong>Hic</strong></span> <span class='ocrx_word' id='word_1_695' title='bbox 2300 4371 2466 4426; x_wconf 84' lang='lat' dir='ltr'><strong>etiam</strong></span> <span class='ocrx_word' id='word_1_696' title='bbox 2512 4370 2826 4434; x_wconf 87' lang='lat' dir='ltr'><strong>introducit,</strong></span> <span class='ocrx_word' id='word_1_697' title='bbox 2852 4380 2908 4424; x_wconf 88' lang='lat' dir='ltr'><strong>et</strong></span> <span class='ocrx_word' id='word_1_698' title='bbox 2947 4370 3206 4440; x_wconf 77' lang='lat' dir='ltr'><strong>explicat,</strong></span> <span class='ocrx_word' id='word_1_699' title='bbox 3233 4372 3506 4441; x_wconf 89' lang='lat' dir='ltr'><strong>quomodo</strong></span> 
     </span>
    </p>
   </div>
   <div class='ocr_carea' id='block_1_91' title="bbox 227 4462 1824 4563">
    <p class='ocr_par' dir='ltr' id='par_1_91' title="bbox 227 4462 1818 4563">
     <span class='ocr_line' id='line_1_91' title="bbox 227 4462 1818 4563; baseline -0.009 -16"><span class='ocrx_word' id='word_1_700' title='bbox 227 4462 366 4547; x_wconf 72' lang='grc' dir='ltr'>Θεὸν</span> <span class='ocrx_word' id='word_1_701' title='bbox 395 4491 673 4563; x_wconf 75' lang='grc' dir='ltr'>αὑτοζωὴν</span> <span class='ocrx_word' id='word_1_702' title='bbox 711 4488 849 4545; x_wconf 83' lang='grc' dir='ltr'>εἶναι</span> <span class='ocrx_word' id='word_1_703' title='bbox 873 4530 887 4555; x_wconf 90' lang='grc'><strong>,</strong></span> <span class='ocrx_word' id='word_1_704' title='bbox 927 4490 1023 4544; x_wconf 88' lang='grc' dir='ltr'>καί</span> <span class='ocrx_word' id='word_1_705' title='bbox 1047 4488 1151 4559; x_wconf 85' lang='grc' dir='ltr'><strong>τῆς</strong></span> <span class='ocrx_word' id='word_1_706' title='bbox 1177 4462 1454 4556; x_wconf 81' lang='grc' dir='ltr'>αὑτοζωῆς</span> <span class='ocrx_word' id='word_1_707' title='bbox 1486 4481 1818 4552; x_wconf 85' lang='grc' dir='ltr'>ὑποστάτην,</span> 
     </span>
    </p>
   </div>
   <div class='ocr_carea' id='block_1_92' title="bbox 1927 4462 3509 4563">
    <p class='ocr_par' dir='ltr' id='par_1_92' title="bbox 1928 4462 3509 4536">
     <span class='ocr_line' id='line_1_92' title="bbox 1928 4462 3509 4536; baseline -0.001 -15"><span class='ocrx_word' id='word_1_708' title='bbox 1928 4465 2196 4536; x_wconf 77' lang='lat' dir='ltr'><strong>intelligat</strong></span> <span class='ocrx_word' id='word_1_709' title='bbox 2235 4465 2402 4519; x_wconf 89' lang='lat' dir='ltr'><strong>Deum</strong></span> <span class='ocrx_word' id='word_1_710' title='bbox 2442 4476 2568 4517; x_wconf 89' lang='lat' dir='ltr'><strong>esse</strong></span> <span class='ocrx_word' id='word_1_711' title='bbox 2611 4476 2710 4531; x_wconf 89' lang='lat' dir='ltr'><strong>per</strong></span> <span class='ocrx_word' id='word_1_712' title='bbox 2736 4478 2795 4516; x_wconf 83' lang='lat' dir='ltr'><strong>se</strong></span> <span class='ocrx_word' id='word_1_713' title='bbox 2822 4462 3018 4528; x_wconf 89' lang='lat' dir='ltr'><strong>vitam,</strong></span> <span class='ocrx_word' id='word_1_714' title='bbox 3053 4473 3109 4518; x_wconf 89' lang='lat' dir='ltr'><strong>et</strong></span> <span class='ocrx_word' id='word_1_715' title='bbox 3153 4479 3249 4531; x_wconf 87' lang='lat' dir='ltr'><strong>per</strong></span> <span class='ocrx_word' id='word_1_716' title='bbox 3284 4478 3347 4519; x_wconf 83' lang='lat' dir='ltr'><strong>se</strong></span> <span class='ocrx_word' id='word_1_717' title='bbox 3383 4466 3509 4519; x_wconf 83' lang='lat' dir='ltr'><strong>vine</strong></span> 
     </span>
    </p>
   </div>
   <div class='ocr_carea' id='block_1_93' title="bbox 229 4573 1823 4654">
    <p class='ocr_par' dir='ltr' id='par_1_93' title="bbox 229 4573 1823 4654">
     <span class='ocr_line' id='line_1_93' title="bbox 229 4573 1823 4654; baseline -0.008 -17"><span class='ocrx_word' id='word_1_718' title='bbox 229 4584 331 4638; x_wconf 81' lang='grc' dir='ltr'><strong>καὶ</strong></span> <span class='ocrx_word' id='word_1_719' title='bbox 366 4582 435 4636; x_wconf 84' lang='grc' dir='ltr'>τὰ</span> <span class='ocrx_word' id='word_1_720' title='bbox 462 4584 624 4654; x_wconf 83' lang='grc' dir='ltr'>ὅμοια</span> <span class='ocrx_word' id='word_1_721' title='bbox 650 4623 663 4647; x_wconf 96' lang='grc'><strong>,</strong></span> <span class='ocrx_word' id='word_1_722' title='bbox 695 4580 886 4652; x_wconf 87' lang='grc' dir='ltr'>ἐπειδὴ</span> <span class='ocrx_word' id='word_1_723' title='bbox 915 4578 1015 4633; x_wconf 75' lang='grc' dir='ltr'>καὶ</span> <span class='ocrx_word' id='word_1_724' title='bbox 1050 4582 1108 4633; x_wconf 80' lang='grc' dir='ltr'><strong>ἐν</strong></span> <span class='ocrx_word' id='word_1_725' title='bbox 1146 4576 1461 4639; x_wconf 86' lang='grc' dir='ltr'>ἐπιστολαῖς</span> <span class='ocrx_word' id='word_1_726' title='bbox 1497 4573 1655 4628; x_wconf 81' lang='grc' dir='ltr'>τοῦτο</span> <span class='ocrx_word' id='word_1_727' title='bbox 1698 4589 1823 4626; x_wconf 90' lang='grc' dir='ltr'>συν-</span> 
     </span>
    </p>
   </div>
   <div class='ocr_carea' id='block_1_94' title="bbox 229 4664 1819 4743">
    <p class='ocr_par' dir='ltr' id='par_1_94' title="bbox 229 4664 1819 4743">
     <span class='ocr_line' id='line_1_94' title="bbox 229 4664 1819 4743; baseline -0.008 -13"><span class='ocrx_word' id='word_1_728' title='bbox 229 4676 419 4740; x_wconf 85' lang='grc' dir='ltr'>έθετο,</span> <span class='ocrx_word' id='word_1_729' title='bbox 453 4675 549 4729; x_wconf 76' lang='grc' dir='ltr'><strong>καὶ</strong></span> <span class='ocrx_word' id='word_1_730' title='bbox 591 4677 619 4728; x_wconf 86' lang='grc' dir='ltr'>ὁ</span> <span class='ocrx_word' id='word_1_731' title='bbox 664 4675 819 4743; x_wconf 83' lang='grc' dir='ltr'>ἆγιος</span> <span class='ocrx_word' id='word_1_732' title='bbox 861 4670 1126 4743; x_wconf 86' lang='grc' dir='ltr'>Τιμόθεος</span> <span class='ocrx_word' id='word_1_733' title='bbox 1156 4668 1405 4741; x_wconf 78' lang='grc' dir='ltr'>ἠπόρησε</span> <span class='ocrx_word' id='word_1_734' title='bbox 1438 4668 1568 4739; x_wconf 72' lang='grc' dir='ltr'>περὶ</span> <span class='ocrx_word' id='word_1_735' title='bbox 1608 4664 1819 4718; x_wconf 79' lang='grc' dir='ltr'>τούτου.</span> 
     </span>
    </p>
   </div>
   <div class='ocr_carea' id='block_1_95' title="bbox 226 4757 1824 4842">
    <p class='ocr_par' dir='ltr' id='par_1_95' title="bbox 226 4757 1824 4842">
     <span class='ocr_line' id='line_1_95' title="bbox 226 4757 1824 4842; baseline -0.009 -19"><span class='ocrx_word' id='word_1_736' title='bbox 226 4770 372 4842; x_wconf 74' lang='grc' dir='ltr'>Φησί</span> <span class='ocrx_word' id='word_1_737' title='bbox 401 4769 604 4831; x_wconf 89' lang='grc' dir='ltr'>τοίνυν,</span> <span class='ocrx_word' id='word_1_738' title='bbox 636 4768 717 4820; x_wconf 83' lang='grc' dir='ltr'>ὅτι</span> <span class='ocrx_word' id='word_1_739' title='bbox 750 4767 852 4819; x_wconf 79' lang='grc' dir='ltr'><strong>οὐκ</strong></span> <span class='ocrx_word' id='word_1_740' title='bbox 887 4764 1036 4818; x_wconf 81' lang='grc' dir='ltr'>ἐστιν</span> <span class='ocrx_word' id='word_1_741' title='bbox 1084 4762 1328 4817; x_wconf 86' lang='grc' dir='ltr'>ἐναντίον</span> <span class='ocrx_word' id='word_1_742' title='bbox 1368 4762 1541 4814; x_wconf 89' lang='grc' dir='ltr'>εἰπεῖν</span> <span class='ocrx_word' id='word_1_743' title='bbox 1572 4757 1662 4812; x_wconf 90' lang='grc' dir='ltr'><strong>τὸν</strong></span> <span class='ocrx_word' id='word_1_744' title='bbox 1692 4757 1824 4810; x_wconf 82' lang='grc' dir='ltr'>Θεὸν</span> 
     </span>
    </p>
   </div>
   <div class='ocr_carea' id='block_1_96' title="bbox 229 4850 1824 4932">
    <p class='ocr_par' dir='ltr' id='par_1_96' title="bbox 229 4850 1824 4932">
     <span class='ocr_line' id='line_1_96' title="bbox 229 4850 1824 4932; baseline -0.009 -17"><span class='ocrx_word' id='word_1_745' title='bbox 229 4861 332 4915; x_wconf 62' lang='grc' dir='ltr'><strong>καὶ¹</strong></span> <span class='ocrx_word' id='word_1_746' title='bbox 376 4858 692 4932; x_wconf 78' lang='grc' dir='ltr'>αὑτοζωὴν,</span> <span class='ocrx_word' id='word_1_747' title='bbox 741 4858 837 4912; x_wconf 72' lang='grc' dir='ltr'><strong>καὶ</strong></span> <span class='ocrx_word' id='word_1_748' title='bbox 874 4856 1156 4926; x_wconf 79' lang='grc' dir='ltr'>αὑτοζωῆς</span> <span class='ocrx_word' id='word_1_749' title='bbox 1205 4853 1553 4923; x_wconf 87' lang='grc' dir='ltr'>ὑποστάτην·</span> <span class='ocrx_word' id='word_1_750' title='bbox 1608 4850 1824 4919; x_wconf 84' lang='grc' dir='ltr'>λέγεται</span> 
     </span>
    </p>
   </div>
   <div class='ocr_carea' id='block_1_97' title="bbox 227 4941 1823 5024">
    <p class='ocr_par' dir='ltr' id='par_1_97' title="bbox 227 4941 1823 5024">
     <span class='ocr_line' id='line_1_97' title="bbox 227 4941 1823 5024; baseline -0.009 -17"><span class='ocrx_word' id='word_1_751' title='bbox 227 4952 345 5024; x_wconf 83' lang='grc' dir='ltr'><strong>γὰρ</strong></span> <span class='ocrx_word' id='word_1_752' title='bbox 377 4955 405 5007; x_wconf 86' lang='grc' dir='ltr'><strong>ὁ</strong></span> <span class='ocrx_word' id='word_1_753' title='bbox 441 4952 574 5016; x_wconf 87' lang='grc' dir='ltr'>Θεὸς</span> <span class='ocrx_word' id='word_1_754' title='bbox 608 4951 703 5004; x_wconf 77' lang='grc' dir='ltr'><strong>καὶ</strong></span> <span class='ocrx_word' id='word_1_755' title='bbox 742 4953 808 5003; x_wconf 84' lang='grc' dir='ltr'><strong>ἐκ</strong></span> <span class='ocrx_word' id='word_1_756' title='bbox 843 4948 952 5003; x_wconf 91' lang='grc' dir='ltr'><strong>τῶν</strong></span> <span class='ocrx_word' id='word_1_757' title='bbox 989 4948 1193 5011; x_wconf 77' lang='grc' dir='ltr'>όντων,</span> <span class='ocrx_word' id='word_1_758' title='bbox 1231 4944 1310 5006; x_wconf 87' lang='grc' dir='ltr'>ὡς</span> <span class='ocrx_word' id='word_1_759' title='bbox 1342 4942 1599 4999; x_wconf 88' lang='grc' dir='ltr'>αἰτιατῶν</span> <span class='ocrx_word' id='word_1_760' title='bbox 1631 4941 1823 5005; x_wconf 85' lang='grc' dir='ltr'>αῐτιος,</span> 
     </span>
    </p>
   </div>
   <div class='ocr_carea' id='block_1_98' title="bbox 230 5032 1826 5116">
    <p class='ocr_par' dir='ltr' id='par_1_98' title="bbox 230 5032 1826 5116">
     <span class='ocr_line' id='line_1_98' title="bbox 230 5032 1826 5116; baseline -0.008 -18"><span class='ocrx_word' id='word_1_761' title='bbox 230 5046 332 5099; x_wconf 79' lang='grc' dir='ltr'><strong>καὶ</strong></span> <span class='ocrx_word' id='word_1_762' title='bbox 366 5043 599 5116; x_wconf 85' lang='grc' dir='ltr'>μάλιστα</span> <span class='ocrx_word' id='word_1_763' title='bbox 623 5045 687 5096; x_wconf 80' lang='grc' dir='ltr'><strong>ἐκ</strong></span> <span class='ocrx_word' id='word_1_764' title='bbox 709 5042 821 5095; x_wconf 89' lang='grc' dir='ltr'><strong>τῶν</strong></span> <span class='ocrx_word' id='word_1_765' title='bbox 844 5038 1078 5112; x_wconf 84' lang='grc' dir='ltr'>πρώτως</span> <span class='ocrx_word' id='word_1_766' title='bbox 1104 5038 1293 5092; x_wconf 75' lang='grc' dir='ltr'>ὄντων.</span> <span class='ocrx_word' id='word_1_767' title='bbox 1333 5034 1573 5106; x_wconf 82' lang='grc' dir='ltr'>Πρὼτως</span> <span class='ocrx_word' id='word_1_768' title='bbox 1610 5033 1667 5087; x_wconf 80' lang='grc' dir='ltr'>δὲ</span> <span class='ocrx_word' id='word_1_769' title='bbox 1696 5032 1826 5086; x_wconf 77' lang='grc' dir='ltr'>ὄντα</span> 
     </span>
    </p>
   </div>
   <div class='ocr_carea' id='block_1_99' title="bbox 230 5122 1825 5207">
    <p class='ocr_par' dir='ltr' id='par_1_99' title="bbox 230 5122 1825 5207">
     <span class='ocr_line' id='line_1_99' title="bbox 230 5122 1825 5207; baseline -0.009 -17"><span class='ocrx_word' id='word_1_770' title='bbox 230 5132 388 5207; x_wconf 75' lang='grc' dir='ltr'>οἶμαι</span> <span class='ocrx_word' id='word_1_771' title='bbox 416 5134 578 5189; x_wconf 87' lang='grc' dir='ltr'>αὑτὸν</span> <span class='ocrx_word' id='word_1_772' title='bbox 622 5132 902 5204; x_wconf 80' lang='grc' dir='ltr'>εἰρηκέναι</span> <span class='ocrx_word' id='word_1_773' title='bbox 929 5131 1031 5194; x_wconf 85' lang='grc' dir='ltr'>τὰς</span> <span class='ocrx_word' id='word_1_774' title='bbox 1062 5128 1465 5202; x_wconf 84' lang='grc' dir='ltr'>ὑπερκοσμίους</span> <span class='ocrx_word' id='word_1_775' title='bbox 1498 5130 1688 5197; x_wconf 86' lang='grc' dir='ltr'>φύσεις</span> <span class='ocrx_word' id='word_1_776' title='bbox 1706 5165 1721 5190; x_wconf 94' lang='grc'><strong>,</strong></span> <span class='ocrx_word' id='word_1_777' title='bbox 1750 5122 1825 5188; x_wconf 81' lang='grc' dir='ltr'><strong>ως</strong></span> 
     </span>
    </p>
   </div>
   <div class='ocr_carea' id='block_1_100' title="bbox 231 5216 1817 5300">
    <p class='ocr_par' dir='ltr' id='par_1_100' title="bbox 231 5216 1817 5300">
     <span class='ocr_line' id='line_1_100' title="bbox 231 5216 1817 5300; baseline -0.009 -17"><span class='ocrx_word' id='word_1_778' title='bbox 231 5227 471 5300; x_wconf 81' lang='grc' dir='ltr'>πρώτως</span> <span class='ocrx_word' id='word_1_779' title='bbox 501 5228 595 5281; x_wconf 64' lang='grc' dir='ltr'><strong>κα)⁵</strong></span> <span class='ocrx_word' id='word_1_780' title='bbox 623 5223 943 5298; x_wconf 79' lang='grc' dir='ltr'>ἀκραιφνῶς</span> <span class='ocrx_word' id='word_1_781' title='bbox 970 5222 1079 5276; x_wconf 92' lang='grc' dir='ltr'><strong>τῶν</strong></span> <span class='ocrx_word' id='word_1_782' title='bbox 1109 5221 1269 5275; x_wconf 87' lang='grc' dir='ltr'>θείων</span> <span class='ocrx_word' id='word_1_783' title='bbox 1309 5218 1529 5292; x_wconf 86' lang='grc' dir='ltr'>δωρεῶν</span> <span class='ocrx_word' id='word_1_784' title='bbox 1572 5216 1817 5290; x_wconf 75' lang='grc' dir='ltr'>μετεχού-</span> 
     </span>
    </p>
   </div>
   <div class='ocr_carea' id='block_1_101' title="bbox 236 5306 1818 5387">
    <p class='ocr_par' dir='ltr' id='par_1_101' title="bbox 236 5306 1818 5387">
     <span class='ocr_line' id='line_1_101' title="bbox 236 5306 1818 5387; baseline -0.011 -13"><span class='ocrx_word' id='word_1_785' title='bbox 236 5336 377 5383; x_wconf 86' lang='grc' dir='ltr'>σας,</span> <span class='ocrx_word' id='word_1_786' title='bbox 424 5316 605 5387; x_wconf 79' lang='grc' dir='ltr'>ζωῆς,</span> <span class='ocrx_word' id='word_1_787' title='bbox 652 5316 986 5379; x_wconf 89' lang='grc' dir='ltr'>ἀθανασίας,</span> <span class='ocrx_word' id='word_1_788' title='bbox 1032 5314 1128 5366; x_wconf 78' lang='grc' dir='ltr'>καὶ</span> <span class='ocrx_word' id='word_1_789' title='bbox 1167 5310 1277 5364; x_wconf 90' lang='grc' dir='ltr'><strong>τῶν</strong></span> <span class='ocrx_word' id='word_1_790' title='bbox 1314 5309 1535 5363; x_wconf 86' lang='grc' dir='ltr'>λοιπῶν.</span> <span class='ocrx_word' id='word_1_791' title='bbox 1582 5310 1679 5362; x_wconf 87' lang='grc' dir='ltr'>Ἐκ</span> <span class='ocrx_word' id='word_1_792' title='bbox 1707 5306 1818 5357; x_wconf 89' lang='grc' dir='ltr'><strong>τῶν</strong></span> 
     </span>
    </p>
   </div>
   <div class='ocr_carea' id='block_1_102' title="bbox 231 5400 1826 5481">
    <p class='ocr_par' dir='ltr' id='par_1_102' title="bbox 231 5400 1826 5481">
     <span class='ocr_line' id='line_1_102' title="bbox 231 5400 1826 5481; baseline -0.009 -14"><span class='ocrx_word' id='word_1_793' title='bbox 231 5414 410 5467; x_wconf 64' lang='grc' dir='ltr'>ὄντων</span> <span class='ocrx_word' id='word_1_794' title='bbox 451 5412 631 5466; x_wconf 88' lang='grc' dir='ltr'>τοίνυν</span> <span class='ocrx_word' id='word_1_795' title='bbox 672 5410 963 5481; x_wconf 86' lang='grc' dir='ltr'>λεγόμενος</span> <span class='ocrx_word' id='word_1_796' title='bbox 1004 5409 1033 5461; x_wconf 88' lang='grc' dir='ltr'>ὁ</span> <span class='ocrx_word' id='word_1_797' title='bbox 1071 5406 1238 5472; x_wconf 85' lang='grc' dir='ltr'>Θεὸς,</span> <span class='ocrx_word' id='word_1_798' title='bbox 1281 5404 1359 5468; x_wconf 83' lang='grc' dir='ltr'><strong>ὡς</strong></span> <span class='ocrx_word' id='word_1_799' title='bbox 1401 5402 1573 5466; x_wconf 78' lang='grc' dir='ltr'>αἴτιος</span> <span class='ocrx_word' id='word_1_800' title='bbox 1614 5405 1680 5455; x_wconf 86' lang='grc' dir='ltr'><strong>ἐκ</strong></span> <span class='ocrx_word' id='word_1_801' title='bbox 1718 5400 1826 5453; x_wconf 90' lang='grc' dir='ltr'><strong>τῶν</strong></span> 
     </span>
    </p>
   </div>
   <div class='ocr_carea' id='block_1_103' title="bbox 233 5490 1827 5569">
    <p class='ocr_par' dir='ltr' id='par_1_103' title="bbox 233 5490 1827 5569">
     <span class='ocr_line' id='line_1_103' title="bbox 233 5490 1827 5569; baseline -0.008 -14"><span class='ocrx_word' id='word_1_802' title='bbox 233 5500 498 5555; x_wconf 86' lang='grc' dir='ltr'>αἰτιατῶν</span> <span class='ocrx_word' id='word_1_803' title='bbox 543 5500 753 5569; x_wconf 87' lang='grc' dir='ltr'>λέγοιτο</span> <span class='ocrx_word' id='word_1_804' title='bbox 793 5497 860 5552; x_wconf 86' lang='grc' dir='ltr'>ἂν</span> <span class='ocrx_word' id='word_1_805' title='bbox 902 5495 1044 5551; x_wconf 85' lang='grc' dir='ltr'><strong>κατά</strong></span> <span class='ocrx_word' id='word_1_806' title='bbox 1083 5494 1274 5559; x_wconf 83' lang='grc' dir='ltr'>τοῦτο,</span> <span class='ocrx_word' id='word_1_807' title='bbox 1320 5493 1415 5547; x_wconf 74' lang='grc' dir='ltr'><strong>καὶ</strong></span> <span class='ocrx_word' id='word_1_808' title='bbox 1454 5495 1484 5546; x_wconf 86' lang='grc' dir='ltr'>ὁ</span> <span class='ocrx_word' id='word_1_809' title='bbox 1524 5492 1622 5563; x_wconf 80' lang='grc' dir='ltr'>τῆς</span> <span class='ocrx_word' id='word_1_810' title='bbox 1665 5490 1827 5545; x_wconf 87' lang='grc' dir='ltr'>αὑτο-</span> 
     </span>
    </p>
   </div>
   <div class='ocr_carea' id='block_1_104' title="bbox 234 5582 1831 5663">
    <p class='ocr_par' dir='ltr' id='par_1_104' title="bbox 234 5582 1831 5663">
     <span class='ocr_line' id='line_1_104' title="bbox 234 5582 1831 5663; baseline -0.007 -17"><span class='ocrx_word' id='word_1_811' title='bbox 234 5593 389 5662; x_wconf 78' lang='grc' dir='ltr'>ζωης</span> <span class='ocrx_word' id='word_1_812' title='bbox 418 5592 729 5663; x_wconf 82' lang='grc' dir='ltr'>ὑποστάτης</span> <span class='ocrx_word' id='word_1_813' title='bbox 761 5591 857 5646; x_wconf 72' lang='grc' dir='ltr'>καὶ</span> <span class='ocrx_word' id='word_1_814' title='bbox 896 5589 1103 5654; x_wconf 84' lang='grc' dir='ltr'>αἴτιος,</span> <span class='ocrx_word' id='word_1_815' title='bbox 1127 5586 1374 5658; x_wconf 79' lang='grc' dir='ltr'>αὑτοζωή</span> <span class='ocrx_word' id='word_1_816' title='bbox 1413 5587 1479 5639; x_wconf 84' lang='grc' dir='ltr'><strong>ἐκ</strong></span> <span class='ocrx_word' id='word_1_817' title='bbox 1518 5582 1613 5637; x_wconf 81' lang='grc' dir='ltr'>τοῦ</span> <span class='ocrx_word' id='word_1_818' title='bbox 1654 5585 1831 5637; x_wconf 88' lang='grc' dir='ltr'>αἰτια-</span> 
     </span>
    </p>
   </div>
   <div class='ocr_carea' id='block_1_105' title="bbox 234 5674 1823 5755">
    <p class='ocr_par' dir='ltr' id='par_1_105' title="bbox 234 5674 1823 5755">
     <span class='ocr_line' id='line_1_105' title="bbox 234 5674 1823 5755; baseline -0.006 -19"><span class='ocrx_word' id='word_1_819' title='bbox 234 5684 354 5738; x_wconf 76' lang='grc' dir='ltr'>τοῦ.</span> <span class='ocrx_word' id='word_1_820' title='bbox 384 5685 449 5738; x_wconf 94' lang='grc' dir='ltr'>Τί</span> <span class='ocrx_word' id='word_1_821' title='bbox 478 5684 532 5737; x_wconf 87' lang='grc' dir='ltr'><strong>δέ</strong></span> <span class='ocrx_word' id='word_1_822' title='bbox 564 5688 710 5739; x_wconf 85' lang='grc' dir='ltr'>ἐστιν</span> <span class='ocrx_word' id='word_1_823' title='bbox 739 5685 773 5755; x_wconf 85' lang='grc' dir='ltr'><strong>ή</strong></span> <span class='ocrx_word' id='word_1_824' title='bbox 802 5681 1050 5753; x_wconf 79' lang='grc' dir='ltr'>αὑτοζωὴ</span> <span class='ocrx_word' id='word_1_825' title='bbox 1082 5680 1242 5751; x_wconf 76' lang='grc' dir='ltr'>αὕτη,</span> <span class='ocrx_word' id='word_1_826' title='bbox 1276 5674 1633 5747; x_wconf 84' lang='grc' dir='ltr'>παρακατιὼν</span> <span class='ocrx_word' id='word_1_827' title='bbox 1660 5674 1823 5727; x_wconf 83' lang='grc' dir='ltr'>εἴποι.</span> 
     </span>
    </p>
   </div>
   <div class='ocr_carea' id='block_1_106' title="bbox 238 5766 1826 5842">
    <p class='ocr_par' dir='ltr' id='par_1_106' title="bbox 238 5766 1826 5842">
     <span class='ocr_line' id='line_1_106' title="bbox 238 5766 1826 5842; baseline -0.008 -13"><span class='ocrx_word' id='word_1_828' title='bbox 238 5778 412 5831; x_wconf 83' lang='grc' dir='ltr'>Ὅταν</span> <span class='ocrx_word' id='word_1_829' title='bbox 438 5775 494 5830; x_wconf 83' lang='grc' dir='ltr'>δὲ</span> <span class='ocrx_word' id='word_1_830' title='bbox 524 5776 687 5839; x_wconf 86' lang='grc' dir='ltr'>αὑτὸς</span> <span class='ocrx_word' id='word_1_831' title='bbox 713 5775 930 5842; x_wconf 83' lang='grc' dir='ltr'>λέγεται</span> <span class='ocrx_word' id='word_1_832' title='bbox 958 5773 987 5826; x_wconf 84' lang='grc' dir='ltr'><strong>ό</strong></span> <span class='ocrx_word' id='word_1_833' title='bbox 1014 5771 1145 5826; x_wconf 75' lang='grc' dir='ltr'>Θεὸς</span> <span class='ocrx_word' id='word_1_834' title='bbox 1175 5766 1442 5840; x_wconf 78' lang='grc' dir='ltr'>αὑτοζωὴ,</span> <span class='ocrx_word' id='word_1_835' title='bbox 1476 5766 1615 5838; x_wconf 82' lang='grc' dir='ltr'>ὑπὲρ</span> <span class='ocrx_word' id='word_1_836' title='bbox 1648 5766 1826 5819; x_wconf 76' lang='grc' dir='ltr'>πᾶσαν</span> 
     </span>
    </p>
   </div>
   <div class='ocr_carea' id='block_1_107' title="bbox 1924 4552 3507 4623">
    <p class='ocr_par' dir='ltr' id='par_1_107' title="bbox 1924 4552 3507 4623">
     <span class='ocr_line' id='line_1_107' title="bbox 1924 4552 3507 4623; baseline -0.001 -10"><span class='ocrx_word' id='word_1_837' title='bbox 1924 4557 2307 4621; x_wconf 90' lang='lat' dir='ltr'><strong>conditorem,</strong></span> <span class='ocrx_word' id='word_1_838' title='bbox 2334 4564 2390 4609; x_wconf 89' lang='lat' dir='ltr'><strong>et</strong></span> <span class='ocrx_word' id='word_1_839' title='bbox 2423 4552 2649 4619; x_wconf 88' lang='lat' dir='ltr'><strong>similia,</strong></span> <span class='ocrx_word' id='word_1_840' title='bbox 2685 4552 3134 4623; x_wconf 86' lang='lat' dir='ltr'><strong>quandoquidem</strong></span> <span class='ocrx_word' id='word_1_841' title='bbox 3173 4554 3226 4609; x_wconf 89' lang='lat' dir='ltr'><strong>id</strong></span> <span class='ocrx_word' id='word_1_842' title='bbox 3257 4556 3424 4610; x_wconf 90' lang='lat' dir='ltr'><strong>etiam</strong></span> <span class='ocrx_word' id='word_1_843' title='bbox 3455 4560 3507 4611; x_wconf 90' lang='lat' dir='ltr'><strong>iu</strong></span> 
     </span>
    </p>
   </div>
   <div class='ocr_carea' id='block_1_108' title="bbox 1922 4643 3508 4720">
    <p class='ocr_par' dir='ltr' id='par_1_108' title="bbox 1922 4643 3508 4720">
     <span class='ocr_line' id='line_1_108' title="bbox 1922 4643 3508 4720; baseline -0.002 -15"><span class='ocrx_word' id='word_1_844' title='bbox 1922 4647 2183 4720; x_wconf 87' lang='lat' dir='ltr'><strong>Epistolis</strong></span> <span class='ocrx_word' id='word_1_845' title='bbox 2230 4646 2518 4717; x_wconf 91' lang='lat' dir='ltr'><strong>posuerit,</strong></span> <span class='ocrx_word' id='word_1_846' title='bbox 2568 4654 2625 4699; x_wconf 87' lang='lat' dir='ltr'><strong>et</strong></span> <span class='ocrx_word' id='word_1_847' title='bbox 2668 4655 2893 4700; x_wconf 87' lang='lat' dir='ltr'><strong>sanctus</strong></span> <span class='ocrx_word' id='word_1_848' title='bbox 2936 4643 3259 4702; x_wconf 82' lang='lat' dir='ltr'><strong>Timotheus</strong></span> <span class='ocrx_word' id='word_1_849' title='bbox 3301 4647 3369 4701; x_wconf 90' lang='lat' dir='ltr'><strong>de</strong></span> <span class='ocrx_word' id='word_1_850' title='bbox 3406 4648 3508 4702; x_wconf 85' lang='lat' dir='ltr'><strong>hoc</strong></span> 
     </span>
    </p>
   </div>
   <div class='ocr_carea' id='block_1_109' title="bbox 1924 4739 3509 4808">
    <p class='ocr_par' dir='ltr' id='par_1_109' title="bbox 1924 4739 3509 4808">
     <span class='ocr_line' id='line_1_109' title="bbox 1924 4739 3509 4808; baseline -0.002 -11"><span class='ocrx_word' id='word_1_851' title='bbox 1924 4742 2211 4797; x_wconf 88' lang='lat' dir='ltr'><strong>dubitarit.</strong></span> <span class='ocrx_word' id='word_1_852' title='bbox 2257 4740 2354 4794; x_wconf 82' lang='lat' dir='ltr'><strong>Ait</strong></span> <span class='ocrx_word' id='word_1_853' title='bbox 2404 4739 2589 4808; x_wconf 82' lang='lat' dir='ltr'><strong>itaque</strong></span> <span class='ocrx_word' id='word_1_854' title='bbox 2630 4754 2739 4791; x_wconf 90' lang='lat' dir='ltr'><strong>non</strong></span> <span class='ocrx_word' id='word_1_855' title='bbox 2783 4753 3028 4807; x_wconf 85' lang='lat' dir='ltr'><strong>pugnare</strong></span> <span class='ocrx_word' id='word_1_856' title='bbox 3074 4754 3284 4803; x_wconf 85' lang='lat' dir='ltr'><strong>secum,</strong></span> <span class='ocrx_word' id='word_1_857' title='bbox 3324 4740 3509 4795; x_wconf 83' lang='lat' dir='ltr'><strong>dicere</strong></span> 
     </span>
    </p>
   </div>
   <div class='ocr_carea' id='block_1_110' title="bbox 1923 4828 3509 4899">
    <p class='ocr_par' dir='ltr' id='par_1_110' title="bbox 1923 4828 3509 4899">
     <span class='ocr_line' id='line_1_110' title="bbox 1923 4828 3509 4899; baseline -0.008 -12"><span class='ocrx_word' id='word_1_858' title='bbox 1923 4832 2101 4887; x_wconf 88' lang='lat' dir='ltr'><strong>Deum</strong></span> <span class='ocrx_word' id='word_1_859' title='bbox 2141 4844 2265 4886; x_wconf 89' lang='lat' dir='ltr'><strong>esse</strong></span> <span class='ocrx_word' id='word_1_860' title='bbox 2311 4843 2412 4899; x_wconf 89' lang='lat' dir='ltr'><strong>per</strong></span> <span class='ocrx_word' id='word_1_861' title='bbox 2441 4844 2503 4884; x_wconf 88' lang='lat' dir='ltr'><strong>se</strong></span> <span class='ocrx_word' id='word_1_862' title='bbox 2538 4828 2732 4892; x_wconf 87' lang='lat' dir='ltr'><strong>vitam,</strong></span> <span class='ocrx_word' id='word_1_863' title='bbox 2762 4838 2820 4883; x_wconf 90' lang='lat' dir='ltr'><strong>et</strong></span> <span class='ocrx_word' id='word_1_864' title='bbox 2866 4843 2964 4897; x_wconf 86' lang='lat' dir='ltr'><strong>per</strong></span> <span class='ocrx_word' id='word_1_865' title='bbox 2997 4843 3058 4883; x_wconf 89' lang='lat' dir='ltr'><strong>se</strong></span> <span class='ocrx_word' id='word_1_866' title='bbox 3093 4829 3219 4884; x_wconf 60' lang='lat' dir='ltr'><strong>vita:</strong></span> <span class='ocrx_word' id='word_1_867' title='bbox 3254 4832 3509 4886; x_wconf 83' lang='lat' dir='ltr'><strong>condito.</strong></span> 
     </span>
    </p>
   </div>
   <div class='ocr_carea' id='block_1_111' title="bbox 1924 4920 3506 4993">
    <p class='ocr_par' dir='ltr' id='par_1_111' title="bbox 1924 4920 3506 4993">
     <span class='ocr_line' id='line_1_111' title="bbox 1924 4920 3506 4993; baseline -0.003 -12"><span class='ocrx_word' id='word_1_868' title='bbox 1924 4941 2082 4991; x_wconf 84' lang='lat' dir='ltr'><strong>rem;</strong></span> <span class='ocrx_word' id='word_1_869' title='bbox 2118 4924 2323 4979; x_wconf 90' lang='lat' dir='ltr'><strong>dicitur</strong></span> <span class='ocrx_word' id='word_1_870' title='bbox 2366 4921 2515 4977; x_wconf 84' lang='lat' dir='ltr'><strong>enim</strong></span> <span class='ocrx_word' id='word_1_871' title='bbox 2540 4920 2708 4986; x_wconf 87' lang='lat' dir='ltr'><strong>Deus,</strong></span> <span class='ocrx_word' id='word_1_872' title='bbox 2735 4921 2902 4975; x_wconf 85' lang='lat' dir='ltr'><strong>etiam</strong></span> <span class='ocrx_word' id='word_1_873' title='bbox 2952 4936 3017 4976; x_wconf 83' lang='lat' dir='ltr'><strong>ex</strong></span> <span class='ocrx_word' id='word_1_874' title='bbox 3052 4922 3215 4977; x_wconf 88' lang='lat' dir='ltr'><strong>rebus</strong></span> <span class='ocrx_word' id='word_1_875' title='bbox 3248 4932 3506 4993; x_wconf 81' lang='lat' dir='ltr'><strong>tanquam</strong></span> 
     </span>
    </p>
   </div>
   <div class='ocr_carea' id='block_1_112' title="bbox 1922 5013 3508 5086">
    <p class='ocr_par' dir='ltr' id='par_1_112' title="bbox 1922 5013 3508 5086">
     <span class='ocr_line' id='line_1_112' title="bbox 1922 5013 3508 5086; baseline -0.002 -14"><span class='ocrx_word' id='word_1_876' title='bbox 1922 5015 2216 5073; x_wconf 76' lang='lat' dir='ltr'><strong>ell‘ectuum</strong></span> <span class='ocrx_word' id='word_1_877' title='bbox 2256 5027 2448 5080; x_wconf 90' lang='lat' dir='ltr'><strong>causa,</strong></span> <span class='ocrx_word' id='word_1_878' title='bbox 2478 5022 2534 5068; x_wconf 89' lang='lat' dir='ltr'><strong>et</strong></span> <span class='ocrx_word' id='word_1_879' title='bbox 2560 5014 2799 5068; x_wconf 80' lang='lat' dir='ltr'><strong>maxime</strong></span> <span class='ocrx_word' id='word_1_880' title='bbox 2820 5028 2890 5068; x_wconf 85' lang='lat' dir='ltr'><strong>ex</strong></span> <span class='ocrx_word' id='word_1_881' title='bbox 2931 5013 3001 5069; x_wconf 89' lang='lat' dir='ltr'><strong>iis</strong></span> <span class='ocrx_word' id='word_1_882' title='bbox 3027 5029 3148 5084; x_wconf 72' lang='lat' dir='ltr'><strong>qua:</strong></span> <span class='ocrx_word' id='word_1_883' title='bbox 3171 5015 3348 5086; x_wconf 90' lang='lat' dir='ltr'><strong>primo</strong></span> <span class='ocrx_word' id='word_1_884' title='bbox 3386 5015 3508 5071; x_wconf 87' lang='lat' dir='ltr'><strong>loco</strong></span> 
     </span>
    </p>
   </div>
   <div class='ocr_carea' id='block_1_113' title="bbox 1924 5104 3507 5178">
    <p class='ocr_par' dir='ltr' id='par_1_113' title="bbox 1924 5104 3507 5178">
     <span class='ocr_line' id='line_1_113' title="bbox 1924 5104 3507 5178; baseline -0.003 -13"><span class='ocrx_word' id='word_1_885' title='bbox 1924 5118 2073 5166; x_wconf 74' lang='lat' dir='ltr'><strong>sunt.</strong></span> <span class='ocrx_word' id='word_1_886' title='bbox 2100 5106 2368 5162; x_wconf 84' lang='lat' dir='ltr'><strong>Existimo</strong></span> <span class='ocrx_word' id='word_1_887' title='bbox 2387 5114 2575 5160; x_wconf 86' lang='lat' dir='ltr'><strong>autem</strong></span> <span class='ocrx_word' id='word_1_888' title='bbox 2614 5104 2794 5176; x_wconf 90' lang='lat' dir='ltr'><strong>ipsum</strong></span> <span class='ocrx_word' id='word_1_889' title='bbox 2821 5120 2917 5175; x_wconf 90' lang='lat' dir='ltr'><strong>per</strong></span> <span class='ocrx_word' id='word_1_890' title='bbox 2946 5121 3011 5162; x_wconf 88' lang='lat' dir='ltr'><strong>ea</strong></span> <span class='ocrx_word' id='word_1_891' title='bbox 3040 5123 3162 5178; x_wconf 77' lang='lat' dir='ltr'><strong>qua:</strong></span> <span class='ocrx_word' id='word_1_892' title='bbox 3188 5108 3364 5177; x_wconf 88' lang='lat' dir='ltr'><strong>primo</strong></span> <span class='ocrx_word' id='word_1_893' title='bbox 3388 5107 3507 5162; x_wconf 90' lang='lat' dir='ltr'><strong>loco</strong></span> 
     </span>
    </p>
   </div>
   <div class='ocr_carea' id='block_1_114' title="bbox 1924 5198 3507 5270">
    <p class='ocr_par' dir='ltr' id='par_1_114' title="bbox 1924 5198 3507 5270">
     <span class='ocr_line' id='line_1_114' title="bbox 1924 5198 3507 5270; baseline -0.002 -12"><span class='ocrx_word' id='word_1_894' title='bbox 1924 5212 2077 5268; x_wconf 77' lang='lat' dir='ltr'><strong>sunt,</strong></span> <span class='ocrx_word' id='word_1_895' title='bbox 2119 5198 2459 5255; x_wconf 84' lang='lat' dir='ltr'><strong>intellexisse</strong></span> <span class='ocrx_word' id='word_1_896' title='bbox 2500 5207 2728 5252; x_wconf 87' lang='lat' dir='ltr'><strong>naturas</strong></span> <span class='ocrx_word' id='word_1_897' title='bbox 2773 5200 3272 5268; x_wconf 84' lang='lat' dir='ltr'><strong>supramundiales,</strong></span> <span class='ocrx_word' id='word_1_898' title='bbox 3308 5201 3507 5270; x_wconf 79' lang='lat' dir='ltr'><strong>quippe</strong></span> 
     </span>
    </p>
   </div>
   <div class='ocr_carea' id='block_1_115' title="bbox 1924 5290 3505 5368">
    <p class='ocr_par' dir='ltr' id='par_1_115' title="bbox 1924 5290 3505 5368">
     <span class='ocr_line' id='line_1_115' title="bbox 1924 5290 3505 5368; baseline -0.002 -18"><span class='ocrx_word' id='word_1_899' title='bbox 1924 5295 2107 5368; x_wconf 90' lang='lat' dir='ltr'><strong>primo</strong></span> <span class='ocrx_word' id='word_1_900' title='bbox 2133 5293 2251 5348; x_wconf 89' lang='lat' dir='ltr'><strong>loco</strong></span> <span class='ocrx_word' id='word_1_901' title='bbox 2280 5290 2597 5361; x_wconf 84' lang='lat' dir='ltr'><strong>liquidoque</strong></span> <span class='ocrx_word' id='word_1_902' title='bbox 2621 5291 2805 5346; x_wconf 89' lang='lat' dir='ltr'><strong>divina</strong></span> <span class='ocrx_word' id='word_1_903' title='bbox 2830 5308 3055 5348; x_wconf 90' lang='lat' dir='ltr'><strong>munera</strong></span> <span class='ocrx_word' id='word_1_904' title='bbox 3089 5292 3505 5363; x_wconf 87' lang='lat' dir='ltr'><strong>participautes,</strong></span> 
     </span>
    </p>
   </div>
   <div class='ocr_carea' id='block_1_116' title="bbox 1926 5381 3504 5453">
    <p class='ocr_par' dir='ltr' id='par_1_116' title="bbox 1926 5381 3504 5453">
     <span class='ocr_line' id='line_1_116' title="bbox 1926 5381 3504 5453; baseline -0.003 -11"><span class='ocrx_word' id='word_1_905' title='bbox 1926 5397 1988 5443; x_wconf 91' lang='lat' dir='ltr'><strong>ut</strong></span> <span class='ocrx_word' id='word_1_906' title='bbox 2015 5387 2207 5448; x_wconf 89' lang='lat' dir='ltr'><strong>vitam,</strong></span> <span class='ocrx_word' id='word_1_907' title='bbox 2246 5382 2741 5449; x_wconf 85' lang='lat' dir='ltr'><strong>immortalitatem,</strong></span> <span class='ocrx_word' id='word_1_908' title='bbox 2768 5393 2825 5438; x_wconf 91' lang='lat' dir='ltr'><strong>et</strong></span> <span class='ocrx_word' id='word_1_909' title='bbox 2851 5385 3088 5452; x_wconf 87' lang='lat' dir='ltr'><strong>reliqua.</strong></span> <span class='ocrx_word' id='word_1_910' title='bbox 3118 5381 3309 5453; x_wconf 83' lang='lat' dir='ltr'><strong>Itaque</strong></span> <span class='ocrx_word' id='word_1_911' title='bbox 3341 5383 3504 5451; x_wconf 84' lang='lat' dir='ltr'><strong>Deus,</strong></span> 
     </span>
    </p>
   </div>
   <div class='ocr_carea' id='block_1_117' title="bbox 1926 5474 3504 5549">
    <p class='ocr_par' dir='ltr' id='par_1_117' title="bbox 1926 5474 3504 5549">
     <span class='ocr_line' id='line_1_117' title="bbox 1926 5474 3504 5549; baseline -0.002 -15"><span class='ocrx_word' id='word_1_912' title='bbox 1926 5479 2019 5549; x_wconf 87' lang='lat' dir='ltr'><strong>qui</strong></span> <span class='ocrx_word' id='word_1_913' title='bbox 2044 5492 2115 5533; x_wconf 85' lang='lat' dir='ltr'><strong>ex</strong></span> <span class='ocrx_word' id='word_1_914' title='bbox 2142 5476 2325 5539; x_wconf 86' lang='lat' dir='ltr'><strong>rebus,</strong></span> <span class='ocrx_word' id='word_1_915' title='bbox 2353 5482 2614 5544; x_wconf 89' lang='lat' dir='ltr'><strong>tanquam</strong></span> <span class='ocrx_word' id='word_1_916' title='bbox 2639 5489 2802 5531; x_wconf 85' lang='lat' dir='ltr'><strong>causa</strong></span> <span class='ocrx_word' id='word_1_917' title='bbox 2827 5490 2895 5531; x_wconf 88' lang='lat' dir='ltr'><strong>ex</strong></span> <span class='ocrx_word' id='word_1_918' title='bbox 2916 5474 3153 5542; x_wconf 64' lang='lat' dir='ltr'><strong>enectis,</strong></span> <span class='ocrx_word' id='word_1_919' title='bbox 3176 5475 3504 5545; x_wconf 75' lang='lat' dir='ltr'><strong>appellatur,</strong></span> 
     </span>
    </p>
   </div>
   <div class='ocr_carea' id='block_1_118' title="bbox 1926 5566 3507 5638">
    <p class='ocr_par' dir='ltr' id='par_1_118' title="bbox 1926 5566 3507 5638">
     <span class='ocr_line' id='line_1_118' title="bbox 1926 5566 3507 5638; baseline -0.003 -9"><span class='ocrx_word' id='word_1_920' title='bbox 1926 5570 2228 5629; x_wconf 81' lang='lat' dir='ltr'><strong>secundum</strong></span> <span class='ocrx_word' id='word_1_921' title='bbox 2267 5569 2372 5623; x_wconf 87' lang='lat' dir='ltr'><strong>hoc</strong></span> <span class='ocrx_word' id='word_1_922' title='bbox 2400 5569 2569 5622; x_wconf 88' lang='lat' dir='ltr'><strong>etiam</strong></span> <span class='ocrx_word' id='word_1_923' title='bbox 2606 5566 2714 5622; x_wconf 89' lang='lat' dir='ltr'><strong>dici</strong></span> <span class='ocrx_word' id='word_1_924' title='bbox 2753 5569 2927 5636; x_wconf 80' lang='lat' dir='ltr'><strong>possit</strong></span> <span class='ocrx_word' id='word_1_925' title='bbox 2970 5567 3143 5638; x_wconf 89' lang='lat' dir='ltr'><strong>ipsius</strong></span> <span class='ocrx_word' id='word_1_926' title='bbox 3175 5582 3273 5636; x_wconf 88' lang='lat' dir='ltr'><strong>per</strong></span> <span class='ocrx_word' id='word_1_927' title='bbox 3298 5582 3360 5622; x_wconf 87' lang='lat' dir='ltr'><strong>se</strong></span> <span class='ocrx_word' id='word_1_928' title='bbox 3384 5569 3507 5624; x_wconf 73' lang='lat' dir='ltr'><strong>vita:</strong></span> 
     </span>
    </p>
   </div>
   <div class='ocr_carea' id='block_1_119' title="bbox 1927 5656 3505 5729">
    <p class='ocr_par' dir='ltr' id='par_1_119' title="bbox 1927 5656 3505 5729">
     <span class='ocr_line' id='line_1_119' title="bbox 1927 5656 3505 5729; baseline -0.004 -6"><span class='ocrx_word' id='word_1_929' title='bbox 1927 5663 2183 5723; x_wconf 87' lang='lat' dir='ltr'><strong>conditor</strong></span> <span class='ocrx_word' id='word_1_930' title='bbox 2224 5670 2282 5717; x_wconf 90' lang='lat' dir='ltr'><strong>et</strong></span> <span class='ocrx_word' id='word_1_931' title='bbox 2329 5668 2549 5725; x_wconf 89' lang='lat' dir='ltr'><strong>auctor,</strong></span> <span class='ocrx_word' id='word_1_932' title='bbox 2594 5673 2661 5713; x_wconf 85' lang='lat' dir='ltr'><strong>ex</strong></span> <span class='ocrx_word' id='word_1_933' title='bbox 2696 5656 2891 5713; x_wconf 74' lang='lat' dir='ltr'><strong>effectu</strong></span> <span class='ocrx_word' id='word_1_934' title='bbox 2936 5674 3032 5729; x_wconf 89' lang='lat' dir='ltr'><strong>per</strong></span> <span class='ocrx_word' id='word_1_935' title='bbox 3078 5672 3137 5714; x_wconf 86' lang='lat' dir='ltr'><strong>se</strong></span> <span class='ocrx_word' id='word_1_936' title='bbox 3171 5659 3316 5715; x_wconf 65' lang='lat' dir='ltr'><strong>vitae.</strong></span> <span class='ocrx_word' id='word_1_937' title='bbox 3364 5659 3505 5727; x_wconf 86' lang='lat' dir='ltr'><strong>Quid</strong></span> 
     </span>
    </p>
   </div>
   <div class='ocr_carea' id='block_1_120' title="bbox 1931 5750 3501 5824">
    <p class='ocr_par' dir='ltr' id='par_1_120' title="bbox 1931 5750 3501 5824">
     <span class='ocr_line' id='line_1_120' title="bbox 1931 5750 3501 5824; baseline -0.003 -10"><span class='ocrx_word' id='word_1_938' title='bbox 1931 5773 2063 5817; x_wconf 87' lang='lat' dir='ltr'><strong>vero</strong></span> <span class='ocrx_word' id='word_1_939' title='bbox 2119 5756 2201 5815; x_wconf 84' lang='lat' dir='ltr'><strong>sit.</strong></span> <span class='ocrx_word' id='word_1_940' title='bbox 2247 5754 2363 5809; x_wconf 63' lang='lat' dir='ltr'><strong>haec</strong></span> <span class='ocrx_word' id='word_1_941' title='bbox 2406 5767 2505 5824; x_wconf 88' lang='lat' dir='ltr'><strong>per</strong></span> <span class='ocrx_word' id='word_1_942' title='bbox 2550 5765 2610 5808; x_wconf 86' lang='lat' dir='ltr'><strong>se</strong></span> <span class='ocrx_word' id='word_1_943' title='bbox 2662 5751 2774 5807; x_wconf 85' lang='lat' dir='ltr'><strong>vita</strong></span> <span class='ocrx_word' id='word_1_944' title='bbox 2803 5791 2819 5820; x_wconf 91' lang='lat'><strong>,</strong></span> <span class='ocrx_word' id='word_1_945' title='bbox 2877 5750 2952 5806; x_wconf 88' lang='lat' dir='ltr'><strong>ita</strong></span> <span class='ocrx_word' id='word_1_946' title='bbox 3000 5765 3342 5823; x_wconf 79' lang='lat' dir='ltr'><strong>prosequens</strong></span> <span class='ocrx_word' id='word_1_947' title='bbox 3389 5757 3501 5809; x_wconf 85' lang='lat' dir='ltr'><strong>ait:</strong></span> 
     </span>
    </p>
   </div>
  </div>
