3866 6232
396 304 498 360 967

1550 299 1609 356 S.
1645 298 1804 354 DION
1816 297 1946 354 YSll
1980 294 2447 354 AREOPAGITE

3559 291 3673 348 968

395 421 625 489 Quando
676 428 858 476 autem
906 418 1109 475 dicitur
1141 414 1285 472 Dens
1339 430 1437 485 per
1492 429 1552 470 se
1610 416 1764 478 vita,
1806 430 1972 476 supra

2085 411 2245 481 φύσιν
2274 411 2494 479 λέγεται
2512 450 2526 475 ,
2559 409 2723 481 ἤγουν
2751 409 2845 463 καὶ
2875 409 3014 481 ὑπὲρ
3043 407 3307 477 ἀγγέλους
3345 406 3440 461 καὶ
3484 410 3673 463 πᾶσαν

395 529 614 569 omnem
644 522 893 567 naturam
919 512 1140 575 dicitur,
1177 509 1229 563 id
1257 517 1343 563 est
1372 509 1537 563 etiam
1568 522 1732 575 supra
1759 506 1981 577 angelos

405 622 735 677 omnemque
775 607 1137 661 substantiam
1180 603 1505 672 spiritalem.
1553 602 1629 656 Ex
1661 616 1770 655 uno
1800 615 1982 656 autem

393 697 643 767 exemplo
679 697 826 759 vitae,
869 709 968 749 nos
1005 693 1170 749 etiam
1200 693 1267 747 de
1300 692 1571 745 similibus
1600 691 1858 745 similiter
1887 706 1983 746 co-

395 791 577 858 gitare
624 795 862 852 oportet.
895 784 1368 851 Quemadmodum
1405 783 1571 848 igitur
1610 782 1662 836 iu
1707 782 1830 837 aliis
1853 780 1985 837 εσθ-

392 878 499 929 ctis
536 874 860 943 reperimus,
899 872 1067 926 Deum
1095 872 1261 925 etiam
1300 886 1365 926 ex
1395 872 1479 925 his
1503 871 1735 938 dictum,
1776 883 1832 927 et
1865 889 1985 928 rur-

393 983 514 1022 sum
566 981 729 1034 supra
785 966 899 1019 lucc
950 966 1211 1029 existere,
1267 965 1447 1032 ignem
1496 976 1549 1019 et
1591 980 1753 1033 supra
1781 966 1983 1031 ignem,

405 1069 643 1113 mentem
676 1068 732 1112 et
758 1072 921 1126 supra
963 1066 1224 1117 mentem,
1262 1058 1513 1127 spiritum
1546 1066 1603 1110 et
1633 1073 1796 1125 supra
1826 1058 1984 1127 spiri-

394 1161 534 1217 tmu,
584 1152 663 1204 sic
714 1151 881 1204 etiam
937 1166 1032 1220 per
1079 1166 1138 1205 se
1182 1150 1291 1204 vita
1343 1151 1553 1204 dicitur
1606 1160 1863 1220 tanquam
1914 1166 1982 1206 ex

392 1244 614 1307 eﬂectu,
659 1252 716 1298 et
755 1258 920 1313 supra
980 1244 1174 1312 ipsam.
1228 1242 1369 1309 Quid
1408 1260 1563 1308 vero,
1618 1245 1850 1313 inquies,
1902 1252 1985 1298 est

396 1338 512 1391 haec
540 1352 637 1406 per
667 1349 725 1389 se
762 1336 902 1401 vita,
937 1336 1093 1405 cujus
1124 1335 1350 1391 effector
1383 1345 1438 1390 et
1483 1351 1652 1392 causa
1685 1335 1826 1391 Deus
1856 1336 1984 1389 est?

396 1444 524 1482 num
553 1437 637 1481 est
668 1443 754 1481 res
780 1440 876 1495 per
904 1440 964 1480 se
1010 1427 1339 1493 subsistens,
1375 1427 1538 1481 etiam
1589 1427 1886 1480 secundum
1925 1442 1985 1482 se

394 1519 787 1575 considerata?
818 1516 932 1571 Non
962 1518 1064 1572 hoc
1093 1518 1359 1583 dicimus;
1388 1534 1490 1572 non
1516 1520 1661 1573 cnim
1692 1528 1775 1572 est
1803 1518 1981 1589 aliqua

394 1611 734 1673 substantia,
775 1612 890 1665 sive
928 1610 1115 1663 divina
1158 1610 1276 1665 sive
1319 1610 1589 1679 angelica,
1623 1610 1753 1663 illud
1796 1626 1893 1681 per
1923 1626 1983 1666 se

394 1718 521 1759 esse
550 1718 717 1757 causa
758 1702 1012 1757 essentia:
1048 1703 1314 1765 omnium,
1359 1702 1442 1755 vel
1474 1717 1569 1771 per
1606 1718 1663 1757 se
1695 1702 1827 1767 vita,
1872 1718 1978 1771 qua

2085 503 2278 577 νοεράν
2306 505 2513 557 οὐσίαν.
2559 502 2647 568 Ἐξ
2677 502 2793 562 ἑνὸς
2820 503 2878 558 δὲ
2902 502 3004 572 τῆς
3032 502 3177 571 ζωῆς
3196 542 3211 565 ,
3254 504 3343 557 καὶ
3388 502 3519 572 περὶ
3558 499 3674 555 τῶν

2083 598 2285 668 ὁμοίων
2325 596 2527 668 ὁμοίως
2572 598 2721 666 ἡμᾶς
2759 594 2840 647 δεῖ
2880 598 3037 647 νοεῖν.
3080 594 3167 657 Ὡς
3206 591 3336 662 γοῦν
3372 595 3463 645 ἐπ’
3492 592 3675 646 ἄλλων

2085 689 2347 744 αίτιατῶν
2380 687 2709 759 εὑρίσκομεν
2736 686 2828 739 τὸν
2853 686 2985 739 Θεὸν
3014 686 3107 739 καὶ
3137 684 3247 737 ἀπὸ
3276 684 3483 737 τούτων
3511 684 3671 752 λεγό-

2090 798 2270 851 μενον,
2305 781 2400 834 καὶ
2430 779 2590 833 πάλιν
2620 779 2763 848 ὑπὲρ
2787 777 2962 831 ταῦτα
2987 776 3115 831 ὅντα
3134 816 3149 839 ,
3175 776 3287 846 πῦρ
3312 777 3408 829 καί
3437 777 3581 848 ὑπὲρ
3607 777 3674 830 τὸ

2086 873 2218 944 πῦρ,
2249 872 2373 925 νοῦν
2415 873 2508 925 καὶ
2550 871 2690 941 ὑπὲρ
2718 870 2809 923 τὸν
2836 869 2992 933 νοῦν,
3036 868 3253 939 πνεῦμα
3292 869 3387 920 καὶ
3426 868 3568 938 ὐπὲρ
3608 868 3673 921 τὸ

2088 965 2338 1035 πνεῦμα·
2385 962 2560 1025 οὕτως
2601 962 2696 1015 καὶ
2738 957 2983 1030 αὐτοξωὴ
3022 960 3097 1023 ὡς
3144 958 3205 1023 ὲξ
3246 958 3526 1022 αἰτιατοῦ,
3575 957 3674 1010 καί

2088 1058 2229 1130 ὑπὲρ
2260 1058 2449 1127 αὐτήν.
2483 1054 2547 1108 Ῥί
2588 1054 2644 1108 δὲ
2664 1096 2679 1119 ,
2722 1055 2930 1118 εἴποις,
2961 1053 3103 1107 ἔστιν
3146 1052 3283 1123 αῦτη
3313 1054 3348 1122 ἡ
3382 1050 3669 1122 αὐτοζωὴ,

2084 1143 2153 1220 ἦς
2181 1151 2209 1202 6
2242 1148 2374 1212 Θεὸς
2402 1146 2712 1217 ὑποστάτης
2732 1146 2827 1199 καὶ
2848 1145 3019 1208 αἴτιος
3042 1162 3055 1209 ;
3089 1141 3199 1215 ἆρα
3214 1143 3602 1213 αὐθύπαρκτόν
3618 1161 3671 1195 τι

2086 1245 2319 1314 πρᾶγμα
2345 1242 2439 1295 καὶ
2465 1241 2586 1295 καθ’
2616 1240 2747 1293 αὐτὸ
2788 1237 3190 1311 θεωροῦμενον;
3230 1237 3301 1289 Οὐ
3330 1235 3491 1288 τοῦτο
3520 1234 3673 1301 λέγο-

2089 1351 2223 1406 μεν·
2255 1332 2376 1387 οὐδὲ
2420 1332 2530 1403 γάρ
2572 1330 2689 1384 tati
2720 1346 2806 1393 τις
2847 1328 3037 1390 οὐσία,
3066 1326 3098 1397 ἢ
3126 1326 3246 1380 θεία
3286 1325 3319 1395 ἢ
3362 1322 3670 1394 ἀγγελικὴ,

2083 1427 2146 1481 τὸ
2172 1427 2446 1480 αὐτοεῖναι
2476 1422 2625 1478 atria
2662 1420 2757 1473 τοῦ
2787 1416 2927 1473 εἶναι
2959 1418 3025 1471 τὰ
3055 1418 3225 1469 πάντα
3246 1456 3261 1481 ,
3291 1417 3324 1488 ἦ
3352 1420 3385 1487 ἡ
3416 1416 3672 1487 αὐτοζωὴ

2083 1517 2178 1573 τοῦ
2210 1516 2310 1587 ζῇν
2350 1513 2419 1568 τὰ
2463 1509 2859 1582 ζῶντα(μόνον
2886 1513 2995 1581 γὰρ
3026 1505 3119 1561 τοῦ
3165 1502 3301 1561 εἶναι
3341 1506 3409 1560 τά
3454 1508 3668 1571 πάντα,

2085 1612 2181 1664 καὶ
2211 1608 2305 1661 τοῦ
2336 1603 2473 1661 εἶναι
2492 1647 2507 1671 ,
2548 1605 2642 1660 καὶ
2670 1604 2801 1657 αὐτὸ
2827 1603 2889 1655 τὸ
2917 1605 2975 1655 έν
2997 1604 3111 1664 τοῖς
3139 1596 3288 1653 οὖσιν
3319 1595 3459 1653 εἶναι
3477 1640 3492 1663 ,
3524 1600 3671 1670 ἀρχὴ

2085 1704 2181 1757 καὶ¹
2208 1700 2357 1755 αἰτία
2384 1698 2532 1753 ἐστὶν
2574 1699 2609 1768 ἡ
2651 1694 2973 1767 ὐπερούσιος
3000 1692 3209 1761 οὐσία).
3244 1692 3357 1744 Οὐκ
3381 1692 3500 1743 ἔστι
3539 1691 3673 1759 γοῦν

397 1797 641 1851 viventia
671 1797 862 1850 vivunt
899 1797 1097 1867 (solum
1132 1797 1277 1851 enim
1321 1795 1389 1861 is,
1427 1798 1519 1865 qui
1549 1806 1634 1849 est
1674 1795 1979 1850 substantia

2085 1794 2257 1849 εἰπεῖν
2286 1792 2522 1865 ἀρχικὰς
2552 1791 2661 1845 τῶν
2696 1790 2867 1843 ὅντων
2905 1788 3000 1842 καὶ
3034 1786 3427 1859 δημιουργικὰς
3456 1786 3669 1849 οὐσίας,

398 1887 973 1954 suprasubstantialis,
1035 1887 1360 1955 principium
1384 1897 1439 1940 et
1469 1900 1633 1939 causa
1662 1894 1746 1939 est
1777 1894 1834 1939 ut
1870 1886 1981 1939 sint

396 1980 580 2033 omnia
612 1995 735 2047 qua:
762 1989 911 2043 sunt,
950 1988 1005 2033 et
1033 1980 1207 2047 ipsum
1232 1978 1403 2047 esse).
1437 1976 1554 2031 Non
1595 1978 1780 2045 itaque
1800 1977 1982 2031 dicere

398 2070 547 2135 licet,
594 2070 926 2138 principales
974 2070 1239 2139 quasdam
1288 2084 1411 2123 esse
1457 2084 1635 2121 rerum
1686 2083 1885 2122 causas
1926 2076 1980 2123 et

395 2163 663 2218 essentias
700 2163 1053 2224 conditrices,
1080 2161 1535 2231 quemadmodum
1577 2160 1805 2232 gentiles
1844 2161 1981 2213 mul-

397 2264 487 2310 tos
517 2254 647 2310 deos
684 2255 1062 2316 eﬂ'ntiverunt,
1096 2269 1234 2323 quos
1281 2269 1383 2308 nec
1432 2252 1534 2322 ipsi
1581 2268 1756 2322 neque
1794 2263 1980 2322 patres

396 2361 585 2402 eorum
627 2348 927 2401 sciverunt.
992 2347 1262 2401 Cselecuzn
1321 2346 1436 2400 lucc
1479 2346 1712 2401 dicimus
1771 2344 1978 2415 princi-

394 2440 845 2511 pialiterquidem
889 2447 944 2492 et
980 2438 1277 2493 causaliter
1314 2438 1490 2507 ipsum
1528 2438 1694 2492 Deum
1737 2451 1858 2492 esse
1884 2450 1982 2504 per

398 2548 458 2586 se
492 2549 613 2596 ens,
657 2549 753 2602 per
800 2549 860 2589 se
904 2535 1111 2598 vitam,
1160 2548 1257 2603 per
1303 2548 1361 2586 se
1399 2534 1657 2588 deitatem
1700 2546 1716 2585 :
1765 2546 1979 2585 rursum

400 2624 560 2695 521
597 2641 727 2679 vero
785 2628 1114 2696 participate
1168 2625 1425 2694 largiens,
1490 2625 1982 2693 inquam,virtutes

399 2718 845 2786 providentiales.
887 2717 1023 2773 Cum
1064 2720 1208 2771 enim
1257 2717 1397 2771 Deus
1422 2716 1894 2786 imparticipabilis
1926 2728 1981 2771 et

398 2813 789 2885 participabilis
806 2810 899 2876 sit,
926 2810 1393 2881 intparticlpabilis
1430 2812 1647 2882 quidem
1682 2814 1979 2866 secundum

398 2906 698 2962 essentiam
719 2904 875 2975 (nihil
892 2905 1035 2956 ettim
1056 2917 1240 2957 eorum
1260 2918 1379 2971 qua:
1402 2911 1525 2957 sunt
1542 2904 1794 2958 essentiaa
1812 2904 1983 2975 ipsius

400 2992 676 3062 particeps
727 2992 958 3055 existit,
1008 2990 1280 3061 siquidem
1347 2992 1645 3047 secundum
1707 2995 1980 3063 propriam

400 3090 651 3135 naturam
696 3082 888 3137 existit
932 3096 1097 3151 supra
1126 3096 1187 3136 ea
1228 3096 1349 3149 utne
1393 3084 1541 3151 sunt)
1586 3084 1984 3153 participahilis

399 3186 533 3229 vero
561 3176 859 3229 secundum
896 3175 1101 3228 amicas
1138 3171 1257 3240 ejus
1282 3173 1735 3242 participationes
1765 3152 1832 3230 ac
1865 3174 1983 3229 dis-
2010 3152 2051 3207 C

400 3268 751 3331 tributiones,
776 3277 1048 3336 quatenus
1073 3282 1159 3321 res
1192 3283 1387 3323 omnes
1425 3268 1599 3337 ipsum
1625 3267 1978 3337 participant,

399 3366 456 3413 et
481 3372 579 3427 per
610 3358 785 3429 ipsum
831 3358 1159 3416 consistunt.
1220 3360 1356 3415 Nam
1390 3361 1442 3415 id
1473 3360 1616 3429 quod
1651 3375 1755 3415 non
1795 3346 1985 3415 existat

398 3448 519 3517 ejus
545 3451 849 3519 particeps,
883 3464 1059 3519 neque
1086 3461 1193 3517 est,
1238 3467 1417 3521 neque
1462 3453 1588 3519 erit,
1623 3468 1801 3523 neque
1826 3459 1979 3515 erat;

399 3543 655 3611 quocirca
710 3558 810 3597 ens
853 3545 1151 3613 participat
1207 3562 1306 3616 per
1356 3560 1417 3601 se
1462 3561 1601 3611 ens,
1647 3560 1754 3601 non
1806 3546 1983 3615 ipsam

399 3647 626 3687 causam
670 3634 922 3688 entitatis
958 3634 1129 3688 Deum
1183 3636 1355 3706 ipsum
1406 3636 1618 3690 scilicet
1664 3636 1980 3700 essentiam,

400 3728 499 3781 sed
539 3726 987 3781 distributionem
1043 3728 1211 3796 ipsius
1261 3743 1358 3796 per
1397 3743 1455 3781 se
1495 3727 1657 3794 entis,
1682 3729 1980 3782 secundum

401 3833 564 3887 quam
606 3820 775 3873 etiam
811 3818 954 3874 Deus
985 3819 1393 3890 participabilis
1431 3820 1642 3876 existit.
1686 3818 1985 3888 Participat

406 3909 535 3963 item
574 3909 625 3964 id
649 3910 794 3979 quod
828 3912 984 3975 vivit,
1026 3927 1122 3981 per
1158 3926 1217 3965 se
1254 3913 1450 3977 vitam,
1491 3928 1597 3968 non
1636 3913 1809 3983 ipsam
1846 3913 1983 3967 divi-

404 4015 531 4053 nam
568 4002 896 4069 esscntiam,
933 4003 1027 4057 sed
1071 4002 1243 4073 ipsam
1284 4019 1406 4073 qua:
1450 4005 1502 4059 in
1538 4006 1655 4074 ipso
1681 4015 1765 4059 est
1793 4020 1889 4075 per
1926 4018 1985 4059 se

403 4092 599 4157 vitam,
630 4093 892 4153 divinam.
923 4094 1167 4163 inquam,
1198 4095 1662 4162 distributionem,
1696 4113 1793 4169 per
1821 4114 1983 4167 quam

402 4185 568 4238 etiam
612 4186 980 4255 participatur
1020 4187 1181 4241 Deus.
1231 4186 1355 4243 Haec
1381 4190 1529 4257 prius
1572 4190 1738 4244 etiam
1781 4190 1986 4245 formas

404 4287 463 4333 et
497 4278 834 4348 exemplaria
878 4288 933 4333 ct
968 4280 1428 4347 prmdellnitiones
1488 4282 1830 4351 appellabat,
1876 4298 1982 4336 non

404 4371 740 4424 conlirmans
766 4368 1103 4425 Platonicam
1140 4372 1467 4434 doctrinam,
1495 4373 1673 4439 absit;
1701 4376 1796 4429 sed
1820 4392 1982 4429 sensu

2084 1888 2380 1959 καθώσπερ
2404 1888 2453 1940 οἱ
2480 1884 2737 1955 Ἕλληνες
2760 1922 2775 1947 ,
2810 1881 3036 1944 πολλοὺς
3071 1880 3226 1943 θεοὺς
3267 1878 3669 1949 σχεδιάσαντες,

2083 1981 2177 2045 οὓς
2220 1980 2346 2035 οὐτε
2394 1978 2547 2032 αὐτοὶ
2594 1978 2849 2049 ᾔδεισαν,
2900 1974 3023 2028 οὐτε
3072 1976 3121 2027 οἱ
3177 1973 3412 2042 πατέρες
3467 1970 3666 2024 αὐτῶν.

2098 2076 2256 2129 Ἀλλά
2284 2074 2459 2129 ταῦτά
2487 2089 2690 2142 φαμεν,
2722 2069 2965 2141 ἀρχικῶς
3012 2068 3107 2139 μὲν
3150 2066 3244 2119 καὶ
3284 2064 3545 2127 αἰτιατῶς
3574 2064 3673 2116 αὐ-

2081 2165 2173 2218 τὸν
2210 2164 2300 2216 τὸν
2332 2162 2497 2225 Θεὸν,
2529 2160 2740 2224 αὐτοδν,
2772 2157 3071 2228 αὐτοζωὴν,
3105 2154 3506 2225 αὐτοθεότητα·
3539 2152 3675 2223 μεθ-

2083 2256 2260 2320 εκτῶς
2303 2254 2360 2307 δὲ
2404 2253 2566 2307 πάλιν
2597 2250 2802 2314 ταῦτα,
2844 2248 2987 2319 φημὶ
3023 2247 3122 2310 τὰς
3161 2244 3511 2315 ὲκδιδομένας
3536 2259 3674 2314 προ-

2084 2348 2338 2421 ωητικάς
2379 2346 2657 2417 δυνάμεις.
2701 2342 2917 2413 Ἐπειδὴ
2965 2342 3075 2413 γὰρ
3115 2342 3145 2393 6
3178 2340 3309 2403 Θεὸς
3353 2338 3449 2391 καὶ
3494 2336 3674 2407 ἀμέθ-

2083 2442 2240 2505 εκτός
2285 2444 2402 2494 ἐστι
2448 2440 2543 2494 καὶ
2574 2436 2870 2511 μεθεκτὸς,
2902 2435 3203 2505 άμέθεκτος
3248 2434 3347 2504 μὲν
3388 2432 3537 2485 κατὰ
3573 2431 3677 2501 τὴν

2082 2535 2272 2587 οὐσίαν
2303 2534 2429 2603 (τῆς
2461 2531 2571 2603 γὰρ
2594 2530 2781 2593 οὐσίας
2807 2528 2971 2583 αὐτοῦ
3002 2527 3153 2580 οὐδὲν
3178 2525 3283 2577 τῶν
3314 2524 3488 2577 ὅντων
3517 2523 3680 2594 μετέ·

2083 2646 2168 2699 χει
2190 2667 2204 2691 ,
2242 2628 2384 2698 ὑπὲρ
2412 2626 2480 2679 τὰ
2508 2626 2639 2678 ὅντα
2676 2622 2784 2694 γάρ
2815 2625 2931 2675 ἐστι
2962 2620 3101 2674 κατά
3129 2619 3227 2689 τὴν
3266 2618 3401 2671 ἰδίαν
3442 2617 3615 2684 φύσιν
3637 2618 3676 2687 ·)

2086 2718 2348 2793 μεθεκτὸς
2380 2719 2435 2771 δὲ
2471 2716 2611 2771 κατά
2640 2716 2741 2778 τὰς
2783 2713 3107 2785 φιλοδώρους
3140 2712 3302 2764 αὐτοῦ
3348 2710 3679 2781 μεταδόσεις

2083 2813 2178 2867 καὶ
2226 2810 2470 2883 δωρεὰς,
2514 2810 2651 2864 καθὸ
2702 2811 2877 2864 πάντα
2915 2807 2983 2861 τά
3033 2806 3162 2859 ὅντα
3204 2804 3367 2857 αὐτοῦ
3414 2804 3676 2874 μετέχει,

2084 2906 2179 2959 καὶ
2204 2906 2271 2958 δι’
2309 2900 2471 2957 αὐτοῦ
2517 2903 2833 2973 συνέστηκε.
2869 2900 2943 2953 Τὸ
2982 2898 3092 2971 γὰρ
3125 2898 3201 2969 μὴ
3245 2897 3470 2968 μετέχον
3508 2894 3680 2949 αὐτοῦ

2083 2995 2208 3050 οὐτε
2258 2998 2441 3061 ἐστὶν,
2472 2995 2596 3048 οὐτε
2642 2994 2793 3047 ἔσται
2817 3032 2832 3059 ,
2879 2990 3005 3045 οὐτε
3051 2987 3153 3063 ἦν·
3185 2991 3271 3044 διὰ
3309 2990 3471 3043 τοῦτο
3516 2990 3581 3042 τὸ
3620 2988 3682 3042 ὃν

2090 3089 2306 3161 μετέχει
2355 3085 2450 3141 τοῦ
2496 3086 2819 3149 αὐτοόντος,
2861 3085 2963 3137 οὐκ
3005 3082 3169 3137 αὐτοῦ
3206 3081 3299 3135 τοῦ
3348 3080 3536 3134 αἰτίου
3582 3079 3681 3134 τοῦ

2085 3181 2236 3245 ὄντος
2262 3180 2399 3233 Θεοῦ
2417 3220 2432 3244 ,
2464 3179 2633 3250 αὐτῆς
2667 3176 2866 3248 δηλαδὴ
2890 3177 2991 3247 τῆς
3023 3175 3211 3238 οὐσίας
3230 3215 3247 3239 ,
3285 3173 3421 3227 ἀλλά
3450 3173 3555 3226 τοῦ
3578 3174 3680 3226 αὐ-

2083 3275 2297 3337 τοόντος
2320 3274 2419 3344 τῆς
2450 3272 2658 3345 δωρεᾶς
2698 3270 2860 3324 αὐτοῦ
2880 3310 2895 3335 ,
2935 3269 3058 3323 καθ’
3086 3270 3153 3340 ἥν
3182 3269 3277 3322 καὶ
3305 3268 3454 3320 ἔστιν
3483 3267 3516 3319 6
3545 3266 3681 3331 Θεὸς

2087 3364 2371 3437 μεθεκτός.
2402 3364 2635 3435 Μετέχει
2666 3362 2827 3416 πάλιν
2852 3360 2914 3414 τὸ
2939 3360 3049 3425 ζῶν
3084 3360 3183 3431 τῆς
3220 3358 3511 3428 αὐτοζωῆς
3534 3399 3550 3423 ,
3582 3359 3685 3413 οὐκ

2084 3456 2253 3526 αὐτῆς
2277 3455 2377 3525 τῆς
2403 3454 2553 3517 Θείας
2577 3453 2784 3517 οὐσίας,
2806 3449 2941 3505 ἀλλὰ
2968 3451 3067 3520 τῆς
3100 3451 3158 3501 ὲν
3186 3445 3333 3517 αὐτῷ
3367 3445 3682 3515 αὐτοζωῆς,

2081 3551 2181 3621 τῆς
2200 3550 2349 3613 θείας
2367 3548 2510 3619 φημὶ
2540 3548 2768 3616 δωρεᾶς,
2800 3545 2922 3599 καθ’
2938 3546 3006 3615 ἦν
3035 3542 3128 3597 καὶ
3158 3542 3442 3613 μετέχεται
3467 3542 3500 3594 6
3525 3540 3682 3604 Θεός.

2082 3641 2266 3694 Ταῦτα
2278 3641 2460 3708 ἔλεγεν
2473 3640 2497 3693 t
2505 3638 2779 3711 μπροσθεν
2791 3637 2886 3691 καὶ
2899 3636 3012 3707 εἴδη
3025 3634 3119 3689 καὶ
3132 3632 3577 3703 παραδείγματα,
3591 3631 3686 3685 καὶ

2084 3733 2488 3805 πρωρισμούς,
2543 3732 2604 3784 οὐ
2649 3729 3053 3802 παριστάμενος
3088 3726 3169 3797 τῷ
3208 3723 3554 3794 Πλατωνικῷ
3594 3724 3684 3777 δό-

2083 3841 2275 3895 γματι,
2342 3823 2417 3895 μὴ
2470 3823 2702 3891 γένοιτο·
2755 3821 2869 3875 ἀλλ’
2902 3820 3141 3883 εὐσεϐῶς
3196 3817 3568 3887 ἐκλαμϐάνων
3614 3815 3683 3869 τά

2085 3918 2213 3988 παρ’
2247 3916 2455 3969 ἐκείνου
2505 3913 2776 3977 ταπεινῶς
2817 3914 2913 3967 καὶ
2944 3911 3181 3977 ἀναξίως
3202 3909 3338 3963 Θεοῦ
3376 3909 3679 3978 λεγόμενα.

2083 4008 2301 4062 Τούτων
2328 4008 2637 4077 ὑποστάτης
2670 4006 2889 4076 λέγεται
2925 4006 2953 4059 6
2979 4004 3111 4069 Θεὸς
3127 4000 3285 4065 εἶναι,
3320 4001 3399 4066 ὡς
3426 4004 3487 4055 ὲν
3531 3999 3684 4070 αὐτῷ

2084 4101 2222 4171 ἔχων
2235 4099 2426 4153 ταῦτα.
2445 4094 2575 4152 Εἶτα
2591 4098 2683 4152 καὶ
2701 4097 2797 4150 ὅλα
2816 4094 2955 4150 αὐτά
2977 4092 3388 4164 ὑποστήσασθαι
3430 4091 3679 4161 λέγεται,

2082 4190 2171 4243 διὰ
2191 4190 2301 4243 τῶν
2334 4189 2477 4243 κατὰ
2506 4187 2731 4260 πρόοδον
2748 4185 3068 4239 ὐποστασῶν
3091 4183 3288 4237 οὐσιῶν
3304 4182 3402 4234 ὐπ’
3412 4181 3589 4234 αὐτοῦ
3602 4181 3683 4233 οὐ·

2088 4282 2296 4345 σιωδῶς
2316 4299 2328 4311 ·
2347 4281 2443 4335 ὅλα
2469 4280 2641 4350 λέγων
2668 4279 2734 4332 τά
2767 4278 3027 4340 ὁλοτελῶς
3046 4275 3339 4347 μετέχοντα
3353 4273 3453 4326 καὶ
3487 4275 3553 4327 οὐ
3563 4274 3682 4337 σίας

2084 4373 2177 4425 καὶ
2199 4372 2463 4436 ζωὼσεως
2479 4373 2571 4425 καὶ
2587 4370 2859 4441 ἀγιασμοῦ
2879 4410 2893 4434 ,
2909 4370 3001 4423 καὶ
3020 4368 3258 4431 πάντων,
3282 4366 3359 4430 ὼς
3376 4368 3431 4418 αἱ
3449 4366 3679 4435 ἀγγελι-

405 4464 494 4531 pio
518 4465 790 4532 accipiens
831 4464 919 4517 illa
946 4480 1066 4532 qua:
1091 4466 1157 4517 ab
1189 4466 1306 4534 ipso
1331 4467 1511 4520 viliter
1540 4477 1593 4521 et
1625 4468 1841 4539 indigne
1873 4471 1981 4523 Deo

2086 4463 2178 4515 καὶ
2219 4462 2496 4532 δυνάμεις.
2529 4462 2740 4533 Τρίτως
2772 4460 2840 4513 τά
2876 4459 3077 4531 μερικά
3099 4475 3111 4487 ·
3145 4458 3269 4511 τινὰ
3310 4460 3421 4528 γὰρ
3457 4457 3680 4527 μετέχει

405 4555 553 4608 dicta
587 4565 769 4610 erant.
817 4556 1020 4610 llorum
1066 4556 1291 4611 effector
1318 4558 1463 4611 Deus
1511 4574 1634 4613 esse
1672 4562 1894 4623 dicitur,
1925 4573 1983 4616 ut

405 4646 496 4712 qui
536 4646 648 4701 hanc
682 4648 736 4700 in
777 4662 836 4701 se
864 4648 1077 4703 habeat.
1125 4650 1330 4705 Deinde
1368 4652 1534 4705 etiam
1573 4653 1830 4707 universa
1868 4656 1983 4709 lucc

404 4737 713 4791 condidisse
745 4739 1067 4807 perhibetur
1094 4758 1189 4812 per
1220 4743 1512 4810 essentias,
1537 4760 1655 4813 qua:
1686 4749 1982 4801 secundum

407 4830 812 4896 processionem
860 4834 929 4888 ab
988 4834 1109 4904 ipso
1154 4837 1594 4891 substantialiter
1641 4838 1979 4903 subsistunt;

408 4927 522 4974 tota
571 4936 666 4973 seu
712 4922 965 4977 universa
1012 4927 1235 4990 dicens,
1284 4942 1405 4995 quae
1465 4930 1688 4985 omnino
1744 4932 1984 4998 perfecte

408 5009 747 5080 participant
785 5021 839 5065 et
864 5016 1183 5079 essentiam,
1217 5028 1272 5071 et
1296 5020 1487 5083 vitam,
1518 5029 1573 5073 et
1598 5021 1986 5075 sanctiﬁcatio-

409 5116 557 5167 nem,
585 5111 639 5157 et
668 5104 873 5167 omnia,
908 5114 967 5157 ut
1003 5110 1261 5176 angelicae
1300 5109 1553 5165 virtutes.
1599 5112 1786 5165 Tertio
1816 5114 1982 5166 etiam

408 5210 470 5249 ea
508 5210 625 5264 qna.-
642 5212 705 5250 ex
724 5207 879 5266 parte
908 5207 1067 5264 sunt;
1089 5202 1337 5269 qnmdam
1356 5206 1503 5259 enim
1532 5206 1861 5276 participant
1896 5222 1984 5261 so-

409 5284 514 5338 lam
537 5285 1113 5355 entitatem,qu:cdam
1132 5300 1186 5345 et
1213 5295 1495 5348 entitatem
1522 5304 1577 5349 et
1609 5297 1794 5361 vitam,
1829 5314 1982 5367 qua:-

408 5377 532 5430 dam
553 5379 1018 5435 etiamentitatem
1038 5392 1093 5435 et
1117 5384 1282 5437 vitam
1315 5397 1369 5440 et
1396 5387 1753 5455 sapientiam;
1792 5406 1986 5459 supre-

410 5485 511 5525 ma:
546 5472 691 5525 enim
710 5473 942 5527 virtutes
963 5477 1207 5531 omnium
1234 5488 1361 5533 sunt
1386 5481 1700 5549 participes.
1726 5482 1831 5537 Sed
1855 5485 1983 5551 quid

413 5562 611 5617 attinet
636 5565 705 5619 de
746 5566 830 5621 his
857 5570 1060 5633 dicere,
1101 5586 1228 5625 cum
1271 5582 1574 5641 praeceptor
1612 5584 1801 5629 noster
1827 5576 1984 5630 divus

412 5650 742 5710 Hierotheus
779 5660 924 5713 dicat
966 5662 1132 5717 Deum
1185 5662 1497 5718 eﬂ‘ectorem
1543 5665 1787 5730 deitatis,
1820 5682 1981 5736 quem

412 5742 575 5797 etiam
609 5759 705 5813 per
735 5762 794 5802 se
826 5751 1279 5819 pulchritudinem
1310 5767 1364 5811 ct
1396 5755 1713 5813 universam
1740 5757 1976 5828 pulchri-

2090 4554 2257 4623 μόνης
2296 4553 2605 4618 όντὼσεως,
2641 4553 2763 4606 τινὰ
2800 4553 2893 4605 καὶ
2931 4550 3210 4614 όντώσεως
3239 4551 3336 4603 καὶ
3363 4549 3674 4614 ζωώσεως,

2084 4654 2207 4706 τινὰ
2234 4654 2329 4706 καὶ
2356 4653 2635 4716 όντώστως
2672 4653 2767 4705 καὶ
2801 4650 3064 4717 ζωὼσεως
3093 4650 3187 4702 καὶ
3217 4648 3411 4717 σοφίας
3430 4664 3445 4677 ’
3476 4650 3537 4700 ai
3570 4646 3678 4717 γάρ

2086 4745 2359 4799 ἁνὼταται
2388 4746 2646 4817 δυνάμεις
2673 4744 2781 4797 τῶν
2813 4743 3069 4797 ἁπάντων
3114 4741 3434 4812 μετέχουσι.
3478 4742 3597 4794 Καὶ
3624 4740 3676 4792 τί

2084 4836 2165 4891 δεῖ
2211 4840 2425 4907 λέγειν,
2470 4839 2603 4891 ὅπου
2651 4838 2746 4891 καὶ
2804 4837 2833 4888 6
2885 4833 3201 4896 διδάσκαλος
3246 4830 3408 4903 ἡμῶν
3449 4834 3479 4885 ὁ
3532 4833 3675 4903 ἱερὸς

2098 4931 2359 5003 Ἰερόθεος
2399 4931 2711 5001 ὑποστάτην
2745 4924 2865 4982 εἷπε
2897 4928 2988 4981 τὸν
3016 4926 3149 4980 Θεὸν
3178 4926 3279 4995 τῆς
3309 4925 3588 4996 θεότητος,
3616 4925 3674 4977 ὃν

2086 5024 2179 5076 καὶ
2212 5022 2539 5085 αὐτόκαλλος
2559 5063 2573 5086 ,
2614 5021 2709 5075 καὶ
2746 5020 2864 5073 ὅλον
2900 5018 3094 5081 κάλλος
3118 5017 3260 5088 φημὶ
3279 5058 3294 5081 ,
3325 5016 3421 5070 καὶ
3451 5015 3671 5087 μερικὸν

2086 5113 2318 5177 κάλλος;
2358 5113 2457 5182 οὐχ
2490 5113 2571 5164 ὅτι
2605 5110 2666 5163 τὸ
2694 5110 2827 5164 αὐτό
2854 5112 2971 5162 ἐστι
3007 5109 3102 5162 καὶ
3139 5109 3259 5161 ὅλον
3290 5108 3386 5160 καὶ
3422 5105 3666 5177 μερικὸν,

2085 5205 2201 5258 ἀλλ’
2247 5204 2356 5257 ἀπὸ
2398 5204 2510 5255 τῶν
2555 5202 2888 5273 μετεχόντων
2925 5201 3123 5263 ἀνίσως
3156 5200 3265 5253 τῶν
3303 5199 3526 5271 δωρεῶν
3556 5199 3668 5250 ὀνο-

2094 5296 2327 5367 μάζεται
2370 5297 2398 5348 6
2438 5295 2548 5347 τῶν
2588 5294 2805 5364 δωρεῶν
2834 5293 3006 5357 αἴτιος
3030 5310 3043 5322 ·
3075 5294 3169 5346 καὶ
3198 5294 3227 5345 6
3252 5292 3397 5345 κατὰ
3423 5292 3522 5362 τὴν
3556 5290 3667 5343 θεό-

2084 5409 2223 5465 τητα
2260 5392 2563 5463 ἁμέθεκτος
2600 5391 2741 5445 κατά
2778 5391 2879 5454 τὰς
2918 5390 3185 5459 ἀφθόνους
3218 5390 3406 5460 χύσεις
3435 5389 3649 5441 τῶνδωι

2090 5484 2225 5555 ρεῶν
2280 5483 2598 5555 μετέχεται,
2650 5484 2716 5536 ἵν’
2769 5482 3011 5554 ἀκριϐῶς
3070 5482 3309 5555 ὐπερέξῃ
3362 5483 3394 5534 6
3453 5481 3663 5533 πάντων

2085 5576 2257 5639 αἴτιος
2283 5576 2541 5629 ἁπάντων
2574 5576 2681 5629 τῶν
2707 5575 2828 5629 καθ’
2851 5575 3137 5629 ὁποιανοῦν
3158 5576 3345 5629 οὐσίαν
3384 5575 3478 5627 καὶ
3506 5573 3662 5642 φύσιν

2088 5669 2492 5739 συνισταμένων
2532 5672 2589 5722 έν
2624 5668 2703 5739 τῷ
2733 5669 2874 5723 κατά
2913 5668 3014 5733 τὰς
3044 5667 3252 5739 δωρεὰς
3285 5668 3657 5739 μετεχὸμενον,

2086 5759 2228 5815 κατά
2260 5760 2359 5831 τὴν
2386 5760 2573 5815 οὐσίαν
2608 5761 2848 5833 μηδρλως
2882 5760 3222 5835 μετέχεσθαι.
