3866 6232
221 325 325 382 069
1261 320 1347 374 DE
1380 319 1633 376 DIVINIS
1667 318 2064 385 NOMINIBUS,
2098 318 2252 376 CAP.
2288 318 2402 376 XII.
3370 320 3474 374 970

219 440 463 496 tudinem
504 438 654 501 dico,
698 450 752 493 et
793 437 1249 509 pulchritudinem
1302 451 1368 489 ex
1413 446 1608 507 parte;
1670 453 1774 491 non
1805 438 1951 507 quod
1994 437 2137 490 idem
2183 446 2355 490 totum
2398 436 2494 499 sit,
2522 443 2577 487 et
2615 449 2680 489 ex
2726 442 2901 504 parte,
2949 434 3045 487 sed
3104 434 3173 489 ab
3232 434 3299 489 iis
3326 476 3341 500 ,
3376 436 3468 504 qui

220 532 566 603 inatqualiter
626 532 744 601 ejus
796 546 1024 585 munera
1071 530 1419 601 participant,
1471 543 1759 583 munerum
1806 538 1998 581 auctor
2066 528 2482 592 denominatur;
2535 536 2590 578 et
2637 526 2725 594 qui
2776 525 3070 580 secundum
3127 525 3465 580 divinitatem

219 627 700 697 impartieipabilis
745 635 851 689 est,
901 626 1202 680 secundum
1254 626 1452 678 uberes
1503 639 1789 677 munerum
1822 622 2116 676 cﬂ‘usiones
2150 620 2534 692 partieipatur,
2569 628 2627 673 ut
2668 620 2959 689 perspicue
2999 634 3180 674 rerum
3223 620 3471 673 omnium

219 731 418 777 auctor
481 722 746 785 emineat,
807 720 1064 775 omnibus
1114 722 1410 774 secundum
1453 712 1839 788 quamcunque
1878 717 2237 771 substantiam
2291 725 2347 769 et
2392 723 2644 768 naturam
2694 711 3155 778 subsistentibus,
3203 711 3329 766 dum
3384 725 3472 764 se-

220 814 467 872 cundum
498 828 727 868 munera
766 813 1146 882 participatur,
1180 812 1272 880 qui
1302 812 1604 867 secundum
1630 811 1927 865 essentiam
1956 822 2294 878 nequaquam
2321 805 2635 876 participari
2668 812 2866 871 potest.

1023 975 3467 1004 _____________________________________.__.

604 1144 1249 1239 ΚΕΦΑΑΑΙΟΝ
1296 1146 1441 1233 ΙΒ’.
1838 1138 1885 1193 Α

1838 1138 1885 1193 Α
2217 1165 2377 1236 522
2448 1146 2828 1238 CAPUT
2923 1147 3158 1234 XII.

224 1312 369 1381 Περὶ
399 1312 596 1382 Ἀγίου
633 1312 845 1381 ἁγίων,
883 1312 1189 1377 Βασιλέως
1219 1308 1545 1376 βασιλέων,
1582 1308 1751 1376 Κυρίι

1947 1309 1988 1361 ie
2024 1305 2220 1362 Sancto
2260 1312 2582 1382 sanctorum,
2625 1301 2756 1382 Rege
2784 1316 2963 1382 regum
2990 1339 3005 1364 ,
3039 1298 3265 1353 Domino
3300 1298 3474 1352 domi-

689 1371 927 1449 κυρίων,
969 1382 1117 1436 Θεοῦ
1155 1371 1324 1435 θεῶν.
1534 1371 1538 1373 ’
1667 1371 1682 1376 ’

1534 1371 1538 1373 ’
1667 1371 1682 1376 ’
2370 1375 2628 1437 nantium,
2663 1371 2767 1425 Deo
2798 1371 3038 1425 deorum.

1506 1534 1840 1591 SYNOPSIS
1888 1532 2176 1592 CAPITIS.

225 1675 265 1735 1,
331 1674 485 1731 Ροηὶι
543 1677 731 1746 capitis
778 1677 935 1745 hujus
964 1675 1408 1729 distributionem.
1440 1669 1504 1746 Π.
1543 1670 1792 1746 Explicat
1823 1671 1979 1746 quid_
2002 1673 2279 1746 sanctitas,
2330 1668 2457 1738 quid
2516 1683 2753 1746 regnum,
2804 1666 2931 1737 quid
2978 1663 3320 1746 dominatio,_
3351 1666 3480 1735 quid

306 1749 475 1802 deitas
504 1737 939 1817 sigrii/iceutJll.
972 1748 1213 1812 Quonam
1259 1760 1415 1797 sensu
1448 1744 1559 1798 Ιιωε
1584 1737 1801 1799 nemina
1830 1737 1894 1797 de
1943 1742 2051 1797 Deo
2105 1737 2483 1812 prwdiceutur.
2536 1739 2625 1793 IV.
2680 1739 2798 1804 Quo
2842 1753 2999 1793 sensu
3046 1740 3206 1791 etiam
3265 1737 3479 1791 dicatur

305 1820 442 1872 Deus
471 1834 581 1873 esse
608 1817 836 1873 Sanctus
868 1826 1193 1873 sanctorum.

1800 1930 1921 2004 §I.

322 2074 451 2132 Ἀλλ’
481 2078 668 2152 ἐπειδὴ
707 2079 803 2131 xui
841 2079 967 2149 περὶ
1005 2077 1209 2131 τούτων
1242 2077 1342 2130 ὅσα
1376 2077 1549 2128 εἰπεῖν
1585 2074 1711 2139 ἔδει,
1744 2072 1805 2127 τὸ

1979 2074 2246 2142 Quoniam
2275 2087 2403 2127 vero
2436 2086 2497 2126 ea
2535 2087 2653 2139 qua:
2687 2072 2752 2126 de
2790 2070 2874 2126 his
2915 2070 3142 2126 dicenda
3181 2081 3385 2141 erant,
3420 2073 3482 2127 ii-

228 2171 513 2242 προσῆκον
562 2169 896 2241 ἀπείληφεν,
942 2169 1017 2233 ὡς
1066 2165 1252 2240 οἶμαι,
1306 2167 1489 2231 τέλος·
1541 2165 1755 2238 ὑμνητέι

1957 2183 2031 2222 em
2057 2210 2072 2234 ,
2100 2168 2173 2221 uti
2202 2174 2351 2236 puto,
2408 2180 2711 2232 congruum
2745 2156 3110 2233 acceperunt,
3142 2162 3188 2217 is
3222 2162 3315 2232 qui
3363 2162 3484 2217 intl-

226 2266 361 2335 ἡμῖν
396 2265 487 2317 τὸν
538 2263 956 2334 ἀπειρώνυμον,
1002 2264 1097 2316 xui
1143 2263 1219 2326 ὡς
1264 2262 1451 2331 Ἂγιον
1485 2260 1673 2329 ἁγίων,
1714 2278 1753 2313 xl

1958 2260 2021 2311 ita
2058 2258 2225 2313 habet
2252 2256 2475 2311 nomina
2504 2258 2665 2310 modo
2699 2255 2856 2309 nobis
2879 2255 3043 2309 etiam
3064 2253 3369 2308 laudandus
3400 2263 3485 2308 est

226 2356 463 2409 Βασιλέα
517 2355 624 2409 τῶν
679 2355 1098 2425 βασιλευόντων,
1158 2355 1251 2408 xui
1316 2353 1666 2425 βασιλεύοντα
1715 2352 1753 2404 τὲ

1959 2362 1972 2405 ι
2003 2351 2239 2406 Sanetus
2263 2360 2578 2405 sanctorum
2600 2389 2614 2413 ,
2646 2358 2702 2401 ut
2738 2346 2850 2401 Rex
2889 2362 3108 2417 regum,
3150 2355 3211 2399 ut
3242 2348 3294 2401 in
3327 2354 3486 2400 aeter-

224 2447 402 2501 αἰῶνα
450 2448 547 2500 xui
595 2448 683 2499 ἐπ’
722 2446 894 2500 αίῶνα
931 2446 1026 2500 xui
1062 2446 1142 2499 ἐτι
1165 2485 1180 2509 ,
1228 2446 1323 2500 xui
1357 2444 1431 2509 ὡς
1465 2444 1667 2515 Κύριον
1699 2444 1751 2496 τί

1957 2461 2038 2498 um
2083 2458 2313 2512 regnans
2339 2452 2395 2497 et
2437 2441 2579 2495 ultra
2600 2481 2614 2504 ,
2647 2450 2700 2495 et
2732 2449 2791 2495 ut
2820 2441 3082 2496 Dominus
3107 2438 3484 2498 dominorum,

229 2542 458 2613 κυρίων,
493 2541 587 2593 xui
617 2539 747 2593 Θεὸν
780 2538 888 2593 τῶν
925 2538 1080 2592 θεῶν.
1103 2539 1213 2592 Καὶ
1249 2538 1461 2610 πρῶτόν
1501 2553 1566 2606 γε
1597 2537 1756 2608 ρητέο

1959 2548 1969 2591 ι
2010 2538 2151 2592 Deus
2180 2536 2425 2591 deorum.
2474 2534 2713 2589 Primum
2755 2535 2938 2603 itaque
2984 2532 3272 2587 dicendum
3299 2569 3314 2596 ,
3355 2530 3486 2600 quid

224 2631 280 2684 τί
323 2632 423 2701 μὲν
460 2630 856 2701 αὑτοαγιότητα
896 2624 1033 2682 εἶναι
1073 2630 1315 2700 οἰόμεθα,
1337 2629 1389 2681 τί
1426 2628 1481 2681 δὲ
1514 2627 1751 2698 βασιλεία

1957 2628 2269 2683 anctitatem
2316 2626 2489 2696 ipsam
2522 2641 2644 2681 esse
2689 2640 3007 2680 censeamus
3029 2665 3044 2690 ,
3076 2624 3204 2695 quid
3239 2638 3484 2692 regnum,

223 2723 281 2778 τί
337 2722 395 2775 δὲ
449 2722 745 2793 κυριότητα
769 2762 785 2786 ,
841 2720 893 2773 τί
931 2721 987 2774 δὲ
1026 2720 1251 2791 θεότητα
1275 2760 1289 2785 ,
1330 2720 1423 2773 καὶ
1474 2719 1526 2772 τί
1564 2718 1749 2789 βούλετ

1961 2714 2048 2768 uid
2092 2713 2523 2768 dominationem
2548 2753 2561 2776 ,
2596 2712 2727 2783 quid
2759 2714 3019 2767 deitatem
3042 2754 3057 2776 ,
3094 2725 3150 2766 et
3178 2713 3307 2782 quid
3338 2711 3488 2766 Scri-

224 2812 423 2884 δηλοὺν
458 2813 526 2866 τὰ
566 2813 723 2881 λόγια
762 2812 838 2883 τῷ
874 2810 1256 2882 διπλασιασμῷ
1289 2803 1394 2864 τῶν
1430 2811 1727 2882 ὀνομάτων.

1957 2817 2089 2861 tura:
2120 2807 2341 2875 signare
2370 2805 2542 2860 velint
2585 2820 2683 2876 per
2711 2804 2926 2861 illorum
2954 2806 3199 2860 omnium
3242 2805 3484 2875 gemina—

1918 2900 2142 2955 tionem.

1785 3063 1813 3135 δ
1856 3060 1937 3120 Il.

326 3209 560 3280 Αγιότης
599 3209 695 3279 μὲν
733 3203 826 3262 οὖν
862 3211 1009 3263 ἐστιν
1046 3209 1140 3281 (ὡς
1177 3210 1297 3263 καθ’
1332 3211 1481 3280 ἡμᾶς
1513 3208 1733 3278 εἰπεῖν,)
1773 3208 1806 3277 ἡ

1989 3205 2267 3259 Sanctitas
2297 3204 2465 3273 igitur
2488 3203 2507 3273 (
2534 3212 2591 3256 ut
2621 3215 2770 3256 more
2801 3208 2988 3255 nostro
3010 3199 3241 3271 loquar)
3270 3210 3377 3263 est,
3418 3203 3486 3257 ab

227 3300 429 3364 παντὸς
478 3300 644 3369 ἄγους
694 3299 984 3371 ἐλευθέρα,
1038 3303 1131 3355 xui
1176 3302 1446 3374 παντελὴς
1500 3303 1594 3355 xui
1632 3301 1754 3355 7tde

1959 3294 2060 3348 mni
2089 3294 2297 3349 scelere
2320 3294 2518 3359 libera,
2556 3302 2612 3347 et
2639 3292 2864 3346 omnino
2886 3289 3131 3361 perfecta
3155 3299 3211 3344 et
3237 3291 3388 3344 omni
3417 3305 3486 3344 ex

222 3390 495 3470 ἄχραντος
546 3391 871 3464 καθαρότης.
916 3393 1169 3447 Βασιλεία
1216 3394 1271 3447 δὲ
1324 3396 1358 3465 ἡ
1412 3395 1612 3458 παντὸς
1656 3396 1749 3466 ὃρο

1958 3397 2076 3442 arte
2140 3386 2490 3441 immaculata
2545 3385 2782 3455 puritas.
2834 3386 3078 3456 Regnum
3135 3392 3317 3439 autem
3375 3394 3485 3449 est,

225 3485 322 3536 xui
358 3483 564 3553 κόσμου
586 3524 600 3547 ,
643 3485 738 3537 xui
776 3483 981 3553 θεσμοῦ
1030 3486 1125 3539 xui
1161 3485 1369 3550 τάξεως
1404 3487 1752 3558 διανέμησιςε

1958 3480 2093 3533 mnis
2117 3478 2334 3532 termini
2359 3518 2374 3539 ,
2398 3492 2461 3532 ac
2492 3479 2703 3542 mundi,
2732 3485 2789 3531 et
2820 3476 2953 3546 legis
2983 3486 3039 3531 et
3065 3476 3272 3531 ordinis
3290 3475 3485 3531 distri-

227 3574 503 3645 Κυριότης
546 3574 604 3627 δὲ
640 3576 739 3646 οὑχ
774 3577 869 3647 ὴ³¹
905 3576 1015 3630 τῶν
1050 3578 1306 3650 χειρόνων
1345 3578 1587 3649 ὑπεροχὴ
1625 3579 1754 3648 μὸνο

1961 3571 2086 3624 utio.
2138 3570 2452 3625 Dominatio
2488 3584 2619 3623 vero
2662 3585 2770 3625 non
2826 3569 3099 3624 minorum
3142 3578 3355 3622 tantum
3393 3584 3488 3622 ex-

226 3664 364 3718 ἀλλὰ
401 3667 495 3718 xui
551 3668 697 3720 πᾶσα
731 3667 840 3721 τῶν
875 3668 1055 3722 καλῶν
1091 3687 1151 3722 τε
1203 3670 1294 3722 xui
1342 3669 1559 3738 ἀγαθῶν
1603 3673 1636 3741 ἡ
1676 3689 1751 3724 πα

1958 3662 2167 3718 ellentia
2190 3702 2206 3727 ,
2238 3677 2429 3717 verum
2458 3662 2624 3717 etiam
2649 3660 2892 3716 omnium
2923 3662 3179 3716 decorum
3211 3676 3277 3715 ac
3313 3663 3485 3716 bono-

224 3751 387 3824 τελὴς
424 3756 758 3825 παγκτησία,
798 3758 894 3810 xui
926 3758 1129 3829 ἀληθὴς
1165 3760 1258 3812 xui
1296 3760 1685 3830 ἀμετάπτωτος
1723 3760 1751 3831 β

1958 3772 2036 3809 um
2066 3755 2333 3825 completa
2373 3756 2649 3823 possessio
2677 3761 2782 3818 est,
2807 3762 2862 3808 et
2885 3768 3012 3808 vera
3054 3763 3109 3809 et
3161 3755 3485 3808 inconcussa

226 3844 487 3915 6αιότης’
522 3846 603 3899 διὸ
656 3848 750 3900 xui
794 3849 1052 3921 κυριότης
1106 3850 1255 3921 παρὰ
1309 3851 1371 3904 τὸ
1425 3853 1590 3923 κῦρος
1607 3853 1672 3915 ³⁸³,
1712 3870 1753 3906 κ‹

1959 3849 2175 3912 rmitas;
2210 3856 2545 3919 quapropter
2570 3846 2870 3902 dominatio
2900 3845 3088 3902 Graece
3117 3862 3147 3900 a
3187 3846 3356 3919 κῦρος
3384 3850 3486 3901 de-

224 3934 289 3987 τὺ
340 3935 561 4007 κύριον,
594 3932 708 3990 ’καὶ
757 3939 819 3991 τὸ
866 3938 1137 4011 κυριεῦον.
1196 3942 1396 4016 Θεότης
1450 3943 1508 3996 δὲ
1557 3946 1590 4016 ἡ
1633 3946 1751 3999 πάν¹

1967 3951 2092 3997 vato
2134 3942 2375 4005 nomine,
2408 3942 2549 3996 idem
2577 3948 2662 3995 est
2693 3939 2838 4009 quod
2882 3939 3139 4005 ﬁrmatio,
3175 3939 3488 3993 firmamen-

226 4026 476 4098 θεωμένη
500 4027 745 4099 πρόνοια,
770 4031 859 4084 xui
896 4032 1191 4105 ἀγαθότητι
1225 4034 1476 4088 παντελεῖ
1509 4037 1602 4090 xui
1636 4037 1753 4090 m’nr

1959 4052 2029 4090 tm
2067 4044 2122 4089 et
2152 4035 2403 4101 ﬁrmum,
2445 4050 2509 4088 ac
2542 4033 2770 4088 ﬁrmans
2809 4047 2907 4087 seu
2950 4032 3253 4087 ratiﬁcans.
3302 4032 3486 4087 Deitas

226 4118 554 4189 περιθέουσα
576 4122 669 4175 xui
702 4123 1019 4194 συνέχουσα,
1055 4126 1147 4178 xui
1167 4126 1364 4197 ἑαυτῆς
1396 4128 1751 4201 ἀποπληροῦσ

1957 4136 2097 4181 utem
2144 4126 2283 4181 idem
2319 4135 2404 4181 est
2447 4134 2610 4195 atque
2659 4127 2905 4181 omnium
2962 4124 3254 4193 conspicax
3300 4125 3484 4194 provi-

226 4208 327 4260 xui
395 4209 738 4281 ὑπερέχουσα
812 4214 989 4267 πάντα
1044 4214 1112 4268 τά
1165 4216 1263 4286 τῆς
1318 4218 1571 4287 προνοίας
1643 4222 1753 4274 αὑτὶ

1958 4218 2100 4272 entia
2126 4256 2141 4282 ,
2186 4217 2478 4286 omnigena
2528 4217 2768 4271 bonitate
2796 4226 2994 4271 cuncta
3038 4216 3485 4283 circumspiciens

225 4300 591 4357 ἀπολαύοντα.
1190 4341 1197 4345 ε

1955 4306 2324 4374 )ηιίηθιιε‹ιυε,
2356 4314 2411 4359 et
2453 4306 2629 4375 seipsa
2656 4306 2937 4375 complens
2970 4316 3133 4375 atque
3167 4305 3482 4360 transiliens

1911 4399 2164 4452 universa
2197 4413 2316 4466 quas
2348 4397 2520 4465 ipsius
2549 4398 2893 4466 providentia
2920 4398 3195 4453 fruuntur.

1760 4554 1787 4625 §
1831 4554 1942 4615 ΙΙΙ.

307 4687 485 4741 Ταῦτα
521 4689 621 4759 μὲν
655 4686 747 4744 οὖν
783 4692 876 4745 ἐπὶ
909 4694 1007 4765 τῆς
1046 4694 1221 4748 πάντα
1243 4695 1688 4767 ὑπερϐαλλούσης
1724 4700 1803 4750 ui-

1982 4697 2107 4753 Haae
2137 4699 2318 4767 itaque
2346 4699 2529 4753 omnia
2567 4699 2637 4753 de
2676 4712 2837 4753 causa
2882 4698 2973 4752 illa
3021 4702 3478 4761 transcendentali

221 4778 348 4842 τίας
395 4780 676 4844 ἀπολύτως
733 4782 1025 4855 ὑμνητέον,
1085 4787 1178 4839 καὶ
1231 4788 1598 4858 προσρητέον,
1635 4788 1748 4842 uin-1

1949 4789 2155 4845 bsolute
2197 4791 2546 4861 prazdicauda
2595 4801 2762 4857 sunt,
2814 4790 3267 4861 addendumque,
3308 4795 3476 4863 ipsam

224 4871 600 4942 ὑπερέχουσαν
636 4874 916 4944 ἁγιότητα,
939 4877 1034 4928 xui
1069 4878 1382 4948 κυριότητα,
1402 4879 1495 4931 xui
1532 4877 1751 4947 βασιλείε

1954 4897 2031 4935 sse
2058 4897 2221 4952 supra
2254 4884 2584 4938 eminentem
2618 4886 2962 4939 sanctitatem
2986 4926 3000 4949 ,
3043 4894 3206 4954 atque
3234 4888 3481 4942 domina-

226 4964 635 5037 ὑπερκειμένην
660 5004 675 5029 ,
712 4967 807 5019 xui
842 4968 1218 5039 ἁπλουστάτην
1266 4969 1525 5042 θεότητα’
1567 4973 1661 5025 xui
1697 4970 1753 5039 γὲ

1959 4991 2139 5041 onem,
2164 4985 2217 5029 et
2250 4991 2477 5044 regnum
2503 4977 2743 5031 omnium
2769 4992 3104 5046 supremum,
3140 4980 3481 5049 simplicissi-

225 5053 290 5120 ὲεξ
324 5054 494 5125 αὐτῆς
530 5057 589 5107 ἐν
628 5057 708 5108 ἐνὶ
744 5057 838 5111 xui
872 5058 1086 5130 ἀθρόως
1123 5061 1402 5129 ἐκπέφυκε
1440 5063 1535 5115 xui
1569 5063 1748 5116 διανεν

1954 5080 2165 5134 iamque
2192 5067 2480 5129 deitatem;
2515 5066 2786 5136 siquidem
2830 5082 2895 5121 ex
2962 5069 3076 5136 ipsa
3128 5071 3481 5139 singulariter

230 5165 402 5219 μηται
436 5149 585 5201 πᾶσα
621 5149 827 5221 ἀμιγὴς
848 5151 1101 5223 ἀκρίϐεια
1138 5153 1318 5223 πάσης
1353 5154 1675 5225 εἰλικρινοῦς
1715 5173 1757 5207 κε

1950 5162 1968 5207 t
1997 5156 2230 5209 ubertim
2268 5158 2544 5211 emanavit
2580 5168 2744 5227 atque
2776 5158 2972 5214 diii'usa
2999 5169 3083 5214 est
3120 5163 3297 5216 omnis
3330 5178 3477 5216 mera

226 5238 547 5310 θαρότητος,
591 5242 738 5293 πᾶσα
774 5244 808 5312 ἡ
841 5242 949 5295 τῶν
984 5243 1152 5296 ὄντων
1187 5244 1428 5311 διάταξίς
1463 5263 1523 5298 τε
1562 5247 1653 5299 καὶ
1688 5247 1753 5299 διε

1949 5248 2176 5302 erfectio
2222 5250 2388 5303 totius
2425 5250 2654 5305 sincerm
2690 5253 2963 5320 puritatis,
2999 5264 3053 5307 et
3084 5253 3261 5307 cuiuis
3295 5269 3476 5307 rerum

226 5329 530 5399 κόσμησις,
572 5334 960 5403 ἀναρμοστίαν,
1002 5336 1097 5388 καὶ
1132 5337 1419 5407 ἀνισότητα
1443 5379 1456 5402 ,
1494 5339 1589 5391 xui
1626 5340 1753 5411 ἀσυι

1953 5342 2196 5410 ispositio
2261 5350 2424 5412 atque
2474 5344 2780 5411 distinctio,
2823 5360 2942 5414 quae
2995 5345 3475 5400 inconcinnitatem

230 5420 462 5491 μετρίαν
516 5422 830 5494 ὲξορίζουσα
853 5466 869 5489 ,
923 5428 1017 5480 καὶ
1054 5431 1133 5491 εὶς
1168 5430 1266 5499 τὴν
1320 5428 1579 5484 εὔτακτον
1614 5432 1757 5484 ταὺτι

1954 5443 1971 5485 ι
2035 5434 2460 5503 inaequalitatem
2536 5450 2601 5489 ac
2660 5435 3155 5506 dispropurtionem
3218 5437 3477 5491 extermi-

1505 5587 1738 5643 VARUE
1790 5587 2196 5646 LECTIONES.

339 5739 385 5771 ³⁰
414 5739 769 5812 διανεμητικὴ
801 5741 1151 5812 διανέμησις,
1200 5744 1260 5800 Ρ.
1370 5746 1410 5776 ³¹
1448 5747 1585 5814 οὐχί,
1624 5747 1682 5801 D.
1756 5747 1796 5779 ³³
1834 5748 1981 5817 παρά
2014 5750 2073 5802 τὸ
2108 5749 2278 5819 κυρῶ,
2317 5749 2373 5804 S.
2411 5750 2560 5819 παρὰ
2592 5750 2652 5804 τὸ
2684 5750 2849 5821 κῦρος
2874 5750 2965 5801 καὶ
2997 5750 3057 5802 τὸ
3091 5750 3261 5820 κυρῶ,
3300 5750 3365 5804 D.

556 5834 827 5893 Ρλτιιοι..
866 5836 982 5895 Gn.
1030 5836 1136 5897 ill.
2891 5842 2959 5899 31
