3866 6232
422 330 523 399 ’571

1570 324 1647 399 ἐ.
1682 341 1978 399 DIONYSII
2019 344 2482 405 annonem:

3570 357 3682 414 975

424 467 555 522 nat,
599 466 654 513 et
702 458 768 513 ad
802 460 941 517 bene
965 461 1271 517 ordinatam
1315 462 1657 519 identitatem
1694 480 1757 519 ac
1789 466 1995 520 rectitu-

2118 484 2253 537 τητα
2294 468 2385 521 καὶ
2412 466 2676 538 ὀρθότητα
2713 469 3041 541 γαννυμὲνη,
3065 472 3158 524 καὶ
3197 472 3534 544 περιάγουσα
3550 477 3595 507 ³⁸
3613 477 3683 530 τὰ

426 552 604 605 dinem
660 552 959 619 informat,
1013 571 1076 611 ac
1122 556 1364 610 continet
1416 556 1505 609 illa
1553 571 1672 625 quae
1702 556 1811 625 jam
1846 558 2002 627 digna

422 642 645 698 fuerunt
695 646 813 716 ejus
874 648 1335 717 participatione;
1412 649 1574 720 523
1636 650 1768 719 quin
1839 650 2003 705 etiam

425 741 507 787 est
542 732 813 801 perfecta,
840 746 893 790 et
927 738 1107 791 omnis
1140 739 1381 793 omnium
1434 755 1554 809 qua:
1605 740 1833 810 pulchra
1879 750 2005 795 sunt

423 826 729 893 possessio,
762 836 819 882 et
856 829 1035 884 omnis
1069 830 1248 884 divina
1296 833 1667 899 providentia,
1702 847 1823 901 qum
1874 846 2005 887 con-

423 918 715 986 templatur
760 928 815 973 et
857 933 1153 976 conservat
1192 938 1254 977 ea
1303 925 1501 993 quibus
1538 926 1793 990 consulit,
1836 939 2007 994 seque

422 1006 653 1076 benigne
680 1007 857 1075 effert,
903 1010 967 1064 ad
1029 1011 1368 1069 formandam
1400 1016 1451 1070 in
1486 1017 1566 1072 eis
1603 1017 1695 1087 qui
1722 1018 1787 1073 ad
1826 1016 2000 1086 ipsum

420 1109 819 1156 convertuntur
844 1102 1217 1160 divinitatem.

2114 562 2359 631 μετέχειν
2406 561 2576 630 αὑτῆς
2632 560 2938 631 ἠξιωμένα·
2981 566 3127 616 πᾶσα
3178 567 3210 635 ὴ
3268 566 3531 637 παντελὴς
3590 570 3685 623 καὶ

2111 654 2326 708 πάντων
2378 654 2487 707 τῶν
2541 653 2719 707 καλῶν
2773 656 3119 725 παγκτησία,
3159 658 3307 710 πᾶσα
3343 659 3520 730 ἀγαθὴ
3554 661 3684 729 πρό-

2111 764 2228 800 νοια
2250 748 2315 811 “,
2367 746 2569 818 θεωρὸς
2623 748 2714 800 καὶ
2785 750 3035 819 συνοχικὴ
3089 750 3196 803 τῶν
3252 754 3680 823 προνοουμένων,

2110 834 2305 905 ἑαυτὴν
2344 835 2740 907 ἁγαθοπρεπῶς
2778 837 3085 891 ὲπιδιδοῦσα
3122 840 3257 911 πρὸς
3285 839 3545 895 ἐκθὲωσιν
3574 840 3681 895 τῶν

2111 927 2578 997 ὑπεστραμμένων
2595 928 2657 979 ³⁵.

1968 1250 1996 1322 §
2040 1244 2146 1304 ιν.

490 1384 759 1452 Quoniam
809 1399 987 1446 autem
1023 1392 1401 1447 universorum
1434 1402 1624 1449 auctor
1671 1409 1854 1449 rerum
1879 1408 1995 1447 om-

416 1478 565 1533 nium
603 1479 956 1549 plenissimus
991 1494 1096 1550 est,
1166 1486 1467 1541 secundum
1503 1502 1697 1554 unam,
1726 1502 1846 1557 quae
1878 1502 1996 1541 om-

415 1568 577 1624 nibus
611 1573 889 1629 antecellit
922 1616 937 1640 ,
979 1576 1362 1631 excellentiam
1400 1576 1639 1632 Sanctus
1673 1586 1993 1632 sanctorum

417 1663 777 1732 nominatur,
827 1669 904 1723 uti
944 1680 999 1723 et
1046 1680 1242 1725 caetera
1279 1671 1578 1725 secundum
1635 1686 1798 1741 supra
1828 1685 1991 1740 quam

2184 1386 2400 1458 Ἐπειδὴ
2455 1385 2530 1453 δὲ,
2562 1383 2923 1455 ὑπερπλήρης
2962 1385 3175 1438 πάντων
3213 1384 3360 1439 ἐστὶν
3396 1386 3426 1438 ό
3464 1385 3681 1439 πάντων

2097 1481 2271 1542 αἴτιος
2290 1479 2355 1543 ³⁸,
2379 1476 2521 1531 κατὰ
2565 1477 2691 1547 μίαν
2728 1475 2825 1545 τὴν
2864 1474 3079 1528 πάντων
3117 1477 3495 1547 ὑπερέχουσαν
3518 1477 3684 1547 ὑπερ-

2097 1569 2277 1641 ϐολὴν,
2303 1568 2491 1637 ’Ἄγιος
2532 1567 2701 1635 ἁγίων
2740 1568 3009 1637 ὑμνεῖται,
3050 1568 3143 1619 καὶ
3179 1566 3247 1619 τὰ
3267 1568 3308 1597 ³⁷
3348 1566 3535 1630 λοιπὰ,
3560 1566 3680 1620 καθ’

2100 1662 2543 1735 ὑπερδλύζουσαν
2582 1659 2759 1712 αἰτίαν
2784 1700 2798 1723 ,
2842 1661 2937 1712 καὶ
2972 1658 3316 1731 ὲξῃρημένην
3367 1660 3680 1730 ὑπεροχὴν,

415 1754 813 1811 exuberantem
847 1772 1067 1813 causam
1091 1800 1105 1825 ,
1151 1770 1207 1815 et
1270 1761 1526 1816 eximiam
1558 1760 1995 1831 pracellentiam,

2104 1756 2175 1820 Lb;
2211 1755 2276 1809 ἄν
2310 1772 2393 1818 τις
2431 1754 2584 1825 φαίη.
2622 1752 2758 1806 Καθ’
2794 1753 2918 1805 ὅσον
2958 1752 3281 1823 ὑπερέχουσι
3319 1751 3428 1805 τῶν
3460 1753 3565 1804 οὑκ
3598 1752 3681 1803 δν-

415 1855 475 1900 ut
506 1846 554 1901 si
581 1847 708 1917 quis
738 1849 975 1904 dixerit:
1002 1851 1217 1919 Quanto
1245 1861 1505 1923 praestant
1537 1863 1723 1909 sancta
1745 1894 1760 1919 ,
1792 1854 1875 1908 vel
1909 1856 1992 1910 di-

412 1939 577 2003 vina,
615 1938 700 1995 vel
743 1940 1116 2010 dominantia,
1157 1946 1241 2000 vel
1276 1948 1424 2018 regia
1460 1947 1527 2001 iis
1563 1962 1685 2016 quae
1713 1962 1819 2003 non
1859 1957 1989 2002 sunt

413 2030 561 2094 talia,
594 2040 650 2085 et
683 2046 873 2088 rursus
898 2034 1029 2104 ipsze
1064 2051 1159 2105 per
1185 2050 1245 2092 se
1275 2038 1724 2107 participationes
1766 2038 1993 2108 partici-

409 2122 705 2190 pantibus;
743 2132 896 2180 tanto
923 2136 1008 2182 est
1040 2128 1295 2183 omnibus
1326 2128 1639 2195 sublimior,
1665 2131 1754 2200 qui
1783 2139 1868 2185 est
1900 2146 1997 2185 suo

409 2229 507 2283 pra
537 2216 744 2283 omnia,
767 2227 823 2272 et
845 2220 1090 2273 omnium
1143 2222 1587 2291 participantium
1622 2235 1677 2277 et
1707 2223 1996 2293 participa-

412 2306 628 2362 tionum
671 2318 864 2363 auctor
914 2310 1409 2382 imparticipabilis.
1452 2313 1689 2369 Sanctos
1732 2329 1899 2379 vero,
1938 2323 1995 2369 et

408 2412 609 2468 reges,
674 2398 1055 2471 dominosque,
1102 2416 1164 2456 ac
1211 2403 1341 2458 deos
1381 2402 1678 2474 Scripturze
1721 2404 1996 2474 appellant

408 2490 828 2561 principaliores
897 2493 951 2547 in
1019 2510 1347 2565 unoquoque
1442 2497 1708 2560 ordines,
1759 2513 1991 2566 quorum

406 2597 573 2652 opera
603 2583 730 2637 dum
761 2583 1049 2640 inferiores
1085 2586 1180 2641 Dei
1211 2603 1433 2643 munera
1498 2588 1853 2659 participant,
1894 2602 1990 2642 eo-

408 2675 657 2730 rumdem
701 2676 1148 2733 distributionum
1195 2680 1599 2749 simplicitatem
1648 2681 1703 2735 in
1743 2682 1856 2735 suis
1886 2680 1993 2735 dis-

400 2764 764 2821 tinctionibus
808 2767 1198 2838 multiplicant;
1258 2771 1452 2825 borum
1513 2780 1697 2825 autem
1748 2770 1988 2825 varieta-

408 2866 519 2911 tem
566 2858 725 2927 primi
768 2859 994 2916 ordines
1024 2860 1250 2931 provide
1285 2876 1348 2917 ac
1382 2862 1567 2917 divine
1600 2862 1667 2917 ad
1706 2862 1974 2918 unitatem

408 2964 561 3006 suam
596 2951 941 3008 contrahunt.

2101 1864 2210 1899 των
2246 1846 2314 1899 τὰ
2349 1846 2511 1909 ὄντα,
2554 1845 2717 1913 ἅγια,
2757 1845 2789 1915 ἢ
2829 1844 2980 1908 Θεία,
3021 1844 3053 1914 ἢ
3090 1844 3283 1915 κύρια,
3322 1844 3355 1915 ἣ
3401 1844 3678 1915 βασιλικὰ,

2094 1939 2190 1992 καὶ
2243 1937 2421 1991 αὑτῶν
2477 1936 2808 2007 μετεχόντων
2845 1938 2899 1989 αί
2954 1937 3341 2006 αὑτομετοχαί·
3379 1936 3524 1989 κατὰ
3562 1953 3681 1988 τοσ-

2093 2030 2245 2083 οῦτον
2286 2028 2638 2099 ὑπερίδρυται
2677 2028 2892 2081 πάντων
2922 2028 3029 2082 τῶν
3058 2029 3226 2082 ὄντων
3262 2031 3289 2081 ὁ
3320 2029 3462 2099 ὑπὲρ
3504 2030 3681 2081 nive:

2096 2123 2163 2175 τὰ
2198 2122 2359 2186 ὄντα,
2399 2122 2491 2175 καὶ
2527 2121 2744 2176 πάντων
2781 2120 2891 2173 τῶν
2922 2121 3253 2191 μετεχόντων
3289 2121 3382 2174 καὶ
3403 2120 3512 2174 τῶν
3553 2139 3678 2191 μετ-

2097 2214 2238 2286 οχῶν
2279 2216 2307 2266 ὁ
2343 2213 2640 2285 ἀμέθεκτος
2679 2212 2868 2276 αἴτιος.
2911 2212 3123 2281 Ἀγίους
3158 2213 3235 2277 δὲ,
3284 2214 3375 2266 καὶ
3418 2212 3680 2283 βασιλεῖς,

2098 2307 2194 2359 καὶ
2235 2305 2479 2377 κυρίους,
2517 2305 2612 2357 καὶ
2644 2304 2801 2367 θεοὺς
2838 2303 2993 2356 καλεῖ
3027 2303 3095 2356 τὰ
3128 2303 3282 2372 λόγια
3317 2304 3417 2368 τὰς
3452 2307 3514 2357 ὲν
3552 2306 3682 2360 eu-

2100 2415 2244 2461 στοις
2277 2396 2651 2467 ἁρχικωτέρας
2688 2396 3093 2467 διακοσμήσεις,
3114 2396 3181 2449 δι’
3202 2390 3276 2450 ὧν
3315 2398 3365 2449 αἱ
3404 2396 3681 2468 δεύτεραι,

2096 2486 2203 2540 τῶν
2258 2488 2323 2539 ὲκ
2376 2485 2512 2538 Θεοῦ
2566 2485 2784 2557 δωρεῶν
2834 2485 3376 2556 μεταλαμϐάνουσαι,
3432 2487 3533 2557 τὴν
3582 2487 3685 2556 τῆς

2097 2580 2323 2633 ἐκείνων
2360 2579 2648 2642 διαδόσεως
2684 2578 2965 2649 ἁπλότητα
3018 2580 3145 2650 περὶ
3179 2579 3278 2642 τὰς
3316 2580 3526 2632 ἑαυτῶν
3563 2581 3685 2633 δια-

2098 2670 2271 2742 φορὰς
2310 2669 2669 2740 πληθύουσιν·
2710 2662 2784 2721 ὧν
2820 2671 2874 2721 al
2926 2668 3229 2740 πρώτισται
3265 2670 3363 2741 τὴν
3404 2671 3685 2723 ποικιλίαν

2097 2760 2467 2833 προνοητικῶς
2527 2761 2621 2812 καὶ
2673 2759 2923 2824 θεοειδῶς
2977 2761 3113 2831 πρὸς
3161 2759 3261 2831 τὴν
3315 2760 3551 2831 ἑνότητα
3585 2761 3688 2831 τὴν

2094 2854 2302 2908 ἑαυτῶν
2336 2854 2642 2922 συνάγουσι.

2010 3117 2084 3133 ’.-

1571 3224 2108 3283 ADNOTATIONES
2153 3221 2501 3281 CORDERII.

479 3361 507 3432 ᾗ
533 3362 571 3414 l.
618 3360 885 3432 Quoniam
921 3376 1040 3432 vero
1068 3376 1127 3415 ea
1158 3378 1273 3431 qua:
1305 3362 1368 3415 de
1392 3363 1472 3415 his
1497 3362 1726 3415 dicenda
1752 3371 1923 3428 erant,
1956 3370 2063 3417 etc.
2097 3361 2156 3416 S.
2181 3359 2419 3432 Thomas
2447 3359 2514 3432 ad
2542 3358 2689 3432 hunc
2712 3362 2929 3432 locum:
2962 3358 3281 3432 Postquam,
3307 3359 3517 3432 inquit,
3550 3361 3691 3417 Dio-

405 3426 595 3503 nysius
626 3431 881 3503 exposuit
910 3431 1092 3503 divina
1122 3426 1349 3503 nomina
1383 3448 1479 3500 per
1507 3448 1629 3501 quae
1680 3426 2028 3503 significatur
2067 3430 2341 3486 emanatio
2373 3429 2774 3503 perfectionum
2803 3443 2833 3482 a
2862 3426 2972 3503 Deo
3022 3430 3076 3483 in
3111 3426 3419 3494 creaturas,
3451 3430 3547 3487 hic
3590 3449 3692 3487 ex-

402 3498 559 3572 ponit
587 3501 803 3572 nomina
844 3500 936 3555 Dei
962 3517 1083 3570 quae
1105 3498 1397 3569 designant
1439 3498 1620 3556 rerum
1656 3498 2128 3571 gubernationem.
2163 3503 2221 3555 ln
2246 3515 2351 3568 qua
2376 3498 2606 3567 quidem
2637 3498 3033 3572 gubernatione
3062 3509 3189 3572 sunt
3217 3511 3458 3569 quatuor
3489 3513 3692 3558 atten-

404 3569 579 3627 denda
618 3588 633 3622 :
671 3569 854 3623 Primo
901 3569 1121 3639 quidem
1166 3574 1365 3626 divina:
1421 3569 1753 3640 cognitionis
1808 3574 2178 3641 providentia,
2230 3571 2295 3624 ad
2346 3584 2507 3641 quam
2554 3570 2790 3637 pertinet
2829 3583 3026 3641 nomen
3084 3570 3340 3633 deitatis;
3400 3576 3690 3637 secundo,

401 3650 646 3711 potestas
677 3638 1012 3711 exsequendi
1052 3643 1336 3711 sapientiae
1362 3638 1558 3696 divina:
1597 3638 2025 3709 ordinationem,
2056 3645 2122 3695 ad
2159 3656 2317 3711 quam
2348 3638 2583 3712 pertinet
2623 3654 2824 3712 nomen
2851 3638 3271 3712 dominationis;
3321 3642 3512 3707 tertio,
3560 3646 3691 3712 ipsa

404 3708 682 3766 exsecutio
715 3708 1152 3780 gubernationis,
1187 3714 1253 3766 ad
1287 3729 1447 3781 quant
1474 3712 1709 3781 pertinet
1760 3728 1953 3767 nomen
1990 3712 2133 3780 regis
2154 3708 2859 3781 ;_quarto,igubernationis
2888 3709 3136 3781 effectus,
3165 3714 3253 3776 qui
3281 3720 3365 3766 est
3399 3708 3689 3768 munditia

404 3784 474 3835 ab
498 3783 646 3835 omni
672 3779 1103 3848 inordinatione,
1134 3793 1187 3836 et
1223 3779 1425 3837 adhoc
1455 3779 1693 3850 pertinet
1718 3798 1912 3837 nomen
1954 3779 2283 3837 sanctitatis.
2315 3781 2390 3835 De
2417 3780 2504 3850 his
2526 3789 2686 3833 acute
2704 3779 3108 3850 Cyparissiotus
3132 3781 3246 3849 (48)
3274 3802 3289 3837 :
3320 3800 3338 3832 ι
3370 3784 3690 3850 Sanctitas,

403 3852 600 3921 inquit,
626 3861 680 3905 et
705 3852 1044 3916 dominatus,
1075 3862 1129 3906 et
1161 3868 1408 3922 regnum,
1438 3849 1492 3907 et
1516 3853 1797 3918 divinitas,
1830 3853 2078 3908 absolute
2105 3853 2322 3921 quidem
2357 3852 2410 3904 in
2443 3849 2563 3922 Deo
2590 3850 2777 3913 dictae,
2817 3849 3091 3905 silentium
3124 3852 3242 3918 ejus
3273 3864 3401 3907 sunt
3430 3849 3688 3916 beatum,

401 3932 459 3994 et
484 3920 648 3994 supra
678 3923 1070 3986 substantiam,
1104 3920 1264 3994 extra
1300 3923 1467 3977 Deum
1501 3939 1633 3977 vero
1668 3924 2037 3994 proprietates
2072 3920 2351 3994 accipiunt
2387 3920 2811 3994 ad_cre_aturam_
2829 3930 3158 3994 spectantes.
3200 3924 3381 3991 Atque
3421 3924 3516 3977 illa
3550 3927 3685 3993 qui-

404 3993 528 4063 dem
562 3992 637 4063 (id
668 4002 759 4063 est
800 3994 1085 4061 sanctitas)
1115 3992 1367 4047 liberatio
1397 4002 1480 4047 est
1514 3996 1581 4047 ab
1612 3990 1785 4047 omni'
1828 3994 2034 4048 scelere
2059 4004 2115 4047 et
2163 3990 2408 4063 macula;
2440 3990 2755 4063 dominatus
2785 3991 3098 4063 firmitatem
3133 3990 3314 4045 veram
3347 4005 3405 4048 et
3432 4009 3462 4046 a
3496 3990 3695 4063 prola-

402 4062 600 4129 psione
627 4061 853 4133 liberam
887 4060 1142 4127 exhibet;
1174 4078 1401 4132 regnum
1431 4074 1513 4118 est
1535 4064 1852 4119 distributio
1880 4064 2064 4119 omnis
2088 4062 2315 4133 regulae,
2345 4073 2401 4116 et
2433 4061 2767 4127 ornamenti,
2792 4069 2847 4116 et
2872 4060 3033 4130 juris,
3063 4070 3117 4115 et
3139 4064 3386 4129 ordinis;
3415 4060 3692 4121 divinitas

400 4146 535 4187 vero
569 4132 907 4201 providentia
934 4134 1118 4187 omnia
1149 4134 1556 4202 contemplans.
1592 4153 1609 4185 ι

476 4202 588 4274 §ll.
635 4202 912 4275 Sanctitas
938 4204 1123 4273 igitur,
1160 4213 1268 4257 etc.
1308 4201 1449 4257 Deus
1482 4204 1561 4272 (ut
1595 4205 1756 4275 docte
1793 4214 1946 4259 notat
1978 4203 2197 4258 Lessius
2231 4202 2328 4257 lib.
2355 4218 2453 4255 vni
2495 4201 2570 4254 De
2602 4201 3015 4275 perfectionibus
3053 4203 3276 4275 diuinis)
3307 4216 3549 4262 sanctus
3594 4208 3689 4263 di-

406 4272 553 4327 citur
580 4272 768 4326 multis
800 4272 995 4335 modis,
1031 4275 1376 4341 potissimum
1409 4274 1669 4342 quinque.
1703 4274 1888 4330 Primo
1918 4275 2257 4340 radicaliter,
2291 4275 2417 4342 quia
2453 4273 2692 4327 essentia
2729 4273 2911 4327 divina
2941 4283 3026 4329 est
3063 4274 3236 4343 prima
3258 4272 3265 4275 ’
3287 4278 3450 4331 radix
3482 4289 3543 4333 et
3572 4279 3694 4333 ori-

413 4344 608 4415 ginalis
636 4343 759 4397 forts
786 4346 962 4415 omnis
984 4344 1292 4398 sanctitatis
1334 4355 1387 4398 et
1421 4346 1697 4413 puritatis.

476 4415 730 4468 Secundo
772 4414 1065 4481 objective,
1098 4418 1223 4483 quia
1254 4424 1337 4467 est
1364 4415 1637 4482 obj‘ectum
1687 4416 1865 4469 omnis
1903 4416 2249 4480 sanctitatis;
2289 4414 2469 4468 omnis
2499 4414 2642 4468 enim
2685 4414 2948 4469 sanctitas
2999 4414 3104 4469 sita
3147 4424 3233 4469 est
3282 4416 3335 4469 in
3385 4432 3589 4473 amore
3632 4427 3695 4473 et

402 4486 793 4554 conjunctione
838 4500 961 4537 eum
994 4484 1126 4539 Deo.
1162 4485 1341 4551 Quare
1367 4487 1534 4538 etiam
1569 4495 1651 4539 est
1697 4502 1950 4539 mensura
2001 4488 2169 4541 totius
2202 4498 2256 4538 et
2297 4486 2465 4553 ipsius
2525 4484 2867 4546 sanctitatis,
2904 4486 3046 4538 unde
3088 4484 3345 4538 nimirum
3396 4490 3689 4543 sanctitas

402 4571 561 4609 suam
598 4555 831 4623 speciem
858 4566 915 4609 et
941 4556 1159 4625 modum
1196 4557 1429 4622 accipit;
1458 4557 1724 4609 sanctitas
1751 4557 1898 4609 enim
1928 4567 2014 4611 est
2040 4558 2276 4625 paritas.
2315 4556 2469 4609 Sicut
2498 4564 2681 4607 autem
2716 4555 3004 4625 impuritas
3028 4558 3278 4610 nascitur
3301 4571 3371 4609 ex
3404 4569 3686 4613 contactu

406 4625 753 4687 inferiorum,
784 4634 839 4677 ut
867 4639 992 4679 cum
1023 4624 1195 4679 facies
1230 4636 1325 4679 aut
1354 4628 1521 4679 vestis
1550 4625 1666 4678 luto
1695 4628 2026 4695 aspergitur,
2048 4624 2129 4679 t'el
2162 4641 2285 4695 cum
2316 4625 2497 4677 anima
2534 4640 2631 4695 per
2660 4624 2920 4695 allectum
2955 4625 3315 4679 inferioribus
3345 4627 3687 4684 inordinate

400 4696 673 4768 inhaeret;
704 4694 777 4747 ita
805 4697 1015 4768 paritas
1046 4698 1223 4749 oritur
1255 4712 1323 4749 ex
1370 4704 1621 4768 contactu
1658 4693 2023 4768 superiorum,
2048 4712 2171 4750 cum
2207 4694 2435 4768 affectus
2461 4696 2523 4768 ad
2553 4693 2874 4768 sublimiora
2910 4704 2964 4749 et
2996 4697 3266 4768 nobiliora
3299 4700 3579 4768 assurgit,
3625 4711 3685 4753 et

404 4765 473 4819 iis
496 4766 751 4837 inhaeret.
789 4765 1116 4837 supremum
1143 4776 1326 4837 autem
1357 4767 1598 4837 omnium
1631 4775 1685 4819 et
1723 4767 2191 4836 simplicissimum
2225 4777 2279 4819 et
2308 4766 2660 4833 purissimum
2689 4775 2783 4837 est
2814 4765 2988 4829 Deus;
3016 4765 3161 4820 unde
3191 4781 3407 4837 summa
3450 4765 3684 4837 p'uritas

405 4835 664 4888 consistit
698 4837 749 4907 in
783 4835 1099 4889 adhaesione
1124 4850 1248 4889 cum
1280 4836 1409 4890 Deo.
1434 4836 1625 4906 itaque
1648 4852 1773 4891 cum
1803 4835 2012 4891 summa
2038 4838 2249 4907 puritas
2278 4838 2350 4890 sit
2369 4837 2653 4899 sanctitas,
2685 4836 2831 4890 Deus
2857 4845 2941 4890 est
2964 4839 3103 4890 ratio
3129 4836 3403 4904 objectiva
3427 4835 3483 4892 et
3509 4854 3680 4894 men-

403 4920 529 4958 sura
559 4906 889 4959 sanctitatis.

475 4974 640 5045 524
670 4973 856 5050 Tertio
887 4977 1089 5050 dicitur
1112 4986 1347 5050 sanctus
1380 4976 1796 5050 exempla_riter,
1840 4978 1922 5031 vel
1957 4978 2009 5050 in
2042 4976 2265 5031 modum
2308 4975 2526 5047 regulae,
2570 4978 2697 5047 quia
2727 4990 2825 5050 per
2861 4976 3033 5047 legem
3061 4988 3323 5034 aeternam
3349 4988 3439 5033 est
3476 4979 3682 5050 regula

405 5060 588 5099 outnts
618 5048 961 5112 sanctitatis;
994 5048 1358 5102 conformatio
1391 5050 1537 5100 enim
1571 5047 1799 5102 affectus
1826 5064 1950 5101 cum
1986 5049 2103 5116 lege
2130 5057 2336 5100 aeterna
2362 5046 2446 5101 est
2477 5046 2603 5102 vera
2641 5046 2929 5102 sanctitas.

477 5116 686 5188 Quarto
728 5117 1064 5184 lormaliter;
1099 5120 1363 5173 sanctitas
1394 5117 1540 5171 enim
1577 5118 1879 5172 l'ormaliter
1907 5128 1991 5172 est
2022 5119 2235 5188 puri-tas
2264 5118 2525 5183 affectus;
2556 5119 2769 5188 puritas
2795 5129 2978 5173 autem
3014 5119 3242 5175 affectus
3270 5132 3353 5174 est
3387 5136 3548 5175 amor
3577 5119 3685 5175 Dei

402 5186 530 5260 quia
564 5188 921 5260 est_adhaa_sio
949 5204 1073 5244 cum
1111 5201 1181 5241 eo
1210 5191 1357 5257 quod
1385 5198 1476 5260 est
1504 5189 1858 5256 purissimum
1888 5199 1946 5243 et
1974 5186 2394 5260 nobilissimum.
2426 5186 2607 5255 Quare
2636 5204 2761 5244 cum
2804 5189 2947 5244 Deus
2983 5192 3055 5245 sit
3084 5206 3238 5244 amor
3268 5193 3378 5258 sui,
3410 5192 3530 5260 ipse
3569 5193 3679 5246 hac

400 5257 620 5313 ratione
650 5256 957 5314 forntaliter
984 5270 1069 5315 est
1096 5274 1193 5313 sua
1222 5256 1517 5325 sanctitas;
1551 5269 1608 5313 et
1637 5260 1765 5327 quia
1793 5274 1852 5313 se
1886 5268 2035 5313 amat
2065 5259 2303 5324 infinite,
2350 5269 2616 5328 quantum
2659 5260 2917 5315 nimirum
2949 5272 3035 5317 est
3058 5261 3338 5327 amabilis,
3363 5256 3493 5318 ideo
3526 5276 3680 5332 quo-

474 5440 586 5511 (t8)
629 5439 829 5496 Decad.
855 5454 904 5506 v,
936 5455 1056 5509 cap.
1086 5440 1141 5496 9.

1675 5642 1905 5699 VARI/E
1948 5644 2358 5702 LECTIONES.

480 5795 525 5827 ⁸³
558 5797 903 5865 περιέχουσα,
938 5798 997 5853 Ρ.
1076 5800 1119 5830 3"
1154 5798 1307 5871 Οεϊκὴ
1341 5799 1581 5870 πρόνοια,
1619 5800 1676 5856 Ρ.
1757 5803 1798 5836 ³⁵
1834 5806 2321 5879 ἐπεστραμμένων,
2358 5806 2416 5862 I‘.
2464 5811 2583 5864 Sar.
2662 5810 2704 5842 ³⁶
2756 5810 2783 5861 ὁ
2818 5809 3129 5871 παναίτιος,
3169 5806 3225 5861 S.
3301 5808 3343 5841 ³⁷
3390 5808 3557 5864 κατά.
