3866 6232
300 319 402 375 975
825 311 915 367 DE
946 311 1199 368 DIVINIS
1232 310 1630 377 NOMINIBUS,
1664 311 1817 368 CAP.
1857 313 1875 366 1

1984 311 2405 369 -ΡΑΒΑΡΗΚ
2450 312 2924 373 PACHYMERE.
3432 315 3536 372 97A

302 449 411 502 que
439 431 660 487 inﬁnite
695 442 923 487 sanctus
956 440 1063 487 est.
1104 430 1370 486 Similiter
1400 431 1526 501 quia
1563 430 1701 485 nihil
1746 432 1968 486 omnino
2000 441 2147 487 amat
2182 432 2286 489 nisi
2323 440 2547 503 propter
2596 433 2835 501 seipsum
2858 473 2873 497 ,
2906 433 3027 488 ideo
3058 431 3222 487 etiam
3255 431 3309 485 in
3351 445 3538 486 amore

310 506 554 560 omnium
580 513 959 558 creaturarum
991 512 1214 558 sanctus
1240 512 1343 559 est.

372 574 578 641 Quinto
609 574 807 627 dicitur
834 583 1057 627 sanctus
1082 574 1390 626 eminenter
1414 580 1469 626 et
1497 572 1813 635 causaliter,
1850 582 2109 641 tanquam
2144 572 2265 627 fons
2321 584 2375 628 et
2403 573 2726 641 principium
2757 574 2935 627 omnis
2999 571 3306 627 sanctitatis
3343 582 3397 625 et
3440 587 3542 639 pu-

305 645 491 700 ritatis
519 646 569 698 in
600 643 907 707 creaturis;
933 643 1261 712 principium
1284 682 1301 708 ,
1331 644 1555 712 inquam
1576 687 1589 705 .
1615 643 1872 707 efliciens,
1928 642 2179 707 formale,
2210 645 2524 712 exemplare
2549 654 2602 696 et
2634 643 2814 697 ﬁnale.
2845 643 2979 697 Vide
3023 644 3136 697 haec
3182 642 3354 695 fusius
3396 642 3540 708 apud

306 715 555 769 [.essium
583 714 703 769 loco
732 716 920 777 citato,
941 722 995 768 et
1026 713 1226 768 ibidem
1251 728 1374 781 cap.
1399 712 1454 774 2,
1480 714 1749 782 quodnam
1780 715 1848 767 sit
1879 714 2171 768 discrimen
2196 715 2505 768 sanctitatis
2533 714 2729 768 divina:
2758 721 2813 768 et
2835 724 3238 768 creaturarum.
3268 713 3342 767 De
3368 712 3541 766 domi-

306 787 401 840 nio
437 786 565 839 item
595 783 688 839 Dei
723 784 847 838 vide
870 784 1092 849 ibidem,
1120 785 1316 839 librum
1351 784 1641 849 decimum,
1673 785 1763 853 qui
1790 792 1872 837 est
1902 784 1970 839 de
2000 785 2104 838 hoc
2133 795 2473 853 argumento.

378 856 587 910 Dicitur
613 864 807 925 autem,
826 853 964 908 Deus
994 856 1212 908 deorum
1238 896 1251 920 ,
1285 869 1475 908 eorum
1499 855 1620 909 dico
1648 855 1715 908 de
1739 855 1937 922 quibus
1963 855 2222 925 scriptum
2254 864 2335 909 est
2380 871 2393 906 :
2441 854 2551 924 Ego
2579 854 2692 907 dixi
2717 869 2735 908 :
2760 854 2850 907 Dii
2879 854 3069 909 erlish.
3102 854 3243 925 Deus
3272 854 3419 925 enim
3452 860 3539 907 est

305 928 402 997 qui
436 926 557 980 illos
604 924 952 997 sanctiﬁcat,
986 936 1043 980 et
1092 926 1224 979 facit
1256 926 1395 997 deos
1425 925 2047 997 per_participationem.
2083 923 2235 978 Unde
2261 926 2460 997 divina;
2486 923 2735 997 peragam
2767 941 2796 978 a
2828 926 3089 997 Dionysio
3118 923 3248 997 eta
3275 924 3539 977 Patribus

305 994 577 1053 vocantur
606 995 924 1067 θεαρχικαί,
961 997 1011 1051 id
1035 1008 1119 1051 est
1149 996 1388 1067 deiﬁcac;
1424 1004 1478 1049 et
1509 994 1743 1065 Spiritus
1784 1011 1875 1049 san

1984 1010 2007 1067 ε
2038 1002 2263 1067 vocatur
2294 994 2554 1066 ὑπέρθεον
2596 994 2843 1067 Πνεῦμα,
2873 994 3076 1050 hocest
3107 996 3348 1062 Spiritus
3372 1010 3541 1064 supra

305 1068 459 1135 deos,
495 1083 630 1137 quos
653 1064 866 1120 scilicet
894 1069 1289 1122 sanctiticando
1316 1065 1448 1119 facit
1477 1064 1626 1131 deos,
1660 1069 1775 1120 sive
1809 1067 1861 1120 in
1907 1064 2045 1121 coelo
2090 1065 2205 1121 sive
2236 1066 2288 1119 in
2318 1064 2464 1120 terra
2488 1105 2506 1132 ,
2538 1075 2596 1119 ut
2627 1064 2757 1119 alibi
2786 1067 2952 1121 etiam
2989 1067 3285 1120 indicatum
3337 1074 3443 1131 est,
3486 1076 3543 1119 et

304 1154 369 1194 ex
399 1138 744 1206 generalibus
771 1138 1248 1192 observationibus
1278 1137 1569 1205 colligitur.

377 1205 518 1280 §illl.
564 1207 694 1280 Hau:
718 1210 894 1280 itaque
925 1209 1103 1262 omnia
1136 1210 1199 1261 de
1226 1224 1387 1261 causa
1416 1208 1511 1280 illa
1543 1207 1988 1280 transcendentali
2036 1206 2287 1280 absolute
2314 1206 2683 1280 praedicanda.
2711 1206 2791 1260 Ex
2843 1208 2929 1263 his
2960 1208 3158 1280 (inquit
3193 1205 3542 1280 Cyparissio-f

310 1276 418 1348 tus)
439 1279 670 1332 efﬁcitur
694 1278 1063 1340 manifestum,
1098 1279 1264 1333 aliam
1296 1279 1514 1346 quidem
1546 1279 1996 1347 signiﬁcationem
2030 1293 2141 1344 prae
2177 1291 2234 1331 se
2265 1278 2411 1331 ferre
2443 1292 2504 1331 ea
2537 1278 2759 1331 nomina
2787 1293 2906 1345 quae
2946 1279 3012 1333 de
3044 1279 3151 1332 Deo
3178 1278 3434 1330 dicuntur
3472 1276 3543 1329 ad

306 1347 552 1418 aliQuid;
581 1348 746 1402 aliam
777 1362 928 1413 vero,
960 1364 1079 1417 qua:
1111 1349 1409 1405 secundum
1435 1350 1907 1417 exsuperationem
1933 1364 2029 1401 seu
2065 1349 2563 1402 transce‘ndentiam
2594 1348 2938 1415 efferuntur;
2988 1358 3149 1416 atque
3190 1347 3279 1400 illa
3320 1347 3545 1417 quidem

306 1418 598 1489 aliquando
619 1434 957 1488 supervacua
981 1436 1107 1477 esse
1136 1430 1191 1474 et
1222 1423 1395 1474 otiosa
1422 1418 1666 1489 perfecto
1690 1433 1884 1486 opere;
1906 1418 2024 1489 haec
2050 1434 2198 1482 vero,
2231 1434 2351 1487 quae
2383 1418 2679 1489 secundum
2704 1420 3171 1489 exsuperationem
3202 1420 3545 1484 enuntiatur,

307 1505 527 1561 semper
556 1490 744 1561 eodem
772 1491 934 1561 modo
960 1491 1339 1545 excellentiam
1372 1488 1680 1561 declarare.
1710 1490 1773 1543 Et
1803 1488 2000 1554 probat
2025 1488 2272 1558 exemplo
2305 1488 2680 1543 fabricationis
2708 1488 2970 1561 universi.
2997 1488 3229 1561 Septimo
3267 1488 3407 1561 enim
3435 1489 3543 1553 die,

312 1560 513 1629 inquit,
560 1560 813 1629 requievit
852 1558 923 1614 'ab
968 1563 1209 1615 omnibus
1249 1562 1493 1628 operibus
1526 1560 1637 1612 suis
1661 1561 1721 1625 i;
1760 1574 1931 1629 quare
1956 1561 2192 1629 cessavit
2238 1575 2266 1613 a
2317 1560 2593 1613 creatione
2622 1559 2767 1623 caeli,
2802 1560 2955 1623 solis,
2981 1560 3252 1629 stirpium,
3289 1558 3545 1629 animan—

320 1628 482 1695 tium,
519 1640 597 1694 et,
622 1628 683 1683 ut
733 1630 989 1685 universe
1013 1633 1212 1695 dicam,
1244 1633 1311 1685 ab
1336 1632 1593 1685 universo
1623 1628 1787 1698 opere
1823 1628 1968 1697 quod
2001 1639 2265 1697 patrarat.
2307 1629 2539 1698 Propter
2562 1645 2698 1698 opus
2721 1632 2864 1684 enim
2892 1628 3202 1684 dictus’est
3232 1640 3362 1682 tunc
3402 1628 3545 1682 Deus

307 1698 607 1753 fabricator
640 1701 847 1755 mundi.
878 1702 974 1755 Est
1009 1702 1173 1772 igitur
1198 1717 1415 1770 semper
1438 1701 1741 1754 fabricator
1772 1700 1956 1754 mundi
1985 1700 2151 1767 Deus,
2184 1702 2275 1754 sed
2318 1711 2575 1768 tanquam
2602 1700 2714 1770 jam
2742 1700 3027 1754 fabricatio
3054 1698 3241 1772 mundi
3279 1698 3543 1765 desierit;

304 1772 445 1824 sicut
482 1781 536 1824 et
565 1781 798 1838 creator,
831 1774 924 1841 qui
959 1771 1064 1831 nou
1097 1786 1310 1841 semper
1337 1782 1518 1837 creat;
1554 1783 1607 1826 et
1649 1772 1714 1826 ad
1766 1771 2051 1825 ridendum
2094 1781 2272 1839 aptus,
2303 1773 2394 1839 qui
2444 1784 2550 1824 non
2587 1785 2804 1841 semper
2835 1772 3016 1825 ridet:
3053 1771 3171 1825 haec
3218 1776 3543 1841 autemest,

307 1841 435 1908 quia
464 1841 640 1895 solum
668 1850 773 1907 est,
807 1839 967 1897 causa
1002 1851 1058 1895 et
1085 1839 1311 1896 efl'ec'tor
1342 1843 1484 1897 Deus
1511 1842 1762 1907 (inﬁnitis
1789 1841 1932 1894 enim
1960 1851 2014 1895 et.
2042 1842 2326 1896 immensis
2360 1841 2666 1895 intervallis
2693 1840 2919 1897 ell‘ector
2969 1841 3178 1895 effectis
3221 1839 3543 1905 antecellit).

303 1910 440 1964 Cum
478 1912 645 1980 igitur
669 1911 960 1982 Dionysius
984 1913 1362 1968 excellentiam
1394 1914 1446 1967 in
1477 1913 1561 1967 his
1585 1912 1849 1976 ostendit,
1878 1912 1931 1963 in
1985 1912 2119 1967 duas
2142 1922 2324 1982 partes
2355 1912 2561 1977 divisit,
2588 1913 2639 1965 in
2668 1920 2879 1977 sancta,
2911 1920 2965 1966 et
2996 1927 3101 1965 non
3135 1920 3325 1965 sancta
3351 1919 3453 1982 ;»et
3487 1910 3545 1963 in

306 1996 404 2049 per
431 1997 489 2036 se
522 1980 990 2051 participat’nones,
1023 1993 1076 2038 et
1114 1984 1165 2037 in
1196 1984 1609 2053 participantia.
1639 1983 1706 2036 Et
1731 1989 1959 2051 quanto,
1985 1980 2189 2053 inquit,
2216 1997 2277 2036 ea
2307 1997 2428 2050 qua:
2455 1990 2584 2035 sunt
2614 1982 2682 2035 iis
2723 1996 2845 2049 quae
2894 1998 3001 2036 non
3032 1991 3160 2036 sunt
3188 1980 3544 2053 antecellunt,

305 2060 360 2124 et
383 2053 838 2121 participationes
868 2053 1359 2124 participantibus;
1395 2052 1545 2108 tanto
1592 2055 1735 2107 Deus
1763 2052 2041 2106 antecellit
2070 2054 2276 2107 sanctis
2305 2061 2360 2106 et
2399 2067 2504 2124 non
2536 2053 2770 2124 sanctis,
2801 2062 2856 2104 et
2888 2067 2983 2120 pcr
3011 2068 3070 2106 se
3097 2052 3544 2124 participationi-

305 2122 415 2195 bus
436 2132 491 2176 et
512 2122 989 2191 participantibus.
1024 2124 1361 2178 Excellentia
1393 2126 1560 2195 igitur
1588 2126 1680 2179 Dei
1706 2137 1859 2192 mque
1888 2123 2139 2190 pervadit
2186 2124 2239 2177 in
2268 2123 2655 2191 participantia
2686 2163 2703 2188 ,
2742 2133 2807 2195 et
2850 2137 3034 2195 perrse
3066 2122 3546 2195 participatioues;

302 2200 363 2244 et
405 2192 456 2245 in
500 2202 691 2247 sancta
735 2203 830 2247 aut
870 2196 1075 2261 divina,
1111 2204 1205 2248 aut
1238 2192 1601 2260 dominantia,
1640 2204 1733 2247 aut
1766 2196 1940 2263 regia,
1979 2204 2033 2246 et
2067 2196 2119 2246 in
2155 2209 2219 2248 ea
2251 2209 2371 2263 qua:
2412 2208 2517 2247 non
2550 2203 2678 2247 sunt
2720 2193 2867 2245 talia.
2921 2193 2977 2245 Si
3006 2204 3183 2246 autem
3217 2193 3359 2246 Deus
3389 2206 3548 2263 aeque

307 2269 537 2334 utraque
562 2263 985 2334 excellit,quam
1023 2266 1291 2318 rationem
1326 2265 1697 2334 productionis
1726 2262 1999 2318 habebunt
2022 2280 2141 2334 qua:
2169 2262 2275 2317 non
2309 2273 2437 2319 sunt
2466 2273 2675 2329 sanCta,
2707 2273 2760 2316 et
2785 2277 2905 2331 quae
2928 2263 3276 2331 participant,
3296 2262 3547 2316 eamdem

307 2332 589 2404 habebunt
627 2332 917 2402 sancta,_et
946 2352 1040 2404 per
1061 2350 1119 2390 se
1146 2332 1613 2404 participationes.
1638 2335 1793 2400 Quod
1834 2336 1882 2387 si
1931 2332 2199 2388 illa—sunt
2238 2344 2505 2388 creatura:
2537 2334 2653 2399 Dei,
2684 2343 2740 2387 et
2786 2334 2901 2387 haec
2936 2334 3100 2402 igitur
3132 2342 3551 2404 sumereatura:

303 2399 424 2475 Dei.
444 2403 723 2474 Apparent
754 2399 1063 2475 tamen-hic
1088 2399 1252 2461 etiam
1281 2399 1678 2475 proprietatesi
1718 2406 1809 2459 illa
1861 2405 2006 2458 enim
2037 2406 2272 2473 (scilicet
2302 2405 2691 2474 participantia
2728 2416 2783 2457 et
2813 2399 3289 2475 participationes)
3324 2411 3550 2472 propter

305 2470 509 2540 linem,’
525 2470 681 2545 cujus
710 2488 877 2529 causa
906 2470 1144 2545 perfecta
1175 2470 1323 2541 suni,
1351 2470 1407 2529 εὶ
1432 2491 1619 2529 eorum
1645 2470 1953 2545 proprietas
1976 2470 2061 2528 est
2089 2476 2195 2529 dici
2237 2470 2557 2544 ad'aliquid,
2591 2475 2777 2542 aliquo
2804 2470 2963 2545 modo
2988 2470 3045 2528 se
3070 2470 3545 2545 haberes—horum

304 2554 484 2597 autem
516 2542 708 2614 (idest
736 2560 858 2615 quae
887 2542 1185 2602 secundum
1215 2546 1593 2601 excellentiam
1625 2542 1916 2615 dicuntur)
1948 2546 2256 2615 proprietas
2285 2556 2367 2599 est
2394 2542 2517 2604 {ex
2550 2559 2705 2612 aequo
2732 2559 2854 2599 esse
2883 2544 3023 2599 infra
3066 2546 3234 2599 Deum
3277 2558 3402 2599 cum
3442 2542 3550 2597 illis

302 2626 424 2681 qua:
446 2616 796 2686 participant,
824 2628 879 2671 et
912 2626 1038 2671 sunt
1071 2632 1167 2686 per
1194 2634 1254 2672 se
1282 2616 1757 2687 participationes,
1787 2618 1900 2669 haac
1926 2617 2068 2670 enim
2097 2626 2151 2669 et
2181 2616 2271 2669 illa
2306 2617 2447 2670 facta
2490 2625 2634 2669 sunt.
2692 2646 2699 2651 α

1336 2842 1611 2898 PARAPH
1620 2842 1819 2899 RASIS
1901 2839 2349 2899 PACHYMERAZ
2378 2842 2514 2913 (49).

374 2978 475 3049 §l.
512 2977 651 3031 Ἀλλ’
705 2981 894 3051 ἐπειδὴ
949 2984 1042 3035 καὶ
1096 2982 1224 3052 περὶ
1273 2981 1475 3035 τούτων
1517 2982 1752 3048 ἱκανῶς,
1801 2984 1875 3047 ὡς

2052 2984 2138 3055 §l.
2176 2985 2279 3040 Sed
2310 2985 2568 3054 quoniam
2597 2986 2760 3038 etiam
2785 2988 2850 3041 de
2878 2986 2962 3041 his
2993 2988 3145 3054 satis,
3174 2987 3250 3042 uti
3288 2991 3550 3059 arbitror,

302 3069 487 3143 οἶμαι,
527 3073 810 3139 λέλεκται,
853 3077 1117 3147 ὑμνητέον
1158 3078 1248 3131 τὸν
1286 3078 1747 3151 ἁπειροδύναμον,
1789 3080 1880 3132 καὶ

302 3165 392 3220 διὰ
422 3166 579 3220 τοῦτο
614 3170 709 3221 καὶ
756 3169 1161 3240 ἁπειρώνυμον,
1204 3172 1295 3223 καὶ
1344 3170 1419 3233 ὡς
1460 3172 1648 3240 ’Ἀγιον
1685 3172 1876 3239 ἁγίων,

303 3263 399 3317 καὶ
420 3263 651 3317 Βασιλέα
671 3262 778 3316 τῶν
802 3263 1187 3334 βασιλευόντων
1206 3305 1219 3327 ,
1242 3265 1380 3318 κατὰ
1417 3267 1478 3318 τὸ
1515 3269 1570 3319 ὲν
1600 3269 1665 3337 τῇ
1690 3267 1879 3341 πρώτῃ

302 3351 413 3422 ᾠδῇ
453 3352 544 3405 τοῦ
601 3354 877 3416 Μωῢσὲως
913 3355 1203 3425 ᾀδόμενον,
1261 3358 1353 3409 καὶ
1405 3357 1480 3419 ὡς
1534 3357 1735 3425 Κύριον
1771 3358 1877 3411 τῶν

302 3444 529 3515 κυρίων,
571 3447 664 3498 καὶ
714 3446 845 3500 Θεὸν
880 3447 988 3500 τῶν
1045 3448 1201 3501 θεῶν.
1261 3450 1371 3504 Καὶ
1425 3448 1639 3520 πρῶτον
1689 3448 1878 3521 ῥητέον

306 3538 473 3607 χωρὶς
508 3538 602 3591 τοῦ
638 3539 1072 3611 διπλασιασμοῦ,
1111 3542 1163 3594 τί
1202 3543 1346 3594 ἐστιν
1383 3540 1561 3594 αὐτῶν
1615 3542 1872 3595 ἕκαστονο

302 3630 399 3683 καὶ
453 3626 551 3684 εἶθ’
606 3631 817 3697 οὕτως,
857 3633 908 3685 τί
947 3632 1221 3703 βούλονται
1266 3635 1321 3685 αἱ
1358 3633 1496 3686 θεῖαι
1534 3634 1745 3705 Γραιρα)¹
1796 3635 1875 3688 δι-

303 3722 697 3787 πλασιάζουσαι
734 3723 802 3776 τὰ
836 3725 1097 3795 ὀνόματα,
1136 3726 1301 3796 ἤγουν
1340 3726 1525 3795 ’Ἄγιος
1565 3728 1753 3795 ἁγίων,
1786 3730 1877 3781 καὶ

301 3815 507 3886 Κύριος
542 3817 768 3887 κυρίων,
811 3818 906 3869 καὶ
942 3816 1008 3870 τά
1043 3818 1228 3888 ὅμοια.
1288 3862 1296 3869 .

373 3905 402 3976 §
438 3908 506 3959 ll.
559 3907 805 3979 Ἀγιότης
846 3909 944 3978 μὲν
997 3904 1088 3961 οὖν
1132 3911 1297 3974 ἐστιν,
1343 3912 1418 3975 ὼς
1454 3912 1595 3965 κατὰ
1631 3912 1727 3983 τὴν
1770 3913 1876 3966 τῶν

299 4001 404 4068 ἔξω
430 4002 782 4072 ἐτυμολογίαν
808 4004 999 4067 εἰπεῖν,
1032 4003 1095 4056 ὲκ
1126 4004 1219 4056 τοῦ
1247 4022 1287 4059 a
1313 4005 1631 4077 στερητικοῦ
1660 4010 1752 4060 καὶ
1782 4008 1875 4061 τοῦ

289 4097 437 4168 ἄγος
475 4094 535 4147 τὸ
577 4093 810 4164 μίασμα,
862 4095 1025 4147 οἱονεὶ
1066 4093 1365 4162 ἀαγιότης·
1394 4097 1487 4149 καὶ
1534 4097 1727 4168 κράσει
1768 4098 1876 4150 τῶν

296 4189 392 4242 δύο
412 4206 450 4241 α
472 4206 510 4241 α
537 4190 616 4251 εἰς
646 4206 681 4240 α
715 4188 922 4259 μακρὸν
947 4188 1324 4259 δασυνόμενον,
1354 4187 1610 4257 ἁγιότης,
1637 4191 1876 4262 δηλονότι

298 4279 635 4350 ἐστερημένη
664 4279 863 4341 παντὸς
890 4278 1072 4345 ἄγους.
1104 4279 1354 4332 Βασιλεία
1376 4280 1435 4333 δέ
1461 4282 1607 4333 ἐστιν
1642 4284 1674 4353 ἡ
1704 4282 1877 4336 διανέ-

1982 3078 2184 3132 dictum
2219 3087 2321 3143 est,
2353 3079 2398 3134 is
2416 3079 2505 3148 qui
2542 3077 2751 3133 inﬁnita
2789 3088 2984 3148 potest,
3009 3090 3177 3151 atque
3207 3085 3342 3141 adeo
3380 3087 3545 3141 etiam

1982 3170 2191 3225 inﬁnita
2236 3172 2455 3225 nomina
2492 3170 2692 3237 habet,
2743 3172 2900 3247 nobis
2932 3188 3148 3243 quoque
3194 3176 3552 3235 celebrandas

1982 3270 2239 3330 tanquam
2270 3260 2503 3317 Sanctus
2535 3273 2879 3327 sanctorum,
2910 3274 2964 3319 et
2998 3264 3111 3319 Rex
3146 3281 3360 3335 regum,
3391 3278 3554 3341 prout

1981 3356 2035 3409 in
2068 3355 2246 3425 primo
2274 3356 2477 3427 Moysis
2508 3359 2725 3413 cantico
2755 3359 2997 3422 canitur,
3040 3368 3095 3414 et
3119 3361 3261 3416 sicut
3294 3362 3555 3419 Dominus

1980 3449 2364 3515 dominorum,
2411 3458 2466 3504 et
2498 3449 2641 3505 Deus
2668 3451 2917 3505 deorum.
2966 3453 3044 3507 Ac
3088 3454 3323 3523 primum
3368 3456 3553 3510 dicen-

1981 3541 2110 3596 dum
2160 3542 2280 3597 sine
2306 3543 2679 3612 geminatione
2702 3584 2716 3608 ,
2760 3544 2891 3614 quid
2931 3544 3003 3598 sit
3033 3545 3301 3614 quidlibet
3334 3562 3553 3612 eorum;

1980 3647 2044 3688 ac
2076 3634 2270 3689 deinde
2295 3674 2310 3700 ,
2342 3634 2472 3703 quid
2504 3634 2605 3689 sibi
2648 3635 2819 3689 velint
2866 3634 3065 3691 divina:
3113 3635 3407 3708 Scriptura:
3448 3640 3547 3693 ista

1979 3726 2197 3780 nomina
2232 3726 2574 3796 duplicantes
2598 3767 2611 3791 ,
2676 3728 2791 3783 sive
2828 3729 3064 3784 Sanctus
3108 3741 3454 3799 sanctorum,
3496 3742 3552 3787 et

1980 3819 2241 3875 Dominus
2273 3819 2639 3881 dominorum,
2672 3830 2725 3874 et
2754 3820 2974 3874 similia.

2049 3908 2210 3980 525
2239 3910 2266 3981 §
2304 3909 2367 3964 ΙΙ.
2395 3909 2641 3981 Ἀγιότης
2668 3909 2870 3980 itaque,
2900 3928 2994 3965 seu
3024 3911 3302 3978 sanctitas,
3332 3913 3554 3983 loquen-

1980 4004 2049 4057 do
2076 4004 2370 4058 secundum
2397 4014 2677 4057 externam
2710 4004 2942 4057 nominis
2983 4005 3399 4075 etymologiam,
3433 4022 3497 4061 cx
3522 4025 3554 4061 α

1980 4097 2244 4166 privativa
2263 4108 2317 4151 et
2340 4112 2471 4151 voce
2501 4097 2654 4165 ἄγος,
2682 4098 2731 4151 id
2758 4108 2841 4151 εει
2868 4098 3175 4166 impurilas,
3195 4101 3347 4169 quasi
3371 4102 3555 4169 ἀαγιό-

1976 4206 2098 4258 της,
2123 4200 2176 4244 ει
2198 4190 2413 4259 gemino
2442 4207 2476 4243 α
2500 4190 2550 4243 in
2570 4206 2605 4242 α
2626 4190 2843 4259 longum
2871 4177 3168 4257 aspiratum
3192 4191 3555 4256 coalescente.

1980 4284 2224 4354 ἁγιότης,
2271 4300 2326 4354 q.
2372 4283 2425 4337 d.
2478 4284 2531 4338 id
2576 4284 2718 4352 quod
2768 4284 2912 4337 omni
2960 4283 3079 4337 labe
3126 4298 3220 4338 seu
3250 4284 3556 4353 impuritate

301 4388 464 4441 μησις
494 4372 673 4441 πάσης
700 4369 924 4434 τάξεως,
965 4371 1058 4422 καὶ
1096 4372 1296 4435 παντὸς
1328 4372 1520 4434 τύπου,
1563 4350 1672 4425 καὶ.
1697 4375 1875 4445 πάσης

1984 4378 2250 4446 privatum
2307 4388 2418 4432 est.
2473 4377 2720 4446 Regnum
2770 4390 2900 4431 vero
2951 4385 3034 4430 cst
3078 4376 3256 4431 omnis
3310 4377 3555 4439 ordinis,

298 4463 680 4525 καταστάσεως
720 4463 813 4515 καὶ
846 4461 1111 4525 εὐθεσίας.
1154 4464 1423 4534 Κυριότης
1450 4464 1527 4527 δὲ,
1566 4466 1685 4518 ἐπεὶ
1717 4465 1880 4536 διχῶς

298 4555 539 4627 κυριεύει
577 4572 681 4618 τις,
726 4554 759 4625 ἢ
793 4556 851 4607 ἐν
884 4547 928 4621 ᾧ
963 4556 1061 4625 οὐχ
1102 4557 1329 4625 ἡττᾶται
1372 4558 1480 4610 τῶν
1520 4559 1797 4627 χειρόνων,
1846 4560 1878 4629 ἢ

294 4652 353 4704 ὲν
385 4645 429 4719 ᾧ
462 4653 552 4704 καὶ
580 4650 687 4703 τῶν
712 4651 1032 4722 κρειττόνων
1057 4648 1503 4720 ἐπιλαμϐάνεται,
1537 4651 1598 4702 τὸ
1631 4650 1880 4721 δεύτερον

293 4742 509 4814 τίθησιν
536 4744 564 4794 ὁ
598 4744 771 4812 ἅγιος,
815 4743 890 4805 ὡς
936 4741 1029 4794 τοῦ
1069 4742 1330 4812 προτέρου
1376 4742 1630 4795 ταπεινοῦ
1673 4743 1879 4796 παντά-

294 4854 460 4889 πασιν
490 4836 639 4900 ὄντος
668 4839 758 4889 ἐπὶ
787 4838 919 4905 Θεοῦ
943 4855 955 4867 °
987 4838 1067 4890 διὸ
1095 4836 1188 4890 καὶ
1214 4836 1467 4907 κυριότης
1496 4836 1647 4906 παρὰ
1686 4837 1746 4888 τὸ
1776 4836 1875 4889 κῦ-

297 4948 391 5000 ρος
416 4934 449 5001 ή
480 4931 695 4997 ἐξουσία
722 4930 959 4998 λέγεται.
983 4931 1182 5001 Θεότης
1210 4929 1265 4981 δὲ
1302 4930 1334 5000 ἢ
1374 4929 1480 4982 άπὸ
1506 4929 1599 4982 τοῦ
1628 4929 1872 4993 θεᾶσθαι,

293 5027 387 5077 καὶ
434 5025 732 5094 ἐπιτηρεῖν,
773 5024 864 5076 καὶ
906 5026 1154 5093 προνοεῖν
1181 5040 1194 5051 ο
1244 5022 1420 5093 ἦὰπὺ
1464 5021 1557 5074 τοῦ
1603 5020 1873 5092 περιθέειν

292 5120 387 5171 καὶ
418 5117 657 5187 συνέχειν
686 5115 1055 5185 ἁπανταχόθεν
1082 5114 1151 5167 τὰ
1182 5115 1375 5179 πάντα,
1406 5116 1499 5167 καὶ
1527 5115 1676 5178 ἐντὸς
1704 5115 1871 5187 αὐτῆς

292 5212 507 5265 ἃπαντα
539 5208 609 5262 τὰ
638 5208 738 5277 τῆς
766 5208 1015 5278 προνοίας
1050 5206 1388 5260 ἀπολαύοντα
1438 5207 1826 5277 ἁποπληροῦσα
1855 5225 1867 5237 ·

292 5299 351 5350 ὲν
390 5300 455 5369 τῇ
484 5296 625 5369 χειρὶ
654 5295 761 5367 γὰρ
788 5295 952 5348 αὐτοῦ
985 5294 1053 5347 τά
1083 5296 1280 5360 πάντα,
1312 5295 1453 5349 κατὰ
1478 5295 1574 5361 τὰς
1605 5297 1752 5367 ἱεράς
1780 5298 1873 5350 καὶ

292 5388 445 5453 θείας
484 5390 722 5461 Γραφάς.

1984 4469 2161 4524 omnis
2190 4468 2377 4523 forma:
2429 4477 2484 4522 et
2517 4469 2696 4522 omnis
2724 4466 3135 4521 constitutionis
3173 4481 3237 4520 ac
3275 4467 3556 4520 rectitudi-

1984 4560 2068 4613 nis
2120 4559 2450 4614 distributio.
2506 4560 2811 4613 Dominatio
2864 4568 3045 4613 autem
3094 4574 3217 4613 cum
3268 4558 3556 4627 dupliciter

1983 4651 2106 4719 quis
2132 4652 2457 4719 dominetur,
2491 4653 2632 4720 quod
2662 4651 2743 4707 vel
2774 4651 2930 4706 malis
2964 4668 3071 4706 non
3104 4653 3441 4711 succumbat,
3471 4650 3556 4703 vel

1984 4745 2126 4813 quod
2168 4745 2391 4798 meliora
2442 4745 2694 4814 recipiat,
2733 4759 2827 4801 seu
2868 4746 3163 4815 possideat,
3202 4754 3425 4797 sanctus
3465 4745 3556 4797 hic

1984 4836 2278 4889 secundum
2309 4836 2479 4905 ponit,
2508 4838 2651 4907 quod
2683 4837 2811 4891 illud
2846 4838 2997 4906 prius
3040 4837 3201 4891 nimis
3246 4835 3448 4890 humile
3484 4836 3555 4888 sit

1983 4942 2081 4995 pro
2120 4928 2263 4993 Deo;
2306 4929 2659 4997 quamobrem
2699 4929 2863 4984 etiam
2902 4928 3195 5000 κυριότης,
3242 4928 3355 4983 sive
3384 4926 3554 4980 domi-

1982 5020 2157 5084 natio,
2189 5019 2339 5091 παρὰ
2377 5022 2437 5073 τὸ
2473 5020 2666 5093 κῦρος,
2700 5031 2969 5091 quatenus
3001 5031 3318 5090 potestatem
3350 5017 3556 5089 signiﬁ-

1981 5119 2100 5172 cat,
2130 5112 2540 5178 deuominatur;
2572 5114 2762 5185 θεότης
2806 5130 2934 5169 vero
2955 5154 2971 5179 ,
2999 5130 3094 5169 seu
3131 5115 3412 5177 divinitas,
3446 5110 3555 5163 ἀπὸ

1977 5204 2071 5257 τοῦ
2097 5204 2340 5268 θεᾶσθαι,
2371 5207 2423 5260 id
2444 5218 2527 5261 est
2550 5223 2577 5261 a
2604 5208 2856 5272 videndo,
2884 5216 2937 5262 et
2960 5207 3318 5270 observando,
3345 5219 3409 5257 ac
3435 5218 3554 5271 pro-

1980 5295 2245 5361 videndo;
2289 5298 2373 5353 vel
2412 5299 2520 5351 ἀπὸ
2559 5299 2648 5351 τοῦ
2691 5298 2981 5371 περιθέειν,
3026 5298 3078 5352 id
3123 5305 3207 5351 est
3243 5311 3272 5347 a
3311 5294 3549 5348 circum-

1983 5393 2186 5457 eundo,
2247 5404 2301 5448 ct
2343 5396 2582 5463 undique
2619 5396 2945 5449 continendo
2990 5395 3261 5456 universa,
3298 5404 3355 5443 ιιι
3396 5390 3449 5443 in
3493 5403 3553 5441 se

292 5484 474 5537 omnia
518 5483 872 5552 providentim
906 5481 1225 5537 muneribus
1260 5481 1490 5535 fruentia
1524 5481 1844 5551 adimplcns.
1880 5483 2148 5549 Quoniam
2184 5485 2569 5554 omnia,juxta
2605 5502 2794 5544 sacras
2824 5496 2875 5543 et
2902 5486 3118 5542 divinas
3151 5483 3463 5549 Scripturas
3493 5482 3549 5534 in

293 5592 457 5630 manu
500 5576 616 5645 ejus
647 5575 751 5631 sita
780 5586 909 5631 sunt

364 5694 392 5733 ιι
428 5692 570 5747 Psal.
608 5709 792 5757 Lxxn,
828 5692 882 5748 6.
966 5696 981 5733 ί
1022 5694 1157 5750 Gen.
1194 5707 1257 5759 ιι,
1298 5690 1352 5744 2.

362 5784 473 5853 (t9)
520 5785 653 5843 Vide
699 5787 918 5875 Scholia
974 5785 1033 5843 S.
1075 5785 1297 5842 Maximi
1345 5796 1476 5842 tom.
1515 5785 1597 5856 ll,
1644 5801 1763 5858 cap.
1790 5784 1873 5858 Β
1896 5783 1974 5841 De
1999 5784 2191 5839 divinis
2224 5786 2447 5857 nomina
