3866 6232
306 384 307 387 η
403 339 509 397 975

1582 338 1639 395 S.
1680 338 1973 396 DIONYSII
2008 340 2470 399 AREOPAGlT/E

3561 351 3664 407 976

475 457 503 528 ς
546 454 631 512 IH.
674 456 799 512 llaec
858 456 1077 528 quidem
1137 456 1187 510 in
1246 456 1356 511 Deo
1410 454 1655 512 absolute
1706 457 1967 514 laudanda

2149 460 2177 531 ᾗ
2216 460 2305 513 ΙΙΙ.
2350 460 2531 513 Ταῦτα
2574 459 2672 531 μὲν
2713 455 2807 514 οὖν
2851 462 2941 514 ἐπὶ
2981 460 3115 515 Θεοῦ
3161 463 3441 528 ἀπολύτως
3482 466 3665 537 ὑμνη-

403 558 553 614 sunt,
579 549 631 603 id
665 559 752 603 est
797 565 905 603 non
952 550 1168 618 quidem
1202 550 1497 605 secundum
1527 550 1757 619 aliquid,
1789 566 1983 606 secun-

401 644 528 695 dum
554 642 758 711 aliquid
781 656 909 695 vero
932 656 1062 707 non,
1094 643 1181 697 vel
1212 651 1469 711 tanquam
1507 643 1574 697 ad
1604 643 1806 713 aliquid
1836 643 1981 698 aliud

402 735 655 800 relatmn,
708 736 803 790 sed
851 737 1152 791 secundum
1197 736 1499 806 simplicem
1532 752 1773 805 sensum,
1808 739 1861 793 id
1898 748 1983 794 est

404 833 644 903 proprie.
692 830 847 887 Sicut
887 832 1032 887 enim
1065 847 1292 902 magnus
1329 833 1529 887 dicitur
1558 833 1624 888 de
1667 833 1775 890 Deo
1805 834 1983 889 illimi-

402 936 534 991 tate,
563 936 619 981 et
650 927 767 981 sine
804 927 1236 996 comparatione,
1265 942 1330 981 ac
1361 926 1647 993 relatione,
1680 929 1761 984 sic
1792 930 1982 999 utique

399 1020 563 1073 etiam
592 1021 704 1073 hare
732 1020 973 1073 nomina.
1006 1018 1191 1088 Neque
1217 1033 1347 1075 vero
1381 1020 1554 1075 solum
1587 1021 1831 1076 absolute
1857 1036 1981 1091 pro-

399 1111 619 1166 terenda
670 1123 815 1175 sunt,
871 1115 963 1167 sed
1013 1116 1181 1169 etiam
1229 1119 1529 1169 secundum
1576 1114 1975 1180 excelientiam,

396 1204 649 1269 dicendo,
697 1219 856 1274 supra
899 1220 1065 1275 quam
1108 1206 1394 1271 sanctitas,
1427 1218 1479 1261 et
1529 1208 1650 1275 plus
1690 1222 1855 1277 quam
1894 1223 1977 1263 re-

396 1309 590 1364 gnum,
617 1305 671 1350 ct
701 1297 820 1366 plus
848 1313 1010 1367 quam
1050 1297 1332 1361 Dominus,
1366 1308 1418 1353 ct
1448 1299 1567 1369 plus
1602 1314 1763 1371 quam
1794 1300 1973 1365 Deus;

395 1390 665 1458 siquidem
697 1405 761 1444 ex
797 1391 1032 1459 ipsamet
1069 1390 1475 1459 simplicissima
1506 1392 1819 1457 divinitate,
1848 1407 1977 1447 om-

395 1483 481 1538 nis
513 1498 648 1551 pura
679 1492 733 1538 et
763 1483 1130 1551 independens
1170 1484 1309 1538 ratio
1345 1501 1474 1539 cum
1517 1485 1824 1541 sanctitatis
1859 1494 1972 1541 tum

2084 552 2235 617 τέον,
2279 552 2518 624 δηλονότι
2578 553 2638 605 οὑ
2700 555 2841 607 κατά
2875 573 2925 607 τι
2970 555 3087 625 μὲν,
3132 556 3271 609 κατά
3312 574 3363 608 τι
3400 556 3456 609 δὲ
3496 556 3586 619 οῦ,
3630 557 3666 627 ἦ

2081 645 2157 709 ὼς
2197 646 2334 715 πρός
2368 664 2421 699 τι
2448 647 2654 718 ἕτερον,
2693 647 2828 700 ἀλλά
2861 647 3000 701 κατὰ
3041 649 3217 719 ἁπλῆν
3248 648 3472 711 ἔννοιαν,
3503 666 3639 701 τουτ

2082 731 2198 785 ἐστι
2258 734 2479 803 κυρίως.
2532 734 2617 798 Ὠς
2652 734 2762 807 γάρ
2796 736 2857 789 τὸ
2917 737 3087 807 μέγας
3129 738 3224 791 ἐπὶ
3265 738 3400 790 Θεοῦ
3442 739 3666 806 λέγεται

2082 826 2344 898 ἀσχέτως,
2373 830 2465 882 καὶ
2513 830 2878 903 ἀσυγκρίτως,
2929 831 3023 884 καὶ
3070 830 3129 883 οὑ
3178 831 3315 903 πρός
3358 848 3411 885 τι
3452 831 3667 901 ἕτερον,

2080 918 2223 972 οὕτω
2251 919 2539 974 καὶταῦτα
2575 923 2639 993 δὴ
2668 922 2736 975 τά
2762 923 3018 994 ὀνόματα.
3058 923 3148 994 Μὴ
3178 923 3337 993 μόνον
3368 922 3426 976 δὲ
3464 924 3673 976 ἀπολύ-

2078 1028 2187 1075 τως
2224 1013 2433 1083 ῥητέον,
2467 1012 2603 1067 ἀλλά
2642 1015 2736 1067 καὶ
2782 1014 2899 1085 μεθ’
2941 1015 3236 1086 ὑπεροχῆς,
3276 1015 3667 1086 ὑπεραγιότης,

2080 1100 2173 1152 καὶ
2198 1100 2608 1172 ὑπερδασιλεία,
2634 1103 2728 1156 καὶ
2751 1103 2892 1175 ὑπὲρ
2920 1104 2982 1157 τὸ
3005 1104 3209 1175 κύριος,
3237 1106 3332 1159 καὶ
3356 1105 3629 1177 ὑπέρθεος
3654 1123 3667 1136 '

2079 1192 2171 1245 καὶ
2199 1191 2307 1264 γὰρ
2329 1190 2387 1260 ἐξ
2411 1194 2580 1264 αὑτῆς
2609 1193 2673 1265 δὴ
2700 1195 2797 1265 τῆς
2823 1195 3203 1267 ἀπλουστάτης
3233 1195 3487 1266 θεότητος
3511 1198 3671 1249 πᾶσα

2075 1283 2456 1357 διανενέμηται
2478 1290 2589 1350 τοῖς
2611 1288 2869 1351 αἰτιατοῖς
2891 1287 3092 1359 ἀμιγὴς
3122 1288 3216 1341 καὶ
3244 1288 3472 1359 ἄσχετος
3504 1290 3671 1360 ἀκρί-

2075 1375 2195 1430 ϐεια
2236 1380 2329 1431 καὶ
2368 1380 2469 1449 τῆς
2513 1380 2799 1453 ἁγιότητος
2843 1381 2937 1433 καὶ
2972 1382 3072 1455 τῆς
3109 1380 3377 1452 βασιλείας
3402 1401 3416 1414 ·
3460 1384 3673 1455 ταύτην

2073 1467 2182 1540 γάρ
2226 1468 2375 1537 λέγει
2414 1470 2653 1537 διάταξιν
2693 1471 2802 1526 τῶν
2839 1474 3029 1541 ὄντων,
3066 1476 3305 1547 δηλονότι
3347 1475 3457 1529 τῶν
3486 1475 3671 1529 ἀπάν-

393 1575 545 1644 regni
596 1572 879 1630 eﬂ‘ectibus
922 1576 1198 1643 tribuitur,
1252 1578 1396 1633 hanc
1434 1578 1578 1633 enim
1606 1588 1761 1633 vocat
1789 1594 1967 1635 rerum

2071 1576 2197 1623 των,
2234 1562 2327 1615 καὶ
2363 1562 2739 1635 διακόσμησιν,
2777 1568 2899 1637 ἥτις
2948 1570 3042 1622 καὶ
3090 1571 3267 1623 πᾶσαν
3295 1569 3525 1635 ἀταξίαν
3555 1568 3672 1634 ἐξο-

393 1666 825 1735 dispositionem,
853 1668 1063 1722 scilicet
1103 1670 1373 1733 omnium,
1403 1678 1459 1723 et
1507 1670 1968 1739 distributionem,

2073 1650 2210 1720 ρίζει
2235 1691 2248 1713 ,
2284 1652 2377 1705 καὶ
2420 1653 2500 1716 εἰς
2544 1652 2641 1724 τὴν
2676 1652 2937 1709 εὔτακτον
2975 1656 3279 1728 ταύτότητα
3320 1656 3670 1727 περιάγουσα

392 1772 514 1827 qua:
552 1773 770 1812 omnem
808 1758 1271 1813 inordinationem
1302 1761 1648 1824 exterminat,
1684 1770 1738 1815 et
1768 1761 1833 1814 ad
1868 1762 1967 1817 rite

2071 1742 2138 1795 τά
2176 1743 2379 1814 ταύτης
2431 1745 2728 1816 ἠξιωμένα,
2774 1747 2999 1812 εἰκότως
3044 1749 3109 1802 ἂν
3152 1748 3247 1819 μία
3290 1748 3671 1821 προσαγορεύ-

390 1820 699 1902 ordinatam
738 1848 1076 1902 identitatem
1114 1848 1333 1902 adducit
1377 1849 1463 1902 illa
1497 1820 1803 1919 quaevdigna
1841 1858 1967 1903 sunt

2072 1850 2189 1887 εται
2216 1852 2228 1863 ’
2260 1835 2416 1889 τοῦτο
2448 1836 2505 1889 δέ
2531 1839 2722 1909 ἐστινὴ
2763 1840 2970 1911 ἑνότης,
2999 1840 3061 1893 τὸ
3083 1841 3177 1911 τῆς
3210 1842 3544 1913 ταύτότητος
3577 1842 3671 1895 καὶ

392 1942 509 2012 ejus
532 1941 975 2011 participatione;
1006 1942 1147 1995 unde
1176 1942 1371 1996 merito
1399 1957 1500 1995 una
1538 1941 1757 2003 dicitur,
1803 1940 1971 2007 siqui-

391 2036 512 2090 dem
541 2035 655 2090 lnsec
681 2044 764 2090 est
801 2033 1003 2097 unitas,
1038 2034 1367 2095 identitatis.
1398 2034 1641 2104 inquam,
1668 2045 1721 2089 et
1750 2033 1972 2104 aequali-

389 2126 539 2181 tatis.
576 2126 703 2181 Hinc
742 2137 827 2181 est
856 2140 1015 2181 causa
1045 2126 1489 2196 conspirationis.
1510 2136 1564 2179 et
1590 2126 1968 2179 consensionis

389 2226 446 2271 et
492 2218 681 2273 salutis
726 2218 1127 2285 universorum,
1156 2217 1387 2272 unitatis
1427 2220 1588 2281 ratio,
1615 2231 1736 2286 qua:
1772 2231 1971 2271 secun-

389 2312 517 2366 dum
564 2310 755 2367 eadem
802 2319 857 2365 et
906 2310 1097 2365 eodem
1136 2311 1296 2365 modo
1340 2325 1400 2365 se
1446 2312 1630 2365 habet.
1668 2308 1968 2365 luctantem

386 2418 519 2459 vero
546 2405 706 2467 dixit,
751 2404 865 2459 sive
895 2403 1218 2473 gaudentem
1261 2404 1314 2457 in
1360 2404 1617 2473 operibus
1655 2402 1790 2466 suis,
1816 2403 1969 2473 juxta

388 2497 519 2551 illud
546 2496 741 2551 Psalmi
772 2497 1009 2551 dictum:
1039 2493 1331 2549 Laetabitur
1360 2495 1615 2549 Dominus
1646 2496 1701 2549 in
1729 2496 1969 2564 aperibus

386 2590 498 2643 suis
556 2588 607 2644 ιι.
651 2589 887 2643 Rursum
943 2603 1010 2642 ex
1060 2588 1165 2641 bac
1225 2587 1630 2656 simplicissima
1687 2588 1971 2641 divinitate

388 2681 552 2735 etiam
593 2679 756 2750 526
783 2678 1086 2733 dominatio
1116 2678 1331 2744 existit;
1360 2678 1501 2733 hanc
1524 2680 1668 2733 enim
1697 2678 1834 2732 dixit
1859 2678 1971 2732 uni-

389 2783 601 2823 versam
637 2784 759 2823 esse
800 2768 1044 2821 omnium
1082 2767 1348 2822 bonorum
1382 2766 1809 2835 possessionem.
1845 2764 1970 2819 Haec

385 2871 471 2916 est
526 2860 758 2931 benigna
803 2858 1169 2930 providentia,
1203 2872 1321 2926 qua:
1353 2857 1697 2925 semetipsum
1736 2855 1972 2921 benigne

388 2954 649 3023 impertit,
687 2952 753 3007 ad
788 2968 976 3007 eorum
1006 2951 1095 3021 qui
1132 2951 1197 3005 ad
1235 2953 1405 3019 ipsam
1434 2957 1829 3004 convertuntur
1850 2948 1966 3003 dei-

385 3046 715 3101 licationem.
763 3052 768 3058 ’

2076 1925 2319 1997 ἰσότητος
2362 1926 2523 1996 λέγω.
2565 1928 2736 1982 Τοῦτο
2776 1929 2836 1982 τὸ
2879 1930 3051 1983 αίτιον
3090 1931 3191 2001 τῆς
3233 1933 3543 2001 συμπνοίας
3577 1943 3670 1986 καὶ

2070 2019 2172 2090 τῆς
2214 2020 2553 2091 συμπαθείας
2592 2023 2686 2075 καί¹
2726 2022 2822 2094 τῆς
2868 2022 3140 2094 σωτηρίας
3173 2024 3283 2076 τῶν
3313 2025 3475 2088 ὅλων,
3510 2029 3541 2079 ό
3569 2027 3669 2097 τῆς

2072 2112 2319 2183 ἑνότητός
2363 2113 2540 2180 λόγος,
2581 2113 2610 2164 ό
2643 2112 2784 2167 κατά
2814 2114 2885 2167 τά
2910 2116 3050 2169 αὑτά
3081 2118 3175 2169 καὶ
3206 2116 3470 2181 ὡσαύτως
3502 2120 3663 2189 έχων.

2072 2205 2382 2276 Γαννυμένη
2429 2205 2485 2258 δὲ
2519 2201 2688 2269 εἶπεν,
2723 2207 2839 2277 ἦτοι
2873 2208 3137 2279 χαίρουσα
3170 2210 3262 2262 ἐπὶ
3291 2212 3405 2273 τοῖς
3438 2212 3667 2276 οἰκείοις

2072 2297 2357 2367 ποιήμασι,
2393 2298 2533 2352 κατὰ
2564 2298 2623 2352 τὸ
2655 2300 2712 2351 ὲν
2744 2300 2993 2371 Ψαλμοῖς
3024 2302 3334 2373 εἰρημένον·
3376 2304 3664 2371 Εὐφραν-

2073 2388 2317 2454 οήσεται
2358 2392 2573 2458 Κύριος
2617 2391 2717 2445 ἐπὶ
2766 2391 2891 2459 τοῖς
2920 2393 3115 2463 ἔργοις
3148 2393 3352 2448 αὑτοῦ.
3390 2394 3569 2448 Πάλιν
3601 2397 3666 2449 ὲκ

2070 2483 2271 2555 ταύτης
2310 2484 2410 2554 τῆς
2459 2485 2835 2557 ἀπλουστάτης
2879 2486 3129 2557 θεότητος
3173 2488 3267 2540 καὶ
3308 2489 3341 2557 ὴ
3395 2489 3665 2560 κυριότης

2071 2577 2186 2629 έστί
2210 2594 2222 2607 ·
2258 2576 2463 2649 ταύτην
2496 2577 2603 2649 γὰρ
2635 2573 2755 2631 εἷπε
2789 2581 3008 2633 πάντων
3041 2580 3149 2632 τῶν
3182 2580 3359 2634 καλῶν
3406 2598 3665 2652 παγκτη-

2072 2669 2209 2722 σίαν.
2257 2668 2403 2740 Λῦτη
2453 2671 2485 2741 ἡ
2532 2670 2709 2743 ἀγαθὴ
2758 2672 2981 2743 πρόνοια
3019 2673 3216 2745 ἑαυτὴν
3250 2672 3662 2746 ἀγαθοπρεπῶς

2069 2761 2343 2816 ἐπιδίδωσι
2372 2762 2507 2834 πρὸς
2536 2762 2796 2817 ὲκθέωσιν
2840 2765 2949 2818 τῶν
2982 2767 3116 2836 πρὸς
3145 2767 3314 2838 αὐτὴν
3341 2768 3662 2839 ἐπεστραμ-

2073 2855 2245 2926 μένων
2256 2894 2269 2907 .

457 3138 486 3210 §
528 3136 795 3193 lV.'Cum
828 3145 1010 3191 autem
1045 3136 1117 3190 sit
1148 3150 1329 3189 rerum
1362 3134 1604 3188 omnium
1641 3132 1963 3203 superplena

2140 3125 2166 3197 ἕ
2209 3124 2293 3180 IV.
2351 3126 2566 3197 Ἐπειδὴ
2595 3127 2652 3180 δὲ
2700 3127 3054 3200 ὑπερπλήρης
3096 3128 3312 3182 πάντων
3354 3130 3479 3183 ἐστὶ
3518 3132 3658 3184 κατά

385 3231 683 3286 secundum
733 3246 897 3285 unam
945 3230 1273 3283 eminentem
1328 3226 1710 3281 excellentiam
1757 3226 1960 3295 (neque

385 3325 530 3377 enim
578 3323 760 3377 multa:
804 3332 933 3376 sunt
989 3324 1039 3376 in
1095 3322 1202 3375 Deo
1239 3321 1604 3383 excellentia},
1661 3320 1753 3373 sed
1822 3333 1957 3379 una,

384 3420 586 3488 illaque
611 3419 905 3481 eminens),
924 3417 1122 3471 dicitur
1141 3414 1372 3470 Sanctus
1402 3424 1735 3477 sanctorum,
1765 3424 1819 3467 et
1844 3410 1959 3467 Rex

387 3527 596 3580 regum.
633 3510 725 3564 Ait
757 3508 926 3574 enim,
961 3519 1227 3579 quantum
1272 3505 1454 3561 dili‘ert
1491 3518 1687 3561 natura
1735 3522 1867 3575 pura
1908 3513 1964 3558 et

384 3619 550 3658 causa
595 3618 624 3656 a
669 3602 935 3673 qualitate
986 3612 1043 3656 et
1087 3599 1279 3656 cll‘ectu
1330 3603 1457 3669 (hoc
1505 3602 1649 3655 enim
1702 3609 1784 3654 est
1834 3597 1961 3652 illud

376 3697 526 3765 quod
570 3705 675 3757 est,
709 3703 956 3764 respectu
998 3694 1141 3748 illius
1172 3694 1316 3758 quod
1363 3694 1579 3763 proprie
1624 3708 1731 3746 non
1769 3696 1873 3754 cst)
1910 3701 1963 3744 ct

383 3797 645 3856 quantum
690 3786 819 3840 illud
844 3786 985 3854 quod
1025 3785 1382 3855 participatur
1418 3787 1487 3840 ab
1518 3800 1584 3839 eo
1609 3784 1753 3854 quod
1793 3784 1964 3855 parti-

385 3882 551 3951 cipat,
580 3888 787 3933 tantum
823 3878 1003 3933 diﬂ'ert
1040 3880 1204 3940 Deus.
1234 3879 1359 3931 dum
1397 3878 1509 3931 haec
1542 3878 1757 3938 dicitur,
1795 3877 1863 3931 ab
1898 3877 1963 3931 iis

384 3985 509 4037 qua:
551 3968 644 4022 illa
692 3968 1108 4038 participatione
1167 3968 1414 4034 habent;
1470 3968 1653 4021 omnia
1702 3968 1847 4021 enim
1894 3983 1961 4021 ex

388 4062 502 4116 Deo
544 4070 695 4125 sunt,
734 4061 880 4115 solus
912 4070 1091 4115 autem
1124 4060 1265 4115 Deus
1294 4076 1360 4114 ex
1388 4059 1553 4113 nullo.
1580 4058 1849 4128 Religiosc
1872 4077 1965 4113 au-

285 4136 299 4157 ’
387 4168 494 4211 tem
536 4171 603 4210 ac
643 4154 730 4222 pie
765 4155 991 4223 exponit
1031 4154 1141 4218 illa,
1166 4169 1287 4222 quae
1317 4170 1346 4207 a
1381 4153 1703 4222 quibusdam
1739 4156 1805 4208 de
1837 4154 1963 4208 deo-

384 4262 505 4301 rum
534 4235 884 4300 multitudine
920 4246 1065 4299 dicta
1101 4247 1453 4314 putabantur,
1485 4260 1548 4299 ex
1586 4262 1650 4299 eo
1686 4246 1829 4314 quod
1863 4262 1960 4298 au-

386 4340 563 4394 dirent
590 4339 695 4393 dici
729 4337 925 4393 multos
951 4337 1114 4401 deos,
1145 4334 1299 4405 juxta
1334 4336 1460 4391 illud
1500 4354 1513 4391 ς
1558 4337 1698 4391 Deus
1744 4339 1960 4391 deorum

384 4432 642 4487 Dominus
673 4432 879 4485 locutus
907 4442 979 4484 est
1010 4429 1431 4499 Ll’raeceptores
1461 4430 1606 4482 enim
1638 4430 1727 4497 qui
1762 4430 1961 4483 virtute

378 4532 668 4593 praestant,
691 4525 946 4577 virtutem
974 4523 1024 4575 in
1046 4523 1225 4577 anima
1252 4523 1400 4575 unite
1422 4522 1704 4576 collectam
1735 4522 1957 4586 habent,
1994 4511 2035 4565 Ι)

386 4619 630 4673 docendo
675 4628 856 4671 autem
896 4617 1128 4670 virtutes
1172 4613 1294 4668 aliis
1335 4614 1827 4678 communicantes,
1877 4629 1961 4669 se-

384 4710 620 4764 cundum
665 4709 1036 4763 diversitatem
1087 4705 1451 4760 multitudinis
1499 4719 1690 4758 eorum
1730 4703 1823 4773 qui
1864 4704 1962 4757 do-

384 4816 603 4872 centur,
639 4804 801 4857 etiam
834 4802 1089 4855 virtutem
1128 4800 1332 4854 habent
1372 4796 1809 4866 multiplicatam.
1848 4797 1961 4853 Hoc

380 4899 549 4954 etiam
574 4897 1026 4951 considerandum
1061 4895 1111 4947 in
1134 4891 1429 4962 jordinibus
1458 4891 1817 4960 incorporeis;
1847 4894 1960 4945 ha-c

386 4991 573 5059 utique
599 4988 693 5043 Dei
727 4988 943 5058 propria
974 4996 1128 5050 sunt;
1160 4993 1214 5037 et
1247 4984 1387 5039 sicut
1417 5000 1481 5039 ex
1517 4993 1729 5038 cratere
1758 4984 1961 5037 exube-

389 5090 546 5135 rante
585 5080 759 5134 vicina
792 5079 1012 5149 quidem
1051 5092 1176 5131 vasa
1221 5077 1393 5145 prima
1434 5075 1731 5145 replentur,
1765 5075 1960 5129 deinde

389 5175 504 5242 ipsa
532 5173 694 5226 etiam
726 5168 1082 5223 exuberantia
1115 5168 1167 5220 in
1194 5168 1295 5219 alia
1328 5181 1453 5221 vasa
1483 5165 1875 5230 dili'unduntur,
1903 5175 1960 5219 et

387 5282 487 5336 pro
522 5264 869 5318 multitudine
905 5277 967 5316 ac
1008 5260 1324 5315 diversitate
1352 5260 1761 5329 suscipientium
1787 5260 1959 5316 eli'usa

389 5357 788 5411 distribuuntur
816 5369 879 5407 ac
911 5352 1376 5422 multiplicantur;
1417 5353 1497 5407 sic
1535 5354 1789 5408 crassiori
1822 5370 1959 5424 qua-

389 5452 514 5504 dam
557 5449 770 5502 ratione
816 5446 1203 5501 abundantiam
1252 5444 1652 5502 distributionis
1689 5448 1959 5501 donorum

389 5544 718 5607 divinorum,
752 5554 851 5609 per
886 5538 1494 5609 primas,dispositiones
1520 5540 1572 5593 in
1618 5554 1807 5595 omnes
1846 5541 1959 5597 dis-

392 5634 648 5689 tributam
692 5647 811 5687 esse
852 5632 1199 5701 cogitandum
1233 5639 1339 5683 est.
1386 5632 1670 5701 Siquidem
1718 5636 1954 5705 Aposto-

503 5814 528 5850 ι
561 5810 704 5866 l’sal.
738 5827 852 5880 cm,
887 5811 975 5865 δι.
1068 5811 1086 5850 1
1124 5812 1266 5889 Psal.
1304 5827 1461 5878 χιιι,
1506 5813 1553 5866 1.

2072 3220 2199 3291 μίαν
2229 3220 2531 3292 ὑπερϐολὴν
2565 3220 2956 3292 ὑπερέχουσαν,
2988 3219 3131 3292 (οὑδὲ
3157 3221 3266 3295 γὰρ
3297 3222 3494 3275 πολλαί
3525 3226 3657 3277 εἰσιν

2069 3313 2124 3364 αἰ
2155 3312 2305 3383 παρά
2332 3311 2411 3383 τῷ
2437 3312 2554 3383 Θεῷ
2586 3312 2903 3384 ὑπερϐολαὶ,
2935 3313 3069 3367 ἀλλά
3100 3313 3197 3384 μία
3227 3316 3320 3367 καὶ
3349 3315 3655 3387 ὑπερέχου-

2070 3406 2182 3474 σαο)
2229 3406 2442 3473 λέγεται
2474 3407 2660 3473 ’Ἄγιος
2695 3408 2886 3475 ἁγίων,
2931 3406 3025 3459 καὶ
3069 3407 3327 3471 Βασιλεὺς
3366 3408 3653 3477 βασιλέων.

2067 3499 2205 3569 Φησὶ
2251 3499 2395 3569 γὰρ,
2449 3498 2676 3552 καθόσον
2714 3499 2955 3571 διαφέρει
3000 3499 3157 3569 φύσις
3194 3501 3507 3574 ἀκραιφνὴς
3565 3503 3655 3554 καὶ

2067 3592 2215 3644 αἰτία
2276 3591 2554 3663 ποιότητος
2581 3592 2675 3643 καὶ
2703 3591 2966 3655 αἰτιατοῦ,
3001 3590 3177 3662 (τοῦτο
3204 3593 3313 3663 γάρ
3341 3594 3462 3646 ἐστι
3490 3594 3553 3646 τὸ
3598 3594 3655 3647 ὃν

2069 3688 2203 3759 πρὸς
2239 3686 2294 3739 τὸ
2330 3687 2404 3757 μὴ
2438 3684 2640 3756 κυρίως
2667 3683 2770 3754 ὅν·)
2802 3685 2895 3738 καὶ
2926 3684 3154 3738 καθόσον
3191 3684 3283 3738 τοῦ
3336 3687 3655 3758 μετέχοντος

2067 3779 2199 3831 αὑτὸ
2242 3778 2302 3830 τὸ
2351 3778 2743 3849 μετεχόμενον,
2791 3778 2931 3831 κατά
2974 3778 3226 3831 τοσοῦτον
3272 3778 3581 3833 διαλλάττει
3624 3782 3680 3833 6‘

2066 3872 2197 3947 Θεὸς
2228 3872 2399 3925 ταῦτα
2430 3871 2716 3943 λεγόμενος
2745 3870 2853 3923 τῶν
2886 3870 3027 3925 κατά
3056 3872 3268 3942 μέθεξιν
3300 3870 3460 3925 τοῦτο
3493 3875 3651 3943 ἐσχη-

2068 3965 2257 4019 κότων·
2292 3963 2359 4017 τὰ
2385 3963 2493 4036 γάρ
2526 3964 2703 4017 πάντα
2735 3964 2800 4016 ἐκ
2829 3963 2963 4016 Θεοῦ
2996 3965 3131 4029 ἐστι,
3170 3964 3329 4035 μόνος
3360 3965 3417 4018 δὲ
3450 3967 3480 4017 ὁ
3524 3966 3653 4028 Θεὸς

2067 4056 2127 4121 ἐξ
2173 4057 2402 4121 οὐδενός.
2450 4056 2716 4119 Φιλοθέως
2760 4055 2815 4108 δὲ
2869 4060 3217 4127 μυσταγωγεῖ
3260 4059 3352 4110 καὶ
3390 4057 3461 4110 τὰ
3502 4058 3649 4129 παρά

2066 4168 2206 4203 τισιν
2259 4153 2337 4212 εἰς
2382 4149 2669 4203 πολυθεῖαν
2713 4150 3112 4221 ὑπονοούμενα,
3160 4152 3225 4203 ὲκ
3286 4150 3382 4203 τοῦ
3432 4152 3651 4205 ἀκούειν

2068 4243 2293 4305 πολλοὺς
2326 4242 2499 4307 θεοὺς,
2535 4242 2675 4295 κατά
2707 4241 2785 4294 τό”
2823 4246 2963 4308 Θεὸς
2997 4242 3147 4297 θεῶν
3177 4244 3392 4311 Κύριος
3424 4241 3648 4309 ἐλάλη-

2066 4353 2197 4391 σεν.
2247 4338 2309 4389 Οἰ
2360 4336 2468 4407 γὰρ
2516 4338 2572 4388 έν
2621 4338 2787 4407 ἀρετῇ
2835 4335 3163 4406 προῦχοντες
3207 4334 3521 4389 διδάσκαλοι
3553 4340 3649 4403 τὴν

2067 4431 2267 4501 ἀρετὴν
2300 4431 2357 4482 ὲν
2388 4433 2454 4500 τῇ
2487 4429 2631 4499 ψυχῇ
2668 4428 2882 4490 ὲνιαίως
2916 4426 3384 4497 συνηθροισμένην
3426 4426 3608 4497 ἔχουσι
3632 4444 3644 4455 ·

2064 4524 2155 4576 διὰ
2185 4523 2241 4575 δὲ
2279 4523 2379 4592 τῆς
2421 4521 2785 4583 διδασκαλίας,
2822 4520 3027 4591 ἑτέροις
3068 4519 3169 4582 τάς
3199 4519 3398 4590 ἀρετὰς
3435 4519 3647 4589 μεταδι-

2064 4617 2260 4681 δόντες,
2297 4616 2432 4687 πρὸς
2464 4616 2562 4687 τὴν
2588 4614 2849 4684 διαφορὰν
2882 4612 2974 4665 τοῦ
3006 4612 3240 4685 πλήθους
3266 4612 3373 4665 τῶν
3406 4614 3647 4666 διδασκο-

2068 4710 2262 4781 μένων,
2288 4707 2697 4778 πληθυνομένην
2728 4706 2909 4777 έχουσι
2940 4705 3038 4775 τὴν
3072 4707 3291 4777 ἀρετήν.
3318 4705 3492 4759 Τοῦτο
3520 4706 3646 4759 θεωο

2064 4801 2254 4873 ρητέον
2300 4800 2395 4853 καὶ
2434 4800 2525 4852 ἐπὶ
2569 4798 2677 4851 τῶν
2723 4797 3027 4869 ἀσωμάτων
3074 4797 3280 4862 τάξεων
3323 4814 3335 4827 ·
3394 4799 3541 4870 ἅπερ
3584 4798 3644 4867 δὴ

2062 4892 2231 4945 ταῦτα
2275 4891 2383 4945 ἰδιά
2423 4894 2527 4944 εἰσι
2571 4889 2665 4943 τοῦ
2710 4889 2845 4942 Θεοῦ
2879 4907 2894 4922 ·
2939 4890 3032 4943 καὶ
3058 4889 3245 4962 ὥσπερ
3277 4892 3341 4943 ὲκ
3374 4891 3645 4962 κρατῆρος

2066 4982 2512 5057 ὑπερϐλύζοντος,
2559 4983 2629 5037 τά
2678 4984 2776 5054 μὲν
2820 4984 3185 5055 πλησιάζοντα
3235 4984 3403 5054 σκεύη
3457 4983 3642 5054 πρῶτα

2064 5076 2417 5148 πληροῦνται,
2460 5068 2580 5129 εἶτα
2619 5078 2712 5129 καὶ
2761 5076 2902 5129 αὑτά
2946 5074 3351 5147 ὑπερελύζοντα
3382 5076 3640 5146 διαχεῖται

2064 5172 2143 5233 εἰς
2173 5170 2334 5241 ἕτερα
2366 5169 2554 5240 σκεύη,
2588 5170 2682 5221 καὶ
2715 5168 2849 5239 πρὸς
2876 5168 2936 5221 τὸ
2970 5167 3171 5238 πλῆθος
3203 5167 3312 5219 τῶν
3340 5166 3637 5237 δεχομένων

2064 5262 2159 5315 καί
2213 5261 2311 5333 τὴν
2362 5261 2623 5332 διαφορὰν
2680 5261 2992 5332 μερίζονται
3052 5260 3145 5312 καί
3203 5258 3529 5330 πληθύονται
3576 5255 3637 5308 τὰ

2066 5354 2393 5425 ὲκχεόμενα·
2430 5353 2569 5407 οὑτω
2600 5354 2887 5424 παχυτέρῳ
2932 5351 3073 5422 λόγῳ
3115 5352 3213 5422 τὴν
3246 5350 3503 5419 ἀφθονίαν
3548 5348 3633 5416 τῆς

2072 5447 2404 5517 μεταδόσεως
2446 5446 2554 5498 τῶν
2599 5446 2755 5499 θείων
2800 5445 3019 5517 δωρεῶν
3066 5443 3429 5517 μεριζομένην
3474 5445 3550 5504 εἰς
3579 5440 3630 5493 ἃ·

2068 5557 2276 5603 παντας
2307 5539 2395 5593 διὰ
2424 5539 2533 5593 τῶν
2566 5537 2796 5610 πρώτων
2827 5536 3137 5609 διακόσμων
3181 5538 3419 5609 νοητέον.
3464 5534 3566 5588 Καὶ
3604 5531 3628 5580 ὁ

2081 5633 2396 5695 Ἀπόστολος
2426 5632 2539 5704 γὰρ
2567 5631 2760 5696 σκεῦος
2791 5632 3021 5705 ἐκλογῆς
3051 5630 3363 5702 ὠνομάσθη.
3398 5630 3623 5700 Σημειω-
