3866 6232
273 313 370 368 977

268 517 335 572 ὲκ
366 516 501 571 Θεοῦ
528 518 747 590 δωρεῶν
772 538 783 549 ·
817 519 1051 573 διάδοσιν
1077 520 1135 573 δὲ
1167 522 1259 574 ἐπὶ
1289 521 1397 574 τῶν
1440 521 1670 593 πρώτων
1710 521 1847 593 πρὸς

278 611 338 664 τὰ
376 610 622 682 δεύτερα.
667 610 782 681 Τῆς
826 610 957 679 γοῦν
987 611 1096 666 τῶν
1123 612 1404 683 προτέρων
1432 612 1719 677 διαδόσεως
1749 614 1848 684 τὴν

271 704 550 775 ἁπλότητα
580 703 648 758 τὰ
678 704 904 776 δεύτερα
936 704 1265 778 πληθύουσιν
1288 723 1301 736 ·
1335 708 1445 778 ὅσῳ
1474 706 1583 780 γὰρ
1620 706 1849 780 διάφορα

270 796 340 850 τὰ
394 797 711 868 μετέχοντα,
763 797 1015 853 τοσοῦτον
1068 800 1163 853 καὶ
1216 799 1273 853 αἱ
1321 800 1519 872 δωρεαὶ
1559 799 1850 864 πολυειδεῖς

269 889 658 958 διαφαίνονται.
711 891 892 963 Αὐτὴν
929 890 986 943 δὲ
1024 890 1122 964 τὴν
1157 891 1265 945 τῶν
1290 891 1555 964 δευτέρων
1581 893 1851 946 ποικιλίαν

270 983 644 1054 προνοητικῶς
684 984 743 1037 αἱ
796 982 1098 1057 πρώτισται
1148 985 1283 1056 πρὸς
1346 986 1445 1056 τὴν
1490 986 1695 1040 ἑαυτῶν
1736 987 1851 1039 ὲνό-

269 1091 411 1144 τητα
457 1075 769 1144 συνάγουσι,
816 1077 910 1130 καὶ
951 1077 1074 1131 ὅσον
1118 1078 1439 1150 ήάναγωγὴ
1487 1079 1727 1147 γίνεται,
1773 1082 1852 1143 είς

269 1166 332 1218 τὸ
381 1167 579 1221 ὲνιαῖον
626 1168 788 1222 πάλιν
835 1170 1160 1240 καταντήσει
1202 1170 1303 1242 τῆς
1341 1170 1407 1224 ὲκ
1450 1169 1585 1224 Θεοῦ
1634 1171 1855 1242 μεταδό-

272 1274 431 1321 σεως.

648 1634 1294 1727 ΚΕΦΑΛΑΙΟΝ
1365 1634 1516 1726 ΙΓ’.

701 1777 837 1847 Περὶ
862 1778 1096 1833 τελείου
1127 1779 1227 1834 καί
1255 1778 1409 1846 ἑνός.

1308 311 1396 367 DE
1431 310 1681 369 DIVINIS
1712 310 2101 377 NOMINIBUS,
2134 310 2286 367 CAP.
2327 310 2455 365 XIII.

276 442 388 480 ceov
419 427 499 489 δὲ,
532 426 613 479 ὃτι
658 427 942 498 μετάδοσιν
976 428 1074 498 μὲν
1106 428 1199 482 ἐπὶ
1238 428 1372 483 Θεοῦ
1419 430 1565 499 λέγει
1604 429 1697 483 καὶ
1741 429 1848 483 τῶν

1961 430 2034 483 lus
2060 443 2151 483 vas
2174 428 2457 483 electionis
2489 425 2787 495 appellatus
2825 432 2909 479 est
2938 435 2999 478 ιιι.
3024 421 3332 480 Notandum
3366 439 3519 490 vero,
3620 476 3623 499 Α
3668 478 3677 487 _

3419 307 3523 366 978

1951 522 2095 590 quod
2119 521 2665 575 communicationem
2695 519 2747 572 in
2783 519 2894 573 Deo
2925 517 3071 573 dicat
3091 531 3212 572 esse
3235 532 3521 571 munerum

1953 627 2073 681 quae
2111 626 2179 669 ex
2228 611 2336 666 Deo
2375 621 2534 676 sunt,
2563 611 3001 665 distributionem
3054 624 3186 663 vero
3222 610 3523 678 primorum

1956 704 2009 758 in
2040 718 2102 759 ea
2136 717 2254 772 quae
2280 712 2599 773 sequuntur.
2631 700 2878 756 Priorqu
2910 702 3093 770 itaque
3119 699 3521 755 distributionis

1952 797 2348 869 simplicitatem
2414 796 2716 865 posteriora
2786 794 3195 863 multiplicant;
3258 799 3521 862 quantum

1956 891 2099 945 enim
2133 889 2387 944 dill‘erunt
2414 904 2475 943 ea
2503 903 2624 957 qua:
2652 887 2996 957 participant,
3031 886 3086 941 in
3113 895 3322 939 tantum
3356 884 3524 939 etiam

1958 997 2186 1038 munera
2223 983 2322 1037 ista
2356 981 2711 1036 multiformia
2747 987 3033 1050 apparent.
3064 979 3241 1050 Ipsam
3273 992 3404 1032 vero
3430 991 3527 1047 po—

1958 1075 2257 1130 steriorum
2293 1075 2608 1129 varietatem
2661 1075 2849 1144 primae
2889 1074 3007 1128 istae
3045 1072 3112 1127 ad
3146 1086 3297 1126 suam
3340 1069 3525 1124 unita.

1962 1174 2068 1220 lem
2097 1165 2319 1236 provide
2353 1168 2721 1233 contrahunt;
2753 1174 2810 1220 et
2847 1165 2900 1220 in
2939 1172 3205 1235 quantum
3246 1162 3307 1217 fit
3349 1162 3523 1216 addu-

1958 1259 2092 1320 ctio,
2126 1269 2330 1314 tantum
2367 1260 2534 1315 etiam
2576 1275 2763 1315 rursus
2804 1259 3046 1315 occurrit
3090 1256 3285 1312 unitati
3330 1254 3527 1310 divinas

1960 1350 2487 1406 communicationis.

2361 1645 2738 1736 CAPUT
2805 1644 3097 1732 XIII.

2451 1786 2528 1842 De
2551 1783 2777 1856 perfecto
2806 1793 2851 1841 et
2884 1800 3013 1840 uno.
3052 1776 3055 1779 ’

1570 1918 1902 1976 SYNOPSIS
1952 1920 2243 1977 CAPITIS.

268 2049 315 2110 ἰ.
352 2050 536 2124 Docet,
563 2068 666 2123 quo
695 2067 853 2124 sensu
884 2050 1024 2124 D__eus
1037 2051 1257 2124 dicatur
1299 2052 1576 2124 perfectus.
1614 2054 1678 2111 ll.
1717 2055 1833 2122 Quo
1867 2074 2022 2112 sensu
2053 2058 2264 2113 dicatur
2300 2076 2465 2124 unus;
2494 2068 2543 2115 et
2574 2060 2735 2114 simul
2756 2059 2981 2115 ostendit
3008 2062 3262 2115 unitatem
3298 2059 3354 2117 in
3377 2059 3532 2117 rebus

343 2120 588 2200 omnibus
627 2122 871 2200 reperiri.
908 2121 995 2177 III.
1034 2120 1246 2200 Unitate
1280 2120 1513 2200 sublata,
1547 2120 1764 2200 interire
1784 2130 1981 2193 omnia,
2011 2139 2061 2182 et
2091 2145 2156 2183 ea:
2181 2147 2285 2185 uno
2346 2120 2457 2186 Deo
2494 2133 2671 2185 omnia
2699 2132 2955 2194 existere;
2992 2140 3044 2185 et
3082 2131 3341 2200 quomodo
3389 2131 3530 2187 Deus

342 2194 414 2247 sit
442 2192 743 2248 laudandus
766 2202 825 2247 ut
852 2208 1013 2260 unus,
1054 2202 1105 2247 et
1141 2193 1245 2250 SS.
1282 2195 1516 2250 Trinitas
1544 2197 1615 2250 sit
1643 2197 2057 2253 eminentissima
2082 2202 2280 2256 unitas.
2328 2201 2416 2257 IV.
2459 2200 2617 2257 Ponit
2659 2202 2830 2271 operis
2864 2192 3271 2258 conclusionem.

1732 2357 1891 2429 527
1944 2362 1971 2436 §
2012 2362 2059 2423 Ι.

344 2494 595 2549 Τοσαῦτα
628 2497 722 2550 καὶ
750 2496 878 2568 περὶ
909 2495 1132 2551 τούτων.
1178 2497 1294 2550 Ἐπ’
1322 2497 1454 2551 αὐτὸ
1473 2498 1516 2530 ³⁸
1554 2497 1611 2551 δὲ
1649 2497 1853 2561 λοιπὸν,

2028 2499 2205 2567 Atque
2248 2501 2349 2553 ista
2386 2500 2563 2555 dehis
2591 2499 2736 2555 dicta
2772 2500 2903 2556 sint.
2932 2500 3227 2567 Caeterum,
3250 2500 3295 2555 si
3332 2498 3531 2571 placet.

270 2589 321 2641 εί
349 2587 497 2641 δοκεῖ
521 2587 598 2659 τῷ
624 2588 766 2659 λόγῳ
784 2628 799 2653 ,
828 2587 890 2640 τὸ
918 2588 1330 2661 καρτερώτατον
1365 2590 1408 2623 ³⁹
1437 2589 1703 2662 χωρῶμεν
1728 2608 1740 2619 ·
1764 2592 1857 2643 καὶ

270 2680 385 2752 γὰρ
425 2682 460 2752 ὴ
508 2679 754 2750 θεολογία
792 2680 886 2735 τοῦ
935 2682 1152 2739 πάντων
1193 2682 1367 2735 αἰτίου
1409 2683 1504 2736 καὶ
1545 2682 1722 2735 πάντα
1763 2682 1859 2735 καὶ

270 2774 392 2845 ἅμα
436 2774 613 2828 πάντα
658 2778 974 2846 κατηγορεῖ,
1019 2777 1114 2830 καὶ
1159 2776 1236 2840 ὡς
1272 2775 1330 2830 ἓν
1368 2777 1611 2847 άνυμνεῖ.
1645 2775 1858 2829 Τέλειον

277 2868 380 2939 μὲν
405 2864 497 2921 οὖν
526 2870 672 2922 ἐστιν
701 2868 763 2921 οὐ
799 2868 955 2939 μόνον
983 2869 1059 2933 ὡς
1086 2869 1387 2933 αὐτοτελὲς,
1421 2871 1517 2923 καὶ
1546 2868 1666 2922 καθ’
1700 2869 1859 2921 ἑαυτὸ

232 2958 243 2969 ⁸
275 2960 367 3028 ὑφ’
398 2958 591 3014 ἑαυτοῦ
625 2960 907 3032 μονοειδῶς
940 2962 1349 3033 ἀφοριζόμενον,
1380 2964 1475 3016 καὶ
1500 2963 1617 3023 ὅλον
1644 2963 1709 3015 δι’
1736 2963 1858 3017 ὅλου

274 3054 634 3119 τελειότατον,
667 3056 802 3109 ἀλλὰ
830 3057 925 3109 καὶ
952 3056 1028 3119 ὡς
1058 3057 1350 3127 ὑπερτελὲς
1378 3057 1519 3110 κατὰ
1547 3058 1609 3110 τὸ
1643 3057 1861 3110 πάντων

277 3149 581 3220 ὑπερέχον·
631 3151 726 3204 καὶ
775 3152 958 3204 πᾶσαν
1003 3151 1099 3222 μὲν
1145 3150 1396 3221 ἀπειρίαν
1428 3150 1628 3222 ὁρίζον,
1662 3148 1861 3211 παντὸς

274 3240 334 3295 δὲ
364 3243 596 3315 πέρατος
623 3245 1108 3316 ὑπερηπλωμένον,
1141 3245 1234 3297 καὶ
1263 3244 1368 3297 ὑπὸ
1400 3242 1624 3313 μηδενὸς
1652 3242 1859 3313 χωρού-

281 3352 441 3405 μενον
462 3336 531 3401 ¹⁸⁰,
560 3336 593 3407 ἢ
628 3337 1201 3408 καταλαμϐανόμενον,
1232 3336 1366 3390 ἀλλὰ
1398 3336 1492 3390 καὶ
1512 3337 1555 3368 δί
1601 3337 1860 3391 διατεῖνον

277 3426 375 3479 ἐπὶ
421 3426 599 3481 πάντα
643 3427 760 3500 ἃμα
801 3430 895 3483 καὶ
940 3431 1079 3501 ὑπὲρ
1123 3430 1299 3484 πάντα
1338 3433 1457 3495 ταῖς
1492 3431 1863 3495 ἀνεκλείπτοις

278 3517 556 3573 ὲπιδόσεσι
589 3522 683 3575 καὶ
711 3521 1089 3594 ἀτελευτήτοις
1120 3524 1441 3595 ἐνεργείαις.
1474 3526 1688 3579 Τέλειον
1719 3527 1763 3580 δ’
1793 3524 1858 3581 αὖ

278 3611 494 3681 λέγεται
553 3615 648 3667 καὶ
698 3616 775 3680 ὡς
832 3615 1062 3680 ἀναυξὲς
1114 3617 1209 3671 καὶ
1258 3618 1344 3671 ἀεὶ
1387 3618 1609 3685 τέλειον,
1654 3620 1745 3673 καὶ
1787 3620 1863 3683 ὡς

276 3707 568 3776 ἀμείωτον,
600 3708 676 3771 ὡς
703 3708 879 3762 πάντα
907 3709 966 3761 ὲν
994 3709 1169 3781 ἑαυτῷ
1198 3710 1447 3781 προέχον,
1478 3714 1572 3764 καὶ
1604 3712 1864 3783 ὑπερϐλύ-

1958 2590 2025 2643 ad
2057 2590 2107 2642 id
2132 2590 2273 2659 quod
2301 2591 2643 2659 potissimum
2666 2599 2750 2646 est
2772 2606 3081 2647 sermonem
3102 2592 3532 2647 transferamus:

1958 2684 2159 2736 etenim
2197 2682 2459 2753 theologia
2490 2698 2668 2737 rerum
2693 2684 2937 2740 omnium
2967 2685 3174 2741 auctori
3204 2699 3325 2740 eum
3351 2685 3536 2740 omnia

1960 2785 2071 2829 tum
2117 2775 2275 2830 simul
2303 2778 2480 2830 omnia
2524 2777 2734 2843 tribuit,
2773 2788 2829 2833 et
2854 2779 3029 2849 ipsum
3062 2786 3121 2832 ut
3156 2777 3456 2848 perfectum
3483 2788 3538 2833 et

1961 2878 2019 2920 ut
2052 2884 2217 2922 unum
2263 2869 2463 2924 laudat.
2492 2866 2775 2925 Perfectus
2807 2870 2992 2938 itaque
3044 2877 3149 2932 est.
3181 2885 3288 2925 non
3322 2877 3533 2924 tantum

1960 2961 2139 3029 seipso
2174 2960 2470 3031 perfectus,
2494 2972 2549 3017 et
2577 2976 2672 3032 per
2702 2978 2761 3018 se
2790 2978 2818 3016 a
2854 2963 3032 3032 seipso
3062 2961 3408 3017 uniformiter
3437 2962 3534 3017 de-

1964 3054 2170 3122 finitus,
2224 3065 2477 3126 totusque
2525 3058 2821 3113 secundum
2870 3071 2930 3113 se
2983 3066 3156 3112 totum
3197 3056 3536 3126 perfectissi-

1963 3162 2118 3211 mus;
2157 3161 2343 3201 verum
2381 3150 2544 3203 etiam
2571 3158 2628 3202 ut
2658 3164 2989 3220 supraquam
3017 3146 3309 3217 perfectus.
3339 3161 3534 3202 secun-

1962 3240 2091 3292 dum
2129 3240 2371 3294 omnium
2402 3254 2717 3306 excessum;
2752 3252 2918 3310 atque
2946 3254 3162 3295 omnem
3190 3238 3413 3308 quidem
3446 3238 3533 3290 in-

1962 3337 2227 3393 ﬁnitatem
2263 3340 2556 3407 deﬁniens,
2601 3355 2763 3408 supra
2806 3354 3021 3394 omnem
3056 3352 3187 3392 vero
3226 3336 3388 3391 ﬁnem
3438 3348 3531 3389 ex-

1962 3448 2185 3497 pausus,
2209 3442 2262 3489 et
2291 3449 2321 3487 a
2353 3433 2499 3488 nullo
2530 3432 2952 3502 comprehensus
2988 3440 3082 3485 aut
3102 3437 3412 3492 contentus,
3438 3426 3534 3482 sed

1965 3526 2031 3579 ad
2063 3525 2243 3579 omnia
2289 3524 2497 3594 pariter
2539 3536 2593 3580 et
2645 3540 2807 3594 supra
2857 3524 3037 3578 omnia
3090 3520 3533 3577 indelicientibus

1963 3616 2340 3686 largitionibus
2385 3628 2441 3671 et
2498 3632 2772 3687 nunquam
2829 3614 3080 3670 finiendis
3125 3612 3535 3683 operationibus

1964 3710 2295 3779 pertingens.
2344 3710 2623 3766 Perfectus
2663 3712 2790 3763 item
2832 3709 3052 3773 dicitur,
3092 3714 3154 3761 ut
3187 3707 3280 3776 qui
3325 3705 3533 3760 nullum

278 3798 373 3863 ζον
405 3799 546 3853 κατά
578 3800 705 3872 μίαν
734 3801 833 3873 τὴν
866 3802 1140 3855 ἄπαυστον
1172 3803 1267 3856 καὶ
1312 3802 1514 3875 ταύτην
1550 3804 1643 3856 καὶ
1692 3804 1856 3877 ὑπερ-

283 3889 456 3910 -Ἴεζ-λ,
501 3908 529 3910 ,Α
567 3892 581 3910 ἱ
640 3892 653 3910 ὶ
706 3892 743 3910 ,\
770 3892 784 3910 Ι
1204 3895 1217 3910 1
1421 3895 1465 3910 Λα
1500 3897 1521 3910 η
1630 3897 1641 3910 ι
1730 3898 1762 3910 η

1966 3800 2199 3868 accipiat
2225 3801 2642 3867 incrementum,
2670 3815 2993 3871 semperque
3018 3796 3289 3868 perfectus
3311 3797 3404 3861 sit,
3437 3809 3535 3851 nec

278 3889 464 3961 πλήρη
497 3892 591 3945 καὶ
629 3892 995 3946 ἀνελάττωτον
1023 3895 1315 3966 χορηγίαν,
1344 3895 1465 3949 καθ’
1494 3897 1560 3967 ἢν
1586 3897 1654 3950 τὰ
1685 3898 1856 3954 τέλεια

1970 3893 2138 3947 minui
2167 3894 2357 3962 possit,
2385 3894 2565 3949 omnia
2592 3894 2645 3948 in
2676 3894 2857 3963 seipso
2882 3892 3222 3962 prmbabens,
3248 3896 3304 3944 et
3330 3892 3536 3944 exube-

278 3981 461 4036 πάντα
503 3983 869 4056 τελεσιουργεί
913 3986 1009 4038 καὶ
1048 3986 1147 4057 τῆς
1194 3988 1397 4051 οἰκείας
1438 3988 1747 4061 ἀποπληροῖ
1770 4008 1860 4045 τε·

276 4074 567 4146 λειότητος.

1967 4000 2093 4039 rans
2114 4000 2218 4039 una
2247 3986 2503 4042 eteadem
2522 3985 2830 4042 incessabili
2858 3993 2913 4039 et
2935 3999 3259 4054 supr-aquam
3288 3981 3447 4050 plena
3478 3988 3535 4034 et

1961 4077 2307 4134 ituminuibili
2320 4077 2627 4148 largitione,
2642 4094 2738 4148 per
2753 4093 2914 4148 quam
2927 4077 3105 4131 omnia
3119 4075 3357 4147 perfecta
3373 4073 3535 4143 perll-

1952 4172 2109 4240 cit,et
2121 4171 2538 4242 unumquodque
2551 4185 2787 4239 congrua
2803 4170 2902 4228 sibi
2917 4163 3532 4239 perfectioneadimplet.

1826 4317 1854 4389 §
1902 4314 1983 4377 II.

354 4450 450 4505 Ἓν
480 4450 559 4517 δὲ,
588 4449 670 4503 ὅτι
699 4449 877 4505 πάντα
910 4451 1125 4517 ἐνιαίως
1155 4452 1272 4506 ἐστὶ
1307 4452 1447 4507 κατὰ
1495 4456 1624 4525 μιᾶς
1669 4454 1856 4527 ἑνότη-

274 4560 369 4607 τος
388 4544 433 4576 δ’
464 4542 756 4615 ὑπεροχὴν,
792 4542 888 4597 καὶ
915 4543 1131 4599 πάντων
1159 4546 1275 4598 ἐστὶ
1304 4544 1399 4598 τοῦ
1441 4546 1559 4611 ἑνὸς
1599 4547 1856 4618 ἀνεκφοι-

274 4637 454 4708 τήτως
493 4635 663 4689 αἴτιον
688 4652 702 4665 ·
743 4636 895 4690 οὐδὲν
941 4636 1051 4708 γάρ
1095 4640 1211 4691 ἐστι
1253 4639 1361 4692 τῶν
1397 4639 1563 4694 ὄντων
1594 4643 1856 4713 ἀμέτοχον

273 4726 373 4781 τοῦ
400 4727 539 4794 ἑνὸς,
570 4728 685 4781 ἀλλ’
713 4727 901 4800 ὥσπερ
929 4729 1074 4793 ἅπας
1098 4729 1330 4801 ἀριθμὸς
1361 4732 1587 4802 μονάδος
1617 4735 1851 4805 μετέχει,

276 4820 374 4873 καὶ
406 4819 505 4891 μία
531 4820 682 4887 δυὰς,
714 4822 809 4875 καὶ
834 4821 997 4885 δεκὰς
1028 4822 1266 4891 λέγεται,
1306 4824 1399 4876 καὶ
1436 4825 1606 4895 ἥμισυ
1644 4825 1722 4889 ἓν,
1764 4828 1857 4880 καὶ

276 4914 461 4985 τρίτον
489 4915 583 4968 καὶ
607 4914 830 4967 δέκατον
859 4914 937 4978 ἓν,
956 4913 1099 4968 οὕτω
1128 4914 1305 4968 πάντα
1328 4918 1421 4969 καὶ
1449 4917 1666 4972 πάντων
1688 4919 1732 4950 ⁸³
1755 4919 1851 4989 μό-

280 5025 396 5077 ριον
435 5007 528 5060 τοῦ
568 5007 685 5070 ένὸς
732 5008 969 5078 μετέχει,
999 5008 1094 5061 καὶ
1134 5007 1211 5079 τῷ
1238 5005 1375 5062 εἶναι
1396 5009 1442 5041 ⁸⁵
1473 5010 1533 5062 τὸ
1560 5010 1648 5076 ἓν,
1685 5012 1859 5065 πάντα

278 5101 399 5153 ἐστὶ¹
448 5100 518 5153 τὰ
558 5101 723 5153 ὄνταο
776 5103 871 5154 καὶ
911 5101 1011 5154 οὐκ
1063 5101 1179 5154 ἔστι
1221 5102 1283 5155 τὺ
1320 5104 1537 5157 πάντων
1582 5105 1752 5157 αἴτιον
1800 5107 1857 5159 ἐν

278 5195 387 5246 τῶν
429 5194 642 5247 πολλῶν
680 5194 757 5259 ἓν,
799 5194 936 5249 ἀλλά
968 5196 1104 5266 πρὸς
1143 5197 1341 5260 παντὸς
1387 5198 1503 5261 ἑνὸς
1526 5198 1569 5230 ⁸⁵
1600 5200 1693 5252 καὶ
1722 5199 1857 5270 πλή-

2036 4459 2187 4515 Unus
2214 4470 2420 4525 autem,
2448 4459 2573 4529 quia
2600 4467 2684 4513 est
2711 4457 2894 4511 omnia
2922 4456 3082 4510 unice
3110 4457 3406 4511 secundum
3434 4467 3530 4508 ex-

1962 4547 2273 4603 cellentiam
2319 4550 2477 4604 unius
2526 4548 2750 4603 unitatis
2795 4554 2851 4601 et
2887 4546 3131 4600 omnium
3174 4560 3372 4609 causa,
3418 4560 3529 4600 non

1961 4640 2260 4696 amittendo
2289 4657 2441 4697 suam
2475 4641 2767 4705 unitatem;
2809 4637 2943 4691 nihil
2991 4637 3136 4691 enim
3182 4636 3328 4692 illius
3370 4636 3532 4691 unius

1960 4748 2155 4804 expers
2179 4744 2283 4801 est,
2306 4736 2399 4790 sed
2424 4733 2874 4805 quemadmodum
2905 4732 3083 4786 omnis
3118 4746 3378 4785 numerus
3404 4745 3532 4800 par-

1962 4828 2150 4897 ticipat
2176 4829 2470 4894 unitatem,
2506 4838 2667 4896 atque
2698 4841 2838 4880 unus
2872 4823 3115 4879 binarius
3159 4824 3533 4893 denariusque

1960 4920 2178 4988 dicitur,
2224 4930 2278 4976 et
2320 4922 2599 4975 dimidium
2640 4935 2805 4974 unum
2846 4933 3062 4989 unaque
3096 4917 3253 4971 tertia
3292 4915 3531 4972 decima-

1960 5027 2095 5080 que;
2146 5012 2397 5066 similiter
2436 5011 2598 5065 etiam
2642 5009 2822 5063 omnia
2871 5018 2927 5062 et
2965 5008 3220 5079 quaelibet
3261 5006 3532 5077 particula

1959 5107 2234 5176 particeps
2271 5116 2352 5159 est
2397 5107 2593 5170 unius,
2633 5112 2687 5156 et
2734 5102 2836 5156 hoc
2886 5101 3004 5169 ipso
3040 5115 3147 5168 quo
3190 5098 3318 5167 quid
3361 5113 3528 5151 unum

1960 5206 2120 5261 sunt,
2164 5198 2328 5251 etiam
2381 5198 2561 5250 omnia
2606 5204 2732 5250 sunt
2778 5206 3115 5262 quascunque
3159 5199 3305 5244 sunt.
3343 5186 3530 5256 Neque

279 5285 427 5351 θους,
472 5286 566 5338 καὶ
608 5287 808 5350 παντὸς
848 5287 965 5351 ἐνὸς
1008 5287 1101 5339 καὶ
1142 5287 1377 5359 πλήθους
1417 5292 1706 5361 ὁριστικόψ
1738 5292 1856 5345 οὐδὲ

1966 5307 2094 5345 vero
2143 5306 2307 5344 unum
2355 5289 2506 5353 illud,
2551 5286 2693 5358 quod
2734 5295 2815 5341 est
2849 5283 3091 5339 omnium
3137 5296 3322 5345 causa,
3361 5293 3527 5332 unum

393 5438 434 5467 ω
464 5428 582 5481 Act.
621 5443 703 5491 Ix,
742 5426 826 5481 15.

1567 5544 1801 5599 νΑΙὶΙίΕ
1844 5540 2249 5600 LECTIONES.

358 5688 403 5717 ⁸⁸
454 5683 533 5738 sic
555 5687 860 5738 COI‘I‘CClllm
883 5677 937 5732 ἰη
962 5673 1021 5733 1).
1049 5675 1167 5731 Sar.
1195 5675 1265 5724 ἐπ
1281 5675 1445 5745 αὐτῷ.
1481 5683 1523 5711 ³⁰
1557 5678 2140 5753 καρτερικώτατονκῐδ.
2218 5677 2264 5753 ξθ
2291 5675 2665 5753 ’χειροζῦμενονθ
2704 5669 2879 5753 5.Μ“
2916 5667 3015 5753 καὶ
3040 5682 3147 5724 non
3179 5672 3261 5720 est
3290 5664 3343 5720 in
3375 5662 3431 5718 S.
3462 5661 3524 5720 Ι).

284 5756 331 5791 ⁸³
364 5756 627 5819 ένὼσεως,
665 5756 759 5811 Cb.
834 5756 876 5787 ⁸³
912 5756 1003 5810 καὶ
1038 5758 1142 5810 πᾶν
1175 5757 1279 5807 τῶν
1316 5753 1547 5817 πάντων,
1579 5747 1677 5807 Cb.
1704 5747 1765 5809 υ.
1797 5820 1803 5826 _
1843 5752 1886 5783 ⁵³
1922 5752 2010 5804 καὶ
2043 5750 2103 5819 δὴ
2138 5747 2250 5809 καί,
2291 5747 2350 5802 D.

2421 5747 2461 5778 ³⁸
2490 5739 2695 5806 ’παντὸς
2729 5740 2939 5807 αἰῶνος,
2979 5739 3039 5794 Ι).
