3866 6232
370 340 470 396 979

1535 342 1590 399 S.
1628 343 1921 399 DIONYSII
1954 342 2044 398 AR
2053 342 2414 399 EOPAGIT£

3513 337 3616 396 περ

368 459 496 526 quid
535 468 619 512 est
654 475 719 514 ex
761 460 1036 529 pluribus,
1076 463 1170 518 sed
1205 463 1345 532 quod
1387 471 1512 517 ante
1548 477 1708 517 omne
1762 479 1926 517 unum

2043 465 2140 535 γάρ
2171 466 2286 516 ἐστι
2318 461 2517 532 πλῆθος
2549 459 2813 532 ἀμέτοχόν
2845 477 2920 530 πη
2948 459 3041 513 τοῦ
3073 459 3192 523 ἑνὸς
3211 503 3225 524 ,
3254 458 3390 513 ἀλλά
3425 458 3485 512 τὺ
3520 459 3618 529 μὲν

367 564 692 620 omnemque
744 553 1162 619 multitudinem,
1218 570 1380 609 omne
1436 570 1601 609 unum
1642 555 1941 610 multitudi-

367 656 600 712 nemque
647 645 834 700 dctluit
884 664 900 704 :
955 663 1130 718 neque
1175 650 1318 702 enim
1369 664 1604 718 unquam
1655 649 1941 704 multitudo

366 748 566 802 expers
596 747 679 790 est
713 740 893 803 unius,
929 741 1023 795 sed
1051 756 1114 796 ea
1147 756 1268 810 qua:
1301 750 1428 796 sunt
1467 741 1630 795 multa
1671 743 1938 812 partibus,

365 836 493 881 sunt
526 829 655 897 quid
694 846 859 885 unum
899 841 1046 898 toto;
1083 843 1137 888 et
1173 849 1293 902 qua:
1328 843 1452 888 sunt
1490 833 1654 888 multa
1693 835 1942 888 acciden-

369 918 532 983 tibus,
557 920 720 992 528
752 933 876 978 sunt
911 924 1041 994 quid
1077 942 1240 979 unum
1278 926 1546 995 subjecto;
1579 935 1631 980 et
1660 941 1778 994 qua:
1814 934 1941 979 sunt

365 1009 531 1063 multa
574 1027 799 1068 numero
837 1014 919 1068 vel
955 1014 1266 1078 virtutibus,
1297 1025 1423 1068 sunt
1455 1014 1582 1083 quid
1619 1028 1783 1065 unum
1823 1026 1941 1079 spe-

367 1101 485 1166 cie;
517 1112 569 1157 et
600 1119 721 1173 qua:
752 1115 878 1160 sunt
909 1106 1074 1160 multa
1109 1108 1410 1178 speciebus,
1446 1115 1577 1160 sunt
1609 1105 1741 1175 quid
1771 1120 1936 1158 unum

365 1210 600 1263 genere;
645 1206 698 1250 et
749 1213 870 1267 qua:
917 1208 1042 1255 sunt
1093 1200 1257 1254 multa
1305 1200 1765 1269 processionibus,
1812 1206 1939 1254 sunt

365 1288 495 1353 quid
533 1304 697 1343 unum
737 1292 1037 1360 principio;
1079 1309 1252 1363 neque
1290 1295 1581 1363 quidquam
1622 1301 1709 1348 est
1748 1294 1800 1347 in
1846 1308 1935 1347 re-

366 1394 485 1432 rum
540 1392 755 1450 natura,
811 1387 953 1454 quod
992 1402 1095 1440 non
1136 1391 1428 1442 secundum
1469 1387 1670 1456 aliquid
1709 1387 1931 1456 partici-

364 1482 454 1539 pet
493 1490 657 1528 unum
699 1477 750 1530 in
796 1478 909 1545 illo,
949 1481 1090 1550 quod
1132 1497 1226 1551 per
1261 1481 1442 1535 omnia
1477 1483 1693 1536 unicum
1733 1490 1838 1544 est,
1877 1489 1932 1535 et

363 1565 541 1618 omnia
567 1605 582 1630 ,
621 1569 782 1623 etiam
809 1611 824 1635 ,
869 1581 978 1626 tota
1035 1574 1284 1628 universa
1341 1582 1395 1628 et
1448 1575 1729 1643 opposita,
1771 1575 1929 1628 unice

2051 556 2218 609 πολλά
2259 559 2372 618 τοῖς
2419 555 2640 626 μέρεσιν
2679 555 2737 606 ἓν
2777 555 2854 625 τῷ
2897 555 3036 624 ὅλῳ·
3084 555 3176 607 καὶ
3217 554 3280 606 τὸ
3312 553 3482 606 πολλά
3508 555 3618 615 τοῖς

2051 648 2453 718 συμϐεϐηκόσιν
2499 647 2556 700 ἓν
2597 647 2675 718 τῷ
2714 647 3091 718 ὑποκειμένῳ·
3124 648 3219 700 καὶ
3248 646 3308 698 τὸ
3344 644 3514 698 πολλά
3540 644 3619 714 τῷ

2049 740 2265 811 ἀριθμῷ
2380 743 2499 803 ταῖς
2529 740 2819 810 δυνάμεσιν
2849 739 2907 792 ἓν
2933 740 3010 810 τῷ
3039 739 3166 792 εἴδει
3189 756 3203 768 ·
3232 739 3325 791 καὶ
3354 738 3414 790 τὸ
3451 737 3620 789 πολλά

2047 835 2159 895 τοῖς
2199 831 2394 884 εἴδεσιν
2440 832 2497 884 ἒν
2533 831 2609 902 τῷ
2651 832 2795 899 γένει
2817 849 2829 861 ·
2884 833 2978 885 καὶ
3015 831 3076 883 τὸ
3117 829 3286 883 πολλὰ
3313 832 3433 892 ταῖς
3461 828 3614 898 προόι

2047 924 2159 988 δοις
2194 925 2251 977 ἓν
2292 927 2356 996 τῇ
2406 925 2546 995 ἀρχῇ
2570 941 2583 954 ·
2632 925 2725 976 καὶ
2761 923 2910 976 οὐδέν
2960 924 3072 975 ἑστι
3110 923 3216 975 τῶν
3255 922 3442 984 ὄντων,
3470 921 3499 972 ὅ
3545 921 3620 989 μὴ

2047 1019 2261 1088 μετέχει
2293 1036 2366 1088 πη
2398 1017 2489 1071 τοῦ
2522 1018 2638 1081 ἑνὸς
2667 1017 2759 1070 τοῦ
2790 1019 2846 1069 ἑν
2876 1016 2954 1087 τῷ
2986 1016 3124 1069 κατὰ
3153 1015 3328 1069 πάντα
3372 1012 3534 1083 ἑνικῷ
3553 1014 3620 1075 ⁸⁸,

2045 1111 2221 1163 πάντα
2243 1112 2336 1163 καὶ
2357 1111 2453 1164 ὅλα
2480 1111 2676 1176 πάντα,
2700 1111 2793 1164 καὶ
2818 1109 2886 1162 τὰ
2912 1109 3256 1179 ἀντικείμενα
3287 1109 3382 1160 καὶ
3407 1105 3621 1168 ἑνιαίως

2045 1203 2430 1275 προειληφότος
2449 1204 2512 1255 ⁸⁷.
2559 1204 2670 1256 Καὶ⁸
2708 1203 2831 1257 ἄνευ
2886 1204 2981 1273 μὲν
3010 1205 3054 1237 ⁸⁸
3072 1206 3166 1261 τοῦ
3189 1202 3308 1268 ἑνὸς
3341 1200 3442 1252 οὐκ
3468 1198 3621 1250 ἑσται

2043 1296 2265 1365 πλῆθος,
2300 1295 2425 1348 ἀνευ
2455 1295 2510 1348 δὲ
2539 1295 2630 1348 τοῦ
2661 1294 2894 1366 πλήθους
2923 1294 3071 1347 ἔσται
3099 1294 3158 1346 τὸ
3188 1293 3264 1355 ἓν,
3293 1293 3370 1355 ὡς
3400 1292 3494 1344 καὶ
3528 1307 3621 1360 μο-

2045 1387 2141 1450 νάς
2171 1388 2275 1458 πρὸ
2303 1387 2503 1450 παντὸς
2531 1386 2763 1458 ἀριθμοῦ
2794 1385 3243 1456 πεπληθυσμένου
3267 1401 3280 1414 °
3313 1385 3408 1437 καὶ
3436 1385 3486 1436 εἰ
3517 1384 3623 1434 πᾶ-

2047 1498 2098 1533 σι
2127 1482 2193 1533 τὰ
2224 1481 2398 1535 πάντα
2423 1481 2673 1551 ἡνωμένα
2701 1498 2785 1544 τις
2806 1479 3054 1533 ὑπόθοιτο
3075 1481 3139 1545 δ’,
3169 1477 3236 1531 τὰ
3266 1477 3442 1530 πάντα
3472 1475 3622 1528 ἔστα.

2047 1574 2124 1626 τῶ
2152 1575 2258 1627 ὅλω
2286 1575 2361 1627 ἑν.

365 1659 698 1730 anticipavit.
739 1664 817 1718 Ae
883 1666 1002 1719 sine
1055 1681 1162 1719 uno
1215 1666 1432 1734 quidem
1473 1681 1576 1719 non
1628 1666 1734 1720 erit
1808 1666 2116 1727 multitudo,
2156 1669 2252 1720 sed
2292 1666 2408 1719 sine
2445 1665 2791 1721 multitudine
2829 1665 2934 1719 erit
2974 1679 3171 1728 unum,
3212 1664 3352 1718 sicut
3389 1672 3443 1716 et
3479 1660 3622 1732 iuni-

365 1763 447 1808 tas
501 1765 626 1810 ante
681 1773 896 1815 omnem
951 1777 1235 1817 numerum
1295 1762 1746 1831 multiplicatum;
1801 1773 1856 1816 et
1910 1762 1954 1817 si
2000 1764 2121 1831 quis
2171 1762 2423 1816 omnibus
2472 1761 2656 1816 omnia
2703 1775 2824 1830 qua:
2879 1760 3026 1815 unita
3089 1771 3213 1815 sunt
3253 1757 3622 1828 supposuerit,

362 1847 544 1903 omnia
581 1861 741 1906 erunt
779 1854 832 1908 in
869 1863 982 1910 toto
1019 1854 1151 1924 quid
1190 1871 1380 1909 unum.

433 2133 569 2190 Illud
608 2147 867 2205 praeterea
906 2137 1209 2201 sciendum,
1253 2146 1310 2190 ut
1347 2134 1646 2191 secundum
1686 2133 1944 2187 uniuscu-
1979 2142 2020 2196 Β

358 2229 554 2298 jusque
611 2228 845 2296 speciem
904 2237 1328 2296 prteconceptam
1383 2226 1525 2281 uniri
1583 2227 1833 2281 dicantur
1877 2238 1942 2278 ea

361 2336 482 2390 quae
535 2320 683 2374 unita
742 2330 893 2386 sunt,
933 2322 1111 2390 sitque
1155 2336 1318 2374 unum
1358 2322 1598 2376 omnium
1635 2319 1789 2390 quasi
1831 2317 1942 2372 ele-

361 2423 642 2477 mentum;
677 2422 733 2467 et
770 2413 815 2468 si
857 2414 1142 2467 sustuleris
1183 2415 1468 2478 unitatem,
1529 2429 1701 2482 neque
1761 2415 1943 2468 t0tali-

360 2511 469 2569 tas,
508 2517 684 2571 neque
720 2503 1010 2572 particula,
1053 2519 1226 2574 neque
1262 2504 1407 2558 aliud
1443 2504 1720 2574 quidpiam
1763 2505 1815 2559 in
1857 2519 1940 2559 re-

360 2595 463 2649 bus
499 2595 640 2659 erit;
675 2597 856 2650 omnia
893 2598 1037 2651 enim
1077 2599 1127 2650 in
1166 2613 1224 2652 se
1265 2613 1431 2651 unum
1472 2596 1816 2651 uniformiter
1851 2612 1941 2649 an-

364 2688 593 2756 ticipant
649 2700 703 2744 et
765 2689 1220 2760 complectuntur.
1295 2690 1408 2746 Hac
1476 2692 1658 2761 itaque
1731 2691 1940 2744 ratione

361 2781 643 2849 Scriptura
702 2790 870 2836 totum
935 2782 1140 2849 Deum,
1199 2794 1455 2854 tanquam
1513 2783 1754 2838 omnium
1808 2798 1939 2837 cau-

361 2889 499 2938 sam,
552 2873 654 2928 sub
709 2875 867 2929 unius
921 2876 1282 2945 appellatione
1335 2877 1558 2941 laudat;
1616 2889 1780 2946 atque
1836 2876 1939 2930 hoc

362 2966 524 3022 modo
580 2983 717 3021 unus
773 2978 856 3024 est
910 2970 1049 3025 Deus
1085 2981 1140 3027 et
1185 2970 1364 3035 Pater,
1403 2984 1459 3026 et
1498 2985 1638 3025 unus
1680 2971 1939 3025 Dominus

361 3058 519 3114 Jesus
555 3060 838 3127 Christus,
878 3070 1039 3131 atque
1077 3079 1214 3117 unus
1254 3064 1506 3133 idemque
1544 3061 1802 3130 Spiritus,
1841 3074 1938 3129 per

363 3169 693 3224 supraquam
736 3158 1101 3212 abundantem
1145 3158 1312 3212 totius
1349 3158 1546 3211 divinae
1587 3156 1814 3210 unitatis
1853 3155 1936 3208 in-

362 3251 812 3316 divisibilitatem,
856 3253 907 3306 in
948 3268 1051 3320 qua
1091 3252 1270 3306 omnia
1327 3252 1487 3306 unice
1540 3261 1667 3306 sunt
1713 3249 1936 3319 conjun-

363 3352 446 3396 (εει
473 3382 487 3402 ,
527 3351 583 3396 et
637 3359 966 3413 supraquam
1015 3346 1187 3408 unita,
1236 3353 1288 3398 et
1327 3344 1734 3414 praeexistentia
1773 3359 1936 3410 supra

363 3434 757 3489 substantiam.
799 3435 1141 3505 Quapropter
1190 3436 1354 3492 etiatn
1413 3436 1478 3489 ad
1537 3435 1708 3503 ipsam
1751 3435 1934 3490 omnia

359 3529 482 3596 gare
523 3529 718 3584 merito
758 3531 1089 3595 referuntur,
1128 3531 1288 3599 eique
1325 3529 1717 3593 attribuuntur,
1742 3543 1770 3581 a
1809 3542 1935 3596 qua,

362 3631 418 3675 ει
457 3636 518 3674 ex
556 3637 694 3691 qua,
732 3632 788 3676 et
825 3638 920 3689 per
955 3636 1150 3688 quam,
1191 3629 1246 3675 et
1286 3622 1338 3676 in
1378 3637 1482 3691 qua
1506 3661 1520 3685 ,
1558 3633 1613 3675 et
1649 3621 1716 3675 ad
1771 3636 1934 3689 quam

364 3713 546 3766 omnia
589 3724 734 3778 sunt,
777 3723 829 3768 et
865 3722 1282 3782 componuntur,
1323 3722 1377 3767 et
1418 3723 1660 3773 manent,
1701 3721 1755 3766 et
1809 3728 1939 3764 cou-

365 3809 630 3871 tinentur,
671 3817 726 3860 et
779 3807 1140 3876 complentur,
1180 3817 1232 3862 ct
1271 3816 1669 3860 convertuntur
1710 3823 1722 3857 :
1764 3819 1939 3874 neque

364 3901 661 3971 quidquam
701 3901 939 3968 reperies
975 3914 1161 3953 eorum
1203 3915 1323 3970 qua:
1361 3908 1508 3963 sunt,
1546 3899 1689 3969 quod
1727 3915 1830 3954 non
1871 3913 1937 3953 ex

365 4008 472 4046 uno
513 3992 622 4051 illo,
663 3991 959 4044 secundum
999 3992 1141 4059 quod
1179 3992 1357 4045 omnis
1397 3992 1652 4046 divinitas
1689 4005 1940 4060 supraes—

364 4087 671 4141 seutialiter
708 4087 1040 4152 nominatur,
1081 4097 1136 4140 et
1174 4087 1244 4141 sit
1285 4087 1336 4140 id
1375 4088 1518 4156 quod
1556 4096 1660 4150 est,
1706 4095 1760 4140 et
1813 4101 1937 4155 per-

364 4179 578 4234 ﬁciatur
634 4194 698 4232 ac
754 4188 1125 4232 conservetur.
1164 4178 1391 4246 Oportet
1431 4179 1612 4246 itaque
1651 4189 1704 4232 et
1744 4193 1862 4242 nos,
1906 4192 1935 4228 a

365 4273 548 4326 multis
587 4273 654 4324 ad
697 4286 860 4325 unum
901 4270 1099 4323 virtute
1137 4269 1333 4324 divinae
1366 4270 1586 4324 unitatis
1618 4285 1933 4332 conversos,

364 4362 714 4429 singulariter
768 4361 992 4414 laudare
1050 4369 1215 4413 totam
1274 4369 1327 4413 et
1371 4375 1529 4412 unam
1571 4360 1931 4424 divinitatem,

366 4471 554 4516 lllllllll,
593 4454 736 4523 quod
777 4463 860 4508 est
897 4452 1138 4506 omnium
1179 4467 1367 4516 causa,
1410 4463 1536 4507 ante
1571 4467 1728 4505 Omne
1768 4467 1934 4504 unum

364 4556 419 4599 ct
471 4546 895 4611 multitudinem,
953 4554 1009 4599 et
1062 4555 1271 4614 partem
1311 4555 1362 4598 et
1400 4552 1593 4607 totum,
1635 4543 1934 4598 linitionem

363 4647 418 4691 et
456 4638 840 4704 inlinitionem,
884 4640 1046 4691 linem
1087 4647 1140 4692 et
1179 4637 1500 4692 inﬁnitatem
1526 4677 1542 4702 ,
1581 4638 1760 4692 omnia
1816 4654 1936 4707 qua:

363 4740 492 4785 sunt
530 4741 584 4784 et
622 4733 796 4800 ipsum
833 4745 954 4785 esse
990 4731 1352 4795 determinat;
1393 4739 1447 4784 et
1483 4731 1723 4784 omnium
1762 4740 1817 4785 et
1852 4741 1932 4785 to-

2123 2130 2329 2192 Ἀλλως
2360 2146 2417 2182 τε
2448 2130 2539 2183 καὶ
2572 2127 2728 2182 τοῦτο
2759 2129 2951 2197 ίστέον,
2979 2129 3062 2182 ὅτι
3093 2136 3233 2182 κατα
3261 2130 3320 2182 τὸ
3348 2131 3467 2194 ἑνὸς
3495 2133 3620 2186 ἑκεί-

2045 2240 2167 2276 στου
2200 2222 2684 2293 προεπινοούμενον
2713 2218 2851 2286 εἶδος
2890 2221 3125 2293 ἡνῶσθαι
3152 2221 3367 2291 λέγεται
3395 2223 3463 2276 τὰ
3486 2227 3620 2295 ἡνω-

2045 2316 2201 2385 μένα,
2252 2315 2345 2367 καὶ
2387 2315 2602 2368 πάντων
2642 2315 2759 2366 ἐστὶ
2795 2315 2855 2367 τὸ
2901 2315 2958 2367 ἓν
2988 2317 3386 2384 στοιχειωτικόν
3409 2334 3422 2346 ⁸
3457 2320 3554 2370 καὶ
3583 2320 3625 2369 εί

2042 2409 2235 2481 ἀνέλῃς
2256 2410 2301 2440 ³⁰
2339 2409 2399 2461 τὸ
2428 2408 2505 2471 ἓν,
2535 2409 2658 2461 οὔτε
2687 2410 2906 2479 ὁλότης,
2949 2408 3070 2462 οὔτε
3109 2409 3314 2479 μόριον,
3343 2408 3467 2462 οὔτε
3504 2410 3632 2464 ἀλλο

2040 2502 2188 2554 οὐδὲν
2223 2503 2330 2554 τῶν
2373 2502 2540 2554 ὅντων
2575 2502 2726 2554 ἔσται
2751 2519 2762 2530 ·
2801 2502 2977 2554 πάντα
3008 2502 3116 2572 γὰρ
3148 2503 3203 2552 ἑν
3234 2500 3410 2571 ἑαυτῷ
3463 2503 3529 2557 τὸ
3573 2503 3628 2554 ἓν

2041 2595 2283 2658 ἑνοειδῶς
2321 2595 2614 2666 προείληφέ
2641 2613 2699 2647 τε
2729 2596 2821 2648 καί
2853 2596 3188 2666 περιείληφε.
3220 2594 3404 2666 Ταύτῃ
3431 2595 3567 2662 γοῦν
3596 2599 3629 2665 ή

2040 2688 2285 2756 θεολογία
2314 2671 2410 2760 τ’ὴν
2438 2689 2564 2760 ὅλην
2592 2689 2866 2760 θεαρχίαν,
2893 2689 2968 2752 ὡς
2999 2689 3212 2742 πάντων
3242 2689 3441 2754 αἰτίαν,
3471 2690 3640 2760 ὑμνεῖ

2038 2783 2104 2851 τῇ
2150 2780 2242 2832 τοῦ
2290 2781 2406 2843 ἑνὸς
2449 2781 2755 2852 ἐπωνυμίᾳ,
2802 2783 2897 2834 καὶ
2944 2777 3022 2846 εἷς
3065 2781 3195 2846 Θεὸς
3223 2785 3250 2836 ὅ
3280 2784 3492 2853 Πατὴρ,
3537 2787 3628 2838 καλ

2038 2867 2119 2935 εἷς
2163 2873 2425 2944 Κύριος⁸¹
2489 2874 2691 2945 Ἰησοῦς
2733 2875 2986 2946 Χριστὸς,
3027 2877 3120 2928 καὶ
3159 2875 3216 2927 ἓν
3259 2877 3350 2928 καὶ
3391 2878 3451 2928 τὸ
3496 2878 3631 2933 αὐτὸ

2040 2964 2284 3035 Πνεῦμα,
2332 2965 2420 3018 διά
2462 2967 2562 3037 τὴν
2602 2966 3044 3038 ὑπερϐάλλουσαν
3076 2969 3175 3038 τῆς
3206 2968 3333 3038 ὅλης
3358 2970 3402 3000 ⁵²
3438 2968 3630 3041 θεῖκῆς

2039 3057 2286 3129 ἑνότητος
2318 3059 2600 3131 ἀμέρειαν,
2631 3059 2688 3110 ἑν
2795 3059 2970 3112 πάντα
3000 3060 3192 3124 ἑνικῶς
3220 3061 3506 3132 συνῆκται,
3537 3065 3630 3115 καὶ

2039 3150 2403 3221 ὑπερήνωται,
2469 3152 2560 3204 καὶ
2623 3152 2912 3222 πρόσεστιν
2966 3152 3324 3223 ὑπερουσίως.
3395 3153 3488 3205 Διὸ
3537 3157 3631 3207 καὶ

2040 3242 2218 3294 πάντα
2246 3244 2330 3294 ἐπ’
2361 3244 2528 3313 αὐτὴν
2559 3244 2782 3307 ἐνδίκως
2802 3245 2848 3276 ⁵³
2879 3246 3264 3315 ἀναπέμπεται
3301 3247 3395 3299 καὶ
3437 3248 3629 3300 ἀνατί-

2040 3332 2210 3396 Οεται,
2245 3336 2331 3403 ὑφ’
2363 3331 2449 3407 ἧς,
2482 3337 2572 3388 καὶ
2606 3337 2662 3388 ἐν
2697 3331 2750 3409 ᾖ,
2784 3339 2877 3390 καὶ
2924 3340 3002 3400 εἰς
3037 3339 3103 3408 ἣν
3144 3339 3319 3392 πάντα
3359 3340 3501 3404 ἐστὶ,
3537 3342 3631 3393 καὶ

2043 3427 2415 3490 συντέτακται,
2448 3430 2541 3482 καὶ
2573 3430 2742 3499 μένει,
2778 3431 2871 3482 καὶ
2901 3431 3221 3500 συνέχεται,
3253 3434 3346 3485 καὶ
3377 3433 3628 3502 ἀποπλη-

2043 3519 2230 3588 ροῦται
2263 3521 2356 3572 καὶ
2389 3521 2772 3591 ἐπιστρέψεται
2797 3537 2812 3553 ·
2847 3524 2941 3576 καὶ
2968 3524 3066 3576 οὐκ
3098 3523 3163 3576 ἂν
3205 3524 3388 3595 εὕροις
3426 3542 3479 3577 τι
3521 3525 3631 3577 τῶν

2040 3609 2228 3673 ὅντων,
2262 3612 2289 3663 ὃ
2324 3612 2397 3683 μὴ
2430 3611 2506 3683 τῷ
2545 3615 2624 3665 ἑνὶ
2669 3614 2788 3666 καθ’
2831 3614 2860 3666 ὃ
2902 3616 3046 3667 πᾶσα
3087 3618 3119 3686 ἡ
3164 3615 3353 3686 Θεὸτης
3393 3618 3629 3686 ὑπερθυ-

2043 3702 2171 3765 σίως
2213 3705 2554 3774 ὀνομάζεται,
2603 3707 2694 3759 καὶ
2737 3707 2849 3759 ἑστι
2894 3706 3038 3759 τοῦθ’
3067 3709 3205 3779 ὅπερ
3236 3710 3372 3770 ἐστὶ,
3409 3712 3504 3761 καὶ
3538 3727 3628 3762 τε-

2040 3793 2294 3857 λειοῦται,
2321 3797 2412 3848 καὶ
2439 3797 2776 3861 διασώζεται.
2801 3800 2910 3852 Καὶ
2937 3801 3041 3870 χρὴ
3073 3800 3166 3852 καὶ
3193 3803 3360 3871 ἡμᾶς,
3391 3801 3500 3854 ἀπὸ
3520 3802 3631 3854 τῶν

2041 3885 2248 3938 πολλῶν
2295 3888 2387 3940 ἐπὶ
2429 3889 2488 3941 τὸ
2535 3888 2591 3941 ἒν
2638 3893 2702 3960 τῇ
2740 3891 2967 3961 δυνάμει
3006 3892 3105 3962 τῆς
3143 3892 3330 3963 Θεῐκῆς
3373 3894 3631 3964 ἑνότητος

2039 3979 2552 4051 ἐπιστρεφομένους,
2589 3983 2803 4046 ἑνιαίως
2833 3985 3018 4054 ὑμνεῖν
3049 3985 3146 4055 τὴν
3176 3985 3304 4055 ὅλην
3356 3987 3451 4038 καὶ
3497 3987 3632 4057 μίαν

2039 4069 2296 4144 Θεότητα,
2327 4077 2385 4124 τὸ
2422 4073 2638 4126 πάντων
2680 4074 2850 4127 αἴτιον
2890 4076 2967 4137 ἒν,
3011 4077 3072 4128 τὸ
3120 4078 3226 4148 πρὸ
3265 4078 3464 4140 παντὸς
3511 4079 3631 4142 ave;

2041 4177 2132 4227 καὶ
2173 4175 2404 4246 πλήθους
2425 4176 2491 4240 ⁸⁸,
2545 4178 2636 4229 καὶ
2679 4178 2877 4248 μέρους
2917 4177 3007 4230 καὶ
3047 4178 3192 4241 ὅλου,
3236 4181 3330 4232 καὶ
3362 4180 3492 4250 ὅρου
3535 4182 3629 4233 καὶ

2040 4268 2335 4338 ἀοριστίας,
2378 4271 2470 4322 καὶ
2510 4270 2741 4340 πέρατος
2780 4272 2872 4323 καὶ
2917 4273 3191 4343 ἀπειρίας,
3235 4273 3296 4324 τὸ
3341 4274 3523 4326 πάντα
3561 4273 3629 4326 τὰ

2039 4359 2167 4411 ὅντα
2197 4361 2289 4413 καὶ
2322 4361 2450 4412 αὐτὸ
2481 4361 2540 4412 τὸ
2572 4359 2710 4413 εἶναι
2753 4358 2954 4432 ὁρίζον,
2985 4363 3079 4415 καὶ
3114 4363 3328 4415 πάντων
3363 4365 3457 4416 καὶ
3487 4365 3627 4416 ὅλων

2041 4452 2256 4504 πάντων
2277 4454 2342 4514 ⁵⁵,
2379 4453 2471 4504 καὶ
2504 4452 2618 4521 ἅμα
2652 4453 2745 4504 καὶ
2780 4453 2886 4523 πρὸ
2920 4453 3153 4516 πάντων,
3187 4455 3280 4507 καὶ
3314 4455 3456 4526 ὑπὲρ
3492 4457 3627 4508 πᾶν·

2037 4560 2125 4609 τα,
2159 4547 2251 4598 καὶ
2298 4544 2489 4606 ἑνικῶς
2521 4543 2714 4610 αἴτιον,
2751 4546 2842 4596 καὶ
2876 4546 3015 4616 ὑπὲρ
3046 4546 3175 4598 αὐτὸ
3205 4547 3265 4598 τὸ
3299 4547 3355 4598 ἓν
3402 4548 3480 4610 ὅν,
3533 4551 3626 4602 καὶ

2039 4638 2168 4690 αὐτὸ
2211 4638 2270 4689 τὸ
2316 4638 2372 4690 ἓν
2409 4637 2467 4690 ὃν
2507 4639 2706 4708 ὁρίζον,
2753 4639 2983 4710 ἐπείπερ
3025 4641 3084 4694 τὸ
3129 4641 3187 4694 ὃν
3220 4643 3296 4706 ἓν,
3329 4642 3391 4694 τὸ
3423 4643 3480 4694 ἑν
3515 4647 3626 4704 τοῖς

2037 4726 2205 4791 οὖσιν,
2241 4729 2530 4802 ἑνάριομόν
2575 4732 2738 4782 ἑστιν·
2789 4731 3017 4802 ἀριθμὸς
3062 4732 3119 4784 δὲ
3165 4733 3350 4796 οὐσίας
3383 4735 3619 4804 μετέχει.

366 4833 543 4878 torum
595 4825 870 4886 omnium,
927 4832 981 4880 et.
1036 4825 1193 4878 simul
1248 4836 1374 4879 ante
1425 4826 1606 4879 munia
1660 4834 1713 4879 et
1765 4841 1926 4896 supra

2043 4824 2106 4876 Γὸ
2137 4824 2191 4875 δὲ
2228 4823 2545 4894 ὑπερούσιον
2587 4822 2664 4887 ἒν,
2697 4824 2790 4876 καὶ
2829 4826 2889 4877 τὸ
2930 4826 2986 4878 ὃν
3021 4826 3098 4889 ἓν,
3135 4827 3226 4879 καὶ
3261 4827 3437 4880 πάντα
3471 4829 3623 4898 apto-

363 4918 543 4973 omnia
583 4916 748 4970 etiam
789 4919 944 4971 unice
980 4932 1235 4983 causam,
1273 4927 1327 4971 et
1363 4917 1503 4987 quod
1542 4931 1702 4986 supra
1759 4919 1931 4988 ipsum

364 5027 565 5073 unum,
604 5021 686 5065 est
724 5010 776 5065 id
815 5009 958 5080 quod
1000 5019 1082 5063 est
1130 5019 1182 5064 et
1224 5012 1395 5078 ipsum
1456 5026 1618 5063 unum
1675 5011 1934 5066 determi-

363 5117 483 5172 nat,
520 5105 784 5176 siquidem
825 5104 965 5174 quod
1003 5113 1088 5158 est
1125 5121 1310 5170 unum,
1354 5104 1516 5175 529
1554 5105 1618 5159 iis
1653 5122 1771 5175 qua:
1808 5117 1936 5160 sunt

365 5207 792 5262 annumeratur;
851 5213 1110 5252 numerus
1161 5198 1302 5252 enim
1361 5200 1634 5266 particeps
1681 5200 1932 5254 essentiae

361 5301 466 5348 est.
507 5290 660 5355 Quod
701 5298 883 5344 autem
922 5297 1006 5343 est
1044 5303 1208 5342 unum
1248 5305 1406 5357 supra
1443 5291 1837 5355 substantiam,
1877 5300 1932 5345 et

2040 4915 2139 4987 μὸν
2183 4915 2375 4987 ὁρίζει,
2419 4916 2510 4968 καὶ
2553 4916 2681 4968 αὑτό
2725 4917 2860 4979 ἐστι,
2902 4919 2996 4971 καὶ
3041 4919 3177 4982 ἑνὸς,
3227 4920 3320 4972 καὶ
3359 4919 3618 4990 ἀριῡμοῦ,

2037 5015 2130 5066 καὶ
2168 5015 2365 5078 παντὸς
2401 5015 2551 5077 ὄντος
2593 5016 2733 5093 ἀρχὴ
2775 5017 2869 5068 καὶ
2913 5018 3079 5080 αἰτία,
3130 5020 3222 5072 καὶ
3260 5019 3494 5090 ἀριθμὸς
3527 5023 3617 5073 καὶ

2034 5104 2203 5170 τάξις.
2237 5107 2326 5159 Διὸ
2362 5111 2454 5162 καὶ
2497 5109 2662 5180 μονάς
2703 5111 3037 5182 ὑμνουμένη,
3085 5113 3178 5164 καὶ
3209 5111 3364 5182 τριάς
3399 5117 3432 5184 ἡ
3480 5115 3617 5183 ὑπὲρ

2036 5199 2210 5252 πάντα
2238 5200 2458 5271 Θεότης,
2493 5203 2591 5254 οὐκ
2624 5202 2767 5255 ἔστιν
2795 5203 2915 5255 οὐδὲ
2935 5205 2980 5234 ⁵⁸
3023 5204 3208 5273 μονὰς,
3249 5203 3366 5256 οὐδὲ
3401 5205 3554 5276 τριὰς
3582 5208 3613 5275 ἡ

2035 5292 2171 5361 πρὸς
2195 5295 2226 5362 ἡ
2237 5290 2372 5362 μῶν,
2403 5293 2433 5344 ἦ
2466 5295 2624 5348 ἄλλου
2653 5295 2794 5358 τινὸς
2825 5295 2934 5348 τῶν
2962 5295 3130 5348 ὅντων
3150 5297 3193 5328 ⁵⁷
3219 5296 3609 5369 διεγνωσμὲνη,

1663 5491 1896 5546 VARle
1945 5492 2347 5546 LECTIONES.

434 5681 495 5764 ⁸⁸7
513 5679 652 5732 κατὰ
685 5681 792 5732 πᾶν
825 5679 1024 5764 ἑνικοῦ,
1148 5678 1251 5764 ’⁸⁷0
1271 5675 1775 5764 προσυνείιηφὸτος,
1816 5676 1872 5730 D.
2028 5677 2119 5761 atat}
2151 5675 2276 5764 ἄνευ
2313 5677 2516 5764 μέντοι,
2540 5679 2600 5732 D.
2679 5679 2722 5711 ’δ’
2753 5678 3126 5764 ξιποθοῖτοηῐ).

1961 5748 2003 5777 ⁵³
2037 5748 2147 5810 τοῖς
2179 5747 2340 5812 ὅλοις,
2379 5750 2438 5802 D.

1758 5822 1801 5851 '5“
1835 5819 1931 5870 οὐκ
1967 5817 2078 5870 ἐστι
2113 5818 2167 5871 δὲ
2200 5819 2338 5885 οὐδέ,
2365 5817 2422 5873 Ρ.

364 5749 414 5818 ⁵¹μ
446 5746 524 5810 εἷς
556 5751 583 5800 ό
615 5751 745 5812 Θεὸς
779 5749 964 5818 Πατὴρ
996 5750 1088 5800 καὶ
1121 5743 1198 5810 εἷς
1230 5750 1258 5800 ὀ

1344 5748 1528 5818 ύριος,
1567 5748 1621 5802 S.
1675 5750 1730 5804 Ι).
1794 5752 1850 5801 Ι).

365 5816 620 5881 ¹πλήθους,
660 5818 717 5870 Ι).
824 5821 867 5851 ⁵⁵
903 5816 990 5872 καὶ
1027 5820 1158 5871 ὅλων
1194 5820 1286 5872 καὶ
1321 5816 1552 5884 πάντων,
1590 5819 1646 5875 ι’.

418 6111 468 6155 ι

3202 5680 3247 5710 ⁵⁰
3271 5678 3478 5742 ἀνέλοις
3495 5718 3508 5741 ,
3543 5677 3603 5732 D.

2547 5751 2592 5781 ⁵³
2626 5750 2838 5814 ἑνικῶς,
2874 5752 2974 5804 Ch.
3035 5750 3097 5803 Ι).
3205 5750 3251 5781 ⁸⁸
3285 5750 3481 5813 αἰῶνος
3513 5750 3604 5803 καὶ

2532 5823 2575 5854 ⁸⁷
2601 5822 2708 5874 τῶν
2739 5820 2906 5875 ὅντων
2939 5836 3043 5878 non
3079 5821 3237 5878 habet
3265 5821 3328 5876 Ι).
