3866 6232
226 308 329 364 981

1262 310 1352 365 DE
1385 309 1638 366 DlVlNlS
1669 307 2065 376 NOMINIBUS,
2099 308 2252 365 CAP.
2286 305 2419 362 Xlll.

3396 297 3509 351 98%

192 446 198 450 ·
229 425 370 482 ἀλλά
402 425 488 479 ἵνα
517 426 612 479 καὶ
644 425 704 479 τὸ
733 424 1152 497 ὑπερηνωμὲνον
1186 426 1355 496 αὐτῆς
1382 426 1476 478 καὶ
1521 424 1583 476 τὸ
1631 423 1816 492 θεογό-
1845 464 1855 491 λ

1959 425 2063 479 uod
2107 432 2189 477 est
2228 437 2441 484 unum,
2482 426 2537 473 et
2574 430 2791 473 omnem
2837 428 3119 467 numerum
3157 409 3383 473 delinit,
3424 410 3506 475 ip—

232 534 325 569 νον
363 515 578 586 ἀληθῶς
622 517 949 587 ὑμνήσωμεν
970 515 1050 582 ⁸⁸,
1091 519 1159 587 τῇ
1204 514 1456 587 τριαδικῇ
1500 515 1593 567 καὶ
1646 512 1823 584 ἐνιαίᾳ

234 607 549 678 θεωνυμίᾳ,
582 607 681 679 τὴν
727 607 1080 679 ὑπερώνυμον
1122 604 1490 678 ὀνομάζομεν,
1537 608 1650 668 τοῖς
1706 600 1824 657 οὖσι

231 700 333 771 τὴν
384 699 725 770 ὑπερούσιον.
762 700 1000 770 Οὐδεμία
1044 698 1101 751 δὲ
1149 698 1334 770 μονὰς,
1367 697 1400 767 ἢ
1428 695 1606 768 τριὰς,
1641 694 1759 747 οὐδέ
1780 695 1824 727 ⁸⁹

234 791 489 861 ἀριθμὸς,
524 790 647 844 οὔτε
677 791 884 862 ἐνότης,
916 791 949 861 ἢ
983 790 1293 861 γονιμότης,
1327 789 1445 842 οὐδὲ
1479 788 1607 842 ἀλλο
1633 804 1686 839 τι
1718 786 1825 839 τῶν

235 884 408 937 ὄντων
449 885 483 955 ἡ
515 901 620 937 τινι
668 883 775 936 τῶν
820 883 989 936 ὄντων
1043 882 1497 952 συνεγνωσμένων
1519 881 1595 943 ⁸ο,
1645 876 1827 947 ἐξάγει

235 976 337 1047 τὴν
384 977 526 1047 ὑπὲρ
577 976 755 1028 πάντα
804 976 899 1031 καὶ
965 974 1119 1043 λόγον
1173 976 1267 1028 καὶ
1321 973 1444 1026 νοῦν
1494 973 1829 1044 κρυφιότητα

236 1070 340 1140 τῆς
378 1069 518 1140 ὑπὲρ
565 1068 742 1122 πάντα
783 1067 1117 1139 ὑπερουσίως
1166 1065 1471 1137 ὑπεροόσης
1502 1063 1831 1135 ὑπερθεότη-

236 1179 333 1225 τος
352 1163 429 1193 δ”
466 1161 586 1213 οὐδέ
614 1160 787 1231 ὄνομα
830 1161 999 1231 αὐτῆς
1042 1162 1208 1224 ἐστιν,
1250 1158 1369 1210 οὐδὲ
1413 1157 1589 1226 λόγος,
1630 1156 1742 1210 ἀλλ’
1773 1156 1831 1207 ἐν

239 1254 467 1316 ἀϐάτοις
494 1251 773 1323 ἐξῄρηται.
810 1253 918 1306 Καὶ
948 1253 1068 1305 οὐδὲ
1098 1252 1230 1304 αὐτὸ
1260 1251 1321 1303 τὸ
1352 1251 1448 1321 τῆς
1477 1249 1829 1319 ἀγαθότητος,

240 1346 320 1407 ὡς
352 1341 753 1414 ἐφαρμόζοντες
785 1344 944 1413 αὐτῇ,
976 1342 1376 1415 προσφέρομεν,
1408 1340 1544 1395 ἀλλά
1558 1339 1706 1411 πόθῳ
1738 1337 1832 1392 τοῦ

241 1440 445 1490 ἐννοεῖν
466 1438 509 1468 ⁶²
563 1455 615 1489 τι
659 1438 752 1490 καὶ
797 1436 974 1504 λέγειν
1021 1439 1148 1507 περὶ
1199 1436 1299 1507 τῆς
1338 1436 1575 1508 άῤῥήτου
1622 1432 1836 1503 φύσεως

242 1529 494 1599 ἐκείνης,
528 1528 587 1581 τὸ
615 1530 722 1581 τῶν
754 1528 1035 1599 ὀνομάτων
1056 1529 1100 1560 ⁸³
1142 1528 1467 1582 σεπτότατον
1507 1528 1643 1597 αὐτῇ
1688 1524 1836 1596 πρώ-

243 1640 355 1685 τως
386 1621 736 1691 ἀφιεροῦμεν·
778 1622 870 1675 καὶ
905 1623 1357 1693 συμφωνήσοιμεν
1388 1620 1509 1674 ἂνθδ
1542 1619 1644 1690 κάν
1666 1618 1837 1689 τούτῳ

244 1716 362 1777 τοῖς
391 1712 675 1781 θεολόγοις,
710 1715 808 1784 τῆς
839 1713 893 1767 δὲ
926 1713 1032 1767 τῶν
1064 1713 1401 1785 πραγμάτων
1430 1711 1686 1783 ἀληθείας
1710 1712 1838 1763 ἀπο-

1925 530 2044 571 ευιη
2082 522 2166 568 est
2204 522 2258 568 et
2296 511 2480 574 unius,
2524 517 2577 564 et
2624 504 2858 567 numeri,
2899 512 2954 558 et
3006 501 3184 557 omnis
3229 500 3307 553 rei
3359 498 3492 568 prin-

1926 606 2125 676 cipium
2180 613 2235 658 et
2291 616 2455 658 causa
2490 641 2504 666 ,
2564 609 2620 655 et
2674 611 2934 652 numerus
2990 604 3045 648 et
3100 592 3255 646 ordo.
3307 590 3504 657 Quam-

1927 698 2113 752 obrem
2162 704 2217 751 et
2270 694 2453 748 unitas
2501 706 2620 762 quae
2668 691 2946 750 laudatur,
2982 695 3037 739 et
3092 684 3336 738 Trinitas
3389 696 3517 750 quae

1928 798 2011 843 est
2047 789 2301 843 divinitas
2340 799 2504 854 supra
2550 782 2765 845 omnia,
2808 794 2911 833 non
2944 786 3027 831 est
3070 777 3286 840 unitas,
3333 786 3510 842 neque

1930 880 2169 934 Trinitas
2191 894 2219 932 a
2243 877 2398 933 nobis
2419 884 2511 929 aut
2531 874 2636 928 alio
2656 873 2909 942 quopiam
2932 883 3120 923 eorum
3141 882 3261 936 qua:
3278 877 3402 920 sunt
3421 880 3517 919 con

1932 973 2077 1044 gnita
2095 988 2109 1037 ;
2130 971 2223 1027 sed
2245 980 2303 1023 ut
2324 970 2472 1039 quod
2497 968 2548 1022 in
2569 967 2679 1036 ipsa
2701 977 2783 1019 est
2803 976 3126 1033 supraquam
3168 960 3221 1012 in
3243 973 3407 1011 unum
3429 970 3526 1010 co-

1933 1066 2175 1136 pulatum
2197 1072 2252 1117 et
2270 1059 2654 1116 fecunditatem
2690 1053 2779 1110 Dei
2802 1069 2931 1109 vere
2969 1052 3281 1113 laudemus,
3307 1048 3517 1109 trinum

1934 1163 1990 1207 et
2009 1166 2170 1205 unum
2192 1149 2357 1203 Deum
2383 1147 2724 1202 nominamus
2748 1144 2918 1208 ilium,
2945 1142 3035 1211 qui
3056 1154 3218 1208 supra
3243 1151 3403 1192 omne
3426 1152 3519 1192 no-

1934 1259 2055 1299 men
2077 1252 2182 1299 est.
2201 1242 2351 1296 Nulla
2376 1250 2553 1295 autem
2574 1239 2753 1293 unitas
2772 1237 2855 1291 vel
2881 1235 3118 1297 trinitas,
3137 1246 3307 1300 neque
3332 1243 3520 1283 nume«

1937 1353 2050 1405 rus,
2073 1352 2171 1391 nec
2194 1336 2373 1390 unitas
2394 1333 2476 1388 vel
2498 1332 2823 1395 fecunditas,
2849 1344 2946 1383 nec
2966 1329 3112 1382 aliud
3135 1324 3410 1395 quidpiam
3429 1336 3516 1376 eo-

1939 1444 2058 1482 rum
2076 1442 2194 1499 qua:
2226 1433 2484 1490 sunt,aut
2504 1438 2691 1478 eorum
2719 1437 2836 1490 qua:
2857 1419 3014 1473 alicui
3037 1415 3383 1471 existentium
3402 1419 3527 1466 sunt

1938 1521 2174 1591 cognita,
2200 1517 2707 1588 explicatarcanum
2744 1512 2873 1567 illud
2913 1525 3127 1566 omnem
3166 1508 3431 1563 rationem
3470 1511 3525 1557 et

1940 1621 2175 1666 mentem
2226 1621 2491 1679 superans
2544 1604 2953 1674 superdeilatis,
2996 1594 3525 1666 superessentialiter

1941 1719 2103 1773 supra
2144 1701 2324 1757 omnia
2375 1697 2858 1767 superexistentis;
2900 1694 3059 1763 hujus
3108 1705 3287 1759 neque
3325 1700 3525 1742 nomen

244 1803 671 1875 λειφθησόμεθα.
709 1806 800 1857 Διὸ
827 1806 922 1858 καὶ
950 1784 1229 1875 αὑτοιτὴν
1259 1804 1347 1857 διά
1374 1805 1482 1857 τῶν
1515 1803 1840 1872 ἀποφάσεων

1959 1809 2122 1865 ιοίιυθ
2157 1792 2421 1848 rationem
2461 1802 2541 1848 est
2576 1788 2879 1857 assignare,
2912 1785 3004 1838 sed
3046 1784 3382 1837 inaccessum
3413 1791 3531 1831 om-

246 1896 434 1950 ἆνοδον
463 1898 947 1968 προτετιμήκασιν,
979 1898 1054 1962 ὡς
1082 1896 1379 1961 ἐξιστῶσαν
1408 1897 1505 1969 τὴν
1534 1896 1710 1968 ψυχὴν
1732 1895 1840 1948 τῶν

248 1989 418 2059 ἐαυτῇ
455 1989 770 2059 συμφύλων,
801 1990 896 2043 καὶ
933 1989 1021 2043 διὰ
1053 1989 1243 2043 πασῶν
1273 1990 1380 2042 τῶν
1411 1989 1570 2043 θείων
1602 1990 1841 2060 νοήσεων

246 2078 555 2143 ὁδεύουσαν,
580 2073 655 2133 ὧν
682 2079 941 2151 ἐξῄρηται
969 2080 1028 2132 τὸ
1061 2081 1201 2152 ὑπὲρ
1235 2082 1340 2133 πᾶν
1374 2080 1564 2150 ὄνομα,
1596 2080 1691 2133 καὶ
1718 2078 1847 2131 πάν-

248 2187 322 2223 τα
354 2170 528 2238 λόγον,
561 2173 652 2225 καὶ
683 2172 901 2239 γνῶσιν,
924 2173 1009 2223 ἐπ’
1042 2172 1284 2241 ἐσχάτων
1309 2170 1364 2223 δὲ
1396 2171 1502 2223 τῶν
1530 2171 1666 2223 ὅλων
1699 2167 1848 2238 αὐτῷ

254 2262 655 2327 συνάπτουσαν,
691 2263 811 2318 καθ’
845 2264 969 2317 ὅσον
999 2264 1092 2317 καὶ
1126 2265 1255 2334 ἡμῖν
1285 2262 1478 2334 ἐκείνῳ
1496 2264 1540 2295 ⁵³
1576 2262 1844 2315 συνάπτε-

255 2354 383 2409 σθαι
410 2355 652 2410 δυνατόν.

1942 1888 2099 1942 nibus
2138 1887 2360 1940 eminet.
2399 1884 2538 1951 Quin
2578 1896 2680 1936 nec
2718 1880 2895 1948 ipsum
2929 1875 3152 1946 quidem
3193 1884 3388 1925 nomen
3433 1868 3532 1921 b0-

1948 1978 2139 2037 nitatis
2172 1977 2221 2032 ei
2262 1987 2518 2045 tanquam
2553 1982 2733 2043 aptum
2756 1969 3253 2029 accommodamus,
3278 1961 3371 2016 sed
3392 1959 3534 2014 desi-

1950 2069 2098 2123 derio
2135 2066 2338 2136 aliquid
2378 2063 2707 2134 intelligendi
2745 2073 2801 2116 et
2840 2059 3055 2115 dicendi
3095 2058 3161 2111 de
3201 2062 3394 2107 natura
3444 2050 3532 2104 illa

1952 2176 2152 2215 arcana
2203 2170 2258 2214 et
2312 2158 2606 2222 inell‘abili,
2644 2155 2787 2225 quod
2825 2163 2908 2208 est
2956 2150 3201 2205 omnium
3255 2144 3533 2200 nominum

1954 2252 2193 2307 maxime
2229 2249 2542 2307 venerabile
2576 2247 2679 2318 ipsi
2721 2246 2952 2316 primum
2992 2250 3375 2295 consecramus
3416 2252 3430 2288 :
3480 2232 3534 2285 in

1957 2360 2064 2416 quo
2119 2344 2337 2413 quidem
2395 2357 2519 2397 cum
2578 2337 2841 2404 theologis
2891 2332 3263 2395 convenimus,
3317 2326 3411 2381 sed
3469 2321 3539 2377 ab

1958 2440 2072 2508 ipsa
2138 2453 2317 2492 rerum
2384 2436 2616 2490 veritate
2682 2432 2911 2487 multum
2967 2424 3272 2481 deficimus.
3328 2419 3533 2486 Quam-

256 2534 448 2590 obrem
490 2537 587 2606 ipsi
655 2552 871 2607 quoque
910 2550 1195 2592 ascensum
1266 2534 1414 2589 illum
1453 2549 1550 2605 per
1587 2536 1902 2606 negationes
1940 2532 2318 2603 pranulerunt,
2354 2539 2412 2583 ut
2453 2529 2545 2597 qui
2584 2527 2821 2581 animam
2862 2538 2891 2576 a
2931 2520 3179 2591 cognatis
3219 2517 3379 2570 rebus
3420 2525 3547 2565 avo—

258 2644 428 2697 cans,
469 2632 537 2684 ad
588 2646 777 2687 omnes
828 2631 1039 2685 divinas
1094 2628 1478 2698 intelligentias
1523 2628 1670 2683 viam
1712 2635 1955 2694 stcrnat,
1995 2627 2192 2696 quibus
2250 2625 2531 2695 excipitur.
2575 2622 2629 2676 id
2686 2619 2830 2689 quod
2889 2616 3036 2672 omni
3092 2611 3313 2667 nomine
3363 2603 3544 2662 omni-

259 2737 368 2789 que
419 2724 629 2777 ratione
680 2740 744 2779 ac
795 2723 1106 2793 cognitione
1178 2720 1466 2776 sublimius
1502 2720 1719 2787 existit,
1760 2734 1967 2791 nosque
2001 2721 2130 2791 «Deo
2176 2720 2389 2774 tandem
2455 2716 2762 2787 conjungit,
2821 2720 3079 2782 quantum
3121 2705 3377 2760 nimirum
3415 2714 3536 2753 CUIII

261 2830 330 2869 ex
371 2824 588 2881 nostra,
628 2825 738 2871 tum
778 2832 843 2871 ex
888 2815 1055 2886 ipsius
1092 2826 1247 2888 parte
1281 2814 1399 2869 ﬁeri
1440 2821 1637 2883 potest.

1833 2972 1861 3044 ς
1908 2968 2017 3029 1v.

340 3117 559 3182 Ταύτας
587 3119 753 3189 ἡμεῖς,
780 3118 879 3181 τάς
900 3117 1096 3188 νοητὰς
1125 3117 1431 3189 θεωνυμίας
1466 3115 1852 3189 συνῃρηκότες,
1883 3120 1925 3177 C

266 3209 344 3273 ὡς
372 3211 594 3279 ἐφικτὸν
624 3210 1025 3282 ἀνεπτύξαμεν,
1061 3212 1122 3264 οὑ
1157 3211 1315 3282 μόνον
1348 3210 1527 3263 αὐτῶν
1559 3209 1660 3278 τῆς
1701 3210 1858 3278 ἀκρι-

269 3303 425 3366 ϐείας
456 3303 897 3374 ἀπολειπόμενοι,
921 3303 1100 3373 (τοῦτο
1126 3304 1236 3375 γὰρ
1267 3303 1481 3375 ἀληθῶς
1511 3303 1605 3357 καὶ
1638 3301 1859 3369 ἄγγελοι

268 3396 486 3467 φαῖεν·)
537 3397 657 3449 οὐδέ
705 3396 806 3466 τῆς
839 3398 979 3450 κατά
1030 3397 1295 3465 ἀγγέλους
1340 3395 1521 3449 αὐτῶν
1553 3394 1855 3466 ὑμνῳδίας·

272 3490 369 3541 καὶ
402 3489 509 3542 τῶν
543 3489 788 3559 ἐσχάτων
829 3488 937 3561 γὰρ
982 3489 1299 3542 ἀποδέουσιν
1344 3491 1393 3541 0i.
1444 3488 1724 3559 κράτιστοι
1754 3485 1863 3538 τῶν

275 3585 407 3647 παρ’
440 3585 573 3654 ἡμῖν
607 3582 889 3652 θεολόγων·
928 3581 1051 3634 οὔτε
1088 3582 1192 3653 μὴν
1226 3580 1405 3634 αὐτῶν
1436 3580 1543 3633 τῶν
1577 3577 1862 3644 θεολόγων,

274 3669 397 3729 οὐδὲ
457 3676 565 3728 τῶν
605 3675 784 3729 αὐτῶν
835 3673 1111 3744 ἀσκητῶν,
1159 3674 1192 3743 ἢ
1239 3670 1570 3733 συνοπαδῶν,
1605 3669 1740 3723 ἀλλά
1772 3668 1867 3722 καὶ

275 3768 387 3820 τῶν
419 3771 552 3839 ἡμῖν
583 3767 893 3838 ὁμοταγῶν,
928 3765 1171 3837 ἐσχάτως
1201 3765 1297 3818 καὶ
1324 3763 1649 3833 ὑφειμένως.
1684 3762 1866 3823 Ὥστε,

279 3864 329 3914 εί
366 3861 465 3931 μὲν
506 3860 682 3930 ὀρθῶς
729 3859 843 3929 ἔχοι
892 3858 961 3911 τὰ
995 3858 1281 3930 εἰρημένα,
1319 3857 1412 3909 καὶ
1449 3855 1525 3917 ὼς
1569 3852 1691 3906 καθ’
1725 3853 1871 3923 ἡμᾶς

280 3953 451 4016 ὅντως
483 3952 811 4023 ἐφηψάμεθα
855 3954 920 4022 τῇ
966 3951 1176 4021 διανοίᾳ
1218 3949 1318 4018 τῆς
1366 3944 1709 4016 θεωνυμικῆς
1742 3944 1873 3995 ἀνα-

284 4045 550 4111 πτύξεως,
585 4045 679 4096 ἐπὶ
709 4043 799 4097 τὸν
830 4043 1047 4096 πάντων
1080 4040 1302 4110 ἀγαθῶν
1335 4038 1506 4091 αἴτιον
1544 4037 1607 4089 τὸ
1640 4035 1873 4105 πρᾶγμα

284 4136 573 4189 ἀναθετέον
598 4151 616 4169 ο
647 4136 738 4188 τὸν
787 4133 1125 4205 δωρούμενον
1163 4131 1379 4203 πρῶτον
1414 4132 1546 4184 αὐτὸ
1577 4130 1638 4183 τὸ
1678 4130 1871 4192 εἰπεῖν,

288 4229 478 4281 ἔπειτα
511 4228 572 4280 τὸ
604 4223 662 4281 εὖ
699 4229 892 4279 εἰπεῖν.
930 4227 1041 4278 Καὶ
1073 4224 1127 4277 εῖ
1154 4243 1206 4278 τι
1239 4224 1347 4277 τῶν
1381 4222 1738 4294 ὁμοδυνάμων
1774 4237 1876 4275 πα-

290 4321 655 4392 ραλέλειπται,
691 4321 912 4372 κάκεῖνο
942 4320 1092 4389 ἡμᾶς
1126 4317 1267 4371 κατὰ
1286 4316 1385 4379 τὰς
1414 4315 1583 4380 αὑτὰς
1621 4313 1877 4385 μεθόδους

291 4414 337 4445 ⁸⁸
367 4413 806 4485 προσυπακούειν
838 4413 1037 4483 δεήσει.
1090 4412 1153 4463 Ei
1185 4410 1242 4463 δὲ
1273 4408 1445 4462 ταῦτα
1478 4409 1511 4479 ἢ
1544 4409 1645 4461 οὐκ
1703 4404 1879 4478 ὀρθῶς

2032 3108 2157 3164 llaec
2198 3122 2297 3163 nos
2339 3106 2521 3162 divina
2552 3102 2795 3169 nomina,
2847 3114 2967 3169 qua:
2993 3093 3542 3161 rationeintelligun-

1964 3212 2077 3267 tur,
2109 3209 2364 3268 congesta
2410 3211 2509 3267 pro
2557 3194 2766 3249 viribus
2806 3190 3187 3261 explicuimus,
3224 3201 3328 3241 non
3369 3184 3551 3240 solum

1962 3292 2218 3351 nonsatis
2234 3304 2332 3361 pro
2353 3304 2543 3344 eorum
2570 3288 2765 3342 merito
2787 3296 3024 3353 congrue
3046 3280 3173 3351 (hoc
3202 3278 3346 3331 enim
3377 3276 3542 3329 etiam

1964 3384 2139 3455 angeli
2176 3397 2304 3437 vere
2342 3379 2624 3443 dixerint),
2664 3377 2759 3432 sed
2806 3368 2981 3444 neque
3007 3371 3231 3442 paribus
3270 3367 3544 3426 laudibus,

1974 3944 2239 4015 siquidem
2280 3946 2431 3993 recte
2465 3919 2568 3989 ista
2596 3932 2738 3986 dicta
2767 3929 2896 3993 sint,
2934 3935 2988 3981 et
3018 3926 3070 3979 in
3099 3922 3411 3977 divinorum
3455 3928 3553 3968 no—

1978 4036 2184 4089 minum
2210 4027 2596 4099 explanatione
2622 4038 2719 4093 pro
2741 4018 2959 4075 modulo
2987 4023 3175 4070 nostro
3206 4024 3391 4065 verum
3427 4021 3553 4061 sen-

1977 4141 2095 4182 sum
2125 4122 2485 4192 attigerimus,
2510 4117 2563 4170 in
2588 4116 2857 4169 honorum
2880 4108 3119 4164 omnium
3147 4116 3368 4157 causam
3399 4099 3451 4152 id
3481 4108 3557 4150 to-

1981 4227 2091 4272 tum
2124 4187 2470 4270 referendum
2498 4218 2603 4273 est,
2637 4217 2696 4259 ut
2720 4218 2842 4273 quae
2875 4201 3109 4271 primum
3139 4195 3301 4265 530
3332 4202 3440 4247 tam
3470 4187 3557 4242 di-

1981 4307 2141 4365 cendi
2176 4319 2339 4376 quam
2366 4303 2505 4356 bene
2526 4294 2740 4353 dicendi
2786 4291 3098 4347 facultatem
3129 4285 3360 4342 dederit.
3405 4281 3484 4335 Ac
3513 4279 3560 4334 si

1982 4398 2112 4468 quid
2139 4371 2326 4451 eorum
2355 4408 2475 4462 qua;
2515 4389 2600 4445 his
2627 4383 2980 4455 aequivalent,
3007 4380 3079 4434 sit
3108 4371 3561 4447 praetermissum,

292 4510 325 4577 ἢ
360 4466 566 4569 ἀτελῶς
598 4505 731 4577 ἔχει,
752 4507 846 4559 καὶ
877 4466 974 4576 της
1008 4503 1263 4573 ἀληθείας
1292 4502 1325 4572 ἢ
1356 4466 1551 4563 ὑλικῶς
1583 4499 1616 4570 ἢ
1641 4466 1855 4569 μερικῶ

1986 4466 2040 4545 id
2072 4488 2263 4543 iisdem
2308 4497 2523 4553 quoque
2574 4478 2877 4534 rationibus
2910 4490 2938 4527 a
2980 4472 3134 4527 nobis
3178 4468 3244 4522 ad
3275 4466 3418 4520 hunc
3445 4478 3563 4518 mo-

294 4599 817 4670 ἀποπεπλανήμεθα,
840 4599 938 4669 τῆς
970 4597 1071 4666 σῆς
1090 4599 1154 4650 ἂν
1180 4596 1264 4666 εἴη
1288 4594 1476 4665 φιλανθ
1487 4592 1696 4665 ρωπίας
1718 4592 1879 4644 ἐπαν-

294 4691 638 4762 ορθώσασθαι
685 4692 775 4745 τὸν
809 4691 1078 4753 ἀκουσίως
1121 4688 1440 4759 ἀγνοοῦντα,
1474 4686 1569 4739 καὶ
1618 4681 1878 4755 μεταδοῦ-

296 4802 385 4836 ναι
416 4783 573 4852 λόγου
606 4783 684 4854 τῷ
720 4784 907 4854 μαθεῖν
953 4784 1213 4854 δεομένῳ,
1250 4782 1345 4835 καὶ
1378 4777 1653 4850 ἐπαμῦναι
1686 4776 1764 4847 τῷ
1800 4776 1874 4847 μὴ

298 4881 549 4951 αὐτάρκη
595 4878 824 4949 δύναμιν
867 4876 1064 4948 ἔχοντι,
1112 4876 1207 4928 καὶ
1260 4871 1513 4927 ἰάσασθαι
1560 4869 1651 4923 τὸν
1702 4869 1804 4921 οὐκ
1837 4868 1879 4898 ⁸⁷

301 4972 550 5025 ἐθέλοντα
582 4972 881 5042 ἀρρωστεῖν
905 4986 916 4998 ·
950 4969 1042 5021 καὶ
1073 4967 1141 5019 τά
1176 4968 1275 5037 μὲν
1309 4965 1438 5036 παρ’
1474 4960 1690 5025 ἐαυτοῦ,
1726 4960 1796 5013 τὰ
1828 4959 1885 5011 δέ

303 5066 433 5136 παρ’
468 5065 668 5135 ἐτέρων
702 5063 746 5094 ⁸⁸
778 5061 1180 5134 ἐξευρίσκοντα,
1232 5059 1409 5111 πάντα
1454 5056 1509 5109 δὲ
1550 5056 1613 5106 ἐκ
1645 5049 1884 5120 τάγαθοῦ

302 5158 671 5231 λαμϐάνοντα,
707 5159 799 5211 καὶ⁹
832 5159 911 5219 εἰς
945 5155 1093 5225 ἡμᾶς
1125 5150 1459 5205 διαϐιϐάσαι.
1496 5146 1645 5218 Μηδὲ
1676 5143 1887 5199 ἀποκά-

1989 4586 2114 4638 dum
2144 4580 2500 4650 supplendum
2528 4576 2650 4630 erit.
2675 4570 2769 4626 Sin
2795 4584 2925 4625 vero
2957 4568 3073 4621 haec
3097 4562 3179 4617 vel
3201 4561 3381 4615 minus
3413 4565 3566 4613 recta

1988 4676 2070 4731 vel
2102 4671 2425 4744 imperfecta
2452 4676 2600 4734 sunt,
2631 4674 2687 4721 et
2710 4680 2739 4718 a
2766 4664 2995 4717 veritate
3023 4659 3107 4713 vel
3137 4657 3359 4713 omnino
3387 4652 3471 4706 vel
3498 4667 3565 4706 ex

1990 4776 2146 4838 parte
2169 4764 2566 4829 aberravimus,
2615 4759 2722 4814 erit
2763 4754 3123 4811 humanitatis
3152 4760 3257 4805 tua:
3287 4746 3568 4816 corrigere

1992 4877 2097 4916 non
2142 4868 2333 4929 sponte
2379 4859 2743 4928 ignorantem,
2779 4849 3130 4914 rationesque
3158 4853 3453 4912 suggerere
3482 4838 3567 4891 di-

1994 4969 2150 5010 scere
2178 4951 2442 5021 cupienti,
2474 4959 2528 5004 et
2549 4962 2615 5002 ex
2638 4963 2695 5002 se
2723 4940 3068 5001 insuﬂicienti
3097 4951 3255 5006 opem
3282 4935 3449 4996 ferre,
3474 4946 3569 4985 cu-

1993 5050 2225 5115 ra‘reqne
2252 5044 2523 5098 nolentem
2559 5048 2844 5109 aegrotare,
2876 5045 3040 5104 atque
3070 5032 3173 5085 alia
3191 5028 3409 5099 quidem
3450 5039 3479 5075 a
3519 5032 3570 5075 te

1995 5139 2323 5208 excogitata,
2354 5134 2458 5188 alia
2506 5146 2634 5186 vero
2665 5130 2734 5184 ab
2764 5127 2888 5182 aliis
2930 5133 3196 5188 mutuata,
3236 5114 3579 5183 caeteroquin

1608 5326 1847 5383 VARIxE
1886 5320 2295 5379 LECTIONES.

382 5506 428 5541 ⁸⁸
459 5505 856 5576 ἀνυμνήσωμεν
880 5542 894 5565 ,

313 5594 502 5641 sensu,
552 5568 718 5629 semel
759 5568 1045 5626 monuisse
1090 5570 1223 5641 satis
1248 5568 1500 5641 _videtur:

314 5630 501 5702 πάντα
524 5647 617 5699 καὶ
647 5645 803 5712 λόγον
837 5642 932 5696 καὶ
962 5641 1107 5705 νοῦν,
1130 5638 1199 5712 AP.
1248 5638 1313 5712 Ι),
1349 5633 1747 5712 εστ-θεότητος,

1092 5499 1137 5531 uo
1170 5495 1315 5560 οὔτε,
1353 5494 1413 5549 Ρ.
1440 5492 1502 5546 D.
1538 5489 1725 5543 Variat
1753 5491 1869 5542 haec
1891 5481 2220 5560 coniunctio,
2250 5492 2373 5560 nnam
2398 5471 2723 5560 εἰὶσε-οὒτε,
2759 5463 3043 5560 auagng
3078 5458 3363 5560 scribitur,3
3371 5458 3572 5560 1eo'dezn

1576 5563 1618 5593 eo
1655 5527 2132 5627 Juvslyv‘incugvmv,
2168 5527 2747 5627 D’.MSc.“Sar.Ii‘taqu'e
2777 5529 3271 5627 sgribendniml'ttit;
3343 5529 3385 5559 δι
3436 5527 3574 5627 ὺπέρ

1952 5627 1996 5657 ⁶²
2029 5608 2129 5676 τοῦ⁷
2158 5623 2318 5683 νοεῖν,
2358 5618 2419 5671 Ρ.
2455 5616 2511 5670 S.
2551 5614 2610 5666 D.
2658 5608 2757 5665 Sc.
2816 5608 2936 5683 βυτ.

3015 5604 3060 5635 ⁵³
3091 5601 3198 5653 τῶν
3245 5599 3435 5663 ὄντων,
3471 5597 3573 5649 Ch.

317 5668 492 5702 πάντα
524 5668 617 5699 και
649 5668 803 5712 MJva
837 5668 932 5696 χαι
963 5668 1107 5705 νυυν,
1145 5668 1199 5691 ιθ.
1248 5668 1310 5691 υ.
1350 5668 1438 5690 uc.
1477 5668 1747 5701 υςυηιως,
1788 5668 1845 5681 ν,
2041 5668 2119 5676 --ν
2168 5668 2318 5683 ---_-,
2358 5668 2417 5671 -0
2470 5668 2482 5670 -
2951 5676 2961 5693 ,
3228 5669 3269 5685 Μ

317 5720 362 5750 μ
397 5717 844 5789 συμΨωνήσωμεν
877 5714 961 5775 ἄν,
1122 5710 1165 5741 es
1189 5711 1395 5789 Emam,
1525 5703 1599 5789 Ps
1629 5703 1717 5785 S‘c'
1757 5696 2023 5789 faxsifazl
2045 5696 2169 5755 τοὺς
2202 5691 2396 5789 ἓὺὲὠς
2430 5688 2616 5755 λόγους
2651 5684 2742 5737 και
2774 5680 2871 5743 τὰς
2906 5674 3074 5763 αυτάς
3113 5669 3385 5743 μεθοοους,
3422 5669 3481 5723 Ρ.
3512 5668 3574 5722 D.

317 5790 439 5846 δαν.
469 5782 757 5858 posterius
787 5802 890 5841 non
928 5784 1105 5839 habet.
1187 5783 1227 5812 θτ
1268 5782 1364 5851 μή.

1446 5777 1487 5808 ⁸⁵⁸
1521 5775 1584 5828 δι’
1622 5770 1806 5838 αὑτοῦ,
1841 5771 1905 5823 δι’
1944 5768 2161 5838 ἐτέρων,
2202 5765 2257 5819 S.
2288 5762 2409 5815 Ser.
