3866 6232
352 227 458 280 933

1513 229 1569 285 S.
1596 229 1894 284 DIONYSII
1928 229 2385 287 AREOPAGITAS

3502 207 3613 296 est

352 344 530 395 omnia
557 359 619 396 ex
650 344 764 411 ipso
787 343 928 395 bono
955 353 1198 414 accepta,
1226 346 1277 399 in
1300 360 1395 399 nos
1418 361 1630 416 quoque
1655 347 1921 401 derivare.

2036 368 2136 421 μῃς
2171 352 2213 381 ⁸9
2249 353 2401 420 φίλον
2448 351 2612 421 ἄνδρα
2657 352 2988 423 εὐεργετῶν⁸
3033 352 3164 423 ὁρᾷς
3208 351 3335 424 γὰρ,
3382 355 3465 406 'o.t
3514 358 3614 409 καὶ

352 433 539 504 Neque
594 445 647 490 te
694 436 872 506 pigeat
914 436 1145 489 amicum
1183 437 1353 492 hocce
1389 440 1652 493 beneficio
1676 440 1924 502 allicere;

351 529 535 581 cernis
566 529 734 592 enim,
770 530 846 582 titi
882 544 1055 597 neque
1079 545 1177 584 nos
1209 531 1307 600 ipsi
1333 532 1626 600 quidquam
1653 533 1926 587 rationum

354 622 823 677 hierarchicaruin
857 623 1015 675 nobis
1043 622 1477 677 concreditarnm
1518 624 1659 679 intra
1692 636 1930 680 nosmet-

356 713 503 781 ipsos
544 715 931 780 continuimus,
974 730 1160 770 verum
1193 717 1311 771 illas
1344 718 1569 771 omnino
1606 733 1770 787 puras
1799 733 1922 771 cum

352 810 507 863 vobis
533 820 642 862 tum
678 812 889 865 caneris
921 813 1053 866 viris
1088 814 1314 877 sanctis,
1349 812 1547 881 partim
1583 812 1923 877 tradidimus,

352 903 549 970 partim
579 904 752 955 adhuc
786 905 1087 969 trademus,
1119 920 1215 973 pro
1240 905 1452 959 dicendi
1496 916 1677 959 nostra
1709 914 1766 960 et
1795 905 1929 958 alio-

354 1012 473 1049 rum
526 996 857 1068 intelligendi
908 997 1190 1064 facultate,
1224 1000 1276 1054 in
1314 1016 1372 1055 re
1406 1001 1548 1054 nulla
1584 1001 1927 1055 traditionem

352 1087 641 1155 violantes,
672 1091 771 1144 nisi
805 1090 942 1147 forte
969 1093 1051 1147 vel
1076 1094 1143 1146 ad
1180 1093 1541 1162 eloquendmn
1568 1093 1649 1148 vel
1678 1094 1743 1147 ad
1774 1091 1931 1147 intel-

354 1178 367 1232 l
394 1181 624 1249 gendum
652 1184 1033 1240 imbecilliores
1059 1187 1387 1240 exstitimus.
1426 1185 1529 1239 Sed
1549 1186 1663 1240 hazc
1689 1185 1927 1255 quidem,

354 1280 410 1323 ιιι
439 1272 545 1325 Deo
575 1270 775 1340 placet,
838 1273 917 1327 sic
966 1274 1223 1341 habeant,
1273 1285 1328 1329 et
1363 1275 1504 1330 dicta
1546 1275 1697 1339 sint;
1752 1275 1930 1344 sitque

352 1365 496 1433 quod
538 1365 603 1418 ad
637 1380 736 1421 nos
771 1368 1024 1436 pertinet,
1065 1369 1151 1422 hic
1184 1369 1305 1423 linis
1338 1368 1651 1424 nominibus
1679 1369 1771 1424 Dei
1810 1384 1929 1437 quze

2034 446 2194 514 ἡμεῖς
2222 445 2410 498 οὐδένα
2436 444 2541 497 τῶν
2570 444 2975 515 παραδοθέντων
3010 448 3140 516 ἡμῖν
3178 446 3503 516 ἱεραρχικῶν
3523 447 3615 499 λό-

2036 556 2147 607 γων
2176 541 2254 601 εἰς
2286 539 2508 603 ἑαυτοὺς
2537 539 2970 609 συνεστείλαμεν,
3000 538 3136 591 ἀλλὰ
3163 538 3482 602 ἀνοθεὺτους
3509 541 3615 593 αὑ-

2035 633 2159 695 τοὺς
2188 632 2281 685 καὶ
2302 633 2428 702 ὑμῖν
2459 632 2552 686 καὶ
2583 633 2787 703 ἑτέροις
2810 633 2967 702 ἱεροῖς
2993 631 3217 703 ἀνδράσι
3240 632 3615 702 μεταδεδώκα-

2038 722 2137 792 μέν
2177 738 2235 774 τε
2268 722 2360 774 καὶ
2398 720 2792 792 μεταδώσομεν,
2824 721 2898 783 ὡς
2926 718 2989 773 ἂν
3016 723 3176 791 ἡμεῖς
3201 739 3259 773 τε
3288 723 3462 775 εἰπεῖν
3490 724 3617 775 ἱκα-

2035 814 2115 867 νοὶ
2170 814 2262 867 καὶ
2297 808 2378 877 οἷς
2407 813 2620 883 λέγεται
2650 813 2887 877 ἀκούειν,
2916 814 3033 867 κατ’
3062 813 3212 867 οὐδὲν
3240 814 3339 885 τὴν
3371 815 3617 886 παράδο-

2041 923 2122 960 σιν
2155 906 2481 971 ἀδικοῦντες,
2511 909 2559 959 εἰ
2588 908 2662 978 μὴ
2691 908 2798 977 ἄρα
2830 905 2961 978 πρὸς
2988 906 3084 976 τὴν
3111 907 3294 977 νόησιν
3324 907 3356 978 ἢ
3384 908 3485 977 τὴν
3522 907 3592 961 ἐκ

2039 1016 2237 1071 φρασιν
2261 1000 2438 1054 αὐτῶν
2458 1000 2843 1071 ἁσθενήσομεν.
2880 1000 3037 1053 Ἀλλὰ
3061 1000 3233 1055 ταῦτα
3256 1001 3373 1071 μὲν,
3396 1002 3506 1071 ὅπη
3536 999 3620 1070 τῷ

2036 1091 2155 1165 Θεῷ
2188 1092 2359 1163 φίλον,
2417 1092 2589 1166 ταύτῃ
2641 1092 2810 1164 ἐχέτω
2861 1110 2939 1157 τε,
2978 1094 3070 1146 καὶ
3109 1093 3348 1161 λεγέσθω
3376 1094 3423 1125 ⁷⁸
3446 1112 3461 1124 ο
3519 1095 3621 1147 καὶ

2038 1185 2177 1238 ἔστω
2203 1185 2265 1257 δὴ
2298 1184 2456 1238 τοῦτο
2484 1189 2601 1248 ταῖς
2631 1188 2843 1255 νοηταῖς
2878 1185 3199 1255 θεωνυμίαις
3225 1186 3286 1238 τὸ
3314 1185 3437 1239 καθ’
3464 1187 3621 1256 ἡμᾶς

2033 1279 2235 1350 πέρας·
2282 1280 2375 1331 ἐπὶ
2419 1279 2475 1331 δὲ
2502 1279 2598 1350 τὴν
2630 1278 2958 1351 συμδολικὴν
2978 1278 3275 1347 θεολογίαν,
3306 1280 3622 1351 ἡγουμένου

2032 1370 2189 1435 Θεοῦ,
2214 1370 2421 1443 μεταεῖή
2430 1388 2609 1442 σομαι.

354 1471 509 1511 mens
545 1460 905 1528 excogitavit;
949 1460 1014 1514 ad
1046 1461 1400 1520 st'mbolicam
1440 1474 1570 1514 vero
1604 1460 1927 1531 theologiam

356 1549 469 1604 Deo
493 1550 628 1605 dure
653 1551 914 1609 transibo.

1576 1819 2110 1877 ADNOTATIONES
2142 1819 2277 1877 COR
2287 1818 2489 1875 DERII.

435 1958 463 2029 ᾗ
502 1957 543 2011 l.
592 1957 869 2029 Perfectus
915 1957 1094 2025 itaque
1129 1968 1225 2022 est,
1256 1968 1362 2013 etc.
1400 1956 1651 2021 Pulchre,
1690 1958 1764 2011 uti
1796 1958 1951 2019 solet.
1983 1972 2046 2012 ac
2075 1960 2359 2027 perspicue
2398 1958 2488 2011 Dei
2518 1957 2905 2029 perfectionem
2937 1973 3003 2011 ex
3044 1960 3145 2013 hoc
3176 1958 3351 2028 capite
3382 1957 3618 2014 Lessins

360 2027 557 2151 Hrdbat
590 2028 681 2085 lib.
701 2044 813 2151 rvn,
841 2028 913 2082 De
936 2030 1346 2095 perfectionibus
1370 2029 1581 2091 dit-iiiis,
1611 2044 1734 2098 cap.
1764 2029 1817 2093 2,
1847 2029 2057 2093 dicens,
2086 2030 2399 2101 Dionysium
2447 2030 2534 2084 hic
2561 2027 2756 2083 alferre
2781 2039 3017 2097 quatuor
3038 2027 3275 2085 rationes
3295 2069 3311 2090 ,
3335 2045 3435 2085 cur
3473 2030 3625 2085 Deus

403 2103 576 2151 icatur
601 2115 695 2151 ner
719 2110 891 2151 ectus.

362 2103 576 2156 dicatur
601 2103 891 2156 perfectus.

434 2117 447 2151 Ἴ
787 2115 837 2149 ll
878 2138 891 2152 .

810 2116 903 2224 lesst
926 2171 1236 2242 αὐτοτελής,
1266 2170 1318 2222 id
1344 2179 1426 2242 est
1456 2186 1549 2237 per
1580 2186 1634 2222 se
1659 2170 1942 2238 perfectus,
1975 2184 2102 2242 qqu
2142 2169 2479 2238 significatur
2510 2168 2655 2242 illttm
2682 2186 2785 2224 non
2809 2170 3108 2242 accepisse
3130 2169 3521 2242 perfectionem
3549 2173 3626 2226 ab

365 2242 495 2307 alio,
519 2243 634 2294 sive
668 2252 728 2293 ut
758 2256 786 2293 a
817 2256 978 2295 causa
1014 2240 1281 2296 elliciente
1312 2241 1427 2293 sive
1456 2249 1514 2292 ut
1545 2255 1573 2294 a
1602 2256 1765 2294 causa
1795 2241 2029 2305 fortnali,
2061 2240 2203 2294 sicut
2229 2242 2287 2293 fit
2314 2243 2366 2293 in
2396 2241 2686 2305 creaturis,
2727 2241 2820 2294 sed
2847 2242 3047 2295 habere
3070 2255 3281 2294 omnem
3321 2240 3627 2308 perfectio-

367 2330 489 2366 nem
516 2328 545 2365 a
576 2312 686 2364 sola
721 2310 1123 2377 simplicissima
1156 2311 1389 2365 essentia
1422 2325 1516 2363 sua
1537 2328 1549 2376 ;
1574 2312 1714 2364 unde
1745 2312 1912 2379 ipsius
1949 2310 2211 2379 perfectio
2238 2326 2340 2364 non
2365 2314 2643 2379 consurgit
2672 2326 2736 2364 ex
2764 2311 3193 2365 accumulatione
3217 2311 3508 2365 multarum
3535 2326 3627 2367 re-

370 2400 511 2447 rum,
538 2384 680 2436 sicut
720 2381 772 2435 in
808 2383 1100 2445 creaturis,
1122 2397 1352 2452 quarum
1385 2380 1528 2433 nulla
1555 2382 1660 2452 dici
1690 2390 1867 2449 potest
1898 2380 2205 2452 αὐτοτελής,
2239 2383 2334 2435 sed
2362 2396 2423 2435 ex
2451 2398 2553 2436 una
2580 2396 2639 2435 re
2668 2380 3227 2450 simplicissima,qu:e
3253 2382 3485 2448 ipsemet
3512 2392 3624 2447 est,

366 2463 420 2506 et
452 2456 523 2508 ita
553 2468 649 2519 per
670 2466 749 2517 se,
778 2453 1072 2506 secundum
1098 2450 1260 2504 omne
1288 2466 1457 2519 genus
1490 2450 1858 2519 perfectionis,
1879 2462 1963 2505 est
1989 2451 2439 2521 perfectissimus.

439 2524 712 2585 Secunda,
740 2522 868 2593 quia
899 2530 981 2575 est
1008 2522 1338 2593 ὑπερτελής,
1371 2522 1422 2573 id
1447 2531 1527 2575 est
1560 2520 2001 2590 superperfectus,
2038 2522 2141 2575 hoc
2167 2532 2252 2575 est
2280 2524 2425 2576 omni
2448 2520 2777 2591 perfectione
2799 2522 3145 2589 conceptibili
3173 2522 3421 2590 superior
3441 2531 3497 2576 et
3524 2538 3628 2576 ex-

368 2593 692 2659 cellentior;
729 2592 864 2646 nihil
893 2593 1038 2645 enim
1072 2608 1101 2645 a
1126 2592 1309 2647 mente
1338 2601 1522 2662 creata
1549 2602 1657 2645 tam
1690 2608 1973 2662 magnum,
2003 2602 2110 2645 tam
2144 2592 2400 2645 eximium
2425 2603 2481 2645 et
2515 2593 2809 2659 excellens,
2834 2601 3011 2662 potest
3040 2594 3287 2662 COgitari,
3316 2596 3445 2661 quin
3477 2594 3625 2646 Deus

402 2628 468 2647 υ..
1072 2628 1101 2645 .
1131 2628 1309 2647 ...υιηυ
1338 2628 1522 2646 μνη..
1549 2628 1657 2645 ...ιη
2003 2628 2110 2645 ια...
2144 2628 2399 2645 ..............
2425 2628 2481 2645 υ.
2515 2628 2523 2644 .

372 2628 630 2718 iniiinities
652 2636 723 2717 sit
750 2662 1107 2717 excellentior
1135 2674 1188 2717 et
1224 2663 1412 2732 major.
1452 2661 1565 2734 lloc
1602 2628 1895 2716 denotiftur
1926 2628 2015 2716 ifla
2040 2676 2171 2717 voce
2197 2661 2523 2734 ὑπερτελής,

441 2734 649 2815 Tertia,
683 2735 811 2803 quia
843 2750 949 2787 non
974 2745 1158 2801 poteSt
1184 2736 1372 2793 augeri
1400 2733 1483 2786 vel
1515 2735 1705 2793 minui,
1739 2744 1992 2801 tanquam
2016 2734 2200 2789 omnia
2236 2733 2526 2801 anticipata
2562 2742 2617 2790 et
2644 2742 2909 2803 praecepta
2936 2747 3033 2802 per
3063 2748 3216 2789 suam
3247 2735 3541 2788 essentiam
3569 2734 3627 2788 in

369 2821 429 2860 se
457 2813 761 2860 continens.

444 2876 677 2941 Quarta,
702 2875 827 2944 quia
855 2874 927 2927 ita
952 2874 1140 2942 plenus
1163 2884 1218 2928 et
1253 2873 1608 2944 superplenus
1627 2882 1710 2929 est
1730 2876 1982 2930 omnibus
2010 2874 2191 2940 bonis.
2224 2884 2282 2931 ut
2310 2875 2479 2931 veluti
2508 2874 2632 2932 fons
2665 2874 3021 2930 inexhaustus
3049 2874 3313 2930 exuberet
3343 2884 3400 2931 et
3424 2876 3627 2931 redun-

374 2948 464 3001 det
494 2957 751 3015 perpetua
785 2955 840 2999 et
869 2946 1175 2999 incessabili
1201 2946 1487 3015 largitione
1516 2946 1777 2999 donorum
1807 2947 1859 2999 in
1894 2962 2085 3002 omnes
2117 2964 2205 3003 res
2227 2958 2459 3001 creatas.

449 3017 601 3071 Unde
630 3029 797 3085 patet,
826 3016 990 3069 Deum
1018 3016 1121 3070 dici
1151 3016 1750 3088 perfectum,_quiaest
1789 3019 2182 3088 auctoromnis
2210 3016 2566 3088 perfectionis
2603 3016 2872 3088 naturalis
2895 3024 2949 3071 et
2979 3015 3417 3085 supernaturalis
3460 3017 3514 3070 in
3540 3032 3629 3072 re-

374 3090 478 3143 bus
499 3089 774 3150 omnibus,
809 3102 839 3139 a
872 3088 1102 3141 summis
1124 3097 1180 3140 et
1205 3086 1305 3155 ipsi
1337 3085 1694 3157 vicinissiinis
1718 3102 1892 3155 usque
1924 3087 1991 3141 ad
2019 3085 2318 3153 extremas,
2344 3103 2373 3140 a
2404 3088 2576 3157 prima
2608 3087 2909 3141 substantia
2933 3096 3184 3157 separata
3214 3101 3385 3154 usque
3409 3088 3476 3141 ad
3507 3089 3629 3141 inti-

376 3176 522 3215 tuam
546 3160 856 3222 materiam,
884 3166 936 3208 et
956 3157 1128 3223 ipsius
1159 3158 1370 3210 radium
1395 3156 1706 3226 pertingere
1734 3161 1801 3211 ad
1823 3159 2028 3221 omnia,
2056 3159 2215 3228 idque
2263 3174 2367 3211 non
2391 3158 2558 3213 semel
2588 3167 2823 3221 tantum,
2853 3158 2948 3228 sed
2981 3156 3210 3228 assidue
3233 3167 3288 3210 et
3313 3158 3628 3212 indesinen-

379 3242 480 3285 ter.
507 3229 623 3282 Non
651 3228 793 3283 enim
839 3228 970 3301 satis
995 3235 1077 3301 est
1107 3228 1408 3301 Deumsua
1435 3230 1576 3280 dona
1610 3228 1799 3301 semel,
1832 3229 1945 3282 sive
1983 3226 2245 3301 materiae,
2282 3228 2395 3283 sive
2433 3231 2644 3301 gratim,
2676 3228 2791 3301 sive
2813 3227 3022 3301 gloriae,
3045 3226 3328 3288 infudisse.
3359 3228 3457 3281 sed
3488 3228 3629 3282 hanc

378 3301 708 3355 infusionem
757 3310 810 3351 et
838 3298 1181 3366 largitionem
1221 3297 1421 3349 debere
1449 3312 1568 3351 esse
1598 3299 1915 3352 continuam
1950 3308 2003 3353 et
2036 3297 2460 3360 indesinentem';
2509 3299 2744 3367 alioquin
2795 3297 2976 3351 omnia
3019 3307 3297 3351 momento
3333 3312 3629 3351 evanesce-

377 3381 519 3426 rent.
552 3369 737 3439 Neque
766 3368 937 3439 solum
975 3369 1103 3436 quia
1134 3376 1216 3439 est
1246 3379 1437 3421 auctor
1463 3378 1520 3421 ttt
1546 3383 1707 3422 causa
1744 3368 2000 3432 efﬁciens,
2030 3372 2122 3439 sed
2140 3370 2302 3423 etiam
2331 3368 2485 3438 531
2518 3371 2643 3435 quia
2673 3378 2757 3422 est
2782 3367 3060 3435 exemplar
3080 3376 3135 3421 et
3165 3382 3419 3420 mensura
3452 3369 3629 3439 omnis

376 3438 746 3513 perfectionis.
777 3438 833 3493 In
872 3441 1033 3513 rebus
1061 3438 1433 3513 eniin__creatis
1449 3439 1654 3513 dicitur
1680 3439 1885 3513 aliquid
1912 3438 2298 3513 perfecuturin
2322 3455 2544 3513 natura,
2572 3441 2703 3513 quia
2727 3450 2809 3492 est
2829 3452 3202 3513 commensuut
3234 3453 3331 3491 suo
3354 3438 3629 3513 exempla-

377 3508 447 3577 i'i,
481 3513 778 3566 secundum
808 3510 949 3577 quod
982 3518 1065 3563 est
1086 3510 1363 3562 conditum
1396 3508 1447 3579 in
1482 3508 1570 3561 tali
1605 3512 1817 3579 specie;
1846 3511 1984 3563 sicut
2010 3509 2065 3562 iti
2089 3509 2368 3563 artefactis
2391 3509 2441 3563 id
2474 3521 2556 3564 est
2590 3512 2911 3577 perfecunn,
2939 3509 3083 3576 quod
3115 3517 3306 3561 exacte
3328 3511 3629 3576 respondet

378 3583 665 3652 conccptui
699 3592 749 3634 et
791 3580 995 3652 regulis
1024 3579 1369 3652 artis;_un_de
1392 3578 1574 3652 ipsum
1606 3578 1885 3652 exemplar
1913 3590 1997 3634 est
2025 3596 2119 3648 per
2153 3595 2212 3634 se
2248 3590 2301 3635 et
2327 3581 2663 3650 originaliter
2695 3579 3019 3648 perfectum,
3054 3580 3257 3652 alisque
3290 3592 3535 3645 respectu
3562 3579 3629 3652 ad

380 3648 843 3721 alium-tanquam
875 3651 1047 3717 prima
1087 3648 1434 3717 perfectionis
1476 3651 1685 3719 regula.
1724 3653 1912 3719 Itaque
1952 3653 2064 3719 ipse
2094 3652 2366 3719 perfectus
2411 3648 2634 3712 dicitur,
2685 3659 2739 3704 et
2784 3660 3037 3717 tanquam
3072 3648 3193 3721 fons
3220 3663 3286 3700 ex
3314 3664 3421 3715 quo
3452 3649 3632 3721 omnis

380 3724 650 3798 perfectio
682 3717 891 3798 natura:
923 3721 1219 3798 in_ontnia_,
1258 3734 1379 3788 qua:
1404 3717 1589 3790 aliquo
1623 3725 1782 3776 modo
1820 3717 1980 3781 sunt,
2005 3717 2211 3785 manat,
2239 3731 2295 3776 et
2335 3732 2592 3789 tanquam
2623 3735 2898 3784 mensura,
2928 3734 2993 3773 ex
3026 3717 3180 3787 cujus
3217 3720 3633 3774 cointnensione

382 3789 496 3870 ipsa
527 3794 872 3870 perfectionis
899 3789 1034 3870 ratio
1055 3791 1271 3859 pendet.

457 3859 590 3924 lliiic
615 3883 680 3923 ex
706 3866 895 3919 eodem
927 3860 1112 3914 Lessro
1144 3876 1261 3926 cap.
1291 3859 1339 3921 1,
1370 3861 1562 3931 collige
1592 3862 1931 3932 quadruplex
1968 3862 2259 3917 discrimen
2294 3863 2436 3919 inter
2464 3862 2856 3932 perfectionem
2892 3860 2984 3913 Dei
3034 3870 3090 3915 et
3140 3868 3411 3914 creaturae
3462 3860 3630 3913 etiam

384 3936 877 3997 excellentissime.
908 3933 1174 3993 Primum,
1206 3933 1352 3998 quod
1382 3933 1520 3986 Deus
1545 3950 1648 3987 non
1675 3934 1874 3988 habeat
1900 3934 2289 4001 perfectionem
2319 3944 2373 3986 et
2408 3934 2787 3988 excellentiam
2819 3947 2969 3983 suam
3002 3933 3069 3984 ab
3095 3932 3222 3995 alio,
3249 3932 3346 4001 sed
3368 3947 3397 3981 a
3430 3944 3491 3982 se
3516 3941 3634 3982 tan-

384 4024 522 4077 tum,
559 4011 673 4077 ipse
698 4000 1986 4077 enitnestprimusactus,pi'intaperlectio,et
2009 4008 2240 4072 primum
2268 4006 2471 4060 bonum
2505 4004 2870 4077 independens
2895 4001 2963 4054 ab
2985 4006 3133 4054 otnni
3166 4003 3295 4077 alio,
3330 4000 3452 4077 fons
3476 4002 3634 4077 inex-

384 4071 609 4136 haustus
641 4077 820 4134 omnis
847 4074 971 4128 boni
994 4083 1047 4126 et
1075 4071 1265 4145 omnis
1288 4071 1669 4145 perfectionis;
1698 4085 1955 4128 creatura
1985 4071 2112 4128 vero
2135 4091 2350 4129 onmem
2382 4091 2534 4128 suam
2561 4071 2952 4145 perfectionem
2987 4083 3043 4125 et
3074 4074 3374 4145 bonitatem
3399 4072 3566 4124 habet
3602 4086 3635 4121 a

385 4154 516 4208 Deo.
553 4152 707 4205 Sicut
734 4149 787 4200 in
830 4148 994 4267 rellius
1023 4144 1299 4211 corporeis
1322 4142 1404 4198 sol
1428 4145 1592 4201 habet
1613 4146 1793 4199 lumen
1825 4160 1855 4198 a
1903 4145 2103 4215 seipso,
2137 4146 2189 4198 id
2219 4156 2301 4200 est
2336 4161 2445 4200 non
2469 4147 2537 4199 ab
2561 4142 2673 4198 alio
2699 4144 2879 4211 aliquo
2902 4158 3151 4212 corpore,
3181 4143 3351 4198 stella:
3376 4156 3507 4195 vero
3535 4145 3634 4195 ha-

389 4228 517 4267 lmnl
548 4224 725 4267 lumen
759 4233 788 4267 a
818 4232 878 4267 SO
902 4233 951 4267 8.

388 4228 517 4278 bent
546 4224 725 4276 lumen
759 4233 788 4269 a
818 4224 951 4270 sole.

460 4294 595 4347 llinc
614 4288 1106 4361 sequituralterum
1132 4284 1449 4361 discrimen,
1468 4286 1613 4357 quod
1639 4285 1901 4361 perfectio
1926 4287 2019 4343 Dei
2040 4288 2126 4361 sit
2154 4302 2380 4361 prorsus
2404 4287 2674 4361 illimitata
2697 4295 2752 4361 et
2772 4284 3001 4353 infinita,
3033 4292 3300 4361 creaturae
3330 4282 3632 4361 vero_limi-

390 4375 497 4418 tata
528 4373 583 4417 et
618 4355 843 4416 astricta
870 4360 937 4411 ad
960 4368 1165 4411 certam
1190 4356 1450 4426 speciem.
1482 4355 1614 4412 Cum
1640 4355 1787 4412 enim
1824 4360 2087 4425 perfectio
2115 4355 2294 4413 divina
2327 4374 2431 4412 non
2458 4359 2530 4412 sit
2560 4358 2628 4411 ab
2661 4356 2788 4420 alio,
2821 4373 2927 4410 non
2968 4358 3133 4411 habet
3169 4372 3197 4408 a
3230 4371 3339 4425 quo
3373 4355 3633 4407 limitetur

389 4446 484 4488 aut
511 4446 822 4487 mensuram
849 4428 1098 4496 accipiat;
1122 4444 1185 4480 ac
1209 4428 1429 4493 proinde
1452 4443 1673 4483 necesse
1704 4438 1786 4481 est
1820 4445 2039 4483 manere
2076 4430 2400 4483 illitnitatam
2435 4430 2488 4482 in
2520 4428 2876 4495 amplitudine
2894 4429 2977 4481 sui
3004 4439 3329 4495 conceptus;
3365 4434 3633 4478 creatum

390 4522 519 4558 vero
556 4503 819 4574 perfectio
855 4516 976 4553 cum
1004 4500 1075 4551 sit
1104 4514 1131 4550 a
1154 4498 1579 4574 Deo,_limitatur
1606 4501 1900 4574 secundum
1931 4502 2338 4574 modtnngquem
2383 4500 2433 4554 ei
2451 4498 2692 4574 imponit
2740 4499 2922 4552 divnia
2956 4500 3244 4567 sapientia,
3276 4498 3424 4551 sicut
3453 4496 3633 4548 omnia

391 4570 721 4643 opera—artis
753 4586 1063 4643 mensuram
1098 4579 1152 4621 et
1179 4571 1395 4621 modum
1427 4579 1481 4643 et
1507 4571 1798 4643 terminum
1832 4572 2194 4643 accipiuntab
2224 4580 2343 4623 arte
2374 4570 2608 4643 qpilicrs.

464 4646 730 4708 Tertium,
756 4645 903 4711 quod
939 4641 1083 4694 Deus
1111 4654 1326 4692 onmem
1361 4640 1747 4711 perfectionem
1776 4656 1927 4693 suam
1954 4635 2149 4694 habeat
2178 4656 2277 4708 per
2302 4635 2601 4709 simplicem
2630 4655 2784 4696 suam
2813 4641 3125 4705 essentiam,
3152 4638 3296 4691 nulla
3322 4637 3429 4690 alia
3460 4635 3633 4689 forma

393 4718 480 4771 vel
508 4719 668 4770 modo
702 4710 829 4768 reali
860 4712 1179 4773 accedente;
1213 4727 1370 4764 secus
1398 4710 1451 4763 in
1492 4712 1777 4767 creaturis.
1812 4714 1963 4763 Nulla
1994 4712 2139 4765 enitn
2178 4722 2427 4765 creatura
2470 4714 2632 4764 habet
2670 4728 2885 4766 onmem
2923 4712 3327 4782 perfectionem
3346 4724 3443 4777 per
3480 4724 3634 4760 suam

394 4787 711 4850 essentiam,
753 4787 845 4838 sed
882 4799 1017 4851 opus
1043 4792 1127 4835 est
1153 4782 1378 4836 intinitis
1410 4784 1798 4850 propemodum
1828 4782 2017 4835 formis
2046 4792 2101 4834 et
2124 4782 2550 4850 perfectionibus
2572 4780 3007 4850 accesseriis,_ut
3029 4784 3263 4850 perlecta
3286 4780 3379 4844 sit,
3409 4788 3467 4831 ut
3488 4789 3635 4847 patet

396 4860 451 4911 in
486 4857 714 4923 angelis,
747 4870 976 4923 quorum
1010 4863 1187 4906 tamen
1228 4864 1422 4907 natura
1450 4853 1590 4905 inter
1617 4852 1947 4906 substantias
1978 4864 2191 4906 creatas
2223 4864 2307 4906 est
2338 4852 2740 4921 simplicissnna
2792 4865 2845 4908 et
2889 4852 3285 4922 perfectissima
3338 4866 3352 4900 :
3403 4860 3462 4902 ut
3492 4852 3635 4923 enim

396 4922 642 4983 omittam
668 4922 940 4992 potentias
961 4933 1016 4977 et
1039 4925 1251 4991 species
1284 4923 1668 4992 intelligibiles,
1703 4938 1839 4992 opus
1877 4934 1962 4977 est
1998 4924 2102 4975 illis
2143 4924 2392 4991 plurimis
2415 4923 2689 4978 babitibus
2730 4935 2785 4978 et
2829 4924 3309 4988 illustrationibus,
3342 4929 3397 4974 et
3424 4922 3636 4973 actibus

398 5008 512 5052 tum
540 4998 845 5050 intellectus
880 5007 990 5048 tum
1019 4996 1334 5059 voluntatis,
1371 5006 1427 5049 ut
1451 4994 1673 5063 perfecti
1698 4999 1828 5050 sint.

470 5068 609 5122 llinc
632 5069 880 5135 sequitur
906 5076 1157 5133 quartum
1188 5069 1502 5130 discrimen,
1527 5069 1672 5135 quod
1696 5070 1873 5119 divina
1900 5063 2164 5135 perfectio
2200 5080 2305 5119 non
2333 5064 2501 5132 possit
2531 5080 2765 5135 unquam
2785 5067 2968 5136 augeri
2992 5065 3076 5121 vel
3109 5064 3275 5118 minui
3304 5077 3469 5118 :cuut
3494 5065 3635 5117 enini

399 5150 520 5194 actu
550 5138 747 5192 habeat
776 5152 992 5191 omnem
1019 5138 1401 5205 perfectionem
1440 5139 1770 5207 p0ssibilem,
1804 5140 1948 5190 nulla
1984 5136 2031 5188 ci
2063 5138 2176 5188 liert
2208 5146 2390 5203 potest
2436 5152 2715 5203 accessio;
2748 5150 2802 5192 et
2834 5155 2958 5192 cum
2998 5140 3197 5192 habeat
3238 5136 3384 5188 illaut
3425 5149 3525 5201 per
3554 5152 3634 5207 es-_

398 5211 632 5279 sentiam
659 5218 714 5263 et
748 5224 777 5261 a
806 5226 885 5274 se,
935 5223 1040 5259 non
1071 5219 1245 5276 potest
1283 5209 1335 5265 ei
1372 5205 1477 5262 ulla
1517 5212 1631 5263 fieri
1664 5212 1951 5263 detractio.
1990 5208 2216 5273 Oportet
2258 5208 2401 5259 enim
2429 5208 2604 5275 ipsum
2632 5212 2924 5263 essentiam
2956 5224 3109 5263 suam
3144 5208 3421 5266 amittere,
3471 5216 3529 5279 ut
3559 5205 3635 5279 vel

402 5278 682 5335 minimum
704 5280 834 5349 quid
859 5296 970 5333 sua:
1000 5283 1350 5347 perfectionis
1380 5284 1628 5345 deserat;
1652 5290 1916 5336 creatur-.e
1946 5294 2074 5330 vero
2101 5279 2364 5346 perfectio
2388 5287 2565 5345 potest
2591 5290 2645 5332 et
2669 5282 2787 5335 sine
2814 5285 2920 5333 line
2953 5282 3163 5349 augeri,
3188 5289 3243 5333 et
3275 5291 3446 5343 usque
3479 5278 3531 5329 in
3562 5278 3632 5329 ni-

401 5351 572 5405 hiltttn
602 5352 872 5406 imminui.
905 5351 1132 5404 Possent
1161 5354 1324 5405 etiam
1351 5352 1527 5417 angeli
1554 5364 1608 5404 et
1633 5352 1881 5405 homines
1912 5350 2077 5410 beati,
2107 5353 2214 5400 Deu
2245 5350 2318 5401 ita
2351 5354 2691 5418 disponente,
2717 5367 2966 5408 crescere
2990 5365 3111 5407 sine
3142 5351 3373 5406 termino
3399 5350 3455 5401 itt
3486 5350 3631 5402 clari-

404 5433 513 5477 tate
542 5424 769 5477 visionis
798 5423 994 5478 divina:
1016 5432 1070 5476 et
1092 5439 1276 5477 amore
1301 5426 1573 5489 beatilico,
1602 5435 1657 5479 et
1684 5425 1854 5478 etiam
1883 5435 2043 5475 omne
2073 5424 2277 5477 bonum
2302 5434 2458 5474 suum
2490 5425 2761 5478 amittere.

1717 5588 1950 5643 VARIAE
1995 5587 2388 5645 LECTIONES.

536 5700 592 5765 ,ιν
625 5700 947 5771 ἀποκάμοις,
984 5704 1043 5759 D.
1136 5707 1178 5736 ⁷ο
1215 5707 1305 5757 καὶ
1340 5704 1569 5772 ἀγέσθω,
1606 5706 1704 5761 Ch.
