3866 6232
204 301 309 357 9⁸³3
778 300 861 356 DE
894 298 1149 355 DIVINIS
1176 296 1579 361 NOMINIBUS,
1612 298 1764 354 CAP.
1804 298 1942 354 XIII.
1969 330 2037 337 ——
2072 297 2423 354 PARSPHR.
2460 298 2907 356 PACHYMERA‘Z
3351 303 3456 357 936

281 416 308 485 §
352 414 414 469 ll.
454 414 541 469 Un
569 434 604 468 ες
634 428 832 476 autent,
866 418 989 482 quia
1011 425 1087 469 est
1112 417 1287 467 omnia
1311 416 1481 478 unice,
1503 426 1607 470 etc.
1636 414 1772 467 Ilinc
1796 414 2218 486 Cypﬁarisrsiolus,
2252 416 2453 472 decade
2485 434 2540 482 ι,
2575 417 2883 486 Theologiaa
2921 418 3225 472 materiatae
3269 420 3456 483 decem

201 486 477 553 Capitibus
500 501 529 541 c
554 488 793 541 includit.
821 487 1001 540 Primo
1048 505 1058 538 :
1103 486 1219 538 Non
1245 495 1500 553 oportere
1525 500 1773 554 quaerere
1805 486 1854 536 in
1882 485 2170 547 Trinitate,
2196 501 2315 553 quae
2340 503 2501 553 supra
2524 485 2885 542 substantiam
2904 496 3006 551 est,
3031 489 3246 544 habitus
3270 501 3324 543 et
3348 493 3460 549 dis-

203 556 544 622 positiones;
590 573 763 625 neque
794 573 913 612 esse
951 558 1130 625 aliqua
1165 557 1311 610 circa
1341 557 1509 622 ipsam
1543 571 1665 624 qme
1708 554 2230 625 substantiamiejus
2275 558 2602 622 compleant.
2650 559 2942 612 Secundo:
2979 558 3093 612 Non
3130 574 3249 614 esse
3289 563 3455 619 etiam

201 624 953 701 accidentiaquarpiamgquaa
987 624 1053 681 in
1076 626 1379 701 substantia
1404 626 1520 701 ejus
1546 627 1812 681 exsistant
1836 642 1850 690 ;
1889 640 1987 680 nec
2012 624 2342 681 differentias
2361 628 2744 701 substantiales
2771 629 2824 682 in
2863 630 2974 697 ipsa
3006 629 3251 701 intelligi,
3282 632 3455 700 siqui-

200 697 324 767 dem
345 707 400 751 et
435 698 488 751 in
520 699 876 767 incorporeis,
914 714 1036 766 quae
1071 699 1139 751 ab
1168 698 1279 761 ipsa
1312 698 1571 763 producta
1610 705 1755 758 sunt,
1789 711 1894 749 non
1929 704 2153 767 oportet,
2178 712 2423 764 quaerere
2458 697 2818 753 differentiam
2847 697 3271 765 substmtiaﬂet
3293 697 3456 758 ener-

199 765 325 840 gite,
345 782 540 836 neque,
580 765 834 837 tanquam
864 765 1009 822 aliud
1042 770 1109 821 ab
1133 768 1257 830 alio,
1278 768 1388 840 ista
1418 777 1474 820 ut
1505 767 1771 840 exsistant
1802 767 2079 819 accidere.
2115 766 2319 840 Tertio,
2349 772 2488 837 quod
2521 769 2574 822 in
2603 771 2832 834 unitate,
2871 786 2991 838 quze
3014 787 3172 840 supra
3202 774 3455 828 substan-

202 839 330 909 tiam
360 848 462 903 est,
490 855 591 893 nou
613 836 997 907 sitquaerenda
1030 840 1228 907 ubique
1259 836 1560 891 differentia
1586 848 1868 909 causa;_et
1892 851 2106 909 causam
2138 836 2407 901 habentis,
2441 840 2528 893 ubi
2553 854 2620 893 ex
2650 842 2826 907 seipsa
2852 836 3049 895 dicitur
3074 836 3367 909 exsistere;
3402 855 3455 900 et

199 907 292 959 ubi
317 922 380 960 ex
408 910 582 977 seipsa
610 911 790 978 prodit
824 925 919 962 sua
947 912 1159 979 energia
1185 909 1298 962 sive
1322 909 1599 974 operatio;
1625 913 1681 962 et
1710 907 1799 962 ubi
1828 923 1893 979 ex
1917 908 2115 979 seipsa,
2150 921 2204 961 et
2234 924 2331 977 per
2364 912 2624 977 seipsam,
2660 912 2727 965 ad
2760 912 2994 979 seipsam
3024 925 3248 967 remeat.
3278 907 3455 977 Quar-

200 984 278 1040 to,
311 980 453 1046 quod
484 976 535 1033 in
560 976 771 1036 unitate
807 976 1492 1051 Trinitatisnonroporteat
1531 992 1780 1051 quaerere
1815 978 1962 1051 aliud
1997 976 2382 1051 substantiam,
2425 976 2481 1035 et
2521 980 2667 1034 aliud
2706 976 2984 1049 energiam
3031 983 3146 1037 sive
3176 976 3453 1051 Operatio-

197 1062 355 1124 neni;
385 1063 560 1119 neque
590 1053 696 1124 tegi
717 1052 1063 1124 homonymia
1094 1050 1241 1105 verbi
1271 1050 1532 1124 energim,
1562 1065 1666 1124 nec
1686 1049 2000 1103 existimare
2024 1064 2127 1101 non
2155 1049 2296 1103 idem
2326 1065 2446 1105 esse
2480 1051 2531 1103 in
2558 1066 2621 1104 ea
2671 1053 3034 1124 substantiam
3069 1062 3123 1107 et
3148 1049 3450 1124 energiam.

196 1118 426 1192 Quinto,
455 1118 597 1188 quod
631 1118 684 1175 iii
713 1118 942 1185 unitate,
975 1136 1096 1191 qua:
1119 1136 1280 1190 supra
1302 1119 1665 1192 substantiam
1694 1129 1799 1192 est_,
1839 1129 2231 1192 nouoporteat
2254 1136 2501 1190 qurerere
2532 1123 2808 1190 energiam
2845 1139 2939 1192 per
2970 1139 3027 1178 se
3044 1126 3162 1177 sine
3199 1118 3455 1180 substan-

198 1190 295 1247 tia.
330 1198 384 1243 et
409 1186 513 1244 non
540 1207 638 1266 per
653 1186 1125 1266 se__exsisteniem_;
1161 1186 1334 1266 neque
1361 1191 1602 1266 cogitare
1628 1190 1787 1266 simul
1816 1189 1963 1243 aliud
1993 1190 2125 1257 quid
2150 1186 2415 1261 etim—ipsa
2451 1186 2691 1266 unitate;
2719 1186 2895 1261 neque
2922 1194 2995 1247 ab
3027 1195 3454 1266 eadistinguere

196 1272 354 1312 suam
381 1264 678 1331 energiam.
706 1264 899 1326 Sexto,
923 1264 1065 1331 quod
1096 1263 1149 1315 in
1178 1262 1386 1314 unitate
1416 1261 1701 1315 Trinitatis
1725 1276 1830 1313 non
1857 1269 2105 1328 oporteat
2136 1276 2381 1329 quaerere
2412 1262 2559 1316 aliud
2586 1262 2942 1318 substantiam
2978 1275 3035 1318 et
3060 1265 3204 1319 aliud
3233 1261 3452 1320 bonita-

196 1338 332 1394 tem,
359 1346 459 1385 nec
481 1330 626 1387 aliud
662 1333 891 1387 formam
916 1330 969 1387 et
996 1332 1142 1386 aliud
1163 1332 1548 1397 substantiam,
1582 1345 1682 1385 nec
1712 1330 1860 1383 aliud
1890 1332 2051 1384 vitam
2084 1334 2166 1384 vel
2192 1334 2518 1401 sapientiam
2555 1333 2638 1386 vel
2670 1335 2948 1398 virtutem,
2990 1334 3135 1388 aliud
3164 1350 3293 1389 vero
3316 1338 3447 1390 sub-

192 1401 451 1479 stantiam
470 1402 737 1479 ejusdem.
770 1404 1040 1479 Septimo,
1078 1419 1182 1457 non
1218 1404 1348 1479 item
1380 1402 1730 1479 quaerendum
1760 1401 1926 1479 .aliud
1966 1404 2496 1479 esse__cogitit_ionem
2529 1404 2683 1479 ejus,_
2718 1407 2799 1457 vel
2843 1405 3168 1479 charitatem
3193 1405 3330 1479 ejus,
3366 1407 3449 1461 vel

192 1469 658 1543 pulchritudinem
690 1469 943 1540 ejusfvel
978 1469 1443 1543 immortalitatem
1474 1472 1609 1537 ejus,
1636 1484 1690 1525 et
1723 1471 1825 1525 alia
1856 1472 2140 1537 ejusmodi,
2175 1469 2322 1526 aliud
2348 1488 2477 1528 vero
2507 1469 2838 1543 singularem
2869 1474 2988 1543 ejus
3010 1469 3371 1530 substatitiam
3396 1488 3453 1531 et

191 1542 572 1619 exsisteutiam
601 1559 933 1619 supraquam
984 1545 1246 1619 divinam.
1269 1542 1495 1607 Octavo,
1521 1544 1664 1619 quod
1699 1543 1752 1596 in
1792 1544 2001 1619 unitate
2027 1557 2191 1611 supra
2223 1542 2716 1619 substantiamjnon
2740 1542 2990 1619 Oporteat
3025 1560 3291 1619 qutet'ere,
3322 1548 3448 1619 quia

191 1610 313 1687 haec
356 1624 459 1687 est_
484 1610 689 1678 omnia,
721 1610 925 1669 Idcirco
955 1615 1119 1667 multa
1144 1614 1259 1683 ejus
1289 1628 1446 1687 esse;
1479 1610 1551 1687 ct,
1575 1612 2040 1687 diversaomuia;
2073 1610 2157 1687 est
2186 1614 2331 1687 enim
2356 1630 2420 1668 ea
2455 1615 2636 1687 omnia
2679 1610 2791 1681 ipsa
2824 1616 3009 1687 divina
3044 1610 3103 1670 et
3141 1610 3299 1670 beata
3332 1610 3451 1687 ejus

188 1680 525 1748 Substantia,
551 1700 671 1753 quae
697 1687 859 1757 habet
886 1687 1092 1749 Omnia,
1122 1680 1227 1738 non
1256 1695 1312 1737 ut
1334 1684 1441 1757 alia
1479 1685 1532 1738 in
1566 1683 1693 1745 alio,
1725 1684 1820 1737 sed
1850 1682 1967 1757 sine
2000 1682 2320 1757 habitudine
2354 1694 2409 1739 et
2434 1685 2681 1757 collecte,
2704 1680 2859 1739 nihil
2895 1687 3099 1757 habens
3142 1680 3378 1757 duplex;
3395 1697 3451 1742 et

187 1766 357 1820 supra
382 1770 543 1809 onme
574 1772 760 1810 unum.
786 1756 963 1821 Nono,
996 1758 1139 1824 quod
1166 1757 1220 1809 in
1253 1756 1485 1818 unitate,
1515 1770 1639 1824 qua:
1660 1768 1831 1825 supra
1850 1754 2207 1825 substantiam
2238 1765 2344 1818 est,
2375 1770 2552 1824 neque
2580 1756 2907 1824 principium
2952 1756 3070 1824 ejus
3120 1754 3357 1825 reperire
3387 1760 3449 1811 li-

185 1834 333 1887 ceat,
368 1839 544 1894 neque
576 1828 837 1891 medium,
863 1823 1034 1894 neque
1067 1828 1226 1879 linem
1254 1843 1269 1891 ;
1332 1840 1507 1892 neque
1533 1823 1603 1879 sit
1624 1823 1827 1892 aliquid
1860 1832 2051 1897 totum,
2086 1824 2211 1894 quia
2242 1824 2293 1878 in
2322 1823 2649 1895 unoquoque
2675 1823 2864 1880 eorum
2921 1823 3041 1897 qua:
3068 1823 3448 1895 intelliguntur

185 1902 279 1946 est
303 1903 408 1947 tota
444 1907 498 1950 et
525 1898 677 1964 sola;
726 1912 903 1966 neque
932 1897 1002 1949 sit
1034 1897 1238 1966 aliquid
1276 1910 1465 1950 eorum
1491 1911 1612 1965 quae
1640 1904 1788 1958 sunt,
1827 1895 2103 1966 quiakipstt
2135 1905 2215 1949 est
2246 1897 2468 1960 omnia;
2511 1912 2685 1964 neque
2729 1898 2896 1951 liceat
2931 1895 3039 1951 uno
3072 1901 3291 1953 nomine
3322 1916 3445 1953 eam

182 1966 497 2032 coinplecti.
534 1967 779 2031 Decimo,
805 1964 946 2034 Quod
981 1964 1160 2020 unitas
1193 1965 1482 2020 Trinitatis
1514 1964 1682 2037 supra
1706 1979 1923 2037 omnem
1948 1964 2108 2035 532
2140 1967 2505 2021 substantiam
2532 1970 2623 2030 sit,
2654 1978 2708 2019 et
2732 1983 2895 2037 supra
2932 1983 3147 2022 omnem
3185 1972 3445 2023 unitatem

178 2043 232 2109 et
256 2038 575 2109 “trinitatem
606 2039 762 2092 nobis
793 2037 1099 2109 cognitam;
1124 2046 1178 2089 et
1201 2038 1344 2109 quod
1373 2052 1551 2105 neque
1581 2035 1883 2109 substantia
1918 2048 2138 2109 διιμιεο
2167 2037 2369 2099 unitas,
2405 2054 2579 2107 neque
2604 2035 2819 2091 trinitas
2848 2042 2916 2093 ab
2949 2039 3056 2093 ullo
3079 2041 3319 2109 cognita,
3350 2056 3449 2094 nec

180 2105 425 2177 infinita,
462 2120 557 2162 aut
605 2110 658 2162 in
701 2105 886 2163 multis
944 2116 1251 2163 numerata.
1289 2107 1420 2160 Vide
1465 2114 1580 2161 haec
1629 2106 1773 2173 apud
1827 2105 2257 2177 Cyparissiotum
2320 2122 2419 2175 per
2484 2105 2669 2163 decem
2726 2110 2904 2177 capita
2968 2105 3447 2175 l'usius'deducta,

174 2186 236 2297 2t
273 2193 346 2257 cx
394 2176 645 2235 Patribus
684 2196 749 2234 ac
785 2178 1083 2249 Scripturis
1116 2179 1491 2248 comprobata.
1516 2177 1756 2233 Consule
1780 2175 1947 2230 etiam
1981 2178 2045 2234 Β.
2072 2177 2358 2243 Thomam,
2400 2191 2554 2246 parte
2584 2193 2627 2244 ι,
2669 2175 2863 2247 quaest.
2908 2180 2965 2247 3,
3003 2180 3080 2233 De
3106 2182 3447 2249 simplicitate

233 2262 305 2297 el.

233 2262 305 2301 et.

254 2318 284 2388 §
326 2317 411 2373 ΙΙΙ.
456 2318 623 2374 Nulla
659 2330 832 2374 autem
878 2323 1053 2375 unitas
1088 2320 1167 2373 vel
1195 2323 1427 2385 trinitas,
1459 2327 1590 2383 etc.,
1624 2317 1849 2385 explicat
1876 2334 2129 2371 arcanum
2160 2318 2312 2373 illud.
2344 2319 2476 2373 Nota
2512 2336 2635 2375 cum
2672 2321 2919 2375 atanuele
2952 2320 3181 2377 Calecha
3218 2322 3269 2376 in
3303 2320 3445 2375 libro

170 2385 573 2453 De'Triuitute,
609 2394 894 2461 imagines,
934 2406 1069 2462 quas
1104 2391 1294 2462 Patres
1322 2392 1704 2460 excogitarunt
1736 2390 1801 2441 ad
1832 2392 2243 2443 assimilandum
2272 2406 2364 2445 eas
2395 2404 2668 2462 utcunque
2696 2393 2973 2447 'l'rinitati.
3006 2392 3303 2462 Gregorius
3334 2390 3443 2445 Na-

170 2472 475 2515 znanzeuus
511 2478 635 2515 cum
660 2462 819 2517 ocnlo
843 2464 1032 2527 fontis,
1063 2474 1117 2515 et
1142 2461 1309 2525 fonte,
1330 2474 1383 2515 et
1413 2462 1575 2514 fluvio
1605 2470 1917 2528 comparat;
1956 2461 2086 2513 item
2116 2477 2239 2515 cum
2268 2463 2402 2525 Sole,
2432 2461 2606 2529 radio,
2641 2464 2881 2528 lumine;
2925 2463 3053 2517 item
3078 2461 3201 2518 cum
3237 2470 3443 2524 mente,

169 2529 496 2603 ἐνθυμήσει,
524 2534 577 2587 id
602 2544 683 2588 est
716 2533 1177 2597 consideratione,
1201 2533 1406 2599 animo,
1437 2534 1490 2585 in
1527 2531 1723 2603 quibus
1756 2539 1971 2603 nonest
1992 2532 2187 2584 divisio
2224 2532 2305 2585 vel
2336 2534 2541 2599 sectio;
2569 2536 2698 2587 item
2733 2549 2857 2588 cum
2888 2534 3086 2603 triplici
3118 2533 3230 2589 sole
3257 2542 3311 2586 et
3336 2547 3442 2603 una

166 2598 399 2673 iuminis
429 2604 829 2658 commistione.
856 2603 1156 2672 Gregorius
1184 2598 1459 2672 l‘iyssenus
1487 2598 1657 2656 itilib.
1684 2601 1756 2653 Ue
1789 2598 2051 2653 Trinitale
2086 2603 2201 2656 baac
2230 2604 2335 2655 tria
2370 2605 2501 2657 dicit
2531 2620 2655 2657 esse
2685 2605 2737 2658 in
2766 2598 3106 2673 nobisfquae
3134 2613 3263 2658 sunt
3290 2601 3440 2668 νοῦς,

167 2669 355 2745 λόγος,
390 2672 627 2745 πνεῦμα.
668 2692 687 2725 ι
722 2674 891 2740 Mens,
919 2669 1115 2743 inquit,
1141 2669 1281 2741 parit
1310 2678 1597 2735 rationem,
1623 2672 1763 2725 ratio
1794 2680 1973 2745 movet
2002 2682 2263 2745 mentem,
2298 2682 2351 2726 et
2378 2690 2555 2743 neque
2576 2690 2727 2727 meus
2750 2675 2867 2727 sine
2899 2669 3110 2745 ratione
3141 2682 3244 2737 est,
3269 2688 3445 2743 neque

166 2744 319 2795 ratio
372 2746 489 2798 sine
534 2742 754 2810 'mente;
811 2742 1063 2800 sittiiliter
1110 2759 1237 2798 sme
1269 2746 1486 2812 spiritu,
1546 2744 1635 2811 qui
1695 2752 1780 2796 est
1856 2742 1911 2795 itt
1964 2743 2145 2809 nobis,
2199 2759 2305 2797 non
2363 2742 2477 2798 erit
2505 2760 2571 2798 ex
2629 2756 2829 2798 mente.
2870 2744 3016 2808 llaec,
3062 2742 3444 2813 inquit,rsunt

167 2816 428 2882 aequalia,
454 2826 508 2869 et
534 2818 775 2884 separari
801 2832 831 2868 a
856 2833 913 2870 se
940 2818 1173 2871 invicem
1207 2830 1313 2868 non
1333 2824 1581 2883 possunt.
1607 2813 1719 2876 Sic,
1746 2813 1938 2877 inquit,
1971 2813 2380 2882 intelligendum
2408 2826 2490 2870 est
2514 2816 2566 2868 in
2606 2814 2891 2869 Trinitate.
2927 2833 2945 2866 ι
2986 2815 3094 2869 Alii
3119 2812 3241 2868 eum
3271 2812 3440 2877 fonte,

166 2884 340 2938 ﬂuvio
380 2896 435 2939 et
466 2888 615 2953 lacu;
641 2903 763 2940 cum
793 2889 935 2956 igne,
965 2888 1179 2939 flamma
1230 2896 1285 2939 et
1310 2887 1536 2938 lumine.
1561 2884 1798 2953 Cyrillus
1825 2899 1948 2956 cum
1983 2884 2187 2949 radice,
2218 2900 2370 2938 ramo
2403 2898 2456 2939 et
2511 2887 2728 2947 fructu;
2766 2887 2906 2938 idem
2934 2902 3059 2939 cum
3092 2886 3288 2953 digito,
3322 2900 3442 2936 ma-

166 2971 242 3009 nu
285 2965 365 3009 eti
391 2959 649 3023 brachio;
681 2966 736 3011 et
785 2955 923 3011 aiias
969 2973 1091 3011 cum
1127 2972 1272 3021 rosa,
1298 2958 1431 3010 ﬂore
1457 2968 1513 3010 et
1534 2957 1721 3009 odore.
1753 2956 1809 3007 In
1830 2955 1914 3007 his
1939 2956 2195 3009 onmibus
2224 2958 2576 3022 reperiuntur
2605 2958 2849 3024 quaedam
2885 2956 3267 3025 inseparabilia
3313 2970 3345 3008 a
3380 2970 3441 3009 se

165 3037 387 3091 mutuo,
417 3043 537 3095 quae
562 3039 931 3092 assumuntur,
966 3030 1033 3082 ad
1081 3028 1469 3082 declarandum
1502 3036 1777 3094 utcunque
1812 3040 1931 3079 esse
1971 3035 2082 3095 tres
2111 3041 2374 3093 personas
2412 3027 2827 3095 inseparabiles,
2876 3028 3296 3095 proprietatibus
3326 3025 3440 3079 dis-

166 3097 399 3162 tinctas,
437 3094 492 3153 et
532 3102 694 3153 unius
721 3100 1063 3166 substantiae,
1098 3100 1169 3152 ita
1210 3107 1267 3151 ut
1304 3100 1371 3151 ab
1404 3098 1512 3151 alio
1553 3106 1798 3152 sumatur
1823 3096 1885 3148 τὸ
1913 3094 2237 3167 ἀχώριστον,
2296 3098 2352 3151 id
2385 3108 2471 3153 est
2498 3094 2920 3168 inseparabititas
2950 3094 3333 3168 personarum,
3368 3098 3437 3150 ab

164 3170 279 3222 alio
314 3171 375 3222 τὸ
406 3169 713 3240 ὁμοούσιον,
744 3170 797 3225 id
828 3180 910 3224 est
931 3168 1473 3225 consubstantialitas.

1227 3465 1709 3526 PARAPHRASIS
1740 3463 2191 3522 ΡΑΟΙΙΥΜΕΒᾹΞ
2229 3465 2364 3537 (50).

238 3604 267 3675 §
300 3606 339 3656 I.
392 3604 508 3656 Ἐπ’
538 3603 670 3656 αὐτὸ
697 3607 866 3675 χωρεῖ
897 3604 957 3657 τὸ
977 3605 1325 3677 ἰσχυρότατον
1347 3604 1657 3675 κεφάλαιον,
1688 3606 1743 3659 τὸ

1923 3604 1951 3677 ς
1982 3605 2020 3659 I.
2064 3604 2287 3659 Transit
2327 3606 2394 3659 ad
2421 3613 2585 3674 caput
2616 3604 2766 3670 illud,
2798 3607 2941 3672 quod
2978 3608 3319 3676 potissimum
3349 3619 3436 3666 est

156 3698 293 3768 περὶ
322 3696 526 3749 τελείου
572 3697 667 3749 καὶ
712 3697 848 3759 ἑνός.
875 3697 1016 3761 ’Πῶς
1056 3698 1113 3751 δὲ
1159 3698 1538 3769 ίσχυρότατον;
1580 3700 1661 3752 ὅτι
1689 3700 1743 3752 αἱ

1852 3698 1918 3750 de
1972 3695 2214 3765 perfecto
2264 3706 2319 3750 et
2369 3713 2496 3751 uno.
2550 3696 2831 3762 Quomodo
2878 3714 3007 3752 vero
3054 3700 3437 3768 potissimum?

1850 3788 2106 3855 quoniam
2130 3788 2248 3841 alia:
2272 3787 2493 3857 quidem
2524 3786 2618 3839 Dei
2647 3786 3120 3842 denominationes
3147 3790 3212 3842 de
3242 3804 3347 3843 una
3374 3805 3436 3846 re

1850 3881 2103 3949 quapiam
2136 3893 2385 3934 seorsum
2417 3878 2760 3942 dicebantur,
2790 3877 3056 3948 perfectio
3097 3896 3229 3936 vero
3264 3896 3435 3953 copu-

1850 3970 2028 4038 latur;
2063 3973 2538 4041 quoniamcausa
2588 3973 2831 4027 omnium
2880 3974 3228 4038 praedicatur,
3283 3974 3433 4030 nullo

1847 4064 2041 4120 effectu
2073 4066 2379 4131 deficiente,
2408 4066 2500 4135 qui
2527 4081 2632 4119 non
2662 4066 2730 4119 ab
2762 4066 2863 4118 hac
2892 4066 3271 4121 dcuominctur
3296 4084 3309 4119 :
3338 4068 3432 4121 ubi

1848 4170 2027 4211 autem
2053 4157 2409 4223 nihildeficit,
2435 4156 2823 4226 perfectiojam
2841 4157 3063 4211 omnino
3083 4159 3320 4212 exsistit.
3357 4158 3427 4212 Et

1854 4264 2064 4302 rursum
2116 4247 2277 4301 simul
2330 4250 2511 4302 omnia
2564 4249 2786 4315 dicitur,
2842 4258 2897 4302 et
2942 4264 3048 4303 non
3082 4249 3184 4304 hoc
3209 4250 3430 4319 quidem

1848 4340 2022 4410 prius,
2073 4341 2303 4395 alterum
2356 4357 2485 4396 vero
2552 4344 2859 4411 posterius;
2922 4342 3005 4395 vel
3047 4344 3149 4397 hoc
3202 4346 3428 4413 quidem

1849 4435 2043 4503 magis,
2078 4434 2305 4488 alterum
2338 4449 2469 4491 vero
2518 4436 2733 4500 minus;
2789 4435 2872 4489 vel
2902 4435 3004 4489 hoc
3033 4436 3251 4504 quidem
3287 4449 3429 4492 tem-

1848 4542 1983 4595 pore
2008 4528 2262 4598 longiori,
2296 4536 2347 4581 et
2378 4530 2839 4598 perseverantius,
2874 4530 3003 4583 illud
3031 4545 3159 4583 vero
3188 4530 3430 4586 breviori

1846 4628 1902 4671 et
1948 4619 2158 4685 obiter;
2191 4621 2374 4675 omnia
2425 4623 2569 4676 enim
2618 4623 2903 4691 aequaliter
2936 4625 3004 4680 ab
3042 4627 3159 4695 ipso
3199 4626 3425 4695 distant,

1846 4713 1959 4765 sive
1986 4714 2237 4781 angelum
2262 4714 2491 4778 dixeris,
2510 4715 2627 4768 sive
2652 4715 2955 4784 formicam,
2980 4718 3125 4772 sicut
3147 4720 3430 4789 aequaliter

1846 4807 1912 4857 ab
1932 4804 2141 4858 infinito
2173 4805 2541 4860 distautmille
2567 4816 2622 4860 et
2649 4809 2857 4863 decem.
2890 4808 3078 4880 Itaque
3106 4828 3213 4865 non
3243 4822 3427 4882 potest

1847 4899 1913 4951 ab
1937 4899 2118 4966 aliquo
2148 4898 2341 4954 eil'ectu
2371 4913 2538 4952 causa
2580 4900 2711 4965 dici,
2735 4901 2816 4955 vel
2846 4903 2893 4956 si
2937 4904 3005 4955 ab
3043 4904 3228 4971 aliquo
3254 4906 3424 4959 etiam

161 3792 264 3861 μὲν
293 3789 447 3843 ἄλλαι
477 3789 774 3860 Θεωνυμίαι
806 3790 905 3860 μία
943 3792 1036 3842 καὶ
1068 3789 1190 3842 καθ’
1218 3790 1388 3862 αὐτὴν
1417 3790 1656 3859 ἐλέγετο,
1686 3791 1747 3843 τὸ

154 3884 216 3936 δὲ
244 3883 447 3937 τέλειον
479 3884 767 3950 συνάγεται
790 3899 803 3911 °
836 3883 918 3935 ὅτι
948 3883 1128 3937 πάντα
1146 3882 1361 3952 λέγεται
1389 3887 1416 3937 ὁ
1446 3885 1640 3949 αἴτιος,
1662 3888 1746 3939 οὑ-

150 3976 306 4037 δενὸς
324 3974 757 4045 ἀπολειπομένου
784 3974 891 4029 τῶν
922 3973 1179 4027 αίτιατῶν
1199 3977 1277 4038 είς
1304 3975 1365 4027 τὸ
1398 3975 1472 4047 μὴ
1493 3976 1745 4045 λέγεσθαι

151 4069 222 4119 ὲκ
250 4066 458 4119 τούτου.
496 4068 667 4120 Ὅπου
699 4067 755 4119 δὲ
784 4067 934 4120 οὐδὲν
980 4067 1235 4129 ἐλλείπει,
1281 4067 1482 4120 τέλειον
1527 4069 1746 4133 πάντως

152 4159 298 4210 ἐστί.
330 4160 440 4211 Καὶ
477 4158 638 4211 πάλιν
668 4158 782 4230 ἅμα
818 4159 995 4212 πάντα
1036 4160 1271 4227 λέγεται,
1322 4161 1416 4213 καὶ
1452 4163 1514 4213 οὑ
1545 4163 1606 4215 τὸ
1648 4164 1745 4233 μὲν

150 4252 444 4323 πρότερον,
476 4252 536 4304 τὸ
568 4252 625 4306 δὲ
657 4251 913 4325 ὕστερον·
958 4254 991 4325 ἢ
1041 4253 1101 4305 τὸ
1134 4254 1231 4324 μὲν
1260 4254 1352 4305 ἐπὶ
1383 4253 1566 4317 πλέον,
1599 4254 1660 4306 τὸ
1688 4254 1745 4308 δὲ

148 4348 241 4397 ἐπ’
275 4345 519 4398 ἔλαττον·
544 4345 576 4416 ἢ
606 4346 668 4399 τὸ
702 4348 798 4417 μὲν
826 4346 1199 4418 χρονιωτέρως
1218 4348 1311 4399 καὶ
1333 4348 1742 4420 μονιμωτέρως,

146 4440 215 4491 τὸ
262 4438 318 4490 δὲ
356 4437 421 4490 δι’
453 4438 632 4506 ὀλίγου
662 4441 757 4492 καὶ
782 4440 1115 4502 ἐπιπολαίως
1137 4456 1151 4470 '
1205 4440 1383 4493 πάντα
1411 4442 1519 4513 γὰρ
1548 4442 1746 4514 ἐπίσης

147 4530 566 4595 ἀπολείπονται,
628 4532 731 4585 κᾶν
767 4532 995 4600 ἄγγελον
1054 4533 1248 4597 εἴποις,
1298 4533 1402 4586 κᾶν
1455 4534 1741 4606 μύρμηκα,

147 4623 345 4695 ὥσπερ
388 4624 452 4695 δὴ
488 4626 684 4697 ἐπίσης
726 4625 1112 4678 ἀπολείπονται
1140 4626 1278 4697 πρὸς
1306 4625 1366 4678 τὸ
1393 4625 1618 4698 ἄπειρον
1648 4628 1743 4681 καὶ

144 4716 219 4768 τὰ
248 4717 399 4786 χίλια
434 4720 528 4770 καὶ
558 4718 627 4770 τὰ
653 4718 803 4770 δέκα.
839 4718 1044 4785 Ἤγουν
1085 4719 1185 4770 οὐκ
1213 4713 1282 4788 ἦν
1326 4718 1433 4770 ἀπό
1471 4735 1617 4781 τινος
1636 4719 1744 4772 τῶν

144 4810 413 4863 αἰτιατῶν
455 4811 483 4862 ὁ
511 4812 681 4873 αἴτιος
714 4809 997 4878 λέγεσθαι’
1031 4810 1063 4881 ἢ
1098 4812 1145 4862 εί
1174 4810 1281 4863 ἀπό
1314 4827 1477 4874 τινος,
1510 4812 1605 4863 καὶ
1637 4810 1745 4863 ἀπὸ

144 4903 390 4955 πάντων.
426 4904 609 4967 Ὅθεν,
638 4907 687 4957 εἰ
717 4905 833 4975 ἅμα
854 4904 1031 4958 πάντα
1060 4903 1309 4972 λέγονται
1338 4905 1431 4957 ἐπὶ
1449 4903 1606 4968 Θεοῦ,
1639 4905 1739 4976 ἤδη

143 4997 479 5066 ἐμφαίνεται
501 4998 596 5049 καὶ
623 4996 684 5047 τὸ
701 4996 760 5048 ἓν
780 5013 793 5025 ο
827 4998 873 5048 εἰ
901 4996 1011 5068 γὰρ
1045 4996 1118 5067 μὴ
1146 4991 1215 5066 ἦν
1249 4996 1591 5067 ὑπερέχουσα
1629 4998 1742 5049 ἑνό-

1847 4995 1913 5046 ab
1945 4994 2218 5046 omnibus.
2256 4992 2409 5048 Unde
2432 4994 2476 5047 si
2508 4993 2670 5049 simul
2694 4997 2875 5049 omnia
2904 4997 3159 5051 dicantur
3188 4999 3254 5052 de
3294 5000 3424 5064 Deo,

143 5105 249 5157 της
278 5088 337 5139 ὲν
365 5087 560 5159 τούτῳ,
589 5089 689 5142 οὐκ
720 5088 786 5143 ἂν
823 5090 1133 5161 ὲφήρμοζεν
1164 5088 1418 5141 ἁπάντων
1449 5088 1617 5142 ὄντων
1648 5092 1743 5143 καὶ

144 5183 289 5251 ἅμα.
338 5181 487 5233 Ἐπεὶ
507 5181 636 5249 γοῦν
656 5180 799 5235 οὕτω
814 5183 986 5235 ταῦτα
1005 5182 1207 5235 τέλειον
1234 5182 1449 5250 λέγεται
1477 5182 1538 5235 τὸ
1567 5182 1741 5246 Θείον,

142 5276 211 5327 οὑ
241 5275 402 5345 μόνον
448 5275 523 5338 ὡς
572 5275 856 5345 μονοειδῶς
890 5275 1255 5347 διοριζόμενον
1286 5276 1372 5345 ἐφ’
1419 5275 1614 5328 ἑαυτοῦ
1648 5278 1744 5329 καὶ

143 5368 274 5421 καθ’
305 5366 487 5430 ἑαυτὸ,
540 5367 720 5438 (τοῦτο
748 5369 859 5440 γάρ
893 5370 1041 5422 ἐστιν
1089 5371 1215 5441 ὅρος
1255 5369 1499 5421 τελείουο
1543 5370 1604 5422 τὸ
1646 5370 1741 5440 ἀφ’

142 5461 347 5515 ἑαυτοῦ
388 5463 482 5515 καὶ
517 5466 616 5516 οὐκ
663 5461 882 5528 ἔξωθεν,
932 5466 1025 5517 καὶ
1053 5464 1174 5517 καθ’
1205 5446 1359 5528 αὑτδ,
1383 5466 1476 5517 καὶ
1506 5465 1567 5518 οὐ
1602 5465 1742 5518 κατὰ

144 5554 519 5625 συμϐεϐηκὸς,
545 5558 849 5628 μονοειδῶς,
885 5559 1050 5629 ἤγουν
1079 5557 1201 5611 καθ’
1235 5558 1293 5611 ὃν
1314 5559 1378 5612 ἄν
1406 5575 1489 5621 τις
1519 5558 1743 5610 ἐπιϐάλ-

140 5644 227 5701 λοι
246 5648 471 5719 τρόπον,
501 5651 705 5721 ὁμοίως
722 5653 815 5705 καὶ
834 5651 1047 5714 ταύτῶς
1075 5650 1472 5723 ἀφορίζεσθαι),
1496 5651 1629 5705 ἀλλὰ
1649 5654 1743 5705 καὶ

1841 5086 1953 5154 jam
1986 5094 2210 5154 apparet
2237 5086 2403 5139 etiam
2451 5085 2579 5140 illud
2629 5104 2793 5141 unum
2837 5106 2850 5141 ε
2891 5090 2995 5143 nisi
3041 5092 3187 5143 enim
3219 5108 3328 5161 quo
3358 5095 3425 5147 ad

1851 5181 1951 5233 hoc
1980 5184 2159 5235 unitas
2186 5178 2276 5234 illa
2299 5181 2588 5245 emineret,
2626 5184 2814 5251 utique
2854 5184 3013 5237 simul
3055 5186 3221 5238 etiaut
3261 5186 3426 5251 rebus

1844 5274 2095 5328 omnibus
2119 5288 2224 5328 non
2253 5275 2592 5329 conveniret.
2616 5276 2748 5330 Cum
2775 5278 2960 5345 itaque
2990 5278 3134 5331 Deus
3152 5277 3423 5346 perfectus

1847 5368 2079 5433 dicatur,
2108 5384 2211 5422 non
2238 5369 2413 5422 solum
2444 5377 2700 5438 tanquam
2735 5369 3080 5425 uniformiter
3107 5385 3136 5423 a
3164 5384 3223 5424 se
3244 5379 3299 5424 et
3327 5385 3426 5439 per

1847 5475 1906 5514 se
1953 5461 2211 5517 definitus
2241 5462 2381 5532 (haec
2404 5463 2549 5516 enim
2580 5473 2663 5517 est
2693 5462 2916 5532 perfecti
2947 5464 3192 5517 delinitio
3222 5476 3238 5516 :
3267 5463 3423 5529 Quod

1850 5568 1878 5604 a
1912 5567 1970 5606 se
1999 5554 2133 5621 ipso,
2160 5563 2215 5606 et
2240 5569 2345 5606 non
2379 5553 2719 5609 extrinsecus
2752 5594 2768 5621 ,
2799 5564 2855 5609 et
2880 5569 2975 5624 per
2995 5569 3073 5620 se,
3104 5563 3159 5608 et
3188 5569 3296 5609 non
3326 5569 3423 5625 per

1850 5648 2129 5713 accidens,
2169 5645 2533 5714 uniformitcr,
2582 5648 2721 5717 sive,
2752 5657 2809 5703 ut
2844 5650 2945 5705 hoc
2978 5649 3138 5705 modo
3168 5648 3291 5717 quis
3328 5663 3419 5703 ac-

219 5779 335 5843 (50)
370 5779 500 5839 Vide
528 5781 744 5841 Scholia
767 5782 823 5841 S.
861 5784 1080 5841 Maximi
1115 5795 1244 5842 tom.
1276 5783 1338 5853 II,
1378 5803 1494 5857 cap.
1535 5788 1620 5853 15,
1663 5785 1733 5841 De
1759 5786 1948 5843 divinis
1982 5787 2181 5843 nomiu.
