  <div class='ocr_page' id='page_1' title='image "/cluster/home/n/w/nwhite01/storage/ocr_20150623/3/nnc1.0046978666/551.png"; bbox 0 0 3866 6232; ppageno 0'>
   <div class='ocr_carea' id='block_1_1' title="bbox 428 305 533 361">
    <p class='ocr_par' dir='ltr' id='par_1_1' title="bbox 428 305 533 361">
     <span class='ocr_line' id='line_1_1' title="bbox 428 305 533 361; baseline 0.019 -2"><span class='ocrx_word' id='word_1_1' title='bbox 428 305 533 361; x_wconf 79' lang='lat'><strong>987</strong></span> 
     </span>
    </p>
   </div>
   <div class='ocr_carea' id='block_1_2' title="bbox 1602 315 2483 379">
    <p class='ocr_par' dir='ltr' id='par_1_2' title="bbox 1602 315 2483 379">
     <span class='ocr_line' id='line_1_2' title="bbox 1602 315 2483 379; baseline 0.008 -7"><span class='ocrx_word' id='word_1_2' title='bbox 1602 315 1657 372; x_wconf 90' lang='lat' dir='ltr'><strong>S.</strong></span> <span class='ocrx_word' id='word_1_3' title='bbox 1696 318 1994 375; x_wconf 79' lang='lat' dir='ltr'><strong>DIONYSII</strong></span> <span class='ocrx_word' id='word_1_4' title='bbox 2022 319 2483 379; x_wconf 68' lang='grc' dir='ltr'><strong>ΑΒΕΟΡΑΟΙΤᾹΞ</strong></span> 
     </span>
    </p>
   </div>
   <div class='ocr_carea' id='block_1_3' title="bbox 3585 331 3693 386">
    <p class='ocr_par' dir='ltr' id='par_1_3' title="bbox 3585 331 3693 386">
     <span class='ocr_line' id='line_1_3' title="bbox 3585 331 3693 386; baseline -0.009 0"><span class='ocrx_word' id='word_1_5' title='bbox 3585 331 3693 386; x_wconf 69' lang='lat'><strong>988</strong></span> 
     </span>
    </p>
   </div>
   <div class='ocr_carea' id='block_1_4' title="bbox 430 423 2014 518">
    <p class='ocr_par' dir='ltr' id='par_1_4' title="bbox 430 423 2004 507">
     <span class='ocr_line' id='line_1_4' title="bbox 430 423 2004 507; baseline 0.011 -29"><span class='ocrx_word' id='word_1_6' title='bbox 430 423 621 493; x_wconf 78' lang='lat' dir='ltr'><strong>cipiat,</strong></span> <span class='ocrx_word' id='word_1_7' title='bbox 644 423 901 481; x_wconf 73' lang='lat' dir='ltr'><strong>similiter</strong></span> <span class='ocrx_word' id='word_1_8' title='bbox 924 437 979 483; x_wconf 87' lang='lat' dir='ltr'><strong>et</strong></span> <span class='ocrx_word' id='word_1_9' title='bbox 1014 430 1244 489; x_wconf 79' lang='lat' dir='ltr'><strong>identice</strong></span> <span class='ocrx_word' id='word_1_10' title='bbox 1275 424 1528 489; x_wconf 82' lang='lat' dir='ltr'><strong>deﬁnitur</strong></span> <span class='ocrx_word' id='word_1_11' title='bbox 1558 476 1572 503; x_wconf 93' lang='lat'><strong>,</strong></span> <span class='ocrx_word' id='word_1_12' title='bbox 1592 439 1859 507; x_wconf 91' lang='lat' dir='ltr'><strong>quinimo,</strong></span> <span class='ocrx_word' id='word_1_13' title='bbox 1883 450 2004 495; x_wconf 85' lang='lat' dir='ltr'><strong>tan-</strong></span> 
     </span>
    </p>
   </div>
   <div class='ocr_carea' id='block_1_5' title="bbox 2118 423 3689 518">
    <p class='ocr_par' dir='ltr' id='par_1_5' title="bbox 2118 443 3689 518">
     <span class='ocr_line' id='line_1_5' title="bbox 2118 443 3689 518; baseline 0.006 -25"><span class='ocrx_word' id='word_1_14' title='bbox 2118 443 2187 504; x_wconf 82' lang='grc' dir='ltr'>ὼς</span> <span class='ocrx_word' id='word_1_15' title='bbox 2221 443 2531 513; x_wconf 81' lang='grc' dir='ltr'>ὑπερτελὲς,</span> <span class='ocrx_word' id='word_1_16' title='bbox 2579 444 2718 497; x_wconf 85' lang='grc' dir='ltr'>κατὰ</span> <span class='ocrx_word' id='word_1_17' title='bbox 2747 444 2841 497; x_wconf 85' lang='grc' dir='ltr'><strong>τὸν</strong></span> <span class='ocrx_word' id='word_1_18' title='bbox 2875 444 3201 498; x_wconf 86' lang='grc' dir='ltr'>ἀποδοθέντα</span> <span class='ocrx_word' id='word_1_19' title='bbox 3238 448 3362 518; x_wconf 75' lang='grc' dir='ltr'>περὶ</span> <span class='ocrx_word' id='word_1_20' title='bbox 3390 447 3498 502; x_wconf 88' lang='grc' dir='ltr'><strong>τῶν</strong></span> <span class='ocrx_word' id='word_1_21' title='bbox 3528 448 3689 502; x_wconf 66' lang='grc' dir='ltr'>θείωι.</span> 
     </span>
    </p>
   </div>
   <div class='ocr_carea' id='block_1_6' title="bbox 430 519 2006 605">
    <p class='ocr_par' dir='ltr' id='par_1_6' title="bbox 430 519 2006 605">
     <span class='ocr_line' id='line_1_6' title="bbox 430 519 2006 605; baseline 0.014 -37"><span class='ocrx_word' id='word_1_22' title='bbox 430 531 593 585; x_wconf 89' lang='lat' dir='ltr'><strong>quam</strong></span> <span class='ocrx_word' id='word_1_23' title='bbox 662 519 782 587; x_wconf 85' lang='lat' dir='ltr'><strong>plus</strong></span> <span class='ocrx_word' id='word_1_24' title='bbox 841 536 1005 589; x_wconf 87' lang='lat' dir='ltr'><strong>quam</strong></span> <span class='ocrx_word' id='word_1_25' title='bbox 1074 524 1413 591; x_wconf 81' lang='lat' dir='ltr'><strong>perfectum,</strong></span> <span class='ocrx_word' id='word_1_26' title='bbox 1481 532 1775 585; x_wconf 86' lang='lat' dir='ltr'><strong>secundum</strong></span> <span class='ocrx_word' id='word_1_27' title='bbox 1846 532 2006 605; x_wconf 84' lang='grc'><strong>533</strong></span> 
     </span>
    </p>
   </div>
   <div class='ocr_carea' id='block_1_7' title="bbox 428 608 2009 694">
    <p class='ocr_par' dir='ltr' id='par_1_7' title="bbox 428 608 2009 694">
     <span class='ocr_line' id='line_1_7' title="bbox 428 608 2009 694; baseline 0.013 -35"><span class='ocrx_word' id='word_1_28' title='bbox 428 608 717 676; x_wconf 86' lang='lat' dir='ltr'><strong>rationem,</strong></span> <span class='ocrx_word' id='word_1_29' title='bbox 763 611 815 664; x_wconf 80' lang='lat' dir='ltr'><strong>in</strong></span> <span class='ocrx_word' id='word_1_30' title='bbox 864 613 1062 669; x_wconf 85' lang='lat' dir='ltr'><strong>divinis</strong></span> <span class='ocrx_word' id='word_1_31' title='bbox 1106 617 1416 674; x_wconf 88' lang='lat' dir='ltr'><strong>nominibus</strong></span> <span class='ocrx_word' id='word_1_32' title='bbox 1461 622 1831 691; x_wconf 74' lang='lat' dir='ltr'><strong>assignatam,</strong></span> <span class='ocrx_word' id='word_1_33' title='bbox 1870 642 2009 694; x_wconf 44' lang='lat' dir='ltr'><strong>quo.</strong></span> 
     </span>
    </p>
   </div>
   <div class='ocr_carea' id='block_1_8' title="bbox 429 699 2005 782">
    <p class='ocr_par' dir='ltr' id='par_1_8' title="bbox 429 699 2005 782">
     <span class='ocr_line' id='line_1_8' title="bbox 429 699 2005 782; baseline 0.013 -30"><span class='ocrx_word' id='word_1_34' title='bbox 429 699 575 753; x_wconf 87' lang='lat' dir='ltr'><strong>niam</strong></span> <span class='ocrx_word' id='word_1_35' title='bbox 606 717 670 756; x_wconf 86' lang='lat' dir='ltr'><strong>ex</strong></span> <span class='ocrx_word' id='word_1_36' title='bbox 697 702 905 760; x_wconf 84' lang='lat' dir='ltr'><strong>ell‘ectis</strong></span> <span class='ocrx_word' id='word_1_37' title='bbox 926 716 1117 760; x_wconf 87' lang='lat' dir='ltr'><strong>auctor</strong></span> <span class='ocrx_word' id='word_1_38' title='bbox 1146 708 1549 776; x_wconf 90' lang='lat' dir='ltr'><strong>denominatur,</strong></span> <span class='ocrx_word' id='word_1_39' title='bbox 1579 716 1827 782; x_wconf 76' lang='lat' dir='ltr'><strong>quamvis</strong></span> <span class='ocrx_word' id='word_1_40' title='bbox 1841 718 2005 774; x_wconf 89' lang='lat' dir='ltr'><strong>etiam</strong></span> 
     </span>
    </p>
   </div>
   <div class='ocr_carea' id='block_1_9' title="bbox 428 794 2007 876">
    <p class='ocr_par' dir='ltr' id='par_1_9' title="bbox 428 794 2007 876">
     <span class='ocr_line' id='line_1_9' title="bbox 428 794 2007 876; baseline 0.013 -31"><span class='ocrx_word' id='word_1_41' title='bbox 428 806 591 860; x_wconf 85' lang='lat' dir='ltr'><strong>supra</strong></span> <span class='ocrx_word' id='word_1_42' title='bbox 660 794 782 850; x_wconf 87' lang='lat' dir='ltr'><strong>illos</strong></span> <span class='ocrx_word' id='word_1_43' title='bbox 822 799 912 863; x_wconf 91' lang='lat' dir='ltr'><strong>sit,</strong></span> <span class='ocrx_word' id='word_1_44' title='bbox 950 809 1005 853; x_wconf 92' lang='lat' dir='ltr'><strong>et</strong></span> <span class='ocrx_word' id='word_1_45' title='bbox 1051 815 1148 869; x_wconf 90' lang='lat' dir='ltr'><strong>per</strong></span> <span class='ocrx_word' id='word_1_46' title='bbox 1188 815 1474 857; x_wconf 81' lang='lat' dir='ltr'><strong>excessum</strong></span> <span class='ocrx_word' id='word_1_47' title='bbox 1527 806 1838 862; x_wconf 76' lang='lat' dir='ltr'><strong>nominetur</strong></span> <span class='ocrx_word' id='word_1_48' title='bbox 1888 810 2007 876; x_wconf 87' lang='lat' dir='ltr'><strong>plus</strong></span> 
     </span>
    </p>
   </div>
   <div class='ocr_carea' id='block_1_10' title="bbox 427 888 2004 961">
    <p class='ocr_par' dir='ltr' id='par_1_10' title="bbox 427 888 2004 961">
     <span class='ocr_line' id='line_1_10' title="bbox 427 888 2004 961; baseline 0.012 -25"><span class='ocrx_word' id='word_1_49' title='bbox 427 899 591 952; x_wconf 86' lang='lat' dir='ltr'><strong>quam</strong></span> <span class='ocrx_word' id='word_1_50' title='bbox 625 888 821 953; x_wconf 91' lang='lat' dir='ltr'><strong>bonus,</strong></span> <span class='ocrx_word' id='word_1_51' title='bbox 859 890 979 958; x_wconf 86' lang='lat' dir='ltr'><strong>plus</strong></span> <span class='ocrx_word' id='word_1_52' title='bbox 1012 907 1176 961; x_wconf 90' lang='lat' dir='ltr'><strong>quam</strong></span> <span class='ocrx_word' id='word_1_53' title='bbox 1211 895 1464 949; x_wconf 87' lang='lat' dir='ltr'><strong>essentia.</strong></span> <span class='ocrx_word' id='word_1_54' title='bbox 1500 895 1769 953; x_wconf 69' lang='lat' dir='ltr'><strong>Czeterum</strong></span> <span class='ocrx_word' id='word_1_55' title='bbox 1826 903 1894 956; x_wconf 87' lang='lat' dir='ltr'><strong>ab</strong></span> <span class='ocrx_word' id='word_1_56' title='bbox 1921 901 2004 957; x_wconf 80' lang='lat' dir='ltr'><strong>ef-</strong></span> 
     </span>
    </p>
   </div>
   <div class='ocr_carea' id='block_1_11' title="bbox 428 976 2007 1064">
    <p class='ocr_par' dir='ltr' id='par_1_11' title="bbox 428 976 2007 1064">
     <span class='ocr_line' id='line_1_11' title="bbox 428 976 2007 1064; baseline 0.013 -34"><span class='ocrx_word' id='word_1_57' title='bbox 428 976 668 1033; x_wconf 79' lang='lat' dir='ltr'><strong>fectuum</strong></span> <span class='ocrx_word' id='word_1_58' title='bbox 704 996 997 1053; x_wconf 87' lang='lat' dir='ltr'><strong>rerumque</strong></span> <span class='ocrx_word' id='word_1_59' title='bbox 1028 985 1359 1055; x_wconf 78' lang='lat' dir='ltr'><strong>perfectione</strong></span> <span class='ocrx_word' id='word_1_60' title='bbox 1390 988 1528 1043; x_wconf 87' lang='lat' dir='ltr'><strong>Deus</strong></span> <span class='ocrx_word' id='word_1_61' title='bbox 1565 1006 1785 1062; x_wconf 89' lang='lat' dir='ltr'><strong>quoque</strong></span> <span class='ocrx_word' id='word_1_62' title='bbox 1819 1009 2007 1064; x_wconf 85' lang='lat' dir='ltr'><strong>supra-</strong></span> 
     </span>
    </p>
   </div>
   <div class='ocr_carea' id='block_1_12' title="bbox 427 1072 2007 1155">
    <p class='ocr_par' dir='ltr' id='par_1_12' title="bbox 427 1072 2007 1155">
     <span class='ocr_line' id='line_1_12' title="bbox 427 1072 2007 1155; baseline 0.014 -35"><span class='ocrx_word' id='word_1_63' title='bbox 427 1084 591 1137; x_wconf 89' lang='lat' dir='ltr'><strong>quam</strong></span> <span class='ocrx_word' id='word_1_64' title='bbox 616 1072 883 1139; x_wconf 80' lang='lat' dir='ltr'><strong>perfectus</strong></span> <span class='ocrx_word' id='word_1_65' title='bbox 908 1078 1237 1144; x_wconf 71' lang='lat' dir='ltr'><strong>przedicatur</strong></span> <span class='ocrx_word' id='word_1_66' title='bbox 1276 1093 1291 1132; x_wconf 88' lang='lat'><strong>:</strong></span> <span class='ocrx_word' id='word_1_67' title='bbox 1326 1079 1439 1147; x_wconf 88' lang='lat' dir='ltr'><strong>ipse</strong></span> <span class='ocrx_word' id='word_1_68' title='bbox 1464 1082 1609 1137; x_wconf 90' lang='lat' dir='ltr'><strong>enim</strong></span> <span class='ocrx_word' id='word_1_69' title='bbox 1638 1085 1719 1138; x_wconf 93' lang='lat' dir='ltr'><strong>sui</strong></span> <span class='ocrx_word' id='word_1_70' title='bbox 1747 1085 1917 1155; x_wconf 88' lang='lat' dir='ltr'><strong>ipsius</strong></span> <span class='ocrx_word' id='word_1_71' title='bbox 1953 1097 2007 1142; x_wconf 92' lang='lat' dir='ltr'><strong>et</strong></span> 
     </span>
    </p>
   </div>
   <div class='ocr_carea' id='block_1_13' title="bbox 428 1160 2005 1246">
    <p class='ocr_par' dir='ltr' id='par_1_13' title="bbox 428 1160 2005 1246">
     <span class='ocr_line' id='line_1_13' title="bbox 428 1160 2005 1246; baseline 0.012 -33"><span class='ocrx_word' id='word_1_72' title='bbox 428 1160 552 1215; x_wconf 85' lang='lat' dir='ltr'><strong>linis</strong></span> <span class='ocrx_word' id='word_1_73' title='bbox 581 1172 634 1215; x_wconf 87' lang='lat' dir='ltr'><strong>et</strong></span> <span class='ocrx_word' id='word_1_74' title='bbox 674 1162 825 1219; x_wconf 90' lang='lat' dir='ltr'><strong>locus</strong></span> <span class='ocrx_word' id='word_1_75' title='bbox 856 1177 960 1232; x_wconf 86' lang='lat' dir='ltr'><strong>est,</strong></span> <span class='ocrx_word' id='word_1_76' title='bbox 998 1169 1238 1238; x_wconf 86' lang='lat' dir='ltr'><strong>nihilque</strong></span> <span class='ocrx_word' id='word_1_77' title='bbox 1262 1186 1427 1241; x_wconf 89' lang='lat' dir='ltr'><strong>supra</strong></span> <span class='ocrx_word' id='word_1_78' title='bbox 1464 1174 1631 1229; x_wconf 91' lang='lat' dir='ltr'><strong>Deum</strong></span> <span class='ocrx_word' id='word_1_79' title='bbox 1667 1179 2005 1246; x_wconf 81' lang='lat' dir='ltr'><strong>extenditur,</strong></span> 
     </span>
    </p>
   </div>
   <div class='ocr_carea' id='block_1_14' title="bbox 428 1252 2005 1325">
    <p class='ocr_par' dir='ltr' id='par_1_14' title="bbox 428 1252 2005 1325">
     <span class='ocr_line' id='line_1_14' title="bbox 428 1252 2005 1325; baseline 0.015 -24"><span class='ocrx_word' id='word_1_80' title='bbox 428 1252 558 1318; x_wconf 90' lang='lat' dir='ltr'><strong>quin</strong></span> <span class='ocrx_word' id='word_1_81' title='bbox 602 1252 769 1307; x_wconf 84' lang='lat' dir='ltr'><strong>etiam</strong></span> <span class='ocrx_word' id='word_1_82' title='bbox 811 1255 1041 1324; x_wconf 90' lang='lat' dir='ltr'><strong>ipsemet</strong></span> <span class='ocrx_word' id='word_1_83' title='bbox 1096 1260 1306 1316; x_wconf 85' lang='lat' dir='ltr'><strong>inﬁnita</strong></span> <span class='ocrx_word' id='word_1_84' title='bbox 1357 1265 1562 1319; x_wconf 86' lang='lat' dir='ltr'><strong>delinit.</strong></span> <span class='ocrx_word' id='word_1_85' title='bbox 1629 1266 1762 1321; x_wconf 80' lang='lat' dir='ltr'><strong>Nam</strong></span> <span class='ocrx_word' id='word_1_86' title='bbox 1811 1272 2005 1325; x_wconf 66' lang='lat' dir='ltr'><strong>saecula</strong></span> 
     </span>
    </p>
   </div>
   <div class='ocr_carea' id='block_1_15' title="bbox 426 1347 2006 1431">
    <p class='ocr_par' dir='ltr' id='par_1_15' title="bbox 426 1347 2006 1431">
     <span class='ocr_line' id='line_1_15' title="bbox 426 1347 2006 1431; baseline 0.016 -39"><span class='ocrx_word' id='word_1_87' title='bbox 426 1356 547 1408; x_wconf 75' lang='lat' dir='ltr'><strong>qua:</strong></span> <span class='ocrx_word' id='word_1_88' title='bbox 574 1355 699 1399; x_wconf 92' lang='lat' dir='ltr'><strong>sunt</strong></span> <span class='ocrx_word' id='word_1_89' title='bbox 733 1347 943 1401; x_wconf 86' lang='lat' dir='ltr'><strong>intinita</strong></span> <span class='ocrx_word' id='word_1_90' title='bbox 983 1349 1181 1419; x_wconf 84' lang='lat' dir='ltr'><strong>(neque</strong></span> <span class='ocrx_word' id='word_1_91' title='bbox 1227 1354 1371 1408; x_wconf 91' lang='lat' dir='ltr'><strong>enim</strong></span> <span class='ocrx_word' id='word_1_92' title='bbox 1403 1357 1560 1411; x_wconf 83' lang='lat' dir='ltr'><strong>tinem</strong></span> <span class='ocrx_word' id='word_1_93' title='bbox 1600 1358 1822 1419; x_wconf 83' lang='lat' dir='ltr'><strong>habent)</strong></span> <span class='ocrx_word' id='word_1_94' title='bbox 1863 1362 2006 1431; x_wconf 85' lang='lat' dir='ltr'><strong>ipse-</strong></span> 
     </span>
    </p>
   </div>
   <div class='ocr_carea' id='block_1_16' title="bbox 429 1436 2009 1518">
    <p class='ocr_par' dir='ltr' id='par_1_16' title="bbox 429 1436 2009 1518">
     <span class='ocr_line' id='line_1_16' title="bbox 429 1436 2009 1518; baseline 0.014 -33"><span class='ocrx_word' id='word_1_95' title='bbox 429 1445 543 1489; x_wconf 81' lang='lat' dir='ltr'><strong>met</strong></span> <span class='ocrx_word' id='word_1_96' title='bbox 562 1436 771 1490; x_wconf 78' lang='lat' dir='ltr'><strong>infinita</strong></span> <span class='ocrx_word' id='word_1_97' title='bbox 806 1442 1182 1510; x_wconf 80' lang='lat' dir='ltr'><strong>magnitudine</strong></span> <span class='ocrx_word' id='word_1_98' title='bbox 1206 1448 1481 1501; x_wconf 83' lang='lat' dir='ltr'><strong>excedens</strong></span> <span class='ocrx_word' id='word_1_99' title='bbox 1496 1448 1780 1518; x_wconf 83' lang='lat' dir='ltr'><strong>multiplici</strong></span> <span class='ocrx_word' id='word_1_100' title='bbox 1800 1466 1898 1505; x_wconf 86' lang='lat' dir='ltr'><strong>sua</strong></span> <span class='ocrx_word' id='word_1_101' title='bbox 1924 1453 2009 1506; x_wconf 90' lang='lat' dir='ltr'><strong>in-</strong></span> 
     </span>
    </p>
   </div>
   <div class='ocr_carea' id='block_1_17' title="bbox 429 1522 2012 1614">
    <p class='ocr_par' dir='ltr' id='par_1_17' title="bbox 429 1522 2012 1614">
     <span class='ocr_line' id='line_1_17' title="bbox 429 1522 2012 1614; baseline 0.015 -40"><span class='ocrx_word' id='word_1_102' title='bbox 429 1522 640 1581; x_wconf 80' lang='lat' dir='ltr'><strong>ﬁnitate</strong></span> <span class='ocrx_word' id='word_1_103' title='bbox 665 1530 1044 1599; x_wconf 86' lang='lat' dir='ltr'><strong>complectitur</strong></span> <span class='ocrx_word' id='word_1_104' title='bbox 1060 1548 1073 1586; x_wconf 89' lang='lat'><strong>:</strong></span> <span class='ocrx_word' id='word_1_105' title='bbox 1090 1544 1145 1588; x_wconf 93' lang='lat' dir='ltr'><strong>et</strong></span> <span class='ocrx_word' id='word_1_106' title='bbox 1160 1551 1375 1591; x_wconf 92' lang='lat' dir='ltr'><strong>omnem</strong></span> <span class='ocrx_word' id='word_1_107' title='bbox 1396 1539 1558 1593; x_wconf 84' lang='lat' dir='ltr'><strong>vitam</strong></span> <span class='ocrx_word' id='word_1_108' title='bbox 1579 1542 1794 1596; x_wconf 89' lang='lat' dir='ltr'><strong>termini</strong></span> <span class='ocrx_word' id='word_1_109' title='bbox 1821 1557 2012 1614; x_wconf 82' lang='lat' dir='ltr'><strong>exper-</strong></span> 
     </span>
    </p>
   </div>
   <div class='ocr_carea' id='block_1_18' title="bbox 432 1616 2009 1689">
    <p class='ocr_par' dir='ltr' id='par_1_18' title="bbox 432 1616 2009 1689">
     <span class='ocr_line' id='line_1_18' title="bbox 432 1616 2009 1689; baseline 0.015 -24"><span class='ocrx_word' id='word_1_110' title='bbox 432 1622 562 1676; x_wconf 89' lang='lat' dir='ltr'><strong>tem,</strong></span> <span class='ocrx_word' id='word_1_111' title='bbox 580 1616 701 1668; x_wconf 91' lang='lat' dir='ltr'><strong>utin</strong></span> <span class='ocrx_word' id='word_1_112' title='bbox 721 1618 1122 1676; x_wconf 83' lang='lat' dir='ltr'><strong>intellectilibus</strong></span> <span class='ocrx_word' id='word_1_113' title='bbox 1141 1642 1155 1677; x_wconf 92' lang='lat'><strong>:</strong></span> <span class='ocrx_word' id='word_1_114' title='bbox 1176 1641 1279 1679; x_wconf 90' lang='lat' dir='ltr'><strong>non</strong></span> <span class='ocrx_word' id='word_1_115' title='bbox 1296 1628 1440 1681; x_wconf 88' lang='lat' dir='ltr'><strong>enim</strong></span> <span class='ocrx_word' id='word_1_116' title='bbox 1458 1629 1542 1682; x_wconf 90' lang='lat' dir='ltr'><strong>his</strong></span> <span class='ocrx_word' id='word_1_117' title='bbox 1562 1630 1667 1683; x_wconf 90' lang='lat' dir='ltr'><strong>vita</strong></span> <span class='ocrx_word' id='word_1_118' title='bbox 1687 1634 2009 1689; x_wconf 85' lang='lat' dir='ltr'><strong>terminatur</strong></span> 
     </span>
    </p>
   </div>
   <div class='ocr_carea' id='block_1_19' title="bbox 2109 534 3692 609">
    <p class='ocr_par' dir='ltr' id='par_1_19' title="bbox 2109 534 3692 609">
     <span class='ocr_line' id='line_1_19' title="bbox 2109 534 3692 609; baseline 0.004 -24"><span class='ocrx_word' id='word_1_119' title='bbox 2109 534 2387 604; x_wconf 81' lang='grc' dir='ltr'><strong>ὀνομάτων</strong></span> <span class='ocrx_word' id='word_1_120' title='bbox 2424 536 2642 605; x_wconf 84' lang='grc' dir='ltr'><strong>τρόπον,</strong></span> <span class='ocrx_word' id='word_1_121' title='bbox 2675 537 2755 589; x_wconf 81' lang='grc' dir='ltr'>ὅτι</span> <span class='ocrx_word' id='word_1_122' title='bbox 2789 538 2853 590; x_wconf 80' lang='grc' dir='ltr'>ὲκ</span> <span class='ocrx_word' id='word_1_123' title='bbox 2895 537 3003 589; x_wconf 91' lang='grc' dir='ltr'><strong>τῶν</strong></span> <span class='ocrx_word' id='word_1_124' title='bbox 3046 539 3300 591; x_wconf 80' lang='grc' dir='ltr'>αἰτιατῶν</span> <span class='ocrx_word' id='word_1_125' title='bbox 3334 540 3430 609; x_wconf 85' lang='grc' dir='ltr'><strong>μὲν</strong></span> <span class='ocrx_word' id='word_1_126' title='bbox 3462 541 3490 591; x_wconf 82' lang='grc' dir='ltr'>ὁ</span> <span class='ocrx_word' id='word_1_127' title='bbox 3517 540 3692 604; x_wconf 70' lang='grc' dir='ltr'>αἴτιος</span> 
     </span>
    </p>
   </div>
   <div class='ocr_carea' id='block_1_20' title="bbox 2108 625 3695 701">
    <p class='ocr_par' dir='ltr' id='par_1_20' title="bbox 2108 625 3695 701">
     <span class='ocr_line' id='line_1_20' title="bbox 2108 625 3695 701; baseline 0.005 -25"><span class='ocrx_word' id='word_1_128' title='bbox 2108 625 2453 695; x_wconf 73' lang='grc' dir='ltr'>ὀνομάζεται,</span> <span class='ocrx_word' id='word_1_129' title='bbox 2474 628 2610 698; x_wconf 85' lang='grc' dir='ltr'>πλὴν</span> <span class='ocrx_word' id='word_1_130' title='bbox 2628 630 2721 681; x_wconf 74' lang='grc' dir='ltr'>καὶ</span> <span class='ocrx_word' id='word_1_131' title='bbox 2752 630 2893 701; x_wconf 82' lang='grc' dir='ltr'>ὑπὲρ</span> <span class='ocrx_word' id='word_1_132' title='bbox 2912 628 3084 682; x_wconf 82' lang='grc' dir='ltr'>ταῦτά</span> <span class='ocrx_word' id='word_1_133' title='bbox 3100 633 3327 683; x_wconf 71' lang='grc' dir='ltr'>ἐστικαὶ</span> <span class='ocrx_word' id='word_1_134' title='bbox 3347 633 3695 701; x_wconf 80' lang='grc' dir='ltr'>ὑπεροχικῶς</span> 
     </span>
    </p>
   </div>
   <div class='ocr_carea' id='block_1_21' title="bbox 2109 716 3692 792">
    <p class='ocr_par' dir='ltr' id='par_1_21' title="bbox 2109 716 3692 792">
     <span class='ocr_line' id='line_1_21' title="bbox 2109 716 3692 792; baseline 0.003 -23"><span class='ocrx_word' id='word_1_135' title='bbox 2109 716 2320 785; x_wconf 84' lang='grc' dir='ltr'>λέγεται</span> <span class='ocrx_word' id='word_1_136' title='bbox 2353 720 2713 791; x_wconf 84' lang='grc' dir='ltr'>ὑπεράγαθος,</span> <span class='ocrx_word' id='word_1_137' title='bbox 2751 721 3088 792; x_wconf 83' lang='grc' dir='ltr'>ὑπερούσιος,</span> <span class='ocrx_word' id='word_1_138' title='bbox 3126 722 3325 775; x_wconf 84' lang='grc' dir='ltr'>Λοιπὸν</span> <span class='ocrx_word' id='word_1_139' title='bbox 3354 721 3461 775; x_wconf 80' lang='grc' dir='ltr'><strong>ἀπὸ</strong></span> <span class='ocrx_word' id='word_1_140' title='bbox 3480 722 3575 775; x_wconf 79' lang='grc' dir='ltr'>τοῦ</span> <span class='ocrx_word' id='word_1_141' title='bbox 3604 740 3692 774; x_wconf 88' lang='grc' dir='ltr'>τε-</span> 
     </span>
    </p>
   </div>
   <div class='ocr_carea' id='block_1_22' title="bbox 2108 808 3693 883">
    <p class='ocr_par' dir='ltr' id='par_1_22' title="bbox 2108 808 3693 883">
     <span class='ocr_line' id='line_1_22' title="bbox 2108 808 3693 883; baseline 0.004 -23"><span class='ocrx_word' id='word_1_142' title='bbox 2108 808 2250 862; x_wconf 81' lang='grc' dir='ltr'>λείου</span> <span class='ocrx_word' id='word_1_143' title='bbox 2298 810 2405 862; x_wconf 87' lang='grc' dir='ltr'><strong>τῶν</strong></span> <span class='ocrx_word' id='word_1_144' title='bbox 2445 811 2703 864; x_wconf 83' lang='grc' dir='ltr'>αἰτιατῶν</span> <span class='ocrx_word' id='word_1_145' title='bbox 2747 812 3087 883; x_wconf 81' lang='grc' dir='ltr'><strong>πραγμάτων</strong></span> <span class='ocrx_word' id='word_1_146' title='bbox 3124 813 3414 883; x_wconf 79' lang='grc' dir='ltr'>ὑπερτελὲς</span> <span class='ocrx_word' id='word_1_147' title='bbox 3462 814 3523 866; x_wconf 86' lang='grc' dir='ltr'><strong>τὸ</strong></span> <span class='ocrx_word' id='word_1_148' title='bbox 3548 814 3693 866; x_wconf 80' lang='grc' dir='ltr'>θεῖον</span> 
     </span>
    </p>
   </div>
   <div class='ocr_carea' id='block_1_23' title="bbox 2108 899 3689 975">
    <p class='ocr_par' dir='ltr' id='par_1_23' title="bbox 2108 899 3689 975">
     <span class='ocr_line' id='line_1_23' title="bbox 2108 899 3689 975; baseline 0.003 -22"><span class='ocrx_word' id='word_1_149' title='bbox 2108 899 2354 968; x_wconf 86' lang='grc' dir='ltr'>λέγεται·</span> <span class='ocrx_word' id='word_1_150' title='bbox 2388 903 2519 954; x_wconf 83' lang='grc' dir='ltr'>αὐτὸ</span> <span class='ocrx_word' id='word_1_151' title='bbox 2564 903 2673 975; x_wconf 80' lang='grc' dir='ltr'>γὰρ</span> <span class='ocrx_word' id='word_1_152' title='bbox 2710 903 2905 955; x_wconf 77' lang='grc' dir='ltr'>ἑαυτοῦ</span> <span class='ocrx_word' id='word_1_153' title='bbox 2950 905 3044 956; x_wconf 78' lang='grc' dir='ltr'><strong>καὶ</strong></span> <span class='ocrx_word' id='word_1_154' title='bbox 3089 906 3211 975; x_wconf 83' lang='grc' dir='ltr'>ὄρος</span> <span class='ocrx_word' id='word_1_155' title='bbox 3247 906 3341 957; x_wconf 76' lang='grc' dir='ltr'><strong>καὶ</strong></span> <span class='ocrx_word' id='word_1_156' title='bbox 3358 906 3523 967; x_wconf 80' lang='grc' dir='ltr'>τόπος</span> <span class='ocrx_word' id='word_1_157' title='bbox 3549 907 3689 967; x_wconf 81' lang='grc' dir='ltr'>ἐστὶ,</span> 
     </span>
    </p>
   </div>
   <div class='ocr_carea' id='block_1_24' title="bbox 2109 992 3693 1064">
    <p class='ocr_par' dir='ltr' id='par_1_24' title="bbox 2109 992 3693 1064">
     <span class='ocr_line' id='line_1_24' title="bbox 2109 992 3693 1064; baseline 0.004 -21"><span class='ocrx_word' id='word_1_158' title='bbox 2109 993 2203 1043; x_wconf 69' lang='grc' dir='ltr'>καὶ</span> <span class='ocrx_word' id='word_1_159' title='bbox 2258 992 2408 1045; x_wconf 79' lang='grc' dir='ltr'>οὐδὲν</span> <span class='ocrx_word' id='word_1_160' title='bbox 2456 994 2897 1064; x_wconf 82' lang='grc' dir='ltr'>ὑπερεκτείνεται</span> <span class='ocrx_word' id='word_1_161' title='bbox 2954 993 3049 1047; x_wconf 79' lang='grc' dir='ltr'>τοῦ</span> <span class='ocrx_word' id='word_1_162' title='bbox 3107 994 3265 1057; x_wconf 76' lang='grc' dir='ltr'>Θεοῦ,</span> <span class='ocrx_word' id='word_1_163' title='bbox 3320 996 3456 1048; x_wconf 87' lang='grc' dir='ltr'><strong>ἀλλά</strong></span> <span class='ocrx_word' id='word_1_164' title='bbox 3502 998 3599 1049; x_wconf 78' lang='grc' dir='ltr'><strong>καὶ</strong></span> <span class='ocrx_word' id='word_1_165' title='bbox 3627 998 3693 1050; x_wconf 70' lang='grc' dir='ltr'><strong>τά</strong></span> 
     </span>
    </p>
   </div>
   <div class='ocr_carea' id='block_1_25' title="bbox 2109 1084 3694 1160">
    <p class='ocr_par' dir='ltr' id='par_1_25' title="bbox 2109 1084 3694 1160">
     <span class='ocr_line' id='line_1_25' title="bbox 2109 1084 3694 1160; baseline 0.003 -23"><span class='ocrx_word' id='word_1_166' title='bbox 2109 1084 2307 1155; x_wconf 74' lang='grc' dir='ltr'>ἄπειρα</span> <span class='ocrx_word' id='word_1_167' title='bbox 2338 1087 2499 1150; x_wconf 79' lang='grc' dir='ltr'>αὐτὸς</span> <span class='ocrx_word' id='word_1_168' title='bbox 2528 1091 2752 1158; x_wconf 88' lang='grc' dir='ltr'>περατοῖ</span> <span class='ocrx_word' id='word_1_169' title='bbox 2774 1105 2787 1119; x_wconf 76' lang='grc' dir='ltr'><strong>ο</strong></span> <span class='ocrx_word' id='word_1_170' title='bbox 2820 1089 2945 1151; x_wconf 78' lang='grc' dir='ltr'>τοὺς</span> <span class='ocrx_word' id='word_1_171' title='bbox 2966 1089 3071 1158; x_wconf 85' lang='grc' dir='ltr'>γὰρ</span> <span class='ocrx_word' id='word_1_172' title='bbox 3091 1088 3292 1150; x_wconf 80' lang='grc' dir='ltr'>αἰῶνας</span> <span class='ocrx_word' id='word_1_173' title='bbox 3318 1090 3580 1160; x_wconf 77' lang='grc' dir='ltr'>ἀπείρους</span> <span class='ocrx_word' id='word_1_174' title='bbox 3610 1090 3694 1141; x_wconf 76' lang='grc' dir='ltr'><strong>ὗν-</strong></span> 
     </span>
    </p>
   </div>
   <div class='ocr_carea' id='block_1_26' title="bbox 2107 1178 3697 1252">
    <p class='ocr_par' dir='ltr' id='par_1_26' title="bbox 2107 1178 3697 1252">
     <span class='ocr_line' id='line_1_26' title="bbox 2107 1178 3697 1252; baseline 0.004 -25"><span class='ocrx_word' id='word_1_175' title='bbox 2107 1192 2207 1238; x_wconf 87' lang='grc' dir='ltr'><strong>τας</strong></span> <span class='ocrx_word' id='word_1_176' title='bbox 2242 1178 2322 1247; x_wconf 80' lang='grc' dir='ltr'><strong>(οὺ</strong></span> <span class='ocrx_word' id='word_1_177' title='bbox 2357 1178 2466 1249; x_wconf 84' lang='grc' dir='ltr'><strong>γάρ</strong></span> <span class='ocrx_word' id='word_1_178' title='bbox 2496 1178 2677 1249; x_wconf 81' lang='grc' dir='ltr'>ἔχουσι</span> <span class='ocrx_word' id='word_1_179' title='bbox 2723 1180 2930 1250; x_wconf 80' lang='grc' dir='ltr'>πέρας)</span> <span class='ocrx_word' id='word_1_180' title='bbox 2963 1180 3123 1243; x_wconf 77' lang='grc' dir='ltr'>αὐτὸς</span> <span class='ocrx_word' id='word_1_181' title='bbox 3162 1180 3241 1251; x_wconf 83' lang='grc' dir='ltr'>τῷ</span> <span class='ocrx_word' id='word_1_182' title='bbox 3274 1182 3491 1252; x_wconf 81' lang='grc' dir='ltr'>ἀπείρῳ</span> <span class='ocrx_word' id='word_1_183' title='bbox 3527 1186 3697 1251; x_wconf 83' lang='grc' dir='ltr'>μεγέ-</span> 
     </span>
    </p>
   </div>
   <div class='ocr_carea' id='block_1_27' title="bbox 2110 1268 3695 1345">
    <p class='ocr_par' dir='ltr' id='par_1_27' title="bbox 2110 1268 3695 1345">
     <span class='ocr_line' id='line_1_27' title="bbox 2110 1268 3695 1345; baseline 0.004 -25"><span class='ocrx_word' id='word_1_184' title='bbox 2110 1268 2191 1321; x_wconf 91' lang='grc' dir='ltr'><strong>θει</strong></span> <span class='ocrx_word' id='word_1_185' title='bbox 2223 1272 2506 1341; x_wconf 79' lang='grc' dir='ltr'>ὑπερέχων</span> <span class='ocrx_word' id='word_1_186' title='bbox 2550 1272 2627 1342; x_wconf 82' lang='grc' dir='ltr'><strong>τῷ</strong></span> <span class='ocrx_word' id='word_1_187' title='bbox 2658 1272 2850 1326; x_wconf 79' lang='grc' dir='ltr'>ἑαυτοῦ</span> <span class='ocrx_word' id='word_1_188' title='bbox 2884 1273 3294 1344; x_wconf 85' lang='grc' dir='ltr'>ἀπειροπλασίῳ</span> <span class='ocrx_word' id='word_1_189' title='bbox 3324 1275 3571 1345; x_wconf 78' lang='grc' dir='ltr'>περιέχει</span> <span class='ocrx_word' id='word_1_190' title='bbox 3604 1278 3695 1327; x_wconf 74' lang='grc' dir='ltr'><strong>καὶ</strong></span> 
     </span>
    </p>
   </div>
   <div class='ocr_carea' id='block_1_28' title="bbox 2110 1365 3695 1438">
    <p class='ocr_par' dir='ltr' id='par_1_28' title="bbox 2110 1365 3695 1438">
     <span class='ocr_line' id='line_1_28' title="bbox 2110 1365 3695 1438; baseline 0.004 -24"><span class='ocrx_word' id='word_1_191' title='bbox 2110 1365 2290 1416; x_wconf 76' lang='grc' dir='ltr'>πᾶσαν</span> <span class='ocrx_word' id='word_1_192' title='bbox 2319 1366 2599 1436; x_wconf 73' lang='grc' dir='ltr'>ἀοριστίαν</span> <span class='ocrx_word' id='word_1_193' title='bbox 2641 1366 2806 1435; x_wconf 77' lang='grc' dir='ltr'>ζωῆς,</span> <span class='ocrx_word' id='word_1_194' title='bbox 2838 1367 2914 1429; x_wconf 84' lang='grc' dir='ltr'><strong>ὡς</strong></span> <span class='ocrx_word' id='word_1_195' title='bbox 2946 1368 3037 1418; x_wconf 77' lang='grc' dir='ltr'>ἐπὶ</span> <span class='ocrx_word' id='word_1_196' title='bbox 3064 1366 3171 1420; x_wconf 89' lang='grc' dir='ltr'><strong>τῶν</strong></span> <span class='ocrx_word' id='word_1_197' title='bbox 3209 1368 3443 1437; x_wconf 83' lang='grc' dir='ltr'>νοητῶν·</span> <span class='ocrx_word' id='word_1_198' title='bbox 3494 1370 3556 1420; x_wconf 76' lang='grc' dir='ltr'><strong>οὐ</strong></span> <span class='ocrx_word' id='word_1_199' title='bbox 3588 1368 3695 1438; x_wconf 77' lang='grc' dir='ltr'><strong>γὰρ</strong></span> 
     </span>
    </p>
   </div>
   <div class='ocr_carea' id='block_1_29' title="bbox 2110 1454 3698 1530">
    <p class='ocr_par' dir='ltr' id='par_1_29' title="bbox 2110 1454 3698 1530">
     <span class='ocr_line' id='line_1_29' title="bbox 2110 1454 3698 1530; baseline 0.002 -23"><span class='ocrx_word' id='word_1_200' title='bbox 2110 1454 2337 1525; x_wconf 80' lang='grc' dir='ltr'>ὥρισται</span> <span class='ocrx_word' id='word_1_201' title='bbox 2371 1459 2577 1521; x_wconf 80' lang='grc' dir='ltr'>τούτοις</span> <span class='ocrx_word' id='word_1_202' title='bbox 2628 1458 2789 1528; x_wconf 84' lang='grc' dir='ltr'>όβίος</span> <span class='ocrx_word' id='word_1_203' title='bbox 2829 1459 2905 1522; x_wconf 81' lang='grc' dir='ltr'>ὡς</span> <span class='ocrx_word' id='word_1_204' title='bbox 2947 1460 3039 1511; x_wconf 76' lang='grc' dir='ltr'>ἐπὶ</span> <span class='ocrx_word' id='word_1_205' title='bbox 3068 1459 3177 1511; x_wconf 90' lang='grc' dir='ltr'><strong>τῶν</strong></span> <span class='ocrx_word' id='word_1_206' title='bbox 3224 1459 3548 1530; x_wconf 83' lang='grc' dir='ltr'>ἀνθρώπων,</span> <span class='ocrx_word' id='word_1_207' title='bbox 3580 1461 3698 1513; x_wconf 70' lang='grc' dir='ltr'>ἀλλ’</span> 
     </span>
    </p>
   </div>
   <div class='ocr_carea' id='block_1_30' title="bbox 2110 1547 3705 1624">
    <p class='ocr_par' dir='ltr' id='par_1_30' title="bbox 2110 1547 3705 1624">
     <span class='ocr_line' id='line_1_30' title="bbox 2110 1547 3705 1624; baseline 0.002 -24"><span class='ocrx_word' id='word_1_208' title='bbox 2110 1547 2368 1601; x_wconf 88' lang='grc' dir='ltr'>ἀθάνατοι</span> <span class='ocrx_word' id='word_1_209' title='bbox 2414 1551 2742 1621; x_wconf 75' lang='grc' dir='ltr'>ἐκτίσθησαν</span> <span class='ocrx_word' id='word_1_210' title='bbox 2765 1570 2780 1581; x_wconf 80' lang='grc'><strong>·</strong></span> <span class='ocrx_word' id='word_1_211' title='bbox 2816 1554 2843 1604; x_wconf 85' lang='grc' dir='ltr'>ὁ</span> <span class='ocrx_word' id='word_1_212' title='bbox 2875 1552 3005 1616; x_wconf 88' lang='grc' dir='ltr'>Θεὸς</span> <span class='ocrx_word' id='word_1_213' title='bbox 3049 1552 3128 1623; x_wconf 84' lang='grc' dir='ltr'><strong>τῷ</strong></span> <span class='ocrx_word' id='word_1_214' title='bbox 3170 1554 3515 1624; x_wconf 86' lang='grc' dir='ltr'>ὑπεραιωνίῳ</span> <span class='ocrx_word' id='word_1_215' title='bbox 3546 1552 3705 1613; x_wconf 76' lang='grc' dir='ltr'>ἐντὸς</span> 
     </span>
    </p>
   </div>
   <div class='ocr_carea' id='block_1_31' title="bbox 2110 1639 2980 1714">
    <p class='ocr_par' dir='ltr' id='par_1_31' title="bbox 2110 1639 2980 1714">
     <span class='ocr_line' id='line_1_31' title="bbox 2110 1639 2980 1714; baseline 0.005 -22"><span class='ocrx_word' id='word_1_216' title='bbox 2110 1639 2211 1709; x_wconf 83' lang='grc' dir='ltr'>τῆς</span> <span class='ocrx_word' id='word_1_217' title='bbox 2247 1641 2379 1704; x_wconf 79' lang='grc' dir='ltr'>ἰδίας</span> <span class='ocrx_word' id='word_1_218' title='bbox 2398 1642 2695 1713; x_wconf 85' lang='grc' dir='ltr'>ἀῖδιότητος</span> <span class='ocrx_word' id='word_1_219' title='bbox 2723 1644 2980 1714; x_wconf 78' lang='grc' dir='ltr'>ὁρίζεται.</span> 
     </span>
    </p>
   </div>
   <div class='ocr_carea' id='block_1_32' title="bbox 427 1707 3693 1807">
    <p class='ocr_par' dir='ltr' id='par_1_32' title="bbox 427 1707 3693 1807">
     <span class='ocr_line' id='line_1_32' title="bbox 427 1707 3693 1807; baseline 0.01 -49"><span class='ocrx_word' id='word_1_220' title='bbox 427 1714 485 1759; x_wconf 90' lang='lat' dir='ltr'><strong>ut</strong></span> <span class='ocrx_word' id='word_1_221' title='bbox 526 1707 577 1759; x_wconf 90' lang='lat' dir='ltr'><strong>in</strong></span> <span class='ocrx_word' id='word_1_222' title='bbox 610 1708 939 1777; x_wconf 90' lang='lat' dir='ltr'><strong>hominibus,</strong></span> <span class='ocrx_word' id='word_1_223' title='bbox 972 1715 1063 1768; x_wconf 88' lang='lat' dir='ltr'><strong>sed</strong></span> <span class='ocrx_word' id='word_1_224' title='bbox 1100 1716 1431 1777; x_wconf 86' lang='lat' dir='ltr'><strong>immortales</strong></span> <span class='ocrx_word' id='word_1_225' title='bbox 1490 1726 1658 1779; x_wconf 84' lang='lat' dir='ltr'><strong>creati</strong></span> <span class='ocrx_word' id='word_1_226' title='bbox 1726 1736 1873 1791; x_wconf 88' lang='lat' dir='ltr'><strong>sunt,</strong></span> <span class='ocrx_word' id='word_1_227' title='bbox 1904 1729 2046 1786; x_wconf 91' lang='lat' dir='ltr'><strong>Deus</strong></span> <span class='ocrx_word' id='word_1_228' title='bbox 2071 1747 2199 1788; x_wconf 84' lang='lat' dir='ltr'><strong>vero</strong></span> <span class='ocrx_word' id='word_1_229' title='bbox 2231 1735 2282 1787; x_wconf 93' lang='lat' dir='ltr'><strong>in</strong></span> <span class='ocrx_word' id='word_1_230' title='bbox 2319 1747 2679 1803; x_wconf 64' lang='lat' dir='ltr'><strong>super-aeterna</strong></span> <span class='ocrx_word' id='word_1_231' title='bbox 2721 1739 2937 1807; x_wconf 91' lang='lat' dir='ltr'><strong>pr0pria</strong></span> <span class='ocrx_word' id='word_1_232' title='bbox 2983 1739 3295 1793; x_wconf 67' lang='lat' dir='ltr'><strong>aeternitate</strong></span> <span class='ocrx_word' id='word_1_233' title='bbox 3334 1740 3693 1793; x_wconf 86' lang='lat' dir='ltr'><strong>terminatur.</strong></span> 
     </span>
    </p>
   </div>
   <div class='ocr_carea' id='block_1_33' title="bbox 501 1799 2014 1898">
    <p class='ocr_par' dir='ltr' id='par_1_33' title="bbox 501 1799 2005 1890">
     <span class='ocr_line' id='line_1_33' title="bbox 501 1799 2005 1890; baseline 0.015 -38"><span class='ocrx_word' id='word_1_234' title='bbox 501 1799 624 1871; x_wconf 84' lang='lat' dir='ltr'><strong>§I|.</strong></span> <span class='ocrx_word' id='word_1_235' title='bbox 681 1802 855 1858; x_wconf 86' lang='lat' dir='ltr'><strong>Aliter</strong></span> <span class='ocrx_word' id='word_1_236' title='bbox 913 1809 1074 1861; x_wconf 88' lang='lat' dir='ltr'><strong>etiam</strong></span> <span class='ocrx_word' id='word_1_237' title='bbox 1132 1812 1405 1879; x_wconf 83' lang='lat' dir='ltr'><strong>perfectus</strong></span> <span class='ocrx_word' id='word_1_238' title='bbox 1457 1816 1692 1884; x_wconf 81' lang='lat' dir='ltr'><strong>dicitur,</strong></span> <span class='ocrx_word' id='word_1_239' title='bbox 1751 1829 2005 1890; x_wconf 89' lang='lat' dir='ltr'><strong>tauquam</strong></span> 
     </span>
    </p>
   </div>
   <div class='ocr_carea' id='block_1_34' title="bbox 2118 1799 3711 1898">
    <p class='ocr_par' dir='ltr' id='par_1_34' title="bbox 2182 1799 3711 1898">
     <span class='ocr_line' id='line_1_34' title="bbox 2182 1799 3711 1898; baseline 0.004 -20"><span class='ocrx_word' id='word_1_240' title='bbox 2182 1826 2209 1897; x_wconf 57' lang='grc' dir='ltr'><strong>ᾖ</strong></span> <span class='ocrx_word' id='word_1_241' title='bbox 2242 1829 2306 1880; x_wconf 88' lang='grc' dir='ltr'><strong>ΙΙ.</strong></span> <span class='ocrx_word' id='word_1_242' title='bbox 2340 1799 2451 1881; x_wconf 40' lang='grc' dir='ltr'><strong>Κ-αὶ</strong></span> <span class='ocrx_word' id='word_1_243' title='bbox 2482 1828 2653 1892; x_wconf 77' lang='grc' dir='ltr'>ἄλλως</span> <span class='ocrx_word' id='word_1_244' title='bbox 2697 1799 2899 1882; x_wconf 69' lang='grc' dir='ltr'>τέλειον</span> <span class='ocrx_word' id='word_1_245' title='bbox 2954 1830 3170 1898; x_wconf 90' lang='grc' dir='ltr'>λέγεται</span> <span class='ocrx_word' id='word_1_246' title='bbox 3219 1832 3314 1883; x_wconf 74' lang='grc' dir='ltr'><strong>καὶ</strong></span> <span class='ocrx_word' id='word_1_247' title='bbox 3355 1831 3430 1893; x_wconf 85' lang='grc' dir='ltr'>ὡς</span> <span class='ocrx_word' id='word_1_248' title='bbox 3463 1828 3711 1894; x_wconf 58' lang='grc' dir='ltr'>ἀναυξὲςη</span> 
     </span>
    </p>
   </div>
   <div class='ocr_carea' id='block_1_35' title="bbox 429 1904 2009 1980">
    <p class='ocr_par' dir='ltr' id='par_1_35' title="bbox 429 1904 2009 1980">
     <span class='ocr_line' id='line_1_35' title="bbox 429 1904 2009 1980; baseline 0.015 -33"><span class='ocrx_word' id='word_1_249' title='bbox 429 1908 606 1963; x_wconf 88' lang='lat' dir='ltr'><strong>neque</strong></span> <span class='ocrx_word' id='word_1_250' title='bbox 658 1906 849 1956; x_wconf 88' lang='lat' dir='ltr'><strong>auctus</strong></span> <span class='ocrx_word' id='word_1_251' title='bbox 891 1916 1065 1970; x_wconf 90' lang='lat' dir='ltr'><strong>neque</strong></span> <span class='ocrx_word' id='word_1_252' title='bbox 1103 1904 1461 1974; x_wconf 89' lang='lat' dir='ltr'><strong>imminutus;</strong></span> <span class='ocrx_word' id='word_1_253' title='bbox 1495 1925 1671 1980; x_wconf 91' lang='lat' dir='ltr'><strong>neque</strong></span> <span class='ocrx_word' id='word_1_254' title='bbox 1717 1914 1861 1968; x_wconf 89' lang='lat' dir='ltr'><strong>enim</strong></span> <span class='ocrx_word' id='word_1_255' title='bbox 1913 1931 2009 1969; x_wconf 89' lang='lat' dir='ltr'><strong>au-</strong></span> 
     </span>
    </p>
   </div>
   <div class='ocr_carea' id='block_1_36' title="bbox 428 1992 2010 2078">
    <p class='ocr_par' dir='ltr' id='par_1_36' title="bbox 428 1992 2010 2078">
     <span class='ocr_line' id='line_1_36' title="bbox 428 1992 2010 2078; baseline 0.018 -42"><span class='ocrx_word' id='word_1_256' title='bbox 428 1997 705 2055; x_wconf 87' lang='lat' dir='ltr'><strong>gmentum</strong></span> <span class='ocrx_word' id='word_1_257' title='bbox 730 2007 827 2047; x_wconf 90' lang='lat' dir='ltr'><strong>nec</strong></span> <span class='ocrx_word' id='word_1_258' title='bbox 845 1992 1259 2053; x_wconf 90' lang='lat' dir='ltr'><strong>diminutionem</strong></span> <span class='ocrx_word' id='word_1_259' title='bbox 1281 2000 1519 2056; x_wconf 88' lang='lat' dir='ltr'><strong>admittit</strong></span> <span class='ocrx_word' id='word_1_260' title='bbox 1537 2006 1678 2073; x_wconf 92' lang='lat' dir='ltr'><strong>quod</strong></span> <span class='ocrx_word' id='word_1_261' title='bbox 1696 2007 1861 2061; x_wconf 92' lang='lat' dir='ltr'><strong>etiam</strong></span> <span class='ocrx_word' id='word_1_262' title='bbox 1889 1998 2010 2078; x_wconf 79' lang='lat' dir='ltr'><strong>per-</strong></span> 
     </span>
    </p>
   </div>
   <div class='ocr_carea' id='block_1_37' title="bbox 431 2076 2007 2165">
    <p class='ocr_par' dir='ltr' id='par_1_37' title="bbox 431 2076 2007 2165">
     <span class='ocr_line' id='line_1_37' title="bbox 431 2076 2007 2165; baseline 0.015 -35"><span class='ocrx_word' id='word_1_263' title='bbox 431 2076 687 2135; x_wconf 78' lang='lat' dir='ltr'><strong>l‘ectionis</strong></span> <span class='ocrx_word' id='word_1_264' title='bbox 718 2093 801 2137; x_wconf 91' lang='lat' dir='ltr'><strong>est</strong></span> <span class='ocrx_word' id='word_1_265' title='bbox 824 2086 875 2137; x_wconf 91' lang='lat' dir='ltr'><strong>in</strong></span> <span class='ocrx_word' id='word_1_266' title='bbox 908 2101 974 2141; x_wconf 89' lang='lat' dir='ltr'><strong>eo</strong></span> <span class='ocrx_word' id='word_1_267' title='bbox 1001 2088 1144 2155; x_wconf 87' lang='lat' dir='ltr'><strong>quod</strong></span> <span class='ocrx_word' id='word_1_268' title='bbox 1193 2090 1587 2159; x_wconf 79' lang='lat' dir='ltr'><strong>perfectionem</strong></span> <span class='ocrx_word' id='word_1_269' title='bbox 1620 2096 1809 2151; x_wconf 84' lang='lat' dir='ltr'><strong>habet.</strong></span> <span class='ocrx_word' id='word_1_270' title='bbox 1853 2076 2007 2165; x_wconf 84' lang='lat' dir='ltr'><strong>Item,</strong></span> 
     </span>
    </p>
   </div>
   <div class='ocr_carea' id='block_1_38' title="bbox 430 2173 2009 2254">
    <p class='ocr_par' dir='ltr' id='par_1_38' title="bbox 430 2173 2009 2254">
     <span class='ocr_line' id='line_1_38' title="bbox 430 2173 2009 2254; baseline 0.013 -30"><span class='ocrx_word' id='word_1_271' title='bbox 430 2173 560 2240; x_wconf 92' lang='lat' dir='ltr'><strong>quia</strong></span> <span class='ocrx_word' id='word_1_272' title='bbox 607 2177 792 2229; x_wconf 91' lang='lat' dir='ltr'><strong>omnia</strong></span> <span class='ocrx_word' id='word_1_273' title='bbox 839 2194 961 2247; x_wconf 68' lang='lat' dir='ltr'><strong>qua:</strong></span> <span class='ocrx_word' id='word_1_274' title='bbox 1019 2180 1257 2250; x_wconf 82' lang='lat' dir='ltr'><strong>perfecta</strong></span> <span class='ocrx_word' id='word_1_275' title='bbox 1303 2195 1429 2239; x_wconf 92' lang='lat' dir='ltr'><strong>sunt</strong></span> <span class='ocrx_word' id='word_1_276' title='bbox 1458 2186 1671 2254; x_wconf 82' lang='lat' dir='ltr'><strong>perﬁcit</strong></span> <span class='ocrx_word' id='word_1_277' title='bbox 1711 2191 2009 2245; x_wconf 90' lang='lat' dir='ltr'><strong>secundum</strong></span> 
     </span>
    </p>
   </div>
   <div class='ocr_carea' id='block_1_39' title="bbox 430 2264 2010 2350">
    <p class='ocr_par' dir='ltr' id='par_1_39' title="bbox 430 2264 2010 2350">
     <span class='ocr_line' id='line_1_39' title="bbox 430 2264 2010 2350; baseline 0.015 -35"><span class='ocrx_word' id='word_1_278' title='bbox 430 2277 592 2317; x_wconf 84' lang='lat' dir='ltr'><strong>unam</strong></span> <span class='ocrx_word' id='word_1_279' title='bbox 623 2264 990 2323; x_wconf 88' lang='lat' dir='ltr'><strong>incessantem</strong></span> <span class='ocrx_word' id='word_1_280' title='bbox 1028 2282 1083 2326; x_wconf 90' lang='lat' dir='ltr'><strong>et</strong></span> <span class='ocrx_word' id='word_1_281' title='bbox 1118 2276 1367 2331; x_wconf 90' lang='lat' dir='ltr'><strong>eamdem</strong></span> <span class='ocrx_word' id='word_1_282' title='bbox 1408 2279 1812 2349; x_wconf 83' lang='lat' dir='ltr'><strong>elargitionem.</strong></span> <span class='ocrx_word' id='word_1_283' title='bbox 1857 2282 2010 2350; x_wconf 85' lang='lat' dir='ltr'><strong>Quod</strong></span> 
     </span>
    </p>
   </div>
   <div class='ocr_carea' id='block_1_40' title="bbox 429 2354 2007 2443">
    <p class='ocr_par' dir='ltr' id='par_1_40' title="bbox 429 2354 2007 2443">
     <span class='ocr_line' id='line_1_40' title="bbox 429 2354 2007 2443; baseline 0.013 -35"><span class='ocrx_word' id='word_1_284' title='bbox 429 2354 617 2424; x_wconf 63' lang='lat' dir='ltr'><strong>ftaque</strong></span> <span class='ocrx_word' id='word_1_285' title='bbox 651 2359 808 2414; x_wconf 90' lang='lat' dir='ltr'><strong>unice</strong></span> <span class='ocrx_word' id='word_1_286' title='bbox 831 2370 886 2415; x_wconf 92' lang='lat' dir='ltr'><strong>et</strong></span> <span class='ocrx_word' id='word_1_287' title='bbox 918 2378 1023 2415; x_wconf 91' lang='lat' dir='ltr'><strong>non</strong></span> <span class='ocrx_word' id='word_1_288' title='bbox 1048 2363 1222 2419; x_wconf 86' lang='lat' dir='ltr'><strong>divise</strong></span> <span class='ocrx_word' id='word_1_289' title='bbox 1251 2368 1462 2435; x_wconf 82' lang='lat' dir='ltr'><strong>perlicit</strong></span> <span class='ocrx_word' id='word_1_290' title='bbox 1493 2378 1549 2424; x_wconf 89' lang='lat' dir='ltr'><strong>et</strong></span> <span class='ocrx_word' id='word_1_291' title='bbox 1581 2386 1689 2425; x_wconf 89' lang='lat' dir='ltr'><strong>non</strong></span> <span class='ocrx_word' id='word_1_292' title='bbox 1721 2374 2007 2443; x_wconf 74' lang='lat' dir='ltr'><strong>minuitun,</strong></span> 
     </span>
    </p>
   </div>
   <div class='ocr_carea' id='block_1_41' title="bbox 429 2446 2011 2529">
    <p class='ocr_par' dir='ltr' id='par_1_41' title="bbox 429 2446 2011 2529">
     <span class='ocr_line' id='line_1_41' title="bbox 429 2446 2011 2529; baseline 0.015 -30"><span class='ocrx_word' id='word_1_293' title='bbox 429 2446 649 2515; x_wconf 81' lang='lat' dir='ltr'><strong>plenum</strong></span> <span class='ocrx_word' id='word_1_294' title='bbox 678 2451 784 2504; x_wconf 90' lang='lat' dir='ltr'><strong>erit</strong></span> <span class='ocrx_word' id='word_1_295' title='bbox 814 2463 869 2506; x_wconf 89' lang='lat' dir='ltr'><strong>et</strong></span> <span class='ocrx_word' id='word_1_296' title='bbox 914 2469 1241 2523; x_wconf 84' lang='lat' dir='ltr'><strong>supraquam</strong></span> <span class='ocrx_word' id='word_1_297' title='bbox 1277 2459 1515 2529; x_wconf 89' lang='lat' dir='ltr'><strong>plenum.</strong></span> <span class='ocrx_word' id='word_1_298' title='bbox 1552 2462 1727 2519; x_wconf 91' lang='lat' dir='ltr'><strong>Unum</strong></span> <span class='ocrx_word' id='word_1_299' title='bbox 1756 2481 1888 2521; x_wconf 88' lang='lat' dir='ltr'><strong>vero</strong></span> <span class='ocrx_word' id='word_1_300' title='bbox 1932 2469 2011 2522; x_wconf 85' lang='lat' dir='ltr'><strong>di-</strong></span> 
     </span>
    </p>
   </div>
   <div class='ocr_carea' id='block_1_42' title="bbox 432 2539 2012 2624">
    <p class='ocr_par' dir='ltr' id='par_1_42' title="bbox 432 2539 2012 2624">
     <span class='ocr_line' id='line_1_42' title="bbox 432 2539 2012 2624; baseline 0.016 -33"><span class='ocrx_word' id='word_1_301' title='bbox 432 2539 602 2603; x_wconf 90' lang='lat' dir='ltr'><strong>citur,</strong></span> <span class='ocrx_word' id='word_1_302' title='bbox 632 2545 895 2609; x_wconf 88' lang='lat' dir='ltr'><strong>quoniam</strong></span> <span class='ocrx_word' id='word_1_303' title='bbox 949 2549 1247 2602; x_wconf 81' lang='lat' dir='ltr'><strong>secundum</strong></span> <span class='ocrx_word' id='word_1_304' title='bbox 1282 2566 1447 2606; x_wconf 92' lang='lat' dir='ltr'><strong>unum</strong></span> <span class='ocrx_word' id='word_1_305' title='bbox 1479 2556 1610 2624; x_wconf 88' lang='lat' dir='ltr'><strong>quid</strong></span> <span class='ocrx_word' id='word_1_306' title='bbox 1641 2560 1824 2613; x_wconf 89' lang='lat' dir='ltr'><strong>omnia</strong></span> <span class='ocrx_word' id='word_1_307' title='bbox 1860 2562 2012 2616; x_wconf 90' lang='lat' dir='ltr'><strong>unita</strong></span> 
     </span>
    </p>
   </div>
   <div class='ocr_carea' id='block_1_43' title="bbox 432 2637 2012 2706">
    <p class='ocr_par' dir='ltr' id='par_1_43' title="bbox 432 2637 2012 2706">
     <span class='ocr_line' id='line_1_43' title="bbox 432 2637 2012 2706; baseline 0.015 -24"><span class='ocrx_word' id='word_1_308' title='bbox 432 2639 557 2683; x_wconf 79' lang='lat' dir='ltr'><strong>sunt</strong></span> <span class='ocrx_word' id='word_1_309' title='bbox 578 2646 773 2696; x_wconf 64' lang='lat' dir='ltr'><strong>causae,</strong></span> <span class='ocrx_word' id='word_1_310' title='bbox 802 2646 856 2689; x_wconf 87' lang='lat' dir='ltr'><strong>et</strong></span> <span class='ocrx_word' id='word_1_311' title='bbox 874 2637 988 2691; x_wconf 63' lang='lat' dir='ltr'><strong>hinc</strong></span> <span class='ocrx_word' id='word_1_312' title='bbox 1014 2654 1230 2694; x_wconf 85' lang='lat' dir='ltr'><strong>rursum</strong></span> <span class='ocrx_word' id='word_1_313' title='bbox 1253 2643 1502 2700; x_wconf 89' lang='lat' dir='ltr'><strong>omnibus</strong></span> <span class='ocrx_word' id='word_1_314' title='bbox 1526 2651 1823 2703; x_wconf 90' lang='lat' dir='ltr'><strong>secundum</strong></span> <span class='ocrx_word' id='word_1_315' title='bbox 1846 2668 2012 2706; x_wconf 88' lang='lat' dir='ltr'><strong>unum</strong></span> 
     </span>
    </p>
   </div>
   <div class='ocr_carea' id='block_1_44' title="bbox 432 2723 2015 2807">
    <p class='ocr_par' dir='ltr' id='par_1_44' title="bbox 432 2723 2015 2807">
     <span class='ocr_line' id='line_1_44' title="bbox 432 2723 2015 2807; baseline 0.016 -32"><span class='ocrx_word' id='word_1_316' title='bbox 432 2723 679 2790; x_wconf 86' lang='lat' dir='ltr'><strong>eminet;</strong></span> <span class='ocrx_word' id='word_1_317' title='bbox 716 2727 852 2780; x_wconf 89' lang='lat' dir='ltr'><strong>nihil</strong></span> <span class='ocrx_word' id='word_1_318' title='bbox 887 2730 1035 2783; x_wconf 88' lang='lat' dir='ltr'><strong>enitn</strong></span> <span class='ocrx_word' id='word_1_319' title='bbox 1064 2742 1149 2786; x_wconf 92' lang='lat' dir='ltr'><strong>est</strong></span> <span class='ocrx_word' id='word_1_320' title='bbox 1175 2734 1226 2787; x_wconf 86' lang='lat' dir='ltr'><strong>in</strong></span> <span class='ocrx_word' id='word_1_321' title='bbox 1262 2738 1425 2791; x_wconf 86' lang='lat' dir='ltr'><strong>rebus</strong></span> <span class='ocrx_word' id='word_1_322' title='bbox 1448 2740 1591 2807; x_wconf 87' lang='lat' dir='ltr'><strong>quod</strong></span> <span class='ocrx_word' id='word_1_323' title='bbox 1620 2744 1781 2797; x_wconf 89' lang='lat' dir='ltr'><strong>unius</strong></span> <span class='ocrx_word' id='word_1_324' title='bbox 1805 2759 1911 2798; x_wconf 92' lang='lat' dir='ltr'><strong>non</strong></span> <span class='ocrx_word' id='word_1_325' title='bbox 1942 2748 2015 2799; x_wconf 82' lang='lat' dir='ltr'><strong>sit</strong></span> 
     </span>
    </p>
   </div>
   <div class='ocr_carea' id='block_1_45' title="bbox 432 2817 2015 2903">
    <p class='ocr_par' dir='ltr' id='par_1_45' title="bbox 432 2817 2015 2903">
     <span class='ocr_line' id='line_1_45' title="bbox 432 2817 2015 2903; baseline 0.014 -35"><span class='ocrx_word' id='word_1_326' title='bbox 432 2817 729 2887; x_wconf 88' lang='lat' dir='ltr'><strong>particeps,</strong></span> <span class='ocrx_word' id='word_1_327' title='bbox 767 2820 863 2874; x_wconf 89' lang='lat' dir='ltr'><strong>sed</strong></span> <span class='ocrx_word' id='word_1_328' title='bbox 893 2824 1040 2877; x_wconf 91' lang='lat' dir='ltr'><strong>sicut</strong></span> <span class='ocrx_word' id='word_1_329' title='bbox 1066 2828 1245 2882; x_wconf 89' lang='lat' dir='ltr'><strong>omnis</strong></span> <span class='ocrx_word' id='word_1_330' title='bbox 1271 2843 1532 2884; x_wconf 90' lang='lat' dir='ltr'><strong>numerus</strong></span> <span class='ocrx_word' id='word_1_331' title='bbox 1573 2834 1865 2903; x_wconf 89' lang='lat' dir='ltr'><strong>participat</strong></span> <span class='ocrx_word' id='word_1_332' title='bbox 1896 2837 2015 2889; x_wconf 89' lang='lat' dir='ltr'><strong>uni-</strong></span> 
     </span>
    </p>
   </div>
   <div class='ocr_carea' id='block_1_46' title="bbox 435 2915 2013 2991">
    <p class='ocr_par' dir='ltr' id='par_1_46' title="bbox 435 2915 2013 2991">
     <span class='ocr_line' id='line_1_46' title="bbox 435 2915 2013 2991; baseline 0.015 -34"><span class='ocrx_word' id='word_1_333' title='bbox 435 2915 624 2975; x_wconf 87' lang='lat' dir='ltr'><strong>tatem,</strong></span> <span class='ocrx_word' id='word_1_334' title='bbox 660 2918 713 2963; x_wconf 90' lang='lat' dir='ltr'><strong>et</strong></span> <span class='ocrx_word' id='word_1_335' title='bbox 762 2927 903 2967; x_wconf 88' lang='lat' dir='ltr'><strong>unus</strong></span> <span class='ocrx_word' id='word_1_336' title='bbox 938 2915 1183 2971; x_wconf 88' lang='lat' dir='ltr'><strong>binarius</strong></span> <span class='ocrx_word' id='word_1_337' title='bbox 1215 2918 1577 2987; x_wconf 87' lang='lat' dir='ltr'><strong>deuariusque</strong></span> <span class='ocrx_word' id='word_1_338' title='bbox 1625 2924 1854 2991; x_wconf 87' lang='lat' dir='ltr'><strong>dicitur;</strong></span> <span class='ocrx_word' id='word_1_339' title='bbox 1886 2936 1939 2981; x_wconf 89' lang='lat' dir='ltr'><strong>et</strong></span> <span class='ocrx_word' id='word_1_340' title='bbox 1969 2926 2013 2981; x_wconf 88' lang='lat' dir='ltr'><strong>si</strong></span> 
     </span>
    </p>
   </div>
   <div class='ocr_carea' id='block_1_47' title="bbox 433 3000 2015 3081">
    <p class='ocr_par' dir='ltr' id='par_1_47' title="bbox 433 3000 2015 3081">
     <span class='ocr_line' id='line_1_47' title="bbox 433 3000 2015 3081; baseline 0.015 -32"><span class='ocrx_word' id='word_1_341' title='bbox 433 3000 605 3065; x_wconf 78' lang='lat' dir='ltr'><strong>partis</strong></span> <span class='ocrx_word' id='word_1_342' title='bbox 638 3004 990 3071; x_wconf 89' lang='lat' dir='ltr'><strong>memineris,</strong></span> <span class='ocrx_word' id='word_1_343' title='bbox 1035 3008 1184 3063; x_wconf 87' lang='lat' dir='ltr'><strong>dices</strong></span> <span class='ocrx_word' id='word_1_344' title='bbox 1218 3026 1379 3063; x_wconf 86' lang='lat' dir='ltr'><strong>unam</strong></span> <span class='ocrx_word' id='word_1_345' title='bbox 1423 3012 1704 3067; x_wconf 89' lang='lat' dir='ltr'><strong>dimidiam</strong></span> <span class='ocrx_word' id='word_1_346' title='bbox 1730 3055 1744 3081; x_wconf 90' lang='lat'><strong>,</strong></span> <span class='ocrx_word' id='word_1_347' title='bbox 1769 3026 1825 3072; x_wconf 91' lang='lat' dir='ltr'><strong>et</strong></span> <span class='ocrx_word' id='word_1_348' title='bbox 1852 3032 2015 3072; x_wconf 90' lang='lat' dir='ltr'><strong>unam</strong></span> 
     </span>
    </p>
   </div>
   <div class='ocr_carea' id='block_1_48' title="bbox 434 3092 2015 3179">
    <p class='ocr_par' dir='ltr' id='par_1_48' title="bbox 434 3092 2015 3179">
     <span class='ocr_line' id='line_1_48' title="bbox 434 3092 2015 3179; baseline 0.015 -35"><span class='ocrx_word' id='word_1_349' title='bbox 434 3092 677 3158; x_wconf 88' lang='lat' dir='ltr'><strong>tertiam,</strong></span> <span class='ocrx_word' id='word_1_350' title='bbox 716 3107 771 3150; x_wconf 87' lang='lat' dir='ltr'><strong>et</strong></span> <span class='ocrx_word' id='word_1_351' title='bbox 824 3113 989 3152; x_wconf 86' lang='lat' dir='ltr'><strong>unam</strong></span> <span class='ocrx_word' id='word_1_352' title='bbox 1026 3101 1322 3169; x_wconf 90' lang='lat' dir='ltr'><strong>decimam,</strong></span> <span class='ocrx_word' id='word_1_353' title='bbox 1354 3118 1408 3160; x_wconf 86' lang='lat' dir='ltr'><strong>et</strong></span> <span class='ocrx_word' id='word_1_354' title='bbox 1462 3108 1542 3161; x_wconf 91' lang='lat' dir='ltr'><strong>sic</strong></span> <span class='ocrx_word' id='word_1_355' title='bbox 1588 3110 1886 3179; x_wconf 90' lang='lat' dir='ltr'><strong>deinceps,</strong></span> <span class='ocrx_word' id='word_1_356' title='bbox 1942 3115 2015 3167; x_wconf 78' lang='lat' dir='ltr'><strong>ita</strong></span> 
     </span>
    </p>
   </div>
   <div class='ocr_carea' id='block_1_49' title="bbox 434 3176 2090 3276">
    <p class='ocr_par' dir='ltr' id='par_1_49' title="bbox 434 3176 2090 3276">
     <span class='ocr_line' id='line_1_49' title="bbox 434 3176 2090 3276; baseline 0.014 -37"><span class='ocrx_word' id='word_1_357' title='bbox 434 3186 600 3240; x_wconf 89' lang='lat' dir='ltr'><strong>etiam</strong></span> <span class='ocrx_word' id='word_1_358' title='bbox 633 3190 841 3255; x_wconf 90' lang='lat' dir='ltr'><strong>omnia,</strong></span> <span class='ocrx_word' id='word_1_359' title='bbox 875 3200 931 3246; x_wconf 88' lang='lat' dir='ltr'><strong>et</strong></span> <span class='ocrx_word' id='word_1_360' title='bbox 975 3194 1155 3250; x_wconf 88' lang='lat' dir='ltr'><strong>onmis</strong></span> <span class='ocrx_word' id='word_1_361' title='bbox 1199 3211 1327 3265; x_wconf 90' lang='lat' dir='ltr'><strong>pars</strong></span> <span class='ocrx_word' id='word_1_362' title='bbox 1367 3201 1647 3267; x_wconf 91' lang='lat' dir='ltr'><strong>omnium,</strong></span> <span class='ocrx_word' id='word_1_363' title='bbox 1688 3176 2017 3276; x_wconf 79' lang='lat' dir='ltr'><strong>participant</strong></span> <span class='ocrx_word' id='word_1_364' title='bbox 2044 3176 2090 3238; x_wconf 66' lang='grc' dir='ltr'>Ο</span> 
     </span>
    </p>
   </div>
   <div class='ocr_carea' id='block_1_50' title="bbox 454 3289 2012 3370">
    <p class='ocr_par' dir='ltr' id='par_1_50' title="bbox 454 3289 2012 3370">
     <span class='ocr_line' id='line_1_50' title="bbox 454 3289 2012 3370; baseline 0.013 -33"><span class='ocrx_word' id='word_1_365' title='bbox 454 3300 640 3351; x_wconf 86' lang='lat' dir='ltr'><strong>tnum;</strong></span> <span class='ocrx_word' id='word_1_366' title='bbox 673 3296 726 3341; x_wconf 92' lang='lat' dir='ltr'><strong>et</strong></span> <span class='ocrx_word' id='word_1_367' title='bbox 756 3289 857 3342; x_wconf 88' lang='lat' dir='ltr'><strong>hoc</strong></span> <span class='ocrx_word' id='word_1_368' title='bbox 880 3289 996 3358; x_wconf 91' lang='lat' dir='ltr'><strong>ipso</strong></span> <span class='ocrx_word' id='word_1_369' title='bbox 1022 3306 1128 3359; x_wconf 94' lang='lat' dir='ltr'><strong>quo</strong></span> <span class='ocrx_word' id='word_1_370' title='bbox 1155 3302 1237 3346; x_wconf 90' lang='lat' dir='ltr'><strong>est</strong></span> <span class='ocrx_word' id='word_1_371' title='bbox 1270 3310 1434 3348; x_wconf 92' lang='lat' dir='ltr'><strong>unum</strong></span> <span class='ocrx_word' id='word_1_372' title='bbox 1461 3297 1614 3365; x_wconf 92' lang='lat' dir='ltr'><strong>illud,</strong></span> <span class='ocrx_word' id='word_1_373' title='bbox 1643 3302 1826 3355; x_wconf 87' lang='lat' dir='ltr'><strong>omnia</strong></span> <span class='ocrx_word' id='word_1_374' title='bbox 1852 3313 2012 3370; x_wconf 86' lang='lat' dir='ltr'><strong>sunt;</strong></span> 
     </span>
    </p>
   </div>
   <div class='ocr_carea' id='block_1_51' title="bbox 436 3378 2018 3455">
    <p class='ocr_par' dir='ltr' id='par_1_51' title="bbox 436 3378 2018 3455">
     <span class='ocr_line' id='line_1_51' title="bbox 436 3378 2018 3455; baseline 0.011 -24"><span class='ocrx_word' id='word_1_375' title='bbox 436 3378 581 3432; x_wconf 73' lang='lat' dir='ltr'><strong>sicut</strong></span> <span class='ocrx_word' id='word_1_376' title='bbox 614 3380 715 3434; x_wconf 87' lang='lat' dir='ltr'><strong>hoc</strong></span> <span class='ocrx_word' id='word_1_377' title='bbox 760 3381 884 3451; x_wconf 86' lang='lat' dir='ltr'><strong>ipso</strong></span> <span class='ocrx_word' id='word_1_378' title='bbox 913 3397 1023 3452; x_wconf 91' lang='lat' dir='ltr'><strong>quo</strong></span> <span class='ocrx_word' id='word_1_379' title='bbox 1052 3396 1137 3441; x_wconf 88' lang='lat' dir='ltr'><strong>est</strong></span> <span class='ocrx_word' id='word_1_380' title='bbox 1168 3384 1371 3455; x_wconf 85' lang='lat' dir='ltr'><strong>unitas,</strong></span> <span class='ocrx_word' id='word_1_381' title='bbox 1416 3405 1605 3446; x_wconf 88' lang='lat' dir='ltr'><strong>onmes</strong></span> <span class='ocrx_word' id='word_1_382' title='bbox 1631 3395 1840 3447; x_wconf 89' lang='lat' dir='ltr'><strong>numeri</strong></span> <span class='ocrx_word' id='word_1_383' title='bbox 1872 3396 2018 3451; x_wconf 82' lang='lat' dir='ltr'><strong>exsi-</strong></span> 
     </span>
    </p>
   </div>
   <div class='ocr_carea' id='block_1_52' title="bbox 438 3476 2019 3544">
    <p class='ocr_par' dir='ltr' id='par_1_52' title="bbox 438 3476 2019 3544">
     <span class='ocr_line' id='line_1_52' title="bbox 438 3476 2019 3544; baseline 0.011 -17"><span class='ocrx_word' id='word_1_384' title='bbox 438 3481 619 3538; x_wconf 86' lang='lat' dir='ltr'><strong>stunt,</strong></span> <span class='ocrx_word' id='word_1_385' title='bbox 652 3483 706 3528; x_wconf 94' lang='lat' dir='ltr'><strong>et</strong></span> <span class='ocrx_word' id='word_1_386' title='bbox 730 3476 833 3530; x_wconf 89' lang='lat' dir='ltr'><strong>hoc</strong></span> <span class='ocrx_word' id='word_1_387' title='bbox 866 3492 1030 3531; x_wconf 90' lang='lat' dir='ltr'><strong>unum</strong></span> <span class='ocrx_word' id='word_1_388' title='bbox 1063 3497 1169 3535; x_wconf 90' lang='lat' dir='ltr'><strong>non</strong></span> <span class='ocrx_word' id='word_1_389' title='bbox 1203 3492 1289 3535; x_wconf 84' lang='lat' dir='ltr'><strong>est</strong></span> <span class='ocrx_word' id='word_1_390' title='bbox 1313 3498 1479 3537; x_wconf 92' lang='lat' dir='ltr'><strong>unum</strong></span> <span class='ocrx_word' id='word_1_391' title='bbox 1515 3486 1831 3541; x_wconf 91' lang='lat' dir='ltr'><strong>multorum.</strong></span> <span class='ocrx_word' id='word_1_392' title='bbox 1878 3488 2019 3544; x_wconf 89' lang='lat' dir='ltr'><strong>Deus</strong></span> 
     </span>
    </p>
   </div>
   <div class='ocr_carea' id='block_1_53' title="bbox 437 3565 2019 3643">
    <p class='ocr_par' dir='ltr' id='par_1_53' title="bbox 437 3565 2019 3643">
     <span class='ocr_line' id='line_1_53' title="bbox 437 3565 2019 3643; baseline 0.011 -27"><span class='ocrx_word' id='word_1_393' title='bbox 437 3565 583 3617; x_wconf 91' lang='lat' dir='ltr'><strong>enim</strong></span> <span class='ocrx_word' id='word_1_394' title='bbox 635 3581 774 3621; x_wconf 91' lang='lat' dir='ltr'><strong>unus</strong></span> <span class='ocrx_word' id='word_1_395' title='bbox 821 3578 927 3636; x_wconf 91' lang='lat' dir='ltr'><strong>est,</strong></span> <span class='ocrx_word' id='word_1_396' title='bbox 963 3570 1129 3625; x_wconf 90' lang='lat' dir='ltr'><strong>sicuti</strong></span> <span class='ocrx_word' id='word_1_397' title='bbox 1166 3583 1221 3625; x_wconf 92' lang='lat' dir='ltr'><strong>et</strong></span> <span class='ocrx_word' id='word_1_398' title='bbox 1263 3573 1493 3642; x_wconf 84' lang='lat' dir='ltr'><strong>simplex</strong></span> <span class='ocrx_word' id='word_1_399' title='bbox 1516 3614 1530 3637; x_wconf 93' lang='lat'><strong>,</strong></span> <span class='ocrx_word' id='word_1_400' title='bbox 1560 3584 1615 3628; x_wconf 86' lang='lat' dir='ltr'><strong>et</strong></span> <span class='ocrx_word' id='word_1_401' title='bbox 1647 3576 1929 3643; x_wconf 90' lang='lat' dir='ltr'><strong>indivisus,</strong></span> <span class='ocrx_word' id='word_1_402' title='bbox 1964 3588 2019 3634; x_wconf 90' lang='lat' dir='ltr'><strong>et</strong></span> 
     </span>
    </p>
   </div>
   <div class='ocr_carea' id='block_1_54' title="bbox 437 3659 2016 3733">
    <p class='ocr_par' dir='ltr' id='par_1_54' title="bbox 437 3659 2016 3733">
     <span class='ocr_line' id='line_1_54' title="bbox 437 3659 2016 3733; baseline 0.01 -24"><span class='ocrx_word' id='word_1_403' title='bbox 437 3672 633 3726; x_wconf 81' lang='lat' dir='ltr'><strong>expers</strong></span> <span class='ocrx_word' id='word_1_404' title='bbox 662 3659 983 3717; x_wconf 69' lang='lat' dir='ltr'><strong>diﬂ‘erentize</strong></span> <span class='ocrx_word' id='word_1_405' title='bbox 1015 3665 1282 3733; x_wconf 79' lang='lat' dir='ltr'><strong>specilicae</strong></span> <span class='ocrx_word' id='word_1_406' title='bbox 1310 3676 1364 3720; x_wconf 89' lang='lat' dir='ltr'><strong>et</strong></span> <span class='ocrx_word' id='word_1_407' title='bbox 1402 3667 1472 3720; x_wconf 89' lang='lat' dir='ltr'><strong>ab</strong></span> <span class='ocrx_word' id='word_1_408' title='bbox 1495 3669 1746 3723; x_wconf 91' lang='lat' dir='ltr'><strong>omnibus</strong></span> <span class='ocrx_word' id='word_1_409' title='bbox 1772 3668 2016 3725; x_wconf 75' lang='lat' dir='ltr'><strong>alrectio-</strong></span> 
     </span>
    </p>
   </div>
   <div class='ocr_carea' id='block_1_55' title="bbox 440 3750 2018 3831">
    <p class='ocr_par' dir='ltr' id='par_1_55' title="bbox 440 3750 2018 3831">
     <span class='ocr_line' id='line_1_55' title="bbox 440 3750 2018 3831; baseline 0.01 -30"><span class='ocrx_word' id='word_1_410' title='bbox 440 3750 599 3804; x_wconf 82' lang='lat' dir='ltr'><strong>nibus</strong></span> <span class='ocrx_word' id='word_1_411' title='bbox 653 3762 707 3805; x_wconf 85' lang='lat' dir='ltr'><strong>et</strong></span> <span class='ocrx_word' id='word_1_412' title='bbox 747 3755 1120 3809; x_wconf 85' lang='lat' dir='ltr'><strong>accidentibus</strong></span> <span class='ocrx_word' id='word_1_413' title='bbox 1178 3756 1408 3811; x_wconf 90' lang='lat' dir='ltr'><strong>alienus.</strong></span> <span class='ocrx_word' id='word_1_414' title='bbox 1464 3758 1577 3814; x_wconf 88' lang='lat' dir='ltr'><strong>lloc</strong></span> <span class='ocrx_word' id='word_1_415' title='bbox 1627 3760 1802 3828; x_wconf 91' lang='lat' dir='ltr'><strong>ipsum</strong></span> <span class='ocrx_word' id='word_1_416' title='bbox 1854 3776 2018 3831; x_wconf 89' lang='lat' dir='ltr'><strong>porro</strong></span> 
     </span>
    </p>
   </div>
   <div class='ocr_carea' id='block_1_56' title="bbox 440 3843 2017 3924">
    <p class='ocr_par' dir='ltr' id='par_1_56' title="bbox 440 3843 2017 3924">
     <span class='ocr_line' id='line_1_56' title="bbox 440 3843 2017 3924; baseline 0.01 -29"><span class='ocrx_word' id='word_1_417' title='bbox 440 3856 608 3895; x_wconf 90' lang='lat' dir='ltr'><strong>unum</strong></span> <span class='ocrx_word' id='word_1_418' title='bbox 659 3843 802 3897; x_wconf 88' lang='lat' dir='ltr'><strong>aliud</strong></span> <span class='ocrx_word' id='word_1_419' title='bbox 839 3847 953 3899; x_wconf 84' lang='lat' dir='ltr'><strong>sive</strong></span> <span class='ocrx_word' id='word_1_420' title='bbox 1008 3848 1183 3916; x_wconf 83' lang='lat' dir='ltr'><strong>majus</strong></span> <span class='ocrx_word' id='word_1_421' title='bbox 1229 3850 1343 3905; x_wconf 89' lang='lat' dir='ltr'><strong>sive</strong></span> <span class='ocrx_word' id='word_1_422' title='bbox 1395 3851 1575 3906; x_wconf 92' lang='lat' dir='ltr'><strong>minus</strong></span> <span class='ocrx_word' id='word_1_423' title='bbox 1623 3851 1829 3924; x_wconf 81' lang='lat' dir='ltr'><strong>ell&#39;ugit,</strong></span> <span class='ocrx_word' id='word_1_424' title='bbox 1886 3856 2017 3911; x_wconf 90' lang='lat' dir='ltr'><strong>illud</strong></span> 
     </span>
    </p>
   </div>
   <div class='ocr_carea' id='block_1_57' title="bbox 440 3932 2019 4019">
    <p class='ocr_par' dir='ltr' id='par_1_57' title="bbox 440 3932 2019 4019">
     <span class='ocr_line' id='line_1_57' title="bbox 440 3932 2019 4019; baseline 0.011 -32"><span class='ocrx_word' id='word_1_425' title='bbox 440 3932 588 3987; x_wconf 92' lang='lat' dir='ltr'><strong>enim</strong></span> <span class='ocrx_word' id='word_1_426' title='bbox 622 3949 789 4004; x_wconf 87' lang='lat' dir='ltr'><strong>supra</strong></span> <span class='ocrx_word' id='word_1_427' title='bbox 821 3937 937 3992; x_wconf 66' lang='lat' dir='ltr'><strong>haec</strong></span> <span class='ocrx_word' id='word_1_428' title='bbox 970 3939 1208 4006; x_wconf 81' lang='lat' dir='ltr'><strong>exsistit,</strong></span> <span class='ocrx_word' id='word_1_429' title='bbox 1245 3952 1406 4019; x_wconf 83' lang='lat' dir='ltr'><strong>atque</strong></span> <span class='ocrx_word' id='word_1_430' title='bbox 1435 3943 1657 4014; x_wconf 89' lang='lat' dir='ltr'><strong>insuper</strong></span> <span class='ocrx_word' id='word_1_431' title='bbox 1707 3957 1765 4000; x_wconf 92' lang='lat' dir='ltr'><strong>ut</strong></span> <span class='ocrx_word' id='word_1_432' title='bbox 1813 3949 2019 4017; x_wconf 85' lang='lat' dir='ltr'><strong>princi—</strong></span> 
     </span>
    </p>
   </div>
   <div class='ocr_carea' id='block_1_58' title="bbox 442 4025 2021 4103">
    <p class='ocr_par' dir='ltr' id='par_1_58' title="bbox 442 4025 2021 4103">
     <span class='ocr_line' id='line_1_58' title="bbox 442 4025 2021 4103; baseline 0.009 -24"><span class='ocrx_word' id='word_1_433' title='bbox 442 4025 610 4093; x_wconf 86' lang='lat' dir='ltr'><strong>pium,</strong></span> <span class='ocrx_word' id='word_1_434' title='bbox 640 4035 746 4080; x_wconf 87' lang='lat' dir='ltr'><strong>tam</strong></span> <span class='ocrx_word' id='word_1_435' title='bbox 773 4028 944 4097; x_wconf 85' lang='lat' dir='ltr'><strong>ipsam</strong></span> <span class='ocrx_word' id='word_1_436' title='bbox 974 4032 1234 4087; x_wconf 89' lang='lat' dir='ltr'><strong>unitatem</strong></span> <span class='ocrx_word' id='word_1_437' title='bbox 1260 4049 1422 4103; x_wconf 91' lang='lat' dir='ltr'><strong>quam</strong></span> <span class='ocrx_word' id='word_1_438' title='bbox 1452 4037 1854 4095; x_wconf 90' lang='lat' dir='ltr'><strong>multitudinem</strong></span> <span class='ocrx_word' id='word_1_439' title='bbox 1887 4041 2021 4096; x_wconf 80' lang='lat' dir='ltr'><strong>deli—</strong></span> 
     </span>
    </p>
   </div>
   <div class='ocr_carea' id='block_1_59' title="bbox 443 4119 2020 4197">
    <p class='ocr_par' dir='ltr' id='par_1_59' title="bbox 443 4119 2020 4197">
     <span class='ocr_line' id='line_1_59' title="bbox 443 4119 2020 4197; baseline 0.011 -27"><span class='ocrx_word' id='word_1_440' title='bbox 443 4119 569 4171; x_wconf 89' lang='lat' dir='ltr'><strong>nit:</strong></span> <span class='ocrx_word' id='word_1_441' title='bbox 608 4119 660 4172; x_wconf 93' lang='lat' dir='ltr'><strong>in</strong></span> <span class='ocrx_word' id='word_1_442' title='bbox 695 4119 803 4174; x_wconf 90' lang='lat' dir='ltr'><strong>Deo</strong></span> <span class='ocrx_word' id='word_1_443' title='bbox 832 4121 976 4175; x_wconf 89' lang='lat' dir='ltr'><strong>enim</strong></span> <span class='ocrx_word' id='word_1_444' title='bbox 1027 4132 1154 4177; x_wconf 90' lang='lat' dir='ltr'><strong>sunt</strong></span> <span class='ocrx_word' id='word_1_445' title='bbox 1202 4138 1392 4179; x_wconf 78' lang='lat' dir='ltr'><strong>omnes</strong></span> <span class='ocrx_word' id='word_1_446' title='bbox 1433 4142 1574 4183; x_wconf 92' lang='lat' dir='ltr'><strong>unus</strong></span> <span class='ocrx_word' id='word_1_447' title='bbox 1618 4138 1725 4183; x_wconf 88' lang='lat' dir='ltr'><strong>tam</strong></span> <span class='ocrx_word' id='word_1_448' title='bbox 1758 4131 1848 4197; x_wconf 92' lang='lat' dir='ltr'><strong>qui</strong></span> <span class='ocrx_word' id='word_1_449' title='bbox 1895 4141 2020 4188; x_wconf 90' lang='lat' dir='ltr'><strong>ante</strong></span> 
     </span>
    </p>
   </div>
   <div class='ocr_carea' id='block_1_60' title="bbox 442 4210 2019 4283">
    <p class='ocr_par' dir='ltr' id='par_1_60' title="bbox 442 4210 2019 4283">
     <span class='ocr_line' id='line_1_60' title="bbox 442 4210 2019 4283; baseline 0.009 -19"><span class='ocrx_word' id='word_1_450' title='bbox 442 4210 664 4266; x_wconf 83' lang='lat' dir='ltr'><strong>fuerunt</strong></span> <span class='ocrx_word' id='word_1_451' title='bbox 702 4227 864 4282; x_wconf 88' lang='lat' dir='ltr'><strong>quam</strong></span> <span class='ocrx_word' id='word_1_452' title='bbox 906 4213 998 4283; x_wconf 88' lang='lat' dir='ltr'><strong>qui</strong></span> <span class='ocrx_word' id='word_1_453' title='bbox 1046 4213 1214 4269; x_wconf 79' lang='lat' dir='ltr'><strong>futuri</strong></span> <span class='ocrx_word' id='word_1_454' title='bbox 1247 4226 1409 4283; x_wconf 86' lang='lat' dir='ltr'><strong>sunt;</strong></span> <span class='ocrx_word' id='word_1_455' title='bbox 1442 4234 1549 4273; x_wconf 92' lang='lat' dir='ltr'><strong>nou</strong></span> <span class='ocrx_word' id='word_1_456' title='bbox 1579 4221 1723 4275; x_wconf 90' lang='lat' dir='ltr'><strong>enim</strong></span> <span class='ocrx_word' id='word_1_457' title='bbox 1757 4222 1829 4277; x_wconf 89' lang='lat' dir='ltr'><strong>ibi</strong></span> <span class='ocrx_word' id='word_1_458' title='bbox 1874 4222 2019 4278; x_wconf 87' lang='lat' dir='ltr'><strong>aliud</strong></span> 
     </span>
    </p>
   </div>
   <div class='ocr_carea' id='block_1_61' title="bbox 442 4306 2020 4385">
    <p class='ocr_par' dir='ltr' id='par_1_61' title="bbox 442 4306 2020 4385">
     <span class='ocr_line' id='line_1_61' title="bbox 442 4306 2020 4385; baseline 0.008 -28"><span class='ocrx_word' id='word_1_459' title='bbox 442 4306 660 4373; x_wconf 91' lang='lat' dir='ltr'><strong>quidem</strong></span> <span class='ocrx_word' id='word_1_460' title='bbox 697 4310 1055 4375; x_wconf 69' lang='lat' dir='ltr'><strong>praeteritum,</strong></span> <span class='ocrx_word' id='word_1_461' title='bbox 1088 4312 1233 4366; x_wconf 90' lang='lat' dir='ltr'><strong>aliud</strong></span> <span class='ocrx_word' id='word_1_462' title='bbox 1264 4327 1392 4365; x_wconf 89' lang='lat' dir='ltr'><strong>vero</strong></span> <span class='ocrx_word' id='word_1_463' title='bbox 1420 4310 1688 4381; x_wconf 80' lang='lat' dir='ltr'><strong>futurum,</strong></span> <span class='ocrx_word' id='word_1_464' title='bbox 1716 4314 1870 4382; x_wconf 93' lang='lat' dir='ltr'><strong>cujus</strong></span> <span class='ocrx_word' id='word_1_465' title='bbox 1895 4330 2020 4385; x_wconf 82' lang='lat' dir='ltr'><strong>par-</strong></span> 
     </span>
    </p>
   </div>
   <div class='ocr_carea' id='block_1_62' title="bbox 445 4400 2018 4472">
    <p class='ocr_par' dir='ltr' id='par_1_62' title="bbox 445 4400 2018 4472">
     <span class='ocr_line' id='line_1_62' title="bbox 445 4400 2018 4472; baseline 0.008 -20"><span class='ocrx_word' id='word_1_466' title='bbox 445 4400 762 4469; x_wconf 89' lang='lat' dir='ltr'><strong>ticipatione</strong></span> <span class='ocrx_word' id='word_1_467' title='bbox 792 4411 899 4457; x_wconf 92' lang='lat' dir='ltr'><strong>tam</strong></span> <span class='ocrx_word' id='word_1_468' title='bbox 931 4420 1096 4457; x_wconf 89' lang='lat' dir='ltr'><strong>unum</strong></span> <span class='ocrx_word' id='word_1_469' title='bbox 1128 4406 1230 4460; x_wconf 91' lang='lat' dir='ltr'><strong>hoc</strong></span> <span class='ocrx_word' id='word_1_470' title='bbox 1270 4405 1440 4460; x_wconf 88' lang='lat' dir='ltr'><strong>multa</strong></span> <span class='ocrx_word' id='word_1_471' title='bbox 1484 4406 1735 4472; x_wconf 72' lang='lat' dir='ltr'><strong>definiat,</strong></span> <span class='ocrx_word' id='word_1_472' title='bbox 1772 4408 1901 4464; x_wconf 89' lang='lat' dir='ltr'><strong>licet</strong></span> <span class='ocrx_word' id='word_1_473' title='bbox 1931 4411 2018 4464; x_wconf 89' lang='lat' dir='ltr'><strong>di—</strong></span> 
     </span>
    </p>
   </div>
   <div class='ocr_carea' id='block_1_63' title="bbox 440 4496 2098 4589">
    <p class='ocr_par' dir='ltr' id='par_1_63' title="bbox 440 4496 2098 4589">
     <span class='ocr_line' id='line_1_63' title="bbox 440 4496 2098 4589; baseline 0.005 -43"><span class='ocrx_word' id='word_1_474' title='bbox 440 4496 769 4563; x_wconf 84' lang='lat' dir='ltr'><strong>versimode,</strong></span> <span class='ocrx_word' id='word_1_475' title='bbox 807 4508 862 4553; x_wconf 91' lang='lat' dir='ltr'><strong>et</strong></span> <span class='ocrx_word' id='word_1_476' title='bbox 886 4514 985 4553; x_wconf 90' lang='lat' dir='ltr'><strong>nec</strong></span> <span class='ocrx_word' id='word_1_477' title='bbox 1013 4508 1097 4554; x_wconf 88' lang='lat' dir='ltr'><strong>est</strong></span> <span class='ocrx_word' id='word_1_478' title='bbox 1124 4498 1264 4553; x_wconf 94' lang='lat' dir='ltr'><strong>ullus</strong></span> <span class='ocrx_word' id='word_1_479' title='bbox 1295 4500 1506 4565; x_wconf 91' lang='lat' dir='ltr'><strong>modus,</strong></span> <span class='ocrx_word' id='word_1_480' title='bbox 1535 4500 1831 4554; x_wconf 90' lang='lat' dir='ltr'><strong>secundum</strong></span> <span class='ocrx_word' id='word_1_481' title='bbox 1860 4517 2017 4571; x_wconf 88' lang='lat' dir='ltr'><strong>quem</strong></span> <span class='ocrx_word' id='word_1_482' title='bbox 2054 4535 2098 4589; x_wconf 67' lang='grc' dir='ltr'><strong>Ι)</strong></span> 
     </span>
    </p>
   </div>
   <div class='ocr_carea' id='block_1_64' title="bbox 442 4590 2021 4663">
    <p class='ocr_par' dir='ltr' id='par_1_64' title="bbox 442 4590 2021 4663">
     <span class='ocr_line' id='line_1_64' title="bbox 442 4590 2021 4663; baseline 0.004 -23"><span class='ocrx_word' id='word_1_483' title='bbox 442 4590 611 4641; x_wconf 90' lang='lat' dir='ltr'><strong>multa</strong></span> <span class='ocrx_word' id='word_1_484' title='bbox 636 4605 741 4643; x_wconf 92' lang='lat' dir='ltr'><strong>non</strong></span> <span class='ocrx_word' id='word_1_485' title='bbox 770 4592 820 4644; x_wconf 95' lang='lat' dir='ltr'><strong>in</strong></span> <span class='ocrx_word' id='word_1_486' title='bbox 844 4608 949 4647; x_wconf 92' lang='lat' dir='ltr'><strong>uno</strong></span> <span class='ocrx_word' id='word_1_487' title='bbox 971 4594 1526 4663; x_wconf 89' lang='lat' dir='ltr'><strong>comprehendantur.</strong></span> <span class='ocrx_word' id='word_1_488' title='bbox 1559 4593 1688 4658; x_wconf 63' lang='lat' dir='ltr'><strong>Quae</strong></span> <span class='ocrx_word' id='word_1_489' title='bbox 1709 4595 1854 4649; x_wconf 90' lang='lat' dir='ltr'><strong>enim</strong></span> <span class='ocrx_word' id='word_1_490' title='bbox 1880 4594 2021 4649; x_wconf 87' lang='lat' dir='ltr'><strong>mul-</strong></span> 
     </span>
    </p>
   </div>
   <div class='ocr_carea' id='block_1_65' title="bbox 446 4680 2017 4757">
    <p class='ocr_par' dir='ltr' id='par_1_65' title="bbox 446 4680 2017 4757">
     <span class='ocr_line' id='line_1_65' title="bbox 446 4680 2017 4757; baseline 0.004 -23"><span class='ocrx_word' id='word_1_491' title='bbox 446 4689 499 4734; x_wconf 89' lang='lat' dir='ltr'><strong>ta</strong></span> <span class='ocrx_word' id='word_1_492' title='bbox 529 4680 691 4751; x_wconf 65' lang='grc'><strong>534</strong></span> <span class='ocrx_word' id='word_1_493' title='bbox 722 4692 849 4737; x_wconf 90' lang='lat' dir='ltr'><strong>sunt</strong></span> <span class='ocrx_word' id='word_1_494' title='bbox 878 4685 1149 4753; x_wconf 89' lang='lat' dir='ltr'><strong>partibus,</strong></span> <span class='ocrx_word' id='word_1_495' title='bbox 1179 4694 1307 4739; x_wconf 94' lang='lat' dir='ltr'><strong>sunt</strong></span> <span class='ocrx_word' id='word_1_496' title='bbox 1337 4700 1501 4739; x_wconf 93' lang='lat' dir='ltr'><strong>unum</strong></span> <span class='ocrx_word' id='word_1_497' title='bbox 1531 4694 1665 4751; x_wconf 85' lang='lat' dir='ltr'><strong>toto,</strong></span> <span class='ocrx_word' id='word_1_498' title='bbox 1695 4696 1753 4740; x_wconf 94' lang='lat' dir='ltr'><strong>ut</strong></span> <span class='ocrx_word' id='word_1_499' title='bbox 1780 4702 1977 4757; x_wconf 90' lang='lat' dir='ltr'><strong>corpus</strong></span> <span class='ocrx_word' id='word_1_500' title='bbox 2002 4704 2017 4752; x_wconf 90' lang='lat'><strong>;</strong></span> 
     </span>
    </p>
   </div>
   <div class='ocr_carea' id='block_1_66' title="bbox 444 4774 2018 4847">
    <p class='ocr_par' dir='ltr' id='par_1_66' title="bbox 444 4774 2018 4847">
     <span class='ocr_line' id='line_1_66' title="bbox 444 4774 2018 4847; baseline 0.005 -22"><span class='ocrx_word' id='word_1_501' title='bbox 444 4786 564 4840; x_wconf 72' lang='lat' dir='ltr'><strong>qua:</strong></span> <span class='ocrx_word' id='word_1_502' title='bbox 604 4774 774 4827; x_wconf 89' lang='lat' dir='ltr'><strong>multa</strong></span> <span class='ocrx_word' id='word_1_503' title='bbox 805 4783 933 4828; x_wconf 88' lang='lat' dir='ltr'><strong>sunt</strong></span> <span class='ocrx_word' id='word_1_504' title='bbox 963 4775 1338 4831; x_wconf 86' lang='lat' dir='ltr'><strong>accidentibus</strong></span> <span class='ocrx_word' id='word_1_505' title='bbox 1387 4786 1513 4830; x_wconf 90' lang='lat' dir='ltr'><strong>sunt</strong></span> <span class='ocrx_word' id='word_1_506' title='bbox 1552 4792 1717 4831; x_wconf 92' lang='lat' dir='ltr'><strong>unum</strong></span> <span class='ocrx_word' id='word_1_507' title='bbox 1753 4777 2018 4847; x_wconf 85' lang='lat' dir='ltr'><strong>subjecto,</strong></span> 
     </span>
    </p>
   </div>
   <div class='ocr_carea' id='block_1_67' title="bbox 444 4867 2021 4935">
    <p class='ocr_par' dir='ltr' id='par_1_67' title="bbox 444 4867 2021 4935">
     <span class='ocr_line' id='line_1_67' title="bbox 444 4867 2021 4935; baseline 0.005 -17"><span class='ocrx_word' id='word_1_508' title='bbox 444 4873 506 4918; x_wconf 91' lang='lat' dir='ltr'><strong>ut</strong></span> <span class='ocrx_word' id='word_1_509' title='bbox 537 4867 733 4929; x_wconf 90' lang='lat' dir='ltr'><strong>homo;</strong></span> <span class='ocrx_word' id='word_1_510' title='bbox 764 4877 817 4920; x_wconf 92' lang='lat' dir='ltr'><strong>et</strong></span> <span class='ocrx_word' id='word_1_511' title='bbox 845 4882 964 4935; x_wconf 81' lang='lat' dir='ltr'><strong>quae</strong></span> <span class='ocrx_word' id='word_1_512' title='bbox 992 4869 1157 4921; x_wconf 86' lang='lat' dir='ltr'><strong>multa</strong></span> <span class='ocrx_word' id='word_1_513' title='bbox 1193 4878 1321 4922; x_wconf 91' lang='lat' dir='ltr'><strong>sunt</strong></span> <span class='ocrx_word' id='word_1_514' title='bbox 1366 4883 1613 4935; x_wconf 80' lang='lat' dir='ltr'><strong>numero,</strong></span> <span class='ocrx_word' id='word_1_515' title='bbox 1646 4870 1786 4923; x_wconf 88' lang='lat' dir='ltr'><strong>sicut</strong></span> <span class='ocrx_word' id='word_1_516' title='bbox 1826 4869 2021 4927; x_wconf 82' lang='lat' dir='ltr'><strong>Petrus</strong></span> 
     </span>
    </p>
   </div>
   <div class='ocr_carea' id='block_1_68' title="bbox 446 4957 2020 5030">
    <p class='ocr_par' dir='ltr' id='par_1_68' title="bbox 446 4957 2020 5030">
     <span class='ocr_line' id='line_1_68' title="bbox 446 4957 2020 5030; baseline 0.006 -20"><span class='ocrx_word' id='word_1_517' title='bbox 446 4967 502 5011; x_wconf 91' lang='lat' dir='ltr'><strong>et</strong></span> <span class='ocrx_word' id='word_1_518' title='bbox 537 4957 755 5025; x_wconf 80' lang='lat' dir='ltr'><strong>Paulus,</strong></span> <span class='ocrx_word' id='word_1_519' title='bbox 790 4971 914 5014; x_wconf 93' lang='lat' dir='ltr'><strong>sunt</strong></span> <span class='ocrx_word' id='word_1_520' title='bbox 946 4977 1111 5015; x_wconf 89' lang='lat' dir='ltr'><strong>unum</strong></span> <span class='ocrx_word' id='word_1_521' title='bbox 1157 4962 1368 5029; x_wconf 86' lang='lat' dir='ltr'><strong>specie,</strong></span> <span class='ocrx_word' id='word_1_522' title='bbox 1400 4974 1628 5030; x_wconf 87' lang='lat' dir='ltr'><strong>uterque</strong></span> <span class='ocrx_word' id='word_1_523' title='bbox 1670 4964 1812 5018; x_wconf 88' lang='lat' dir='ltr'><strong>enim</strong></span> <span class='ocrx_word' id='word_1_524' title='bbox 1860 4965 2020 5020; x_wconf 91' lang='lat' dir='ltr'><strong>homo</strong></span> 
     </span>
    </p>
   </div>
   <div class='ocr_carea' id='block_1_69' title="bbox 445 5049 2018 5120">
    <p class='ocr_par' dir='ltr' id='par_1_69' title="bbox 445 5049 2018 5120">
     <span class='ocr_line' id='line_1_69' title="bbox 445 5049 2018 5120; baseline 0.004 -16"><span class='ocrx_word' id='word_1_525' title='bbox 445 5060 550 5104; x_wconf 89' lang='lat' dir='ltr'><strong>est.</strong></span> <span class='ocrx_word' id='word_1_526' title='bbox 583 5049 713 5117; x_wconf 67' lang='lat' dir='ltr'><strong>Qua:</strong></span> <span class='ocrx_word' id='word_1_527' title='bbox 737 5066 901 5120; x_wconf 89' lang='lat' dir='ltr'><strong>porro</strong></span> <span class='ocrx_word' id='word_1_528' title='bbox 930 5054 1093 5106; x_wconf 89' lang='lat' dir='ltr'><strong>etiam</strong></span> <span class='ocrx_word' id='word_1_529' title='bbox 1126 5057 1293 5107; x_wconf 88' lang='lat' dir='ltr'><strong>multa</strong></span> <span class='ocrx_word' id='word_1_530' title='bbox 1341 5066 1466 5108; x_wconf 90' lang='lat' dir='ltr'><strong>sunt</strong></span> <span class='ocrx_word' id='word_1_531' title='bbox 1508 5057 1828 5119; x_wconf 89' lang='lat' dir='ltr'><strong>virtutibus,</strong></span> <span class='ocrx_word' id='word_1_532' title='bbox 1864 5057 2018 5111; x_wconf 91' lang='lat' dir='ltr'><strong>verbi</strong></span> 
     </span>
    </p>
   </div>
   <div class='ocr_carea' id='block_1_70' title="bbox 446 5142 2019 5219">
    <p class='ocr_par' dir='ltr' id='par_1_70' title="bbox 446 5142 2019 5219">
     <span class='ocr_line' id='line_1_70' title="bbox 446 5142 2019 5219; baseline 0.003 -21"><span class='ocrx_word' id='word_1_533' title='bbox 446 5145 642 5216; x_wconf 87' lang='lat' dir='ltr'><strong>gratia,</strong></span> <span class='ocrx_word' id='word_1_534' title='bbox 664 5145 853 5208; x_wconf 86' lang='lat' dir='ltr'><strong>carbo,</strong></span> <span class='ocrx_word' id='word_1_535' title='bbox 883 5146 996 5211; x_wconf 84' lang='lat' dir='ltr'><strong>lux,</strong></span> <span class='ocrx_word' id='word_1_536' title='bbox 1023 5142 1260 5212; x_wconf 70' lang='lat' dir='ltr'><strong>“anima,</strong></span> <span class='ocrx_word' id='word_1_537' title='bbox 1291 5156 1420 5200; x_wconf 90' lang='lat' dir='ltr'><strong>sunt</strong></span> <span class='ocrx_word' id='word_1_538' title='bbox 1444 5164 1609 5201; x_wconf 89' lang='lat' dir='ltr'><strong>unum</strong></span> <span class='ocrx_word' id='word_1_539' title='bbox 1640 5147 1853 5216; x_wconf 75' lang='lat' dir='ltr'><strong>forma;</strong></span> <span class='ocrx_word' id='word_1_540' title='bbox 1879 5149 2019 5219; x_wconf 92' lang='lat' dir='ltr'><strong>ignis</strong></span> 
     </span>
    </p>
   </div>
   <div class='ocr_carea' id='block_1_71' title="bbox 445 5242 2015 5318">
    <p class='ocr_par' dir='ltr' id='par_1_71' title="bbox 445 5242 2015 5318">
     <span class='ocr_line' id='line_1_71' title="bbox 445 5242 2015 5318; baseline 0.005 -23"><span class='ocrx_word' id='word_1_541' title='bbox 445 5242 591 5296; x_wconf 90' lang='lat' dir='ltr'><strong>enim</strong></span> <span class='ocrx_word' id='word_1_542' title='bbox 631 5243 814 5298; x_wconf 89' lang='lat' dir='ltr'><strong>omnia</strong></span> <span class='ocrx_word' id='word_1_543' title='bbox 849 5261 863 5297; x_wconf 88' lang='lat'><strong>:</strong></span> <span class='ocrx_word' id='word_1_544' title='bbox 898 5252 953 5298; x_wconf 92' lang='lat' dir='ltr'><strong>et</strong></span> <span class='ocrx_word' id='word_1_545' title='bbox 993 5258 1114 5312; x_wconf 62' lang='lat' dir='ltr'><strong>qua:</strong></span> <span class='ocrx_word' id='word_1_546' title='bbox 1151 5246 1319 5300; x_wconf 86' lang='lat' dir='ltr'><strong>multa</strong></span> <span class='ocrx_word' id='word_1_547' title='bbox 1369 5257 1499 5301; x_wconf 92' lang='lat' dir='ltr'><strong>sunt</strong></span> <span class='ocrx_word' id='word_1_548' title='bbox 1549 5249 2015 5318; x_wconf 90' lang='lat' dir='ltr'><strong>processionibus,</strong></span> 
     </span>
    </p>
   </div>
   <div class='ocr_carea' id='block_1_72' title="bbox 447 5335 2019 5406">
    <p class='ocr_par' dir='ltr' id='par_1_72' title="bbox 447 5335 2019 5406">
     <span class='ocr_line' id='line_1_72' title="bbox 447 5335 2019 5406; baseline 0.004 -19"><span class='ocrx_word' id='word_1_549' title='bbox 447 5345 503 5387; x_wconf 85' lang='lat' dir='ltr'><strong>et</strong></span> <span class='ocrx_word' id='word_1_550' title='bbox 529 5335 779 5390; x_wconf 90' lang='lat' dir='ltr'><strong>consiliis</strong></span> <span class='ocrx_word' id='word_1_551' title='bbox 818 5336 906 5391; x_wconf 88' lang='lat' dir='ltr'><strong>vel</strong></span> <span class='ocrx_word' id='word_1_552' title='bbox 952 5338 1212 5406; x_wconf 91' lang='lat' dir='ltr'><strong>operibus</strong></span> <span class='ocrx_word' id='word_1_553' title='bbox 1234 5380 1249 5404; x_wconf 84' lang='lat'><strong>,</strong></span> <span class='ocrx_word' id='word_1_554' title='bbox 1278 5348 1403 5393; x_wconf 91' lang='lat' dir='ltr'><strong>sunt</strong></span> <span class='ocrx_word' id='word_1_555' title='bbox 1434 5356 1600 5394; x_wconf 92' lang='lat' dir='ltr'><strong>unum</strong></span> <span class='ocrx_word' id='word_1_556' title='bbox 1645 5355 1809 5394; x_wconf 82' lang='lat' dir='ltr'><strong>causa</strong></span> <span class='ocrx_word' id='word_1_557' title='bbox 1834 5379 1849 5406; x_wconf 92' lang='lat'><strong>,</strong></span> <span class='ocrx_word' id='word_1_558' title='bbox 1879 5354 2019 5395; x_wconf 89' lang='lat' dir='ltr'><strong>unus</strong></span> 
     </span>
    </p>
   </div>
   <div class='ocr_carea' id='block_1_73' title="bbox 447 5430 2018 5503">
    <p class='ocr_par' dir='ltr' id='par_1_73' title="bbox 447 5430 2018 5503">
     <span class='ocr_line' id='line_1_73' title="bbox 447 5430 2018 5503; baseline 0.004 -21"><span class='ocrx_word' id='word_1_559' title='bbox 447 5430 595 5483; x_wconf 89' lang='lat' dir='ltr'><strong>enim</strong></span> <span class='ocrx_word' id='word_1_560' title='bbox 641 5447 708 5488; x_wconf 83' lang='lat' dir='ltr'><strong>ex</strong></span> <span class='ocrx_word' id='word_1_561' title='bbox 740 5446 847 5502; x_wconf 92' lang='lat' dir='ltr'><strong>quo</strong></span> <span class='ocrx_word' id='word_1_562' title='bbox 886 5435 1114 5489; x_wconf 83' lang='lat' dir='ltr'><strong>consilia</strong></span> <span class='ocrx_word' id='word_1_563' title='bbox 1153 5436 1235 5489; x_wconf 90' lang='lat' dir='ltr'><strong>vel</strong></span> <span class='ocrx_word' id='word_1_564' title='bbox 1268 5450 1456 5503; x_wconf 82' lang='lat' dir='ltr'><strong>Opera,</strong></span> <span class='ocrx_word' id='word_1_565' title='bbox 1487 5444 1541 5489; x_wconf 91' lang='lat' dir='ltr'><strong>et</strong></span> <span class='ocrx_word' id='word_1_566' title='bbox 1572 5433 1707 5488; x_wconf 91' lang='lat' dir='ltr'><strong>nihil</strong></span> <span class='ocrx_word' id='word_1_567' title='bbox 1733 5442 1817 5488; x_wconf 89' lang='lat' dir='ltr'><strong>est</strong></span> <span class='ocrx_word' id='word_1_568' title='bbox 1842 5435 1892 5487; x_wconf 90' lang='lat' dir='ltr'><strong>in</strong></span> <span class='ocrx_word' id='word_1_569' title='bbox 1931 5448 2018 5488; x_wconf 88' lang='lat' dir='ltr'><strong>re-</strong></span> 
     </span>
    </p>
   </div>
   <div class='ocr_carea' id='block_1_74' title="bbox 448 5528 2023 5602">
    <p class='ocr_par' dir='ltr' id='par_1_74' title="bbox 448 5528 2023 5602">
     <span class='ocr_line' id='line_1_74' title="bbox 448 5528 2023 5602; baseline -0.001 -19"><span class='ocrx_word' id='word_1_570' title='bbox 448 5528 554 5583; x_wconf 90' lang='lat' dir='ltr'><strong>bus</strong></span> <span class='ocrx_word' id='word_1_571' title='bbox 602 5529 747 5598; x_wconf 90' lang='lat' dir='ltr'><strong>quod</strong></span> <span class='ocrx_word' id='word_1_572' title='bbox 793 5547 902 5587; x_wconf 93' lang='lat' dir='ltr'><strong>non</strong></span> <span class='ocrx_word' id='word_1_573' title='bbox 958 5534 1141 5601; x_wconf 87' lang='lat' dir='ltr'><strong>aliquo</strong></span> <span class='ocrx_word' id='word_1_574' title='bbox 1190 5533 1350 5587; x_wconf 91' lang='lat' dir='ltr'><strong>modo</strong></span> <span class='ocrx_word' id='word_1_575' title='bbox 1401 5532 1675 5602; x_wconf 88' lang='lat' dir='ltr'><strong>particeps</strong></span> <span class='ocrx_word' id='word_1_576' title='bbox 1717 5532 1789 5586; x_wconf 93' lang='lat' dir='ltr'><strong>sit</strong></span> <span class='ocrx_word' id='word_1_577' title='bbox 1840 5530 2023 5585; x_wconf 91' lang='lat' dir='ltr'><strong>unius.</strong></span> 
     </span>
    </p>
   </div>
   <div class='ocr_carea' id='block_1_75' title="bbox 440 5623 2027 5701">
    <p class='ocr_par' dir='ltr' id='par_1_75' title="bbox 440 5623 2027 5701">
     <span class='ocr_line' id='line_1_75' title="bbox 440 5623 2027 5701; baseline -0.001 -21"><span class='ocrx_word' id='word_1_578' title='bbox 440 5623 630 5701; x_wconf 25' lang='lat' dir='ltr'><strong>‘Unum</strong></span> <span class='ocrx_word' id='word_1_579' title='bbox 666 5626 789 5681; x_wconf 90' lang='lat' dir='ltr'><strong>dico</strong></span> <span class='ocrx_word' id='word_1_580' title='bbox 816 5625 970 5692; x_wconf 93' lang='lat' dir='ltr'><strong>illud,</strong></span> <span class='ocrx_word' id='word_1_581' title='bbox 1000 5628 1144 5698; x_wconf 89' lang='lat' dir='ltr'><strong>quod</strong></span> <span class='ocrx_word' id='word_1_582' title='bbox 1171 5626 1353 5681; x_wconf 92' lang='lat' dir='ltr'><strong>omnia</strong></span> <span class='ocrx_word' id='word_1_583' title='bbox 1386 5625 1739 5695; x_wconf 89' lang='lat' dir='ltr'><strong>participant,</strong></span> <span class='ocrx_word' id='word_1_584' title='bbox 1764 5624 1906 5694; x_wconf 88' lang='lat' dir='ltr'><strong>quod</strong></span> <span class='ocrx_word' id='word_1_585' title='bbox 1941 5638 2027 5679; x_wconf 86' lang='lat' dir='ltr'><strong>se-</strong></span> 
     </span>
    </p>
   </div>
   <div class='ocr_carea' id='block_1_76' title="bbox 454 5717 2023 5788">
    <p class='ocr_par' dir='ltr' id='par_1_76' title="bbox 454 5717 2023 5788">
     <span class='ocr_line' id='line_1_76' title="bbox 454 5717 2023 5788; baseline -0.002 -16"><span class='ocrx_word' id='word_1_586' title='bbox 454 5719 690 5773; x_wconf 88' lang='lat' dir='ltr'><strong>cundum</strong></span> <span class='ocrx_word' id='word_1_587' title='bbox 721 5721 901 5773; x_wconf 89' lang='lat' dir='ltr'><strong>omnia</strong></span> <span class='ocrx_word' id='word_1_588' title='bbox 931 5729 984 5774; x_wconf 89' lang='lat' dir='ltr'><strong>ct</strong></span> <span class='ocrx_word' id='word_1_589' title='bbox 1015 5721 1224 5788; x_wconf 88' lang='lat' dir='ltr'><strong>integre</strong></span> <span class='ocrx_word' id='word_1_590' title='bbox 1255 5718 1463 5773; x_wconf 87' lang='lat' dir='ltr'><strong>unitate</strong></span> <span class='ocrx_word' id='word_1_591' title='bbox 1494 5734 1590 5773; x_wconf 90' lang='lat' dir='ltr'><strong>sua</strong></span> <span class='ocrx_word' id='word_1_592' title='bbox 1633 5718 1815 5771; x_wconf 90' lang='lat' dir='ltr'><strong>omnia</strong></span> <span class='ocrx_word' id='word_1_593' title='bbox 1860 5717 2023 5770; x_wconf 89' lang='lat' dir='ltr'><strong>etiam</strong></span> 
     </span>
    </p>
   </div>
   <div class='ocr_carea' id='block_1_77' title="bbox 464 5810 2031 5882">
    <p class='ocr_par' dir='ltr' id='par_1_77' title="bbox 464 5810 2031 5882">
     <span class='ocr_line' id='line_1_77' title="bbox 464 5810 2031 5882; baseline 0.001 -16"><span class='ocrx_word' id='word_1_594' title='bbox 464 5822 595 5877; x_wconf 85' lang='lat' dir='ltr'><strong>tota,</strong></span> <span class='ocrx_word' id='word_1_595' title='bbox 615 5815 799 5869; x_wconf 88' lang='lat' dir='ltr'><strong>omnia</strong></span> <span class='ocrx_word' id='word_1_596' title='bbox 828 5816 993 5871; x_wconf 85' lang='lat' dir='ltr'><strong>etiam</strong></span> <span class='ocrx_word' id='word_1_597' title='bbox 1023 5814 1298 5870; x_wconf 80' lang='lat' dir='ltr'><strong>contraria</strong></span> <span class='ocrx_word' id='word_1_598' title='bbox 1323 5813 1717 5882; x_wconf 83' lang='lat' dir='ltr'><strong>complectitur.</strong></span> <span class='ocrx_word' id='word_1_599' title='bbox 1745 5810 2031 5877; x_wconf 79' lang='lat' dir='ltr'><strong>Quomodo</strong></span> 
     </span>
    </p>
   </div>
   <div class='ocr_carea' id='block_1_78' title="bbox 2112 1919 3700 1993">
    <p class='ocr_par' dir='ltr' id='par_1_78' title="bbox 2112 1919 3700 1993">
     <span class='ocr_line' id='line_1_78' title="bbox 2112 1919 3700 1993; baseline 0.003 -22"><span class='ocrx_word' id='word_1_600' title='bbox 2112 1919 2206 1971; x_wconf 80' lang='grc' dir='ltr'>καὶ</span> <span class='ocrx_word' id='word_1_601' title='bbox 2234 1920 2520 1990; x_wconf 85' lang='grc' dir='ltr'>ἀμείωτον·</span> <span class='ocrx_word' id='word_1_602' title='bbox 2553 1920 2675 1973; x_wconf 69' lang='grc' dir='ltr'>οὔτε</span> <span class='ocrx_word' id='word_1_603' title='bbox 2705 1922 2813 1993; x_wconf 77' lang='grc' dir='ltr'><strong>γάρ</strong></span> <span class='ocrx_word' id='word_1_604' title='bbox 2834 1923 3125 1993; x_wconf 85' lang='grc' dir='ltr'>πρόσθεσιν</span> <span class='ocrx_word' id='word_1_605' title='bbox 3152 1922 3274 1975; x_wconf 74' lang='grc' dir='ltr'>οὔτε</span> <span class='ocrx_word' id='word_1_606' title='bbox 3311 1924 3543 1992; x_wconf 78' lang='grc' dir='ltr'>μείωσιν</span> <span class='ocrx_word' id='word_1_607' title='bbox 3577 1925 3700 1975; x_wconf 79' lang='grc' dir='ltr'>ἐπι-</span> 
     </span>
    </p>
   </div>
   <div class='ocr_carea' id='block_1_79' title="bbox 2110 2012 3695 2089">
    <p class='ocr_par' dir='ltr' id='par_1_79' title="bbox 2110 2012 3695 2089">
     <span class='ocr_line' id='line_1_79' title="bbox 2110 2012 3695 2089; baseline 0.002 -24"><span class='ocrx_word' id='word_1_608' title='bbox 2110 2012 2343 2083; x_wconf 84' lang='grc' dir='ltr'>δέχεται,</span> <span class='ocrx_word' id='word_1_609' title='bbox 2375 2015 2511 2085; x_wconf 80' lang='grc' dir='ltr'>ὅπερ</span> <span class='ocrx_word' id='word_1_610' title='bbox 2541 2016 2633 2068; x_wconf 72' lang='grc' dir='ltr'><strong>καὶ</strong></span> <span class='ocrx_word' id='word_1_611' title='bbox 2664 2015 2723 2067; x_wconf 86' lang='grc' dir='ltr'><strong>τὸ</strong></span> <span class='ocrx_word' id='word_1_612' title='bbox 2767 2016 2967 2068; x_wconf 86' lang='grc' dir='ltr'>τέλειον</span> <span class='ocrx_word' id='word_1_613' title='bbox 2997 2016 3107 2068; x_wconf 75' lang='grc' dir='ltr'>ἐστ’</span> <span class='ocrx_word' id='word_1_614' title='bbox 3146 2016 3212 2069; x_wconf 87' lang='grc' dir='ltr'>ἂν</span> <span class='ocrx_word' id='word_1_615' title='bbox 3305 2016 3514 2069; x_wconf 84' lang='grc' dir='ltr'>τέλειον</span> <span class='ocrx_word' id='word_1_616' title='bbox 3559 2016 3695 2085; x_wconf 76' lang='grc' dir='ltr'>ἔχει.</span> 
     </span>
    </p>
   </div>
   <div class='ocr_carea' id='block_1_80' title="bbox 2113 2105 3705 2178">
    <p class='ocr_par' dir='ltr' id='par_1_80' title="bbox 2113 2105 3705 2178">
     <span class='ocr_line' id='line_1_80' title="bbox 2113 2105 3705 2178; baseline 0.002 -22"><span class='ocrx_word' id='word_1_617' title='bbox 2113 2105 2223 2157; x_wconf 79' lang='grc' dir='ltr'>Καὶ</span> <span class='ocrx_word' id='word_1_618' title='bbox 2249 2105 2455 2168; x_wconf 81' lang='grc' dir='ltr'>ἄλλως,</span> <span class='ocrx_word' id='word_1_619' title='bbox 2505 2107 2585 2158; x_wconf 80' lang='grc' dir='ltr'>ὅτι</span> <span class='ocrx_word' id='word_1_620' title='bbox 2636 2107 2731 2160; x_wconf 77' lang='grc' dir='ltr'><strong>καὶ</strong></span> <span class='ocrx_word' id='word_1_621' title='bbox 2778 2107 2845 2159; x_wconf 88' lang='grc' dir='ltr'><strong>τά</strong></span> <span class='ocrx_word' id='word_1_622' title='bbox 2892 2108 3072 2161; x_wconf 85' lang='grc' dir='ltr'>τέλεια</span> <span class='ocrx_word' id='word_1_623' title='bbox 3113 2108 3295 2161; x_wconf 86' lang='grc' dir='ltr'>πάντα</span> <span class='ocrx_word' id='word_1_624' title='bbox 3325 2108 3705 2178; x_wconf 77' lang='grc' dir='ltr'>τελεσιουργεῑ</span> 
     </span>
    </p>
   </div>
   <div class='ocr_carea' id='block_1_81' title="bbox 2112 2196 3700 2272">
    <p class='ocr_par' dir='ltr' id='par_1_81' title="bbox 2112 2196 3700 2272">
     <span class='ocr_line' id='line_1_81' title="bbox 2112 2196 3700 2272; baseline 0.003 -25"><span class='ocrx_word' id='word_1_625' title='bbox 2112 2196 2254 2248; x_wconf 79' lang='grc' dir='ltr'>κατὰ</span> <span class='ocrx_word' id='word_1_626' title='bbox 2301 2198 2429 2267; x_wconf 88' lang='grc' dir='ltr'>μίαν</span> <span class='ocrx_word' id='word_1_627' title='bbox 2473 2198 2570 2269; x_wconf 81' lang='grc' dir='ltr'>τὴν</span> <span class='ocrx_word' id='word_1_628' title='bbox 2600 2200 2873 2253; x_wconf 76' lang='grc' dir='ltr'>ἄπαυστον</span> <span class='ocrx_word' id='word_1_629' title='bbox 2918 2201 3011 2252; x_wconf 73' lang='lat' dir='ltr'><strong>xui.</strong></span> <span class='ocrx_word' id='word_1_630' title='bbox 3054 2198 3268 2272; x_wconf 73' lang='grc' dir='ltr'>ταύτην</span> <span class='ocrx_word' id='word_1_631' title='bbox 3297 2200 3586 2269; x_wconf 77' lang='grc' dir='ltr'>χορηγίαν.</span> <span class='ocrx_word' id='word_1_632' title='bbox 3626 2200 3700 2253; x_wconf 86' lang='grc' dir='ltr'>Τὸ</span> 
     </span>
    </p>
   </div>
   <div class='ocr_carea' id='block_1_82' title="bbox 2112 2286 3700 2361">
    <p class='ocr_par' dir='ltr' id='par_1_82' title="bbox 2112 2286 3700 2361">
     <span class='ocr_line' id='line_1_82' title="bbox 2112 2286 3700 2361; baseline 0.002 -21"><span class='ocrx_word' id='word_1_633' title='bbox 2112 2286 2242 2355; x_wconf 78' lang='grc' dir='ltr'>γοῦν</span> <span class='ocrx_word' id='word_1_634' title='bbox 2272 2289 2487 2352; x_wconf 85' lang='grc' dir='ltr'>ὲνιαίως</span> <span class='ocrx_word' id='word_1_635' title='bbox 2517 2292 2610 2343; x_wconf 75' lang='grc' dir='ltr'><strong>καὶ</strong></span> <span class='ocrx_word' id='word_1_636' title='bbox 2630 2292 2689 2343; x_wconf 82' lang='grc' dir='ltr'><strong>οὐ</strong></span> <span class='ocrx_word' id='word_1_637' title='bbox 2712 2291 3126 2361; x_wconf 89' lang='grc' dir='ltr'>μεμερισμένως</span> <span class='ocrx_word' id='word_1_638' title='bbox 3156 2290 3572 2360; x_wconf 80' lang='grc' dir='ltr'>τελεσιουργοῦν</span> <span class='ocrx_word' id='word_1_639' title='bbox 3603 2293 3700 2343; x_wconf 83' lang='grc' dir='ltr'><strong>καί</strong></span> 
     </span>
    </p>
   </div>
   <div class='ocr_carea' id='block_1_83' title="bbox 2116 2380 3711 2454">
    <p class='ocr_par' dir='ltr' id='par_1_83' title="bbox 2116 2380 3711 2454">
     <span class='ocr_line' id='line_1_83' title="bbox 2116 2380 3711 2454; baseline 0.001 -21"><span class='ocrx_word' id='word_1_640' title='bbox 2116 2380 2190 2451; x_wconf 84' lang='grc' dir='ltr'>μὴ</span> <span class='ocrx_word' id='word_1_641' title='bbox 2222 2382 2609 2453; x_wconf 72' lang='grc' dir='ltr'>ἐλαττούμενον</span> <span class='ocrx_word' id='word_1_642' title='bbox 2656 2385 2857 2437; x_wconf 86' lang='grc' dir='ltr'>τέλειον</span> <span class='ocrx_word' id='word_1_643' title='bbox 2886 2384 2950 2438; x_wconf 84' lang='grc' dir='ltr'><strong>ἂν</strong></span> <span class='ocrx_word' id='word_1_644' title='bbox 2978 2386 3063 2453; x_wconf 78' lang='grc' dir='ltr'>εἴη</span> <span class='ocrx_word' id='word_1_645' title='bbox 3086 2385 3179 2436; x_wconf 79' lang='grc' dir='ltr'>καὶ</span> <span class='ocrx_word' id='word_1_646' title='bbox 3207 2384 3575 2454; x_wconf 81' lang='grc' dir='ltr'>ὑπερτέλειον.</span> <span class='ocrx_word' id='word_1_647' title='bbox 3603 2384 3711 2436; x_wconf 83' lang='grc' dir='ltr'><strong>Ἐν.</strong></span> 
     </span>
    </p>
   </div>
   <div class='ocr_carea' id='block_1_84' title="bbox 2112 2471 3699 2546">
    <p class='ocr_par' dir='ltr' id='par_1_84' title="bbox 2112 2471 3699 2546">
     <span class='ocr_line' id='line_1_84' title="bbox 2112 2471 3699 2546; baseline 0.003 -22"><span class='ocrx_word' id='word_1_648' title='bbox 2112 2471 2167 2525; x_wconf 84' lang='grc' dir='ltr'><strong>δὲ</strong></span> <span class='ocrx_word' id='word_1_649' title='bbox 2198 2472 2433 2541; x_wconf 82' lang='grc' dir='ltr'>λέγεται,</span> <span class='ocrx_word' id='word_1_650' title='bbox 2465 2476 2545 2527; x_wconf 87' lang='grc' dir='ltr'>ὅτι</span> <span class='ocrx_word' id='word_1_651' title='bbox 2574 2476 2693 2529; x_wconf 84' lang='grc' dir='ltr'>καθ’</span> <span class='ocrx_word' id='word_1_652' title='bbox 2715 2476 2773 2529; x_wconf 84' lang='grc' dir='ltr'><strong>ἒν</strong></span> <span class='ocrx_word' id='word_1_653' title='bbox 2804 2477 2981 2529; x_wconf 87' lang='grc' dir='ltr'>πάντα</span> <span class='ocrx_word' id='word_1_654' title='bbox 3011 2478 3226 2539; x_wconf 80' lang='grc' dir='ltr'>ἐνιαίως</span> <span class='ocrx_word' id='word_1_655' title='bbox 3254 2477 3372 2528; x_wconf 79' lang='grc' dir='ltr'><strong>ἐστὶ</strong></span> <span class='ocrx_word' id='word_1_656' title='bbox 3400 2477 3482 2546; x_wconf 80' lang='grc' dir='ltr'><strong>τῷ</strong></span> <span class='ocrx_word' id='word_1_657' title='bbox 3514 2477 3699 2546; x_wconf 70' lang='grc' dir='ltr'>αἰτίῳ,</span> 
     </span>
    </p>
   </div>
   <div class='ocr_carea' id='block_1_85' title="bbox 2115 2566 3704 2641">
    <p class='ocr_par' dir='ltr' id='par_1_85' title="bbox 2115 2566 3704 2641">
     <span class='ocr_line' id='line_1_85' title="bbox 2115 2566 3704 2641; baseline 0.002 -23"><span class='ocrx_word' id='word_1_658' title='bbox 2115 2567 2209 2619; x_wconf 77' lang='grc' dir='ltr'><strong>καὶ</strong></span> <span class='ocrx_word' id='word_1_659' title='bbox 2240 2566 2401 2619; x_wconf 78' lang='grc' dir='ltr'>πάλιν</span> <span class='ocrx_word' id='word_1_660' title='bbox 2430 2568 2680 2621; x_wconf 84' lang='grc' dir='ltr'>ἁπάντων</span> <span class='ocrx_word' id='word_1_661' title='bbox 2710 2569 2831 2621; x_wconf 83' lang='grc' dir='ltr'>καθ’</span> <span class='ocrx_word' id='word_1_662' title='bbox 2867 2570 2924 2621; x_wconf 84' lang='grc' dir='ltr'>ἓν</span> <span class='ocrx_word' id='word_1_663' title='bbox 2956 2570 3229 2641; x_wconf 80' lang='grc' dir='ltr'>ὑπερέχει·</span> <span class='ocrx_word' id='word_1_664' title='bbox 3260 2570 3409 2622; x_wconf 81' lang='grc' dir='ltr'>οὐδὲν</span> <span class='ocrx_word' id='word_1_665' title='bbox 3438 2570 3551 2641; x_wconf 86' lang='grc' dir='ltr'><strong>γάρ</strong></span> <span class='ocrx_word' id='word_1_666' title='bbox 3579 2570 3704 2622; x_wconf 77' lang='grc' dir='ltr'>ἐστι</span> 
     </span>
    </p>
   </div>
   <div class='ocr_carea' id='block_1_86' title="bbox 2114 2658 3705 2732">
    <p class='ocr_par' dir='ltr' id='par_1_86' title="bbox 2114 2658 3705 2732">
     <span class='ocr_line' id='line_1_86' title="bbox 2114 2658 3705 2732; baseline 0.003 -22"><span class='ocrx_word' id='word_1_667' title='bbox 2114 2658 2221 2711; x_wconf 92' lang='grc' dir='ltr'><strong>τῶν</strong></span> <span class='ocrx_word' id='word_1_668' title='bbox 2250 2660 2417 2712; x_wconf 76' lang='grc' dir='ltr'>ὄντων</span> <span class='ocrx_word' id='word_1_669' title='bbox 2448 2662 2713 2732; x_wconf 80' lang='grc' dir='ltr'>ἀμέτοχον</span> <span class='ocrx_word' id='word_1_670' title='bbox 2742 2662 2834 2715; x_wconf 82' lang='grc' dir='ltr'>τοῦ</span> <span class='ocrx_word' id='word_1_671' title='bbox 2863 2663 3001 2726; x_wconf 77' lang='grc' dir='ltr'>ἑνὸς,</span> <span class='ocrx_word' id='word_1_672' title='bbox 3036 2662 3147 2715; x_wconf 79' lang='grc' dir='ltr'>ἀλλ’</span> <span class='ocrx_word' id='word_1_673' title='bbox 3180 2662 3370 2732; x_wconf 85' lang='grc' dir='ltr'>ὥσπερ</span> <span class='ocrx_word' id='word_1_674' title='bbox 3402 2664 3513 2725; x_wconf 78' lang='grc' dir='ltr'>πᾶς</span> <span class='ocrx_word' id='word_1_675' title='bbox 3541 2662 3705 2732; x_wconf 82' lang='grc' dir='ltr'>ἀριθ-</span> 
     </span>
    </p>
   </div>
   <div class='ocr_carea' id='block_1_87' title="bbox 2119 2752 3703 2825">
    <p class='ocr_par' dir='ltr' id='par_1_87' title="bbox 2119 2752 3703 2825">
     <span class='ocr_line' id='line_1_87' title="bbox 2119 2752 3703 2825; baseline 0.001 -20"><span class='ocrx_word' id='word_1_676' title='bbox 2119 2752 2218 2822; x_wconf 87' lang='grc' dir='ltr'><strong>μὸς</strong></span> <span class='ocrx_word' id='word_1_677' title='bbox 2270 2753 2497 2823; x_wconf 83' lang='grc' dir='ltr'>μονάδος</span> <span class='ocrx_word' id='word_1_678' title='bbox 2538 2755 2775 2825; x_wconf 77' lang='grc' dir='ltr'>μετέχει,</span> <span class='ocrx_word' id='word_1_679' title='bbox 2813 2755 2907 2807; x_wconf 70' lang='grc' dir='ltr'><strong>καὶ</strong></span> <span class='ocrx_word' id='word_1_680' title='bbox 2950 2755 3047 2825; x_wconf 87' lang='grc' dir='ltr'><strong>μία</strong></span> <span class='ocrx_word' id='word_1_681' title='bbox 3074 2754 3202 2818; x_wconf 84' lang='grc' dir='ltr'>δυὰς</span> <span class='ocrx_word' id='word_1_682' title='bbox 3232 2756 3325 2808; x_wconf 78' lang='grc' dir='ltr'>καὶ</span> <span class='ocrx_word' id='word_1_683' title='bbox 3351 2755 3517 2818; x_wconf 79' lang='grc' dir='ltr'>δεκάς</span> <span class='ocrx_word' id='word_1_684' title='bbox 3545 2755 3703 2821; x_wconf 78' lang='grc' dir='ltr'>λὲγε-</span> 
     </span>
    </p>
   </div>
   <div class='ocr_carea' id='block_1_88' title="bbox 2115 2846 3701 2917">
    <p class='ocr_par' dir='ltr' id='par_1_88' title="bbox 2115 2846 3701 2917">
     <span class='ocr_line' id='line_1_88' title="bbox 2115 2846 3701 2917; baseline 0.001 -22"><span class='ocrx_word' id='word_1_685' title='bbox 2115 2860 2224 2896; x_wconf 86' lang='grc' dir='ltr'>ται·</span> <span class='ocrx_word' id='word_1_686' title='bbox 2260 2846 2352 2897; x_wconf 80' lang='grc' dir='ltr'><strong>καὶ</strong></span> <span class='ocrx_word' id='word_1_687' title='bbox 2380 2847 2427 2898; x_wconf 83' lang='grc' dir='ltr'><strong>εί</strong></span> <span class='ocrx_word' id='word_1_688' title='bbox 2460 2847 2646 2917; x_wconf 85' lang='grc' dir='ltr'>μορίου</span> <span class='ocrx_word' id='word_1_689' title='bbox 2678 2846 3055 2916; x_wconf 86' lang='grc' dir='ltr'>ὲπιμνησθῇς,</span> <span class='ocrx_word' id='word_1_690' title='bbox 3101 2847 3269 2916; x_wconf 78' lang='grc' dir='ltr'>ἥμισυ</span> <span class='ocrx_word' id='word_1_691' title='bbox 3300 2846 3359 2897; x_wconf 87' lang='grc' dir='ltr'>ἓν</span> <span class='ocrx_word' id='word_1_692' title='bbox 3388 2847 3537 2917; x_wconf 78' lang='grc' dir='ltr'>ἐρεῖς</span> <span class='ocrx_word' id='word_1_693' title='bbox 3558 2885 3573 2908; x_wconf 91' lang='grc'><strong>,</strong></span> <span class='ocrx_word' id='word_1_694' title='bbox 3606 2848 3701 2898; x_wconf 78' lang='grc' dir='ltr'>καὶ</span> 
     </span>
    </p>
   </div>
   <div class='ocr_carea' id='block_1_89' title="bbox 2116 2936 3697 3007">
    <p class='ocr_par' dir='ltr' id='par_1_89' title="bbox 2116 2936 3697 3007">
     <span class='ocr_line' id='line_1_89' title="bbox 2116 2936 3697 3007; baseline 0.003 -21"><span class='ocrx_word' id='word_1_695' title='bbox 2116 2936 2297 3006; x_wconf 89' lang='grc' dir='ltr'>τρίτον</span> <span class='ocrx_word' id='word_1_696' title='bbox 2317 2937 2395 2999; x_wconf 84' lang='grc' dir='ltr'>ἓν,</span> <span class='ocrx_word' id='word_1_697' title='bbox 2419 2938 2513 2990; x_wconf 72' lang='grc' dir='ltr'><strong>καὶ</strong></span> <span class='ocrx_word' id='word_1_698' title='bbox 2530 2938 2752 2991; x_wconf 83' lang='grc' dir='ltr'>δέκατον</span> <span class='ocrx_word' id='word_1_699' title='bbox 2772 2938 2849 3000; x_wconf 83' lang='grc' dir='ltr'><strong>ἒν,</strong></span> <span class='ocrx_word' id='word_1_700' title='bbox 2871 2939 2965 2990; x_wconf 71' lang='grc' dir='ltr'><strong>καὶ</strong></span> <span class='ocrx_word' id='word_1_701' title='bbox 2984 2937 3201 3007; x_wconf 77' lang='grc' dir='ltr'>ἐφεξῆς·</span> <span class='ocrx_word' id='word_1_702' title='bbox 3225 2936 3369 2989; x_wconf 77' lang='grc' dir='ltr'>οὕτω</span> <span class='ocrx_word' id='word_1_703' title='bbox 3384 2938 3482 2989; x_wconf 70' lang='grc' dir='ltr'><strong>καὶ</strong></span> <span class='ocrx_word' id='word_1_704' title='bbox 3496 2938 3697 2995; x_wconf 78' lang='grc' dir='ltr'>πάντα,</span> 
     </span>
    </p>
   </div>
   <div class='ocr_carea' id='block_1_90' title="bbox 2119 3028 3700 3101">
    <p class='ocr_par' dir='ltr' id='par_1_90' title="bbox 2119 3028 3700 3101">
     <span class='ocr_line' id='line_1_90' title="bbox 2119 3028 3700 3101; baseline 0.001 -21"><span class='ocrx_word' id='word_1_705' title='bbox 2119 3030 2213 3081; x_wconf 78' lang='grc' dir='ltr'>καὶ</span> <span class='ocrx_word' id='word_1_706' title='bbox 2243 3031 2351 3083; x_wconf 77' lang='grc' dir='ltr'><strong>πᾶν</strong></span> <span class='ocrx_word' id='word_1_707' title='bbox 2385 3030 2571 3101; x_wconf 90' lang='grc' dir='ltr'>μόριον</span> <span class='ocrx_word' id='word_1_708' title='bbox 2600 3031 2836 3093; x_wconf 88' lang='grc' dir='ltr'>πάντων,</span> <span class='ocrx_word' id='word_1_709' title='bbox 2866 3029 2961 3082; x_wconf 78' lang='grc' dir='ltr'>τοῦ</span> <span class='ocrx_word' id='word_1_710' title='bbox 2990 3030 3109 3091; x_wconf 81' lang='grc' dir='ltr'>ἑνὸς</span> <span class='ocrx_word' id='word_1_711' title='bbox 3140 3028 3374 3099; x_wconf 86' lang='grc' dir='ltr'>μετέχει·</span> <span class='ocrx_word' id='word_1_712' title='bbox 3408 3031 3507 3081; x_wconf 71' lang='grc' dir='ltr'><strong>καὶ</strong></span> <span class='ocrx_word' id='word_1_713' title='bbox 3534 3029 3592 3080; x_wconf 82' lang='grc' dir='ltr'>ὲν</span> <span class='ocrx_word' id='word_1_714' title='bbox 3623 3028 3700 3099; x_wconf 80' lang='grc' dir='ltr'>τῷ</span> 
     </span>
    </p>
   </div>
   <div class='ocr_carea' id='block_1_91' title="bbox 2120 3116 3706 3193">
    <p class='ocr_par' dir='ltr' id='par_1_91' title="bbox 2120 3116 3706 3193">
     <span class='ocr_line' id='line_1_91' title="bbox 2120 3116 3706 3193; baseline 0.002 -20"><span class='ocrx_word' id='word_1_715' title='bbox 2120 3116 2257 3173; x_wconf 81' lang='grc' dir='ltr'>εἶναι</span> <span class='ocrx_word' id='word_1_716' title='bbox 2299 3122 2456 3175; x_wconf 81' lang='grc' dir='ltr'>τοῦτο</span> <span class='ocrx_word' id='word_1_717' title='bbox 2498 3122 2559 3175; x_wconf 90' lang='grc' dir='ltr'><strong>τὸ</strong></span> <span class='ocrx_word' id='word_1_718' title='bbox 2603 3122 2661 3175; x_wconf 82' lang='grc' dir='ltr'>ἓν</span> <span class='ocrx_word' id='word_1_719' title='bbox 2708 3122 2884 3175; x_wconf 88' lang='grc' dir='ltr'>πάντα</span> <span class='ocrx_word' id='word_1_720' title='bbox 2936 3124 3105 3185; x_wconf 70' lang='grc' dir='ltr'>ἐστὶν,</span> <span class='ocrx_word' id='word_1_721' title='bbox 3136 3122 3324 3193; x_wconf 83' lang='grc' dir='ltr'>ὥσπερ</span> <span class='ocrx_word' id='word_1_722' title='bbox 3352 3124 3411 3174; x_wconf 81' lang='grc' dir='ltr'>ὲν</span> <span class='ocrx_word' id='word_1_723' title='bbox 3438 3121 3520 3192; x_wconf 85' lang='grc' dir='ltr'><strong>τῷ</strong></span> <span class='ocrx_word' id='word_1_724' title='bbox 3560 3116 3706 3177; x_wconf 76' lang='grc' dir='ltr'>εἶναι,</span> 
     </span>
    </p>
   </div>
   <div class='ocr_carea' id='block_1_92' title="bbox 2118 3214 3701 3287">
    <p class='ocr_par' dir='ltr' id='par_1_92' title="bbox 2118 3214 3701 3287">
     <span class='ocr_line' id='line_1_92' title="bbox 2118 3214 3701 3287; baseline 0.002 -21"><span class='ocrx_word' id='word_1_725' title='bbox 2118 3214 2217 3285; x_wconf 87' lang='grc' dir='ltr'>τὴν</span> <span class='ocrx_word' id='word_1_726' title='bbox 2250 3216 2449 3285; x_wconf 85' lang='grc' dir='ltr'>μονάδα</span> <span class='ocrx_word' id='word_1_727' title='bbox 2499 3216 2698 3279; x_wconf 88' lang='grc' dir='ltr'>πάντες</span> <span class='ocrx_word' id='word_1_728' title='bbox 2738 3216 2787 3268; x_wconf 78' lang='lat' dir='ltr'><strong>oi</strong></span> <span class='ocrx_word' id='word_1_729' title='bbox 2833 3215 3089 3287; x_wconf 73' lang='grc' dir='ltr'>ἀριθμοὶ,</span> <span class='ocrx_word' id='word_1_730' title='bbox 3135 3217 3228 3268; x_wconf 73' lang='grc' dir='ltr'>καὶ</span> <span class='ocrx_word' id='word_1_731' title='bbox 3256 3215 3356 3268; x_wconf 82' lang='grc' dir='ltr'>οὐκ</span> <span class='ocrx_word' id='word_1_732' title='bbox 3399 3214 3516 3267; x_wconf 74' lang='grc' dir='ltr'>ἐστι</span> <span class='ocrx_word' id='word_1_733' title='bbox 3542 3214 3605 3267; x_wconf 83' lang='grc' dir='ltr'><strong>τὸ</strong></span> <span class='ocrx_word' id='word_1_734' title='bbox 3644 3214 3701 3269; x_wconf 83' lang='grc' dir='ltr'>ἒν</span> 
     </span>
    </p>
   </div>
   <div class='ocr_carea' id='block_1_93' title="bbox 2118 3306 3701 3378">
    <p class='ocr_par' dir='ltr' id='par_1_93' title="bbox 2118 3306 3701 3378">
     <span class='ocr_line' id='line_1_93' title="bbox 2118 3306 3701 3378; baseline 0.002 -22"><span class='ocrx_word' id='word_1_735' title='bbox 2118 3306 2276 3358; x_wconf 76' lang='grc' dir='ltr'>τοῦτο</span> <span class='ocrx_word' id='word_1_736' title='bbox 2302 3307 2407 3359; x_wconf 91' lang='grc' dir='ltr'><strong>τῶν</strong></span> <span class='ocrx_word' id='word_1_737' title='bbox 2438 3307 2648 3360; x_wconf 82' lang='grc' dir='ltr'>πολλῶν</span> <span class='ocrx_word' id='word_1_738' title='bbox 2677 3308 2755 3360; x_wconf 77' lang='grc' dir='ltr'><strong>ἓν.</strong></span> <span class='ocrx_word' id='word_1_739' title='bbox 2800 3309 2856 3361; x_wconf 90' lang='grc' dir='ltr'>Ὁ</span> <span class='ocrx_word' id='word_1_740' title='bbox 2889 3308 2986 3378; x_wconf 81' lang='grc' dir='ltr'><strong>μὲν</strong></span> <span class='ocrx_word' id='word_1_741' title='bbox 3020 3306 3128 3378; x_wconf 79' lang='grc' dir='ltr'>γὰρ</span> <span class='ocrx_word' id='word_1_742' title='bbox 3147 3306 3279 3369; x_wconf 78' lang='grc' dir='ltr'>Θεὸς</span> <span class='ocrx_word' id='word_1_743' title='bbox 3304 3306 3363 3358; x_wconf 72' lang='grc' dir='ltr'>ἓν</span> <span class='ocrx_word' id='word_1_744' title='bbox 3393 3308 3534 3370; x_wconf 79' lang='grc' dir='ltr'>ἐστι,</span> <span class='ocrx_word' id='word_1_745' title='bbox 3565 3306 3701 3359; x_wconf 78' lang='grc' dir='ltr'>καθὸ</span> 
     </span>
    </p>
   </div>
   <div class='ocr_carea' id='block_1_94' title="bbox 2121 3393 3701 3471">
    <p class='ocr_par' dir='ltr' id='par_1_94' title="bbox 2121 3393 3701 3471">
     <span class='ocr_line' id='line_1_94' title="bbox 2121 3393 3701 3471; baseline 0 -20"><span class='ocrx_word' id='word_1_746' title='bbox 2121 3398 2326 3461; x_wconf 82' lang='grc' dir='ltr'>ἁπλοῦς</span> <span class='ocrx_word' id='word_1_747' title='bbox 2354 3416 2434 3463; x_wconf 89' lang='grc' dir='ltr'><strong>τε,</strong></span> <span class='ocrx_word' id='word_1_748' title='bbox 2467 3401 2562 3453; x_wconf 76' lang='grc' dir='ltr'>καὶ</span> <span class='ocrx_word' id='word_1_749' title='bbox 2591 3400 2822 3471; x_wconf 82' lang='grc' dir='ltr'>ἀμερὴς,</span> <span class='ocrx_word' id='word_1_750' title='bbox 2854 3401 2947 3454; x_wconf 70' lang='grc' dir='ltr'>καὶ</span> <span class='ocrx_word' id='word_1_751' title='bbox 2974 3400 3074 3469; x_wconf 83' lang='grc' dir='ltr'>τῆς</span> <span class='ocrx_word' id='word_1_752' title='bbox 3106 3401 3225 3452; x_wconf 84' lang='grc' dir='ltr'>κατ’</span> <span class='ocrx_word' id='word_1_753' title='bbox 3260 3393 3401 3461; x_wconf 83' lang='grc' dir='ltr'>εἶδος</span> <span class='ocrx_word' id='word_1_754' title='bbox 3437 3399 3701 3469; x_wconf 72' lang='grc' dir='ltr'>διαφορᾶς</span> 
     </span>
    </p>
   </div>
   <div class='ocr_carea' id='block_1_95' title="bbox 2119 3488 3703 3562">
    <p class='ocr_par' dir='ltr' id='par_1_95' title="bbox 2119 3488 3703 3562">
     <span class='ocr_line' id='line_1_95' title="bbox 2119 3488 3703 3562; baseline 0 -21"><span class='ocrx_word' id='word_1_755' title='bbox 2119 3488 2365 3560; x_wconf 80' lang='grc' dir='ltr'>ἄμοιρος,</span> <span class='ocrx_word' id='word_1_756' title='bbox 2399 3492 2492 3543; x_wconf 76' lang='grc' dir='ltr'>καὶ</span> <span class='ocrx_word' id='word_1_757' title='bbox 2521 3492 2737 3544; x_wconf 87' lang='grc' dir='ltr'>πάντων</span> <span class='ocrx_word' id='word_1_758' title='bbox 2772 3491 3106 3562; x_wconf 84' lang='grc' dir='ltr'>παθημάτων</span> <span class='ocrx_word' id='word_1_759' title='bbox 3138 3491 3231 3543; x_wconf 78' lang='grc' dir='ltr'><strong>καὶ</strong></span> <span class='ocrx_word' id='word_1_760' title='bbox 3280 3490 3703 3561; x_wconf 72' lang='grc' dir='ltr'>συμϐεϐηκότων</span> 
     </span>
    </p>
   </div>
   <div class='ocr_carea' id='block_1_96' title="bbox 2119 3580 3704 3653">
    <p class='ocr_par' dir='ltr' id='par_1_96' title="bbox 2119 3580 3704 3653">
     <span class='ocr_line' id='line_1_96' title="bbox 2119 3580 3704 3653; baseline 0 -21"><span class='ocrx_word' id='word_1_761' title='bbox 2119 3580 2413 3652; x_wconf 80' lang='grc' dir='ltr'>ἀλλότριος.</span> <span class='ocrx_word' id='word_1_762' title='bbox 2449 3582 2520 3635; x_wconf 90' lang='grc' dir='ltr'><strong>Τὸ</strong></span> <span class='ocrx_word' id='word_1_763' title='bbox 2548 3583 2605 3635; x_wconf 77' lang='grc' dir='ltr'>δὲ</span> <span class='ocrx_word' id='word_1_764' title='bbox 2626 3584 2819 3636; x_wconf 82' lang='grc' dir='ltr'>ταύτὸν</span> <span class='ocrx_word' id='word_1_765' title='bbox 2852 3582 2909 3635; x_wconf 79' lang='grc' dir='ltr'>ἓν</span> <span class='ocrx_word' id='word_1_766' title='bbox 2927 3582 3112 3653; x_wconf 71' lang='grc' dir='ltr'>ἕτερον</span> <span class='ocrx_word' id='word_1_767' title='bbox 3140 3581 3173 3652; x_wconf 80' lang='grc' dir='ltr'>ἢ</span> <span class='ocrx_word' id='word_1_768' title='bbox 3207 3581 3393 3651; x_wconf 74' lang='grc' dir='ltr'>μεῖζον</span> <span class='ocrx_word' id='word_1_769' title='bbox 3419 3581 3453 3651; x_wconf 80' lang='grc' dir='ltr'>ἢ</span> <span class='ocrx_word' id='word_1_770' title='bbox 3485 3580 3704 3633; x_wconf 71' lang='grc' dir='ltr'>ἔλαττον</span> 
     </span>
    </p>
   </div>
   <div class='ocr_carea' id='block_1_97' title="bbox 2119 3673 3705 3745">
    <p class='ocr_par' dir='ltr' id='par_1_97' title="bbox 2119 3673 3705 3745">
     <span class='ocr_line' id='line_1_97' title="bbox 2119 3673 3705 3745; baseline 0.003 -22"><span class='ocrx_word' id='word_1_771' title='bbox 2119 3673 2537 3742; x_wconf 73' lang='grc' dir='ltr'>περιπέφευγεν·</span> <span class='ocrx_word' id='word_1_772' title='bbox 2571 3674 2711 3745; x_wconf 82' lang='grc' dir='ltr'>ὑπὲρ</span> <span class='ocrx_word' id='word_1_773' title='bbox 2740 3674 2848 3745; x_wconf 83' lang='grc' dir='ltr'>γὰρ</span> <span class='ocrx_word' id='word_1_774' title='bbox 2866 3673 3037 3726; x_wconf 76' lang='grc' dir='ltr'>ταῦτα</span> <span class='ocrx_word' id='word_1_775' title='bbox 3058 3675 3252 3735; x_wconf 80' lang='grc' dir='ltr'>ἐκεῖνο,</span> <span class='ocrx_word' id='word_1_776' title='bbox 3284 3674 3381 3726; x_wconf 73' lang='grc' dir='ltr'>καὶ</span> <span class='ocrx_word' id='word_1_777' title='bbox 3407 3673 3487 3726; x_wconf 74' lang='grc' dir='ltr'>ἔτι</span> <span class='ocrx_word' id='word_1_778' title='bbox 3517 3674 3705 3745; x_wconf 84' lang='grc' dir='ltr'>ὠςάρ-</span> 
     </span>
    </p>
   </div>
   <div class='ocr_carea' id='block_1_98' title="bbox 2119 3764 3707 3837">
    <p class='ocr_par' dir='ltr' id='par_1_98' title="bbox 2119 3764 3707 3837">
     <span class='ocr_line' id='line_1_98' title="bbox 2119 3764 3707 3837; baseline 0 -20"><span class='ocrx_word' id='word_1_779' title='bbox 2119 3764 2189 3835; x_wconf 82' lang='grc' dir='ltr'>χὴ</span> <span class='ocrx_word' id='word_1_780' title='bbox 2219 3766 2309 3818; x_wconf 74' lang='grc' dir='ltr'><strong>καὶ</strong></span> <span class='ocrx_word' id='word_1_781' title='bbox 2339 3765 2502 3818; x_wconf 79' lang='grc' dir='ltr'>αὑτοῦ</span> <span class='ocrx_word' id='word_1_782' title='bbox 2533 3766 2625 3819; x_wconf 79' lang='grc' dir='ltr'>τοῦ</span> <span class='ocrx_word' id='word_1_783' title='bbox 2669 3767 2786 3830; x_wconf 80' lang='grc' dir='ltr'>ἐνὸς</span> <span class='ocrx_word' id='word_1_784' title='bbox 2817 3767 2910 3819; x_wconf 72' lang='grc' dir='ltr'><strong>καὶ</strong></span> <span class='ocrx_word' id='word_1_785' title='bbox 2940 3766 3176 3837; x_wconf 83' lang='grc' dir='ltr'>πλήθους</span> <span class='ocrx_word' id='word_1_786' title='bbox 3204 3766 3502 3837; x_wconf 86' lang='grc' dir='ltr'>ὀριστικόν·</span> <span class='ocrx_word' id='word_1_787' title='bbox 3537 3768 3598 3818; x_wconf 80' lang='grc' dir='ltr'><strong>ἐν</strong></span> <span class='ocrx_word' id='word_1_788' title='bbox 3630 3766 3707 3837; x_wconf 80' lang='grc' dir='ltr'><strong>τῷ</strong></span> 
     </span>
    </p>
   </div>
   <div class='ocr_carea' id='block_1_99' title="bbox 2120 3853 3710 3929">
    <p class='ocr_par' dir='ltr' id='par_1_99' title="bbox 2120 3853 3710 3929">
     <span class='ocr_line' id='line_1_99' title="bbox 2120 3853 3710 3929; baseline 0.001 -20"><span class='ocrx_word' id='word_1_789' title='bbox 2120 3856 2238 3927; x_wconf 86' lang='grc' dir='ltr'><strong>Θεῴ</strong></span> <span class='ocrx_word' id='word_1_790' title='bbox 2280 3857 2387 3928; x_wconf 78' lang='grc' dir='ltr'>γὰρ</span> <span class='ocrx_word' id='word_1_791' title='bbox 2429 3859 2477 3910; x_wconf 80' lang='grc' dir='ltr'>οἱ</span> <span class='ocrx_word' id='word_1_792' title='bbox 2512 3859 2711 3921; x_wconf 87' lang='grc' dir='ltr'>πάντες</span> <span class='ocrx_word' id='word_1_793' title='bbox 2740 3853 2839 3922; x_wconf 72' lang='grc' dir='ltr'>εἷς,</span> <span class='ocrx_word' id='word_1_794' title='bbox 2873 3860 2966 3911; x_wconf 77' lang='grc' dir='ltr'><strong>καὶ</strong></span> <span class='ocrx_word' id='word_1_795' title='bbox 3002 3859 3051 3909; x_wconf 82' lang='grc' dir='ltr'>οἱ</span> <span class='ocrx_word' id='word_1_796' title='bbox 3097 3856 3356 3929; x_wconf 81' lang='grc' dir='ltr'>προόντες</span> <span class='ocrx_word' id='word_1_797' title='bbox 3386 3858 3484 3909; x_wconf 76' lang='grc' dir='ltr'><strong>καὶ</strong></span> <span class='ocrx_word' id='word_1_798' title='bbox 3513 3859 3563 3911; x_wconf 77' lang='grc' dir='ltr'>οἱ</span> <span class='ocrx_word' id='word_1_799' title='bbox 3592 3859 3710 3910; x_wconf 71' lang='grc' dir='ltr'>ἐσό-</span> 
     </span>
    </p>
   </div>
   <div class='ocr_carea' id='block_1_100' title="bbox 2125 3948 3711 4021">
    <p class='ocr_par' dir='ltr' id='par_1_100' title="bbox 2125 3948 3711 4021">
     <span class='ocr_line' id='line_1_100' title="bbox 2125 3948 3711 4021; baseline 0 -20"><span class='ocrx_word' id='word_1_800' title='bbox 2125 3966 2294 4019; x_wconf 89' lang='grc' dir='ltr'>μενοι·</span> <span class='ocrx_word' id='word_1_801' title='bbox 2329 3951 2388 4002; x_wconf 82' lang='grc' dir='ltr'><strong>οὐ</strong></span> <span class='ocrx_word' id='word_1_802' title='bbox 2420 3951 2527 4021; x_wconf 84' lang='grc' dir='ltr'><strong>γάρ</strong></span> <span class='ocrx_word' id='word_1_803' title='bbox 2556 3952 2705 4004; x_wconf 80' lang='grc' dir='ltr'>ἐστιν</span> <span class='ocrx_word' id='word_1_804' title='bbox 2751 3951 2866 4003; x_wconf 80' lang='grc' dir='ltr'>ἐκεῖ</span> <span class='ocrx_word' id='word_1_805' title='bbox 2893 3950 2951 4002; x_wconf 82' lang='grc' dir='ltr'><strong>τὸ</strong></span> <span class='ocrx_word' id='word_1_806' title='bbox 2995 3950 3091 4019; x_wconf 84' lang='grc' dir='ltr'><strong>μὲν</strong></span> <span class='ocrx_word' id='word_1_807' title='bbox 3123 3948 3531 4019; x_wconf 86' lang='grc' dir='ltr'>παρεληλυθὸς,</span> <span class='ocrx_word' id='word_1_808' title='bbox 3564 3949 3629 4001; x_wconf 80' lang='grc' dir='ltr'><strong>τὸ</strong></span> <span class='ocrx_word' id='word_1_809' title='bbox 3654 3948 3711 4001; x_wconf 77' lang='grc' dir='ltr'><strong>δὲ</strong></span> 
     </span>
    </p>
   </div>
   <div class='ocr_carea' id='block_1_101' title="bbox 2124 4036 3711 4113">
    <p class='ocr_par' dir='ltr' id='par_1_101' title="bbox 2124 4036 3711 4113">
     <span class='ocr_line' id='line_1_101' title="bbox 2124 4036 3711 4113; baseline 0 -19"><span class='ocrx_word' id='word_1_810' title='bbox 2124 4042 2333 4113; x_wconf 87' lang='grc' dir='ltr'>μέλλον,</span> <span class='ocrx_word' id='word_1_811' title='bbox 2365 4036 2427 4094; x_wconf 75' lang='grc' dir='ltr'>οὗ</span> <span class='ocrx_word' id='word_1_812' title='bbox 2455 4045 2520 4113; x_wconf 84' lang='grc' dir='ltr'>τῇ</span> <span class='ocrx_word' id='word_1_813' title='bbox 2568 4044 2766 4113; x_wconf 79' lang='grc' dir='ltr'>μετοχῇ</span> <span class='ocrx_word' id='word_1_814' title='bbox 2799 4042 2892 4094; x_wconf 74' lang='grc' dir='ltr'><strong>καὶ</strong></span> <span class='ocrx_word' id='word_1_815' title='bbox 2921 4041 2981 4093; x_wconf 90' lang='grc' dir='ltr'><strong>τὸ</strong></span> <span class='ocrx_word' id='word_1_816' title='bbox 3009 4040 3066 4091; x_wconf 82' lang='grc' dir='ltr'>ἓν</span> <span class='ocrx_word' id='word_1_817' title='bbox 3098 4040 3256 4093; x_wconf 78' lang='grc' dir='ltr'>τοῦτο</span> <span class='ocrx_word' id='word_1_818' title='bbox 3284 4039 3353 4093; x_wconf 80' lang='grc' dir='ltr'>τὰ</span> <span class='ocrx_word' id='word_1_819' title='bbox 3392 4041 3569 4094; x_wconf 73' lang='grc' dir='ltr'>πολλὰ</span> <span class='ocrx_word' id='word_1_820' title='bbox 3610 4059 3711 4094; x_wconf 83' lang='grc' dir='ltr'>πε-</span> 
     </span>
    </p>
   </div>
   <div class='ocr_carea' id='block_1_102' title="bbox 2124 4131 3711 4205">
    <p class='ocr_par' dir='ltr' id='par_1_102' title="bbox 2124 4131 3711 4205">
     <span class='ocr_line' id='line_1_102' title="bbox 2124 4131 3711 4205; baseline -0.001 -18"><span class='ocrx_word' id='word_1_821' title='bbox 2124 4136 2367 4205; x_wconf 76' lang='grc' dir='ltr'>ριορίζει,</span> <span class='ocrx_word' id='word_1_822' title='bbox 2404 4134 2538 4205; x_wconf 83' lang='grc' dir='ltr'>πλὴν</span> <span class='ocrx_word' id='word_1_823' title='bbox 2579 4134 2879 4204; x_wconf 81' lang='grc' dir='ltr'>διαφόρως,</span> <span class='ocrx_word' id='word_1_824' title='bbox 2928 4133 3021 4185; x_wconf 73' lang='grc' dir='ltr'><strong>καὶ</strong></span> <span class='ocrx_word' id='word_1_825' title='bbox 3062 4133 3161 4184; x_wconf 75' lang='grc' dir='ltr'><strong>οὐκ</strong></span> <span class='ocrx_word' id='word_1_826' title='bbox 3190 4131 3304 4184; x_wconf 75' lang='grc' dir='ltr'>ἐστι</span> <span class='ocrx_word' id='word_1_827' title='bbox 3362 4131 3485 4184; x_wconf 79' lang='grc' dir='ltr'>καθ’</span> <span class='ocrx_word' id='word_1_828' title='bbox 3528 4134 3711 4185; x_wconf 79' lang='grc' dir='ltr'>ὅντινα</span> 
     </span>
    </p>
   </div>
   <div class='ocr_carea' id='block_1_103' title="bbox 2120 4222 3712 4298">
    <p class='ocr_par' dir='ltr' id='par_1_103' title="bbox 2120 4222 3712 4298">
     <span class='ocr_line' id='line_1_103' title="bbox 2120 4222 3712 4298; baseline -0.002 -19"><span class='ocrx_word' id='word_1_829' title='bbox 2120 4228 2318 4298; x_wconf 85' lang='grc' dir='ltr'>τρόπον</span> <span class='ocrx_word' id='word_1_830' title='bbox 2346 4228 2406 4280; x_wconf 82' lang='grc' dir='ltr'><strong>οὐ</strong></span> <span class='ocrx_word' id='word_1_831' title='bbox 2438 4226 2932 4297; x_wconf 77' lang='grc' dir='ltr'>περιληφθήσονται</span> <span class='ocrx_word' id='word_1_832' title='bbox 2976 4223 3044 4276; x_wconf 80' lang='grc' dir='ltr'>τὰ</span> <span class='ocrx_word' id='word_1_833' title='bbox 3072 4222 3241 4275; x_wconf 87' lang='grc' dir='ltr'>πολλά</span> <span class='ocrx_word' id='word_1_834' title='bbox 3269 4222 3348 4293; x_wconf 84' lang='grc' dir='ltr'><strong>τῷ</strong></span> <span class='ocrx_word' id='word_1_835' title='bbox 3378 4224 3480 4277; x_wconf 78' lang='grc' dir='ltr'>ἑνί.</span> <span class='ocrx_word' id='word_1_836' title='bbox 3514 4225 3589 4276; x_wconf 90' lang='grc' dir='ltr'>Τὸ</span> <span class='ocrx_word' id='word_1_837' title='bbox 3604 4224 3712 4296; x_wconf 78' lang='grc' dir='ltr'>γὰρ</span> 
     </span>
    </p>
   </div>
   <div class='ocr_carea' id='block_1_104' title="bbox 2123 4315 3708 4389">
    <p class='ocr_par' dir='ltr' id='par_1_104' title="bbox 2123 4315 3708 4389">
     <span class='ocr_line' id='line_1_104' title="bbox 2123 4315 3708 4389; baseline -0.003 -18"><span class='ocrx_word' id='word_1_838' title='bbox 2123 4320 2292 4373; x_wconf 82' lang='grc' dir='ltr'>πολλά</span> <span class='ocrx_word' id='word_1_839' title='bbox 2336 4323 2447 4383; x_wconf 83' lang='grc' dir='ltr'>τοῖς</span> <span class='ocrx_word' id='word_1_840' title='bbox 2497 4320 2741 4389; x_wconf 85' lang='grc' dir='ltr'>μέρεσιν,</span> <span class='ocrx_word' id='word_1_841' title='bbox 2792 4317 3036 4388; x_wconf 86' lang='grc' dir='ltr'>ὑπάρχον</span> <span class='ocrx_word' id='word_1_842' title='bbox 3065 4315 3340 4386; x_wconf 79' lang='grc' dir='ltr'>δηλονότι,</span> <span class='ocrx_word' id='word_1_843' title='bbox 3372 4316 3430 4368; x_wconf 86' lang='grc' dir='ltr'>ἓν</span> <span class='ocrx_word' id='word_1_844' title='bbox 3459 4316 3541 4386; x_wconf 81' lang='grc' dir='ltr'>τῷ</span> <span class='ocrx_word' id='word_1_845' title='bbox 3582 4318 3708 4387; x_wconf 77' lang='grc' dir='ltr'>ὅλῳ,</span> 
     </span>
    </p>
   </div>
   <div class='ocr_carea' id='block_1_105' title="bbox 2123 4410 3711 4485">
    <p class='ocr_par' dir='ltr' id='par_1_105' title="bbox 2123 4410 3711 4485">
     <span class='ocr_line' id='line_1_105' title="bbox 2123 4410 3711 4485; baseline -0.003 -18"><span class='ocrx_word' id='word_1_846' title='bbox 2123 4410 2233 4468; x_wconf 78' lang='grc' dir='ltr'>οἷον</span> <span class='ocrx_word' id='word_1_847' title='bbox 2262 4414 2321 4466; x_wconf 88' lang='grc' dir='ltr'><strong>τὸ</strong></span> <span class='ocrx_word' id='word_1_848' title='bbox 2352 4415 2528 4485; x_wconf 79' lang='grc' dir='ltr'>σῶμα·</span> <span class='ocrx_word' id='word_1_849' title='bbox 2562 4414 2657 4467; x_wconf 77' lang='grc' dir='ltr'><strong>καὶ</strong></span> <span class='ocrx_word' id='word_1_850' title='bbox 2682 4414 2745 4466; x_wconf 85' lang='grc' dir='ltr'><strong>τὸ</strong></span> <span class='ocrx_word' id='word_1_851' title='bbox 2772 4411 2939 4465; x_wconf 77' lang='grc' dir='ltr'>πολλὰ</span> <span class='ocrx_word' id='word_1_852' title='bbox 2966 4413 3079 4473; x_wconf 85' lang='grc' dir='ltr'>τοῖς</span> <span class='ocrx_word' id='word_1_853' title='bbox 3107 4410 3516 4480; x_wconf 83' lang='grc' dir='ltr'>συμϐεϐηκόσιν</span> <span class='ocrx_word' id='word_1_854' title='bbox 3548 4410 3608 4463; x_wconf 86' lang='grc' dir='ltr'><strong>ἒν</strong></span> <span class='ocrx_word' id='word_1_855' title='bbox 3637 4410 3711 4479; x_wconf 79' lang='grc' dir='ltr'><strong>τῷ</strong></span> 
     </span>
    </p>
   </div>
   <div class='ocr_carea' id='block_1_106' title="bbox 2125 4501 3712 4579">
    <p class='ocr_par' dir='ltr' id='par_1_106' title="bbox 2125 4501 3712 4579">
     <span class='ocr_line' id='line_1_106' title="bbox 2125 4501 3712 4579; baseline -0.003 -19"><span class='ocrx_word' id='word_1_856' title='bbox 2125 4508 2490 4579; x_wconf 79' lang='grc' dir='ltr'>ὑποκειμένῳ,</span> <span class='ocrx_word' id='word_1_857' title='bbox 2541 4501 2651 4560; x_wconf 77' lang='grc' dir='ltr'>οἷον</span> <span class='ocrx_word' id='word_1_858' title='bbox 2704 4508 2732 4559; x_wconf 87' lang='grc' dir='ltr'>ὁ</span> <span class='ocrx_word' id='word_1_859' title='bbox 2781 4504 3094 4574; x_wconf 87' lang='grc' dir='ltr'>ἄνθρωπος·</span> <span class='ocrx_word' id='word_1_860' title='bbox 3151 4504 3244 4555; x_wconf 79' lang='grc' dir='ltr'><strong>καὶ</strong></span> <span class='ocrx_word' id='word_1_861' title='bbox 3306 4503 3370 4554; x_wconf 86' lang='grc' dir='ltr'><strong>τὸ</strong></span> <span class='ocrx_word' id='word_1_862' title='bbox 3415 4502 3589 4556; x_wconf 80' lang='grc' dir='ltr'>πολλὰ</span> <span class='ocrx_word' id='word_1_863' title='bbox 3636 4501 3712 4571; x_wconf 81' lang='grc' dir='ltr'><strong>τῷ</strong></span> 
     </span>
    </p>
   </div>
   <div class='ocr_carea' id='block_1_107' title="bbox 2127 4592 3713 4671">
    <p class='ocr_par' dir='ltr' id='par_1_107' title="bbox 2127 4592 3713 4671">
     <span class='ocr_line' id='line_1_107' title="bbox 2127 4592 3713 4671; baseline -0.005 -19"><span class='ocrx_word' id='word_1_864' title='bbox 2127 4598 2365 4671; x_wconf 82' lang='grc' dir='ltr'>ἀριθμῷ,</span> <span class='ocrx_word' id='word_1_865' title='bbox 2414 4594 2525 4651; x_wconf 77' lang='grc' dir='ltr'>οἷον</span> <span class='ocrx_word' id='word_1_866' title='bbox 2578 4598 2784 4668; x_wconf 88' lang='grc' dir='ltr'>Πέτρος</span> <span class='ocrx_word' id='word_1_867' title='bbox 2815 4596 2907 4648; x_wconf 77' lang='grc' dir='ltr'>καὶ</span> <span class='ocrx_word' id='word_1_868' title='bbox 2937 4593 3166 4656; x_wconf 81' lang='grc' dir='ltr'>Παῦλος,</span> <span class='ocrx_word' id='word_1_869' title='bbox 3198 4592 3255 4645; x_wconf 82' lang='grc' dir='ltr'>ἓν</span> <span class='ocrx_word' id='word_1_870' title='bbox 3294 4592 3375 4661; x_wconf 76' lang='grc' dir='ltr'>τῷ</span> <span class='ocrx_word' id='word_1_871' title='bbox 3414 4592 3571 4656; x_wconf 81' lang='grc' dir='ltr'>εῖδει,</span> <span class='ocrx_word' id='word_1_872' title='bbox 3623 4595 3713 4646; x_wconf 81' lang='grc' dir='ltr'>άν-</span> 
     </span>
    </p>
   </div>
   <div class='ocr_carea' id='block_1_108' title="bbox 2128 4684 3712 4763">
    <p class='ocr_par' dir='ltr' id='par_1_108' title="bbox 2128 4684 3712 4763">
     <span class='ocr_line' id='line_1_108' title="bbox 2128 4684 3712 4763; baseline -0.006 -18"><span class='ocrx_word' id='word_1_873' title='bbox 2128 4691 2343 4763; x_wconf 87' lang='grc' dir='ltr'>θρωπος</span> <span class='ocrx_word' id='word_1_874' title='bbox 2370 4690 2479 4763; x_wconf 84' lang='grc' dir='ltr'>γὰρ</span> <span class='ocrx_word' id='word_1_875' title='bbox 2508 4691 2601 4743; x_wconf 77' lang='grc' dir='ltr'><strong>καὶ</strong></span> <span class='ocrx_word' id='word_1_876' title='bbox 2627 4689 2944 4761; x_wconf 84' lang='grc' dir='ltr'>ἀμφότεροι,</span> <span class='ocrx_word' id='word_1_877' title='bbox 2989 4686 3149 4739; x_wconf 82' lang='grc' dir='ltr'>Ἀλλά</span> <span class='ocrx_word' id='word_1_878' title='bbox 3174 4685 3268 4738; x_wconf 81' lang='grc' dir='ltr'><strong>καὶ</strong></span> <span class='ocrx_word' id='word_1_879' title='bbox 3295 4684 3357 4736; x_wconf 87' lang='grc' dir='ltr'><strong>τὸ</strong></span> <span class='ocrx_word' id='word_1_880' title='bbox 3387 4684 3567 4738; x_wconf 70' lang='grc' dir='ltr'>πολλὰ</span> <span class='ocrx_word' id='word_1_881' title='bbox 3596 4687 3712 4745; x_wconf 80' lang='grc' dir='ltr'>ταῖς</span> 
     </span>
    </p>
   </div>
   <div class='ocr_carea' id='block_1_109' title="bbox 2124 4778 3709 4857">
    <p class='ocr_par' dir='ltr' id='par_1_109' title="bbox 2124 4778 3709 4857">
     <span class='ocr_line' id='line_1_109' title="bbox 2124 4778 3709 4857; baseline -0.005 -19"><span class='ocrx_word' id='word_1_882' title='bbox 2124 4785 2437 4857; x_wconf 84' lang='grc' dir='ltr'>δυνάμεσιν,</span> <span class='ocrx_word' id='word_1_883' title='bbox 2468 4779 2577 4837; x_wconf 75' lang='grc' dir='ltr'>οἷον</span> <span class='ocrx_word' id='word_1_884' title='bbox 2604 4781 2829 4855; x_wconf 76' lang='grc' dir='ltr'>ἄνθραξ,</span> <span class='ocrx_word' id='word_1_885' title='bbox 2862 4781 2997 4851; x_wconf 82' lang='grc' dir='ltr'>φῶς,</span> <span class='ocrx_word' id='word_1_886' title='bbox 3029 4779 3180 4850; x_wconf 82' lang='grc' dir='ltr'>φλὸξ,</span> <span class='ocrx_word' id='word_1_887' title='bbox 3210 4778 3268 4831; x_wconf 81' lang='grc' dir='ltr'>ἓν</span> <span class='ocrx_word' id='word_1_888' title='bbox 3296 4778 3377 4849; x_wconf 82' lang='grc' dir='ltr'><strong>τῷ</strong></span> <span class='ocrx_word' id='word_1_889' title='bbox 3411 4778 3568 4845; x_wconf 80' lang='grc' dir='ltr'>εἴδει,</span> <span class='ocrx_word' id='word_1_890' title='bbox 3603 4779 3709 4848; x_wconf 73' lang='grc' dir='ltr'><strong>πῦρ</strong></span> 
     </span>
    </p>
   </div>
   <div class='ocr_carea' id='block_1_110' title="bbox 2126 4871 3709 4954">
    <p class='ocr_par' dir='ltr' id='par_1_110' title="bbox 2126 4871 3709 4954">
     <span class='ocr_line' id='line_1_110' title="bbox 2126 4871 3709 4954; baseline -0.008 -19"><span class='ocrx_word' id='word_1_891' title='bbox 2126 4885 2236 4954; x_wconf 86' lang='grc' dir='ltr'>γὰρ</span> <span class='ocrx_word' id='word_1_892' title='bbox 2265 4878 2462 4931; x_wconf 84' lang='grc' dir='ltr'>πάντα·</span> <span class='ocrx_word' id='word_1_893' title='bbox 2498 4878 2592 4930; x_wconf 69' lang='grc' dir='ltr'><strong>καὶ</strong></span> <span class='ocrx_word' id='word_1_894' title='bbox 2619 4876 2678 4929; x_wconf 90' lang='grc' dir='ltr'><strong>τὸ</strong></span> <span class='ocrx_word' id='word_1_895' title='bbox 2710 4875 2879 4928; x_wconf 90' lang='grc' dir='ltr'>πολλά</span> <span class='ocrx_word' id='word_1_896' title='bbox 2906 4877 3026 4937; x_wconf 88' lang='grc' dir='ltr'>ταῖς</span> <span class='ocrx_word' id='word_1_897' title='bbox 3055 4872 3301 4944; x_wconf 85' lang='grc' dir='ltr'>προόδοις</span> <span class='ocrx_word' id='word_1_898' title='bbox 3331 4873 3427 4924; x_wconf 74' lang='grc' dir='ltr'><strong>καὶ</strong></span> <span class='ocrx_word' id='word_1_899' title='bbox 3454 4875 3572 4936; x_wconf 82' lang='grc' dir='ltr'>τοῖς</span> <span class='ocrx_word' id='word_1_900' title='bbox 3595 4871 3709 4942; x_wconf 78' lang='grc' dir='ltr'>βου-</span> 
     </span>
    </p>
   </div>
   <div class='ocr_carea' id='block_1_111' title="bbox 2128 4956 3710 5041">
    <p class='ocr_par' dir='ltr' id='par_1_111' title="bbox 2128 4956 3710 5041">
     <span class='ocr_line' id='line_1_111' title="bbox 2128 4956 3710 5041; baseline -0.005 -18"><span class='ocrx_word' id='word_1_901' title='bbox 2128 4970 2393 5041; x_wconf 83' lang='grc' dir='ltr'>λεύμασιν</span> <span class='ocrx_word' id='word_1_902' title='bbox 2457 4969 2489 5040; x_wconf 82' lang='grc' dir='ltr'>ἢ</span> <span class='ocrx_word' id='word_1_903' title='bbox 2535 4972 2646 5032; x_wconf 69' lang='grc' dir='ltr'>τοῖς</span> <span class='ocrx_word' id='word_1_904' title='bbox 2679 4968 2860 5039; x_wconf 76' lang='grc' dir='ltr'>ἔργοις</span> <span class='ocrx_word' id='word_1_905' title='bbox 2900 4966 2958 5018; x_wconf 86' lang='grc' dir='ltr'>ἒν</span> <span class='ocrx_word' id='word_1_906' title='bbox 2987 4964 3065 5035; x_wconf 81' lang='grc' dir='ltr'>τῷ</span> <span class='ocrx_word' id='word_1_907' title='bbox 3106 4965 3280 5034; x_wconf 83' lang='grc' dir='ltr'>αἰτίῳ·</span> <span class='ocrx_word' id='word_1_908' title='bbox 3314 4958 3396 5027; x_wconf 81' lang='grc' dir='ltr'>εἷς</span> <span class='ocrx_word' id='word_1_909' title='bbox 3430 4963 3545 5033; x_wconf 77' lang='grc' dir='ltr'><strong>γὰρ</strong></span> <span class='ocrx_word' id='word_1_910' title='bbox 3574 4964 3632 5029; x_wconf 74' lang='grc' dir='ltr'>ἐξ</span> <span class='ocrx_word' id='word_1_911' title='bbox 3656 4956 3710 5015; x_wconf 63' lang='grc' dir='ltr'>οὗ</span> 
     </span>
    </p>
   </div>
   <div class='ocr_carea' id='block_1_112' title="bbox 2128 5053 3712 5132">
    <p class='ocr_par' dir='ltr' id='par_1_112' title="bbox 2128 5053 3712 5132">
     <span class='ocr_line' id='line_1_112' title="bbox 2128 5053 3712 5132; baseline -0.006 -17"><span class='ocrx_word' id='word_1_912' title='bbox 2128 5064 2183 5115; x_wconf 74' lang='grc' dir='ltr'>αἱ</span> <span class='ocrx_word' id='word_1_913' title='bbox 2218 5061 2450 5132; x_wconf 77' lang='grc' dir='ltr'>βουλαὶῆ</span> <span class='ocrx_word' id='word_1_914' title='bbox 2480 5061 2546 5112; x_wconf 81' lang='grc' dir='ltr'>τὰ</span> <span class='ocrx_word' id='word_1_915' title='bbox 2578 5060 2734 5131; x_wconf 72' lang='grc' dir='ltr'>ἔργα,</span> <span class='ocrx_word' id='word_1_916' title='bbox 2769 5060 2861 5112; x_wconf 76' lang='grc' dir='ltr'>καὶ</span> <span class='ocrx_word' id='word_1_917' title='bbox 2892 5057 3041 5110; x_wconf 76' lang='grc' dir='ltr'>οὐδέν</span> <span class='ocrx_word' id='word_1_918' title='bbox 3070 5058 3186 5109; x_wconf 76' lang='grc' dir='ltr'>ἐστι</span> <span class='ocrx_word' id='word_1_919' title='bbox 3226 5055 3332 5109; x_wconf 88' lang='grc' dir='ltr'><strong>τῶν</strong></span> <span class='ocrx_word' id='word_1_920' title='bbox 3380 5056 3556 5108; x_wconf 74' lang='grc' dir='ltr'>ὄντων</span> <span class='ocrx_word' id='word_1_921' title='bbox 3585 5054 3613 5106; x_wconf 79' lang='grc' dir='ltr'><strong>ὃ</strong></span> <span class='ocrx_word' id='word_1_922' title='bbox 3642 5053 3712 5125; x_wconf 83' lang='grc' dir='ltr'>μὴ</span> 
     </span>
    </p>
   </div>
   <div class='ocr_carea' id='block_1_113' title="bbox 2130 5142 3713 5225">
    <p class='ocr_par' dir='ltr' id='par_1_113' title="bbox 2130 5142 3713 5225">
     <span class='ocr_line' id='line_1_113' title="bbox 2130 5142 3713 5225; baseline -0.005 -18"><span class='ocrx_word' id='word_1_923' title='bbox 2130 5155 2344 5225; x_wconf 88' lang='grc' dir='ltr'>μετέχει</span> <span class='ocrx_word' id='word_1_924' title='bbox 2363 5172 2436 5225; x_wconf 91' lang='grc' dir='ltr'><strong>πη</strong></span> <span class='ocrx_word' id='word_1_925' title='bbox 2459 5153 2551 5207; x_wconf 76' lang='grc' dir='ltr'>τοῦ</span> <span class='ocrx_word' id='word_1_926' title='bbox 2574 5153 2708 5216; x_wconf 82' lang='grc' dir='ltr'>ἑνός.</span> <span class='ocrx_word' id='word_1_927' title='bbox 2735 5154 2829 5204; x_wconf 87' lang='grc' dir='ltr'>Ἕν</span> <span class='ocrx_word' id='word_1_928' title='bbox 2844 5150 3061 5218; x_wconf 82' lang='grc' dir='ltr'>λέγωτὸ</span> <span class='ocrx_word' id='word_1_929' title='bbox 3088 5150 3287 5201; x_wconf 83' lang='grc' dir='ltr'>ὲνιαίον</span> <span class='ocrx_word' id='word_1_930' title='bbox 3315 5148 3474 5208; x_wconf 78' lang='grc' dir='ltr'>αὐτὸ,</span> <span class='ocrx_word' id='word_1_931' title='bbox 3512 5142 3713 5208; x_wconf 70' lang='grc' dir='ltr'>οὗτινος</span> 
     </span>
    </p>
   </div>
   <div class='ocr_carea' id='block_1_114' title="bbox 2128 5239 3711 5318">
    <p class='ocr_par' dir='ltr' id='par_1_114' title="bbox 2128 5239 3711 5318">
     <span class='ocr_line' id='line_1_114' title="bbox 2128 5239 3711 5318; baseline -0.007 -17"><span class='ocrx_word' id='word_1_932' title='bbox 2128 5249 2306 5301; x_wconf 80' lang='grc' dir='ltr'>πάντα</span> <span class='ocrx_word' id='word_1_933' title='bbox 2340 5247 2642 5318; x_wconf 82' lang='grc' dir='ltr'>μετέχουσι,</span> <span class='ocrx_word' id='word_1_934' title='bbox 2671 5244 2731 5297; x_wconf 91' lang='grc' dir='ltr'><strong>τὸ</strong></span> <span class='ocrx_word' id='word_1_935' title='bbox 2758 5245 2816 5296; x_wconf 80' lang='grc' dir='ltr'>ὲν</span> <span class='ocrx_word' id='word_1_936' title='bbox 2847 5243 2925 5313; x_wconf 83' lang='grc' dir='ltr'><strong>τῷ</strong></span> <span class='ocrx_word' id='word_1_937' title='bbox 2955 5241 3095 5295; x_wconf 85' lang='grc' dir='ltr'>κατὰ</span> <span class='ocrx_word' id='word_1_938' title='bbox 3135 5241 3310 5293; x_wconf 81' lang='grc' dir='ltr'>πάντα</span> <span class='ocrx_word' id='word_1_939' title='bbox 3332 5240 3431 5291; x_wconf 68' lang='grc' dir='ltr'><strong>καὶ</strong></span> <span class='ocrx_word' id='word_1_940' title='bbox 3457 5239 3711 5301; x_wconf 78' lang='grc' dir='ltr'>ὁλοτελῶς</span> 
     </span>
    </p>
   </div>
   <div class='ocr_carea' id='block_1_115' title="bbox 2128 5331 3712 5410">
    <p class='ocr_par' dir='ltr' id='par_1_115' title="bbox 2128 5331 3712 5410">
     <span class='ocr_line' id='line_1_115' title="bbox 2128 5331 3712 5410; baseline -0.008 -17"><span class='ocrx_word' id='word_1_941' title='bbox 2128 5340 2290 5409; x_wconf 83' lang='grc' dir='ltr'>ἑνικῷ</span> <span class='ocrx_word' id='word_1_942' title='bbox 2312 5336 2737 5410; x_wconf 83' lang='grc' dir='ltr'>προσυνειληφὸς</span> <span class='ocrx_word' id='word_1_943' title='bbox 2765 5336 2941 5388; x_wconf 86' lang='grc' dir='ltr'>πάντα</span> <span class='ocrx_word' id='word_1_944' title='bbox 2962 5335 3057 5387; x_wconf 76' lang='grc' dir='ltr'><strong>καὶ</strong></span> <span class='ocrx_word' id='word_1_945' title='bbox 3082 5336 3199 5395; x_wconf 77' lang='grc' dir='ltr'>ὅλα,</span> <span class='ocrx_word' id='word_1_946' title='bbox 3223 5331 3403 5383; x_wconf 80' lang='grc' dir='ltr'>πάντα</span> <span class='ocrx_word' id='word_1_947' title='bbox 3426 5331 3525 5383; x_wconf 71' lang='grc' dir='ltr'><strong>καὶ</strong></span> <span class='ocrx_word' id='word_1_948' title='bbox 3542 5332 3610 5383; x_wconf 76' lang='grc' dir='ltr'><strong>τά</strong></span> <span class='ocrx_word' id='word_1_949' title='bbox 3626 5332 3712 5383; x_wconf 76' lang='grc' dir='ltr'>ἀν-</span> 
     </span>
    </p>
   </div>
   <div class='ocr_carea' id='block_1_116' title="bbox 2128 5423 3711 5502">
    <p class='ocr_par' dir='ltr' id='par_1_116' title="bbox 2128 5423 3711 5502">
     <span class='ocr_line' id='line_1_116' title="bbox 2128 5423 3711 5502; baseline -0.008 -16"><span class='ocrx_word' id='word_1_950' title='bbox 2128 5431 2559 5502; x_wconf 86' lang='grc' dir='ltr'>τικείμενα.Πῶς</span> <span class='ocrx_word' id='word_1_951' title='bbox 2572 5430 2699 5500; x_wconf 82' lang='grc' dir='ltr'>γοῦν</span> <span class='ocrx_word' id='word_1_952' title='bbox 2715 5428 3109 5499; x_wconf 74' lang='grc' dir='ltr'>προσυνείληφε</span> <span class='ocrx_word' id='word_1_953' title='bbox 3125 5426 3192 5478; x_wconf 80' lang='grc' dir='ltr'>τὰ</span> <span class='ocrx_word' id='word_1_954' title='bbox 3207 5426 3387 5478; x_wconf 82' lang='grc' dir='ltr'>πάντα</span> <span class='ocrx_word' id='word_1_955' title='bbox 3402 5424 3463 5476; x_wconf 87' lang='grc' dir='ltr'><strong>τὸ</strong></span> <span class='ocrx_word' id='word_1_956' title='bbox 3475 5424 3557 5485; x_wconf 76' lang='grc' dir='ltr'>ἓν,</span> <span class='ocrx_word' id='word_1_957' title='bbox 3580 5423 3711 5494; x_wconf 67' lang='grc' dir='ltr'>μετὰ</span> 
     </span>
    </p>
   </div>
   <div class='ocr_carea' id='block_1_117' title="bbox 2128 5515 3711 5595">
    <p class='ocr_par' dir='ltr' id='par_1_117' title="bbox 2128 5515 3711 5595">
     <span class='ocr_line' id='line_1_117' title="bbox 2128 5515 3711 5595; baseline -0.009 -16"><span class='ocrx_word' id='word_1_958' title='bbox 2128 5526 2300 5580; x_wconf 79' lang='grc' dir='ltr'>ταῦτα</span> <span class='ocrx_word' id='word_1_959' title='bbox 2322 5524 2667 5595; x_wconf 77' lang='grc' dir='ltr'>λεχθήσεται,</span> <span class='ocrx_word' id='word_1_960' title='bbox 2698 5524 2786 5575; x_wconf 84' lang='grc' dir='ltr'>ὅτε</span> <span class='ocrx_word' id='word_1_961' title='bbox 2828 5519 3320 5592; x_wconf 83' lang='grc' dir='ltr'>προεπινοούμενον</span> <span class='ocrx_word' id='word_1_962' title='bbox 3350 5516 3623 5579; x_wconf 81' lang='grc' dir='ltr'>ἀποδείξει</span> <span class='ocrx_word' id='word_1_963' title='bbox 3654 5515 3711 5565; x_wconf 82' lang='grc' dir='ltr'><strong>τὸ</strong></span> 
     </span>
    </p>
   </div>
   <div class='ocr_carea' id='block_1_118' title="bbox 2130 5608 3709 5684">
    <p class='ocr_par' dir='ltr' id='par_1_118' title="bbox 2130 5608 3709 5684">
     <span class='ocr_line' id='line_1_118' title="bbox 2130 5608 3709 5684; baseline -0.01 -11"><span class='ocrx_word' id='word_1_964' title='bbox 2130 5621 2209 5675; x_wconf 75' lang='grc' dir='ltr'>ἓν,</span> <span class='ocrx_word' id='word_1_965' title='bbox 2255 5618 2412 5671; x_wconf 83' lang='grc' dir='ltr'>Ἀλλὰ</span> <span class='ocrx_word' id='word_1_966' title='bbox 2444 5618 2619 5670; x_wconf 87' lang='grc' dir='ltr'>πάντα</span> <span class='ocrx_word' id='word_1_967' title='bbox 2648 5616 2916 5684; x_wconf 81' lang='grc' dir='ltr'>λέγονται.</span> <span class='ocrx_word' id='word_1_968' title='bbox 2948 5614 3078 5666; x_wconf 85' lang='grc' dir='ltr'>ὅταν</span> <span class='ocrx_word' id='word_1_969' title='bbox 3106 5612 3181 5675; x_wconf 82' lang='grc' dir='ltr'><strong>ὡς</strong></span> <span class='ocrx_word' id='word_1_970' title='bbox 3209 5611 3322 5681; x_wconf 80' lang='grc' dir='ltr'>εἴδη</span> <span class='ocrx_word' id='word_1_971' title='bbox 3342 5611 3437 5662; x_wconf 63' lang='grc' dir='ltr'>καὶ</span> <span class='ocrx_word' id='word_1_972' title='bbox 3461 5610 3601 5679; x_wconf 85' lang='grc' dir='ltr'>μέρη</span> <span class='ocrx_word' id='word_1_973' title='bbox 3624 5608 3709 5658; x_wconf 71' lang='grc' dir='ltr'><strong>καὶ</strong></span> 
     </span>
    </p>
   </div>
   <div class='ocr_carea' id='block_1_119' title="bbox 2136 5701 3704 5783">
    <p class='ocr_par' dir='ltr' id='par_1_119' title="bbox 2136 5701 3704 5783">
     <span class='ocr_line' id='line_1_119' title="bbox 2136 5701 3704 5783; baseline -0.008 -18"><span class='ocrx_word' id='word_1_974' title='bbox 2136 5713 2387 5783; x_wconf 66' lang='grc' dir='ltr'><strong>διαιροροά⁹</strong></span> <span class='ocrx_word' id='word_1_975' title='bbox 2414 5711 2507 5764; x_wconf 77' lang='grc' dir='ltr'>τοῦ</span> <span class='ocrx_word' id='word_1_976' title='bbox 2528 5710 2644 5773; x_wconf 81' lang='grc' dir='ltr'>ἐνὸς</span> <span class='ocrx_word' id='word_1_977' title='bbox 2663 5708 3064 5779; x_wconf 84' lang='grc' dir='ltr'>λαμϐάνωνται·</span> <span class='ocrx_word' id='word_1_978' title='bbox 3090 5706 3207 5757; x_wconf 81' lang='grc' dir='ltr'>ὅλον</span> <span class='ocrx_word' id='word_1_979' title='bbox 3235 5704 3311 5763; x_wconf 82' lang='grc' dir='ltr'><strong>δὲ,</strong></span> <span class='ocrx_word' id='word_1_980' title='bbox 3337 5708 3460 5758; x_wconf 76' lang='grc' dir='ltr'>ὅταν</span> <span class='ocrx_word' id='word_1_981' title='bbox 3485 5701 3556 5753; x_wconf 77' lang='grc' dir='ltr'><strong>τὰ</strong></span> <span class='ocrx_word' id='word_1_982' title='bbox 3576 5702 3704 5770; x_wconf 76' lang='grc' dir='ltr'>μέρη</span> 
     </span>
    </p>
   </div>
   <div class='ocr_carea' id='block_1_120' title="bbox 2141 5791 3755 5877">
    <p class='ocr_par' dir='ltr' id='par_1_120' title="bbox 2141 5791 3755 5877">
     <span class='ocr_line' id='line_1_120' title="bbox 2141 5791 3755 5877; baseline -0.012 -17"><span class='ocrx_word' id='word_1_983' title='bbox 2141 5806 2508 5877; x_wconf 75' lang='grc' dir='ltr'>συλλεγόμενοι</span> <span class='ocrx_word' id='word_1_984' title='bbox 2523 5804 2577 5859; x_wconf 78' lang='grc' dir='ltr'>ἓν</span> <span class='ocrx_word' id='word_1_985' title='bbox 2601 5802 2886 5874; x_wconf 77' lang='grc' dir='ltr'>ὁλόκληρον</span> <span class='ocrx_word' id='word_1_986' title='bbox 2911 5797 3184 5853; x_wconf 77' lang='grc' dir='ltr'>ἁποτελῶσ</span> <span class='ocrx_word' id='word_1_987' title='bbox 3198 5820 3211 5849; x_wconf 83' lang='grc' dir='ltr'><strong>ι</strong></span> <span class='ocrx_word' id='word_1_988' title='bbox 3225 5815 3261 5859; x_wconf 62' lang='grc' dir='ltr'><strong>λ,</strong></span> <span class='ocrx_word' id='word_1_989' title='bbox 3282 5792 3391 5849; x_wconf 72' lang='grc' dir='ltr'>οἷον</span> <span class='ocrx_word' id='word_1_990' title='bbox 3414 5796 3507 5848; x_wconf 71' lang='grc' dir='ltr'><strong>καὶ</strong></span> <span class='ocrx_word' id='word_1_991' title='bbox 3525 5796 3608 5847; x_wconf 77' lang='grc' dir='ltr'><strong>τὸν</strong></span> <span class='ocrx_word' id='word_1_992' title='bbox 3625 5791 3684 5843; x_wconf 74' lang='lat' dir='ltr'><strong>iv</strong></span> <span class='ocrx_word' id='word_1_993' title='bbox 3748 5848 3755 5869; x_wconf 47' lang='lat'><em>‘</em></span> 
     </span>
    </p>
   </div>
  </div>
