3866 6232
128 347 241 403 989

698 342 787 397 DE
815 339 1069 397 DIVINIS
1102 337 1502 407 NOMlNlBUS,
1528 339 1682 395 CAP.
1720 339 1934 397 Xlll.-—
1975 339 2325 397 PARAPHR.
2355 336 2819 394 PACHYMERIE.

3300 337 3407 392 990

130 462 373 533 θρωπον,
388 457 480 511 καὶ
491 455 559 508 τά
570 454 662 507 τοῦ
681 454 965 525 ἀνθρώπου
999 452 1284 524 σωματικά
1303 453 1462 523 μέρη,
1487 452 1604 522 ἦτὰ
1622 450 1721 521 τῆς

1831 462 2008 506 autem
2038 468 2203 505 uirum
2234 451 2335 506 hoc
2373 452 2555 506 omnia
2587 450 2931 519 complexum
2978 449 3071 514 sit,
3104 458 3289 519 postea
3327 449 3408 503 di-

127 552 323 615 οὐσίας
350 548 515 604 αὑτοῦ
550 549 712 620 μέρη,
742 544 853 601 οἷον
881 548 941 601 τὸ
969 547 1204 616 λογικὸν,
1225 546 1285 599 τὸ
1306 546 1516 616 θνητόν.
1550 545 1717 598 Πάλιν

128 646 314 698 πάντα
341 644 435 696 καὶ
464 642 532 695 τὰ
561 641 927 710 ἀντικείμενα,
951 640 1116 710 ἤγουν
1133 640 1189 691 ἒν
1210 639 1437 691 ἕκαστον
1460 640 1717 707 στοιχεῖον

131 736 267 806 ἰδίᾳ.
295 736 406 787 Καὶ
434 733 595 786 πάλιν
623 734 681 785 ὲν
701 731 884 803 ταὺτῷ
912 730 979 784 τὰ
999 732 1370 802 ἀντικείμενα,
1388 731 1515 783 ὅταν
1536 728 1591 781 ἕν
1612 747 1715 782 τινι

128 826 481 896 ὑποκειμένῳ
506 823 834 895 θεωρῶνται.
869 824 1052 877 Πάντα
1083 824 1192 894 γάρ
1222 824 1285 875 ὲκ
1323 822 1430 875 τῶν
1460 822 1715 875 ἐναντίων

129 918 415 988 στοιχείων
443 917 786 969 συνίστανται
805 915 900 968 καὶ
932 915 1217 977 ὲνίζονται.
1250 914 1323 966 Τὸ
1351 914 1407 966 δὲ
1435 914 1715 968 ὑποθοῐτο

126 1014 192 1064 ὲν
221 1010 400 1072 ἄλλοις
436 1009 531 1079 μὲν
572 1007 633 1060 τὸ
674 1006 796 1060 καθ’
827 1006 1080 1060 ὑπόθεσιν
1109 1005 1464 1075 λαμϐάνεται,
1496 1004 1591 1058 καὶ
1624 1005 1717 1057 ἐπὶ

124 1103 244 1156 τῶν
278 1102 675 1174 πραγματικῶς
703 1102 802 1154 οὐκ
842 1102 1042 1165 ὄντων,
1076 1098 1212 1152 ἀλλά
1256 1099 1398 1169 λόγῳ
1441 1097 1717 1169 τυπουμέ-

124 1213 262 1248 νων·
294 1195 525 1248 ἐνταῦθα
562 1195 741 1265 μέντοι
770 1195 868 1264 οὐχ
894 1192 1036 1245 οὕτω
1063 1192 1314 1261 ληπτέον,
1347 1191 1483 1244 άλλά
1507 1191 1567 1244 τὸ
1596 1191 1715 1243 κατ’

126 1288 382 1341 ἐπίνοιαν
409 1287 551 1358 λόγῳ
582 1284 742 1339 τοῦτο
769 1285 950 1338 θετέον
979 1284 1067 1337 διὰ
1094 1283 1191 1355 τὴν
1220 1283 1314 1335 τοῦ
1358 1282 1415 1349 ἐξ
1446 1282 1565 1345 ἐνὸς
1584 1281 1717 1335 Θεοῦ

125 1380 381 1434 ἐκτίσθαι
406 1378 707 1448 ταύτότητα
727 1420 742 1444 ,
773 1379 865 1430 καὶ
894 1377 955 1429 τὸ
984 1377 1103 1430 ὅλον
1131 1378 1189 1429 ἐν
1217 1379 1328 1440 τοῖς
1364 1376 1552 1447 μέρεσι
1583 1374 1718 1428 θεω-

130 1472 371 1543 ρεῖσθαι,
402 1472 497 1525 καὶ
524 1473 582 1525 ἐν
608 1470 685 1541 τῷ
711 1470 818 1541 ὅλῳ
845 1469 914 1522 τὰ
946 1470 1106 1542 μέρη.

1827 555 1980 599 cetur
2002 545 2218 613 quando
2246 554 2675 614 przeconceptum
2709 543 2839 597 illud
2865 557 3033 597 unum
3059 541 3406 596 demonstra-

1825 638 1921 690 bit.
1974 636 2244 691 Caeterum
2322 636 2506 689 omnia
2562 635 2857 701 dicuntur,
2915 637 3136 703 quando
3194 636 3409 704 species

1822 739 1876 781 et
1921 736 2103 797 partes
2144 736 2198 780 et
2243 727 2563 782 differentiae
2593 727 2755 781 unius
2804 728 3181 797 accipiuntur;
3224 737 3403 782 totum

1827 835 1976 885 vero,
2007 820 2225 889 quando
2266 832 2449 888 partes
2494 820 2721 875 collecte
2768 836 2934 874 unum
2978 821 3246 888 integrum
3286 818 3404 874 eﬂi-

1824 915 1992 976 ciunt,
2024 913 2174 967 verbi
2224 914 2422 983 gratia,
2456 914 2754 977 hominem,
2789 921 2974 981 partes
3007 910 3247 966 hominis
3274 925 3405 965 cor-

1824 1020 2023 1074 poreae,
2045 1005 2130 1059 vel
2158 1016 2341 1074 partes
2367 1005 2485 1075 ejus
2515 1005 2787 1068 essentiae,
2814 1012 2872 1058 ut
2893 1002 3160 1057 rationale
3182 1011 3235 1058 et
3258 1017 3404 1057 mor-

1826 1096 1953 1152 tale.
1989 1098 2248 1163 Rursum,
2277 1098 2461 1152 omnia
2487 1098 2649 1153 etiam
2681 1097 2981 1161 contraria,
3018 1096 3170 1151 verbi
3202 1095 3404 1166 gratia,

1823 1192 2101 1261 quodlibet
2129 1193 2456 1247 elementum
2494 1206 2761 1246 seorsum.
2787 1191 2855 1244 Et
2882 1204 3099 1244 rursum
3131 1191 3183 1243 in
3211 1190 3400 1242 eodem

1824 1286 2122 1352 contraria,
2149 1289 2367 1354 quando
2394 1284 2449 1337 in
2479 1283 2663 1352 aliquo
2699 1284 2944 1351 subjecto
2963 1282 3401 1350 conspiciuntur;

1826 1377 2010 1430 smnia
2047 1377 2192 1432 enim
2228 1393 2295 1431 ex
2329 1377 2623 1431 contrariis
2652 1375 2936 1430 elementis
2964 1375 3396 1430 constituuntur.

1829 1464 1963 1520 Illud
1997 1477 2198 1535 autem,
2231 1466 2484 1521 ὑποθοῖτό
2505 1484 2608 1530 τις,
2645 1465 2836 1536 aliquis
2873 1476 3154 1536 supponat,
3190 1465 3244 1519 in
3277 1464 3403 1519 aliis

134 1566 360 1633 quidem
395 1565 695 1621 secundum
734 1562 1063 1633 hypothesin
1102 1562 1217 1617 sive
1264 1560 1691 1631 suppositionem
1726 1557 2027 1628 accipitur;
2093 1564 2258 1615 etiam
2322 1559 2377 1613 in
2422 1559 2488 1613 iis
2534 1574 2655 1628 quae
2707 1575 2764 1615 re
2831 1558 2947 1627 ipsa
2988 1572 3095 1612 non
3136 1558 3402 1628 existunt,

126 1660 230 1712 sed
284 1657 490 1711 ratione
561 1654 867 1725 ﬁnguntur;
926 1653 1016 1709 hic
1072 1667 1200 1708 vero
1260 1668 1368 1708 non
1439 1655 1518 1708 sic
1592 1649 1970 1719 accipiendum
2033 1661 2151 1718 est,
2202 1652 2297 1707 sed
2362 1652 2468 1706 hoc
2526 1651 2694 1706 verbo
2757 1650 2954 1705 mentis
3016 1649 3404 1720 applicandum

127 1757 358 1818 propter
410 1747 702 1803 creationis
756 1762 825 1802 ex
889 1760 1000 1801 uno
1061 1743 1170 1801 Deo
1223 1745 1599 1813 identitatem,
1660 1757 1719 1801 et
1770 1742 1899 1811 quia
1947 1752 2117 1799 totum
2177 1745 2229 1798 in
2280 1744 2526 1814 partibus
2579 1743 2995 1808 consideratur,
3046 1752 3103 1797 et
3142 1751 3322 1811 partes
3350 1741 3405 1795 in

128 1854 271 1896 ισιο.

206 1935 235 2007 §
266 1935 358 1987 III.
395 1934 538 1986 Ἀνω
572 1934 669 2004 μὲν
713 1933 922 2001 ἔλεγεν,
952 1935 1034 1988 ὅτι
1070 1933 1131 1987 τὸ
1162 1933 1219 1985 ἓν
1249 1930 1723 2004 προσυλλαμϐἀνει

124 2031 201 2082 τὰ
220 2027 416 2091 πάντα,
434 2025 529 2079 νῦν
556 2027 633 2089 δὲ,
654 2024 1076 2089 κατασκευάζων
1104 2025 1281 2090 τοῦτο,
1304 2026 1486 2095 φησίν·
1519 2026 1613 2077 Ἂν
1646 2026 1718 2098 μὴ

126 2121 244 2191 γὰρ
276 2118 639 2190 προεπινοηθῇ
670 2120 731 2172 τὸ
761 2120 980 2182 ἐνιαῖον,
1010 2118 1249 2189 δηλονότι
1287 2118 1348 2171 τὸ
1377 2117 1483 2171 τῶν
1512 2117 1721 2189 ἀνθρώ-

130 2230 257 2267 πων
286 2210 444 2275 εἶδος,
475 2213 643 2284 ἤγουν
671 2214 705 2282 ἡ
738 2211 899 2281 φύσις
920 2251 933 2275 ,
964 2212 1066 2263 οὑκ
1094 2211 1158 2265 ἄν
1187 2229 1270 2275 τις
1299 2210 1461 2274 εἴποι,
1482 2212 1609 2273 τοὺς
1637 2211 1724 2263 ἀν-

128 2306 390 2379 θρώπους
416 2304 657 2377 ἡνῶσθαι
686 2304 934 2375 ἀλλήλοις
962 2306 1083 2358 κατ’
1101 2304 1263 2357 αὐτὸν
1282 2305 1372 2357 τὸν
1388 2304 1487 2373 τῆς
1509 2304 1724 2372 φύσεως

125 2400 315 2467 λόγον.
375 2398 644 2451 Ἡνῶσθαι
689 2398 867 2451 τοίνυν
911 2398 981 2450 τά
1034 2397 1290 2467 ἡνωμένα
1331 2396 1559 2467 λέγομεν
1601 2398 1721 2449 κατ’

127 2491 278 2553 εἶδος
320 2489 808 2561 προεπινοούμενον
850 2489 970 2552 ἐνὸς
1007 2489 1258 2542 ἑκάστου.
1301 2491 1410 2542 Καὶ
1450 2489 1609 2542 πάλιν
1654 2489 1721 2542 τά

127 2582 252 2651 εἴδη
290 2583 383 2634 καὶ
407 2581 475 2634 τά
506 2581 697 2657 πολλά,
732 2582 991 2651 στοιχεῖόν
1019 2599 1071 2635 τι
1114 2583 1207 2635 καὶ
1232 2581 1406 2652 ἀρχὴν
1437 2582 1497 2633 τὸ
1526 2581 1582 2633 ἓν
1612 2582 1726 2633 ἐπι-

129 2674 441 2745 γράφονται
473 2676 552 2735 είς
572 2674 728 2741 γένος
759 2674 1092 2744 ἀναγόμενα,
1117 2667 1177 2726 οῦ
1208 2674 1397 2742 γένους
1418 2674 1532 2742 εἴδη
1562 2674 1718 2726 εἰσίψ

129 2764 250 2824 οἷον
283 2771 460 2833 ἵπποι,
496 2769 637 2838 βόες,
668 2767 965 2839 ἄνθρωποι,
998 2767 1187 2838 ὥσπερ
1224 2769 1304 2830 εἰς
1344 2766 1401 2818 ἓν
1432 2766 1724 2834 ἀνάγονται

127 2864 197 2916 τὸ
223 2863 383 2928 ζῶον.
409 2861 579 2915 Τοῦτο
603 2862 658 2915 δὲ
677 2861 843 2929 λέγει,
873 2863 973 2931 οὐχ
1002 2862 1083 2914 ὅτι
1110 2860 1171 2913 τὸ
1189 2860 1295 2913 τῶν
1323 2859 1429 2931 πρὸ
1458 2859 1565 2913 τῶν
1597 2858 1726 2911 πολ-

131 2955 247 3013 λῶν
271 2954 615 3024 ἀποδέχεται,
643 2954 779 3024 ὅπερ
811 2956 839 3006 ὁ
873 2954 1098 3006 Πλάτων
1123 2952 1439 3023 ἐπρέσϐευε,
1458 2950 1554 3022 τὴν
1582 2951 1725 3003 ἰδέαν

132 3048 306 3115 λέγω*
342 3046 475 3099 ἀλλὰ
500 3046 559 3098 τὸ
593 3048 651 3099 ὲν
682 3049 795 3109 τοῖς
815 3045 1049 3111 πολλοῖς,
1080 3046 1175 3097 καὶ
1201 3045 1261 3097 τὸ
1290 3043 1426 3114 μετά
1456 3044 1526 3096 τὰ
1553 3043 1724 3097 πολλὰ

136 3139 346 3210 μᾶλλον
377 3138 680 3209 δεχόμενος,
712 3140 777 3191 ὲκ
804 3138 1008 3191 τούτων
1040 3139 1134 3191 καὶ
1165 3138 1225 3189 τὸ
1252 3137 1309 3189 ἒν
1340 3139 1599 3206 στοιχεῖον
1619 3135 1726 3189 τῶν

130 3232 352 3285 πολλῶν
375 3234 752 3303 συνίστησιν·ἡ
785 3231 893 3303 γὰρ
916 3231 1161 3304 ἡμετέρα
1191 3231 1423 3293 ἐπίνοια,
1450 3231 1576 3292 τοὺς
1596 3228 1726 3281 πολ-

1756 1975 1798 2032 e
1899 1930 1928 2032 β

1976 1930 2062 1987 lll.
2108 1928 2370 2000 Superius
2412 1929 2631 1997 quidem
2676 1926 2829 1992 dixit,
2890 1940 3059 1981 unum
3104 1924 3408 1994 anticipare

1826 2024 2110 2088 universa;
2146 2024 2308 2076 modo
2348 2030 2529 2074 autem
2580 2018 2712 2073 illud
2758 2019 3091 2073 conﬁrmans
3137 2015 3212 2070 ait
3245 2034 3259 2070 :
3294 2015 3406 2069 Nisi

1826 2115 1968 2169 enim
1998 2115 2149 2183 prius
2180 2112 2518 2182 intelligatur
2547 2113 2753 2177 unitas,
2786 2111 2935 2166 verbi
2961 2111 3161 2181 gratia,
3194 2108 3407 2179 species

1830 2207 2113 2262 hominum
2142 2246 2158 2271 ,
2193 2206 2308 2260 sive
2346 2213 2565 2270 natura,
2594 2217 2751 2258 nemo
2788 2203 3011 2267 dixerit,
3043 2201 3292 2255 homines
3320 2199 3407 2253 in-

1826 2308 1911 2356 ter
1944 2314 2001 2355 se
2027 2299 2358 2370 coniunctos
2404 2312 2526 2353 esse
2574 2295 2871 2352 secundum
2916 2294 3159 2351 eamdem
3200 2303 3410 2348 natura:

1830 2392 2123 2449 rationem.
2160 2392 2403 2447 Dicimus
2435 2392 2641 2461 itaque,
2680 2388 2770 2443 illa
2796 2402 2918 2457 quae
2942 2387 3231 2452 coniuncta
3258 2394 3409 2454 sunt,

1830 2485 1975 2539 uniri
2019 2484 2316 2538 secundum
2363 2480 2626 2550 cujusque
2672 2483 2907 2549 speciem
2954 2486 3409 2548 praeconceptam.

1828 2578 1895 2634 Et
1926 2590 2166 2642 rursum,
2197 2573 2407 2644 species
2439 2581 2493 2626 et
2525 2572 2694 2626 multa
2736 2572 2804 2625 ad
2837 2586 3003 2625 unum
3034 2582 3206 2640 genus
3242 2567 3411 2621 redu-

1827 2678 1937 2732 cta,
1962 2666 2281 2722 describunt
2318 2679 2485 2718 unum
2515 2662 2849 2717 elementum
2882 2661 3121 2730 aliquod,
3170 2670 3227 2714 et
3259 2658 3411 2728 prin-

1829 2762 2033 2830 cipium
2070 2758 2216 2813 illius
2248 2756 2465 2826 generis
2491 2754 2643 2822 cujus
2675 2755 2885 2823 species
2921 2754 3224 2818 exsistunt;
3260 2751 3410 2805 verbi

1828 2856 2003 2925 gratia
2028 2855 2175 2924 equi,
2198 2854 2384 2917 boves,
2411 2852 2679 2915 homines,
2709 2849 2777 2903 ad
2809 2864 2973 2902 unum
3004 2847 3411 2917 quodammodo

1831 2945 2035 3012 animal
2066 2947 2424 3000 reducuntur.
2458 2942 2574 2998 Hoc
2606 2952 2787 2996 autem
2822 2941 2978 3005 dicit,
3013 2956 3118 2993 non
3144 2938 3285 3008 quod
3318 2937 3410 2991 illa

1832 3048 1961 3093 ante
1992 3038 2160 3093 multa
2187 3037 2572 3103 constituatur,
2599 3043 2658 3089 ut
2686 3034 2837 3088 Plato
2862 3034 3165 3095 asserebat,
3206 3024 3411 3094 ideam,

1832 3132 2090 3201 inquam;
2118 3131 2212 3185 sed
2253 3129 2397 3199 quod
2426 3129 2478 3184 in
2515 3127 2723 3191 multis,
2754 3129 2917 3181 etiam
2950 3132 3071 3193 post
3102 3122 3289 3187 multa,
3315 3137 3414 3191 po-

1834 3224 1941 3279 tius
1957 3223 2079 3293 quis
2093 3220 2427 3290 concipiens,
2452 3232 2518 3272 ex
2548 3216 2706 3288 535
2731 3217 2816 3271 bis
2838 3232 3001 3270 unum
3016 3210 3249 3284 'aliqnod
3276 3212 3415 3265 mul-

131 3326 267 3388 λοὺς
295 3327 375 3388 είς
402 3325 529 3396 μίαν
564 3325 869 3393 συνάγουσα
899 3324 1081 3394 φύσιν,
1106 3325 1243 3393 ὅπερ
1272 3323 1490 3385 πάντως
1518 3322 1725 3390 γίνεται

1832 3324 2011 3372 torum
2043 3314 2437 3369 elementorum
2464 3321 2788 3380 componat;
2825 3318 3011 3362 noster
3033 3306 3176 3360 enim
3208 3317 3411 3359 conce-

135 3418 283 3490 μετά
329 3418 399 3471 τὰ
454 3418 624 3472 πολλὰ
669 3418 790 3471 τότε
835 3418 933 3489 τὴν
988 3418 1242 3487 τοιαύτην
1287 3417 1413 3487 μίαν
1465 3415 1624 3484 φύσιν
1655 3414 1731 3479 ὡς

133 3511 341 3563 ὲνιαίόν
393 3528 445 3563 τι
490 3511 746 3580 κατέχει,
796 3510 889 3563 καὶ
934 3509 1137 3579 ταύτην
1185 3508 1555 3579 συναγομένην
1588 3506 1730 3560 οὕτω

136 3603 281 3674 μετὰ
308 3602 376 3655 τὰ
408 3602 577 3656 πολλὰ
598 3602 707 3656 τῶν
741 3603 949 3655 πολλῶν
982 3605 1312 3674 προεπινοεῖ,
1358 3602 1434 3665 ὡς
1463 3599 1574 3653 τῶν
1601 3600 1731 3653 πολ-

132 3695 249 3748 λῶν
270 3694 607 3765 ’συστατικὴν
630 3696 723 3747 καὶ
757 3697 1064 3765 συνοχικήν.
1096 3696 1157 3747 Εἰ
1197 3695 1375 3748 τοίνυν
1420 3694 1729 3765 ἀναιρεθείη

132 3789 201 3840 τὸ
229 3788 309 3853 ἒν,
341 3787 465 3839 οὔτε
496 3787 638 3851 ὅλον,
665 3787 788 3840 οὕτε
822 3788 1006 3859 μόριον
1029 3788 1203 3851 ἔσται,
1233 3787 1268 3841 ἂ
1299 3788 1363 3858 δὴ
1393 3788 1486 3840 καὶ
1512 3787 1730 3850 ένιαίως

134 3879 625 3950 κατονομάζονται·
654 3882 859 3933 τούτων
890 3879 1395 3951 δὲ-ἀναιρεθέντων,
1438 3879 1589 3932 οὐδὲν
1619 3878 1727 3932 τῶν

129 3972 309 4025 ὄντων
343 3971 514 4024 ἔσται.
562 3971 635 4023 Τὸ
675 3971 733 4023 ἓν
783 3972 894 4043 ἀρα
944 3972 1122 4025 πάντα
1173 3971 1453 4035 ἑνοειδῶς,
1487 3971 1728 4043 δηλονότι

134 4065 264 4118 καθ’
296 4065 395 4118 ’ἐνα
422 4065 630 4118 καὶτὸν
661 4065 824 4118 αὑτὸν
870 4065 1044 4133 λόγον’
1085 4064 1206 4118 οὐδὲ
1237 4065 1344 4136 γάρ
1376 4064 1548 4127 ἄλλως
1579 4064 1733 4133 λέγε-

132 4174 231 4210 ται
250 4157 312 4209 τὸ
349 4157 468 4211 ὅλον
512 4157 568 4210 ἓν
616 4158 709 4210 καὶ
740 4156 914 4221 ἄλλως
943 4158 1003 4210 τὸ
1036 4158 1219 4228 μέρος,
1247 4158 1340 4210 καὶ
1368 4156 1542 4219 ἄλλως
1572 4156 1732 4209 τοῦτο

133 4250 237 4302 καὶ¹
267 4248 439 4311 ἄλλως
477 4252 654 4303 ἐκεῖνο
686 4249 1032 4320 προείληφεν,
1066 4248 1177 4302 ἀλλ’
1226 4250 1314 4302 ἵνα
1358 4250 1432 4320 μή
1477 4267 1560 4312 τις
1600 4251 1732 4303 ὑπο-

134 4342 351 4413 πτεύσῃ
369 4342 616 4395 ἐντεῦθεν
633 4342 729 4413 τὴν
754 4343 861 4414 πρὸ
877 4342 986 4396 τῶν
1020 4342 1230 4395 πολλῶν
1252 4342 1415 4406 ἰδέαν,
1446 4344 1599 4414 φησὶ,
1633 4345 1729 4398 καὶ

135 4436 530 4503 προείληφεν,
567 4435 767 4488 ὡσανεὶ
798 4436 878 4487 ὅτι
912 4437 1095 4495 αὐτοῖς
1130 4438 1241 4498 τοῖς
1269 4435 1505 4498 πολλοῖς,
1547 4438 1641 4489 καὶ
1669 4436 1730 4488 οὐ

134 4527 267 4580 καθ’
322 4527 451 4580 αὑτὸ
497 4526 776 4597 θεωρεῖται
820 4528 881 4578 τὸ
922 4527 999 4581 ἓν.
1051 4529 1203 4581 Ἐπεὶ
1240 4529 1418 4581 τοίνυν
1465 4529 1527 4581 τὸ
1568 4528 1626 4581 ἓν
1662 4528 1733 4582 τὰ

137 4619 323 4671 πάντα
353 4635 419 4670 πε
430 4619 767 4689 ριλαμϐάνει,
792 4619 1009 4673 πάντων
1036 4619 1093 4672 δὲ
1124 4620 1353 4690 ποιητὴς
1378 4623 1406 4672 ό
1438 4620 1569 4684 Θεός
1589 4622 1727 4685 ἐστι,

1832 3415 1955 3477 ptus
1983 3407 2113 3459 dum
2161 3404 2329 3458 multa
2370 3403 2423 3456 in
2459 3417 2621 3456 unam
2669 3401 2878 3469 colligit
2931 3407 3210 3462 naturam,
3262 3394 3410 3464 quod

1834 3498 2021 3567 utique
2060 3496 2119 3549 ﬁt
2160 3503 2281 3565 post
2315 3493 2522 3559 multa,
2557 3504 2667 3547 tum
2711 3491 3018 3546 istiusmodi
3063 3503 3227 3542 unam
3254 3498 3418 3542 natu-

1834 3601 1952 3642 ram
2007 3587 2161 3658 quasi
2213 3587 2422 3639 unitam
2471 3584 2854 3653 apprehendit,
2884 3593 2939 3637 et
2994 3581 3241 3637 hancita
3289 3588 3415 3649 post

1834 3680 2004 3736 multa
2064 3688 2406 3734 contractam
2465 3678 2706 3747 concipit
2760 3691 2858 3746 pro
2892 3674 3097 3737 multis,
3152 3684 3411 3743 tanquam

1835 3774 2129 3829 multorum
2158 3770 2573 3827 eonstitutivam
2608 3779 2665 3823 et
2691 3768 3108 3836 complexivam.
3135 3767 3194 3822 Si
3227 3767 3414 3835 itaque

1833 3882 2000 3919 unum
2046 3865 2289 3931 tollatur,
2320 3878 2498 3933 neque
2530 3872 2725 3927 totum,
2758 3875 2933 3929 neque
2984 3875 3112 3926 pars
3162 3860 3414 3924 exsistet,

1832 3972 1951 4027 quae
1999 3956 2188 4026 utique
2226 3956 2393 4010 etiam
2440 3956 2592 4009 unite
2630 3953 3052 4010 denominatur;
3095 3952 3183 4005 his
3229 3961 3412 4004 autem

1832 4050 2082 4115 sublatis,
2119 4048 2261 4102 nulla
2307 4063 2395 4102 res
2420 4047 2668 4103 exsistet.
2721 4045 2896 4101 Unum
2927 4059 3059 4115 ergo
3099 4055 3184 4099 est
3226 4045 3410 4098 omnia

1834 4139 2202 4205 uniformiter,
2230 4140 2281 4193 id
2312 4151 2397 4194 est
2428 4140 2730 4193 secundum
2763 4154 2927 4191 unam
2958 4150 3015 4192 et
3042 4138 3288 4192 eamdem
3323 4153 3413 4191 ra-

1833 4235 2074 4298 tionem;
2126 4247 2300 4300 neque
2338 4232 2482 4286 enim
2530 4230 2694 4284 aliter
2745 4239 2919 4284 totum
2978 4239 3033 4284 et
3080 4230 3239 4284 aliter
3287 4245 3416 4299 pars

1834 4325 1963 4396 quid
1995 4340 2160 4378 unum
2194 4324 2418 4389 dicitur,
2445 4338 2623 4393 neque
2657 4323 2821 4377 aliter
2846 4323 2949 4377 hoc
2995 4331 3050 4377 et
3092 4322 3252 4376 aliter
3280 4321 3416 4376 illud

1836 4417 2182 4482 anticipavit,
2242 4418 2337 4469 sed
2389 4429 2459 4469 ne
2513 4416 2637 4484 quis
2684 4416 2810 4470 hinc
2856 4417 3185 4485 Opinaretur
3236 4416 3415 4471 ideam

1834 4514 2125 4580 quamdam
2166 4519 2293 4564 ante
2344 4510 2535 4575 multa,
2594 4510 2741 4579 addit
2791 4509 3216 4577 comprehendit,
3267 4511 3415 4579 quod

1836 4607 2237 4677 quodammodo
2266 4606 2398 4660 illud
2429 4620 2596 4659 unum
2630 4619 2742 4659 non
2782 4604 3079 4659 secundum
3111 4618 3189 4671 se,
3235 4606 3329 4658 sed
3360 4604 3415 4658 in

137 4712 236 4763 καὶ
268 4712 333 4763 ὲκ
365 4712 580 4763 πάντων
607 4711 928 4781 ὀνομάζεται
958 4712 1033 4774 ὼς
1055 4712 1225 4775 αἴτιος
1246 4712 1432 4767 ἐκτῶν
1451 4713 1725 4779 αίτιατῶν,

1839 4699 2025 4775 multis
2058 4699 2166 4754 illis
2219 4699 2583 4768 concipiatur.
2620 4696 2753 4750 Cum
2791 4698 2976 4765 itaque
3011 4713 3176 4751 unum
3233 4697 3416 4752 omnia

135 4804 368 4864 εἰκότως
400 4804 492 4856 καὶ
522 4806 586 4874 τῇ
618 4804 713 4856 τοῦ
748 4803 864 4867 ἑνὸς
889 4804 1176 4875 ἐπωνυμίᾳ
1204 4806 1474 4875 ὑμνεῖται,
1500 4806 1528 4858 ὃ
1551 4805 1615 4876 δὴ
1637 4806 1731 4860 καὶ

136 4899 207 4949 ὲκ
250 4896 346 4948 τοῦ
394 4896 754 4949 ἀποστολικοῦ
796 4896 959 4967 ῥητοῦ
995 4897 1329 4968 παρίστησι,
1374 4898 1593 4962 πάντως
1645 4896 1734 4950 διὰ

136 4987 246 5058 τὴν
278 4987 540 5058 ἀμέρειαν
565 4988 665 5058 τῆς
690 4986 958 5059 ἑνότητός,
984 4989 1064 5041 ὅτι
1094 4990 1187 5042 καὶ
1216 4990 1275 5042 τὸ
1298 4990 1356 5043 ἒν
1388 4991 1613 5061 ἀμερὲς,
1639 4990 1734 5043 καὶ

138 5081 324 5136 πάντα
356 5082 413 5133 ὲν
436 5080 514 5149 τῷ
540 5080 659 5151 Θεῴ
703 5081 1048 5151 περιέχονται
1089 5082 1230 5135 κατά
1257 5082 1354 5152 τὴν
1384 5083 1479 5135 τοῦ
1510 5083 1628 5146 ἐνὸς
1660 5085 1736 5135 εἰ-

140 5174 310 5226 κόνα·
348 5175 430 5225 ὅτι
463 5174 641 5227 πάντα
672 5177 768 5228 καὶ
804 5176 860 5227 ἐν
882 5175 1029 5244 αὐτῷ
1065 5177 1429 5246 περιέχονται,
1462 5175 1601 5246 πλὴν
1646 5177 1734 5227 ὲν-

136 5264 319 5317 ταῦθα
345 5267 441 5335 μὲν
467 5266 541 5329 ὡς
572 5268 629 5319 ὲν
660 5267 907 5338 στοιχείῳ
931 5268 1024 5320 καὶ
1053 5268 1211 5337 φύσει
1232 5308 1245 5333 ,
1279 5269 1369 5321 ἐπὶ
1410 5268 1466 5321 δὲ
1492 5267 1627 5320 Θεοῦ
1656 5268 1732 5331 ὡς

138 5359 202 5408 ὲν
249 5356 406 5425 αἰτίῳ
448 5359 714 5429 ποιητικῷ
748 5360 843 5412 καὶ
882 5360 1243 5430 ὑπεροχικῶς.
1288 5360 1379 5430 Τῷ
1412 5360 1471 5412 δὲ
1519 5361 1620 5428 ὑφ’
1652 5359 1728 5427 ἧς

138 5449 239 5501 καὶ
266 5449 335 5512 ἐξ
381 5448 456 5516 ἧς
484 5451 544 5502 τὸ
571 5452 703 5505 ἐστι
743 5452 838 5504 καὶ
882 5452 944 5504 τὸ
985 5452 1381 5506 συντέτακται
1413 5452 1732 5525 ἀρμοστέονο

136 5542 238 5594 καὶ
269 5541 348 5609 τῷ
385 5542 457 5595 δι’
497 5542 573 5612 ἧς
609 5546 703 5597 καὶ
747 5546 818 5598 ἐν
858 5544 897 5612 ᾖ
936 5546 997 5598 τὸ
1029 5545 1197 5614 μένει
1258 5548 1351 5599 καὶ
1393 5543 1731 5614 συνέχεταιο

139 5633 239 5685 καὶ
269 5633 348 5704 τῷ
372 5636 458 5701 εὶς
493 5635 574 5703 ἢν
616 5638 677 5689 τὸ
704 5637 1156 5705 ἀποπληροῦται
1187 5640 1280 5691 καὶ
1316 5637 1734 5705 ἐπιστρέφεται

136 5725 453 5791 ἀποδοτέον,
480 5732 528 5782 εἰ
567 5730 660 5783 καὶ
700 5733 727 5783 ὀ
766 5731 950 5802 πατὴρ
993 5733 1082 5800 ὑφ’
1108 5732 1166 5785 ἒν
1191 5732 1257 5784 τὰ
1292 5733 1511 5803 ῥήματα
1551 5730 1726 5794 ἔταξε.

138 5818 255 5871 Καὶ
281 5820 378 5873 οὐκ
408 5820 471 5875 ἂν
500 5820 678 5892 εὕροις
707 5841 759 5876 τι
792 5825 896 5877 τῶν
937 5824 1124 5893 ὄντων,
1152 5825 1179 5877 ὃ
1209 5825 1281 5894 μὴ
1315 5826 1371 5877 ὲν
1402 5824 1477 5894 τῷ
1506 5825 1603 5889 ένὶ,
1637 5824 1729 5878 καὶ

1834 4789 2249 4861 complectatur,
2286 4792 2530 4847 omnium
2563 4804 2697 4845 vero
2714 4802 2930 4845 creator
2955 4790 3027 4843 sit
3062 4790 3226 4855 Deus,
3262 4800 3317 4844 et
3344 4806 3415 4843 ex

1835 4886 2088 4941 omnibus
2120 4884 2331 4939 elTectis
2368 4894 2427 4938 ut
2457 4897 2624 4939 causa
2650 4884 2990 4948 nominetur,
3027 4884 3227 4937 merito
3246 4885 3413 4938 etiam

1835 4981 1995 5033 unius
2048 4978 2269 5031 nomine
2321 4977 2651 5044 celebratur,
2686 4977 2831 5045 quod
2865 4979 3029 5031 etiam
3074 4991 3142 5032 ex
3196 4984 3418 5046 aposto—

1836 5073 1941 5128 lico
1975 5073 2122 5127 dicto
2156 5073 2372 5141 probat,
2407 5073 2630 5125 omnino
2652 5112 2667 5137 ,
2704 5079 2925 5141 propter
2958 5072 3184 5127 unitatis
3218 5070 3419 5127 indivi-

1837 5166 2176 5230 sibilitatem,
2214 5181 2379 5219 unum
2413 5163 2576 5217 etiam
2606 5164 2897 5218 indivisum
2923 5172 2977 5219 et
3010 5164 3193 5218 omnia
3230 5165 3282 5217 in
3306 5162 3418 5218 Deo

1839 5259 2111 5315 contineri
2170 5259 2471 5313 secundum
2534 5256 2827 5325 imaginem
2894 5258 3095 5322 unius;
3156 5257 3416 5323 quoniam

1839 5352 2021 5408 omnia
2083 5351 2247 5405 etiam
2299 5351 2353 5405 in
2420 5350 2539 5419 ipso
2598 5350 2974 5415 continentur,
3041 5357 3416 5403 verumtamen

1841 5457 2101 5517 tanquam
2147 5448 2202 5501 in
2234 5447 2503 5503 elemento
2551 5457 2607 5503 et
2640 5457 2864 5511 natura,
2899 5447 2955 5499 in
2994 5446 3103 5498 Deo
3137 5457 3267 5496 vero
3294 5450 3418 5494 tan-

1839 5556 2003 5611 quam
2029 5555 2191 5595 causa
2226 5540 2515 5607 elﬁciente,
2549 5551 2604 5596 et
2634 5541 2955 5594 eminenter.
2989 5537 3202 5591 Voculae
3233 5545 3417 5588 autem

1836 5653 1869 5689 α
1906 5651 2011 5703 qua
2047 5643 2103 5689 et
2135 5650 2200 5689 ea:
2238 5650 2343 5705 qua
2384 5632 2579 5691 referri
2615 5633 2815 5687 debent
2849 5633 2918 5685 ad
2951 5641 3072 5685 sunt
3110 5640 3166 5683 et
3200 5646 3414 5698 compa-

1837 5737 2062 5798 mmtur;
2085 5744 2179 5797 per
2212 5745 2369 5798 quam
2394 5744 2525 5784 vero
2558 5737 2614 5784 et
2644 5728 2700 5780 in
2721 5745 2843 5797 qua,
2872 5727 2938 5781 ad
2973 5733 3185 5779 manent
3207 5735 3262 5777 et
3285 5740 3414 5777 con-

1833 5824 2063 5877 tinentur
2085 5838 2104 5888 ;
2135 5831 2187 5879 et
2216 5823 2284 5879 ad
2310 5839 2467 5893 quam
2492 5824 2558 5881 ad
2590 5823 2914 5893 comptentur
2940 5829 2994 5878 et
3020 5830 3413 5886 convertuntur,
