3866 6232
446 275 543 330 991

1583 268 1638 325 S.
1679 265 1979 323 DIONYSII
2014 263 2475 323 AREOPAGITxE

3601 256 3717 310 99‘!

447 393 545 447 etsi
585 389 748 444 Pater
784 388 1102 459 singillatim
1138 398 1194 443 et
1216 388 1378 442 simul
1396 388 1557 443 verba
1585 388 1890 443 collocarit.
1921 387 2018 442 Ne-

2138 384 2239 436 Ξστι
2281 380 2439 434 τοῦτο
2476 381 2611 451 ὅπερ
2644 379 2808 440 ὲστίν,
2844 377 2862 447 (
2882 375 3025 430 οὕτω
3062 374 3172 445 γὰρ
3216 371 3542 426 συντακτέον
3584 373 3715 424 καθ’

447 498 553 551 que
585 482 885 550 quidquam
921 478 1182 547 reperies.
1216 479 1360 547 quod
1392 493 1499 532 non
1529 478 1583 531 in
1617 492 1727 531 uno
1748 477 1913 530 etiam
1951 477 2024 531 sit

446 555 499 629 id
530 573 677 642 quod
722 583 807 628 est
835 572 939 642 (sic
966 572 1111 625 enim
1151 586 1247 641 per
1274 571 1609 640 hyperbaton
1645 570 1887 624 construi
1920 571 2020 626 de-

448 666 559 730 bet)
594 674 651 720 et
696 664 1047 735 perﬁciatur,
1096 672 1151 719 et
1199 671 1592 726 conservetur,
1652 662 1705 715 in
1758 672 2023 730 quantum

448 772 614 811 unum
641 763 695 810 et
726 754 983 809 divinitas
1013 753 1569 824 superessentialiter,
1596 753 1739 808 sicut
1770 753 1935 808 etiam
1969 753 2023 807 in

448 849 571 902 aliis
620 847 951 902 nominatur.
986 845 1104 900 Non
1148 847 1393 901 absolute
1427 858 1556 900 vero
1589 846 1733 900 omni
1771 861 1901 910 uno,
1937 861 2025 901 se-

448 939 681 993 cundum
703 944 846 1007 quod
880 937 1025 993 Deus
1060 954 1200 993 unus
1233 948 1283 993 et
1320 954 1484 992 unum
1522 949 1896 1007 nuncupatur;
1923 940 2025 992 hoc

447 1028 591 1081 enim
625 1043 732 1082 uno
765 1027 883 1082 solo
918 1042 1007 1082 res
1032 1029 1325 1092 exsistunt,
1360 1037 1414 1082 et
1445 1037 1661 1098 oportet
1710 1027 1878 1082 etiam
1928 1042 2026 1082 nos

448 1120 654 1175 idcirco
700 1136 730 1174 a
784 1122 1011 1185 multis,
1067 1122 1231 1176 etiam
1266 1120 1456 1176 divisis
1488 1120 1913 1191 cognitionibus,
1959 1121 2024 1174 ad

448 1230 658 1279 unum,
700 1214 847 1283 quod
904 1214 1148 1268 omnium
1205 1228 1369 1267 causa
1418 1221 1524 1275 est,
1581 1213 1832 1268 converti
1881 1212 2025 1282 quod

447 1308 609 1361 etiam
658 1316 785 1361 ante
822 1321 985 1360 omne
1018 1321 1182 1360 unum
1228 1315 1332 1371 est,
1382 1305 1591 1360 scilicet
1638 1318 1767 1359 ante
1808 1320 2024 1359 omnem

449 1411 725 1464 naturam,
779 1408 833 1453 et
877 1408 1007 1452 ante
1061 1412 1282 1452 omnem
1335 1398 1764 1461 multitudinem,
1816 1395 2030 1452 scilicet

448 1502 666 1541 omnem
682 1486 997 1557 singillatim
1026 1502 1039 1551 ;
1075 1488 1175 1542 hoc
1204 1488 1351 1545 enim
1381 1503 1547 1542 unum
1574 1503 1749 1557 neque
1771 1503 2024 1557 parvum,

449 1594 626 1647 neque
662 1579 933 1635 mediocre
967 1589 1212 1636 vocatur.
1251 1580 1390 1647 Quin
1415 1582 1605 1647 etiam,
1637 1582 1683 1635 si
1719 1582 2026 1637 audendum

450 1671 541 1735 sit,
575 1686 751 1739 neque
774 1670 1079 1740 pulchrum,
1107 1688 1281 1741 neque
1311 1674 1510 1727 bonum
1537 1692 1549 1725 :
1576 1674 1691 1728 hazc
1717 1674 1862 1728 enim
1892 1690 2030 1743 quo-

450 1854 657 1921 dentia,
690 1854 864 1922 ipsum
905 1869 1033 1908 vero
1072 1855 1175 1911 hoc
1200 1873 1363 1910 unum
1398 1856 1562 1910 etiam
1595 1871 1758 1923 supra
1796 1856 1909 1911 haec
1941 1857 2025 1911 in-

451 1945 743 2016 telligitur;
779 1944 1096 2000 aﬂectiones
1117 1962 1268 2012 vero,
1294 1957 1353 2002 ut
1377 1962 1604 2017 parvum
1643 1946 1808 2020 536
1835 1957 1889 2001 et
1919 1963 2030 2003 me-

450 2038 659 2102 diocre,
695 2038 861 2092 etiam
891 2052 1014 2091 cum
1043 2038 1201 2103 aliis,
1241 2054 1337 2093 seu
1377 2038 1746 2105 dependenter
1777 2039 1846 2093 ab
1883 2037 2027 2104 aliis,

452 2130 849 2200 intelliguntur.
887 2129 1033 2201 Ergo
1080 2148 1249 2187 unum
1296 2131 1426 2186 illud
1474 2131 1703 2200 simplex
1737 2141 1792 2185 et
1834 2146 2031 2200 expers

450 2223 822 2287 all‘ectionum,
847 2241 1023 2295 neque
1041 2234 1297 2294 tanquam
1321 2241 1491 2295 genus
1510 2240 1690 2280 rerum
1716 2226 2029 2294 ponendum

453 2312 680 2383 (genera
714 2318 857 2369 enim
882 2317 1104 2371 omnino
1157 2316 1471 2371 dividuntur
1513 2317 1566 2371 in
1598 2314 1829 2384 species)
1856 2330 2033 2385 neque

454 2416 756 2472 punctum,
812 2423 988 2477 neque
1042 2411 1263 2478 pr0prie
1319 2425 1539 2472 monas,
1593 2409 1682 2463 illa
1719 2411 1863 2465 enim
1895 2423 2031 2464 con-

454 2500 743 2555 nexionem
770 2500 977 2556 habent
1012 2517 1136 2556 cum
1170 2503 1555 2571 sequentibus;
1590 2503 1693 2557 hoc
1736 2514 1919 2559 autem
1947 2512 2033 2559 est

452 2590 940 2661 simplicissimum.
977 2593 1083 2648 Sed
1122 2609 1298 2663 neque
1331 2595 1459 2649 illud
1492 2610 1659 2649 unum
1690 2610 1790 2652 ens
1814 2596 2034 2665 aliquod

453 2686 801 2740 statuendum
827 2696 947 2750 est,
995 2685 1089 2742 sed
1130 2687 1337 2740 entium
1389 2686 1740 2755 principium,
1771 2692 2031 2757 quoniam

456 2779 507 2831 id
530 2778 673 2846 quod
702 2787 809 2839 est,
842 2779 1079 2832 essentia
1119 2787 1225 2842 est,
1250 2792 1280 2831 a
1310 2778 1474 2833 verbo
1499 2793 1641 2843 esse,
1675 2779 1817 2835 Deus
1850 2788 2032 2835 autem

454 2869 939 2938 supraessentialis
970 2880 1075 2935 est,
1104 2880 1159 2925 et
1193 2884 1356 2933 supra
1393 2871 1443 2924 id
1461 2872 1606 2939 quod
1627 2880 1742 2936 est;
1775 2872 2033 2941 quocirca

454 2962 619 3014 etiam
672 2977 836 3031 supra
871 2976 1090 3016 onmem
1140 2964 1474 3027 terminum,
1508 2972 1564 3017 et
1612 2979 1776 3032 supra
1815 2980 2035 3019 omnem

457 3055 782 3110 inﬁnitatem
813 3058 1070 3123 exsistit,
1111 3064 1167 3111 et
1220 3057 1349 3110 illud
1381 3057 1556 3127 ipsum
1595 3072 1717 3114 esse
1744 3059 1955 3125 delinit,
1980 3070 2036 3113 et

456 3152 617 3205 unice
655 3166 819 3205 causa
847 3160 951 3217 est,
980 3150 1031 3204 id
1062 3161 1148 3205 est
1176 3126 1487 3206 eminenter
1514 3162 1568 3207 et
1604 3154 2029 3220 inimitabiliter,
2062 3126 2103 3182 C

458 3252 569 3297 tam
601 3243 847 3298 omnium
896 3260 1078 3298 rerum
1109 3260 1271 3314 quam
1306 3253 1543 3300 totorutn
1574 3246 1847 3311 omnium,
1888 3248 2035 3302 scili-

456 3344 547 3390 cet
575 3336 953 3406 integrorum;
995 3346 1050 3390 et
1097 3336 1258 3391 simul
1284 3336 1448 3391 etiam
1480 3347 1607 3392 ante
1645 3340 1829 3392 omnia
1859 3349 1915 3394 et
1942 3356 2035 3393 su-

457 3444 555 3497 pra
596 3428 778 3486 omnia
831 3438 1089 3499 tanquam
1134 3445 1322 3485 causa.
1368 3428 1447 3484 Ne
1479 3431 1663 3500 itaque
1711 3432 1843 3486 illud
1878 3433 2036 3486 simul

458 3523 782 3591 quibusdam
832 3521 1171 3577 contrarium
1220 3524 1473 3579 videatur
1508 3524 1574 3578 iis
1608 3540 1729 3593 quae
1775 3541 1807 3579 a
1852 3527 2035 3580 divina

462 3614 751 3683 Scriptura
777 3614 923 3667 dicta
950 3621 1098 3677 sunt,
1126 3613 1269 3685 quod
1296 3614 1539 3683 qualibet
1568 3616 1655 3669 die
1687 3616 1788 3670 hoc
1820 3625 1875 3670 et
1904 3617 2036 3671 illud

461 3709 737 3763 creaverit
762 3720 817 3763 et
837 3709 1176 3778 produxerit.
1208 3706 1382 3761 Simul
1418 3708 1581 3775 dixit,
1614 3712 1912 3764 secundum
1937 3711 2039 3763 vir-

464 3811 632 3855 tutem
680 3804 981 3868 creatoris;
1026 3812 1243 3872 poterat
1286 3804 1450 3857 etiam
1503 3805 1555 3857 in
1600 3813 1871 3858 momento
1904 3815 2038 3858 tem-

462 3896 613 3963 poris
633 3896 812 3949 omnia
837 3896 1159 3963 producere,
1190 3898 1649 3954 quemadmodum
1683 3912 1900 3968 quoque
1923 3912 2039 3951 ma-

466 4003 608 4055 gnus
641 3986 1071 4057 Chrysostomus
1102 3988 1168 4041 de
1200 3989 1299 4043 hac
1332 4004 1388 4043 re
1432 3992 1617 4044 sentit.
1652 3989 1719 4043 Et
1752 4005 1917 4059 supra
1962 3991 2041 4060 ip-

464 4095 583 4133 sum
614 4097 780 4134 unum
819 4081 959 4137 Deus
984 4092 1089 4148 est,
1124 4093 1181 4136 ut
1210 4083 1304 4151 qui
1330 4097 1493 4152 supra
1519 4083 1703 4137 omnia
1733 4084 1959 4147 eminet,
1985 4092 2043 4138 et

464 4188 626 4228 cunne
674 4188 771 4228 ens
810 4175 938 4242 quid
985 4189 1149 4228 unum
1206 4175 1435 4241 definit;
1492 4190 1616 4229 nam
1666 4176 1717 4229 id
1762 4174 1906 4244 quod
1958 4180 2043 4228 est

465 4282 659 4329 unum,
686 4267 897 4321 numeri
931 4265 1423 4322 manifestationem
1470 4268 1675 4331 habet,
1712 4281 1834 4320 cum
1875 4264 2040 4320 alicui

466 4360 545 4411 rei
577 4360 889 4428 apponitur.
921 4360 1063 4428 Ergo
1093 4376 1260 4414 unum
1298 4364 1351 4415 in
1384 4360 1562 4423 rebus,
1590 4360 1641 4413 id
1684 4368 1773 4413 est
1816 4369 2039 4413 creatu-

2125 474 2471 546 ὑπερὸατόν·)
2504 475 2596 527 καὶ
2630 470 2965 535 τελειοῦται,
3012 468 3107 523 καὶ
3135 465 3454 529 διασώζεται
3476 503 3492 527 ,
3529 464 3657 516 καθ’
3689 464 3721 514 ὃ

2125 568 2182 621 ἓν
2211 570 2305 621 καὶ
2340 570 2374 639 ἡ
2422 567 2614 635 θεότης
2654 564 3014 635 ύπερουσίως,
3058 561 3133 623 ὼς
3178 561 3273 612 καὶ
3300 560 3355 610 ὲν
3384 560 3496 620 τοῖς
3528 556 3719 619 ἄλλοις

2123 658 2467 729 ὀνομάζεται.
2500 658 2615 712 Ούκ
2641 656 2925 718 ἀπολύτως
2952 654 3010 707 δὲ
3039 653 3203 707 παντὶ
3231 651 3332 713 ἑνὶ,
3363 650 3485 703 καθ’
3516 648 3549 701 ὃ
3580 648 3722 711 Θεὸς

2125 746 2206 815 εἷς
2235 753 2329 805 καὶ
2370 750 2427 803 ἒν
2470 749 2813 820 ὀνομάζεται·
2865 744 3038 815 τούτῳ
3084 744 3192 815 γὰρ
3229 743 3373 814 μόνῳ
3408 740 3485 811 τῷ
3527 742 3612 793 ἑνὶ
3648 740 3725 794 τὰ

2126 844 2251 896 ὄντα
2284 843 2421 905 ἐστὶ,
2452 842 2545 895 καὶ
2570 841 2676 912 χρὴ
2712 840 2805 893 καὶ
2832 840 2980 909 ἡμᾶς
3016 836 3102 890 διὰ
3122 834 3281 888 τοῦτο
3308 833 3417 887 ἀπὸ
3442 833 3555 886 τῶν
3589 832 3725 885 πολ-

2126 936 2231 987 λῶν
2265 936 2360 988 καὶ
2384 932 2799 1003 ἐσκεδασμένων
2819 930 3075 999 γνώσεων
3103 928 3196 980 ἐπὶ
3215 926 3275 979 τὸ
3296 926 3514 979 πάντων
3544 926 3725 978 αἴτιον

2127 1027 2184 1080 ἒν
2216 1024 2636 1097 ἐπιστρέφεσθαι
2660 1066 2675 1090 ,
2726 1024 2864 1094 ὅπερ
2915 1022 3030 1074 ἐστὶ
3075 1020 3169 1075 καὶ
3209 1019 3316 1089 πρὸ
3343 1017 3549 1079 παντὸς
3576 1016 3724 1081 ἑνὸς,

2124 1118 2365 1189 δηλονότι
2388 1117 2493 1189 πρὸ
2514 1117 2695 1187 πάσης
2725 1116 2960 1186 φύσεως,
2983 1115 3077 1167 καὶ
3098 1113 3203 1183 πρὸ
3232 1112 3432 1173 παντὸς
3450 1108 3725 1179 πλήθους,

2126 1212 2367 1282 δηλονότι
2400 1212 2599 1274 παντὸς
2638 1208 2732 1262 τοῦ
2783 1208 2901 1262 καθ’
2942 1208 3187 1261 ἕκαστον·
3235 1205 3393 1258 τοῦτο
3415 1203 3529 1273 γὰρ
3570 1202 3635 1254 τὸ
3666 1201 3727 1253 ἓν

2127 1305 2249 1358 οὔτε
2281 1306 2473 1377 μικρὸν
2502 1303 2625 1357 οὕτε
2661 1304 2878 1374 μέτριον
2902 1302 3163 1355 καλεῖται.
3186 1301 3249 1353 Εἰ
3279 1300 3337 1352 δὲ
3363 1298 3445 1352 δεῖ
3476 1296 3579 1351 καὶ
3603 1296 3729 1349 τολ-

2132 1398 2326 1467 μῆσαι,
2354 1396 2479 1449 οὔτε
2500 1397 2665 1449 καλὸν
2691 1395 2814 1449 οὕτε
2837 1395 3056 1464 ἀγαθόν·
3080 1394 3252 1448 ταῦτα
3279 1393 3387 1465 γὰρ
3418 1393 3572 1463 πάθη
3606 1408 3731 1454 πως
3832 1404 3833 1467 γ

2128 1484 2239 1541 οἶόν
2264 1490 2368 1541 εἰσι
2400 1489 2495 1542 καὶ
2525 1488 2760 1557 σχέσεις,
2785 1488 2880 1540 καὶ
2903 1486 3306 1557 συμϐεϐηκότα,
3336 1486 3471 1540 αὐτὸ
3485 1486 3550 1537 δὲ
3578 1485 3641 1537 τὸ
3670 1487 3733 1536 ἓν

2130 1582 2226 1635 καὶ
2256 1581 2398 1653 ὑπὲρ
2431 1580 2603 1634 ταῦτα
2646 1583 2869 1633 νοεῖται·
2914 1579 2981 1632 τὰ
3024 1579 3080 1632 δὲ
3118 1578 3286 1649 παθη,
3319 1578 3394 1641 ὡς
3421 1578 3480 1630 τὸ
3527 1578 3735 1648 μικρὸν

2132 1675 2225 1727 καὶ
2272 1674 2333 1726 τὸ
2391 1672 2631 1744 μέτριον,
2685 1674 2779 1725 καὶ
2827 1673 2924 1725 σὺν
2981 1671 3159 1734 ἄλλοις
3202 1670 3464 1724 νοοῦνται.
3502 1669 3585 1721 Τὸ
3632 1666 3731 1721 οὖν
3832 1666 3833 1701 3

450 1762 747 1817 dammodo
778 1762 1097 1818 aﬂ‘ectiones
1130 1774 1280 1829 sunt,
1315 1772 1370 1817 et
1404 1764 1771 1831 habitudines,
1804 1773 1858 1818 et
1883 1765 2030 1819 acci-

2138 1766 2333 1819 ἀπλοῦν
2366 1766 2459 1819 καὶ
2480 1764 2689 1828 ἀπαθὲς
2719 1766 2777 1818 ἓν
2806 1763 2929 1818 οὔτε
2956 1764 3031 1827 ὡς
3060 1764 3215 1833 γένος
3262 1762 3443 1815 θετέον
3494 1761 3613 1814 τῶν
3644 1762 3730 1814 όν-

2132 1876 2259 1924 των,
2290 1858 2378 1929 (τὰ
2392 1857 2643 1930 γάργένη
2660 1857 2990 1928 διαιροῦνται
3021 1859 3097 1919 είς
3124 1856 3191 1909 τὰ
3220 1855 3379 1925 εἴδη·)
3402 1853 3532 1907 οὔτε
3570 1872 3728 1922 στιγ-

2133 1951 2259 2022 μὴν,
2313 1948 2436 2004 οὔτε
2487 1950 2690 2021 μονάδα
2736 1952 2959 2022 κυρίως,
3010 1951 3193 2020 σχέσιν
3233 1949 3340 2020 γάρ
3397 1947 3516 2017 ἔχει
3560 1948 3736 2001 ταῦτα

2133 2043 2272 2114 πρὸς
2300 2042 2369 2095 τὰ
2398 2042 2616 2113 ἐφεξῆς·
2650 2043 2711 2095 τὸ
2741 2043 2797 2096 δέ
2827 2045 2973 2097 ἐστιν
2998 2042 3386 2096 ἁπλούστατον.
3427 2040 3576 2094 Ἀλλ’
3608 2040 3733 2092 οὔτε

2130 2132 2189 2187 δν
2218 2134 2398 2188 θετέον
2418 2136 2549 2190 αὐτὸ
2576 2136 2638 2189 τὸ
2664 2135 2742 2201 ἓν,
2770 2135 2883 2189 ἀλλ’
2907 2136 3083 2208 ἀρχὴν
3104 2136 3289 2189 ὀντων·
3319 2135 3413 2189 καὶ
3438 2134 3502 2187 τὸ
3535 2134 3602 2186 ὃν
3624 2134 3735 2203 γὰρ

2132 2226 2290 2279 οὐσία
2322 2228 2488 2295 ἐστὶν,
2511 2228 2620 2281 ἀπὸ
2640 2226 2735 2281 τοῦ
2756 2229 2926 2281 εἶναι·
2958 2231 2987 2282 6
3006 2228 3061 2281 δὲ
3090 2228 3222 2291 Θεὸς
3251 2226 3610 2297 ὑπερούσιος,
3642 2227 3735 2278 καὶ

2135 2320 2275 2390 ὑπὲρ
2302 2321 2363 2373 τὸ
2390 2319 2469 2383 ὂν,
2498 2319 2585 2373 διὰ
2616 2320 2772 2373 τοῦτο
2792 2322 2886 2373 καὶ
2918 2320 3061 2390 ὑπὲρ
3086 2319 3263 2372 πάντα
3290 2320 3440 2390 ὅρον,
3469 2318 3571 2370 καὶ
3594 2318 3736 2388 ὑπὲρ

2136 2415 2317 2467 πᾶσαν
2362 2414 2643 2484 ἀοριστίαν
2680 2412 2818 2476 ἐστὶ,
2861 2413 2956 2465 καὶ
2987 2412 3119 2465 αὐτὸ
3145 2411 3205 2464 τὺ
3235 2408 3371 2464 εἶναι
3398 2408 3609 2480 ὁρίζει,
3645 2410 3736 2462 καί

2138 2507 2310 2561 αἴτιόν
2352 2507 2500 2560 ἐστιν
2535 2506 2750 2569 ἑνικῶς,
2791 2505 3033 2577 δηλονότι
3061 2505 3352 2575 ἐξαιρέτως
3383 2503 3480 2556 καὶ
3507 2503 3732 2573 ἀμιμή-

2136 2601 2372 2663 τως,κα”ί
2386 2600 2601 2654 πάντων
2629 2598 2737 2652 τῶν
2761 2598 2949 2665 ὄντων,
2978 2600 3072 2651 καὶ
3088 2598 3225 2651 ὅλων
3254 2597 3501 2661 πάντων,
3542 2595 3737 2665 δηλον-

2135 2695 2217 2747 ότι
2251 2694 2585 2765 ὁλοκλήρων·
2627 2694 2718 2746 καὶ
2755 2691 2872 2761 ἅμα
2904 2694 2998 2745 καὶ
3040 2692 3147 2762 πρὸ
3186 2691 3423 2753 πάντων,
3464 2690 3567 2743 καί
3597 2691 3739 2760 ὑπὲρ

2138 2787 2315 2840 πάντα
2343 2786 2418 2849 ὡς
2446 2785 2636 2839 αἴτιον.
2672 2784 2764 2856 Μὴ
2787 2784 2916 2853 γοῦν
2945 2784 3071 2854 δόξῃ
3096 2784 3233 2835 τισὶν
3252 2783 3499 2835 ἐναντίον
3529 2783 3597 2834 τὸ
3618 2782 3737 2851 ἅμα

2137 2878 2355 2947 πρὸςτά
2379 2877 2528 2949 παρά
2560 2878 2658 2948 τῆς
2688 2876 2836 2939 θείας
2859 2876 3083 2947 Γραφῆς
3111 2874 3394 2946 εἰρημένα,
3418 2874 3507 2927 ὃτι
3532 2873 3598 2927 ἐν
3642 2875 3738 2944 μιᾷ

2139 2970 2343 3040 ἑκάστῃ
2373 2971 2558 3041 ἡμέρα
2593 2970 2710 3022 τόδε
2744 2986 2797 3021 τι
2836 2968 3237 3039 ἐδημιούργησε
3274 2966 3367 3019 καὶ
3391 2965 3731 3036 ῦπέστησεν.

2142 3063 2296 3131 ’Ἅμα
2330 3058 2479 3124 εἷπε,
2517 3062 2657 3115 κατά
2685 3060 2782 3131 τὴν
2817 3060 2910 3113 τοῦ
2944 3058 3168 3130 ποιητοῦ
3200 3058 3454 3128 δύναμιν·
3501 3057 3735 3127 ἠδύνατο

2141 3154 2251 3225 γὰρ
2286 3156 2380 3207 καὶ
2406 3157 2461 3207 ὲν
2491 3156 2755 3226 ἀκαριαίᾳ
2782 3152 2974 3224 καιροῦ
2996 3155 3133 3224 ῥοπῇ
3159 3151 3227 3204 τὰ
3244 3151 3423 3205 πάντα
3458 3152 3733 3220 συστήσα-

2142 3245 2286 3309 σθαι,
2330 3245 2512 3309 καθὼς
2555 3247 2651 3300 καὶ
2687 3247 2716 3297 6
2760 3246 2935 3316 μέγας
2982 3243 3334 3314 διαλαμῦἀνει
3373 3244 3507 3313 περὶ
3542 3244 3733 3295 τούτου

2140 3337 2541 3408 Χρυσόστομος.
2595 3338 2706 3391 Καὶ
2752 3338 2894 3408 ὑπὲρ
2940 3336 3073 3390 αὐτὸ
3106 3336 3168 3389 τὸ
3198 3335 3256 3387 ἓν
3283 3337 3313 3387 6
3342 3335 3500 3400 Θεὸς,
3531 3334 3613 3397 ὡς
3644 3336 3735 3387 καὶ

2141 3430 2315 3483 πάντα
2337 3431 2638 3501 ὑπερέχων,
2671 3431 2765 3483 καὶ
2803 3431 2909 3484 πᾶν
2938 3430 3000 3482 τὺ
3026 3429 3087 3483 ὃν
3120 3429 3177 3481 ἓν
3214 3427 3402 3496 ὁρίζει·
3438 3428 3501 3479 τὺ
3532 3428 3650 3497 γὰρ
3679 3429 3736 3480 ὃν

2140 3522 2197 3575 ἒν
2228 3522 2460 3595 ἀριθμοῦ
2488 3522 2718 3593 δήλωσιν
2748 3522 2859 3593 ἔχει
2892 3523 2983 3575 ἐπί
3014 3539 3157 3585 τινος
3189 3521 3341 3583 ὄντος
3377 3521 3734 3590 ταττόμενον,

2154 3616 2277 3670 Ἐπὶ
2304 3617 2410 3669 τῶν
2436 3615 2604 3669 ὄντων
2634 3616 2845 3683 τοίνυν,
2881 3615 3128 3668 τουτέστι
3157 3614 3265 3667 τῶν
3298 3613 3648 3682 κτισμάτων,
3678 3614 3737 3665 τὸ

2140 3708 2199 3761 ἓν
2230 3708 2531 3778 τιθέμενον,
2565 3707 2708 3761 κατά
2738 3708 2976 3779 ἀριθμοῦ
3008 3707 3215 3761 ἔννοιαν
3246 3706 3479 3758 τίθεται·
3514 3706 3619 3758 καὶ
3652 3706 3738 3758 διὰ

2139 3800 2296 3854 τοῦτο
2317 3800 2379 3854 τὸ
2416 3800 2474 3854 ὃν
2511 3800 2568 3854 ἓν
2598 3801 2891 3871 ἐνάριθμον
2919 3800 3085 3869 λέγει,
3130 3798 3368 3868 δηλονότι
3406 3799 3470 3851 τὸ
3530 3798 3595 3850 ἒν
3649 3800 3740 3852 καὶ

2144 3896 2446 3949 ύποπίπτον
2490 3894 2570 3964 τῷ
2616 3893 2835 3965 ἀριθμῷ
2878 3894 2936 3946 ἓν
2976 3894 3121 3946 ἐστιν
3164 3890 3739 3960 ἁντιδιαστελλόμενον

2142 3987 2278 4057 πρὸς
2307 3986 2375 4040 τὰ
2422 3986 2514 4040 δύο
2544 3985 2666 4059 ἢτὰ
2699 3985 2846 4057 τρία.
2890 3986 2947 4039 '0
2974 3986 3030 4039 δὲ
3059 3984 3297 4047 τοιοῦτος
3328 3982 3567 4053 ἀριθμὸς
3602 3984 3737 4035 παν-

2141 4097 2249 4143 τως
2273 4080 2461 4143 οὐσίας
2497 4080 2712 4151 μετέχει
2755 4079 2919 4143 τινός·
2950 4079 3011 4131 τὸ
3048 4078 3106 4131 δὲ
3151 4076 3477 4148 ὑπερούσιον
3518 4076 3579 4128 ἓν
3617 4077 3736 4130 καθ’

2142 4173 2275 4226 αὐτὸ
2300 4174 2394 4227 καὶ
2436 4173 2805 4227 ἁπλούστατόν
2834 4175 2970 4227 ἐστι.
3016 4171 3345 4243 Θαυμασίως
3380 4165 3477 4223 οῦν
3507 4170 3579 4223 τὰ
3613 4170 3737 4241 περὶ

2144 4265 2389 4337 ἀριθμῶν
2413 4266 2835 4338 φυσιολογήσας,
2877 4266 3102 4335 ἐπάγει,
3135 4267 3239 4330 ὅτι,
3287 4264 3389 4317 κᾶν
3431 4264 3530 4316 καὶ
3568 4262 3735 4333 μονὰς

2145 4359 2247 4413 κᾶν
2278 4360 2432 4431 τριὰς
2462 4361 2679 4431 ὑμνοῖτο
2712 4361 2906 4431 ήὺπὲρ
2934 4360 3111 4413 πάντα
3144 4359 3356 4428 θεότης,
3400 4356 3528 4409 οὔτε
3569 4357 3736 4428 μονὰς

467 4453 560 4513 ris,
591 4454 843 4520 positum.
879 4455 1174 4507 secundum
1221 4454 1431 4507 numeri
1468 4452 1733 4506 rationem
1781 4451 2034 4520 ponitur;

2150 4450 2245 4506 ἅτε
2279 4450 2468 4521 μονὰς,
2499 4450 2623 4504 οὔτε
2653 4450 2813 4522 τριὰς
2834 4452 2929 4505 ἆτε
2956 4451 3115 4522 τριάς
3146 4453 3312 4511 ἐστιν,
3340 4450 3374 4521 ἢ
3406 4450 3543 4521 παρ’
3575 4450 3731 4520 ἡμῶν

465 4557 523 4597 et
555 4544 757 4599 idcirco
799 4546 942 4614 quod
990 4562 1155 4599 unum
1195 4557 1297 4610 est,
1339 4546 1405 4599 ad
1450 4560 1740 4599 numerum
1783 4553 2037 4612 spectare

468 4637 620 4702 dicit,
647 4638 760 4693 sive
790 4639 839 4693 id
862 4640 1005 4708 quod
1023 4641 1125 4694 sub
1144 4656 1428 4695 numerum
1445 4638 1615 4702 cadit,
1650 4653 1814 4691 unum
1845 4648 1929 4691 est
1948 4653 2044 4707 per

468 4733 862 4800 oppositionem
888 4734 1113 4788 duorum
1148 4733 1231 4786 vel
1263 4734 1448 4787 trium.
1468 4732 1615 4787 Talis
1643 4741 1825 4786 autem
1850 4747 2045 4786 nume-

469 4838 566 4877 rus
594 4827 814 4879 omnino
846 4826 1081 4895 aliquam
1124 4826 1482 4881 substantiam
1520 4826 1845 4895 participat;
1875 4840 2043 4879 unum

471 4926 653 4971 autem
696 4920 1220 4982 supersubstantiale
1249 4921 1549 4974 secundum
1569 4934 1629 4973 se
1654 4934 1874 4988 quoque
1906 4920 2043 4973 sim-

472 5009 826 5079 plicissimum
852 5012 1085 5065 exsistit.
1120 5012 1439 5066 Mirabiliter
1476 5012 1656 5080 itaque
1687 5026 2042 5066 numerorum

474 5114 724 5159 naturam
751 5105 1084 5172 investigatis
1117 5106 1322 5170 subdit,
1355 5105 1720 5171 divinitatem,
1754 5119 1879 5173 quae
1924 5121 2047 5158 om-

474 5199 563 5253 nia
624 5204 874 5267 superat,
920 5197 1035 5249 sive
1079 5210 1268 5253 monas
1318 5197 1433 5251 sive
1482 5197 1619 5251 trias
1686 5197 2041 5264 praedicetur,

474 5306 651 5361 neque
709 5290 994 5345 monadem
1060 5304 1165 5359 qua
1210 5292 1523 5355 monadem,
1582 5306 1761 5360 neque
1817 5292 2045 5344 triadem

472 5404 581 5457 qua
632 5387 863 5443 triadem
899 5423 916 5450 ,
993 5400 1169 5453 neque
1240 5404 1270 5441 a
1332 5387 1523 5450 nobis,
1581 5400 1757 5453 neque
1816 5385 1884 5439 ab
1925 5384 2049 5439 aliis

475 5497 573 5549 per
624 5495 882 5536 numeros
909 5481 1187 5549 cognosci,
1223 5479 1316 5535 sed
1365 5494 1528 5548 supra
1562 5494 1780 5534 omnem
1809 5487 2046 5531 mentem

474 5582 530 5627 et
555 5588 675 5629 esse
702 5584 756 5627 et
785 5574 1054 5628 nominari
1087 5572 1292 5629 Deum:
1322 5573 1551 5629 dicendo
1582 5573 1725 5625 enim
1752 5572 1895 5640 quod
1940 5586 2047 5623 non

479 5676 583 5733 est,
611 5669 969 5739 intelligimus
1010 5670 1139 5738 quid
1171 5670 1241 5724 sit
1267 5669 1431 5723 Deus.
1470 5667 1548 5720 Ne
1590 5667 1752 5736 igitur
1784 5666 2047 5734 simplici-

484 5773 565 5816 ter
596 5764 782 5822 audias
807 5764 958 5829 illud,
1005 5780 1180 5833 neque
1218 5778 1407 5818 monas
1450 5775 1626 5831 neque
1656 5763 1821 5826 tt'ias,
1854 5759 1947 5815 sed
1979 5750 2045 5813 il-

218 6046 465 6146 ﬁ

2144 4544 2211 4597 δι’
2258 4544 2506 4615 ἀριθμῶν
2544 4542 2980 4614 γνωριζομένηῆ
3023 4544 3151 4613 παρ’
3197 4543 3415 4613 ἑτέρου,
3598 4542 3735 4613 ὑπὲρ

2145 4638 2321 4690 πάντα
2354 4636 2476 4690 νοῦν
2505 4638 2597 4689 καὶ
2619 4636 2733 4689 ἔστι
2756 4638 2848 4689 καὶ
2886 4635 3208 4706 ὀνομάζεται
3245 4638 3274 4688 6
3316 4635 3473 4697 Θεός·
3506 4635 3598 4689 διὰ
3630 4634 3732 4704 γὰρ

2143 4730 2236 4784 τοῦ
2266 4733 2439 4783 εἰπεῖν
2467 4732 2604 4802 ὅπερ
2642 4731 2743 4785 οὐκ
2771 4730 2915 4793 ἔστι,
2942 4728 3168 4795 νοοῦμεν
3197 4728 3225 4780 ὃ
3252 4746 3303 4780 τι
3343 4728 3495 4780 ἐστὶν
3524 4730 3554 4780 6
3582 4729 3727 4789 θεός.

2144 4821 2237 4893 Μὴ
2268 4824 2445 4876 τοίνυν
2488 4822 2673 4887 ἁπλῶς
2701 4823 2781 4885 τὸ,
2812 4825 2926 4875 Οὐκ
2972 4822 3086 4874 ἔστι
3122 4820 3287 4892 μονὰς
3327 4820 3363 4891 ἢ
3397 4820 3582 4890 τριὰς,
3611 4820 3729 4883 ἐξα»-

2146 4918 2367 4991 κούσῃς,
2402 4918 2535 4971 ἀλλά
2565 4918 2701 4990 πρὸς
2727 4916 2800 4984 τῇ
2825 4914 3228 4985 διεγνωσμένῃ
3266 4912 3530 4976 σύνταξον
3550 4912 3610 4964 τὸ
3628 4913 3730 4964 οὐκ

2145 5010 2331 5063 ἐστιν·
2365 5012 2426 5062 ού
2468 5010 2576 5081 γὰρ
2624 5009 2833 5063 ἀνελεῖν
2865 5007 2933 5061 τὰ
2977 5008 3078 5077 τῆς
3128 5005 3382 5075 τοιαύτης
3420 5005 3722 5074 ὁμολογίας,

2147 5101 2282 5154 ἀλλὰ
2310 5102 2370 5155 τὸ
2404 5103 2806 5173 ἀνεξιχνίαστον
2844 5100 2872 5151 ὁ
2912 5099 3069 5168 λόγος
3110 5097 3354 5167 βούλεται
3399 5095 3632 5161 διδάξαι.
3660 5094 3725 5146 T6

2148 5194 2277 5263 γοῦν
2305 5196 2765 5265 ὺπερηνωμένον
2806 5193 2939 5263 φησὶ
2983 5190 3277 5262 δηλοῦσθαι
3303 5191 3369 5242 ὲκ
3396 5190 3501 5260 τῆς
3540 5191 3723 5258 ὄνομα·

2152 5289 2271 5351 σίας
2302 5288 2403 5358 τῆς
2434 5287 2681 5359 μονάδος,
2724 5286 2785 5338 τὸ
2813 5286 2869 5338 δὲ
2902 5284 3149 5353 θεόγονον
3196 5284 3262 5335 ὲκ
3305 5281 3409 5352 τῆς
3442 5280 3721 5351 ὀνομασίας

2148 5384 2248 5453 τῆς
2277 5382 2509 5454 τριάδος·
2544 5382 2631 5435 ἵνα
2650 5380 2758 5451 γὰρ
2785 5379 3040 5449 παραστῇ
3064 5376 3173 5429 τῶν
3193 5374 3576 5443 ἀνεκλαλήτων
3605 5372 3721 5423 ὑπο-

2153 5479 2393 5530 στὰσεων
2416 5480 2448 5546 ή
2480 5473 2828 5547 προσκυνητὴ
2856 5471 3178 5541 έκφανσις,ὁ
3197 5468 3427 5541 ἀριθμὸς
3446 5461 3715 5533 ἐπενοήθη,

2153 5572 2293 5625 καθὰ
2318 5573 2409 5624 καὶ
2454 5570 2730 5631 Βασίλειος
2779 5567 2873 5619 καὶ
2904 5563 3200 5636 Γρηγόριος
3226 5563 3277 5615 οἱ
3314 5561 3445 5613 θεῖοι
3494 5558 3715 5626 λέγουσι.

2154 5665 2377 5734 Γόν.ιμον
2406 5662 2463 5715 δὲ
2496 5662 2585 5713 τὸν
2628 5660 2847 5728 Πατέρα
2874 5656 3180 5726 ὠνόμασεν,
3218 5653 3314 5707 ἅτε
3353 5644 3714 5723 προσκυνητοῦ

2158 5753 2285 5811 Υίοῦ
2319 5755 2557 5826 Πατέρα,
2605 5754 2697 5807 καὶ
2728 5752 2819 5805 τοῦ
2861 5745 3349 5821 συμπροσκυνητοῦ
3381 5743 3530 5815 αὐτῷ
3561 5737 3713 5795 Πνεύο
3760 5781 3765 5785 .
