3866 6232
121 340 235 400 993

652 343 740 399 DE
768 344 1023 401 DIVINIS
1053 346 1450 414 NOMINIBUS,
1485 348 1643 404 CAP.
1682 347 1897 406 Xlll.—
1944 349 2287 406 PARAPHR.
2324 351 2795 409 PACHYMERAS.

3297 362 3403 416 99d

116 477 299 530 ματος
326 459 508 533 πηγὴν
576 464 670 515 καὶ
702 464 877 535 ἀρχὴν
906 466 1000 519 καὶ
1030 465 1227 519 αἰτίαν.
1271 465 1571 538 Γονιμότης
1600 467 1657 521 δὲ
1683 488 1687 499 ί

1825 468 1917 523 Iud
1952 485 1967 522 :
2004 469 2129 523 Non
2171 482 2245 523 est
2286 479 2542 523 construe
2583 485 2706 524 cum
2743 470 3115 546 διεγνωσμένῃ
3149 488 3243 529 seu
3268 489 3401 531 voce

113 552 333 625 ἑνότης,
350 554 382 625 ἦ
399 554 585 626 ἕτερόν
604 573 657 607 τι
672 556 843 627 ὄνομα
858 556 965 610 τῶν
984 558 1488 629 συνεγνωσμένωνῆ
1510 559 1720 630 ἀνθρώ-

109 647 318 717 ποις,ἦ
350 648 443 699 καὶ
463 648 655 711 αὐταῖς
671 652 791 712 ταῖς
806 653 1026 721 νοηταῖς
1051 649 1361 721 δυνάμεσιν,
1393 651 1492 704 οὐκ
1522 650 1588 704 ἂν
1617 668 1719 705 πα-

111 739 412 810 ραστήσειε
438 740 652 811 τρανῶς
669 740 736 793 τὰ
765 741 837 805 ὥς,
869 745 1008 796 εἰσιν
1037 745 1101 797 ἐκ
1125 744 1342 797 πάντων
1363 745 1718 819 ἀποκεκρυμ-

111 830 263 899 μένα
293 830 387 883 τοῦ
418 830 575 885 Θεοῦ.
610 832 734 897 Πῶς
766 833 877 905 γὰρ
896 834 1119 889 δυνατὸν
1149 837 1412 907 ὀνομάσαι
1441 839 1550 892 ἀπό
1562 842 1718 904 ’τινος

104 922 229 974 τῶν
274 922 443 977 ὄντων
483 924 575 977 τὸν
617 924 784 993 Θεὸν,
839 927 1003 997 μηδὲν
1041 928 1150 981 τῶν
1197 929 1414 983 πάντων
1440 930 1589 996 ὖντα,
1625 934 1717 986 και⁹

105 1014 261 1085 ὑπὲρ
300 1015 369 1068 τά
402 1016 580 1069 πάντα
612 1017 781 1082 δντα;
831 1020 941 1071 Καὶ
977 1019 1030 1071 τί
1057 1018 1201 1088 λέγω
1229 1021 1357 1092 περὶ
1397 1021 1505 1074 τῶν
1544 1022 1716 1076 ἄλλων

102 1106 397 1176 ὀνομάτων
420 1148 434 1169 ,
495 1109 631 1161 ὅπου
697 1110 790 1162 καὶ
848 1110 979 1163 αὐτὸ
1036 1112 1098 1164 τὸ
1151 1114 1479 1168 σεπτότατον
1543 1117 1715 1187 ὄνομα

98 1199 141 1268 ἡ
197 1198 473 1270 ἀγαθότης
502 1201 602 1254 οὐκ
652 1202 850 1255 οἰκεῖον
904 1201 1109 1275 κυρίως
1142 1205 1381 1276 Θεῷ;οί
1431 1207 1542 1279 γὰρ
1600 1209 1716 1262 θεο-

100 1289 263 1357 λόγοι
301 1291 387 1344 διά
434 1290 495 1344 τὸ
522 1292 659 1356 ὅλως
714 1296 855 1346 νοεῖν
892 1311 945 1347 τι
1002 1296 1095 1349 καὶ
1139 1295 1317 1366 λέγειν
1369 1301 1497 1371 περὶ
1554 1301 1711 1365 Θεοῦ,

98 1383 193 1453 τῷ
222 1385 352 1456 περὶ
383 1384 547 1437 αὐτὸν
580 1386 728 1457 πόθῳ
758 1387 1137 1458 κατεχόμενοι,
1171 1390 1232 1442 τὸ
1256 1390 1358 1461 τῆς
1380 1392 1714 1465 ἀγαθὸτητος

100 1476 286 1547 ὖνομα
302 1476 567 1531 ἐπέϐαλον
587 1476 663 1548 τῷ
680 1478 820 1549 Θεῷ,
853 1479 990 1533 ἀλλά
1016 1480 1223 1551 κυρίως
1242 1483 1336 1535 καὶ
1365 1483 1713 1557 ὑπεράγαθός

100 1567 230 1621 ἐστι
265 1570 359 1622 καὶ¹
396 1570 719 1642 ύπερούσιος
760 1572 789 1624 ὁ
826 1571 976 1635 Θεός.
1024 1574 1091 1625 Ai
1122 1573 1178 1626 δὲ
1220 1575 1545 1645 ἀποφάσεις,
1592 1579 1711 1651 ἤτοι

97 1660 370 1732 ἀρνήσεις
395 1662 491 1715 καὶ
524 1664 826 1734 στερήσεις,
860 1665 951 1717 ἐπὶ
970 1663 1105 1717 Θεοῦ
1127 1666 1225 1737 οὐχ
1251 1668 1439 1732 ἁπλῶς
1466 1668 1711 1741 εἴρηνται

96 1756 225 1816 τοῖς
259 1752 547 1823 θεολόγοις·
600 1756 662 1808 οὐ
708 1754 818 1827 γὰρ
853 1756 929 1820 ὡς
968 1756 1215 1826 λέγονται
1254 1759 1531 1827 νοοῦνται,
1593 1762 1709 1815 ἀλλ’

100 1845 675 1918 ὑπεραναόεὸηκότως
703 1847 1049 1921 θεωροῦνται.
1081 1849 1154 1903 Τὸ
1169 1849 1279 1921 γάρ
1298 1850 1587 1916 ἀθάνατος,
1606 1855 1701 1908 καὶ¹

98 1938 342 2009 ἀόρατος
365 1978 379 2001 ,
425 1940 520 1992 καὶ
551 1939 826 2010 ἀνενδεὴς,
874 1941 968 1993 καὶ
996 1940 1063 1993 τὰ
1095 1941 1337 2009 τοιαῦτα,
1368 1942 1467 1995 οὐκ
1499 1944 1563 1997 ἄν
1590 1960 1692 2013 τις,

102 2030 304 2099 σοφίας
338 2032 599 2102 μετέχων,
634 2031 1044 2104 δημωδέστερον
1087 2032 1390 2098 ἀπολάϐοι,
1421 2034 1556 2088 ἀλλά
1588 2036 1697 2090 τῶν

96 2123 449 2193 δηλουμένων
499 2122 870 2195 ἐξιστάμενος,
920 2125 1013 2177 ἐπὶ
1050 2124 1151 2188 τὰς
1182 2126 1549 2197 σεσιγημένας
1605 2128 1698 2181 καὶ

98 2213 388 2285 θειοτέρας
417 2214 624 2277 ἑννοίας
658 2214 990 2268 ἀνανεύσειε·
1020 2215 1100 2269 διὸ
1142 2217 1235 2269 καὶ
1267 2216 1463 2287 νοητὰς
1495 2217 1697 2271 θεωνυ-

99 2306 241 2375 μίας
271 2305 469 2376 ἐφεξῆς
485 2306 664 2370 καλῶς
679 2306 851 2370 αὐτὰς
882 2307 1297 2379 προσαγορεύει.
1344 2306 1695 2381 Ἐξισταμένη

95 2396 216 2467 γὰρ
244 2399 279 2468 ἡ
310 2398 456 2469 ψυχὴ
489 2399 596 2452 τῶν
626 2400 952 2470 σωματικῶν
997 2400 1223 2453 ἁπασῶν
1265 2402 1568 2473 αίσθήσεων
1602 2403 1696 2456 καὶ

98 2493 408 2564 κοσμικῶν,
441 2492 661 2564 (ταύτας
680 2493 789 2565 γὰρ
818 2492 1130 2563 συμφύλους
1159 2494 1367 2565 φησιν’)
1391 2493 1533 2547 οὕτω
1570 2511 1696 2547 συν-

94 2586 336 2639 άπτεται
380 2585 459 2657 τῷ
504 2587 798 2658 ἀκραιφνεῖ
827 2587 927 2657 τῆς
972 2586 1227 2655 γνώσεως
1254 2586 1348 2640 τοῦ
1376 2587 1512 2640 Θεοῦ
1530 2628 1543 2651 ,
1574 2588 1695 2641 καθ’

92 2677 230 2729 ὅσον
260 2677 480 2731 δυνατόν
512 2679 661 2731 ἐστιν
691 2678 1006 2750 ἀνθρωπίνῃ
1037 2678 1216 2749 φύσει,
1250 2679 1326 2742 ὡς
1358 2680 1451 2732 καὶ
1475 2680 1503 2731 ὁ
1546 2680 1697 2733 ’Λπό-

96 2771 293 2836 στολος
322 2773 635 2834 αἰνίττεται,
668 2771 861 2841 λέγων·
910 2772 1020 2825 Καὶ
1075 2771 1228 2825 οὕτω
1270 2770 1527 2825 πάντοτε
1574 2772 1697 2827 σὺν

96 2865 303 2932 Κυρίῳ
330 2864 615 2934 ἐσόμεθαο
650 2865 746 2918 καὶ
784 2862 948 2917 πάλιν
1018 2863 1151 2917 Νῦν
1177 2864 1257 2929 ὡς
1297 2864 1367 2917 ἐν
1392 2865 1692 2934 αἰνίγματι

96 2955 205 3008 καὶ
228 2955 301 3009 ὲν
324 2954 596 3024 ἐσόπτρῳ
627 2954 876 3026 ὁρῶμεν,
921 2957 1054 3009 τότε
1087 2954 1156 3008 δὲ
1183 2956 1507 3024 πρόσωπον
1538 2956 1688 3025 πρὸς

96 3046 429 3114 πρόσωπον
448 3046 734 3116 ὀψόμεθα.

1822 560 2051 629 cognita,
2094 574 2277 613 sermo
2312 559 2454 614 enim
2492 574 2597 613 non
2630 559 2744 613 vult
2777 562 3145 617 condemnare
3173 578 3293 633 qua:
3325 566 3398 619 ita

1819 664 1918 718 pro
1947 649 2199 705 confesso
2239 650 2528 716 habentur,
2559 651 2653 706 sed
2686 651 2851 706 Deum
2894 669 3017 710 esse
3049 654 3401 724 ininvestiga-

1818 740 1979 795 bilem
2014 744 2191 798 docet.
2222 740 2357 797 illud
2394 743 2574 811 itaque
2606 761 2619 795 :
2661 745 2839 815 Supra
2879 763 3037 817 quam
3081 748 3289 801 unitum
3322 751 3399 803 ait

1819 832 2111 902 signiﬁcari
2145 850 2212 888 ex
2253 835 2471 889 nomine
2512 834 2672 906 537
2707 836 2953 903 unitatis,
2997 838 3237 893 divinam
3271 856 3400 895 vero

1819 924 2206 981 fecunditatem
2256 942 2321 982 ex
2374 929 2593 981 nomine
2649 930 2940 996 trinitatis;
2996 942 3055 985 ut
3102 933 3248 987 enim
3304 936 3400 987 ad-

1817 1016 2023 1069 oranda
2072 1015 2432 1071 inetl‘abilium
2481 1032 2836 1086 personarum
2892 1020 3258 1078 manifestatio
3314 1040 3399 1079 re-

1817 1116 2272 1175 praesentaretur,
2306 1122 2567 1161 numerus
2591 1109 2933 1179 excogitatus
2962 1119 3067 1174 est,
3097 1114 3240 1166 sicut
3286 1113 3394 1168 divi

1816 1196 2051 1251 Basilius
2087 1208 2143 1252 et
2180 1197 2478 1268 Gregorius
2514 1200 2686 1253 aiunt.
2717 1200 2932 1256 Patrem
2978 1213 3158 1258 autem
3208 1205 3400 1261 fecuno

1815 1289 1942 1343 dum
1968 1290 2281 1359 appellavit,
2317 1300 2577 1361 tanquam
2607 1294 2870 1347 adorandi
2915 1294 3031 1348 Filii
3069 1297 3393 1367 genitorem,

1814 1392 1869 1435 et
1900 1382 2061 1435 simul
2096 1398 2215 1437 cum
2253 1383 2369 1452 ipso
2399 1385 2658 1440 adorandi
2694 1384 2931 1453 Spiritus
2960 1389 3132 1441 sancti
3166 1388 3392 1456 fontem,

1816 1486 1879 1527 ac
1913 1474 2241 1543 principium
2270 1485 2327 1530 et
2373 1492 2617 1531 causam.
2664 1476 2996 1534 Fecunditas
3038 1491 3220 1536 autem
3275 1483 3397 1536 uni-

1816 1572 1987 1631 tasve,
2040 1576 2133 1621 aut
2183 1566 2329 1622 aliud
2371 1567 2587 1636 aliquod
2649 1583 2883 1633 nomen,
2929 1570 3241 1627 hominibus
3301 1585 3396 1628 aut

1814 1656 1976 1711 etiam
2038 1657 2285 1727 ipsismet
2336 1658 2751 1714 intellectilibus
2804 1660 3102 1717 virtutibus
3159 1674 3391 1729 notum,

1813 1764 1922 1804 non
1966 1760 2151 1820 posset
2213 1751 2364 1806 clare
2408 1752 2668 1807 exhibere
2723 1753 2817 1808 Dei
2868 1755 3186 1811 abscondita
3233 1769 3394 1828 prout

1811 1851 1957 1897 sunt.
1992 1842 2275 1908 Quomodo
2323 1846 2465 1899 enim
2520 1845 2684 1909 Deus,
2740 1847 2832 1917 qui
2888 1849 3023 1902 nihil
3070 1865 3251 1904 rerum
3286 1865 3389 1917 est,

1806 1934 1899 1987 sed
1934 1948 2098 2002 supra
2134 1950 2224 1989 res
2267 1950 2478 2003 omnes,
2505 1951 2573 1990 ex
2609 1953 2667 1993 re
2700 1938 2881 2008 aliqua
2916 1956 3110 1995 nomen
3141 1945 3392 2012 accipere

1804 2026 2021 2095 possit?
2047 2026 2112 2080 Et
2142 2028 2273 2096 quid
2303 2028 2427 2083 dico
2459 2029 2525 2083 de
2555 2029 2676 2084 aliis
2704 2032 3037 2097 nominibus,
3073 2050 3197 2090 cum
3226 2039 3388 2090 etiam

1804 2116 2099 2186 ipsummet
2127 2120 2573 2190 augustissimum
2609 2138 2804 2177 nomen
2856 2125 3117 2180 bonitatis
3164 2142 3268 2181 non
3318 2126 3391 2182 sit

1804 2211 2025 2279 proprie
2058 2211 2168 2266 Deo
2224 2213 2546 2282 proprium?
2594 2212 2853 2285 Theologi
2897 2219 3069 2283 enim,
3099 2228 3157 2272 ut
3184 2218 3388 2288 aliquid

1802 2303 2027 2357 omnino
2072 2303 2437 2374 intelligerent
2464 2314 2518 2358 et
2559 2305 2626 2359 de
2655 2303 2767 2360 Deo
2795 2307 3059 2371 dicerent.
3096 2310 3264 2380 ipsius
3294 2312 3390 2365 dc-

1802 2397 2004 2452 siderio
2028 2400 2288 2466 correpti,
2330 2415 2527 2455 nomen
2556 2401 2820 2457 bonitatis
2849 2402 2959 2457 Deo
2990 2403 3385 2473 imposuerunt,

1802 2488 2051 2557 quamvis
2086 2490 2307 2558 proprie
2342 2488 2486 2545 Deus
2521 2492 2592 2545 sit
2625 2506 2788 2561 supra
2836 2495 3163 2559 bonitatem,
3192 2506 3247 2550 et
3294 2513 3389 2551 su-

1799 2592 1897 2647 pra
1951 2580 2267 2633 essentiam.
2333 2579 2659 2649 Ἀποφάσεις
2707 2598 2856 2651 vero,
2902 2585 3019 2640 sive
3071 2588 3389 2655 negationes

1799 2680 1853 2726 et
1882 2672 2240 2739 privatioues,
2289 2673 2343 2725 in
2401 2674 2509 2727 Deo
2552 2688 2656 2727 non
2687 2673 3007 2743 simpliciter
3045 2692 3075 2731 a
3119 2680 3387 2751 theologis

1802 2762 2095 2832 dicuntur;
2148 2779 2255 2818 non
2286 2764 2432 2819 enim
2475 2764 2617 2818 sicut
2666 2766 2923 2821 dicuntur
2952 2768 3026 2823 ita
3073 2770 3386 2842 intelligun-

1800 2866 1912 2921 tur,
1939 2858 2033 2912 sed
2066 2857 2227 2912 modo
2268 2859 2734 2913 transcendentali
2770 2860 3215 2917 considerantur.
3247 2864 3383 2918 Nam

1798 2948 2147 3013 immortalis,
2201 2957 2257 3002 et
2297 2948 2611 3014 invisibilis,
2640 2960 2697 3004 et
2732 2950 2931 3005 nul-lius
2968 2952 3201 3022 indigus,
3230 2965 3283 3009 et
3310 2958 3384 3025 si;

1795 3042 1968 3108 milia,
1998 3056 2182 3105 nemo,
2209 3042 2301 3111 qui
2332 3056 2556 3111 compos
2586 3042 2656 3095 sit
2698 3044 3006 3113 sapientiae,
3058 3048 3218 3101 modo
3268 3048 3384 3100 vul-

98 3142 221 3211 gari
254 3144 506 3212 accipiet,
551 3144 647 3200 sed
689 3159 719 3198 a
758 3141 921 3197 rebus
964 3156 1086 3211 quae
1144 3142 1527 3212 significantur
1588 3142 1889 3207 recedens,
1947 3140 2013 3194 ad
2077 3142 2278 3195 tacitas
2330 3148 2385 3193 et
2432 3140 2730 3194 diviniores
2776 3141 3157 3210 cogitationes,
3207 3146 3383 3199 susci-

98 3237 257 3305 piet;
287 3247 513 3308 propter
541 3239 686 3309 quod
726 3241 892 3295 etiam
925 3240 1266 3297 intellectiles
1317 3242 1411 3296 Dei
1479 3241 1952 3297 denominationes
1989 3240 2246 3309 deinceps
2289 3250 2439 3295 recte
2481 3242 2628 3310 ipsas
2685 3238 2946 3308 appellat.
3001 3238 3135 3294 Nam
3198 3242 3379 3296 anima

100 3330 198 3384 rubi
229 3330 508 3400 corporeis
543 3330 795 3386 omnibus
853 3332 1106 3388 sensibus
1134 3342 1189 3389 et
1237 3332 1400 3388 rebus
1438 3334 1730 3388 mundanis
1793 3347 1853 3387 se
1904 3330 2171 3386 abdicarit
2219 3332 2343 3399 (has
2392 3332 2537 3386 enim
2586 3332 2883 3391 familiares
2913 3339 3120 3406 vocat),
3172 3345 3379 3393 tantum

97 3420 414 3491 purissimae
445 3420 539 3475 Dei
562 3423 879 3493 cognitioni,
906 3432 1168 3493 quantum
1199 3434 1409 3479 natura:
1471 3425 1721 3480 humana:
1782 3424 1929 3485 licet.
1982 3425 2372 3494 conjungitur,
2432 3424 2574 3478 sicut
2634 3428 2928 3496 Apostolus
2978 3430 3242 3495 insinuat,
3297 3430 3379 3484 di-

96 3526 281 3566 cens:
314 3510 380 3564 Et
404 3513 481 3573 sic
523 3527 726 3581 semper
758 3529 876 3567 cum
919 3514 1148 3569 Domino
1186 3516 1383 3569 erimus
1415 3526 1482 3581 ι¹;
1536 3526 1590 3570 et
1633 3516 1830 3571 iterum
1873 3533 1888 3570 :
1941 3514 2190 3569 Videmus
2222 3531 2361 3569 nunc
2419 3532 2513 3585 per
2580 3519 2849 3585 speculum
2872 3532 2920 3574 et
2958 3522 3014 3575 in
3076 3522 3375 3590 wnigmate,

96 3618 230 3662 tunc
253 3617 427 3661 autem
451 3607 589 3677 facie
618 3610 687 3662 ad
716 3609 907 3678 faciem
942 3611 1229 3666 videbimus
1260 3620 1307 3665 ο.

171 3698 325 3769 ςιν.
376 3699 590 3763 Ταύτας
628 3704 791 3773 ἡμεῖς
835 3701 934 3766 τάς
986 3707 1181 3775 νοητὰς
1226 3704 1562 3777 θεωνυμίας,
1617 3706 1687 3769 ὡς

1867 3701 1895 3774 §
1930 3700 2017 3754 1V.
2048 3700 2174 3755 llaac
2197 3715 2298 3756 nos
2322 3700 2502 3755 divina
2536 3699 2784 3764 nomina,
2810 3700 2991 3769 quoad
3040 3699 3233 3767 licuit,
3274 3715 3372 3756 ex-

92 3793 342 3861 ὲφικτὸν,
368 3793 768 3865 ἀνεπτύξαμεν,
785 3795 1142 3868 δηλονότιούχ
1162 3796 1527 3871 ὑψηλοτέρως,
1552 3799 1687 3853 ἀλλά

91 3882 246 3937 κατά
275 3884 337 3937 τὸ
377 3886 611 3956 γράμμα
656 3886 1082 3959 ἀποδεδώκαμεν
1124 3891 1555 3962 ταπεινοτέρως,
1612 3891 1685 3964 μὴ

94 3974 264 4043 μόνον
294 3974 403 4028 τῶν
435 3976 704 4044 ἀγγέλων,
739 3978 767 4029 ὁ
789 3976 899 4048 γὰρ
920 3978 1126 4032 τούτων
1142 3978 1454 4042 κατώτατος
1485 3979 1686 4049 μείζων

89 4066 318 4119 πάντων
347 4067 456 4119 τῶν
478 4070 537 4120 ὲν
568 4071 634 4139 τῇ
684 4069 981 4142 Ἐκκλησία
1015 4071 1278 4140 θεολόγων
1305 4073 1421 4125 ἐστί
1441 4090 1453 4102 ·
1495 4072 1570 4145 μὴ
1599 4079 1688 4145 μό-

87 4174 187 4212 νον
235 4158 343 4212 τῶν
389 4159 652 4228 θεολόγων
675 4202 689 4226 ,
738 4155 815 4216 ὧν
840 4180 900 4215 τε
954 4164 1265 4220 συνοπαδῶν
1290 4166 1475 4235 λέγει,
1523 4167 1685 4220 οἱονεὶ

91 4250 382 4323 μαθητῶν,
414 4254 507 4306 καὶ
540 4247 615 4307 ὦν
649 4255 923 4326 ἀσκητῶν,
959 4256 1200 4327 δηλονότι
1231 4260 1340 4311 τῶν
1364 4259 1463 4320 τὰς
1488 4258 1685 4324 ἐλλάμ-

84 4346 223 4415 ψεις
256 4344 354 4408 τὰς
388 4344 541 4410 θείας
574 4347 934 4417 κτησαμένων
966 4347 1032 4401 δι’
1055 4349 1365 4420 ἀσκήσεως,
1397 4351 1490 4403 καὶ
1521 4351 1581 4403 οὐ
1616 4351 1682 4404 δι’

84 4439 363 4511 ὁράσεως,
399 4439 539 4494 κατά
561 4442 687 4504 τοὺς
700 4441 1030 4505 ἀποστόλους
1050 4459 1063 4471 ·
1102 4443 1176 4514 μὴ
1200 4443 1355 4513 μόνον
1376 4443 1503 4512 γοῦν
1520 4444 1685 4515 ὲσχά-

85 4547 207 4593 τως
242 4530 335 4581 καὶ
365 4530 765 4601 ταπεινοτέρως
796 4530 1001 4584 τούτων
1034 4532 1280 4603 εἴπομεν,
1315 4534 1447 4587 ἀλλά
1482 4536 1575 4588 καὶ
1595 4537 1685 4588 αύ-

82 4620 207 4674 τῶν
240 4620 347 4674 τῶν
373 4620 658 4693 ὁμοταγῶν
705 4624 857 4693 ἡμῖν.
895 4624 1082 4677 Ταῦτα
1113 4625 1169 4677 δὲ
1203 4626 1295 4677 καὶ
1326 4625 1393 4677 τὰ
1428 4627 1552 4697 ἑξῆς
1589 4644 1683 4697 με-

84 4710 336 4779 τριάζων
380 4710 735 4783 ἀγιοπρεπῶς
775 4712 803 4763 ὁ
843 4713 1028 4783 πατήρ
1063 4728 1251 4782 φησιν.
1279 4713 1461 4777 Ὥστε,
1498 4714 1547 4764 εἰ
1583 4712 1681 4782 μέν

83 4818 243 4864 τινος
266 4801 807 4873 κατεστοχασάμεθα,
834 4803 992 4873 χάρις
1020 4802 1098 4873 τῷ
1130 4802 1287 4873 αἰτίῳ
1316 4804 1425 4855 τῶν
1461 4806 1679 4856 πάντων

86 4892 320 4961 ἀγαθῶν
352 4893 492 4963 Θεῷ,
526 4894 604 4963 τῷ
636 4893 964 4965 δωρουμένῳ
1018 4895 1111 4948 καὶ
1144 4895 1206 4947 τὸ
1250 4895 1428 4963 λέγειν
1477 4896 1571 4948 καὶ¹
1620 4893 1681 4946 τὸ

84 4980 153 5038 εὖ
175 4984 375 5052 λέγειν.
405 4986 467 5038 Εἰ
501 4986 632 5055 γοῦν
652 4986 1096 5057 κατωρθώσαμέν
1112 5004 1186 5051 τι,
1208 4988 1303 5040 καὶ
1322 4987 1401 5039 ἔτι
1438 4987 1680 5041 διδάσκο-

1790 3794 2103 3864 plicuimus,
2140 3793 2395 3849 videlicet
2424 3807 2531 3847 non
2560 3792 2875 3858 sublimius,
2922 3791 3018 3846 sed
3067 3792 3372 3849 secundmn

1789 3885 2029 3939 litteram
2082 3883 2346 3937 humilius
2380 3882 2703 3937 tradidimus
2742 3896 2853 3935 non
2905 3879 3080 3935 solum
3132 3881 3369 3950 angelis,

1789 3992 1916 4031 nam
1952 3974 2172 4031 intimus
2194 3976 2362 4029 etiam
2392 3974 2584 4029 horum
2636 3973 2811 4040 major
2859 3981 2943 4026 est
2974 3974 3227 4027 omnibus
3266 3974 3372 4029 Ec-

1786 4071 1968 4124 clesia:
2002 4066 2310 4136 theologis;
2336 4082 2444 4122 non
2474 4066 2647 4121 solum
2683 4064 2969 4133 theologis,
3002 4064 3202 4132 inquit,
3236 4081 3370 4120 con-

1788 4161 2068 4217 sodalibus
2096 4168 2151 4215 et
2174 4159 2330 4228 quasi
2355 4157 2663 4228 discipulis,
2694 4168 2748 4211 et
2775 4160 3000 4221 ascetis,
3031 4157 3122 4225 qui
3154 4158 3368 4213 scilicet

1785 4254 2005 4308 divinas
2032 4251 2434 4306 illustrationes
2452 4250 2744 4314 exercitio,
2767 4258 2824 4303 et
2854 4263 2960 4302 non
2987 4264 3084 4319 per
3102 4250 3366 4314 visiones,

1786 4354 2139 4417 acceperunt,
2171 4354 2229 4399 ut
2258 4344 2511 4413 apostoli.
2543 4342 2660 4396 Non
2688 4342 2860 4398 solum
2891 4344 3075 4411 itaque
3110 4343 3197 4397 his
3234 4344 3367 4397 sim-

1786 4438 1984 4509 plicius
2022 4448 2077 4492 et
2111 4436 2371 4491 humilius
2402 4436 2666 4499 diximus,
2701 4449 2890 4488 verum
2930 4435 3096 4489 etiam
3119 4434 3367 4503 ipsismet

1783 4529 2084 4598 tequalibus
2113 4528 2339 4583 nostris.
2372 4526 2500 4582 Haec
2526 4542 2677 4591 vero,
2714 4535 2769 4580 et
2800 4539 2922 4594 qua:
2950 4534 3279 4594 sequuntur,
3307 4536 3367 4579 ut

1784 4632 2035 4678 sanctum
2069 4624 2251 4687 decet,
2286 4622 2375 4676 hic
2391 4619 2701 4675 Paterdixit
2724 4620 2903 4673 studio
2926 4621 3227 4673 modestius.
3260 4621 3365 4673 Ita-

1783 4731 1911 4787 que,
1935 4714 2099 4786 538
2121 4715 2163 4770 si
2184 4714 2401 4783 quidem
2440 4721 2588 4768 recte
2642 4712 2771 4781 quid
2799 4710 3162 4779 coniecimus,
3187 4712 3364 4781 gratia

1782 4809 1855 4865 sit
1885 4807 1997 4863 Deo
2020 4810 2287 4863 bonorum
2318 4806 2560 4859 omnium
2596 4804 2830 4869 auctori,
2857 4804 2946 4871 qui
2986 4803 3137 4857 dedit
3192 4814 3252 4857 ut
3280 4804 3365 4857 di-

1780 4915 2056 4964 ceremus,
2088 4909 2143 4953 et
2172 4899 2312 4953 bene
2337 4898 2665 4951 diceremus.
2720 4894 2777 4949 Si
2808 4896 2938 4964 quid
2987 4895 3173 4964 itaque
3206 4906 3363 4951 recte

1782 4987 2041 5054 diximus,
2066 4986 2152 5039 vel
2175 4987 2357 5040 adhuc
2380 4986 2661 5049 docemus,
2693 4984 2815 5038 etsi
2846 4985 2974 5053 quid
2997 5000 3210 5051 eorum,
3238 5001 3362 5056 qua:

92 5095 222 5149 μεν,
238 5079 337 5145 ὅτι,
362 5078 466 5131 κᾶν
482 5078 667 5148 ἒτεραι
681 5078 1010 5150 ὁμοδύναμοι
1025 5079 1320 5150 θεωνυμίαι
1336 5082 1393 5133 ὲν
1408 5084 1472 5152 τῇ
1488 5082 1678 5153 Γραφῇ

1799 5081 1872 5134 iis
1904 5078 2250 5149 aequivalcnt,
2274 5079 2557 5133 nominum
2589 5076 2899 5131 divinorum
2947 5078 3001 5131 in
3058 5078 3357 5146 Scripturis

87 5168 385 5240 εὐρεθῶσι,
424 5168 529 5240 χρὴ
554 5168 648 5221 καὶ
675 5168 879 5233 ταύτας
902 5169 1041 5223 κατά
1074 5169 1174 5234 τὰς
1207 5170 1377 5235 αὐτὰς
1410 5174 1680 5240 ὲκφαντο-

86 5261 259 5333 ρικάς
296 5261 548 5331 μεθόδους
578 5262 1038 5334 προσυπακούειν.
1062 5264 1125 5316 Εἰ
1144 5264 1199 5316 δὲ
1230 5264 1328 5317 οὐκ
1349 5263 1523 5335 ὀρθῶς
1539 5264 1674 5335 ἔχει,

85 5354 189 5407 καὶ
218 5351 308 5405 διὰ
345 5352 503 5405 τοῦτο
543 5352 644 5424 τῆς
676 5353 933 5425 ἀληθείας
970 5354 1165 5419 όλικῶς
1213 5355 1696 5429 ἀπεπλανήθημεν,

1784 5173 2109 5240 reperiatur,
2157 5179 2374 5241 oportet
2427 5170 2593 5223 etiam
2642 5168 2755 5222 haec
2810 5169 3110 5223 secundum
3135 5168 3357 5224 easdem

1780 5264 2091 5335 explicandi
2145 5263 2387 5317 rationes
2442 5260 2875 5331 subintelligere.
2928 5258 3022 5314 Sin
3052 5274 3183 5313 vero
3235 5259 3356 5312 huic

1779 5356 1964 5411 minus
1988 5364 2135 5410 recte
2172 5370 2231 5411 se
2260 5355 2524 5419 habeant,
2553 5362 2717 5424 atque
2742 5355 2880 5408 adeo
2920 5368 2949 5405 a
2984 5352 3215 5406 veritate
3267 5349 3353 5405 vel

85 5449 126 5520 ἢ
154 5446 383 5512 ἀτελῶς,
419 5450 513 5501 καὶ
543 5448 631 5502 διὰ
663 5448 823 5503 τοῦτο
858 5450 1097 5521 μερικῶς
1130 5450 1469 5523 ἡμάρτομεν,
1505 5454 1589 5525 εἴη
1606 5454 1672 5508 ἂν

1799 5450 2000 5504 ιιηιιίηο
2022 5449 2103 5503 vel
2134 5464 2202 5504 ex
2237 5459 2393 5517 parte
2424 5448 2833 5519 aberravimus,
2860 5445 2965 5500 erit
2990 5443 3354 5498 humanitatis

84 5538 192 5609 τῆς
228 5538 329 5608 σῆς
363 5538 806 5610 φιλανθρωπίας,
842 5540 953 5593 θεῖε
988 5540 1216 5612 Τιμόθεε
1243 5582 1257 5607 ,
1293 5542 1673 5615 ἐπανορθώσα-

89 5626 218 5683 σθαι
232 5628 324 5682 τὸν
338 5629 608 5694 ἀκουσίως
639 5630 937 5699 ἀγνοοῦντα
962 5632 1056 5684 καὶ
1079 5630 1269 5702 μαθεῖν
1287 5632 1559 5703 δεόμενον.
1578 5635 1673 5687 καὶ

252 5820 278 5848 ιι
314 5810 336 5865 ι
370 5812 560 5868 Thess.
601 5827 671 5876 tv,
724 5810 811 5865 lii.
910 5819 935 5847 ⁸
970 5810 986 5864 l
1020 5810 1147 5865 Cor.
1188 5826 1281 5865 xm
1308 5850 1321 5875 ,
1359 5812 1448 5865 12.

1780 5552 1905 5610 tute,
1934 5544 2115 5598 divine
2146 5542 2433 5597 Timothee
2452 5581 2468 5607 ,
2497 5541 2773 5610 corrigere
2798 5554 2904 5593 non
2957 5547 3147 5607 sponte
3196 5535 3353 5603 igno-

1782 5644 2015 5701 rantem,
2034 5645 2090 5691 et
2105 5636 2316 5692 discere
2342 5635 2672 5703 cupientem,
2698 5642 2753 5689 et
2772 5630 3148 5686 inﬁrmitatem
3171 5639 3348 5682 meam
