3866 6232
172 356 281 413 997
1206 342 1295 395 DE
1334 342 1643 397 MYSTICA
1682 338 2073 396 THEOLOGIA
2102 380 2116 401 ,
2160 335 2313 391 CAP.
2353 337 2394 390 l.
3326 332 3434 388 998

184 464 3421 502 Μ

1389 638 1616 726 ΤΟΥ
1653 638 1797 724 ΕΝ
1834 632 2198 722 ΑΓΙΟΙΣ.

366 834 1580 1012 ΔΙΟΝΥΣΙΟΥ
1662 824 3242 1005 ΑΡΕΟΠΑΓΙΤΟΥ

1720 1099 1881 1152 ΠΕΡΙ

915 1270 1712 1401 [ΥΣΤΙΚΗΣ
1793 1259 2780 1398 ΘΕΟΛΟΓΙΑΣ

1509 1502 1708 1555 ΠΡΟΣ
1743 1494 2115 1554 ΤΙΜΟΘΕΟΝ

1615 1825 2036 1922 SANCTI

670 2045 1554 2204 DIONYSII
1641 2040 2928 2203 AREOPAG’ITXE

929 2492 1647 2629 MYSTICA
1741 2494 2664 2624 THEOLOGIA

1465 2734 1575 2794 AD
1622 2730 2118 2793 TIMOTHEUM

646 2908 994 2983 mterprele
1033 2900 1394 2963 Balthasare
1428 2895 1756 2969 Corderio,
1790 2896 2123 2960 Societatis
2155 2900 2313 2962 Jesu
2352 2899 2609 2961 doctore
2647 2897 2973 2978 theologo.

554 3229 1202 3321 ΚΕΦΑΛΑΙΟΝ
1261 3232 1374 3319 Α’.
1790 3229 1838 3286 Α

1790 3229 1838 3286 Α
2377 3238 2761 3330 CAPUT
2834 3243 2914 3328 Ι.

645 3374 739 3440 Τίς
769 3376 801 3427 ό
832 3371 988 3439 θεῖος
1015 3372 1257 3442 γνόφος.

2254 3376 2514 3443 Quaenam
2538 3379 2606 3432 sit
2637 3378 2816 3432 divina
2857 3380 3047 3451 caligo.

1462 3528 1795 3585 SYNOPSIS
1827 3529 2116 3585 CAPlTlS.

162 3648 207 3702 1.
278 3644 533 3699 Invocata
577 3642 680 3699 SS.
724 3641 1007 3714 Trinitate,
1067 3642 1239 3703 docet,
1305 3641 1374 3694 ad
1402 3643 1702 3714 mysticam
1744 3643 2260 3714 contemplationem,
2311 3647 2481 3697 nost'ii
2510 3652 2808 3714 'rerumque
2836 3646 3071 3699 omnium
3104 3645 3440 3704 abdicatione

239 3715 623 3786 assurgendum
652 3730 782 3768 esse.
816 3712 880 3767 ll.
917 3713 1159 3786 Ostendit
1183 3712 1442 3786 quomodo
1464 3714 1517 3765 in
1539 3712 1731 3786 divinis
1753 3713 2138 3786 procedendum
2159 3716 2228 3767 sit
2256 3729 2346 3786 per
2371 3712 2744 3786 afﬁrmationes
2769 3727 2818 3768 et
2846 3718 3168 3785 negationes.
3192 3717 3281 3775 ΙΙΙ.
3308 3720 3440 3786 Qui:

236 3789 311 3841 sit
333 3782 701 3854 compendiosa
732 3794 779 3838 et
806 3785 1020 3852 prolixa
1071 3783 1354 3853 theologia.
1386 3782 1517 3849 Quae
1553 3784 1677 3838 item
1710 3784 1881 3854 caligo
1912 3785 2002 3851 sit,
2038 3793 2087 3838 et
2113 3784 2372 3855 quomodo
2400 3785 2467 3837 ad
2495 3802 2611 3839 eam
2639 3782 3055 3857 ingredienitum.

1639 3937 1803 4012 539
1841 3944 1869 4017 §
1914 3943 1963 4003 Ι.

236 4090 408 4162 Τριὰς
431 4089 741 4162 ὑπερούσιε,
765 4090 860 4143 καὶ
897 4088 1154 4159 ὑπέρθεε,
1182 4089 1277 4142 καὶ
1297 4088 1631 4162 ὑπεράγαθε,
1651 4090 1753 4161 τῆς

1931 4090 2174 4146 Trinitas
2201 4089 2661 4160 supernaluralis,
2695 4098 2752 4145 et
2792 4103 3122 4165 supraquam
3170 4088 3355 4145 divina
3381 4100 3438 4147 et

158 4183 508 4257 Χριστιανῶν
557 4183 718 4253 ἕφορε
755 4181 1062 4251 θεοσοφίας,
1114 4180 1290 4234 ἴθυνον
1335 4183 1485 4252 ἡμᾶς
1531 4183 1624 4235 ἐπὶ
1652 4201 1682 4235 τ

1906 4197 2180 4255 ipraquam
2221 4183 2362 4237 bona
2395 4182 2728 4252 theosopliia:
2754 4180 3188 4237 Christianorum
3211 4198 3433 4252 praeses,

158 4278 277 4331 τῶν
317 4276 591 4348 μυστικῶν
637 4274 831 4343 λογίων
865 4274 1305 4345 ὑπεράγνωστον,
1350 4274 1444 4326 καὶ
1493 4274 1685 4345 ὑπερφ‹

1914 4276 2141 4343 rigenos
2171 4274 2237 4327 ad
2263 4274 2618 4344 mysticorum
2651 4274 2994 4330 oraculorum
3021 4272 3143 4343 plus
3168 4289 3331 4343 quam
3354 4276 3437 4329 in-

164 4370 264 4422 καὶ
296 4368 602 4439 ἀκροτάτην
625 4366 887 4437 κορυφὴν,
925 4365 1051 4419 ἔνθα
1083 4366 1151 4419 τὰ
1170 4366 1335 4430 ἁπλᾶ,
1358 4365 1453 4418 καὶ
1486 4366 1687 4418 ἀπόλυτ

1909 4363 2292 4431 :monslrabile,
2314 4372 2367 4417 et
2384 4364 2504 4434 plus
2525 4379 2685 4433 quam
2717 4363 2904 4418 lucens
2917 4370 3255 4439 etsummum
3284 4363 3436 4420 fasti-

162 4460 263 4513 καὶ
284 4437 528 4530 ἄτρεπτα
556 4459 655 4529 τῆς
680 4457 959 4525 θεολογίας
982 4458 1272 4529 μυστήρια,
1298 4455 1437 4509 κατὰ
1459 4457 1550 4509 τὸν
1580 4456 1689 4523 ὑπέη

1907 4471 2018 4521 um,
2040 4454 2129 4509 ubi
2151 4454 2440 4523 simplicia,
2468 4454 2806 4517 etabsoluta,
2832 4462 2885 4508 et
2908 4437 3263 4507 immutabilia
3279 4455 3434 4509 theo-

165 4567 347 4619 φωτον
373 4550 777 4618 ἐγκεκάλυπται
805 4551 848 4580 ⁷ί
882 4550 982 4620 τῆς
1011 4549 1416 4620 κρυφιομύστου
1448 4548 1605 4618 σιγῆς
1620 4566 1692 4615 γν<

1907 4546 2001 4615 giae
2020 4547 2299 4616 mysteria,
2335 4546 2654 4616 aperiuntur
2680 4545 2733 4598 in
2767 4543 2997 4614 caligine
3022 4543 3143 4613 plus
3172 4560 3329 4615 quam
3354 4545 3434 4598 lu-

164 4660 288 4711 (ρον,
312 4644 369 4695 ἐν
400 4640 478 4711 τῷ
512 4641 903 4710 σκοτεινοτάτῳ
951 4641 1011 4693 τὸ
1056 4640 1531 4711 ὑπερφανέστατον
1582 4640 1684 4692 ὑπε

1906 4647 2015 4692 ante
2035 4639 2236 4693 silentii
2267 4653 2471 4693 arcana
2495 4637 2760 4700 docentis,
2780 4652 2905 4706 qua:
2929 4636 2983 4689 in
3006 4636 3341 4692 obscuritate
3358 4645 3433 4692 te-

164 4734 484 4805 λάμποντα,
524 4734 617 4786 καὶ
650 4736 709 4786 ἐν
753 4733 831 4803 τῷ
875 4733 1108 4803 πάμπαν
1154 4735 1349 4802 ἀναφεί
1399 4734 1493 4786 καὶ
1537 4733 1691 4802 ἁοράπ

1906 4729 2302 4785 ebricosissima
2321 4729 2605 4800 plusquam
2630 4729 2936 4784 clarissime
2954 4728 3285 4798 superlucet,
3308 4740 3363 4784 et
3382 4731 3433 4784 in

164 4825 277 4878 τῶν
297 4823 622 4895 ὑπερκάλων
676 4822 913 4891 ὰγλαϊῶν
948 4824 1196 4896 ὑπερπλη
1208 4824 1399 4895 ροῧντα
1430 4824 1557 4887 τοὺς
1588 4825 1691 4893 ἀνοη

1906 4823 2170 4877 mnimoda
2204 4822 2630 4893 intangibilitate
2664 4829 2827 4891 atque
2854 4822 3259 4887 invisibilitale,
3290 4839 3433 4891 pra:-

169 4921 376 4991 μάτους
406 4920 554 4984 νόας.
595 4919 753 4991 Ἐμοὶ
774 4918 871 4988 μὲν
902 4914 994 4971 οὖν
1032 4919 1205 4972 ταῦτα
1229 4918 1416 4990 ηῡχθω
1435 4936 1448 4949 ·
1501 4921 1564 4972 σὺ
1590 4920 1647 4972 δὲ
1681 4922 1696 4950 ⁷

1903 4914 2099 4968 ulchris
2123 4913 2508 4981 splendoribus
2544 4921 2756 4968 mentes
2798 4912 2973 4967 oculis
2995 4922 3183 4983 captas
3242 4929 3430 4983 super—

164 5007 212 5065 ὦ
242 5011 362 5079 φίλε
401 5011 657 5082 Τιμόθεε,
690 5013 756 5081 τῇ
795 5009 925 5080 περὶ
955 5008 1025 5063 τὰ
1065 5009 1301 5079 μυστικὰ
1338 5009 1586 5080 θεάματα
1624 5027 1687 5061 συ

1904 5007 2130 5077 limplet.
2153 5005 2315 5078 540
2338 5005 2467 5061 Haec
2489 5007 2709 5075 quidem
2736 5020 2853 5060 mea
2879 5005 2991 5061 sint
3013 5015 3170 5070 vota;
3197 5014 3253 5061 tu
3279 5021 3431 5071 vero,

164 5102 307 5172 τόνῳ
338 5101 587 5172 διατριϐῇ
615 5100 710 5153 καὶ
741 5098 840 5162 τὰς
875 5098 1156 5170 αἰσθήσεις
1188 5098 1472 5163 ἀπόλειπε,
1512 5098 1606 5151 καὶ
1652 5116 1691 5151 τ‹

1904 5114 2022 5154 mare
2083 5096 2404 5162 Timolhee,
2446 5099 2500 5151 in
2558 5085 2805 5167 mysticis
2853 5098 3431 5167 contemplationibus,

164 5194 361 5266 νοερὰς
394 5194 674 5264 ἐνεργείας
700 5192 777 5256 ⁷³,
812 5192 905 5245 καὶ
936 5192 1112 5245 πάντα
1145 5190 1375 5261 αἰσθητά
1422 5192 1516 5244 καὶ
1562 5208 1688 5261 νοητ

1901 5199 2063 5245 itenta
2095 5189 2515 5253 exercitatione,
2539 5197 2596 5244 et
2644 5203 2842 5246 sensus
2875 5188 3146 5258 relinque,
3183 5199 3237 5243 et
3267 5188 3428 5242 intel-

165 5287 264 5341 καὶ
296 5286 475 5338 πάντα
496 5286 596 5338 οὐκ
612 5285 741 5337 ὄντα
768 5284 863 5338 καὶ
895 5283 1055 5347 ὄντα,
1097 5283 1192 5335 καὶ
1226 5283 1362 5354 πρὸς
1390 5283 1491 5356 τὴν
1534 5283 1692 5337 ἓνωσι

1901 5281 2116 5337 :ctualcs
2149 5281 2521 5351 operationcs.
2552 5289 2608 5335 et
2653 5279 2954 5343 sensibilis,
2987 5290 3043 5334 et
3072 5277 3428 5348 intelligibilia

163 5380 240 5443 ὼς
267 5378 508 5448 ἐφικτὸν,
528 5378 821 5445 ἀγνώστως
848 5374 1143 5443 ἀνατάθητι
1168 5373 1261 5426 τοῦ
1294 5374 1433 5444 ὑπὲρ
1464 5374 1646 5427 πᾶσαν
1664 5392 1690 5426 ο

1900 5374 2065 5438 nuiia,
2089 5380 2144 5426 et
2188 5387 2254 5426 ea
2296 5387 2416 5441 quae
2446 5382 2572 5427 sunt
2608 5381 2662 5428 et
2690 5386 2811 5441 quae
2842 5387 2949 5427 non
2991 5379 3117 5425 sunt
3153 5372 3427 5434 universa,

166 5470 292 5523 σίαν
326 5468 422 5524 καὶ
446 5467 676 5537 γνῶσιν·
704 5470 770 5538 τῇ
796 5466 905 5538 γὰρ
936 5466 1129 5521 ἑαυτοῦ
1154 5466 1247 5518 καὶ
1290 5464 1506 5518 πάντων
1538 5464 1693 5535 ὰσχέτ

1899 5474 1917 5517 ι
1954 5464 2021 5519 ad
2054 5463 2311 5517 unionem
2343 5464 2482 5535 ejus,
2503 5463 2594 5534 qui
2637 5477 2801 5534 supra
2831 5463 3125 5519 essentiam
3164 5470 3219 5516 et
3251 5461 3426 5518 scicn-

1445 5658 1679 5715 VARL‘E
1748 5657 2043 5714 LECTION
2055 5657 2157 5713 ES.

242 5832 283 5861 '“
323 5825 749 5891 ἐκκαλύπτεται,
787 5823 859 5881 ita
888 5822 1308 5899 Cyparissiotus.
1390 5824 1433 5853 ⁷²
1469 5821 1598 5890 γάρ.
1676 5818 1719 5851 ⁷³
1753 5817 2015 5892 αἰσθητὰς
2049 5816 2347 5891 ἐνεργείας,
2379 5816 2476 5873 Ch.
