3866 6232
427 378 531 432 999

1566 357 1622 412 S.
1659 349 1960 410 DIONYSII
1995 345 2460 403 ΑΒΕΟΡΑΟΙΤΑΞ

3561 335 3716 390 1ὒο0

429 496 558 546 tiam
595 501 705 559 est,
736 497 1000 560 quantum
1046 483 1127 538 fas
1151 489 1256 548 est,
1314 471 1879 532 indemoustrabiliter
1920 483 2007 522 as-

2149 467 2205 523 αὶ
2236 466 2484 538 ἀπολῦτῳ
2509 463 2760 537 καθαρῶς
2783 463 3034 517 ἐκστάσει
3063 461 3198 531 πρὸς
3244 459 3342 530 τὴν
3369 456 3716 529 ὑπεροὺσιον

429 600 658 657 surgas;
692 582 958 652 siquidem
987 592 1082 648 per
1120 574 1348 629 liberam
1374 580 1431 624 et
1463 567 1808 628 absolutam,
1833 571 1889 615 et
1911 576 2012 631 pn-

433 691 556 734 ram
581 678 652 733 tui
688 650 859 746 ipsius
887 688 915 726 a
950 671 1117 724 rebus
1173 665 1430 721 omnibus
1483 657 1896 718 evocationem,
1945 650 2015 705 ad

438 743 907 841 supernaturalem
947 763 1093 817 illum
1130 756 1383 827 caliginis
1409 755 1608 808 divina:
1635 748 1846 803 radium
1867 787 1883 811 ,
1917 743 2015 799 de—

447 838 637 919 tractis
664 859 920 916 omnibus
937 864 991 909 et
1016 868 1044 907 a
1073 849 1284 908 cunctis
1316 843 1606 915 expeditus
1628 881 1643 907 ,
1665 838 1942 895 eveheris.

2113 567 2208 619 τοῡ
2241 563 2383 618 θείου
2419 562 2641 624 σκότους
2675 561 2885 620 ἀκτῖνα,
2917 558 3094 610 πάντα
3109 553 3320 624 ἀφελὼν
3354 553 3449 605 καὶ
3472 553 3541 604 ἐκ
3567 551 3717 603 τεάν-

2116 680 2224 716 των
2255 657 2559 719 ἀπολυθεὶς,
2587 652 2884 724 ἀναχθήσῃ.

517 1175 640 1230 Haec
669 1178 850 1224 autem
883 1167 1028 1230 vide,
1057 1177 1125 1219 ne
1151 1163 1276 1234 quis
1305 1159 1489 1214 audiat
1521 1155 1843 1216 rudiorum',
1878 1151 2014 1204 istos

440 1269 584 1330 dico,
616 1263 711 1333 qui
741 1259 904 1314 rebus
927 1258 944 1328 (
968 1253 1344 1324 naturalibus)
1369 1251 1774 1310 adhaerescunt,
1799 1252 1856 1298 et
1880 1239 2016 1295 nihil

442 1360 586 1413 ultra
622 1353 893 1409 naturalia
919 1346 1410 1420 supernaturaliter
1453 1356 1578 1397 esse
1623 1337 2014 1407 imaginantur,

443 1448 693 1520 quinimo
726 1443 1063 1498 arbitrantur
1094 1453 1193 1494 sua
1221 1435 1530 1507 cognitione
1559 1444 1724 1485 nosse
1750 1443 1897 1490 eum,
1927 1423 2018 1496 qui

443 1519 613 1611 posuit
653 1537 892 1591 tenebras
942 1532 1221 1585 latibulum
1261 1544 1414 1582 suum
1450 1538 1498 1578 P.
1546 1523 1700 1590 Quod
1754 1519 1800 1574 si
1852 1532 2020 1586 supra

445 1642 660 1704 captum
693 1632 886 1685 horum
919 1627 1027 1682 sint
1055 1624 1367 1679 divinorum
1418 1618 1807 1690 mysteriorum
1859 1611 2018 1666 insti-

447 1727 722 1789 tutiones;
755 1722 884 1792 quid
913 1718 1111 1774 dixerit
1132 1716 1253 1787 quis
1284 1712 1351 1766 de
1388 1712 1496 1767 illis
1526 1711 1618 1781 qui
1655 1707 1826 1777 magis
1859 1705 2020 1758 rudes

449 1773 722 1789 ----.-----,
761 1773 790 1792 τ
923 1773 928 1774 ,
1020 1773 1030 1774 ,
1149 1773 1168 1787 ι
1545 1773 1558 1781 _
1747 1773 1770 1777 _

445 1829 594 1882 sunt,
624 1816 718 1886 qui
759 1828 1026 1869 summam
1075 1824 1298 1865 causam
1328 1807 1594 1870 omnium,
1618 1817 1687 1858 ex
1719 1801 1784 1855 iis
1812 1813 1933 1869 qua:
1961 1797 2014 1850 iu

2141 1781 2525 1858 ιπερκειμένην
2553 1773 2733 1828 αἰτίαν

447 1918 639 1964 natura
685 1921 864 1960 rerum
916 1913 1160 1957 extrema
1218 1905 1344 1953 sunt.
1396 1896 1724 1964 designant,
1775 1889 2019 1957 nihilque

447 2005 604 2058 aiunt
633 2014 749 2054 eam
781 1993 1108 2051 antecellcre
1137 1991 1316 2061 impiis
1361 1988 1658 2044 multarum
1717 1983 2016 2037 formarum

446 2092 801 2164 imaginibus,
831 2104 970 2157 quas
994 2086 1093 2155 ipsi
1127 2084 1358 2154 lingunt,
1381 2095 1506 2136 cum
1539 2084 1819 2147 oporteret
1843 2077 1894 2128 in
1931 2088 2019 2134 ea,

449 2195 509 2238 ut
532 2183 775 2240 oumium
815 2196 1003 2242 causa,
1035 2191 1230 2231 omnes
1255 2173 1465 2229 entium
1499 2169 1891 2224 aﬂirmationes
1914 2174 2026 2220 sta-

447 2288 604 2334 tuere
628 2292 690 2331 ac
721 2276 790 2331 de
811 2289 872 2330 ea
903 2272 1207 2333 aliirmarc;
1239 2267 1371 2336 quin
1399 2264 1519 2318 illas
1553 2262 1698 2332 ipsas
1724 2272 1916 2312 omnes
1953 2255 2023 2310 de

447 2393 512 2433 ea
543 2375 714 2447 magis
737 2373 955 2444 proprie
991 2384 1212 2437 negare,
1245 2375 1502 2434 tanquam
1529 2374 1692 2428 supra
1712 2357 1893 2414 omnia
1929 2370 2021 2408 su-

448 2445 863 2539 perexsistente,
899 2477 1000 2515 nec
1025 2459 1346 2514 existimare
1377 2451 1695 2522 negationes
1715 2445 2029 2502 afﬁrmatio-

449 2561 611 2616 nibus
637 2572 756 2612 esse
784 2553 1113 2617 contrarias,
1141 2550 1235 2606 sed
1262 2549 1436 2618 ipsam
1479 2545 1650 2600 multo
1701 2543 1941 2612 priorem
1973 2548 2028 2594 et

451 2651 790 2720 superiorem
863 2644 1268 2716 privationibus
1319 2654 1442 2696 esse
1489 2652 1652 2708 supra
1705 2650 1920 2691 omnem
1973 2642 2030 2689 et

453 2742 814 2803 ablutionem,
853 2748 910 2792 et
937 2735 1291 2806 positionem.

2188 1136 2404 1192 Τούτων
2433 1129 2488 1184 δὲ
2518 1128 2620 1197 ὅρα
2641 1164 2654 1187 ,
2682 1122 2830 1180 ὅπως
2889 1109 3071 1186 μηδεὶς
3113 1104 3220 1158 τῶν
3258 1097 3516 1170 ἀμυήτων
3565 1092 3707 1143 ἐπα-

2118 1232 2292 1300 κοὺση
2310 1245 2322 1258 ·
2359 1223 2580 1282 τούτους
2613 1216 2671 1268 δέ
2697 1229 2837 1283 φημι
2865 1205 2990 1268 τοὺς
3020 1205 3075 1255 ἐν
3103 1199 3213 1259 τοῖς
3239 1189 3384 1246 οὖσιν
3416 1181 3709 1254 ὲνιτίημέ-

2264 1290 2276 1303 ⁸
2879 1300 2899 1303 ““
3039 1296 3053 1303 ⁸
3275 1288 3286 1303 θ
3352 1302 3360 1303 κ
3403 1276 3534 1303 -ῗ-.--
3568 1294 3674 1303 _.___

2121 1276 2292 1303 """u
2374 1276 2382 1278 ν
2562 1276 2576 1282 ν
2711 1276 2721 1281 -
2760 1276 2792 1283 .-

2119 1343 2265 1388 νους,
2309 1319 2404 1375 καὶ
2439 1315 2588 1369 οὐδὲν
2618 1308 2760 1378 ὑπὲρ
2780 1304 2848 1356 τὰ
2877 1300 3005 1352 ὖντα
3032 1288 3363 1362 ὑπερουσίως
3397 1276 3538 1334 εἶναι
3567 1294 3708 1345 φαν-

3221 1385 3243 1388 “
3362 1375 3408 1388 Α·
3480 1374 3493 1388 ι
3577 1372 3588 1382 ·
3625 1386 3636 1388 -
3657 1369 3705 1388 τι

2129 1369 2265 1388 ⁷⁵⁸⁷11
2311 1369 2400 1375 --νυ
2732 1369 2743 1378 _

2118 1414 2469 1486 ταζομένους,
2496 1405 2609 1460 ἀλλ’
2639 1398 2915 1471 οἰομένους
2946 1390 3140 1444 εἰδέναι
3184 1385 3249 1452 τῇ
3288 1375 3408 1432 καθ’
3437 1369 3705 1431 αὑτοῦςτδ

2973 1484 2982 1486 ‘
3225 1473 3236 1486 ·
3368 1468 3380 1484 ο
3401 1465 3486 1486 -μῗ
3551 1463 3614 1486 In
3649 1459 3704 1486 ιι.

2129 1459 2469 1486 ἐ’-ννι--η-νι
2502 1459 2526 1460 η
2724 1459 2736 1471 .

2120 1508 2320 1580 γνώσει
2355 1503 2446 1556 τὸν
2474 1499 2698 1570 θέμενον
2735 1489 2923 1550 σκότος
2963 1473 3284 1548 ἀποκρυφὴν
3327 1465 3508 1521 αὑτοῦ,
3551 1463 3617 1514 Εἰ
3648 1459 3707 1510 δὲ

2124 1557 2266 1673 ὑπὲρ
2284 1597 2505 1656 τούτους
2541 1557 2678 1644 εἰσιν
2707 1586 2760 1637 αἱ
2795 1581 2935 1634 θεῖαι
2971 1558 3478 1673 μυσταγωγίαιζτί
3513 1557 3582 1662 ἀν
3621 1567 3706 1612 τις

2297 1648 2428 1762 πέρι
2468 1648 2579 1739 τῶν
2627 1677 2824 1751 μᾶλλον
2873 1667 3132 1740 ἀμύστων
3157 1702 3170 1725 ,
3199 1660 3314 1765 ὅσοι
3484 1648 3708 1754 παντων

2770 1764 2864 1820 καὶ
2890 1766 2955 1816 ὲκ
2989 1757 3096 1812 τῶν
3130 1758 3186 1808 ἔν
3214 1751 3326 1812 τοῖς
3357 1741 3508 1798 οὖσιν
3542 1737 3708 1808 iazi-

2124 1829 2149 1844 ν
2165 1829 2422 1858 ""l‘""r"
2439 1829 2446 1832 '
2467 1829 2492 1852 ’t

2121 1897 2229 1935 των
2251 1867 2762 1950 χαρακτηρίζουσιν,
2780 1859 2874 1913 καὶ
2893 1852 3046 1907 οὐδὲν
3068 1845 3234 1916 αὑτὴν
3259 1839 3553 1910 ὑπερέχειν
3575 1829 3712 1901 φασὶ

2132 1929 2195 1935 “'
2213 1929 2220 1932 '
2253 1929 2300 1950 Λ⁷
2327 1929 2338 1948 ι
2487 1929 2514 1941 ι.
2571 1929 2582 1930 κ

2122 1975 2230 2029 τῶν
2253 1963 2634 2036 πλαττομένων
2651 1955 2828 2015 αὑτοῖς
2853 1946 3026 2002 ἀθέων
3042 1942 3136 1996 καὶ
3164 1929 3454 1989 πολυειδῶν
3487 1942 3557 1996 μο
3567 1940 3713 1994 pasto-

3134 2031 3145 2036 ⁸
3258 2028 3281 2036 ⁸
3359 2024 3380 2036 "
3565 2013 3678 2036 --τ’λέ

2133 2013 2227 2029 ..μγ
2260 2013 2545 2036 ..η----την
2812 2013 2822 2015 ί

2129 2067 2334 2142 μάτων,
2365 2059 2482 2114 δέον
2507 2053 2592 2110 ἐπ’
2612 2050 2748 2118 αὑτῇ
2773 2044 2866 2099 καὶ
2887 2041 3066 2099 πάσας
3093 2031 3192 2094 τὰς
3217 2028 3324 2081 τῶν
3357 2024 3529 2076 ὅντων
3562 2013 3713 2142 τιθέζ

2860 2134 2879 2142 -
2901 2132 2912 2142 ·
3086 2125 3100 2142 ο
3179 2121 3392 2142 -ι----
3424 2111 3574 2142 -:-:..
3619 2124 3690 2142 ν..

2172 2105 2334 2127 ...ψη
2368 2105 2475 2114 νη,
2508 2105 2552 2110 ,κ
2725 2105 2748 2118 η

2127 2105 2214 2216 Sat
2238 2159 2283 2189 ⁷³
2319 2152 2415 2210 καὶ
2447 2143 2820 2213 καταφάσκειν
2857 2125 3147 2192 θέσειςμῦς
3176 2121 3392 2176 πάντων
3423 2105 3718 2181 αἰτίᾳ,καὶ

2129 2255 2308 2314 πάσας
2334 2243 2502 2307 αὑτὰς
2524 2235 2856 2309 κυριώτερον
2873 2222 3230 2292 ἀποφάσκειν,
3253 2213 3326 2276 ὡς
3357 2209 3500 2278 ὑπὲρ
3532 2204 3719 2255 πάντα

2697 2293 2902 2379 οἴεσθαι
2928 2317 3027 2378 τὰς
3055 2309 3354 2378 ἀποφάσεις
3392 2293 3722 2416 ἀντικειμέ-

2133 2387 2430 2416 ""'|""w
2465 2387 2492 2389 -ν
2592 2387 2604 2403 ι
2654 2387 2666 2400 ι
3677 2387 3689 2401 ν

2128 2459 2225 2505 νας
2256 2435 2394 2491 εἶναι
2425 2432 2544 2492 ταῖς
2579 2421 2972 2490 καταφάσεσιν,
3004 2406 3138 2464 ἀλλά
3159 2402 3292 2458 πολὺ
3319 2394 3593 2467 πρότερον
3631 2404 3726 2494 ac»:

2135 2479 2224 2505 η,
2256 2479 2394 2491 ...,..-
2585 2479 2588 2480 ,
2738 2479 2748 2490 ι

2129 2533 2229 2604 τὴν
2257 2528 2396 2596 ὑπὲρ
2421 2523 2517 2585 τὰς
2552 2515 2838 2587 στερήσεις
2868 2501 3006 2560 εἶναι
3049 2501 3147 2571 τὴν
3199 2493 3339 2562 ὑπὲρ
3386 2487 3579 2540 πᾶσαν
3628 2479 3726 2532 καὶ

2133 2620 2420 2691 ἀφαίρεσιν
2445 2611 2540 2666 καὶ
2566 2609 2714 2663 θέσιν
2745 2621 2760 2670 ;

1977 2828 2005 2899 ἓ
2081 2827 2191 2889 lll.

525 2975 641 3058 llac
689 2999 879 3068 utique
921 2995 1138 3051 ratione
1177 2991 1337 3046 divus
1367 2986 1799 3043 Bartholonncus
1854 2981 1932 3034 ait
1977 2988 2033 3032 et

454 3095 728 3164 copiosam
781 3105 906 3144 esse
965 3085 1288 3152 theologiam
1319 3122 1335 3148 ,
1389 3090 1446 3137 et
1495 3081 1776 3134 minimam
1810 3113 1826 3140 ,
1870 3083 2033 3141 atque

457 3183 808 3253 Evangelium
833 3178 1070 3248 amplum
1099 3185 1156 3230 et
1184 3187 1463 3244 magnum,
1505 3181 1562 3224 et
1607 3182 1800 3224 rursus
1845 3163 2031 3219 conci-
2063 3191 2104 3248 ο

455 3292 598 3332 sum.
624 3272 780 3338 Illud,
807 3279 864 3324 ut
890 3269 1020 3323 mihi
1054 3267 1290 3331 videtur,
1310 3262 1511 3320 eximie
1536 3260 1869 3330 intelligens,
1894 3255 2035 3326 quod

456 3365 692 3434 benigna
725 3362 971 3417 omnium
994 3373 1159 3413 causa
1193 3356 1262 3411 sit
1291 3365 1346 3410 et
1383 3352 1733 3421 multiloqua,
1761 3359 1816 3405 et
1846 3346 2035 3404 brevi-

459 3459 624 3528 loqua
657 3453 816 3510 simul
843 3463 1002 3522 atque
1029 3450 1232 3504 nullius
1279 3445 1556 3501 sermonis
1579 3485 1594 3509 ,
1633 3452 1824 3512 utpote
1879 3440 2036 3508 cujus

460 3564 637 3619 neque
669 3545 835 3601 dictio
884 3557 1058 3614 neque
1115 3537 1468 3609 intelligentia
1518 3536 1632 3599 sit,
1661 3531 1787 3603 quia
1823 3531 2038 3586 cunctis

458 3640 661 3697 creatis
676 3633 1200 3706 superessentialiter
1215 3647 1274 3688 su
1283 3630 1482 3702 peremi
1493 3637 1602 3693 net,
1617 3639 1669 3684 et
1687 3627 1892 3695 absque
1911 3637 2040 3692 ope-

463 3733 714 3787 rimentis
741 3745 804 3784 ac
830 3744 956 3784 vere
981 3725 1290 3783 ostenditur
1313 3724 1446 3780 solis
1472 3722 1564 3786 iis,
1582 3720 1673 3791 qui
1701 3726 1898 3774 cuncta
1920 3729 2041 3785 qua!

463 3824 700 3892 impura,
730 3833 960 3888 quaeque
989 3831 1126 3885 pura
1158 3823 1309 3880 sunt,
1344 3818 1762 3882 pertranseunt,
1792 3821 2040 3860 omnem-

463 3927 569 3984 que
627 3911 870 3965 omnium
955 3915 1268 3961 sanctorum
1335 3901 1683 3972 fastigiorum
1760 3909 2040 3952 ascensum

466 4003 884 4064 transcendunt,
917 4009 972 4054 et
996 3998 1180 4054 omnia
1209 3995 1392 4050 divina
1430 3992 1653 4056 lumina,
1688 4002 1744 4046 et
1775 4004 1958 4056 sonos,
1988 3995 2044 4042 et

466 4101 750 4153 sermones
782 4091 1039 4146 caelestes
1073 4088 1434 4156 relinquunt,
1472 4092 1527 4138 et
1549 4083 1604 4137 in
1629 4081 1916 4151 caliginem
1947 4079 2045 4132 ab-

466 4186 790 4248 sorbentur,
819 4181 909 4235 ubi
966 4194 1097 4233 vere
1155 4187 1260 4242 est,
1291 4177 1434 4230 sicut
1488 4174 1561 4227 ait
1606 4172 1910 4237 Scriptura,
1951 4169 2042 4236 qui

465 4291 551 4337 est
575 4280 720 4334 ultra
755 4275 962 4331 omnia.
992 4271 1112 4328 Non
1147 4273 1291 4327 enim
1346 4277 1549 4324 temere
1596 4265 1811 4320 divinus
1833 4261 2045 4331 Moyses

465 4374 675 4446 expiari
703 4372 937 4443 primum
977 4369 1096 4438 ipse
1120 4366 1372 4434 iubetur,
1420 4376 1486 4416 ac
1526 4358 1722 4414 deinde
1750 4371 1780 4410 a
1809 4369 1916 4409 non
1944 4369 2044 4407 cx-

467 4464 632 4536 piatis
665 4461 970 4534 segregari,
1001 4470 1058 4514 et
1083 4469 1209 4529 post
1238 4471 1454 4512 omnem
1481 4451 1847 4521 expiationem
1885 4446 2041 4518 551

2211 2968 2367 3022 Οὑτω
2392 2963 2522 3035 γοῦν
2547 2963 2575 3014 ό
2595 2961 2736 3020 θεῖος
2764 2947 3162 3026 Βαρθολομαίός
3185 2945 3230 2977 ⁷⁸
3258 2958 3424 3011 φησι,
3458 2938 3559 2991 καὶ
3599 2933 3712 2986 πολ-

2138 3064 2236 3134 λὴν
2253 3060 2350 3131 τὴν
2383 3030 2661 3122 θεολογίαν
2693 3045 2831 3102 εἶναι
2863 3045 2956 3098 καὶ
2979 3040 3298 3110 ἐλαχίστην·
3324 3035 3412 3088 καὶ
3444 3031 3506 3084 τὸ
3539 3030 3728 3095 Εὐαγ-

2139 3157 2317 3225 γέλιον
2347 3149 2519 3204 πλατὺ
2549 3146 2642 3200 καὶ
2696 3143 2861 3212 μέγα,
2907 3137 2999 3190 καὶ
3051 3129 3206 3194 αὖθις
3263 3121 3724 3194 συντετμημένον.

2151 3215 2304 3317 ξΕμοὶ
2327 3243 2473 3296 δοκεῖ
2495 3240 2538 3270 ⁷⁷
2573 3237 2749 3290 ἐκεῖνο
2781 3227 3073 3300 ὑπερφυῶς
3096 3222 3374 3292 ἐννοήσας,
3401 3218 3489 3270 ὅτι
3508 3215 3610 3268 καὶ
3631 3231 3724 3266 πο-

2137 3306 2360 3406 λύλογός
2390 3338 2537 3388 ἐστιν
2567 3332 2600 3401 ή
2644 3324 2824 3396 ἀγαθὴ
2850 3322 3066 3375 πάντων
3097 3315 3268 3377 αἰτία,
3317 3311 3412 3366 καὶ
3456 3306 3729 3379 βραχύλε-

2140 3400 2408 3497 mea,”
2456 3423 2548 3476 καὶ
2593 3400 2813 3486 ἀλογος,
2867 3415 2942 3477 ὡς
2995 3409 3119 3464 οὗτε
3174 3406 3330 3474 λόγον
3378 3401 3509 3454 οὒτε
3540 3400 3732 3468 νόησιν

2142 3523 2359 3594 ἔχουσα,
2389 3516 2477 3571 διὰ
2505 3515 2569 3567 τδ
2594 3513 2811 3566 πάντων
2833 3504 3003 3574 αὑτὴν
3032 3503 3136 3555 ὑπε
3147 3497 3371 3572 ρουσίως
3393 3489 3734 3562 ὑπερκειμέ-

2140 3632 2237 3687 νην
2259 3609 2416 3674 εἶναι,
2449 3608 2542 3662 καὶ
2574 3605 2753 3676 μόνοις
2776 3603 2880 3655 ἀπε
2888 3595 3254 3670 ρικαλύπτως,
3278 3589 3372 3641 καὶ
3392 3583 3619 3655 ἀληθῶς
3642 3586 3732 3635 ἐκ·

2143 3672 2476 3778 φαινομένην
2497 3672 2614 3760 τοές
2641 3695 2736 3749 καὶ
2762 3691 2830 3746 τὰ
2859 3687 3028 3757 έναγῆ
3057 3684 3237 3738 πάντα
3271 3679 3365 3732 καὶ
3410 3677 3483 3729 τά
3513 3672 3734 3743 καθαρὰ

2141 3794 2496 3853 διαϐαίνουσι,
2535 3789 2631 3842 καὶ
2650 3785 2828 3838 πᾶσαν
2850 3776 3040 3832 πασῶν
3065 3772 3235 3843 ἁγίων
3253 3769 3576 3841 ἀκροτήτων
3606 3764 3734 3816 ἀνά-

2145 3889 2305 3942 ϐασιν
2339 3879 2761 3953 ὑπερϐαίνουσι,
2803 3872 2899 3926 καὶ
2946 3869 3124 3922 πάντα
3168 3865 3287 3917 θεῖα
3328 3861 3372 3892 ⁷⁸
3405 3860 3604 3928 φῶτα,
3647 3857 3739 3908 καὶ

2145 3982 2330 4052 ἤχους,
2367 3950 2464 4029 και
2484 3973 2676 4040 λόγους
2709 3965 2994 4038 οὐρανίους
3019 3955 3460 4028 ἀπολιμπάνουσι
3480 3991 3495 4016 ,
3525 3950 3627 4003 καὶ
3659 3951 3740 4012 εἰς

2145 4077 2238 4129 τὸν
2265 4071 2462 4142 γνόφον
2487 4061 2873 4133 εἰσδυομένοις,
2903 4053 2964 4110 οὑ
2985 4054 3153 4115 όντως
3178 4050 3346 4110 ἐστὶν,
3379 4046 3456 4109 ὡς
3472 4043 3540 4096 τά
3581 4041 3740 4109 λόγιὰ

2147 4133 2312 4235 φησιν
2338 4203 2352 4228 ,
2435 4160 2656 4214 πάντων
2702 4151 2979 4206 ἐπέκεινα.
3016 4145 3127 4200 Καὶ
3162 4141 3274 4212 γὰρ
3317 4139 3416 4208 οὑχ
3467 4133 3662 4196 ἀτελῶς
3713 4134 3739 4183 ὀ

2148 4226 2289 4319 θείος
2320 4226 2559 4321 Μωῦσῆς
2586 4242 3033 4314 ἀποκαθαρθῆναι
3071 4235 3289 4308 πρῶτον
3316 4231 3483 4292 αὐτὸς
3515 4226 3739 4280 κελεύε-

2147 4367 2238 4404 ται
2267 4349 2335 4414 ⁸⁷⁸,
2367 4347 2461 4400 καὶ
2482 4340 2637 4405 αὖθις
2666 4339 2774 4392 τῶν
2805 4337 2880 4408 μὴ
2909 4331 3167 4387 τοιούτων
3207 4323 3580 4397 ἀφορισθῆναι
3601 4362 3616 4385 ,
3649 4318 3740 4372 καὶ

2155 4440 2290 4513 μετά
2320 4440 2501 4492 πᾶσαν
2519 4431 2895 4500 ἀποκάθαρσιν
2916 4423 3104 4479 ἀκούει
3126 4422 3237 4474 τῶν
3256 4414 3596 4484 πολυφώνων
3627 4410 3742 4464 σαλ-

469 4503 632 4536 ,ιηιυα
665 4503 970 4534 σμο.υο....,
1003 4503 1058 4514 ..-
1084 4503 1209 4529 νυ..-
1240 4503 1454 4512 ν---------
1775 4503 1784 4504 ,
1885 4503 2030 4518 *Ὕ-

468 4557 623 4612 audit
649 4555 974 4610 multisonas
1007 4552 1165 4606 tubas
1193 4590 1208 4616 ,
1268 4547 1554 4614 ceruilque
1592 4541 1760 4597 multa
1817 4539 2019 4593 lumina

2153 4503 2390 4602 πίγγων,
2423 4530 2470 4561 ³ο
2505 4527 2607 4597 ὁρᾷ
2664 4521 2822 4593 φῶτα
2873 4516 3044 4570 πολλά
3073 4556 3087 4580 ,
3143 4510 3394 4582 καθαρὰς
3450 4503 3740 4574 ἀπαστρά-

468 4665 639 4720 puros
665 4663 727 4703 ac
760 4646 1089 4717 multiplices
1111 4642 1293 4698 radios
1321 4637 1588 4710 jacentia:
1631 4634 1972 4704 postmodum
2014 4645 2044 4684 a

470 4740 826 4795 multitudine
865 4745 1177 4808 separatur,
1209 4745 1410 4788 etcum
1445 4729 1637 4785 electis
1671 4724 2048 4781 sacerdotibus

472 4835 543 4890 ad
575 4849 846 4890 summum
879 4831 1160 4900 fastigium
1192 4827 1502 4882 divinorum
1548 4835 1873 4877 ascensuum
1925 4833 2050 4890 pcr-

475 4930 702 4998 tingitQ.
745 4925 852 4980 Sed
885 4927 1148 4979 hactenus
1196 4922 1437 4975 nondum
1483 4924 1734 4972 versatur
1781 4929 1904 4969 cum
1933 4913 2050 4983 ipso

474 5020 610 5083 Deo,
647 5031 747 5071 nec
779 5030 900 5069 eum
937 5016 1082 5068 videt
1109 5007 1549 5084 (inaspectabilis
1591 5006 1737 5060 enim
1775 5004 1913 5074 est),
1955 5003 2050 5057 sed

474 5111 660 5165 locum
694 5106 785 5161 ubi
813 5105 968 5160 stetit
993 5113 1038 5158 τ.
1068 5102 1182 5158 Hoc
1226 5112 1406 5156 autem
1432 5098 1685 5154 existimo
1713 5094 2045 5164 signiﬁcare,

477 5203 822 5258 divinissima
845 5209 899 5254 et
918 5211 1130 5252 summa
1165 5209 1356 5250 eorum
1386 5207 1508 5261 qua:
1537 5199 1842 5244 cernuntur
1863 5195 1920 5241 et
1966 5185 2050 5238 in-

481 5295 822 5364 telliguntur,
861 5291 1103 5344 rationes
1155 5286 1421 5356 quasdam
1450 5296 1570 5338 esse
1606 5296 1728 5351 qua:
1767 5277 2056 5347 subjiciant

553 5419 580 5458 ιι
616 5406 762 5462 Psal.
799 5419 938 5471 xvn,
974 5401 1060 5456 ‘12.
1139 5411 1167 5450 τι
1205 5399 1369 5454 Exod.
1404 5413 1516 5452 χιιι.

1617 5404 1638 5431 ι’
1674 5393 1851 5448 Exod.
1889 5407 2090 5445 ιιιιιιιιι.

2156 4638 2358 4676 πτοντα
2400 4621 2442 4651 ⁸³
2475 4617 2572 4670 καὶ
2601 4613 2934 4685 πολυχὺτους
2961 4608 3184 4667 ἀκτῖνας
3203 4619 3217 4632 ⁸
3245 4598 3364 4654 εἶτα
3393 4597 3508 4651 τῶν
3530 4593 3742 4648 πολλῶν

2156 4708 2598 4786 ἀφώρισται,καὶ
2639 4706 2779 4760 κατὰ
2809 4707 2851 4736 ⁸³
2878 4703 2986 4756 τῶν
3015 4698 3283 4769 ἐκκρίτων
3326 4694 3372 4725 ⁸³
3405 4690 3605 4762 ἱερέων
3654 4685 3743 4739 ἐπὶ

2155 4780 2255 4879 την
2281 4780 2560 4876 ἀκρότητα
2583 4799 2692 4853 τῶν
2715 4798 2874 4850 θείων
2894 4795 3209 4849 ἀναϐάσεων
3232 4788 3445 4857 φθάνει.
3476 4785 3600 4842 Κάν
3626 4780 3745 4832 τοὺ-

2155 4920 2269 4965 τοις
2293 4897 2442 4970 αὑτῷ
2473 4898 2569 4968 μὲν
2592 4896 2652 4948 οὐ
2687 4891 2995 4961 συγγίνεται
3026 4886 3104 4957 τῷ
3131 4882 3270 4952 Θεῷ,
3303 4879 3506 4950 θεωρεῖ
3558 4877 3617 4929 δὲ
3649 4874 3744 4926 οὑκ

2157 4994 2320 5048 αὑτὸν
2371 4965 2631 5062 (ἀθέατος
2651 4985 2828 5057 γάρ’)
2873 4980 3007 5036 ἀλλά
3059 4979 3150 5032 τὸν
3198 4976 3360 5028 τόπον
3400 4966 3463 5026 οὗ
3509 4974 3628 5022 ἐστι
3669 4965 3741 5014 ⁸³⁵.

2157 5086 2328 5140 Τοῦτο
2355 5059 2412 5138 δέ
2438 5079 2593 5154 οἶμαι
2623 5077 2910 5152 σημαίνειν
2925 5077 2969 5108 ³⁵
2998 5074 3061 5128 τὸ
3079 5071 3148 5126 τά
3171 5070 3422 5125 θειότατα
3453 5065 3552 5118 καὶ
3580 5059 3717 5130 ἀκρὸ
3739 5092 3743 5095 -

2157 5197 2296 5234 τατα
2326 5177 2434 5231 τῶν
2455 5173 2747 5248 ὁρωμένων
2772 5169 2866 5224 καὶ
2880 5167 3182 5239 νοουμένων
3205 5158 3563 5220 ὑποθετικούς
3594 5169 3742 5212 τινας

2160 5270 2298 5327 εἶναι
2330 5271 2522 5338 λόγους
2557 5266 2667 5320 τῶν
2715 5260 3171 5332 ὑποϐεϐλημένων
3219 5255 3297 5326 τῷ
3328 5254 3512 5307 πάντα
3558 5245 3741 5318 ὑπερέ-

1752 5548 1984 5605 ΫΑΒΙᾸΕ
2054 5544 2346 5601 LECTION
2355 5543 2458 5598 ES.

553 5677 600 5707 ’⁷⁸⁵
631 5677 902 5746 οἰομένους
935 5672 1092 5738 ε’ναι,
1126 5675 1234 5746 Ch.
1263 5673 1381 5746 κατ’
1404 5671 1617 5746 αὑτούς,
1653 5670 1731 5746 D._
1747 5668 1868 5746 καθ’
1903 5664 2149 5729 ἑαυτούς,
2171 5664 2228 5718 S.

489 5745 550 5798 ι).
627 5748 671 5778 ’⁷⁸
699 5745 876 5799 πάντα
907 5747 973 5798 τά
1007 5748 1144 5809 θεῖα,
1214 5745 1350 5807 8,,1).

492 5815 545 5868 S.
582 5814 639 5866 Ρ.
752 5812 964 5885 Βδὲστη,
1001 5817 1041 5870 S
1095 5817 1151 5869 Ι).
1193 5816 1250 5868 ι).
1291 5816 1381 5870 Sc.

1427 5745 1469 5774 ⁷9
1501 5760 1575 5794 πα
1585 5739 1954 5812 ρακελεύεται.
1998 5737 2054 5792 S.

1459 5813 1502 5843 ⁸⁵
1541 5811 1811 5881 σημαίνει.

2306 5663 2350 5693 ⁷⁵
2384 5661 2638 5718 τεθεῖναι,
2675 5655 2733 5708 S.

2811 5653 2857 5683 ’⁷⁸
2884 5648 3304 5723 Βαρτολομαῖος,
3342 5643 3428 5723 ΒΣ-
3483 5639 3724 5723 Ἡδοκεῖν,

2149 5738 2193 5766 ⁸⁰
2230 5733 2341 5787 καί.
2419 5733 2460 5763 ⁸¹
2498 5729 2896 5800 ἀστράπτοντα,
2936 5719 2993 5777 S.
3066 5721 3111 5753 ⁸³
3147 5719 3304 5792 μετὰ.

3385 5715 3428 5747 ⁸³
3453 5711 3722 5783 ἐγκρίτων,
