3866 6232
419 300 557 356 1003
1132 300 1135 303 ’
1558 294 1625 349 S.
1667 292 1946 351 DIONYSI'

2167 290 2468 352 )PAGI‘I‘E
2906 342 2909 343 ν
3536 295 3694 352 ιροι

416 414 644 469 sicrium
685 411 1044 467 sanctissima-
1070 408 1353 465 Trinitatis
1393 410 1548 465 nobis
1586 410 1845 475 declaret,
1871 425 1993 462 cum
2021 419 2245 464 econtra
2286 413 2463 466 omnis
2495 411 2755 478 cognitio,
2788 427 2951 481 quam
2988 413 3254 467 habemus
3284 427 3349 466 es
3376 415 3661 468 creaturis

418 487 673 538 videatur
700 484 884 552 potius
916 485 1226 554 ostendere,
1258 482 1361 536 hoc
1389 485 1709 554 mysterium
1728 496 1867 554 esse
1887 480 2241 554 impossibile.
2276 483 2455 546 Quare
2487 485 2588 537 etsi
2630 483 2732 538 hoc
2762 480 3075 554 mysterium
3106 502 3213 536 non
3253 486 3325 536 sit
3358 494 3558 537 contra
3596 500 3655 537 ra

418 557 643 612 tionem.
675 551 756 624 (ut
787 554 950 621 aliqui
985 552 1121 605 l‘also
1153 554 1410 624 dixerunt
1437 551 1455 618 ;“
1491 552 1617 621 qttia
1646 551 1908 624 quidquid
1940 552 2166 624 veritati
2194 554 2589 624 conti-ariatnr,
2634 569 2737 607 non
2770 551 2931 610 debet
2969 556 3075 609 dic’i
3115 556 3282 613 ratio.
3315 556 3408 607 sed
3439 568 3674 623 error;;

417 638 501 679 est
530 622 708 677 tamen
736 639 897 694 supra
929 638 1146 677 omnem
1174 623 1439 694 rationem
1474 623 1797 694 naturalem,
1838 622 1907 673 ita
1939 631 2018 694 ut.
2059 622 2269 675 seclusa
2296 623 2649 689 revelatioue,
2687 640 2963 691 nunquam
2998 627 3161 693 possit
3195 625 3370 687 nobis,
3409 622 3671 693 tanquam

418 698 653 767 positive
679 693 979 764 probabile,
1008 694 1193 767 venire
1222 693 1564 767 intuentem,
1598 693 1697 767 hoc
1725 693 2043 762 mysterium
2075 707 2197 745 esse
2214 694 2507 767 possibile.
2537 696 2661 767 quia
2695 696 2827 767 nihil
2858 708 2941 750 est
2971 700 3112 747 unde
3146 712 3266 767 eam
3300 696 3682 767 cognitionem

419 763 694 835 possimus
720 767 1028 829 concipere,
1057 764 1130 836 uti
1158 763 1356 830 passim
1386 763 1617 836 theologi
1647 764 1698 815 in
1730 773 1949 836 pariet.
1985 773 2182 836 quaest.
2211 764 2302 836 52,
2335 766 2552 836 docent.
2580 763 2750 836 Simul
2790 775 2970 820 tamen
3000 777 3145 820 recte
3183 765 3385 818 dicitur
3415 766 3520 820 hoc
3556 782 3685 836 my-

420 832 647 891 sterium
695 850 1029 906 supraquami
1063 833 1275 906 lucens;
1310 835 1552 906 quiaubi
1578 832 1766 887 lumen
1800 832 2028 906 rationis
2058 833 2274 906 caecutit
2296 845 2351 887 et
2380 834 2582 899 deﬁcit,
2607 835 2680 889 ibi
2712 836 2890 891 lumen
2928 836 3050 890 fidei
3091 839 3303 890 acutius
3337 837 3526 890 rutilat
3556 832 3688 890 cre-

392 906 623 976 .dendo,
655 903 817 976 quain
852 903 1121 976 quaelibet
1160 904 1333 976 logica
1370 905 1449 956 vel
1496 905 1885 976 mathematica
1919 903 2264 976 ratiocinatio
2300 906 2752 969 demonstrando,
2794 908 2993 976 quippe
3030 907 3207 959 lumen
3246 909 3686 972 snpernatursle

421 988 587 1044 atque
615 975 917 1037 inl‘allibile,
980 974 1123 1044 quod
1159 974 1266 1026 falli
1301 990 1406 1027 non
1435 980 1630 1042 potest,
1666 990 1763 1029 nec
1796 974 2017 1036 fallere;
2066 988 2207 1026 unae
2243 974 2367 1028 licet
2406 976 2607 1028 niillain
2658 974 2838 1043 pariat
2872 974 3226 1037 evidentiam,
3276 978 3439 1030 habet
3485 987 3681 1032 tamen

419 1048 801 1103 ceriitudinem
840 1045 1082 1114 qualibet
1115 1046 1386 1115 evidentia
1422 1045 1704 1109 majorem.
1736 1045 1969 1099 Possunt
2005 1045 2117 1097 haec
2149 1047 2314 1097 etiam
2354 1047 2421 1100 de
2463 1046 2549 1098 illa
2591 1048 2923 1102 revelatioue
2954 1049 3161 1114 accipi,
3195 1062 3317 1115 quae
3359 1047 3682 1102 claritatem

398 1119 623 1181 liabeat
652 1133 719 1171 ex
749 1113 1044 1188 revelante,
1072 1116 1157 1168 ubi
1187 1113 1450 1180 simplicia
1485 1128 1530 1169 et
1562 1115 1910 1188 absoluta,gid
1940 1124 2022 1188 est
2051 1128 2263 1188 eaquae
2291 1116 2616 1188 ιιιιύυνείοιιιί
2651 1128 2800 1180 sunt,
2833 1121 2951 1172 sine
2978 1113 3292 1188 sytiiliolicis
3327 1120 3681 1183 integumen-

422 1192 508 1256 lis,
544 1195 597 1241 et
627 1189 744 1241 sine
771 1186 1069 1255 parabolis,
1100 1202 1165 1241 ac
1188 1188 1306 1238 sine
1332 1188 1534 1257 verbis.
1569 1201 1690 1252 qtiie
1726 1185 2090 1253 explicatione
2128 1186 2393 1253 indigent,
2438 1187 2821 1257 intelliguntur
2852 1199 2906 1241 ct
2934 1185 3205 1252 videntur,
3241 1188 3350 1241 Deo
3385 1189 3682 1254 aperiente

396 1260 702 1328 'niysteria,
728 1273 849 1325 qtize
883 1259 963 1311 sic
998 1264 1219 1328 ostensa
1254 1266 1308 1309 et
1337 1256 1596 1321 revelata,
1623 1269 1726 1328 nou
1756 1264 1983 1320 possunt
2009 1264 2195 1321 postea
2220 1271 2471 1328 sermone
2501 1261 2771 1328 expromi.
2794 1259 2936 1312 sicut
2960 1258 3020 1311 S.
3053 1258 3252 1312 Paulus
3292 1257 3545 1326 Dionysii
3593 1260 3683 1311 in—

418 1325 661 1391 stitittor,
688 1340 754 1382 de
788 1326 1090 1394 liujnsinodi
1126 1327 1334 1381 visione
1367 1342 1429 1380 ac
1464 1326 1797 1380 revelatione
1827 1328 2212 1397 mysteriorum
2249 1325 2481 1395 simplici
2515 1325 2869 1392 etabsolnta,
2900 1330 2952 1383 id
2979 1338 3066 1382 est
3096 1330 3236 1382 nuda
3265 1339 3320 1383 et
3347 1325 3566 1397 aperta,
3596 1345 3684 1380 re-

419 1401 583 1453 motis
608 1399 871 1470 symbolis
898 1408 964 1470 ct
980 1398 1171 1470 verbis
1194 1397 1563 1470 explicatione
1602 1398 1996 1470 indigentibus,
2040 1395 2092 1448 in
2134 1408 2291 1470 raptu
2323 1397 2425 1470 illo
2456 1413 2554 1452 suo
2580 1399 2838 1470 scripsit:
2877 1399 3010 1470 Qua:
3042 1416 3145 1452 non
3174 1400 3311 1458 licet,
3350 1395 3553 1466 inquit,
3584 1401 3685 1470 Ito:

418 1472 550 1522 mini
585 1459 726 1549 loqui
755 1481 781 1507 ιι
806 1486 821 1530 ς
850 1468 1058 1549 adlice
1090 1469 1232 1549 enim
1267 1459 1476 1548 videtur
1503 1459 2075 1549 Dionysius-retulisse
2105 1459 2369 1549 (νεύει-υἱεῖ
2398 1468 2556 1532 dixit,
2584 1468 2639 1521 in
2666 1459 2912 1549 caligine-
2926 1469 3203 1549 plusquam
3235 1459 3440 1549 lucente
3469 1459 3684 1548 silentii

419 1557 619 1593 arcana
648 1536 907 1592 ’docentis.
933 1538 1229 1608 Ualigitiein
1259 1538 1495 1601 vocavit,
1527 1536 1655 1606 quae
1688 1537 1909 1603 Paulus,
1940 1536 2177 1608 ἇρῤητα,
2221 1536 2271 1589 iil
2309 1546 2393 1590 est
2428 1554 2628 1592 arcana
2654 1554 2673 1602 ;
2709 1536 2822 1593 haec
2852 1536 2997 1592 enim
3029 1539 3443 1601 obscurissima,
3470 1536 3529 1591 ἐι
3560 1554 3687 1607 qua:

419 1611 677 1679 explicari
709 1624 814 1663 non
849 1620 1080 1678 possunt
1114 1610 1278 1671 (sicut
1307 1622 1480 1679 neque
1512 1609 1683 1661 vuleri
1721 1619 1903 1677 potest
1927 1610 2123 1672 caligo,
2159 1622 2334 1676 neque
2366 1624 2486 1675 qua:
2517 1609 2752 1677 caligine
2774 1610 2992 1664 obtecta
3024 1617 3172 1671 sunt)
3201 1611 3354 1672 vidit,
3384 1618 3441 1661 et
3468 1624 3687 1674 cogno-

418 1678 503 1734 vit
530 1682 729 1734 Paulus
761 1684 812 1733 iii
843 1681 957 1731 luce
986 1680 1303 1733 clarissima:
1335 1678 1678 1732 revelatiouis
1713 1682 1828 1732 sine
1861 1678 1985 1731 ullis
2009 1679 2289 1747 symbolis.
2324 1679 2459 1733 Illud
2488 1680 2653 1733 etiam
2690 1681 3086 1735 observandum
3115 1690 3198 1733 est
3227 1682 3318 1747 (ne
3346 1681 3470 1747 qu's
3500 1682 3686 1733 inter-

418 1752 783 1819 pretationem
819 1762 1021 1819 temere
1055 1749 1433 1818 repreheudat,
1466 1750 1608 1819 quod
1637 1752 1926 1814 vertimus,
1953 1750 2266 1817 aperiuntur
2294 1750 2349 1803 in
2381 1750 2627 1819 caligine)
2658 1751 2797 1804 male
2825 1751 2931 1819 legi
2976 1752 3027 1803 in
3066 1751 3466 1818 exemplaribus
3490 1750 3687 1805 hacleo

422 1818 523 1875 nus
551 1822 712 1874 editis
743 1818 1167 1887 ἐγκαλύπτεται,
1213 1822 1265 1873 id
1298 1828 1381 1873 est
1411 1830 1682 1889 teguntur,
1715 1836 1837 1872 cuni
1874 1821 2064 1874 melius
2108 1822 2372 1888 repererit
2410 1818 2710 1874 Turrianus
2748 1818 2935 1875 noster
2963 1823 3016 1875 iii
3052 1821 3347 1887 exemplari
3387 1835 3490 1875 itis.
3532 1821 3685 1888 quod

422 1890 821 1962 Cyparissiotus
852 1892 1056 1956 habuit,
1082 1890 1505 1953 ὲκκαλύπτεται,
1544 1891 1594 1943 id
1638 1901 1723 1945 est
1757 1894 2097 1960 detegantur.
2127 1889 2224 1944 Cui
2273 1891 2438 1944 etiam
2495 1892 2710 1945 lectioni
2756 1892 3078 1958 astiptilatur
3114 1908 3214 1943 nis.
3247 1893 3531 1957 exemplar
3562 1889 3688 1944 Cae-

421 1961 660 2017 sareum.
691 1961 868 2015 Possit
892 1963 1057 2014 etiam
1088 1978 1193 2014 iioit
1227 1964 1518 2029 incongrue
1549 1976 1643 2029 per
1670 1964 1958 2029 caliginem
1995 1962 2215 2030 intelligi
2248 1962 2404 2031 llilcs.
2436 1976 2557 2031 quae
2583 1971 2668 2015 est
2695 1969 3079 2028 sperandarum
3123 1962 3426 2013 substantia
3472 1974 3680 2022 rerum,

418 2042 788 2103 argumentum
819 2047 923 2084 non
953 2036 1382 2099 apparentium'.
1410 2032 1691 2103 Siquidem
1739 2034 1789 2103 in
1833 2032 1943 2093 illa,
1990 2043 2208 2101 propter
2241 2030 2402 2102 543
2434 2030 2823 2086 obscuritatem
2860 2034 3000 2101 ejus,
3033 2042 3283 2097 tanquam
3321 2032 3376 2083 in
3423 2034 3685 2100 caligine,

423 2101 519 2158 sed
553 2114 771 2172 propter
801 2104 1270 2168 superiiaturaleui
1297 2116 1457 2169 quam
1482 2116 1545 2153 ex
1578 2101 2098 2155 diviutl'testiuioiiio
2127 2101 2417 2170 participat
2441 2103 2852 2166 certitudiiieui,
2906 2120 3227 2171 supraquam
3253 2102 3482 2165 lucente,
3506 2119 3682 2171 supra

421 2189 636 2227 omnem
682 2174 979 2225 naturalem
1012 2174 1550 2232 demonstrationem,
1580 2174 1865 2233 silentium,
1899 2174 2170 2241 quoddam
2221 2176 2489 2240 reperitur
2536 2189 2752 2225 arcanae
2797 2187 2895 2226 seu
2937 2178 3181 2242 mysticae
3229 2173 3507 2237 doctrinte,
3561 2190 3685 2237 qua:

415 2261 529 2297 non
561 2245 719 2297 estin
741 2243 1172 2310 persuasibilibus
1204 2247 1449 2294 humana:
1475 2242 1750 2306 sapientiae
1783 2245 1971 2303 verbis,
1997 2245 2084 2294 sed
2118 2244 2171 2294 in
2203 2245 2501 2297 ostensione
2526 2256 2742 2311 spiritus
2773 2254 2818 2295 et
2848 2244 3085 2308 virtutis,
3116 2254 3168 2295 ut
3196 2244 3326 2309 ﬁdes
3354 2254 3540 2295 nostra
3575 2260 3685 2294 non

422 2326 489 2367 sit
520 2318 573 2368 in
600 2316 860 2380 sapientia
892 2313 1186 2378 hominum,
1228 2314 1317 2364 sed
1360 2314 1416 2363 in
1460 2314 1648 2364 virtute
1680 2313 1839 2365 Deil.
1876 2315 2007 2377 Qua:
2036 2313 2091 2366 in
2121 2312 2441 2366 obscuritate
2480 2314 2981 2377 tenebricosissima,
3014 2324 3237 2381 propter
3280 2314 3683 2366 tnevidentiatii

415 2401 606 2438 rerum
640 2384 1055 2445 credendarutn,
1098 2383 1216 2450 plus
1245 2397 1403 2449 quam
1452 2381 1764 2447 clarissime,
1810 2393 2028 2451 propter
2068 2384 2394 2437 evidentiam
2436 2384 2834 2445 credibilitatis,
2878 2401 3037 2452 quam
3077 2385 3292 2453 parittnt
3329 2395 3471 2437 nata:
3513 2386 3683 2445 litlei;

424 2456 721 2526 superlucel
758 2468 917 2526 supra
950 2469 1164 2507 onmem
1197 2453 1552 2526 scientilicaiii
1587 2454 2132 2511 demonstrationem.
2166 2465 2385 2522 propter
2416 2456 2652 2509 divinam
2689 2458 3101 2516 revelatzoneiii,
3135 2469 3221 2506 cui
3253 2468 3516 2526 assensus
3556 2456 3683 2507 tidei

426 2523 738 2579 immediate
776 2525 1047 2587 innititur,
1088 2537 1143 2577 et
1180 2524 1373 2577 exinde
1400 2525 1778 2578 certitudineni
1820 2526 2047 2578 sortitur
2084 2530 2295 2591 (utpote
2335 2531 2837 2592 supernaturalem)
2885 2526 3128 2593 qualibet
3164 2523 3398 2577 naturali
3442 2527 3681 2577 scientia

428 2600 601 2665 magis
630 2595 989 2650 inlallibilem.
1025 2594 1092 2665 Et
1117 2595 1170 2647 in
1198 2594 1504 2665 omnimodo
1534 2594 1942 2663 intangibilitate
1963 2605 2119 2663 atque
2140 2594 2505 2648 invisibilitute
2532 2597 2913 2665 mysteriorum
2938 2611 3153 2648 omnem
3186 2604 3384 2649 tactum
3413 2604 3467 2647 et
3498 2596 3683 2647 visum

423 2662 798 2735 etl'u—gieiitinm
830 2662 1179 2734 prtepulrltris
1210 2664 1581 2735 splendoribus
1614 2662 1833 2717 IUttIllllS
1864 2662 2054 2729 divini,
2085 2666 2273 2735 mentis
2299 2666 2469 2718 oculis
2496 2662 2701 2729 captas,
2749 2668 2799 2718 id
2844 2674 2947 2728 est,
2991 2680 3286 2719 secundum
3312 2664 3684 2735 Apostoluai,

424 2742 481 2789 in
518 2732 873 2802 captivitatem
904 2732 1194 2805 redigentes
1227 2750 1432 2805 omnem
1455 2734 1770 2787 intellectum
1805 2736 1860 2787 in
1888 2734 2193 2803 obsequium
2229 2732 2493 2789 Christir.
2520 2737 2944 2803 Superadimplet
2989 2738 3127 2789 omni
3156 2734 3353 2802 gaudio
3385 2747 3435 2785 et
3463 2751 3601 2803 pace
3628 2737 3684 2788 iis

423 2808 683 2861 credendo
716 2808 780 2859 ιγ
809 2817 863 2858 ut
891 2816 1098 2875 possnit
1153 2804 1586 2872 comprehendere
1614 2820 1733 2857 cum
1763 2806 2001 2857 omnibus
2049 2808 2402 2876 sanctisque:
2429 2816 2495 2859 sit
2528 2807 2755 2858 latitudo
2783 2819 2830 2859 et
2863 2808 3159 2874 longitudo,
3190 2815 3237 2857 et
3266 2807 3601 2867 sublimitas,
3634 2818 3684 2857 et

424 2881 748 2949 profundum
780 2891 799 2928 :
833 2879 969 2931 scire
993 2879 1151 2931 etiam
1182 2878 1650 2942 supereminentem
1678 2880 1912 2929 scientiae
1941 2877 2240 2949 claritatem
2272 2879 2491 2943 Litt-isti,
2530 2888 2585 2929 ut
2623 2879 2953 2949 impleantur
2978 2878 3033 2949 in
3066 2891 3271 2949 omnem
3283 2878 3683 2949 plenitudinem

426 2944 526 3002 Dei
551 2960 601 3002 ι.
652 2947 781 3002 Haec
812 2949 1040 3017 quidem,
1075 2950 1272 3016 inquit,
1304 2960 1431 3017 mea
1475 2955 1577 2998 sint
1622 2958 1762 3010 uota,
1794 2949 1897 2999 hoc
1933 2956 2015 2999 est
2057 2948 2201 3016 quod
2237 2960 2390 3017 opto,
2430 2949 2574 3016 quod
2608 2944 2878 3001 desidero.
2930 2946 3198 3013 Deinceps
3232 2944 3585 2998 Timotheum
3618 2950 3685 2999 ad

428 3022 715 3089 mysticam
752 3014 1272 3089 contemplationem
1300 3014 1609 3089 itil'ormansi
1631 3019 1707 3069 ait
1736 3033 1750 3069 :
1786 3017 1864 3068 Tu
1895 3031 2032 3083 vero,
2065 3014 2222 3089 citare
2262 3014 2546 3082 'I'imotliee,
2592 3021 2650 3070 iu
2690 3017 2925 3086 mysticis
2963 3031 3144 3070 rerum
3173 3017 3480 3089 divinarum
3513 3026 3689 3084 atque

426 3086 729 3144 ctialestiuiu
760 3086 1300 3157 contemplationibus,
1327 3100 1433 3139 non
1461 3088 1613 3155 segni
1640 3097 1692 3140 et
1723 3090 1977 3151 remissa,
2002 3091 2094 3141 sed
2121 3088 2362 3157 diligenti
2398 3101 2454 3142 et
2477 3091 2678 3141 intenta
2702 3089 3076 3141 exercitatione
3101 3097 3152 3139 te
3178 3086 3403 3157 excolas
3418 3100 3643 3153 oportet
3667 3105 3682 3139 :

424 3173 485 3217 et
511 3167 632 3215 ideo
663 3176 845 3214 sensus
884 3156 1136 3228 relinque,
1164 3159 1280 3226 qui,
1310 3166 1497 3224 utpote
1526 3157 1812 3220 animales,
1852 3176 1958 3212 non
1991 3159 2211 3225 capiunt
2233 3156 2295 3212 ea
2329 3174 2450 3228 quae
2488 3172 2614 3213 sunt
2642 3159 2864 3228 spiritus
2885 3157 2943 3223 b;
2986 3167 3043 3211 et
3080 3156 3464 3210 intellectuales
3493 3173 3689 3223 opera-

416 3240 619 3297 .tiones,
649 3233 885 3295 scilicet,
912 3226 1048 3298 quas
1073 3230 1387 3283 intellectus
1414 3243 1581 3297 agens
1611 3243 1640 3280 a
1676 3238 1837 3282 rebus
1865 3229 2216 3283 setisibilibus
2244 3226 2535 3285 absiractis
2566 3226 2874 3297 speciebus,
2909 3229 2963 3281 iii
3002 3228 3276 3282 intellecm
3310 3228 3557 3295 patiente
3592 3246 3689 3280 na-

430 3306 682 3358 turaliter
717 3302 1003 3363 elloriiiat;
1043 3310 1100 3354 et
1144 3302 1414 3352 seustbtlia
1456 3301 1699 3351 omnium
1740 3314 2000 3353 Sensuuni
2041 3299 2275 3366 objecta,
2317 3310 2373 3354 et
2408 3300 2760 3369 iutelligibitia
2795 3303 2975 3352 omnia
3008 3300 3275 3368 principia
3322 3299 3684 3351 scientiarum

427 3375 764 3428 naturalium
792 3388 854 3425 ac
886 3371 1392 3436 ratiociiiatioiiuni,
1423 3380 1477 3423 et
1525 3386 1587 3421 ea
1619 3386 1737 3436 qua:
1760 3382 1905 3434 sunt,
1934 3372 1984 3423 id
2011 3381 2096 3423 est
2128 3387 2306 3423 rerum
2331 3373 2622 3433 essetitias,
2647 3386 2767 3439 quae
2793 3372 2937 3439 quod
2962 3370 3315 3423 iiivariabiles
3345 3379 3481 3431 sint,
3506 3385 3538 3421 a
3565 3372 3683 3439 plii-

417 3444 673 3514 losopliis
704 3443 922 3513 proprie
950 3444 1205 3495 dicuntur
1236 3454 1396 3514 esse;
1434 3449 1491 3493 et
1526 3455 1588 3492 ea
1615 3457 1733 3509 quae
1762 3457 1863 3494 non
1909 3448 2029 3494 sunt
2072 3443 2339 3514 universe,
2379 3444 2428 3495 id
2456 3450 2541 3495 est
2580 3457 2771 3494 omnes
2810 3455 2899 3495 res
2939 3440 3286 3514 temporales,
3314 3455 3438 3508 qua:
3464 3453 3689 3508 propter

429 3510 748 3571 continuam
775 3510 1131 3567 mutationem
1163 3513 1486 3565 dicebantur
1512 3527 1541 3564 a
1574 3514 1911 3581 pliilOSOphis
1936 3528 2044 3564 non
2076 3527 2216 3565 esse.
2252 3510 2322 3564 Ut
2357 3514 2426 3565 ad
2457 3514 2726 3575 unionem,
2757 3528 2880 3583 qua:
2902 3526 3000 3580 per
3028 3513 3355 3583 cliaritateui
3382 3514 3451 3583 lit
3473 3522 3532 3583 et
3561 3527 3689 3578 gra-

431 3592 564 3641 tiam
611 3586 723 3655 ejus
753 3588 841 3656 qui
874 3600 1030 3649 supra
1059 3584 1339 3656 essentiam
1356 3594 1464 3656 est,
1498 3592 1558 3656 ut
1590 3580 2079 3656 auctoressctitiae,
2108 3584 2352 3651 qualibet
2379 3583 2728 3656 conceptibili
2760 3580 2793 3635 ii
2821 3584 2978 3656 nobis
3006 3580 3606 3656 essetitiaisuiiliiuior,
3637 3593 3692 3636 et

428 3666 595 3725 Supra
617 3653 832 3709 omnem
861 3656 1135 3708 notionem
1164 3653 1401 3708 uotioiiis
1425 3654 1849 3722 desigtiatriceui
1872 3655 2161 3718 exsisteiis,
2187 3666 2442 3724 quantum
2467 3669 2561 3722 per
2586 3655 2817 3723 gratiam
2840 3653 2925 3722 fas
2952 3667 3049 3717 est,
3077 3668 3174 3722 per
3199 3654 3382 3717 tidem,
3410 3655 3694 3707 indemnit-

424 3728 727 3783 strabiliter
754 3729 869 3780 sine
901 3728 1121 3779 notione
1149 3725 1254 3777 ulla
1286 3725 1543 3789 naturali,
1576 3726 2065 3792 supernaturaliter
2092 3741 2363 3795 assurgas.
2386 3725 2519 3778 Nam
2554 3727 2704 3787 lides,
2732 3728 2823 3778 cui
2853 3725 2998 3777 nulla
3030 3725 3428 3777 demonstratio
3458 3725 3551 3776 vel
3588 3742 3692 3775 ua-

428 3800 625 3852 turalis
660 3804 809 3851 notio
833 3796 1182 3865 sull'ragatur,
1213 3795 1420 3862 primus
1448 3797 1646 3863 gradus
1671 3807 1754 3865 est
1786 3812 1892 3863 quo
1934 3797 2280 3850 ascendimus
2307 3799 2374 3851 ad
2400 3798 2749 3857 cliaritatetn,
2777 3810 2883 3864 qua
2911 3811 3038 3849 cum
3074 3798 3183 3848 Deo
3214 3798 3608 3862 conjuiigitnur
3639 3805 3694 3849 et

431 3872 676 3922 uniinur.
710 3869 984 3937 Siquidem
1012 3864 1109 3934 per
1142 3867 1380 3937 liberant,
1422 3868 1481 3937 id
1519 3878 1603 3920 est
1642 3864 2027 3930 voluntariam,
2082 3879 2128 3919 et
2161 3868 2477 3931 absolutam,
2514 3869 2565 3919 id
2603 3875 2686 3919 est
2724 3868 2854 3919 nulli
2884 3876 3154 3919 creatura:
3187 3867 3690 3928 adhaarescenteiu,

431 3954 478 3993 et
500 3940 798 4008 puraiit,-id
829 3951 911 3992 est
944 3939 1241 3999 sinceram,
1270 3936 1346 3987 tui
1384 3936 1568 4008 ipsius,
1595 3938 1791 4008 auium;
1813 3939 2024 3990 scilicet
2053 3948 2109 4008 et
2129 3938 2767 4006 allectiouuin‘corporis,
2798 3952 2833 3989 α
2862 3940 3011 3989 rebus
3041 3937 3280 3989 omnibus
3308 3937 3544 3999 creatis,
3570 3937 3693 3989 sive

430 4006 727 4065 sensilibus
753 4012 867 4062 sive
892 4008 1315 4065 nitellect'ilibus,
1340 4006 1932 4071 avocationem,Grtece
1950 4007 2226 4071 ἐκστάσει,
2256 4009 2306 4063 id
2329 4008 2794 4075 estperexstasim
2811 4022 2904 4061 seu
2923 4021 3207 4061 excessum
3226 4010 3521 4074 quemdam
3542 4022 3695 4059 umo-

431 4085 536 4144 ris,
565 4090 620 4133 et
655 4082 854 4133 inclitis
894 4080 1340 4143 abstractioneni,
1378 4089 1543 4147 atque
1570 4080 1812 4132 omnium
1845 4081 2284 4147 abnegationem,
2315 4082 2383 4132 ad
2409 4080 2862 4147 superuaturalem
2906 4076 3078 4141 illum,
3113 4078 3179 4129 ad
3224 4093 3387 4144 quem
3422 4078 3692 4129 naturalis

422 4156 614 4206 omnis
648 4152 875 4203 intuitus
899 4150 1256 4216 obstupescit,
1312 4151 1555 4218 caliginis
1583 4148 1775 4201 divina:
1800 4150 2032 4213 radium,
2059 4150 2147 4203 ubi
2174 4166 2268 4218 per
2295 4152 2454 4203 lidem
2488 4150 2632 4202 Deus
2657 4151 3102 4217 apprehenditur,
3134 4159 3187 4199 et
3215 4147 3690 4218 pet-dilectionem

424 4227 632 4276 anima:
666 4232 873 4285 itiittur,
898 4226 1149 4272 detractis
1173 4217 1435 4286 omnibus,
1463 4230 1571 4273 tam
1601 4234 1861 4272 sensuum
1888 4235 2051 4289 quam
2079 4217 2557 4275 rati’ocitiationuin
2578 4221 2927 4289 ambagibus,
2951 4228 3000 4272 et
3031 4235 3063 4271 a
3088 4218 3293 4271 cunctis
3326 4217 3693 4285 impedimen-

428 4299 507 4349 tis
530 4294 799 4362 expeditus
827 4293 1075 4353 eveheris,
1110 4301 1164 4343 et
1195 4294 1488 4362 aiiagogice
1516 4290 1918 4362 subliinaberis.

512 4357 610 4419 Ubi
653 4376 802 4425 uota,
845 4367 1119 4431 quomodo
1148 4357 1643 4427 ιιὴςειιὰκξνώστως,
1691 4360 1743 4413 id
1788 4373 1876 4414 est
1917 4361 2477 4426 indeitianstrabiliter,
2521 4362 2730 4430 alisque
2780 4362 3003 4414 notione
3037 4357 3296 4420 naturali,
3336 4357 3404 4409 ad
3446 4358 3691 4411 divinam

428 4439 697 4491 unionem
716 4436 1125 4498 assumendum
1166 4448 1310 4485 eSse.
1353 4432 1468 4484 [κου
1499 4432 1643 4484 enim
1680 4432 1897 4485 curiose
1930 4433 2316 4501 inquirendum
2360 4442 2461 4494 est,
2495 4450 2595 4487 nec
2644 4435 3001 4485 demonstrari
3053 4441 3225 4497 potest
3270 4434 3549 4497 quomodo
3600 4436 3693 4484 tiat

438 4510 541 4562 ista
575 4509 817 4575 cngnitio
851 4507 1090 4575 mystica:
1124 4504 1407 4571 theologia:
1439 4504 1965 4575 percopulationetn
1994 4519 2115 4557 cum
2159 4503 2289 4568 Deo,
2326 4506 2510 4557 relicta
2539 4506 2687 4558 omni
2720 4504 2830 4555 alia
2866 4504 3177 4575 cognitione
3209 4516 3412 4564 reruni,
3456 4512 3508 4551 iu
3542 4506 3689 4571 quod

436 4573 942 4643 Paulus—apostolus
971 4576 1320 4643 signiﬁcavit,
1348 4589 1471 4625 cum
1498 4573 1635 4625 dixit
1658 4576 1724 4626 de
1746 4574 1832 4624 illa
1856 4589 1954 4625 sua
1986 4590 2110 4627 cuin
2140 4575 2247 4627 Deo
2272 4575 2634 4643 copulatione,
2662 4576 2718 4628 in
2745 4590 2851 4640 qua
2880 4584 3135 4643 mysteria
3162 4574 3251 4623 illa
3275 4587 3486 4624 arcana
3518 4575 3689 4624 ηιΙιιε

435 4648 561 4703 Sive
589 4651 909 4715 incorpore,
941 4648 1229 4699 sive-extra
1267 4660 1478 4713 corpus,
1510 4644 1719 4707 nescio;
1747 4644 1887 4697 Deus
1921 4649 2081 4697 scitC.
2108 4645 2322 4709 Nescio,
2357 4650 2551 4713 inquit,
2583 4648 2635 4700 id
2668 4654 2750 4699 est
2795 4660 2899 4697 non
2932 4646 3147 4715 curiose
3188 4644 3428 4709 inquiro,
3451 4657 3567 4715 uec
3594 4645 3691 4694 de-

438 4712 952 4780 nionstrare‘uleo,
982 4718 1111 4770 satis
1146 4717 1275 4768 milii
1315 4712 1397 4769 eSt
1431 4716 1629 4767 vidisse
1656 4725 1709 4767 et
1742 4718 1960 4768 audisse
2003 4731 2201 4770 arcana
2243 4717 2329 4769 illa
2372 4712 2559 4780 verba,
2598 4728 2709 4770 etc.
2742 4716 2962 4769 Lessius
2998 4716 3052 4766 in
3089 4713 3415 4765 Prtetatione
3449 4712 3573 4764 libri
3616 4715 3693 4764 De

436 4789 844 4857 perfectionibus
876 4792 1085 4851 uicinis,
1118 4788 1194 4839 ait
1230 4786 1541 4857 Dionysium
1578 4785 1668 4838 hic
1700 4801 1860 4854 agere
1897 4790 1963 4839 de
1997 4788 2154 4840 modo
2194 4787 2283 4840 illo
2311 4789 2752 4850 contemplandi,
2789 4801 2841 4838 iti
2880 4800 2987 4853 quo
3022 4785 3389 4857 consideratis
3431 4797 3692 4835 accurate

435 4855 870 4933 permotionibus
896 4862 1113 4933 divinis,
1144 4856 1505 4933 quatenus-ad
1533 4868 1741 4908 certain
1770 4860 2006 4933 speciem
2039 4859 2303 4933 limitatio,
2332 4875 2395 4912 ac
2422 4860 2561 4911 inter
2586 4876 2644 4913 se
2677 4855 3301 4933 distinctaeeliciuntur,
3329 4871 3485 4906 uictis
3508 4868 3693 4905 assur-

440 4928 518 4998 gn
542 4935 608 4982 ad
640 4930 843 4996 aliquid
878 4930 1163 4983 sublimius
1190 4936 1242 4979 et
1283 4928 1640 4999 illiuiitatuin,
1669 4932 1921 4981 omnibus
1950 4930 2066 4981 istis
2092 4928 2307 4982 itilitiite
2335 4940 2700 4999 praestantius,
2732 4930 2918 4994 illique
2950 4929 3133 4995 ignoto
3166 4930 3325 4978 modo
3352 4942 3410 4978 se
3446 4936 3693 4977 content-

438 5002 683 5073 platioue
704 5000 1294 5073 et‘autorecomungit.
1335 4998 1655 5051 lleisentius
1684 4998 1751 5073 ad
1788 5004 1932 5073 hunc
1962 5000 2162 5063 locum,
2199 5015 2295 5068 per
2324 4998 2608 5069 ealigiiiem
2644 5002 2897 5064 intelligit
2933 5000 3159 5073 lteisub
3193 5000 3579 5073 ratioue_lucis
3610 5012 3693 5047 in-

440 5067 640 5126 creatae
684 5080 740 5123 et
772 5070 1160 5124 inaccessibilis
1192 5067 1245 5122 in
1286 5085 1481 5121 anima:
1515 5069 1813 5122 essentiam
1851 5071 2119 5135 illapsum,
2164 5067 2255 5139 qui
2297 5067 2466 5139 ipsum
2509 5074 2597 5123 illa
2636 5070 2994 5125 itiaccessibtli
3044 5069 3161 5121 luce
3201 5067 3497 5137 perluudat
3530 5076 3692 5131 atque

440 5141 767 5207 absorbeat;
800 5140 880 5192 vel
909 5152 1056 5193 certe
1082 5142 1228 5193 illaut
1253 5154 1564 5208 supremam
1598 5142 2055 5205 conjunctioiieiii,
2082 5156 2185 5209 qua
2216 5159 2395 5193 anima
2424 5158 2585 5208 supra
2610 5158 2810 5196 omnes
2829 5142 3105 5208 potentias
3127 5148 3417 5192 seiiSiIIVas
3444 5147 3501 5189 et
3536 5147 3694 5187 tutet-

437 5216 724 5276 lectuales,
754 5225 915 5279 supra
940 5225 1130 5264 omnes
1158 5225 1353 5263 sensus
1384 5218 1477 5261 aut
1505 5218 1708 5262 utentis
1733 5213 2081 5277 Operatioues
2112 5215 2424 5265 immediate
2457 5216 2685 5267 inhaeret
2716 5214 2822 5266 beo
2856 5226 2953 5279 per
2984 5214 3228 5263 intimam
3263 5209 3690 5261 translustoocut

438 5292 525 5342 tut
550 5295 619 5337 ita
646 5284 863 5351 l0qttar)
891 5284 1142 5335 essentia:
1172 5282 1286 5346 Dei,
1318 5296 1439 5348 qua:
1468 5281 1559 5331 lux
1595 5282 1809 5354 itilinita
1843 5291 1950 5347 est,
1984 5299 2035 5335 iii
2067 5288 2358 5336 θεδωιιιιειιιι
2391 5290 2625 5349 annuae;
2659 5300 2755 5354 per
2790 5298 2951 5351 quain
2982 5285 3235 5333 nimirum
3260 5280 3499 5354 speciali
3533 5282 3690 5329 iii-nlo

439 5357 623 5408 anima
651 5356 744 5407 Dci
780 5364 938 5407 sedes
967 5354 1368 5415 constituatur,
1403 5362 1496 5402 aut
1528 5358 1694 5403 etiam
1728 5353 1868 5408 Deus
1898 5356 2094 5406 anima:
2122 5366 2357 5407 otiatur.
2401 5356 2697 5423 Caligineiii
2731 5366 2911 5406 autem
2952 5363 3111 5406 vocat
3147 5353 3356 5423 duplici
3383 5364 3451 5401 ue
3479 5362 3639 5423 causa
3668 5360 3683 5397 :

440 5426 645 5489 l‘riiiia,
689 5427 832 5492 quod
864 5425 1032 5478 Deum
1059 5424 1348 5485 caliginem
1383 5425 1695 5475 inhabitare
1727 5424 2010 5495 Scriptura
2038 5434 2340 5494 pertitoeat.
2375 5418 2551 5479 Nube}
2582 5439 2628 5478 et
2663 5428 2835 5493 caligo
2866 5426 2921 5475 in
2951 5424 3173 5475 circuitu
3199 5418 3400 5490 ejus-4;
3433 5432 3491 5472 et
3524 5422 3681 5470 aliut;

512 5693 537 5753 tt
575 5680 613 5733 ll
649 5679 773 5732 Cor.
812 5695 908 5753 xit,
942 5681 996 5733 4.
1048 5690 1097 5753 __'
1136 5679 1272 5734 Heli.
1316 5695 1392 5743 si,
1428 5679 1481 5753 j.
1562 5693 1586 5753 ξ
1624 5676 1802 5753 lCtir.
1868 5692 1926 5741 ii,
1963 5676 2016 5753 ιί.

2155 5680 2170 5731 l
2205 5678 2334 5735 Cor.
2368 5694 2424 5747 ι,
2458 5679 2510 5733 5.
2610 5688 2631 5718 ι
2670 5680 2825 5736 Ιὶυιιι.
2865 5698 2952 5745 ιν,
2996 5682 3078 5737 l3.
3176 5695 3201 5721 ι
3243 5682 3442 5753 lipfies.
3480 5692 3563 5743 in,
3603 5674 3677 5727 18-

442 5751 471 5792 b
505 5751 521 5803 l
557 5759 682 5805 tior.
721 5767 781 5815 ii,
827 5752 905 5802 t4.
985 5763 1005 5787 υ
1047 5751 1087 5803 ll
1122 5754 1247 5805 Cor.
1292 5766 1393 5815 sti,
1428 5750 1481 5802 5.
1557 5748 1584 5786 ά
1623 5748 1766 5803 Psal.
1806 5763 1944 5816 xcw,
1978 5752 2035 5803 2.
