3866 6232
338 410 468 469 1011
1508 414 1568 472 8.
1610 415 1862 473 [ΜΟΝἲὸ

2064 417 2414 475 ΕΟΡΛΟΙΤᾸΞ
3447 424 3591 477 1012

342 540 455 583 erat
488 530 580 607 illa
610 534 800 607 nubes,
833 546 974 607 quae,
1006 530 1260 607 loquente
1293 535 1516 589 Domino
1544 554 1665 591 eum
1700 538 1900 607 Moyse.
1935 549 2171 590 montem
2212 538 2360 592 Sinai
2386 526 2660 605 operiebat
2693 538 2737 591 τ.
2769 536 2869 592 Ubi
2896 556 3010 594 vere
3047 550 3143 603 est,
3170 543 3309 595 sicut
3328 543 3403 594 ait
3438 540 3590 595 Scri-

340 607 517 664 Ptura,
543 602 682 678 Psal.
720 604 965 678 ηιμ-6)
1010 602 1185 678 Nalm
1221 617 1268 659 et
1308 608 1475 673 caligo
1515 610 1567 661 in
1598 602 1817 663 circuitu
1854 611 2007 671 eius:
2038 618 2090 662 et
2130 609 2299 663 Exod.
2336 602 2432 671 xx,
2459 608 2521 659 24
2563 628 2575 661 :
2620 609 2825 678 Moyses
2853 614 3071 665 accessit
3112 602 3181 664 ad
3218 614 3489 673 (aliainem
3529 614 3587 664 in

340 686 443 750 ana
480 684 594 727 erat
637 675 791 750 Deus
829 675 932 750 Qui
961 684 1034 728 est
1064 674 1200 728 ultra
1232 680 1427 750 omnia,
1468 680 1673 733 scilicet
1702 692 1904 734 creata.
1940 678 2057 733 Non
2090 681 2225 733 enim
2257 690 2444 733 temere
2474 681 2683 733 divinus
2712 674 2941 747 'Mayses
2979 684 3183 743 expiari
3209 685 3434 749 primum
3475 686 3589 743 ipse

347 742 573 806 iubetur,
604 763 666 798 ac
706 747 894 798 deinde
920 764 951 798 a
981 763 1081 797 non
1120 749 1353 820 expiatis
1390 755 1670 811 seareqari.
1716 751 1880 803 Exodi
1914 752 2057 803 enim
2090 767 2180 803 χιχ
2215 752 2429 814 legitur.
2463 767 2568 813 quo
2599 762 2756 814 pacto
2788 742 2949 813 Dens,
2979 754 3069 820 qui
3116 755 3166 806 in
3210 742 3439 819 caligine.
3484 742 3585 806 de-

341 826 638 891 scensurus
670 826 810 877 erat,
844 819 1164 891 praeceperit
1204 819 1455 884 populum
1496 821 1825 875 sanctiiiCari
1856 832 1909 874 et
1938 824 2105 876 lavari
2151 836 2165 875 :
2196 823 2248 875 itt
2291 838 2397 888 quo
2431 822 2733 882 intelligere
2775 819 3088 891 promptum
3131 836 3237 882 est,
3269 827 3442 889 ipsum
3473 842 3585 885 pra!

341 886 556 936 cteteris
597 886 763 939 lotum
794 896 848 939 et
880 890 1157 945 exnialllm
1201 891 1266 941 ad
1300 901 1535 942 n-ontcm
1580 894 1895 950 accessisse.
1931 892 1998 945 Et
2043 905 2155 951 post
2204 886 2406 946 omnem
2453 886 2826 955 ervi/itionem,
2859 895 3005 946 audit
3050 886 3362 949 multisonas
3404 898 3579 954 tubas.

342 966 611 1034 gratique
642 957 809 1011 multa
844 959 1066 1034 Iuntina.
1102 976 1261 1023 puros
1292 980 1353 1014 ac
1379 962 1689 1025 multiplices
1727 965 1902 1016 radio:
1922 963 2199 1034 jacientia.
2237 963 2360 1017 Haac
2390 965 2511 1014 vide
2551 962 2718 1016 Exod.
2750 980 2839 1017 XI!
2880 975 2929 1017 et
2955 981 3047 1023 xx.
3078 965 3247 1019 fusius
3281 966 3580 1030 descripta-

351 1021 697 1100 Postmodum
729 1046 759 1079 a
794 1021 1135 1082 multitudine
1170 1043 1450 1096 separatur
1473 1021 1659 1087 etcum
1685 1034 1858 1087 electis
1883 1021 2261 1092 sticerdotibus.
2295 1050 2402 1086 uno
2423 1035 2638 1100 quidem
2659 1045 2743 1084 aut
2770 1021 3049 1100 pluribttsi
3089 1052 3212 1089 nam
3242 1053 3362 1090 cum
3395 1021 3578 1088 Aaron

342 1090 1094 1178 legitur_conscendisse._Ac!
1119 1090 1377 1178 sumntum
1405 1103 1675 1178 fastigium
1715 1106 2012 1178 divinorum
2050 1090 2363 1160 ascensuum
2383 1090 2652 1171 pertingit,
2679 1090 2966 1178 postquam
2996 1090 3203 1160 scilicet
3237 1106 3434 1174 p0pnlo
3464 1118 3583 1160 ter-

344 1169 522 1242 minos
557 1169 608 1242 in
643 1178 826 1224 monte
854 1169 1183 1242 prmﬂxerat.
1210 1172 1347 1226 ttltra
1378 1190 1515 1237 quos
1537 1169 1661 1228 sine
1693 1176 1933 1238 periculo
1962 1178 2255 1231 ascendere
2288 1190 2390 1229 non
2426 1169 2834 1239 noterat.'quod
2880 1192 2986 1229 tton
3026 1186 3171 1231 esset
3209 1169 3379 1242 capax
3415 1186 3581 1231 tanta‘

344 1238 624 1315 puritatis
658 1256 834 1315 neque
861 1242 1057 1315 divinas
1092 1241 1225 1315 lucis
1262 1245 1438 1293 radios
1465 1260 1495 1295 c
1529 1246 1832 1315 propinquo
1861 1247 2131 1300 sustinere
2160 1257 2362 1312 posset.
2396 1245 2500 1299 Sed
2523 1238 2772 1297 hactenus
2800 1248 3032 1300 nondum
3062 1238 3302 1301 versatur
3323 1265 3441 1300 cum
3465 1251 3584 1313 ipso

347 1306 475 1360 Deo.
509 1310 633 1365 Hrec
665 1313 810 1363 enim
845 1312 1022 1364 adhuc
1056 1314 1351 1381 symbolica
1380 1326 1557 1373 erant.
1587 1327 1641 1367 et
1674 1306 2120 1383 ad'congressnm
2150 1306 2243 1372 Πθί
2286 1316 2663 1379 disponebant.
2704 1316 2811 1369 Nec
2850 1334 2965 1369 eum
2999 1320 3155 1379 videt.
3188 1319 3399 1373 scilicet
3443 1306 3500 1372 ut
3528 1319 3584 1372 in

344 1393 405 1429 se
432 1390 514 1435 est
544 1384 956 1448 (inaspectabilis
980 1384 1115 1437 enim
1144 1386 1243 1437 esti
1276 1386 1479 1437 scilicet
1515 1389 1662 1441 omni
1695 1388 1991 1442 intellectui
2032 1399 2243 1446 creato.
2268 1388 2471 1440 lumine
2502 1386 2688 1443 elorire
2711 1389 2946 1439 nondum
2974 1388 3207 1440 elevato.
3236 1390 3375 1442 Deus
3405 1390 3581 1449 enim,

347 1450 1205 1527 linqttitGretzorinsTheologtrs)
1225 1456 1436 1513 (5llesl
1465 1457 1639 1509 lumen
1668 1476 1935 1510 summum
1955 1469 2008 1511 et
2030 1461 2384 1515 inaccessum.
2412 1458 2555 1524 quod
2580 1474 2751 1517 neque
2780 1460 3377 1522 mentecomprehendi,
3407 1475 3587 1527 neque

345 1522 598 1595 oratione
626 1525 858 1589 exprimi
892 1534 1089 1593 potest.
1130 1525 1237 1580 Sed
1266 1528 1436 1579 larunt
1483 1528 1570 1580 ubi
1602 1532 1768 1589 stetit.
1800 1530 2007 1583 scilicet
2036 1530 2237 1595 aliquid
2274 1522 2517 1581 creatum
2554 1529 2604 1579 in
2656 1543 2761 1591 quo
2788 1528 2926 1581 Deus
2962 1530 3218 1582 relucent.
3250 1528 3404 1582 Sicut
3433 1522 3579 1581 enim

346 1591 400 1663 in
445 1597 618 1659 patria
658 1598 796 1649 Deus
826 1591 909 1651 est
950 1597 1101 1663 quasi
1145 1600 1426 1657 speculum
1459 1601 1509 1648 in
1543 1615 1649 1663 quo
1691 1603 1927 1652 relucent
1956 1591 2240 1659 creatum.
2272 1600 2350 1653 sic
2378 1599 2428 1651 in
2467 1599 2549 1649 via
2582 1613 2610 1649 e
2642 1614 2904 1651 converso
2934 1610 3197 1651 creatum
3226 1610 3347 1651 sunt
3389 1614 3596 1662 specu-

348 1661 481 1740 lum.
507 1668 701 1740 inquo
727 1661 1226 1740 Creator‘videtur:
1260 1668 1401 1721 unde
1435 1661 1745 1733 Apostolus.
1788 1669 2058 1724 Videmus.
2088 1671 2285 1733 inquit,
2317 1685 2454 1722 nunc
2481 1686 2570 1736 per
2606 1669 2897 1734 speculum,
2927 1680 2974 1722 et
3004 1672 3056 1723 in
3080 1670 3587 1740 a’nigmatelldem:

346 1730 644 1790 Invisibilia
674 1739 786 1803 Dei,
824 1757 914 1801 per
939 1756 999 1791 ea
1028 1754 1144 1803 qua!
1172 1738 1315 1805 facta
1343 1730 1491 1797 sunt,
1529 1730 1788 1793 intellecta
1816 1730 2210 1801 conspiciuntur
2244 1730 2291 1795 δ’.

422 1807 539 1861 lloc
565 1818 741 1863 autem
781 1810 1025 1864 existimo
1064 1811 1386 1877 siqui/icore,
1420 1812 1751 1864 tliriniuima
1784 1820 1833 1865 et
1876 1827 2079 1863 summa
2108 1828 2287 1863 eorum
2316 1827 2433 1877 qua!
2476 1821 2764 1863 cernuntur
2803 1820 2852 1865 et
2893 1811 3261 1878 intelliguntur
3285 1851 3299 1873 ,
3350 1822 3588 1865 ratione:

345 1878 603 1932 quasdam
633 1898 765 1940 esse,
804 1897 922 1944 qua:
968 1879 1249 1943 subjiciunt
1296 1887 1454 1933 menti
1504 1881 1621 1937 illa.
1654 1898 1770 1943 qua-
1813 1892 1932 1931 sunt
1977 1883 2210 1945 subiecta
2249 1884 2296 1935 ei
2316 1884 2407 1949 qui
2447 1884 2698 1935 uuitwrsis
2730 1882 2989 1933 antecellit
3032 1884 3267 1949 :quibus
3299 1886 3586 1945 prtrsentiu

347 1950 532 2021 fmina.
552 1968 669 2017 quat
686 1968 890 2006 omnem
915 1951 1280 2012 toqitationem
1304 1952 1491 2021 mentis
1514 1951 1691 2007 vincit.
1716 1951 2016 2004 declaratur
2046 1955 2312 2016 insistens,
2339 1964 2587 2021 tanquam
2616 1953 2667 2004 in
2695 1954 2925 2019 vestigiis
2952 1954 3168 2006 summis
3194 1953 3587 2005 intellectilihus

348 2016 581 2074 locorum
631 2024 748 2092 ejus
788 2022 1263 2092 sanctissimorum.
1335 2018 1459 2075 Hac
1535 2024 1820 2074 verborum
1869 2024 2280 2087 przecedentinm
2330 2023 2409 2086 (nt
2446 2016 2597 2074 recte
2646 2033 2795 2074 notat
2826 2016 3185 2087 illersentins)
3225 2023 3585 2087 anagogicum

347 2103 566 2144 sensum
612 2091 874 2147 insinuat.
919 2091 1161 2155 Scilicet,
1203 2109 1264 2143 ea
1296 2107 1415 2158 quze
1446 2092 1605 2149 mira.
1633 2092 1904 2150 sublimia.
1940 2103 1991 2147 et
2026 2110 2130 2145 non
2177 2096 2374 2147 usitata
2411 2095 2549 2145 licens
2579 2101 2835 2153 operatur
2866 2093 2978 2145 sive
3027 2092 3076 2144 in
3111 2108 3326 2145 sensum
3358 2093 3585 2157 cadant,

348 2157 404 2211 in
434 2160 795 2226 intellectum,
824 2172 951 2229 puta
987 2163 1162 2227 signa.
1197 2157 1481 2225 miracula,
1513 2172 1603 2215 ant
1633 2162 1983 2217 nti‘racttlosos
2025 2160 2421 2230 apparitiones,
2446 2164 2824 2222 revelationes.
2850 2173 2980 2223 etc.,
3006 2179 3126 2217 esse
3154 2164 3389 2216 rationes
3414 2178 3585 2227 quas-

348 2231 474 2302 dam
512 2249 782 2299 congruas
826 2248 919 2285 seu
966 2242 1285 2295 argumenta
1328 2233 1735 2285 accomnmtlata
1775 2235 1841 2285 ad
1886 2233 2328 2297 signiﬁcandum,
2373 2236 2515 2302 quod
2563 2232 2705 2287 Deus
2750 2233 2879 2301 illic,
2920 2232 3007 2287 ubi
3044 2234 3145 2287 ista
3183 2234 3337 2295 linnt,
3367 2242 3583 2285 certam

349 2300 551 2357 habeat
594 2304 978 2369 pmsentiam;
1012 2302 1277 2370 siquidem
1328 2311 1386 2355 ttt
1432 2316 1488 2353 5e
1528 2302 1874 2371 peculiariter
1924 2316 2247 2368 praesentem
2279 2300 2402 2358 esse
2443 2304 2641 2357 alicubi
2688 2300 3045 2365 denmnstret,
3076 2306 3212 2356 mira
3252 2302 3495 2370 qttmdam
3527 2314 3589 2356 et

345 2382 549 2435 praeter
578 2390 732 2429 usum
767 2374 875 2427 illic
904 2384 1187 2439 operatur.
1214 2373 1304 2426 Sic
1335 2372 1385 2425 in
1411 2382 1679 2436 prtesente
1709 2374 2007 2441 proposito,
2042 2383 2097 2426 nt
2128 2373 2267 2427 Deus
2296 2374 2347 2427 in
2381 2384 2563 2427 monte
2592 2389 2650 2426 se
2675 2375 2919 2428 habitare
2948 2372 3209 2428 lsraelilis
3237 2376 3589 2426 demonstra-

349 2451 456 2506 ret,
492 2454 544 2497 et
577 2444 805 2512 populus
850 2444 1179 2508 intelligeret
1207 2458 1234 2495 a
1272 2444 1382 2497 Deo
1415 2445 1527 2511 ipso
1554 2459 1613 2496 se.
1654 2446 1906 2496 mandata
1946 2445 2080 2509 legis
2105 2447 2375 2506 accipere.
2409 2445 2580 2497 nubes
2608 2454 2661 2496 et
2685 2443 2908 2499 fulmina
2941 2456 2993 2499 et
3024 2444 3224 2497 ﬁttnnm
3270 2447 3418 2509 prius
3446 2443 3593 2496 emi-

347 2512 441 2584 sit.
477 2515 637 2569 tubas
678 2515 994 2575 aravisonas
1024 2513 1199 2567 audiri
1243 2514 1445 2575 voluit;
1494 2515 1739 2583 quinimo
1777 2515 1877 2566 sub
1924 2526 2071 2568 certa
2102 2518 2282 2583 specie
2310 2527 2364 2568 et
2393 2516 2560 2583 ﬁgura
2592 2515 2811 2569 selectis
2848 2515 2982 2569 viris
3010 2531 3131 2569 sese
3165 2515 3439 2584 patefecit.
3481 2512 3590 2567 His

346 2580 532 2650 itaque
559 2586 810 2639 omnibus
847 2594 1105 2647 tanquam
1149 2586 1202 2637 in
1235 2586 1485 2653 exemplo
1513 2580 1688 2637 allatis
1731 2596 1951 2639 sanctus
1980 2580 2267 2655 Dionysius
2296 2580 2551 2644 insinuat.
2598 2584 2766 2638 Deum
2798 2580 3177 2651 cogniZionem’
3210 2600 3431 2652 prorsus
3458 2600 3586 2636 om-

347 2667 473 2724 nem
508 2657 923 2719 transcendere,
953 2657 1183 2719 ideoque
1224 2670 1387 2722 supra
1426 2656 1791 2720 cognitionem
1819 2670 2035 2709 omnem
2080 2665 2191 2708 tum
2238 2656 2549 2709 sensibilem
2585 2666 2696 2707 tmn
2727 2656 3146 2710 intellectualem
3185 2657 3351 2724 quaeri
3379 2655 3593 2708 debere

345 2722 416 2777 ab
444 2726 511 2780 iis
544 2727 637 2794 qui
667 2727 733 2778 ad
777 2727 1018 2796 mysticae
1051 2724 1337 2791 theologia
1373 2727 1581 2791 apicem
1616 2726 1981 2789 contendunt;
2014 2726 2137 2780 ttsi
2168 2727 2295 2791 quid
2340 2728 2389 2779 itt
2431 2725 2780 2779 inferioribus
2812 2722 3289 2795 contemplationis
3320 2726 3588 2789 gradibus

346 2807 600 2849 sanctum
626 2806 681 2849 et
718 2797 1035 2851 inusitatum
1070 2796 1284 2855 fecerit.
1314 2804 1370 2847 ut
1400 2806 1524 2847 sunt
1561 2796 1731 2861 ipsius
1763 2797 2129 2862 apparitiones
2158 2806 2251 2850 aut
2289 2797 2667 2860 revelationes,
2701 2797 3032 2861 peculiarem
3064 2798 3280 2864 quidem
3312 2796 3404 2850 Dei
3442 2810 3591 2863 prte—

344 2868 580 2919 sentiam
612 2877 669 2921 et
709 2868 1000 2921 adventum
1030 2867 1272 2919 denotari
1312 2867 1634 2935 intelligant,
1672 2866 1845 2931 ipsum
1878 2876 2057 2921 tamen
2089 2876 2147 2919 ut
2184 2867 2235 2920 itt
2281 2884 2338 2920 se
2368 2878 2449 2922 est
2493 2866 2657 2919 Deum
2691 2867 2913 2921 minime
2944 2869 3111 2922 videri
3152 2870 3350 2929 sciant,
3380 2867 3593 2933 quippe

346 2936 440 2994 qui
471 2937 585 2991 haec
619 2938 800 2991 omnia
847 2938 1074 2990 nutltutn
1103 2936 1339 2990 excedit.
1370 2937 1555 3001 Itaque
1590 2937 1679 3005 qui
1713 2936 1957 3003 prodigia
1991 2952 2018 2989 a
2062 2938 2168 2990 Deo
2197 2936 2386 2992 effecta
2419 2938 2622 2997 vident,
2658 2946 2751 2989 aut
2784 2939 2873 3004 qni
2904 2955 3024 2990 eum
3066 2938 3168 2991 sub
3192 2936 3354 2991 certis
3393 2936 3588 2988 formis

347 3016 443 3060 ιιιιι
474 3008 925 3063 intellectualibns
949 3016 1043 3061 attt
1070 3006 1360 3062 sensilibus
1390 3007 1493 3061 sibi
1523 3017 1869 3074 apparentem
1902 3007 2202 3065 intuentur.
2229 3025 2331 3061 non
2357 3009 2533 3074 ipsum
2570 3008 2786 3073 proprie
2811 3010 3016 3062 vident.
3041 3010 3132 3061 sed
3167 3018 3373 3060 tantum
3404 3007 3589 3059 locum

348 3077 437 3130 ubi
464 3088 610 3131 certa
643 3079 855 3132 ratione
885 3078 1113 3132 habitat.
1148 3079 1227 3132 Ad
1260 3077 1409 3147 hunc
1436 3078 1601 3141 igitur
1638 3079 1879 3147 modum,
1906 3077 2081 3146 inquit
2103 3077 2404 3145 Gregorius
2435 3078 2719 3142 theologus
2748 3078 2880 3137 (52).
2912 3080 2976 3131 de
3006 3077 3115 3130 Deo
3160 3077 3587 3147 philosophahe-

348 3149 446 3212 ris,
477 3149 554 3203 sis
581 3148 709 3203 licet
740 3149 971 3218 Moyses,
997 3157 1052 3202 et
1084 3148 1224 3201 Deus
1256 3146 1555 3218 Pharaonis
1588 3149 1602 3187 ί
1631 3164 1645 3207 ;
1677 3146 1802 3200 licet
1833 3163 2002 3214 usque
2034 3150 2099 3202 ad
2132 3151 2350 3203 tertium
2382 3148 2605 3205 coalum.
2635 3158 2691 3201 ιιι
2735 3148 2928 3201 Paulus
2969 3149 3019 3212 ιι,
3050 3146 3357 3215 pervenias,
3397 3156 3451 3199 et
3485 3162 3590 3198 au-

345 3219 470 3272 dias
507 3234 708 3273 arcana
740 3217 944 3281 verba;
973 3219 1099 3271 licet
1131 3234 1293 3283 supra
1326 3217 1446 3270 illos
1484 3219 1550 3268 ad
1576 3227 1777 3269 statum
1809 3227 1861 3271 et
1892 3219 2139 3271 ordinem
2175 3220 2412 3285 aliquem
2449 3218 2759 3284 angelorum
2787 3230 2879 3271 aut
2909 3219 3357 3285 archangelornm
3386 3231 3586 3269 ascen-

348 3291 468 3347 v'as.
509 3290 768 3354 Quamvis
799 3290 943 3342 enim
974 3304 1137 3341 omne.
1165 3288 1391 3341 cmleste
1434 3297 1483 3339 et
1520 3287 1719 3354 aliquid
1756 3289 2165 3351 supercmlesw,
2194 3290 2360 3343 multo
2399 3289 2783 3343 cxcellentiore
2826 3303 3038 3348 natura,
3072 3305 3233 3357 quam
3272 3304 3369 3341 nos
3414 3289 3502 3349 sit,
3533 3296 3591 3339 et

349 3358 457 3412 Deo
480 3361 856 3428 propinquius,
875 3368 923 3411 et
946 3360 1099 3425 quasi
1121 3360 1266 3411 locus
1283 3358 1400 3420 eius
1421 3376 1433 3418 ;
1457 3360 1627 3423 magis
1652 3368 1831 3410 tamen
1852 3359 2055 3412 distata
2075 3358 2199 3418 Deo.
2229 3370 2281 3413 et
2302 3378 2330 3413 a
2364 3358 2599 3423 perfecta
2617 3359 2733 3421 eius
2752 3361 3127 3423 intelligentia,
3153 3374 3315 3426 quam
3336 3368 3586 3410 nostram

350 3427 492 3484 hanc
517 3427 770 3484 naturam
803 3430 1250 3495 compositam.et
1282 3430 1560 3487 humilem,
1585 3439 1637 3479 et
1661 3428 1911 3480 deorsum
1948 3430 2265 3482 inclinatam
2292 3430 2594 3482 antecellat.
2626 3427 2775 3483 Unde
2804 3432 2983 3482 subdit
3010 3450 3021 3484 :
3050 3430 3111 3482 At
3141 3442 3263 3482 tunc
3288 3430 3439 3479 atriis
3467 3441 3595 3494 quae

348 3501 613 3563 ridentur,
650 3502 859 3555 scilicet
885 3500 1115 3566 speculis
1145 3510 1200 3552 et
1227 3498 1623 3562 autigmatihus,
1651 3510 1699 3551 et
1728 3500 1793 3549 ab
1818 3501 1883 3550 iis
1905 3514 2021 3567 qua?
2045 3501 2236 3558 vident.
2266 3500 2477 3553 scilicet
2501 3500 2774 3553 mentibus
2808 3512 2863 3553 et
2887 3499 3284 3569 intelligentiis,
3309 3514 3407 3566 per
3434 3514 3594 3569 meo-

351 3572 422 3625 tis
445 3574 867 3625 ahstractionem
902 3570 1173 3623 absolutus
1206 3581 1251 3622 et
1276 3570 1569 3626 expeditus.
1596 3570 1714 3620 sine
1748 3569 1987 3626 notione.
2013 3571 2068 3622 in
2109 3571 2389 3639 caliginem
2423 3586 2542 3624 vere
2562 3572 2836 3638 mysticam
2865 3570 3395 3639 incognoscrbilitatis
3424 3568 3599 3639 549

348 3642 667 3705 ivtqreditur,
699 3644 753 3695 in
785 3658 887 3709 qua
925 3657 1102 3693 omnes
1126 3640 1442 3699 scienti/ica;
1473 3641 1911 3704 appreltemiones
1948 3640 2203 3700 excludit,
2238 3656 2334 3708 per
2360 3641 2601 3694 omnium
2643 3656 2823 3694 rerum
2855 3642 3305 3705 cognoscihilium
3342 3644 3597 3705 negatio-

351 3727 500 3770 nem.
533 3712 650 3765 sine
679 3713 893 3779 propria
925 3714 1071 3773 (cum
1105 3712 1216 3764 hmc
1248 3711 1432 3763 haberi
1462 3711 1721 3780 nequeat)
1751 3709 1987 3780 notione,
2024 3711 2124 3765 hoc
2158 3720 2363 3765 tantum
2396 3710 2745 3780 intelligendo
2761 3723 2809 3764 et
2838 3712 3079 3770 fatendo.
3106 3714 3268 3765 Deum
3307 3711 3595 3772 inlinities,

348 3797 515 3845 quam
547 3782 615 3835 ab
636 3783 739 3835 nlla
758 3792 1006 3852 creatura
1024 3780 1235 3852 concipi
1258 3780 1447 3852 possit,
1466 3794 1584 3832 esse.
1602 3779 2006 3852 perfectiorem,
2029 3797 2126 3834 nec
2143 3783 2209 3834 ab
2228 3783 2335 3834 ttl‘ln
2358 3781 2638 3852 hominum
2660 3782 2742 3835 vel
2762 3782 3075 3852 angelorum
3096 3784 3311 3850 penitus
3331 3781 3597 3852 cognosci

352 3866 513 3915 posse
542 3852 772 3919 (scilicet
798 3851 1127 3905 naturaliter
1154 3861 1312 3918 prout
1344 3851 1392 3902 in
1428 3866 1486 3899 se
1512 3859 1618 3914 est,
1648 3864 1745 3915 per
1770 3851 2044 3917 pr0priunt
2070 3858 2442 3919 cottceptutn).
2474 3850 2536 3903 Et
2563 3853 2638 3903 sic
2670 3853 2723 3905 in
2749 3850 3046 3906 omnimode
3072 3853 3301 3905 intactili
3331 3863 3377 3903 et
3404 3851 3600 3902 invisi-

353 3922 446 3974 rili
473 3922 658 3985 hmret,
684 3937 783 3991 per
810 3936 1051 3973 amorem
1084 3924 1173 3989 qni
1200 3931 1469 3972 amantem
1504 3920 1554 3973 in
1584 3929 1822 3972 amatum
1850 3920 2127 3983 transfert,
2159 3924 2411 3975 εει-εἱειειις
2442 3931 2577 3973 totus
2604 3923 2767 3985 ipsius
2790 3924 2971 3989 quiest
3004 3928 3143 3975 ultra
3168 3923 3366 3982 omnia,
3383 3923 3602 3973 scilicet

353 3991 446 4043 ltei
481 4003 703 4061 prepter
732 3992 945 4061 plenam
978 3992 1057 4043 sui
1092 3991 1528 4057 abnegationem.
1557 4001 1609 4041 et
1638 4006 1665 4041 a
1718 3991 1883 4061 rebus
1906 3992 2162 4046 omnilms
2193 3994 2639 4050 ahstractionem,
2668 4010 2831 4061 neque
2859 3996 3021 4046 ullius
3054 4010 3217 4061 neque
3248 4008 3399 4055 suus,
3428 4008 3602 4059 neque

352 4060 593 4115 alterius.
622 4060 755 4115 Cum
782 4080 841 4115 eo
880 4072 1053 4115 autem
1080 4071 1154 4114 est
1182 4062 1387 4128 penitus
1427 4060 1867 4127 incognoscibilis,
1910 4077 2001 4128 per
2027 4063 2352 4115 vocationem
2385 4064 2557 4115 cuntis
2605 4060 2936 4131 cognitionis,
2986 4060 3273 4116 secundum
3325 4064 3599 4115 meliorem

349 4144 553 4197 partem
577 4132 879 4200 copulatus,
908 4143 954 4183 et
982 4148 1041 4183 eo
1077 4133 1190 4199 ipso
1219 4133 1357 4198 quod
1384 4131 1513 4183 nihil
1537 4132 1823 4197 cognoscit,
1845 4147 2005 4196 supra
2038 4143 2257 4185 mentem
2286 4148 2621 4202 cognoscens.
2660 4134 2708 4185 id
2754 4144 2830 4187 est
2873 4151 2966 4202 per
2996 4149 3234 4186 amorem
3265 4133 3599 4186 exstatiCum

354 4212 503 4257 totus
533 4205 821 4270 ahsorptus
854 4204 904 4256 in
938 4202 1129 4261 Deum.
1158 4202 1250 4254 ubi
1278 4217 1437 4268 supra
1476 4212 1734 4262 mentem,
1761 4210 1816 4253 et
1848 4216 2176 4265 sermonem,
2210 4212 2265 4256 et
2296 4205 2561 4255 rationem
2600 4206 2897 4268 perﬁcitur.
2925 4207 3103 4269 Atque
3133 4206 3247 4257 lucc
3279 4202 3609 4269 eonjunctio

350 4287 474 4343 cum
504 4273 614 4327 Deo
646 4289 807 4342 supra
853 4282 1087 4327 tuentem
1126 4272 1322 4341 (inquit
1356 4272 1757 4343 Cyparisrsiotns
1802 4271 1923 4325 dcc.
1950 4272 2157 4343 λείῳ.
2195 4274 2281 4335 l0)
2314 4282 2398 4327 est
2434 4274 2641 4337 ingredi
2672 4289 2776 4343 per
2808 4276 3161 4329 nescientium
3207 4273 3506 4343 perlectam
3544 4274 3601 4326 in

352 4341 484 4397 illud
514 4341 785 4398 infinitum
815 4344 1324 4411 incomprehensqu
1368 4353 1531 4410 atque
1576 4342 1897 4395 immensum
1940 4341 2164 4411 pelagus
2206 4354 2415 4396 naturae
2454 4341 2685 4409 divinm,
2704 4347 2792 4398 ubi
2832 4362 3008 4397 omnis
3046 4341 3241 4398 natura
3290 4342 3597 4411 defatigata

352 4412 497 4467 sistit
526 4430 607 4481 se,
634 4424 686 4468 et
713 4414 943 4468 ulterius
970 4413 1218 4484 progredi
1253 4429 1357 4484 non
1392 4414 1575 4471 audet.
1602 4421 1767 4480 atque
1792 4428 1823 4463 ιι
1846 4413 2030 4484 divino
2057 4414 2292 4480 quodam
2322 4416 2509 4478 odore,
2536 4424 2590 4467 et
2612 4421 2843 4481 quadam
2873 4432 2901 4468 a
2931 4430 3165 4484 corpore
3185 4425 3237 4467 et
3270 4430 3298 4465 a
3325 4414 3606 4466 creaturis

350 4486 697 4556 avocatione,
737 4486 789 4538 in
844 4482 1166 4556 laudabilem
1199 4492 1253 4536 et
1295 4482 1509 4535 beatum
1544 4492 1744 4556 statum
1786 4482 2136 4545 transfertur,
2174 4500 2277 4536 non
2309 4484 2485 4538 solum
2534 4486 2906 4539 admirabilius
2936 4482 3099 4556 quam
3131 4486 3261 4551 dici,
3300 4486 3394 4538 sed
3429 4492 3602 4551 quam

353 4553 582 4617 intelligi
610 4556 778 4623 possit
812 4556 880 4609 ab
909 4555 974 4608 iis
1003 4555 1092 4622 qui
1125 4568 1401 4622 nunquam
1432 4563 1636 4605 statum
1664 4554 1805 4606 hunc
1835 4555 2045 4623 experti
2078 4564 2225 4607 sunt.

422 4623 499 4678 Ex
548 4626 829 4696 praedictis
870 4624 1062 4696 collige
1107 4624 1303 4696 primo,
1332 4636 1395 4676 ex
1440 4623 1698 4676 citatione
1729 4625 1901 4696 sancti
1928 4622 2321 4696 Allartholoma’i
2352 4625 2486 4678 satis
2517 4625 2766 4679 idoneum
2798 4642 2898 4696 pro
2928 4626 3070 4680 libro
3106 4627 3207 4679 hoc
3237 4634 3430 4677 sancto
3467 4624 3605 4696 Dio—

352 4696 509 4765 nysio
537 4694 876 4765 Areopagitae
902 4695 1233 4748 vindicando
1267 4703 1673 4765 argumentum,
1708 4704 1764 4747 ιιι
1802 4694 1891 4762 qui
1926 4694 2013 4748 hic
2049 4695 2271 4761 diserte,
2316 4697 2390 4748 ttti
2434 4706 2488 4748 et
2526 4697 2675 4757 alibi,
2710 4694 3017 4750 divinorum
3060 4696 3340 4749 nominum
3381 4700 3507 4761 cap.
3538 4694 3607 4760 ἓ,

350 4764 385 4813 5
413 4774 468 4817 et
500 4766 556 4819 ll
600 4764 830 4820 testctnr
864 4776 917 4819 et
961 4766 1306 4833 proliteatnr,
1350 4780 1407 4819 se
1451 4764 1652 4817 multas
1690 4766 1758 4817 ab
1791 4765 2159 4832 apostolorum
2200 4779 2297 4818 ore
2336 4773 2389 4818 et
2419 4765 2640 4818 oraculo
2685 4767 2931 4821 hausisse
2976 4767 3296 4821 sententias.
3342 4767 3451 4819 Nec
3498 4782 3608 4818 nos

356 4836 555 4888 morari
589 4835 745 4889 debet
780 4836 978 4905 (inquit
1014 4835 1357 4901 Hersentius)
1389 4836 1533 4903 quod
1579 4834 1800 4901 quidam
1846 4845 2034 4888 nostro
2076 4850 2189 4888 aevo
2229 4836 2327 4889 \iri
2360 4837 2743 4900 eruditissimi,
2782 4838 3047 4890 librorum
3086 4839 3277 4889 horum
3314 4847 3606 4888 auctorem

351 4906 722 4976 apostolorum
764 4914 1012 4975 tempore
1042 4905 1215 4958 tnulto
1245 4906 1603 4972 posteriorem
1632 4905 1854 4967 iaciant,
1885 4908 2250 4974 audeantque,
2280 4907 2414 4974 prob
2455 4908 2639 4959 dolor!
2677 4917 2949 4961 tantorum
2983 4923 3209 4976 operum
3245 4908 3607 4973 scriptorem.

351 4974 586 5046 aliorum
615 4977 857 5029 omnimn
886 4974 959 5044 (si
1000 4976 1299 5031 canonicos
1339 4977 1605 5046 excipias)
1652 4976 2085 5041 veracissimam,
2127 4977 2585 5031 modestissimum
2624 4993 2687 5032 ac
2736 4974 3167 5041 sanctissitimtn,
3221 4986 3279 5030 ut
3327 4978 3438 5043 ipsa
3486 4976 3605 5039 eju.

350 5045 555 5112 Scripta
585 5046 800 5099 abunde
834 5056 1122 5109 testantur,
1156 5045 1763 5112 turpissimimendacii
1794 5046 1917 5099 labe
1950 5046 2217 5100 infamare
2244 5050 2401 5115 quasi
2437 5048 2587 5100 libris
2628 5050 2741 5100 suis
2774 5049 3302 5102 cotttmemlationetn
3330 5047 3522 5099 l’rande
3550 5053 3612 5099 et

354 5115 655 5184 itttpostura
694 5117 995 5171 conciliare
1029 5117 1303 5180 voluerit;
1333 5120 1426 5185 qtti
1462 5127 1641 5171 tamen
1671 5133 1773 5170 suo
1800 5116 2040 5185 pondere
2070 5126 2231 5184 atque
2262 5121 2574 5184 pra-stantia
2609 5117 2823 5171 laudem
2850 5128 2905 5169 et
2934 5117 3462 5171 commendationem
3495 5132 3609 5168 nou

350 5198 576 5252 possunt
608 5190 747 5257 apud
787 5202 980 5240 omnes
1010 5203 1115 5241 non
1162 5189 1413 5254 adipisci.
1445 5188 1519 5241 lta
1562 5199 1743 5240 autem
1776 5186 1957 5242 allecti
2004 5203 2215 5250 sumus,
2248 5200 2302 5239 ut
2330 5190 2563 5255 amplius
2600 5190 2893 5242 Credamus
2930 5188 3193 5257 Dionysio
3238 5202 3296 5241 se
3325 5186 3612 5254 apestolos

348 5268 403 5309 et
438 5259 641 5327 vidisse
663 5269 716 5311 et
746 5257 1020 5310 audivisse
1052 5259 1199 5311 clare
1226 5259 1526 5326 protitenti,
1559 5273 1721 5326 quam
1750 5259 1873 5310 aliis
1904 5258 2162 5311 omnibus
2193 5260 2243 5311 in
2276 5259 2613 5312 contrarium
2640 5260 3102 5327 obstrepentibus.

422 5325 627 5396 Collige
665 5329 905 5382 secundo
937 5343 999 5380 ex
1030 5325 1427 5381 eademsancti
1460 5325 1842 5382 Bartbnlomaei
1885 5329 2179 5390 sententia,
2222 5337 2278 5381 ιιι
2330 5330 2566 5397 eXphcat
2598 5325 2873 5383 Marsilitis
2904 5328 3145 5390 Ficinus,
3176 5335 3412 5381 tuentem
3454 5329 3609 5379 circa

355 5398 520 5450 llt‘utll
555 5410 665 5452 tres
695 5399 879 5452 subire
924 5402 1142 5468 gradus.
1177 5398 1359 5452 Primo
1391 5400 1659 5467 siquidem
1704 5400 1884 5454 verbis
1928 5399 2176 5469 plurimis
2220 5399 2413 5469 utitur,
2447 5403 2688 5454 secundo
2721 5401 2932 5468 paucis,
2968 5400 3133 5452 tertio
3177 5399 3360 5450 ﬂllllls.
3391 5398 3614 5464 Aeplu-

351 5470 506 5523 rnnis
537 5472 754 5538 quidem
789 5466 967 5524 verbis
997 5470 1191 5535 utitur,
1235 5469 1325 5523 ubi
1354 5466 1693 5540 quaecunque
1715 5466 2034 5534 occurrunt,
2066 5470 2136 5523 de
2165 5470 2273 5524 Deo
2312 5466 2544 5525 afﬁrmat
2575 5466 2737 5539 atque
2769 5481 2950 5536 negat,
2976 5469 3199 5538 paribus
3222 5471 3443 5538 quidem
3478 5482 3610 5525 ver-

425 5628 445 5669 ί
487 5630 658 5683 Exod.
696 5645 810 5683 nx.
893 5631 917 5669 ε
951 5630 968 5684 l
1002 5630 1129 5685 Cor.
1166 5645 1288 5695 xm,
1325 5632 1409 5688 l2.
1489 5633 1517 5675 ιι
1554 5631 1712 5689 Rom.
1748 5650 1787 5701 ι,
1822 5630 1912 5687 20.

1489 5633 1517 5675 ιι
1554 5631 1712 5689 Rom.
1748 5650 1787 5701 ι,
1822 5630 1912 5687 20.
1998 5632 2014 5673 ί
2054 5631 2228 5690 Exod.
2264 5648 2360 5701 vn,
2402 5631 2453 5688 Ι.
2530 5631 2556 5673 ι
2594 5630 2635 5689 ll
2668 5632 2795 5690 Cor.
2819 5645 2918 5697 xu,
2952 5631 3009 5689 3.

418 5782 533 5848 (5|)
568 5784 622 5837 ltt
651 5785 801 5840 Orat.
840 5786 914 5841 De
945 5788 1222 5854 baptismo.
2050 5778 2166 5796 ⁸

421 5860 539 5920 (az)
570 5856 726 5911 Orat.
765 5857 819 5921 ‘3,
847 5857 921 5912 De
953 5858 1240 5927 theologia.
