3866 6232
270 329 410 387 1015
810 329 898 385 DE
938 327 1246 387 MYSTICA
1282 330 1701 396 THEOLOGIA,
1739 334 1835 389 CA1

1942 336 1970 393 Ι.
2001 366 2073 376 --
2118 336 2463 395 ΡΑΒΑΡΗΒ.
2498 336 2947 395 ΡΑΕΗῨΜΕΒᾸΞ
3377 340 3511 396 1οη

268 447 378 508 bis.
409 450 503 501 sed
547 451 756 504 ratione
783 450 1018 504 diversa.
1052 447 1244 503 Paucis
1285 463 1415 501 vero
1459 448 1640 503 verbis
1683 450 1904 517 agitubi
1952 451 2016 505 de
2052 450 2159 506 Deo
2204 452 2464 519 loquitur,
2511 453 2611 506 sub
2655 468 2717 505 ea
2768 452 2976 505 ratione,
3011 464 3115 517 qua
3169 450 3402 506 refertur
3442 455 3509 508 ad

267 528 574 591 creaturas,
605 532 659 575 et
691 530 957 574 creaturae
982 520 1046 571 ad
1077 521 1279 585 ipsum,
1300 520 1377 572 ιιιί
1413 519 1467 591 lit
1496 521 1546 572 iit
1579 520 1719 573 libro
1742 520 1817 574 De
1840 523 2033 575 divinis
2060 524 2374 576 nominibus.
2404 522 2576 577 Nullis
2601 524 2834 591 denique
2863 522 3055 575 verbis
3076 522 3267 581 utitur,
3292 525 3510 591 quando

268 588 500 662 ulterius
533 606 618 662 res
663 600 875 644 creatas
911 594 975 644 ad
1011 591 1176 662 Deum
1212 606 1317 642 non
1365 590 1553 651 refert,
1587 606 1760 660 neque
1800 592 2044 647 vicissim
2092 593 2257 645 Deum
2291 594 2357 662 ad
2398 594 2562 662 ipsas,
2594 595 2686 647 sed
2726 588 2979 659 tanquam
3017 591 3157 645 Deus
3184 588 3362 662 creata
3394 610 3513 645 out-

270 659 384 732 nia,
415 670 470 732 et
503 661 798 715 relationes
821 675 1009 714 omnes
1036 659 1101 713 ad
1138 671 1348 732 creata,
1384 661 1436 713 in
1464 663 1646 729 seipso
1673 659 2039 723 transcendat,
2064 664 2155 716 nib
2184 664 2196 715 Ι
2221 662 2287 716 de
2316 659 2678 716 Dedaiiirmat
2728 672 2894 732 atque
2918 671 3099 729 negat.
3128 661 3224 715 sed
3256 663 3510 730 religioso

268 729 486 813 silentio
522 732 709 793 Dennt,
739 740 793 783 ttt
835 744 937 796 par
961 741 1063 794 est,
1095 730 1250 813 colit:
1280 729 1435 813 Tune
1458 734 1673 813 demunt
1704 733 1781 785 ait
1825 742 2049 813 sanctus
2090 733 2379 813 Dionysius
2421 742 2660 813 mentem
2692 729 2897 813 omnem
2939 732 3173 813 omnium
3204 744 3509 787 sanctorum

269 796 610 872 fastigiorum
646 815 919 854 ascensum
956 800 1375 872 transcendendo
1416 801 1471 854 in
1514 802 1802 872 caliginem.
1833 804 2121 869 absorberi,
2161 796 2247 856 ubi
2286 803 2559 857 Marsilius
2593 802 2811 856 Ficinus
2845 816 2942 871 per
2976 802 3191 870 fastigia
3220 816 3314 856 seu
3353 820 3511 856 cacu-

268 870 437 941 mina,
477 871 730 941 intelligit
773 879 996 926 naturas
1025 873 1090 926 ad
1121 871 1383 925 unitatem
1428 870 1701 937 reductas,
1746 872 1841 925 sed
1883 873 2105 927 easdem
2142 874 2438 927 universim
2483 870 2874 932 consideratas,
2908 888 3045 941 quas
3091 883 3203 925 tres
3232 886 3355 927 esse
3394 876 3507 933 ait;

268 938 480 994 scilicet
511 938 875 1009 corporalem,
909 941 1222 1005 animalem,
1258 941 1699 1003 intellectualem,
1739 957 1967 1011 quarunt
2001 944 2383 1011 cogitationem
2417 952 2473 996 et
2501 942 2753 997 affectum
2784 938 2975 996 debeat
2999 941 3181 995 anima
3217 942 3509 1012 plurimum

268 1024 556 1082 superare,
586 1025 641 1062 ιιι
677 1012 852 1079 ipsum
897 1011 949 1064 in
995 1012 1174 1080 seipso
1207 1013 1405 1065 bonum
1438 1013 1775 1065 adinveniat.
1820 1012 2138 1067 Hersentius
2181 1028 2307 1067 vero
2354 1014 2524 1082 magis
2570 1013 2817 1081 mystice,
2860 1027 2962 1082 per
3002 1023 3189 1065 sancta
3232 1015 3511 1065 cacumina

268 1079 403 1151 dicit
437 1082 662 1151 intelligi
696 1079 1092 1136 eminentiores
1114 1082 1312 1135 divina:
1335 1083 1815 1151 contemplationis
1843 1098 1904 1136 ac
1932 1084 2056 1137 vitate
2082 1083 2343 1151 spiritalis
2366 1079 2589 1150 gradus,
2625 1079 2823 1151 quibus
2861 1079 3137 1150 competat
3163 1096 3358 1135 nomen
3389 1098 3517 1134 sane

268 1150 496 1211 ctitatis,
520 1167 586 1207 eo
615 1150 758 1220 quod
790 1151 928 1222 hanc
953 1152 1192 1206 eliiciant
1227 1160 1320 1204 aut
1354 1163 1504 1207 certe
1532 1150 1856 1221 adaugeaot.
1883 1152 1951 1206 Et
1976 1150 2180 1207 idcirco
2214 1156 2291 1206 ait
2318 1150 2907 1222 sanctuttrDionysiunt
2933 1161 3236 1205 sanctorum
3265 1151 3510 1221 fastigio-

267 1234 389 1291 rum
416 1238 691 1275 ascensum
726 1221 1057 1285 nominasse,
1089 1222 1217 1291 quia
1256 1222 1514 1276 nimirum
1547 1222 1598 1274 in
1631 1224 1791 1276 rebus
1819 1224 2007 1291 gratia:
2029 1238 2093 1277 ac
2123 1224 2319 1277 divinat
2347 1222 3000 1291 contemplationis.quasi
3035 1222 3291 1291 gradibus
3318 1237 3511 1276 ascen-

268 1290 531 1362 dendum,
553 1302 608 1345 et
639 1291 856 1362 quidem
888 1290 1524 1362 sientper’ascettdendutn
1554 1301 1661 1350 est,
1680 1293 1831 1359 juxta
1865 1292 1994 1346 illttd
2027 1311 2041 1346 :
2074 1293 2270 1346 Beatus
2294 1295 2370 1346 vir
2391 1294 2545 1362 cujus
2570 1290 2647 1345 est
2675 1290 3055 1362 auxiliumabs
3083 1302 3152 1353 te,
3177 1294 3536 1345 ascensiones.

266 1359 323 1431 in
348 1363 507 1413 corde
537 1362 795 1430 disposuit
824 1361 866 1414 1.
898 1361 984 1427 Et,
1010 1359 1295 1416 Justorum
1320 1364 1504 1415 semita
1537 1363 1687 1430 quasi
1709 1364 1803 1415 lux
1823 1363 2098 1431 splendens
2121 1365 2376 1431 procedit,
2401 1359 2465 1416 δι’
2482 1364 2663 1416 crescit
2689 1377 2852 1429 usque
2873 1361 2946 1431 ad
2968 1362 3250 1429 perfectam
3278 1363 3416 1415 diem
3444 1369 3503 1416 '.

265 1430 535 1501 Caeterum
562 1429 661 1485 bos
692 1433 892 1486 divinae
927 1431 1408 1499 contemplationis
1438 1434 1662 1500 gradus,
1692 1429 1992 1501 omnesque
2025 1429 2147 1487 vitae
2180 1434 2464 1487 interioris
2479 1443 2637 1486 actus
2664 1446 2729 1485 ac
2764 1429 3127 1498 perfectiones
3161 1432 3339 1485 anima
3372 1446 3508 1485 con-

269 1500 585 1570 templatrix
626 1503 1012 1572 transcendere
1043 1502 1221 1565 debet,
1252 1511 1311 1554 ut
1352 1502 1418 1555 ad
1452 1503 1749 1572 mysticam
1789 1514 1844 1556 et
1873 1500 2166 1572 perfectam
2198 1519 2321 1556 cum
2371 1503 2479 1556 Deo
2517 1501 3063 1572 communicationem
3097 1502 3394 1568 perveniat.
3439 1501 3509 1572 _lJt

266 1586 465 1625 sensus
495 1572 566 1625 sit
612 1590 625 1624 :
657 1570 1102 1640 Qualemcunque
1127 1573 1320 1642 anima
1354 1570 1659 1642 divinarum
1696 1570 1885 1625 rerum
1916 1575 2277 1642 cognitionem
2324 1584 2614 1626 consecuta
2658 1571 2845 1633 fuerit,
2870 1570 3304 1639 qualemcunque
3329 1570 3509 1640 perfe-y

263 1643 465 1696 ctiouis
496 1642 778 1696 interioris
808 1651 1009 1696 statum
1042 1640 1306 1711 attigerit,
1339 1640 1499 1696 debet
1532 1651 1715 1696 tamen
1744 1642 1903 1711 longe
1926 1640 2259 1712 multumque
2290 1658 2449 1711 supra
2482 1643 2594 1696 hac
2615 1641 2793 1707 evehi,
2822 1652 2881 1693 ut
2909 1641 3018 1696 Deo
3043 1643 3231 1696 intime
3253 1650 3307 1696 et
3340 1657 3507 1709 supra

264 1719 507 1767 mentem
538 1712 917 1781 conjungatnr.
2868 1780 2873 1781 γ
2892 1780 2903 1781 ἡ
3103 1756 3109 1763 ,
3266 1752 3269 1753 ν
3336 1740 3341 1743 -

1493 1780 1506 1793 ο

338 1782 395 1837 in
426 1783 492 1836 iis
507 1792 685 1835 autem
704 1780 822 1849 qua:
846 1794 1066 1854 sanctus
1089 1782 1374 1854 Dionysius
1390 1780 1748 1854 Sttbjungitde
1766 1782 1948 1852 Moyse
1966 1783 2018 1836 in
2039 1783 2231 1838 nubem
2259 1784 2505 1854 ingresso
2526 1790 2671 1854 recte
2696 1791 2847 1854 notat
2866 1780 3203 1854 llersentius,
3220 1780 3504 1854 h'storiam

264 1855 417 1934 illam
440 1869 545 1934 non
574 1863 828 1934 tanquam
853 1851 1580 1934 exemplumpraeutissornm
1604 1853 1789 1934 afferri
1808 1851 1937 1934 {non
1959 1855 2104 1907 eniut
2126 1851 2409 1934 Scriptura
2434 1852 2698 1934 narratnin
2716 1853 2999 1921 caliginem
3021 1851 3503 1934 illautnmysticant,

264 1927 334 1980 de
363 1939 469 1993 qua
496 1926 598 1979 hoc
627 1920 766 1977 libro
788 1937 968 1979 sermo
1000 1920 1106 1985 est,
1138 1920 1374 1993 M'oyseut
1427 1925 1729 1994 ingressum
1760 1920 1950 1986 fuisse,
1975 1933 2069 1977 aut
2111 1920 2266 1992 quod
2298 1925 2438 1979 idem
2468 1934 2577 1987 est,
2609 1921 2719 1994 Deo
2760 1920 3291 1994 superessetttialiter
3337 1922 3507 1994 fuisse

262 1990 645 2065 c0nj'unctum;
676 1994 770 2047 sed
810 2001 1025 2065 tantum
1055 1990 1270 2065 nubem,
1309 2008 1430 2061 qua:
1463 1990 1709 2065 n'tontent
1737 2005 2049 2065 operuerat,
2081 1990 2330 2060 subiisse,
2371 1998 2423 2049 itt
2473 2010 2580 2063 qua
2631 1993 2772 2065 Deus
2818 1992 3100 2065 habitasse
3139 1990 3362 2065 dicitur)
3409 1991 3506 2043 Sed

266 2062 524 2134 tanquam
551 2065 862 2133 allegoriam
888 2064 1390 2134 pulclterritttamet
1409 2064 1863 2134 appositissimatn
1890 2064 1955 2117 iis
1984 2079 2102 2130 quae
2131 2072 2439 2119 tractantur
2467 2062 2805 2134 illustrandis
2834 2063 3126 2117 recenseri.
3162 2062 3240 2114 Ac
3265 2063 3503 2130 primunt

262 2132 486 2206 quidem
523 2150 619 2203 per
649 2135 1026 2204 purgationem
1062 2133 1206 2186 illam
1252 2132 1415 2204 550
1446 2132 1673 2205 'Moysis,
1715 2134 1964 2206 designat
2021 2134 2278 2197 animam,
2306 2152 2427 2205 quae
2470 2137 2535 2206 ad
2568 2135 2692 2188 vitae
2738 2133 3012 2206 interioris
3053 2134 3262 2206 apicem
3308 2135 3504 2193 tendit,

261 2203 467 2261 debere
497 2206 729 2273 primum
750 2203 983 2275 peccato
1002 2206 1171 2275 mori,
1198 2203 1618 2275 carnispravos
1649 2215 1829 2258 motus
1858 2204 2095 2267 vincere,
2134 2203 2339 2275 hisque
2363 2205 2617 2260 omnibus
2649 2203 2886 2275 purgari
2924 2212 3184 2275 quantum
3220 2205 3271 2255 in
3307 2216 3367 2255 se
3398 2213 3503 2275 est.

261 2277 507 2330 Gradum
538 2287 718 2328 autent
746 2274 891 2329 ltunc
922 2274 1014 2341 qui
1042 2273 1168 2328 vitae
1204 2273 1465 2342 spiritalis
1495 2275 1704 2343 primus
1732 2283 1834 2341 est,
1864 2284 1919 2328 et
1957 2275 2009 2326 itt
2038 2288 2147 2342 quo
2184 2273 2422 2330 maxime
2463 2273 2872 2329 mortiticationi
2922 2274 3366 2335 incumbentium,
3404 2273 3507 2323 viri

259 2347 542 2411 spiritales
566 2346 730 2397 vitam
765 2358 857 2398 seu
885 2345 1026 2415 viam
1061 2346 1403 2414 purgativatn
1440 2354 1669 2409 vocant;
1701 2359 1862 2412 quam
1893 2344 2239 2415 Pythagorici
2270 2348 2503 2415 primam
2534 2355 2591 2399 et
2613 2343 2771 2415 quasi
2802 2344 3124 2415 prtecipua‘tu
3156 2343 3513 2415 philosophias

259 2432 377 2470 sua:
405 2428 610 2486 partem
639 2421 969 2468 statuerunt.
997 2413 1102 2468 Per
1136 2412 1338 2467 Iumina
1370 2424 1550 2486 autem
1591 2426 1645 2469 et
1668 2431 1844 2479 sonos,
1877 2412 1960 2467 via
1990 2412 2348 2486 illuminati’va
2382 2412 2725 2484 intelligitur,
2761 2414 2811 2466 in
2846 2428 2951 2486 qua
2988 2412 3078 2486 Dei
3108 2422 3163 2486 et
3191 2413 3503 2466 divinarum

263 2483 451 2540 rerum
485 2486 1035 2552 contemplationibus
1070 2496 1399 2539 exercentur
1430 2485 1626 2540 anima:
1656 2486 1951 2552 spiritales,
1986 2485 2275 2552 multisque
2312 2483 2608 2540 luminibus
2644 2500 2708 2539 ac
2741 2485 2889 2538 sonis
2918 2483 3306 2537 revelationum
3336 2491 3508 2552 atque

261 2555 690 2610 illustrationutn
731 2571 761 2607 ιι
795 2554 905 2608 Deo
933 2554 1179 2624 exceptis
1214 2556 1576 2624 adaugentur,
1619 2555 1801 2610 multis
1839 2552 2021 2609 verbis
2054 2555 2514 2624 iutellectualibus
2553 2556 2621 2609 ad
2673 2556 2841 2608 Deum
2878 2556 3119 2616 emissis,
3169 2563 3225 2607 et
3267 2554 3506 2607 vicissim

262 2626 450 2679 multis
481 2643 511 2680 a
544 2625 656 2678 Deo
686 2626 944 2679 immissis
982 2626 1033 2678 in
1072 2623 1161 2678 ’via
1187 2624 1282 2679 Dei
1313 2623 1755 2695 progrediuntur,
1782 2635 1835 2681 et
1863 2623 2121 2695 paulatim
2151 2640 2182 2678 a
2211 2627 2391 2680 multis
2424 2634 2787 2696 segregantur,
2825 2626 2952 2678 dum
3003 2638 3033 2696 a
3073 2632 3381 2696 creataruiu
3425 2638 3511 2674 re-

260 2710 384 2749 ruu:
418 2711 524 2750 non
567 2695 741 2749 solum
781 2696 1157 2763 intelligentia,
1196 2696 1292 2749 sed
1314 2693 1496 2749 multo
1534 2698 1704 2766 magis
1742 2693 1938 2751 ali‘eCtu
1973 2696 2330 2765 sejunguutur
2360 2693 2521 2766 atque
2550 2693 2833 2766 secedunt.
2874 2694 3027 2760 Quod
3077 2702 3258 2748 autem
3298 2693 3511 2766 Moyses

257 2781 382 2818 cum
412 2768 614 2818 selectis
646 2766 1009 2818 sacerdotibus
1050 2772 1279 2820 montem
1326 2768 1599 2835 ascendat,
1627 2763 1874 2835 solusque
1913 2763 2191 2835 caliginem
2242 2763 2598 2835 ingrediatur,
2632 2764 2896 2827 insinuat,
2929 2778 3228 2835 paucorum
3262 2763 3414 2835 esse,
3440 2763 3509 2815 ad

252 2838 490 2906 mystica
518 2836 1163 2907 fastigiaconscendere,
1199 2838 1466 2906 siquidem
1497 2853 1687 2891 omnes
1715 2852 1747 2891 e
1775 2833 1932 2907 plebe
1971 2833 2188 2907 purgati
2224 2833 2442 2904 quidem
2469 2844 2617 2901 sunt,
2662 2844 2716 2889 et
2744 2849 2935 2907 omnes
2966 2833 3214 2907 sonitum
3259 2833 3521 2907 buccinae

258 2903 610 2968 audiverunt,
645 2903 700 2959 et
731 2905 940 2974 fulgura
980 2903 1475 2975 viderunt,'paucis
1508 2918 1687 2962 tamen
1733 2903 2053 2962 concessum
2085 2905 2189 2959 fuit
2234 2903 2286 2959 in
2329 2917 2568 2961 montem
2614 2905 2929 2966 ascendere,
2966 2903 3242 2975 Deumque
3283 2903 3506 2975 intueri.

259 2975 358 3028 Sic
390 2976 571 3043 plures
614 2990 833 3047 quoque
866 2977 920 3029 in
960 2978 1045 3030 via
1071 2974 1355 3046 purgativa
1385 2980 1607 3047 degunt,
1632 2979 1930 3047 pauciores
1958 2991 2087 3030 vero
2124 2977 2177 3028 iit
2215 2977 2597 3039 illuminativa,
2633 2975 2946 3047 paucissimi
2978 2989 3106 3026 vero
3142 2974 3211 3047 ad
3241 2974 3508 3027 unitivaut‘

258 3049 607 3117 perveniunt.
632 3044 868 3117 Moyses
885 3048 1028 3117 enim
1066 3044 1212 3102 solus
1243 3054 1327 3117 (ut
1355 3044 1590 3101 habetur
1624 3044 1795 3101 Exodi
1817 3062 1937 3115 cap.
1972 3050 2062 3115 xx)
2094 3048 2329 3101 accessit
2355 3049 2425 3100 ad
2464 3044 2750 3115 caliginem
2785 3046 2837 3097 in
2862 3060 2966 3113 qua
3000 3055 3121 3096 erat
3144 3044 3318 3117 Deus,
3344 3059 3509 3117 quam

259 3116 545 3188 historiam
590 3114 813 3171 sanctus
843 3115 1133 3188 Dionysius
1168 3114 1548 3172 accommodat
1594 3120 1823 3188 mystico
1865 3114 2140 3184 theologo,
2173 3119 2264 3186 qui
2288 3114 2594 3188 semotaet
2625 3118 2789 3170 veluti
2823 3130 2855 3168 a
2884 3125 3038 3188 tergo
3080 3114 3267 3167 relicta
3296 3114 3511 3188 intelle-

256 3186 426 3257 ctuali
456 3189 785 3254 cognitione,
813 3187 864 3239 in
905 3185 1150 3257 ιιιγέιίοω
1186 3189 1400 3243 unionis
1423 3189 1602 3242 sinum
1641 3185 1921 3257 recipitur,
1951 3188 2041 3242 ubi
2067 3198 2153 3241 est
2178 3185 2418 3255 perfecta
2450 3187 2627 3257 caligo
2664 3186 3045 3257 ignoratioms,
3077 3199 3198 3252 quas
3235 3185 3509 3257 inseipsa

259 3256 465 3330 nullam
510 3253 931 3330 intellectualem
961 3253 1139 3314 lucent
1167 3269 1261 3312 aut
1290 3260 1659 3328 cognitionem
1698 3253 1942 3313 admittit
1983 3266 2035 3311 et
2077 3253 2221 3322 vere,
2276 3260 2507 3330 mystica
2538 3253 2652 3323 εει,
2684 3253 2810 3326 quia
2846 3256 3034 3310 intima
3067 3268 3123 3310 et
3164 3253 3400 3318 occultat,
3428 3257 3510 3308 sic

260 3335 321 3377 ut
348 3326 491 3380 nulla
523 3342 677 3381 mens
714 3328 984 3383 rationem
1009 3330 1126 3397 ejus
1152 3330 1329 3384 valeat
1363 3326 1848 3398 comprehendere.

1868 3509 1938 3523 β

1288 3634 1776 3695 PARAPHRASIS
1833 3636 2284 3694 PACHYMER/E
2318 3641 2452 3711 (55).

342 3768 401 3824 Ὀ
425 3771 522 3841 μὲν
554 3770 698 3842 ἱερὸς
723 3769 997 3835 Διονύσιος
1037 3772 1134 3826 τοῦ
1166 3773 1307 3843 Περὶ
1339 3775 1512 3829 θείων
1534 3774 1835 3845 ὀνομάτων

2012 3776 2171 3831 Divus
2195 3778 2411 3846 quidem
2443 3776 2751 3848 Dionysius,
2788 3779 2924 3833 libro
2955 3796 3056 3834 suo
3088 3780 3164 3836 De
3198 3782 3387 3836 divinis
3417 3797 3512 3835 no-

255 3863 419 3933 λότου
441 3862 705 3934 προέταξε
720 3860 812 3918 τὸν
827 3866 969 3935 Περὶ
992 3865 1350 3938 θεολογικῶν
1366 3867 1833 3933 ὑποτυπώσεων,

255 3950 597 4029 προθεωρίαν
627 3957 735 4011 τῶν
786 3959 1058 4031 σποράδην
1094 3962 1150 4013 έν
1189 3963 1255 4033 τῇ
1296 3960 1485 4033 Γραφῇ
1534 3963 1662 4034 περὶ
1699 3962 1835 4016 Θεοῦ

255 4049 581 4121 εἰρημένων·
612 4049 846 4117 ὑπέταξε
870 4053 928 4106 δὲ
953 4053 1044 4107 τὸν
1068 4053 1211 4122 Περὶ
1239 4054 1615 4124 συμϐολικῆς
1637 4059 1837 4110 θεολο-

253 4144 411 4213 τίας,
445 4145 502 4197 ὲν
528 4140 574 4214 ᾧ
603 4144 829 4213 ἐδίδαξε,
860 4148 1005 4212 τίνες
1035 4149 1092 4202 αἰ
1133 4148 1243 4201 ἀπὸ
1286 4147 1395 4201 τῶν
1425 4148 1696 4220 αἰσθητῶν
1743 4150 1837 4204 ἐπὶ

252 4234 329 4289 τὰ
366 4236 481 4290 θεῖα
517 4240 880 4310 μετωνυμίαι,
914 4241 1008 4293 καὶ
1036 4240 1103 4294 τὰ
1132 4240 1258 4312 ἑξῆς
1287 4240 1700 4316 πολυλογώτερα
1729 4242 1837 4296 τῶν

256 4328 403 4397 Περὶ
443 4331 803 4401 θεολογικῶν
852 4332 1320 4399 ὑποτυπώσεων,
1369 4336 1463 4387 καὶ
1500 4336 1672 4388 θείων
1704 4336 1837 4389 ὀνο-

249 4419 458 4489 μάτων
490 4423 823 4495 ὑπάρχοντα,
850 4425 915 4477 δι’
945 4425 1147 4490 αἰτίαν,
1181 4426 1247 4496 ῆν
1276 4428 1333 4479 ὲν
1353 4426 1430 4499 τῷ
1457 4428 1626 4498 τρίτῳ
1666 4444 1837 4496 κεφα-

254 4510 394 4583 λαίῳ
427 4512 521 4565 τοῦ
539 4516 679 4583 Περὶ
696 4515 1000 4585 μυστικῆς
1022 4519 1329 4588 θεολογίας
1350 4520 1501 4591 φησί.
1528 4518 1683 4572 Μετὰ
1706 4518 1836 4587 γοῦν

252 4603 464 4668 τοῦτον,
499 4607 705 4660 ἐκείνου
735 4607 955 4679 ἤρξατο.
991 4609 1196 4679 Μηδεὶς
1234 4606 1327 4663 οὖν
1357 4610 1550 4664 οἰέσθω
1578 4612 1667 4664 τὸν
1696 4612 1836 4680 Περί

253 4697 633 4767 συμϐολικῆς
663 4700 993 4768 θεολογίας,
1026 4702 1108 4769 ἐφ’
1131 4701 1189 4753 ὃν
1222 4701 1361 4772 μετὰ
1382 4702 1472 4756 τὸν
1494 4704 1633 4771 Περί
1665 4704 1839 4757 θείων

254 4788 565 4858 ὀνομάτων
612 4791 1027 4861 μετελεύσεσθαί
1070 4812 1222 4866 φησι,
1252 4795 1342 4847 τὸν
1373 4797 1514 4863 Περὶ
1533 4796 1838 4866 μυστικῆς

253 4884 568 4953 θεολογίας
607 4880 766 4952 εἶναι,
793 4884 929 4938 ἀλλὰ
956 4888 1071 4956 μετ’
1096 4890 1300 4941 ἐκεῖνον
1329 4887 1516 4941 τοῦτον
1547 4888 1679 4941 ἴστω
1710 4906 1835 4941 συν-

251 4973 513 5044 τετάχθαι
542 4975 619 5046 τῷ
641 4977 806 5048 πατρί
831 4993 844 5005 ·
879 4978 952 5048 μὴ
980 4981 1366 5051 εὑρισκομένου
1396 4980 1455 5033 δὲ
1482 4980 1576 5035 νῦν
1602 4980 1834 5044 ἐκείνου,

253 5068 284 5121 ὁ
304 5068 441 5135 Περί
464 5068 768 5137 μυστικῆς
790 5072 1101 5140 θεολογίας
1124 5073 1308 5126 ἐνθάδε
1330 5074 1607 5129 τέτακται.

331 5246 360 5319 §
390 5248 431 5301 1.
461 5248 790 5319 Ἐπειδήπερ
818 5248 959 5315 Περὶ
982 5250 1288 5320 μυστικῆς
1313 5253 1624 5321 θεολογίας
1653 5253 1833 5324 μέλλει

251 5338 552 5402 διαλαϐεῖν,
574 5341 674 5410 τῆς
694 5340 959 5393 ἁπολύτου
989 5341 1130 5410 λέγω
1158 5343 1356 5406 παντὸς
1374 5361 1435 5396 συ
1444 5344 1638 5414 μϐόλου
1660 5362 1720 5398 τε
1742 5348 1835 5399 καὶ

248 5432 540 5502 ὀνόματος,
571 5433 666 5486 καὶ
691 5432 779 5486 διά
803 5450 863 5485 τε
889 5434 987 5505 τῆς
1015 5435 1230 5489 πάντων
1262 5436 1468 5506 νοητῶν
1496 5437 1829 5504 ἀπολύσεως,

256 5524 356 5578 καὶ
381 5525 481 5595 τῆς
526 5525 715 5579 πασῶν
754 5527 989 5598 νοήσεων
1037 5528 1397 5593 ἁποπαύσεως
1442 5531 1831 5602 συναγομένης,

334 5676 355 5719 ι
392 5679 534 5741 Psal.
571 5697 803 5747 Lxxxm,
832 5681 893 5736 ϐ.
953 5680 1169 5738 mProv.
1207 5699 1278 5744 Iv,
1318 5683 1401 5739 18.

1938 3870 2162 3923 minibus
2190 3869 2532 3940 prmmiserat
2560 3870 2710 3924 illunt
2737 3870 2813 3937 De
2842 3871 3146 3942 theologicis
3177 3872 3512 3939 informatio-

1939 3966 2111 4030 nibus,
2141 3980 2239 4019 ceu
2280 3965 2540 4035 prmviUm
2572 3977 2853 4034 aspectum
2895 3981 3081 4020 eorum
3125 3981 3246 4039 qua:
3274 3970 3509 4035 sparsim

1940 4059 1991 4112 in
2026 4057 2315 4125 Scriptura
2347 4057 2412 4111 de
2445 4057 2555 4111 Deo
2582 4058 2723 4112 dicta
2769 4062 2930 4123 s'unt;
2975 4059 3337 4128 subjunxerat
3381 4074 3513 4113 vero

1938 4151 2137 4205 librum
2184 4149 2261 4205 De
2302 4150 2589 4221 symbolica
2638 4150 2920 4220 theologia,
2968 4150 3019 4204 in
3072 4166 3180 4219 quo
3227 4152 3511 4212 docuerat,

1936 4258 2184 4314 quaenam
2216 4258 2245 4295 a
2271 4242 2563 4296 sensilibus
2580 4243 2647 4296 ad
2676 4242 2860 4296 divina
2890 4241 3276 4296 translationes
3303 4248 3510 4301 essent.

1938 4346 2070 4401 etc.,
2097 4351 2217 4405 qua:
2245 4335 2449 4402 scripta
2484 4333 2561 4387 De
2585 4334 2889 4403 theologicis
2922 4333 3412 4402 informationibus,
3447 4349 3512 4387 ac

1942 4428 2140 4482 Divinis
2188 4428 2485 4481 nominibus
2533 4426 2831 4495 prolixiora
2884 4434 3076 4487 erant,
3126 4425 3199 4479 ob
3248 4438 3508 4486 causam,

1939 4533 2099 4588 quam
2135 4518 2186 4570 itt
2217 4518 2379 4571 tertio
2423 4516 2603 4584 capite
2645 4514 2723 4567 De
2763 4515 2989 4585 mystica
3032 4512 3293 4581 theologia
3321 4512 3509 4572 tradit,

1939 4588 2064 4678 pust
2110 4609 2230 4662 illos
2273 4609 2457 4677 itaque
2503 4614 2805 4668 tractatus,
2850 4608 2995 4659 hunc
3047 4604 3361 4673 auspicatus
3405 4612 3509 4655 est.

1936 4702 2109 4757 Nemo
2146 4702 2312 4771 igitur
2354 4702 2548 4755 librum
2591 4701 2740 4753 illum
2786 4699 2859 4752 De
2896 4697 3182 4771 symbolica
3228 4696 3511 4766 theologia,

1939 4796 2005 4851 ad
2036 4811 2220 4865 quem,
2246 4803 2367 4862 post
2400 4794 2548 4847 illttttt
2583 4792 2658 4847 De
2679 4792 2867 4845 divinis
2897 4791 3216 4853 nominibus,
3242 4805 3301 4843 se
3332 4800 3513 4843 trans-

1939 4888 2020 4943 ire
2050 4889 2201 4955 dicit,
2232 4889 2503 4943 existimet
2528 4886 2673 4939 hunc
2695 4899 2815 4938 esse
2844 4883 2919 4937 De
2962 4882 3184 4953 mystica
3224 4879 3516 4948 theologia,

1937 4982 2031 5036 sed
2056 4988 2177 5049 post
2210 4978 2361 5033 illum
2395 4978 2535 5031 sciat
2562 4976 2727 5030 istum
2755 4991 2784 5029 a
2827 4982 3019 5029 sancto
3049 4972 3213 5029 Patre
3242 4972 3505 5039 composi-

1940 5083 2052 5126 tttttt
2095 5072 2284 5136 fuisse,
2311 5071 2403 5141 qui
2438 5085 2562 5125 cunt
2593 5070 2765 5123 modo
2786 5085 2891 5122 non
2943 5069 3267 5136 reperiatur,
3298 5064 3387 5118 hic
3430 5063 3507 5116 De

1864 5145 1908 5201 Β
1942 5168 2161 5238 mystica
2188 5165 2449 5232 theologia
2484 5163 2585 5217 hoc
2612 5164 2732 5217 loco
2763 5162 3131 5231 subjungitnr.

2012 5254 2095 5327 §I.
2111 5255 2242 5309 Cum
2262 5254 2336 5307 De
2349 5257 2564 5322 mystica
2580 5254 2946 5323 theologia,,ab
2958 5251 3110 5305 omni
3130 5252 3346 5318 inquam
3364 5263 3509 5317 sym-

1938 5347 2063 5401 bolo
2092 5346 2417 5418 nomineque
2445 5346 2799 5408 absoluta,et
2832 5345 3073 5397 omnium
3108 5341 3508 5396 intellectilium

1941 5440 2316 5504 absolutione,
2356 5440 2710 5509 omniumque
2760 5439 3154 5509 cogitationum
3196 5433 3509 5489 cessatione

1940 5535 2189 5598 collecta,
2231 5534 2477 5589 dicturus
2499 5546 2664 5598 esset,
2696 5548 2857 5605 quam
2880 5534 2939 5585 in
2953 5530 3075 5587 aliis
3097 5542 3313 5600 quoque
3335 5527 3402 5580 ab
3423 5526 3511 5581 in-

330 5794 446 5867 (53)
483 5794 613 5849 Vide
638 5794 853 5850 Scholia
884 5795 940 5850 S.
976 5796 1197 5853 ilaxint.
1228 5808 1356 5853 lout.
1397 5796 1457 5864 ll,
1489 5814 1608 5867 cap.
1647 5797 1668 5852 ἰ
1707 5797 1867 5868 Myst.
1921 5800 2077 5856 theol.
