1933 3116
158 141 229 171 ιοιε

741 142 770 171 ε.
788 143 940 172 DIONYSII
956 144 1191 174 ARBOPAGITE

1721 146 1795 175 ιοιδ

159 198 281 227 tellectili
293 198 412 227 motione
424 199 605 228 cessationem
617 199 773 236 appellavit,
781 200 887 229 idcirco
897 209 947 228 an.
960 229 962 233 Α

1015 212 1030 225 υ
1046 203 1074 230 δὲ
1097 204 1127 230 ὲν
1149 204 1254 240 ἑτέροις
1269 201 1329 232 εἶπε
1345 205 1392 233 καὶ
1405 205 1600 242 ἀνενεργησίαν
1615 200 1666 241 τῆς
1693 203 1795 239 νοερᾶς

159 250 267 281 tequam
276 245 357 273 verba
369 245 464 278 faciat,
472 247 584 274 adhibet
592 248 788 282 precationem.
796 254 877 283 atque
886 256 947 276 sau-

163 296 230 319 uam
250 292 356 319 invocat
368 292 542 324 Trinitatem,
554 293 649 321 dicens
662 302 669 321 :
680 293 811 327 Trinitas,
823 300 850 321 et
865 302 947 330 supra

163 347 179 372 ν
187 345 247 365 sum
257 345 330 370 esse,
343 343 371 366 et
381 346 462 374 supra
479 347 562 375 quam
574 340 658 368 Deum
670 348 741 373 esse.
753 346 781 369 et
794 341 855 375 plus
866 349 947 376 quam

153 384 237 420 551
256 385 355 412 bonum
374 393 434 414 esse
465 387 579 421 habens;
606 388 740 423 siquidem
756 389 781 416 id
800 389 854 416 vim
867 389 950 418 habet

154 430 358 464 uroductionis,
373 431 478 459 scilicet
492 440 568 465 esse;
586 432 651 460 illud
665 440 728 461 vero
742 433 880 466 ellicacian
895 436 949 463 sci-

159 475 221 504 licet
238 476 320 508 Deus.
343 477 416 504 aliud
442 486 507 506 vero
530 479 709 512 habitudinis.
724 481 831 509 scilicet
845 481 950 516 bonus;

159 530 221 557 qua:
250 522 346 558 utique
372 530 498 553 naturam
525 524 571 553 Dei
597 525 670 552 nullo
695 527 774 554 modo
799 527 948 556 declarant.

161 567 229 596 llinc
257 576 322 596 vero
345 570 453 598 discere
484 570 577 603 liceat,
604 571 676 604 quod
702 571 765 599 dum
782 573 816 600 de
837 573 951 608 mystica

161 613 294 649 theologia
307 617 390 642 verba
422 615 515 644 facere
543 616 708 650 instituerit,
725 623 753 644 et
772 622 885 653 propter
901 619 952 646 hoc

161 660 270 693 petierit
284 660 443 692 illuminari,
456 662 526 689 hanc
543 662 627 698 ipsam
638 663 824 698 precationem
840 664 954 699 mystice

161 711 319 741 componat.
337 706 395 734 Non
412 708 484 734 enim
500 708 580 740 dixit.
595 709 658 743 quid
687 709 723 736 sit
740 709 831 742 Trias.
847 710 894 739 sed
909 710 953 738 illa

160 753 261 786 quibus
273 757 317 780 est
334 754 470 787 superior.
497 753 560 781 llmc
573 755 644 781 enim
660 759 701 782 est
718 756 834 791 mystica
852 756 956 783 theolo-

162 799 218 834 gia,
235 807 294 835 qua:
320 808 407 835 neque
434 802 554 829 sensatio
576 807 632 834 cst,
655 810 743 838 neque
771 803 852 835 ratio.
869 811 956 837 neque

164 846 266 873 mentis
283 846 379 878 motio,
404 854 492 882 neque
507 848 641 882 operatio,
665 856 753 883 neque
767 849 891 883 habitus,
910 857 958 877 ne-

164 898 219 926 que
237 891 311 927 quod
326 892 475 928 quidquam
502 901 593 920 rerum
623 896 785 922 nostratium
818 895 956 931 explicare

164 937 270 971 possit;
298 938 345 965 sed
371 939 398 965 in
426 939 546 974 perfecta
576 940 677 968 mentis
704 941 857 969 cessatione
881 942 954 970 circa

165 984 250 1018 ipsam
257 983 422 1016 ’illuminati,
435 993 633 1020 cognoscemus
648 994 709 1014 eam
722 994 783 1014 esse
797 995 881 1022 supra
898 996 958 1014 om-

166 1034 209 1060 nia
220 1040 283 1068 qua:
295 1041 371 1061 mens
386 1034 529 1070 intelligit;
544 1040 572 1062 et
596 1043 658 1063 cum
691 1036 837 1072 mysticum
851 1037 915 1072 quid
930 1043 958 1066 et

166 1078 307 1107 ineﬂ'abile
321 1080 472 1112 contineat,
507 1081 657 1109 secundum
675 1081 727 1110 hoc
753 1083 840 1110 solum
855 1091 959 1111 sermo-

167 1133 217 1153 nes
231 1126 264 1153 de
277 1125 322 1153 illa
337 1131 429 1157 erunt.
451 1131 479 1154 et
506 1127 641 1163 theologia
658 1128 813 1161 vocabitur.
829 1130 959 1164 quoniam

167 1172 219 1200 hoc
231 1172 266 1199 de
285 1172 340 1199 Deo
362 1172 464 1200 dicitur
478 1173 550 1207 quod
575 1174 613 1201 sit
634 1182 717 1209 supra
738 1176 840 1202 omnia.
858 1175 898 1202 Tu
912 1176 961 1202 ita-

165 1226 230 1253 que,
243 1226 260 1245 o
281 1223 376 1246 sancta
399 1218 532 1252 Trinitas.
558 1220 657 1248 divinas
680 1221 823 1256 sapientia;
844 1221 870 1248 in
884 1221 962 1249 Chri-

166 1265 266 1292 stianis
279 1272 393 1300 praeses,
412 1272 473 1299 qure
501 1270 620 1293 mentem
635 1266 710 1301 regis
737 1271 767 1293 ut
782 1274 902 1303 congrue
928 1266 962 1294 de

166 1311 269 1338 divinis
278 1311 390 1344 sentiat,
406 1315 435 1338 et
452 1319 506 1339 non
523 1312 614 1346 sapiat
638 1319 856 1347 supervacanea,
872 1312 962 1347 dirige

166 1364 219 1384 nos
234 1356 268 1384 ad
283 1364 441 1392 supremum
457 1358 601 1389 ierliccm.
630 1365 687 1393 quo
698 1358 736 1385 nil
752 1358 897 1387 sublimius
912 1366 961 1387 es-

167 1403 288 1438 cogitari
306 1408 406 1437 potest.
420 1403 467 1439 qui
495 1411 660 1439 supraquam
690 1404 810 1440 ignotus.
824 1411 851 1435 et
862 1412 960 1441 supra-

168 1458 253 1484 quam
272 1450 380 1478 lucidus
398 1456 426 1478 et
451 1457 533 1484 supra
556 1458 664 1479 omnem
687 1451 852 1486 cognitionis
880 1458 964 1486 nega-

170 1495 319 1528 tionem,et
333 1496 443 1523 luminis
456 1495 664 1523 aliirmationcm
682 1496 803 1524 exsistit.
818 1496 963 1530 Quoniam,

171 1541 236 1570 licet
250 1542 341 1576 ignota
357 1541 392 1569 sit
419 1541 571 1569 istiusmodi
599 1541 763 1575 sublimitas.
791 1550 845 1570 non
871 1547 962 1569 tamen

169 1588 251 1623 quasi
267 1587 341 1615 nullo
356 1587 436 1615 modo
450 1587 554 1620 sit,scd
569 1593 699 1622 tanquam
713 1588 833 1616 exsistat
843 1588 963 1623 quidem.

171 1634 220 1662 sed
233 1641 268 1662 ex
283 1642 361 1669 atque
372 1634 457 1662 etiam
469 1641 550 1661 omne
572 1633 662 1661 lumen
677 1634 780 1666 vincat.
796 1634 822 1661 id
848 1638 889 1662 est
905 1641 965 1661 om-

173 1687 237 1708 nem
257 1680 440 1715 cognitionem
467 1684 494 1707 et
523 1687 634 1707 omnem
665 1679 880 1714 ignorationem;
915 1680 966 1707 hoc

170 1728 247 1754 enim
257 1730 299 1754 est
314 1733 479 1762 supraquam
500 1725 607 1758 lucens,
616 1729 698 1759 atque
711 1725 775 1752 item
799 1732 964 1760 supraquam

174 1774 310 1808 ignotum.
325 1771 353 1799 In
375 1779 430 1806 quo
448 1771 545 1806 utique
559 1771 673 1803 vertice,
701 1770 848 1805 simplicia.
863 1776 891 1798 et
904 1771 966 1798 uni-

173 1819 274 1847 t'ormia
286 1822 315 1846 ct
329 1817 463 1849 absoluta.
477 1817 604 1845 videlicet
620 1824 651 1845 ea
667 1824 727 1851 quie
746 1817 806 1845 sine
824 1817 964 1852 symbolis,

172 1871 204 1893 et
219 1869 248 1892 ut
263 1869 338 1898 sunt,
354 1865 502 1896 exsistunt.
515 1871 568 1892 non
589 1869 679 1893 tamen
694 1864 851 1900 parabolice
866 1868 967 1899 myste-

175 1912 217 1938 ria
232 1911 383 1939 secundum
413 1918 576 1947 supraquam
602 1910 720 1937 lucidam
747 1909 848 1937 occulti
869 1909 966 1944 mysti-

173 1958 258 1992 cique
272 1957 374 1985 silentii
388 1956 535 1991 caliginem
551 1955 687 1987 velantur.
705 1955 732 1983 in
748 1955 798 1982 hac
811 1955 905 1990 utique
921 1962 968 1982 ca-

175 2005 260 2040 ligine
288 2002 548 2036 tenebricosissima,
573 2007 685 2038 propter
711 2001 969 2038 mysteriumetar—

175 2059 278 2079 canum
294 2057 459 2086 supraquam
484 2049 577 2077 lucent
596 2056 629 2076 ea
653 2056 715 2084 qua:
735 2056 901 2086 supraquam
927 2048 969 2075 Iu-

175 2097 320 2125 eidissima
353 2101 429 2128 sunt,
455 2099 565 2130 propter
592 2094 753 2122 inﬁnitatem
782 2094 913 2122 donorum
936 2101 968 2120 ac

179 2144 414 2179 providentiarum
449 2147 477 2170 et
504 2142 700 2170 beneﬁciorum
727 2141 785 2174 Dei.
809 2147 843 2168 cx
869 2140 969 2175 quibus

176 2198 347 2225 supraquam
383 2189 457 2217 lucet
476 2188 542 2216 illud
572 2188 618 2215 Dei
636 2188 870 2219 secretissimum,
884 2192 911 2214 et
926 2191 968 2213 ta-

999 250 1130 286 κινήσεως
1142 258 1148 264 ·
1163 249 1209 277 διὰ
1221 250 1301 277 τοῦτο
1315 251 1369 286 πρὸ
1380 250 1435 277 τῶν
1444 251 1530 285 λόγων
1543 252 1576 287 τῇ
1591 251 1658 287 εὐχῇ
1679 250 1795 286 χρῆται,

999 296 1047 323 καὶ
1059 296 1191 332 πρὸς-τὴν
1205 296 1285 331 ἁγίαν
1296 297 1434 323 ποτνιᾶται
1455 297 1567 333 Τριάδα,
1578 297 1666 332 λέγων
1684 305 1693 312 ·
1707 295 1797 332 Τριὲις

1000 344 1047 371 καὶ
1071 343 1141 380 ὑπὲρ
1162 343 1193 370 τὺ
1222 341 1302 375 εἶναι,
1327 343 1375 370 καὶ
1401 344 1471 378 ὑπὲρ
1493 343 1524 370 τὸ
1545 343 1611 375 Θεὸς
1635 341 1722 375 εἶναι,
1750 342 1798 368 καὶ

1000 389 1031 416 τδ
1056 389 1127 425 ὑπὲρ
1153 389 1184 415 τὸ
1207 388 1308 423 ἀγαθὸς
1332 386 1401 415 εἶναι
1426 388 1543 424 ἔχουσα·
1568 388 1599 415 τὸ
1624 389 1674 424 μὲν
1705 387 1799 421 ἐμφα-

1002 444 1045 462 σιν
1061 435 1117 471 ἔχει
1135 435 1312 471 παραγωγῆς,
1336 435 1456 470 δηλονότι
1470 435 1502 461 τὺ
1525 434 1606 466 εἶναι,
1623 435 1654 462 τὺ
1669 434 1699 461 δὲ
1720 435 1800 468 ἐνερ-

1002 484 1089 518 γείας,
1105 482 1137 509 τὸ
1152 482 1217 515 Θεός
1227 491 1233 498 '
1251 482 1282 509 τὸ
1296 482 1325 509 δὲ
1341 481 1435 515 ἕξεως,
1450 482 1481 509 τὸ
1497 482 1607 517 ἀγαθὸς,
1623 481 1642 509 ἃ
1657 478 1804 517 aeruca.

1002 530 1033 556 οὺ
1050 529 1131 564 φύσιν
1147 528 1238 560 ποσῶς
1255 527 1442 564 παραδηλοῦσι
1457 528 1535 555 Θεοῦ.
1562 528 1639 555 Ἔστι
1655 527 1685 554 as
1701 525 1798 554 ὲντεῦ-

1003 575 1050 603 θεν
1067 575 1172 610 μαθεῖν,
1189 576 1231 602 ὅτι
1245 576 1307 612 πρὶ
1321 576 1454 611 μυστικῆς
1472 574 1610 609 θεολογίας
1626 572 1798 609 προθέμενος

1004 619 1103 655 λέγειν,
1121 621 1167 647 καὶ
1181 622 1221 653 είς
1235 621 1315 648 τοῦτο
1331 620 1498 656 φωτισθῆναι
1514 619 1670 655 εὐχόμενος,
1688 617 1739 644 καὶ
1752 616 1800 643 αῦ-

1004 666 1054 701 τὴν
1068 666 1118 701 τὴν
1127 666 1210 701 εὐχὴν
1226 666 1365 702 μυστικῶς
1376 666 1529 701 συντίθησιν
1540 673 1546 680 ·
1558 664 1618 691 οὐδὲ
1629 663 1685 699 γὰρ
1697 661 1762 689 εἷπε
1771 662 1800 689 τί

1007 713 1081 739 ἔστιν
1096 713 1113 747 ἡ
1130 712 1226 748 Τριὰς,
1242 712 1310 739 ἀλλά
1322 712 1408 738 ταῦτα
1433 711 1502 747 ὑπὲρ
1519 711 1537 738 a
1552 711 1621 737 ἐστι.
1639 709 1727 736 Τοῦτο
1743 707 1801 743 γάρ

1006 759 1110 794 ὲστινή
1130 758 1248 794 μυστικὴ
1265 757 1400 793 θεολογία,
1417 757 1468 785 οὐκ
1490 756 1627 792 αἴσθησις,
1654 756 1686 782 οὐ
1704 754 1799 789 λόγος,

1007 804 1037 830 οὐ
1053 804 1112 836 νοὸς
1128 804 1243 839 κίνησις,
1261 804 1311 831 οὐκ
1328 803 1465 840 ἐνέργεια,
1480 803 1530 838 οὐχ
1543 802 1610 835 ἕξις,
1626 801 1677 828 aiax
1692 800 1760 829 ἄλλο
1774 809 1804 827 τι

1008 850 1064 878 τῶν
1081 851 1223 887 ἡμετέρων
1239 851 1411 887 παραστήσει
1426 849 1528 885 ταύτην
1539 858 1546 865 ·
1571 849 1627 876 ἀλλ’
1643 850 1674 875 ὲν
1689 848 1805 884 ἀκριϐεῖ

974 888 994 917 Β
1008 896 1138 932 ἀκινησίᾳ
1154 896 1214 928 νοὸς
1230 896 1264 923 τὰ
1282 897 1346 932 περὶ
1360 896 1445 931 αὐτῆς
1470 895 1678 930 ὲλλαμερθέντες,
1695 894 1805 929 γνωσό-

1010 942 1078 978 μεθα
1093 942 1134 969 ὅτι
1151 942 1222 978 ὑπὲρ
1238 942 1337 974 πάντα,
1360 942 1411 969 ὅσα
1436 941 1469 968 ἂν
1491 942 1505 969 ό
1521 941 1583 973 νοῦς
1598 942 1702 976 νοήσοι,
1719 940 1801 967 ἐπί*

1009 988 1056 1015 καὶ
1071 987 1101 1014 τὸ
1119 987 1249 1023 μυστικὸν
1265 988 1313 1014 καὶ
1328 987 1509 1022 ἀνεκλάλητον
1530 987 1639 1022 ἔχουσα,
1663 987 1704 1017 εις
1719 984 1806 1012 τοῦτο

1011 1034 1089 1069 μόνον
1105 1033 1160 1060 τῶν
1176 1033 1262 1068 λόγων
1291 1033 1377 1065 ἔσται,
1409 1033 1457 1060 καὶ⁹
1489 1032 1612 1067 θεολογίσ
1628 1032 1804 1068 λεχθήσεται,

1008 1080 1076 1107 διότι
1091 1080 1170 1107 τοῦτο
1185 1080 1250 1116 περὶ
1265 1079 1333 1106 Θεοῦ
1358 1079 1475 1114 λέγεται,
1496 1079 1537 1106 ὅτι
1568 1079 1638 1112 ὑπὲρ
1658 1078 1694 1104 τὰ
1710 1077 1807 1104 πάντα

1010 1127 1078 1154 ἐστί.
1096 1127 1133 1153 Σὺ
1150 1126 1226 1162 γοῦν,
1245 1126 1369 1162 μακαρία
1386 1125 1483 1160 Τριάς,
1500 1126 1517 1161 ἡ
1539 1125 1590 1161 τῆς
1613 1127 1641 1152 ἐν
1656 1127 1714 1157 τοῖς
1731 1126 1807 1159 Χρι-

1012 1173 1130 1204 πιανοίς
1153 1173 1284 1209 περισσοῦ
1316 1172 1411 1206 σοφίας
1442 1171 1549 1207 ἔφορος,
1581 1171 1742 1207 κυϐερνῶσα
1758 1171 1808 1198 τὸν

1010 1219 1083 1251 νοῦν,
1100 1219 1138 1251 ὡς
1153 1219 1186 1246 ἂν
1217 1219 1410 1255 προσηκόντως
1436 1221 1492 1251 τοῖς
1508 1218 1590 1250 θείοις
1617 1219 1675 1253 νοῇ,
1698 1218 1749 1244 καὶ
1767 1218 1808 1253 μὴ

1012 1265 1129 1301 περισσὰ
1147 1265 1299 1300 σοφίζηται,
1333 1265 1422 1293 ἴθυνον
1434 1266 1508 1301 ἡμᾶς
1524 1265 1571 1291 ἐπὶ
1586 1264 1634 1300 τὴν
1649 1264 1810 1299 ἀκροτάτην

1013 1311 1144 1348 κορυφὴν,
1161 1311 1208 1338 καὶ
1224 1311 1294 1346 ὑπὲρ
1310 1311 1344 1346 ἢν
1372 1311 1423 1338 οὒκ
1452 1310 1511 1337 ἔστι
1527 1319 1553 1337 τι
1578 1309 1742 1346 ὑψηλότερον
1760 1310 1809 1336 ὲν-

1013 1358 1118 1394 νοῆσαι,
1135 1357 1184 1393 τὴν
1200 1357 1411 1392 ὑπεράγνωστον
1442 1357 1489 1383 καὶ
1505 1356 1644 1392 ὕπερφαῆ,
1666 1355 1715 1391 τὴν
1732 1355 1810 1390 ὑπὲρ

1013 1405 1106 1431 πᾶσαν
1121 1404 1169 1431 καὶ
1186 1403 1324 1438 ἀπόφασιν
1340 1402 1478 1437 γνώσεως,
1511 1403 1558 1429 καὶ
1582 1402 1735 1437 κατάφασιν
1754 1402 1810 1436 φά-

1013 1459 1069 1482 ους.
1089 1451 1149 1477 Ὅτι
1165 1451 1189 1477 εἰ
1205 1450 1253 1477 καὶ
1269 1449 1409 1484 ἄγνωστός
1424 1451 1499 1476 ἐστιν
1514 1450 1532 1485 ἡ
1545 1449 1656 1484 τοιαύτη
1672 1449 1807 1485 ἀκρότης,

1014 1496 1072 1524 ἀλλ’
1088 1496 1148 1531 οὐχὶ
1163 1495 1202 1528 ὼς
1219 1495 1332 1532 μηδαμῆ
1357 1495 1491 1532 μηδαμῶς
1515 1493 1593 1527 οὖσα,
1611 1495 1667 1522 ἀλλ’
1683 1495 1720 1527 ῶς
1737 1492 1810 1522 οὖσα

1017 1542 1077 1579 μὲν,
1094 1542 1197 1569 νικῶσα
1212 1542 1241 1569 δὲ
1265 1541 1355 1574 ὲξίσου
1379 1542 1427 1569 καὶ
1451 1543 1506 1569 πᾶν
1521 1542 1600 1576 φάος,
1616 1541 1736 1578 δηλονότι
1754 1543 1812 1569 πᾶ-

1017 1597 1067 1616 σαν
1081 1588 1192 1624 γνῶσιν,
1210 1588 1258 1616 καὶ
1274 1589 1365 1615 πᾶσαν
1386 1588 1541 1623 ἀγνωσίαν·
1565 1588 1644 1615 τοῦτο
1667 1588 1721 1624 γάρ
1749 1589 1810 1615 ἐστι

1014 1635 1045 1662 τὸ
1061 1634 1211 1671 ὑπερφαὲς,
1229 1634 1276 1661 καὶ
1291 1632 1369 1666 αὖθις
1390 1634 1422 1661 τὸ
1451 1633 1671 1669 ὕπεράγνωστσν·
1687 1633 1716 1659 ὲν
1768 1633 1803 1669 δὴ

1015 1682 1121 1716 κορυφῇ
1138 1679 1173 1706 τὰ
1199 1679 1274 1707 ἁπλᾶ
1289 1679 1337 1706 καὶ
1353 1679 1456 1715 ὲνοειδῆ
1483 1679 1530 1706 καὶ
1545 1678 1678 1711 ἀπόλυτα,
1695 1678 1729 1705 τὰ
1746 1679 1811 1714 δίχα

1015 1727 1115 1763 δηλαδὴ
1132 1726 1284 1762 συμϐόλων,
1302 1727 1350 1754 καὶ
1364 1726 1403 1759 ὡς
1419 1726 1525 1761 ἔχουσιν
1541 1725 1621 1752 liv-ra-
1637 1725 1668 1752 οὺ
1687 1725 1740 1761 μὴν
1758 1734 1813 1752 παρ

1017 1772 1168 1809 ραὸολικῶς
1199 1773 1338 1809 μυστήρια
1369 1772 1440 1799 κατά
1456 1772 1502 1798 τὸν
1528 1771 1693 1808 ὑπέρφωισν
1708 1771 1813 1807 γνὸφον

1015 1819 1067 1854 τῆς
1083 1819 1202 1855 κρυφίας
1218 1819 1265 1845 καὶ
1283 1819 1417 1854 μυστικῆς
1442 1817 1521 1853 σιγῆς
1545 1817 1725 1848 κεκάλυπται,
1743 1819 1776 1844 ἑν
1790 1814 1814 1852 ᾧ

1017 1866 1049 1902 δὴ
1065 1866 1157 1902 γνόφῳ
1173 1866 1369 1901 σκοτεινοτάτῳ
1376 1864 1421 1892 διὰ
1433 1865 1464 1891 τὺ
1481 1864 1613 1899 μυστικὸν
1628 1864 1676 1891 καὶ
1691 1863 1815 1900 ἄρρητον

1018 1911 1227 1948 ὑπερλάμπουσι
1250 1911 1285 1939 τὰ
1308 1910 1546 1947 ηδτ-περιφανέστατα,
1577 1909 1622 1936 διὰ
1644 1909 1675 1936 τὸ
1696 1909 1816 1945 ἇηιρον

1017 1958 1072 1985 τῶν
1087 1957 1135 1985 τοῦ
1161 1957 1230 1985 Θεοῦ
1251 1957 1364 1993 δωρεῶν
1387 1957 1436 1984 καὶ
1460 1955 1595 1992 προνοιῶν
1626 1955 1675 1983 καὶ⁸
1697 1955 1815 1992 εὐεργε-

1019 2004 1095 2036 σιῶν,
1113 2003 1143 2037 te
1158 2000 1196 2031 ὧν
1212 2002 1388 2039 ὑπερλάμπει
1412 2002 1444 2029 τὸ
1458 2000 1506 2028 τοῦ
1524 2000 1593 2028 Θεοῦ
1609 1999 1816 2036 κρυφιώτατυν,

1018 2051 1067 2079 καὶ
1082 2053 1112 2078 ὲν
1141 2050 1181 2085 τῷ
1205 2050 1303 2085 ἀναφεϊ
1333 2049 1381 2077 καὶ
1411 2048 1530 2084 ἀοράτῳ,
1560 2046 1617 2074 τῶν
1648 2046 1818 2081 in:po

1019 2096 1138 2131 ἀγλαῖῶν
1154 2095 1201 2123 καὶ
1216 2094 1417 2130 λαμπροτάτων
1429 2090 1634 2128 ὖπερπληροῦσι
1649 2091 1713 2122 τοὺς
1729 2091 1818 2126 ἀνομ-

1020 2143 1122 2178 μᾶτους
1138 2141 1212 2173 νόας,
1228 2141 1292 2173 τοὺς
1309 2140 1369 2167 κατ’
1380 2139 1459 2167 ἄλλον
1475 2138 1576 2175 τρόπον
1592 2137 1816 2172 πολυομμάταυς,

1019 2188 1069 2221 τὰς
1094 2188 1242 2223 ἀγγελικάς
1272 2195 1344 2222 φημι
1375 2185 1423 2213 καὶ
1453 2184 1528 2216 θείας
1549 2183 1694 2219 δυνάμεις·
1712 2183 1743 2210 οὐ
1760 2183 1819 2220 γὰρ

177 2243 268 2275 ctum,
281 2237 423 2270 visumque
452 2234 621 2270 fugientibus
651 2241 815 2269 supraquam
849 2232 962 2267 pulchris

1020 2235 1168 2270 ὀφθαλμῶν
1184 2234 1322 2269 αἰσθητῶν
1338 2234 1392 2260 εισι
1425 2231 1531 2267 μεστοὶ.
1550 2230 1608 2257 ἀλλ’
1624 2230 1699 2256 ἔστιν
1725 2229 1819 2256 αὐτῶν

179 2282 332 2317 fulgoribus
345 2287 375 2309 et
398 2280 590 2316 spleniloribns
613 2285 717 2307 mentes
742 2280 829 2307 oculis
843 2284 970 2307 carentes

181 2327 362 2362 impletquas
384 2327 439 2355 alio
454 2327 535 2354 modo
562 2327 708 2354 nmltomm
739 2326 880 2354 oculorum
908 2333 970 2354 esse

180 2374 261 2405 dicit,
275 2373 413 2408 angelicas
441 2372 547 2401 scilicet
576 2372 739 2407 divitiasque
753 2372 886 2399 virtutes:
915 2379 969 2399 non

180 2419 255 2446 enim
269 2419 417 2446 sensilibus
430 2418 520 2446 oculis
547 2418 634 2454 plenre
655 2423 731 2450 sunt.
747 2418 794 2445 scd
812 2425 908 2446 carum
924 2425 970 2445 es-

181 2466 272 2492 sentia
288 2465 348 2492 viva
362 2465 486 2499 quaedam
504 2473 580 2492 mens
596 2469 650 2497 est,
662 2466 689 2495 id
708 2469 750 2491 est
761 2464 857 2492 oculus
870 2464 972 2499 perspi-

181 2512 359 2542 cacissimns.
370 2518 432 2545 quia
448 2517 477 2538 et
491 2509 578 2538 oculis
600 2519 696 2538 carere
719 2510 800 2546 552
813 2516 971 2542 censeantur,

183 2563 297 2593 propter
311 2557 479 2585 inaccessam
490 2557 565 2584 illam
588 2557 734 2592 caliginem
755 2557 856 2584 silentii
875 2557 970 2583 divini.

183 2604 214 2631 In
227 2607 359 2638 quantum
371 2602 466 2636 itaque
482 2602 554 2629 Deus
582 2601 726 2629 invisibilis
741 2606 794 2631 est.
823 2602 848 2628 in
866 2606 971 2628 tantum

182 2650 269 2676 etiam
286 2652 392 2676 mentes
416 2647 474 2674 haec
494 2646 581 2674 oculis
600 2651 704 2673 carent.
733 2646 971 2679 Quemadmodum

183 2695 260 2722 utiln
287 2694 346 2729 ipse
362 2692 505 2721 invisibilis
523 2692 668 2724 exsistens,
684 2691 765 2719 simul
789 2699 898 2719 omnem
911 2691 970 2726 pul-

184 2741 371 2768 chritudinem
382 2745 410 2767 et
427 2738 592 2766 desiderium
618 2738 736 2769 excedit.
755 2742 783 2765 et
800 2744 854 2765 uo"
871 2738 973 2765 idcirco

185 2786 261 2817 quod
273 2793 326 2812 non
340 2785 476 2816 videatur.
491 2784 651 2819 despicitur,
663 2784 711 2811 sed
736 2783 762 2810 in
778 2787 909 2817 quantum
928 2783 975 2810 de-

184 2832 339 2863 sideratur,
374 2830 624 2865 pulchritudinibus
645 2829 788 2865 adimplet.
818 2830 865 2856 Sic
890 2830 974 2857 etiam

184 2883 294 2906 mdes
308 2877 395 2906 oculis
406 2882 531 2905 carentes
556 2882 681 2912 respectu
697 2877 851 2913 splendoris
879 2883 973 2905 earum

93 3021 215 3068 ἅ

1021 2283 1038 2318 ἡ
1059 2281 1138 2308 οὐσία
1154 2281 1202 2308 ἅτε
1218 2280 1272 2312 ζῶν
1288 2278 1361 2311 νοῦς,
1377 2279 1392 2305 ὅ
1408 2279 1482 2305 ἐστιν
1512 2276 1652 2312 ὀφθαλμὸς
1673 2275 1821 2312 ὀξυδερκέ-

1022 2335 1129 2359 στατος.
1146 2327 1175 2354 αἳ
1191 2326 1237 2353 καὶ
1261 2325 1415 2361 ἀνόμματοι
1445 2322 1609 2358 λογίζονται,
1625 2322 1670 2349 διὰ
1687 2321 1737 2349 τδν
1752 2322 1820 2349 ἄδυ-

1021 2381 1066 2400 τον
1083 2373 1181 2407 γνόφον
1202 2371 1253 2407 τῆς
1269 2371 1344 2403 θείας
1376 2370 1465 2406 σιγῆς.
1492 2369 1568 2396 Καθδ
1598 2368 1664 2403 γοῦν
1685 2368 1718 2395 τὸ
1739 2368 1821 2395 Θεῐον

1021 2418 1146 2454 ἀόρατον,
1161 2417 1232 2445 κατὰ
1247 2417 1326 2444 τοῦτο
1342 2416 1389 2443 καὶ
1405 2417 1429 2443 οἱ
1445 2415 1504 2447 νόες
1520 2414 1683 2450 ἀνάμματα.
1708 2413 1753 2446 Ὧς
1763 2414 1820 2449 γὰρ

1022 2465 1109 2491 ἐκεῖνο
1128 2463 1242 2500 ἀόρατον
1258 2463 1298 2495 ὃν,
1316 2463 1391 2498 ὅμως
1416 2462 1487 2497 ὑπὲρ
1504 2462 1596 2488 πᾶσαν
1620 2459 1754 2495 καλλονὴν
1770 2461 1821 2487 καὶ

1022 2508 1114 2545 ἔφεσιν
1129 2510 1204 2535 ἐστι’
1223 2509 1271 2536 καὶ
1286 2508 1316 2535 οὐ
1334 2507 1402 2534 διότι
1426 2507 1476 2542 οὐχ
1493 2507 1600 2541 ὁρᾶται,
1634 2507 1820 2540 καταφφνεῖ-

1022 2563 1078 2586 ται,
1104 2554 1172 2581 ἀλλὰ
1187 2553 1254 2580 διότι
1272 2552 1406 2583 ποθείται,
1423 2552 1478 2578 τῶν
1499 2551 1634 2577 κιλλονών
1651 2550 1819 2585 ἀποπληροῖ.

1023 2601 1101 2629 Οὕτω
1125 2600 1173 2627 καὶ
1187 2600 1212 2626 oi.
1235 2599 1294 2631 νόες
1310 2598 1462 2634 ἀνόμματοι
1487 2597 1563 2628 ὄντες
1586 2597 1654 2632 πρὸς
1679 2596 1710 2622 τὸ
1736 2597 1808 2631 ὑπερ

1023 2646 1121 2674 ϐάλλον
1137 2646 1187 2681 τῆς
1206 2645 1400 2681 λαμπρότητος
1417 2645 1442 2671 οἱ
1470 2643 1660 2678 πολυόμματοι
1685 2642 1758 2669 κατὰ
1773 2642 1821 2668 ἆλ-

1023 2693 1069 2719 λον
1085 2690 1194 2728 τρόπον,
1209 2690 1250 2723 ὼς
1267 2689 1452 2724 πολύγνωστοι
1468 2689 1524 2716 τῶν
1550 2687 1623 2716 κατὰ
1647 2688 1699 2723 τὴν
1713 2688 1821 2715 οἰκείαν

1023 2737 1137 2773 δύναμιν
1153 2736 1289 2771 γνώσεων.
1300 2736 1376 2772 ὅμως
1385 2735 1435 2771 τῆς
1448 2734 1524 2767 θείας
1539 2734 1713 2770 λαμπηδόνος
1729 2734 1821 2769 {piav-

1024 2792 1085 2810 ται·
1113 2784 1160 2810 καὶ
1189 2783 1220 2809 οὐ
1245 2782 1312 2809 διότι
1344 2782 1395 2808 οὐκ
1420 2780 1593 2816 ὲςικνοῦνται
1617 2779 1706 2807 διόλου
1734 2788 1820 2806 κατα-

1026 2829 1180 2866 φρονοῦσιν,
1205 2828 1275 2855 ἀλλὰ
1293 2827 1360 2854 διότι
1376 2826 1500 2858 ποθοῦσι.
1517 2825 1573 2852 τῶν
1604 2824 1743 2853 καλλονῶν
1759 2825 1820 2851 ἀνα-

1028 2876 1205 2912 πίμπλανται.
1224 2875 1261 2902 Τὸ
1277 2874 1305 2902 δὲ
1331 2870 1445 2906 (is-ayss
1465 2872 1506 2908 μὴ
1520 2871 1592 2900 κατὰ
1619 2871 1669 2908 τὴν
1689 2871 1822 2907 meum
