3866 6232
233 327 373 388 ton

783 331 871 388 DE
908 331 1211 394 MYSTIGA
1246 333 1661 402 TllEOLOGIA,
1696 338 1850 394 CAP.
1891 339 1932 398 Ι.
1970 368 2036 381 —-
2071 339 2422 400 PARAPHR.
2459 341 2933 411 PACIIYMERAS.

3355 342 3496 402 1018

231 444 470 518 ὲκλάϐῃς
502 445 668 518 ἀφήν,
704 448 839 506 ἀλλά
889 450 1032 504 κατὰ
1065 452 1166 522 τὴν
1197 453 1413 524 νοητὴν,
1449 454 1570 524 ἥτις
1604 457 1753 510 ἐστὶν
1785 459 1818 528 ή

1927 469 2148 530 captum
2181 462 2519 527 excedentis,
2545 462 2655 517 alio
2702 461 2862 516 modo
2893 459 3076 515 multis
3096 457 3271 516 oculis
3296 459 3499 514 instru-

229 536 451 603 γνῶσις.
488 536 576 591 Ἐν
608 539 739 608 γοῦν
769 540 848 612 τῷ
879 542 1096 612 ἀναφεῖ,
1117 544 1284 614 ήγουν
1319 544 1397 615 τῷ
1427 545 1688 618 ἀγνώστῳ
1727 549 1822 602 καὶ

230 630 471 702 ἀοράτῳ,
511 632 572 684 ού
618 633 782 688 παύει
842 634 934 689 τὸν
985 635 1150 689 πόθον
1213 636 1322 689 τῶν
1368 637 1817 708 ἀνατεινομένων,

230 720 368 774 ἀλλά
407 722 608 793 μᾶλλον
653 724 1026 797 ἀναζωπυρεῖ,
1091 726 1176 780 διὸ
1246 727 1342 781 κα)⁹
1391 728 1501 780 τῶν
1549 728 1820 782 καλλονῶν

230 814 604 886 ἐμπίμπλησι.
648 817 720 870 Σὺ
754 817 832 880 δὲ,
870 812 916 872 ὦ
952 819 1083 873 καλὲ
1137 820 1391 892 Τιμόθεε,
1445 821 1693 887 σύντονος
1729 823 1821 877 ἔσο

231 906 370 974 πρὸς
402 907 470 959 τὰ
531 909 769 978 μυστικά
819 908 1088 981 θεάματα,
1121 913 1196 976 ὡς
1246 913 1312 967 ἂν
1375 913 1478 968 κᾶν
1511 915 1654 968 οὕτω
1703 919 1818 981 τοῖς

229 999 399 1064 θείοις
450 999 526 1064 ὡς
576 1002 799 1070 ἐφικτὸν
865 1005 1210 1078 ὲντρανίσῃς.
1292 1007 1380 1070 Ὠς
1412 1007 1522 1080 γάρ
1555 1009 1645 1062 ἐπί
1675 1027 1820 1074 τινος

227 1090 418 1161 ὁλκῆς,
455 1092 587 1162 φέρε
619 1095 815 1158 εἰπεῖν,
849 1094 937 1148 διὰ
966 1097 1175 1166 σχοίνου
1212 1097 1411 1170 βάρους
1441 1101 1585 1165 τινὸς
1617 1103 1820 1172 ὀφείλει

231 1182 486 1248 σύντονος
507 1181 644 1238 εἶναι
664 1188 692 1239 ὁ
712 1185 905 1250 ἕλκων,
928 1189 1023 1241 καὶ
1043 1189 1208 1260 μηδὲν
1235 1191 1436 1261 μεταξὺ
1458 1193 1556 1263 τῆς
1577 1193 1822 1248 ἑλκυστι-

229 1275 335 1344 κῆς
376 1275 658 1346 δυνάμεως
694 1277 1015 1346 καθυφεῖναι
1044 1279 1160 1349 (ἐὰν
1204 1281 1314 1353 γὰρ
1360 1283 1597 1356 καθυφῇ,
1655 1286 1819 1339 πάλιν

227 1367 471 1437 ἀρχῆθεν
500 1367 657 1438 χρεία
684 1371 1007 1441 συναγωγῆς
1041 1373 1140 1443 τῆς
1167 1373 1470 1445 δυνάμεως,
1514 1378 1608 1431 καὶ
1655 1379 1819 1431 πάλιν

226 1457 444 1522 τάσεως
500 1460 792 1514 συντόνου⁹
827 1462 925 1515 καὶ
971 1462 1068 1516 ἐὰν
1135 1465 1296 1519 πάλιν
1351 1467 1566 1539 καθυφῇ
1627 1470 1719 1523 ἐπὶ
1758 1468 1820 1523 τὸ

228 1549 470 1622 ἔξαρχῆς
522 1551 662 1623 ἥξει,
697 1553 791 1608 καὶ
833 1554 985 1608 οὐδὲν
1008 1554 1294 1611 εὐοδιῦσει·
1352 1560 1384 1630 ή
1427 1559 1537 1631 γὰρ
1588 1561 1682 1614 ἐπὶ
1732 1579 1820 1632 μι-

228 1644 366 1714 κρὸν
415 1644 606 1714 ὕφεσις
653 1646 716 1700 τὸ
777 1650 885 1702 πᾶν
935 1649 1308 1723 ἀπόλλυσινο)
1356 1653 1500 1706 οὕτω
1547 1654 1677 1708 λάϐε
1724 1656 1819 1709 καὶ

228 1737 329 1790 ἐπὶ
357 1737 457 1807 τῆς
488 1737 638 1802 θείας
668 1741 1126 1811 ὲπεντρανίσεως,
1171 1743 1239 1814 ἢν
1281 1744 1377 1797 καὶ
1405 1744 1687 1819 διατριϐὴν
1730 1747 1818 1800 λέ-

226 1847 336 1899 γει.
391 1831 541 1896 Τέως
575 1832 630 1886 δὲ
661 1831 881 1897 καὶτὰς
909 1833 1191 1906 αἰσθήσεις
1246 1837 1500 1902 ἀπόλιπε,
1549 1840 1632 1892 ὅτι
1678 1840 1820 1911 ὑπὲρ

226 1924 503 1995 αἴσθησιν,
559 1925 652 1977 καὶ
706 1925 807 1989 τάς
856 1927 1089 1996 νοήσεις,
1124 1928 1208 1980 ὄτι
1266 1928 1409 1998 ὑπὲρ
1455 1930 1668 2001 νόησινο
1724 1933 1820 1986 καὶ

228 2016 410 2068 πάντα
441 2016 674 2087 αἰσθητά
697 2018 792 2071 καὶ
815 2018 981 2089 νοητά
1018 2019 1284 2090 σύμϐολα,
1326 2021 1419 2074 κα)¹
1461 2021 1535 2092 μὴ
1569 2022 1698 2077 ὄντα
1725 2024 1820 2078 καὶ

225 2106 381 2171 ὄντα,
421 2110 486 2161 ὲκ
506 2108 853 2180 παραλλήλου
878 2109 945 2164 τά
977 2112 1136 2166 αὑτά.
1171 2113 1252 2166 Τά
1300 2113 1410 2185 γὰρ
1429 2116 1661 2188 αἰσθητά
1690 2119 1821 2172 ἐκά-

225 2195 356 2249 λουν
384 2197 459 2269 μή
504 2197 654 2262 ὅντα,
695 2200 789 2254 ἆτε
823 2201 1126 2272 μεταϐολῆς
1173 2202 1390 2274 ἀπάσης
1432 2204 1663 2259 πάντοτε
1697 2224 1822 2277 μετ-

225 2288 442 2358 έχοντα,
502 2291 595 2344 καὶ
638 2290 712 2362 μὴ
756 2292 1016 2357 ὡσαύτως
1061 2295 1148 2347 ἀεὶ
1204 2295 1365 2348 ὅνταο
1415 2296 1484 2350 τὰ
1555 2297 1611 2355 δὲ
1652 2299 1817 2370 νοητά

224 2381 381 2442 ὅντα,
429 2381 506 2446 ὡς
542 2384 600 2435 ὲν
635 2383 922 2456 ταύτότητι
954 2386 1202 2456 μένοντα,
1228 2389 1322 2442 καὶ
1367 2389 1503 2460 πρὸς
1554 2390 1653 2462 τὴν
1679 2392 1814 2445 ἔνω-

225 2491 336 2536 σιν,
367 2475 466 2545 τὴν
496 2476 706 2530 ἑνιαίαν
737 2477 956 2549 ἐκείνην
991 2479 1086 2532 καὶ
1113 2481 1293 2552 ἀμερῆ
1323 2484 1416 2536 καὶ
1447 2483 1598 2536 θείαν
1629 2484 1808 2539 ὡσαν-

223 2565 276 2617 εὶ
323 2565 528 2636 νόησιν.
588 2567 760 2620 Τοῦτο
801 2569 910 2641 γάρ
936 2571 1142 2641 ἐστινὴ
1181 2571 1393 2637 ἔνωσις,
1428 2575 1550 2627 καθ’
1575 2575 1640 2645 ἦν
1662 2575 1816 2630 ἑνοῦ-

221 2675 319 2710 ται
352 2660 381 2711 ό
425 2658 568 2722 νοῦς,
607 2661 702 2713 καὶ
761 2662 1052 2730 συνάγεται
1108 2663 1192 2725 εἰς
1249 2663 1311 2716 τὸ
1361 2666 1696 2736 κατανοῆσαί
1735 2684 1811 2720 τι.

238 2751 563 2822 Ἀγνώστως
592 2754 890 2825 άνατάθητι
910 2771 923 2784 ·
983 2755 1123 2825 πλὴν
1169 2755 1225 2808 δὲ
1259 2755 1353 2827 μὴ,
1399 2758 1483 2811 ὅτι
1521 2758 1814 2828 ἀγνώστως

223 2844 396 2913 λέγω,
445 2846 692 2918 ὑπολάϐῃ
750 2864 855 2910 τις,
901 2847 984 2899 ὅτι
1033 2847 1096 2900 σὺ
1150 2849 1268 2918 μὲν,
1315 2849 1390 2914 ὡς
1442 2851 1516 2921 μὴ
1565 2851 1816 2920 ἐφικνού-

228 2952 394 3005 μενος
425 2937 588 3007 τυχὸν
615 2937 724 2990 τῶν
769 2938 928 2992 θείων
963 2940 1324 3009 πραγμάτων,
1371 2941 1594 3010 ἄγνοιαν
1643 2943 1811 3013 ἔχεις,

226 3028 390 3093 ἀλλος
430 3030 586 3094 δέτις
605 3030 892 3099 γνώσεται,
938 3031 1052 3085 ἁλλ’
1077 3033 1215 3104 ὑπὲρ
1258 3035 1438 3087 πᾶσαν
1479 3035 1668 3090 οὐσίαν
1719 3037 1813 3090 καὶ

227 3121 435 3191 γνῶσιν
466 3122 535 3176 τὰ
569 3122 689 3176 θεῖά
720 3125 847 3186 είσι,
893 3124 990 3176 καὶ
1026 3124 1306 3188 άπολύτως
1345 3127 1508 3179 πᾶσιν
1536 3127 1808 3195 ἄγνωστα.

231 3218 500 3286 ’Λσχετον
526 3215 583 3268 δὲ
616 3215 872 3268 ἔκστασιν
924 3214 1070 3283 λέγει
1109 3215 1208 3287 τὴν
1260 3217 1609 3290 ἀναχώρησιν
1640 3223 1818 3293 πάσης

228 3307 494 3375 σχέσεως.
553 3308 646 3377 Μή
685 3306 816 3375 γοῦν
871 3306 1011 3376 ἔχων
1073 3307 1258 3377 σχέσιν
1301 3309 1460 3371 τινὰ,
1514 3312 1654 3382 μήτε
1714 3315 1820 3385 μὴν

226 3399 371 3470 πρὸς
401 3399 612 3462 ἑαυτὸν,
675 3400 816 3470 μήτε
855 3399 964 3471 μὴν
1015 3399 1151 3470 πρός
1211 3417 1262 3453 τι
1312 3401 1424 3454 τῶν
1478 3407 1819 3476 κτισμάτων,

226 3491 329 3544 καὶ
357 3491 518 3554 αὐτὸς
548 3492 725 3546 πάντα
752 3491 810 3557 ἐξ
840 3491 1032 3544 ἑαυτοῦ
1078 3490 1314 3561 ἀφελὼν,
1367 3494 1464 3548 καὶ
1495 3497 1560 3550 ὲκ
1603 3499 1824 3554 πάντων

226 3582 542 3647 ἀπολυθεὶς,
576 3583 652 3646 ὡς
713 3584 849 3654 μήτε
902 3583 1154 3652 κατέχειν
1190 3601 1244 3636 τι
1293 3585 1401 3638 τῶν
1434 3586 1584 3640 κάτω
1618 3589 1826 3660 συμϐό-

225 3673 342 3728 λων
390 3675 484 3728 καὶ
545 3673 838 3745 αἰσθητῶν,
882 3674 1174 3727 κάντεῦθεν
1217 3675 1538 3745 ὲδράζεσθαι
1585 3677 1816 3745 οἴεσθαι,

228 3770 378 3839 μήτε
419 3769 526 3839 μὴν
569 3767 894 3838 κατέχεσθαι
942 3767 1095 3838 παρά
1137 3784 1281 3831 τινος
1316 3768 1428 3822 τῶν
1465 3769 1720 3824 τοιούτων
1755 3775 1821 3826 ὲκ

222 3859 330 3914 τοῦ
365 3862 493 3932 περὶ
541 3859 607 3914 τά
650 3859 877 3913 τοιαῦτα
936 3859 1283 3931 στρέφεσθαι,
1348 3861 1522 3925 οὕτως
1567 3863 1662 3915 ἐπὶ
1718 3863 1819 3935 τὴν

225 3952 430 4006 ἀκτῖνα
479 3952 580 4023 τῆς
612 3951 761 4014 θείας
786 3950 1162 4022 ἀκαταληψίας
1194 3951 1494 4025 άναχθήσῃ.

1921 562 2046 619 ctaz,
2094 562 2354 624 tanquam
2390 554 2676 609 multisciae
2700 553 2878 624 quoad
2907 552 3246 618 cognitiones
3277 568 3498 606 earum-

1922 646 2045 700 dem
2097 650 2278 715 captui
2322 647 2782 710 accommodatas,
2831 645 3048 698 divinas
3080 655 3339 715 expetunt
3375 645 3500 700 illu-

1922 740 2250 805 strationes;
2289 753 2390 794 nec
2438 738 2645 792 idcirco
2674 735 2818 805 quod
2843 751 2937 790 eas
2975 752 3080 790 non
3113 747 3498 806 assequantur,

1920 821 2087 886 etiam
2127 838 2505 891 contemnunt.
2542 827 2636 884 sed
2677 827 2820 897 quod
2862 843 2957 882 eas
2998 829 3334 892 desiderent,
3378 827 3501 897 pul-

1922 922 2333 977 chritudinibus
2384 921 2683 991 replentur.
2743 919 2879 976 Illud
2932 931 3113 975 autem
3173 919 3378 990 ἀναφές
3434 935 3502 974 ne

1921 1017 2220 1071 secundum
2267 1018 2468 1068 tactum
2535 1013 2792 1068 sensilcm
2854 1013 3108 1083 accipias,
3168 1014 3260 1068 sed
3303 1029 3502 1068 secun-

1921 1108 2048 1160 dmu
2099 1105 2512 1166 inteliectilem,
2554 1120 2675 1173 qua:
2713 1116 2796 1160 est
2851 1106 3024 1160 notio.
3085 1105 3268 1174 Itaque
3311 1106 3362 1158 in
3414 1104 3499 1158 in-

1925 1198 2089 1254 lactili
2120 1212 2213 1252 seu
2251 1198 2434 1267 ignoto
2462 1207 2517 1250 et
2567 1197 2968 1266 inaspectahili,
3028 1212 3131 1250 non
3174 1197 3319 1250 sistit
3357 1197 3502 1252 desi-

1921 1292 2129 1345 derium
2172 1307 2356 1345 rermu
2394 1291 2740 1360 optabilimn,
2803 1293 2895 1345 sed
2958 1291 3138 1359 potius
3179 1291 3499 1356 exsuscitat,

1922 1386 2064 1438 unde
2115 1385 2279 1438 etiam
2312 1383 2809 1454 pulchritmlinibns
2851 1383 3126 1451 adimplet.
3170 1380 3418 1446 Tuvero,
3467 1399 3502 1438 ο

1921 1476 2060 1530 boue
2099 1475 2402 1539 Timotheo,
2447 1476 2694 1547 mysticis
2754 1475 3080 1542 spectaculis
3148 1474 3388 1538 intende,
3444 1480 3503 1527 ut

1920 1567 2003 1620 vel
2047 1568 2125 1621 sic
2168 1568 2383 1621 divinas
2428 1584 2514 1622 res
2572 1568 2649 1620 uti
2703 1567 2878 1628 dei-el,
2929 1575 3202 1636 pcnetres.
3239 1565 3504 1632 Quemad-

1921 1661 2139 1714 modum
2175 1661 2322 1714 euim
2387 1661 2432 1714 si
2497 1659 2582 1713 cui
2624 1659 2772 1721 fune,
2831 1669 2891 1711 ut
2950 1659 3029 1712 sic
3073 1658 3275 1722 dicam,
3336 1673 3504 1729 grave

1928 1753 2145 1822 pondus
2195 1753 2413 1822 aliquod
2454 1753 2864 1814 attrahendum,
2927 1751 3169 1805 intentus
3212 1765 3359 1815 esse,
3403 1767 3504 1806 nec

1923 1845 2219 1914 quidquam
2261 1845 2565 1899 attractiva:
2634 1844 2906 1898 facultatis
2947 1843 3164 1898 interim
3225 1845 3504 1899 remittere

1921 1935 2085 1988 debet
2126 1935 2275 2004 (nam
2316 1934 2360 1988 si
2401 1934 2529 2003 quid
2575 1935 2873 1997 remiserit,
2926 1950 3117 1988 rursus
3139 1935 3208 1989 ab
3249 1934 3406 1987 initio
3446 1944 3506 1987 ut

1919 2025 2067 2080 vires
2108 2026 2326 2093 colligat
2375 2035 2429 2080 et
2493 2024 2742 2078 intendat
2795 2040 3022 2079 necesse
3075 2034 3178 2091 est,
3223 2035 3276 2080 et
3313 2025 3357 2078 si
3397 2025 3503 2079 ite-

1923 2132 2042 2170 rum
2106 2117 2372 2179 remittat,
2416 2115 2594 2168 denuo
2650 2116 2716 2167 ad
2777 2115 3100 2183 principium
3163 2113 3394 2178 redibit,
3450 2123 3505 2168 et

1921 2207 2055 2262 nihil
2100 2219 2253 2262 recte
2290 2216 2536 2278 peraget,
2591 2208 2848 2275 quoniam
2893 2207 2975 2260 vel
3036 2221 3200 2274 parva
3256 2206 3505 2260 remissio

1921 2309 2092 2353 totum
2135 2300 2423 2367 destruit);
2467 2299 2545 2352 sic
2581 2299 2744 2352 etiam
2787 2299 2975 2365 accipe
3035 2297 3087 2351 in
3151 2297 3332 2350 divina
3374 2313 3502 2367 per-

1917 2391 2301 2454 scrutatione,
2361 2405 2526 2459 quam
2570 2398 2625 2443 et
2671 2379 3127 2444 exercitationem
3184 2395 3365 2441 vocat.
3405 2386 3508 2442 Eo-

1919 2499 2092 2554 usque
2135 2493 2314 2536 autem
2359 2497 2554 2536 sensus
2593 2479 2862 2550 relinque,
2886 2480 3143 2548 quoniam
3188 2494 3352 2548 supra
3376 2494 3508 2533 seu-

1916 2591 2075 2639 sum;
2117 2584 2172 2628 et
2229 2573 2655 2636 intellectiones,
2717 2572 2844 2640 quia
2904 2587 3067 2640 supra
3132 2571 3504 2626 intellectum:

1915 2668 2207 2736 Omniaque
2230 2665 2449 2718 sensilia
2491 2663 2941 2732 intellectiliaque
2961 2662 3226 2733 symbola,
3257 2670 3365 2715 tam
3388 2677 3508 2730 quae

1916 2777 2024 2815 non
2048 2769 2178 2813 sunt
2198 2773 2360 2827 quam
2385 2772 2506 2826 quae
2523 2767 2671 2822 sunt,
2693 2773 2759 2811 ex
2782 2757 3033 2826 opposito
3055 2755 3196 2824 ipsa.
3220 2753 3353 2808 Nam
3378 2771 3501 2810 sen-

1916 2855 2032 2908 silia
2057 2854 2320 2908 vocabant
2344 2867 2404 2906 ea
2429 2867 2549 2920 qua:
2593 2867 2699 2905 non
2740 2861 2885 2918 sunt,
2911 2860 2969 2903 ut
2991 2865 3111 2919 quae
3132 2866 3352 2904 omnem
3375 2864 3498 2903 mu-

1918 2949 2178 3002 tationem
2223 2945 2573 3015 participant,
2612 2953 2666 2999 et
2704 2958 2811 2999 non
2871 2954 2995 2998 sunt
3050 2959 3265 3013 seraper
3303 2942 3493 2997 eodem

1917 3042 2111 3102 modo;
2164 3036 2495 3092 iutellectilia
2557 3051 2688 3092 vero
2744 3051 2806 3091 ea
2845 3051 2967 3105 qua:
3021 3043 3168 3096 sunt,
3230 3043 3417 3104 utpote
3453 3035 3506 3088 in

1923 3131 2202 3184 identitate
2241 3127 2639 3199 permanentia,
2696 3135 2752 3181 et
2810 3141 2978 3196 penes
3036 3126 3293 3179 unionem
3351 3125 3500 3179 illaut

1924 3224 2128 3275 unitam
2170 3231 2225 3275 et
2269 3221 2565 3275 iudivisam
2608 3233 2672 3272 ac
2713 3220 2952 3272 divinam
2994 3217 3395 3287 quodammodo
3433 3217 3511 3270 iu-

1923 3316 2314 3370 tellectionem.
2357 3313 2481 3368 llrec
2517 3313 2662 3365 enim
2702 3322 2786 3367 est
2833 3312 2981 3372 unio.
3025 3310 3321 3364 secundum
3345 3325 3509 3379 quan

1926 3422 2080 3461 mens
2119 3407 2327 3470 unitur,
2385 3415 2442 3458 et
2502 3404 2786 3457 adducitur
2826 3403 2893 3456 ad
2950 3401 3154 3471 aliquid
3197 3401 3506 3470 intelligen-

1925 3499 2077 3553 dmn.
2139 3496 2272 3551 Sine
2327 3496 2548 3550 notione
2604 3509 2866 3563 assurge;
2922 3503 3305 3548 verumtamen
3347 3508 3510 3547 nemo

1926 3585 2222 3646 existimet,
2264 3583 2405 3652 quod
2445 3583 2563 3638 sine
2603 3583 2825 3636 notione
2865 3581 3064 3648 dicam,
3109 3591 3162 3636 te
3209 3581 3352 3636 forte
3388 3591 3512 3636 tan-

1921 3693 2085 3746 quam
2125 3691 2212 3730 res
2250 3677 2464 3730 divinas
2505 3675 2728 3729 minime
2786 3686 3096 3730 assecutum
3125 3717 3141 3740 ,
3199 3691 3293 3730 eas
3353 3677 3509 3746 igno-

1925 3780 2191 3831 raturum,
2233 3769 2397 3822 alium
2457 3782 2586 3822 vero
2641 3767 2952 3837 quempiam
3014 3767 3135 3823 illas
3192 3767 3510 3823 intellectu-

1923 3876 2080 3924 rum;
2126 3861 2221 3915 scd
2265 3860 2448 3915 divina
2491 3874 2654 3929 supra
2714 3875 2933 3915 omnem
2985 3859 3281 3914 essentiam
3318 3869 3373 3914 et
3415 3876 3513 3914 no-

1921 3956 2124 4008 tionem
2165 3955 2454 4016 exsistere,
2513 3963 2677 4022 atque
2729 3953 2979 4007 absolute
3031 3952 3287 4007 omnibus
3327 3953 3510 4024 ignota

223 4061 377 4101 esse.
443 4044 604 4116 553
671 4043 926 4098 Liberum
969 4058 1096 4098 vero
1149 4059 1434 4098 excessum
1492 4045 1648 4113 dicit,
1693 4059 1966 4101 recessum
2005 4048 2073 4098 ab
2142 4046 2290 4100 omni
2333 4044 2644 4102 aﬂcctioue.
2701 4043 2915 4098 Nullam
2955 4060 3086 4115 ergo
3145 4045 3354 4100 habens
3427 4045 3510 4100 af-

223 4140 549 4200 fectionem,
589 4153 659 4192 ne
694 4139 910 4206 quidem
947 4141 1012 4191 ad
1071 4138 1438 4206 temetipsum,
1496 4154 1596 4194 nec
1644 4139 1806 4192 aliam
1871 4141 1938 4193 ad
1979 4139 2214 4209 aliquam
2254 4149 2590 4202 creaturam,
2646 4149 2699 4192 et
2744 4140 3091 4208 temetipsum
3135 4139 3202 4194 ab
3255 4137 3512 4195 onmibus

224 4232 578 4295 abstrahens,
635 4237 690 4285 et
743 4230 810 4283 ab
864 4231 1114 4285 onmilms
1172 4229 1491 4294 absolutus,
1551 4240 1611 4283 ut
1667 4231 1801 4285 nihil
1852 4232 2019 4285 etiam
2088 4230 2460 4302 symbolarum
2524 4230 2842 4285 interiorum
2918 4240 2974 4284 et
3041 4230 3322 4285 sensilium
3382 4231 3512 4285 reti-

223 4340 367 4381 neas
438 4325 580 4378 unde
648 4323 855 4393 puteris
893 4323 1234 4388 conﬁrmari;
1297 4337 1475 4391 neque
1529 4323 1694 4378 etiam
1757 4323 2049 4378 retincaris
2122 4323 2192 4376 ab
2254 4323 2438 4394 aliquo
2495 4323 2786 4392 similium,
2844 4333 2897 4378 te
2953 4323 3020 4377 ad
3077 4323 3202 4378 talia
3272 4338 3508 4378 conver.

223 4415 398 4470 tendo
425 4454 442 4479 ,
482 4415 563 4468 sic
602 4415 817 4468 demum
858 4415 926 4468 ad
967 4413 1856 4482 divinaeincomprehensibilitatis
1898 4415 2110 4468 radium
2155 4416 2464 4470 adduceris.

304 4511 332 4581 ς
377 4510 437 4564 ll.
490 4509 800 4581 Σημείωσαι
845 4510 927 4562 ὅτι
993 4510 1300 4578 ἀμυήτους
1335 4507 1484 4577 λέγει
1529 4509 1625 4562 καὶ
1687 4509 1815 4572 τοὺς

1994 4509 2020 4579 §
2063 4509 2124 4562 ll.
2173 4507 2308 4563 Nota
2367 4517 2548 4562 autem
2587 4519 2643 4561 ut
2683 4509 2963 4582 ἀμυήτους
3012 4508 3102 4562 hic
3156 4508 3322 4562 etiam
3361 4507 3512 4566 dicat

217 4603 333 4656 οὐκ
384 4602 683 4672 άμετόχους
742 4599 851 4653 τῶν
904 4601 1203 4671 μυστικῶν,
1259 4603 1373 4663 τοῖς
1437 4601 1496 4653 δὲ
1540 4600 1820 4670 αἰσθητοῖς

215 4693 659 4764 ὲνειλουμένους,
717 4692 813 4744 καὶ
877 4691 1028 4744 οὐδὲν
1071 4692 1210 4763 ὑπὲρ
1258 4690 1326 4743 τὰ
1382 4690 1512 4744 ὄντα
1579 4687 1717 4745 εἶναι
1760 4691 1823 4744 τὸ

215 4789 386 4841 Θείον
445 4786 900 4857 φανταζομένους,
944 4786 1184 4856 δηλονότι
1245 4789 1372 4850 τοὺς
1423 4786 1822 4850 πιστεύσαντας

219 4882 332 4952 μὲν
364 4879 443 4950 τῷ
490 4879 714 4948 ὀνόματι
737 4877 832 4930 τοῦ
854 4878 1116 4949 Χριστοῦ,
1158 4879 1231 4949 μὴ
1274 4878 1378 4949 μὴν
1430 4879 1524 4932 ἐπὶ
1557 4878 1822 4930 τελεωτέ-

219 4991 335 5047 ραν
389 4971 642 5035 ἐλθόντας
681 4970 915 5039 γνῶσιν⁹
945 4970 1221 5041 ἀμύστους
1248 4971 1304 5024 δὲ
1342 4970 1488 5039 λέγει
1525 4969 1653 5032 τοὺς
1687 4987 1822 5022 παν-

225 5068 437 5122 τάπασι
475 5065 690 5118 πάντων
716 5064 826 5116 τῶν
879 5061 1157 5133 μυστικῶν
1188 5062 1484 5132 άμετόχους
1537 5058 1823 5114 εἰδωλολά-

224 5176 384 5232 τρας.
422 5158 561 5226 Φησὶ
607 5156 824 5208 τοίνυν⁸
886 5156 1027 5226 Ὅρα
1095 5153 1170 5223 μή
1220 5171 1304 5217 τις
1355 5155 1420 5206 ἐκ
1467 5151 1674 5204 τούτων
1710 5152 1821 5206 τῶν

221 5249 515 5322 μυστικῶν
564 5247 970 5316 ὲπακούσηταιο
1031 5249 1079 5298 εί
1143 5245 1252 5314 γὰρ
1283 5247 1331 5298 οἱ
1370 5244 1606 5316 ἀμύητοι
1661 5243 1815 5296 οὐδὲν

218 5343 446 5412 ἔχουσιν
508 5337 841 5408 ὑψηλότερον
875 5336 1287 5406 φαντασθῆναι,
1355 5333 1488 5386 ἀλλά
1544 5331 1825 5404 νομίζουσι

215 5431 473 5486 τοιοῦτον
493 5426 631 5482 εἶναι
659 5429 752 5481 τὸν
785 5427 940 5492 Θεὸν,
980 5426 1164 5491 καθὼς
1193 5425 1446 5479 δύνανται
1475 5425 1630 5479 αὐτοὶ
1657 5427 1820 5492 νοεῖν,

212 5545 251 5580 τ
295 5541 335 5576 ν
375 5522 628 5591 θέμενον
676 5522 898 5586 σκότος
960 5517 1322 5588 ἁποκρυξςὴν
1384 5517 1610 5582 αὐτοῦ,
1681 5517 1822 5571 κατά

216 5617 330 5688 τὴν
371 5615 618 5686 Γραφὴν,
670 5612 911 5682 δηλονότι
948 5613 1039 5667 τὸν
1075 5614 1134 5668 ὲν
1196 5615 1261 5684 τῇ
1317 5613 1597 5686 ὑπερτάτη
1646 5612 1824 5681 ἀγνω-

341 5805 371 5834 ιι
410 5793 550 5849 i'saL
593 5809 720 5857 ml,
765 5794 844 5849 12.

1927 4614 2045 4660 eos,
2085 4601 2177 4668 qui
2221 4600 2461 4669 alioquin
2502 4599 2666 4652 etiam
2708 4616 2812 4652 non
2857 4607 2979 4651 sunt
3019 4608 3270 4651 exsortes
3304 4609 3511 4668 myste-

1929 4693 2162 4756 riormn,
2205 4691 2298 4745 sed
2339 4691 2502 4745 rebus
2543 4691 2720 4744 adlmc
2758 4691 3053 4745 sensilibus
3091 4690 3317 4744 involuti
3361 4702 3508 4758 sunt,

1930 4799 2105 4851 neque
2144 4783 2534 4852 imaginantur,
2599 4781 2766 4836 Demn
2825 4782 3120 4852 quidquam
3177 4795 3300 4835 esse
3340 4797 3509 4851 supra

1928 4893 1990 4930 ca
2033 4891 2154 4944 qua:
2189 4877 2479 4938 exsistunt,
2513 4876 2604 4938 qtti
2642 4874 2895 4928 videlicet
2933 4874 2986 4927 in
3035 4873 3255 4927 nomine
3291 4874 3507 4940 quidem

1930 4967 2129 5022 Christi
2171 4967 2425 5027 credunt,
2467 4965 2533 5019 ad
2576 4965 2966 5032 perfectiorem
3030 4973 3210 5017 tamen
3253 4965 3507 5018 n0titiam

1931 5077 2036 5115 non
2077 5069 2402 5132 assurgunt;
2442 5058 2720 5130 ἀμύστους
2776 5073 2906 5112 vero
2947 5067 3106 5111 vocat
3164 5057 3508 5120 idololatras.

1928 5155 2170 5209 omnium
2204 5169 2430 5223 prorsus
2459 5155 2843 5222 mysteriorum
2876 5161 3148 5205 exsortes.
3171 5152 3263 5204 Ait
3285 5151 3505 5220 itaque:

1929 5244 2059 5298 Vide
2099 5258 2166 5298 ne
2204 5242 2332 5313 quis
2383 5259 2572 5296 eorum
2631 5244 2891 5313 mysteria
2951 5245 3065 5296 haec
3120 5242 3338 5306 audiat;
3381 5257 3506 5298 nam

1930 5339 1974 5390 si
2013 5337 2084 5391 illi
2123 5337 2213 5404 qui
2257 5352 2362 5390 non
2402 5346 2530 5389 sunt
2569 5333 2848 5400 instructi,
2893 5323 3030 5386 nihil
3058 5331 3509 5386 sublimiusimao

1930 5430 2104 5499 ginari
2166 5429 2418 5499 possint,
2491 5429 2586 5483 sed
2644 5427 2964 5481 existiment
3025 5424 3330 5477 istiusmodi
3385 5437 3507 5482 esse

1931 5523 2120 5583 Deum,
2161 5519 2376 5588 qualem
2418 5521 2516 5588 ipsi
2557 5518 2847 5586 concipere
2884 5523 3134 5586 possunt,
3173 5514 3266 5584 qui
3303 5529 3504 5570 secue-

1928 5613 2056 5666 dum
2097 5609 2440 5682 Scripturam
2460 5609 2639 5678 posuit
2667 5607 2909 5661 tenebras
2941 5603 3227 5660 latibulum
3273 5621 3428 5660 εωιιιι
3451 5613 3504 5671 ³,
