3866 6232
358 412 497 471 1019

361 632 479 689 est;
517 590 644 689 quid
703 617 851 669 dicat
888 612 1010 681 quis
1050 610 1115 660 de
1153 608 1216 660 iis
1237 605 1329 674 qui
1355 604 1524 672 magis
1562 596 1771 668 prolani
1798 590 1960 657 sunt,’

363 724 423 770 et
465 688 766 768 idololatne
806 700 1113 759 exsistunt?
1151 701 1283 754 Cum
1322 711 1447 748 vero
1488 693 1617 745 dicit
1658 705 1819 759 supra
1847 688 1945 741 hos

362 822 487 861 esse
528 804 744 859 divinas
793 795 1181 869 mystagogias,
1224 807 1329 844 non
1368 789 1489 841 ideo
1527 783 1661 839 dicit
1701 781 1842 852 quod
1865 780 1947 833 di-

366 898 499 951 vina
543 894 683 949 forte
734 905 895 957 supra
942 888 1040 943 hos
1077 885 1295 955 quidem
1318 883 1446 944 sint,
1488 893 1592 933 non
1632 878 1945 931 sintautem

369 1001 535 1056 supra
577 985 743 1046 alios;
786 980 987 1035 etenim
1028 976 1157 1046 quid
1202 973 1323 1027 novi
1366 980 1507 1034 erat,
1531 968 1794 1037 siquidem
1824 966 1945 1034 ipsi,

362 1055 489 1133 cum
531 1076 696 1129 rudes
735 1080 937 1137 essent,
997 1082 1059 1121 ea
1116 1082 1219 1120 non
1274 1058 1573 1130 caperent?
1627 1057 1742 1111 Non
1802 1055 1948 1108 enim

367 1171 547 1225 dixit:
611 1167 789 1235 Supra
852 1164 1043 1217 borum
1102 1158 1511 1229 cognitionem,
1569 1149 1707 1205 sed:
1770 1146 1949 1216 Supra

365 1262 546 1329 ipsos;
590 1274 655 1313 ac
696 1259 739 1313 si
785 1258 1031 1311 diceret:
1088 1251 1334 1306 Nondum
1376 1248 1559 1301 sciunt
1615 1243 1784 1297 Deum
1827 1252 1951 1294 esse

363 1368 525 1424 supra
567 1351 621 1406 id
678 1349 821 1419 quod
882 1353 1111 1415 possunt
1167 1341 1508 1409 intelligere;
1567 1336 1809 1404 quin‘et
1848 1332 1951 1385 hoc

364 1461 555 1501 eorum
593 1454 808 1512 captum
847 1439 1085 1500 excedit,
1110 1445 1164 1490 et
1205 1433 1545 1488 arbitramur
1583 1442 1679 1483 sua
1722 1425 1953 1481 nOtione

363 1554 424 1594 se
484 1538 649 1592 Deum
709 1546 905 1597 nosse,
966 1528 1165 1598 duplici
1225 1527 1536 1581 laborantes
1595 1516 1951 1589 ignorantia,-

364 1628 576 1685 scilicet
613 1624 911 1679 secundum
953 1622 1230 1687 allectum,
1286 1627 1341 1672 et
1379 1617 1563 1670 divina
1605 1614 1948 1682 ignorantes,

364 1731 420 1774 ct
454 1719 596 1790 quod
638 1719 891 1789 ignorent
950 1714 1275 1768 nescientes.
1320 1710 1459 1778 Quid
1502 1709 1667 1779 igitur
1703 1708 1949 1760 dicemus

364 1814 435 1866 de
470 1811 735 1881 profanis,
775 1808 867 1878 qui
910 1807 1078 1861 Deum
1116 1822 1184 1860 cx
1243 1805 1405 1860 rebus
1467 1801 1695 1865 inlimis,
1734 1799 1948 1853 scilicet

373 1904 688 1961 inanimatis
736 1902 986 1956 materiis
1020 1910 1074 1953 et
1132 1898 1323 1951 formis
1363 1891 1724 1949 describunt?
1765 1892 1942 1961 Opor-

366 2006 445 2051 tet
500 1999 663 2049 etiam
724 1993 825 2063 ipsi
886 2005 1100 2046 onmem
1161 2004 1342 2042 rerum
1402 1985 1731 2055 positionem
1781 1983 1945 2035 attri-

365 2088 553 2151 buere,
596 2087 735 2141 sicut
771 2086 823 2139 in
868 2084 1007 2138 libro
1048 2080 1126 2135 De
1177 2081 1370 2134 divinis
1410 2078 1710 2133 nominibus
1770 2076 1945 2129 tradi-

371 2177 577 2238 dimus,
612 2174 870 2244 quoniant
907 2188 973 2226 ex
1012 2170 1265 2225 oumibns
1305 2169 1550 2225 divinum
1599 2166 1805 2220 Numen
1848 2181 1947 2218 no-

367 2267 633 2330 minatur,
680 2274 935 2331 tanqnam
1001 2276 1165 2315 causa
1232 2276 1296 2315 ex
1354 2258 1605 2322 ell'ectis;
1653 2266 1709 2311 et
1765 2256 1944 2311 oumia

369 2356 472 2424 ipsi
512 2356 873 2417 attribuenda,
917 2362 1169 2421 tanquam
1208 2351 1493 2407 essistenti
1542 2364 1703 2418 supra
1742 2348 1946 2402 omnia.

367 2447 487 2504 Non
526 2447 672 2501 enim
710 2448 924 2499 axioma
986 2443 1436 2499 contradictionis
1494 2442 1565 2496 ibi
1621 2442 1796 2495 locum
1849 2440 1949 2493 lia-

368 2539 483 2601 liet,
506 2538 649 2591 sicut
690 2537 810 2590 llic:
839 2535 1094 2603 quoniam
1144 2533 1233 2587 hic
1256 2534 1306 2586 in
1333 2548 1389 2587 re
1412 2533 1560 2587 omni
1585 2531 1671 2586 vel
1711 2529 1947 2584 aﬂirtna-

370 2632 445 2685 tio
494 2639 577 2684 est
620 2628 705 2682 vel
743 2628 983 2698 negatio,
1025 2635 1079 2681 et
1114 2627 1158 2681 si
1212 2624 1499 2681 alIirmatio
1531 2640 1657 2680 vera
1697 2624 1808 2686 sit.
1852 2640 1948 2678 ne-

368 2722 518 2792 gatio
562 2721 694 2775 falsa
736 2731 839 2781 est,
883 2720 966 2774 vel
1004 2729 1234 2784 contra;
1278 2719 1351 2773 ibi
1392 2734 1522 2773 vero
1564 2726 1672 2771 tam
1706 2717 1948 2770 allirma-

368 2816 447 2869 tio
486 2828 646 2884 quam
681 2811 843 2884 555.
884 2814 1102 2881 negatio
1136 2827 1263 2867 vera
1317 2821 1419 2876 est,
1484 2809 1787 2865 secundum
1826 2826 1951 2864 sen-

367 2921 463 2963 sus
496 2908 695 2959 dictos.
736 2906 871 2959 Cum
904 2920 1030 2958 vero
1072 2904 1213 2958 Deus
1268 2904 1340 2957 sit
1386 2917 1549 2971 supra
1581 2916 1797 2956 onmem
1819 2916 1945 2954 cum

367 2996 699 3051 ablationem
745 3004 858 3048 tum
902 2993 1248 3064 positionem,
1290 3005 1348 3049 et
1386 3009 1551 3063 supra
1576 2993 1627 3046 id
1651 2992 1795 3063 quod
1840 3006 1946 3045 non

365 3117 549 3173 est,et
570 3124 730 3177 supra
782 3108 831 3161 id
852 3107 996 3176 quod
1037 3115 1145 3173 est,
1187 3115 1243 3161 et
1296 3120 1459 3175 supra
1498 3105 1863 3174 cognitionem
1896 3110 1951 3155 et

1542 393 1601 452 S.
1641 381 1941 444 DIONYSII
1975 369 2451 438 AREOPAGITA'}:

363 532 416 587 id
452 538 537 583 est
570 526 660 597 qui
705 526 759 578 in
804 518 1191 575 sublimissima
1251 509 1593 583 ignoratione
1648 498 1943 559 absconsus

2051 489 2140 561 σία
2162 484 2544 553 καλυπτόμενο

3481 349 3631 403 {0‘20

2548 495 2609 533 ν’
2668 477 2721 530 τί
2759 473 2826 528 ἀν
2863 488 2947 535 τις
2982 468 3117 540 φαίη
3175 477 3300 537 περι
3329 464 3440 517 τῶν
3487 464 3633 532 μᾶλ-

2048 556 2139 633 λον
2179 578 2455 649 ἀμύστων,
2493 561 3055 634 καὶνεὶδωλολατρῶη
3091 560 3163 612 Τὸ
3198 558 3462 649 δὲ,ῌὺπὲρ
3503 556 3635 608 τού-

2046 686 2174 732 τους
2211 645 2349 720 εἰσὶν
2401 665 2456 715 αί
2505 662 2645 715 θεῖαι
2695 652 3107 728 μυσταγωγίατι,
3177 649 3235 702 οὐ
3291 645 3478 713 λέγει,
3546 645 3634 696 ὅτι

2048 763 2209 833 τυχὸν
2236 760 2376 829 ὑπὲρ
2416 757 2612 817 αὐτοὺς
2644 752 2741 823 μέν
2770 752 2875 803 εἰσι
2925 746 2993 799 τά
3020 745 3160 807 θεῖα,
3190 742 3329 833 ὑπὲρ
3355 739 3555 833 ἀλλους
3575 736 3634 789 δὲ

2048 831 2148 908 οῦκ
2169 855 2274 905 είσι
2295 868 2307 880 ·
2344 850 2439 901 καὶ
2466 847 2519 899 τί
2540 845 2649 915 γάρ
2678 842 2827 907 ξένον
2849 835 2937 909 ἦν,
2993 835 3047 889 εἴ
3093 851 3197 904 περ
3231 832 3406 893 αὐτοὶ,
3430 831 3633 899 παχεῖς

2048 945 2223 1007 ὄντες,
2251 942 2311 994 οὐ
2335 934 2779 1006 κατελάμὸανονς
2840 930 2913 983 Οὐ
2950 928 3056 999 γὰρ
3097 922 3268 989 εἶπεν,
3324 922 3501 992 ’Υπὲρ
3530 920 3633 989 τὴν

2048 1037 2253 1090 τούτων
2283 1032 2502 1103 γνῶσιν,
2531 1027 2645 1081 ἀλλ’
2699 1024 2869 1094 ’Υπὲρ
2919 1021 3135 1081 αὐτοὺς,
3179 1016 3378 1069 ὡσανεὶ
3426 1014 3630 1081 λέγων,

2050 1129 2169 1187 οὐδὲ
2196 1126 2355 1180 τοῦτο
2394 1118 2713 1181 κατέλαὸον,
2742 1117 2825 1169 ὅτι
2869 1116 2898 1166 ὁ
2933 1113 3065 1175 Θεὸς
3099 1111 3240 1180 ὑπὲρ
3267 1109 3296 1161 ὃ
3322 1106 3516 1177 νοῆσαι
3541 1104 3635 1157 δύ-

2051 1234 2237 1275 νανται
2286 1212 2429 1271 οῦτοι
2480 1213 2658 1266 ἔστιν·
2730 1206 2865 1261 ἀλλά
2914 1203 3196 1258 καὶτοῦτο
3249 1199 3389 1268 ὑπὲρ
3427 1196 3634 1260 αὐτοὺς

2054 1310 2314 1380 ἐγεγόνει,
2356 1306 2449 1360 καὶ⁵
2488 1303 2686 1357 οἴονται
2730 1302 2800 1370 τῇ
2853 1295 3060 1352 ἑαυτῶν
3107 1293 3305 1363 γνώσει
3360 1291 3422 1344 τὸ
3471 1289 3634 1342 Θεῖον

2054 1403 2271 1465 εἰδέναι,
2322 1397 2604 1459 νοσοῦντες
2675 1394 2773 1464 τὴν
2824 1390 3016 1459 διπλῆν
3079 1387 3319 1455 ἄγνοιαν,
3386 1382 3635 1453 δηλονότι

2050 1493 2150 1563 τὴν
2186 1490 2325 1545 κατά
2358 1488 2614 1549 διάθεσιν,
2644 1485 2738 1538 καὶ
2779 1480 2849 1535 τά
2891 1481 3010 1534 θεῖα
3032 1475 3372 1547 ἀγνοοῦντες,
3411 1473 3511 1527 καὶ
3540 1473 3629 1524 ὃτι

2051 1582 2337 1652 ἀγνοοῦσιν
2369 1580 2468 1632 οὐκ
2513 1577 2732 1638 εἰδότες.
2774 1574 2839 1627 Τί
2897 1571 3027 1641 γοῦν
3072 1569 3317 1638 εἴποιμεν
3366 1567 3497 1637 περὶ
3523 1565 3638 1617 τῶν

2052 1674 2332 1746 ἀμύστων,
2381 1674 2494 1725 ὅσοι
2533 1670 2625 1722 τὸν
2684 1668 2819 1720 Θεὸν
2870 1669 2935 1719 ὲκ
2986 1662 3094 1716 τῶν
3135 1660 3317 1721 αὐτοῖς
3362 1658 3635 1727 ἐσχάτων,

2051 1768 2293 1840 δηλονότι
2325 1766 2435 1819 τῶν
2479 1763 2701 1833 ἀψύχων
2740 1758 2882 1812 ὑλῶν
2935 1758 3045 1810 καὶ
3089 1750 3467 1825 μορφωμὼεων
3528 1766 3637 1819 χα-

1983 1840 2025 1896 B
2054 1859 2480 1932 ρακτηρίζουσι;
2515 1854 2643 1907 Δέον
2684 1852 2769 1905 ἐπ’
2794 1848 2940 1919 αὐτῷ
2985 1847 3078 1900 καὶ
3104 1846 3280 1897 πᾶσαν
3322 1841 3434 1893 τῶν
3456 1840 3640 1892 ὄντων

2051 1950 2421 2020 καταφάσκειν
2458 1945 2625 2008 θέσιν,
2656 1944 2731 2007 ὡς
2763 1945 2821 1996 ὲν
2849 1940 2926 2011 τῷ
2959 1937 3100 2006 Περὶ
3118 1937 3292 1991 θείων
3324 1932 3643 2002 droth

2053 2041 2338 2111 ἐλέγομεν,
2369 2039 2452 2091 ὅτι
2506 2038 2570 2089 ὲκ
2596 2034 2814 2087 πάντων
2860 2031 2923 2084 τὸ
2977 2030 3128 2083 Θεῐον
3177 2024 3525 2096 ὀνομάζεται,
3560 2020 3643 2084 ὡς

2049 2133 2219 2195 αἴτιος
2282 2133 2347 2183 ὲκ
2410 2127 2520 2180 τῶν
2588 2122 2870 2178 αἰτιατῶνθ
2936 2122 3031 2175 καὶ
3092 2120 3198 2173 πᾶν
3247 2116 3276 2169 δ
3324 2114 3645 2183 κατέφησεν

2050 2224 2410 2292 ἀποφάσκειν,
2475 2218 2552 2282 ὡς
2604 2217 2746 2288 ὑπὲρ
2803 2215 2870 2268 τά
2920 2213 3050 2267 ὅντα
3099 2212 3231 2265 δντι.
3292 2208 3366 2261 Οὐ
3414 2206 3531 2276 γὰρ
3579 2204 3644 2257 τὸ

2052 2316 2273 2386 ἀξίωμα
2304 2314 2404 2382 τῆς
2432 2311 2772 2380 ἀντιφάσεως
2828 2309 3004 2362 ἐκεῖσε
3040 2304 3221 2376 χώραν
3250 2302 3379 2372 ἔχει,
3426 2300 3507 2362 ὡς
3550 2303 3649 2352 ὲν-

2049 2408 2257 2463 ταῦθαο
2295 2404 2529 2459 ἐνταῦθα
2572 2402 2682 2472 γὰρ
2712 2402 2805 2454 ἐπὶ
2858 2398 3058 2459 παντὸς
3110 2398 3143 2466 ή
3193 2394 3503 2460 κατάφασις
3535 2391 3569 2461 ἥ
3606 2392 3642 2459 ἡ

2050 2498 2346 2565 ἀπόφασις,
2381 2496 2475 2548 καὶ
2507 2495 2557 2545 εί
2616 2494 2649 2563 η
2705 2490 3013 2557 κατάφασις
3070 2484 3271 2555 ἀληθὴς
3296 2523 3310 2544 ,
3358 2482 3569 2550 ψευδὴς
3606 2484 3647 2550 ἡ

2050 2586 2407 2658 ἀπόφασις,ἢ
2457 2586 2519 2638 τὸ
2569 2582 2874 2637 ἀνάπαλινο
2928 2580 3108 2632 ὲκεῖσε
3135 2578 3190 2630 δὲ
3238 2576 3331 2628 καὶ
3380 2577 3413 2644 ἠ
3462 2576 3651 2627 κατὰ-

2051 2697 2216 2750 φασις
2246 2680 2339 2732 καὶ⁵
2402 2680 2436 2749 η
2492 2674 2771 2741 ἀπόφασις
2835 2671 3051 2741 ἀληθεῖς
3083 2668 3217 2740 πρὸς
3240 2667 3338 2730 τὰς
3377 2682 3649 2737 προειρη-

2054 2772 2220 2843 μένας
2251 2770 2479 2832 ἑννοίας.
2549 2767 2700 2819 Ἐπεὶ
2726 2766 2781 2819 δὲ
2839 2764 2900 2815 τὸ
2952 2762 3105 2815 Θεῖον
3134 2760 3274 2829 ὑπὲρ
3328 2760 3514 2809 πᾶσαν
3547 2760 3647 2809 καὶ

2050 2862 2340 2931 ἀφαίρεσιν
2371 2857 2644 2912 καὶθέσιν
2679 2856 2816 2919 ἐστὶ,
2860 2853 2953 2905 καὶ
2994 2851 3133 2921 ὑπὲρ
3171 2849 3229 2901 τὸ
3270 2848 3340 2919 μὴ
3396 2847 3477 2909 ὃν,
3524 2847 3651 2899 καὶ

2051 2954 2191 3023 ὑπὲρ
2218 2952 2279 3005 τὸ
2302 2932 2386 3015 δν,
2436 2951 2529 3003 καὶ
2560 2949 2701 3019 ὑπὲρ
2753 2945 2974 3015 γνῶσιν,
3027 2943 3121 2996 καὶ
3152 2941 3293 3011 ὑπὲρ
3334 2940 3643 3008 ἀγνωσίαν,

2051 3042 2230 3113 πολλῷ
2279 3041 2439 3095 πλέον
2474 3041 2590 3093 ἐστὶ
2618 3039 2679 3091 τὸ
2710 3039 2849 3108 ὑπὲρ
2874 3035 2974 3098 τάς
3008 3035 3285 3105 στερήσεις
3310 3033 3341 3103 ἢ
3372 3032 3517 3100 ὑπὲρ
3540 3031 3649 3094 τὰς·

2051 3133 2251 3197 θέσεις.
2299 3134 2356 3185 '0
2401 3130 2512 3201 γὰρ
2538 3128 2782 3201 ἀναιρῶν
2834 3127 2982 3179 θέσιν
3038 3123 3342 3195 ὡρισμένον
3376 3138 3429 3173 τι
3482 3122 3647 3173 ἀναι-

362 3216 533 3270 supra
562 3200 983 3270 ignorationem,
1008 3199 1179 3252 nmlto
1200 3198 1371 3267 magis
1392 3206 1475 3251 est
1496 3212 1659 3265 supra
1684 3194 1946 3264 privatio-

2051 3227 2152 3296 ρεῖ,
2181 3190 2274 3277 κναὶ
2298 3190 2427 3286 ἴσως
2448 3190 2494 3275 ὁ.
2512 3221 2642 3284 νοῦς
2667 3190 2755 3273 έπ⁹
2785 3218 2913 3272 ἄλλο
2940 3190 3325 3288 μεταπεσεῖται
3366 3212 3646 3281 οἰόμενος,

370 3307 489 3355 nes,
514 3294 593 3346 vel
622 3307 781 3360 supra
806 3292 1128 3359 positiones.
1159 3289 1293 3343 Nam
1315 3290 1406 3359 qui
1431 3289 1571 3343 tollit
1592 3289 1941 3357 positionem,

368 3383 649 3438 deﬁnitum
699 3385 826 3453 quid
892 3384 1048 3447 tollit,
1078 3393 1128 3439 el
1169 3382 1313 3438 forte
1352 3396 1503 3437 mens
1540 3383 1608 3436 ad
1643 3382 1772 3450 quid
1796 3381 1944 3435 aliud

370 3477 677 3541 delabetnr,
702 3479 1041 3542 existimans,
1063 3492 1188 3532 cum
1212 3477 1340 3532 illud
1365 3491 1471 3529 non
1502 3484 1668 3537 esset,
1704 3474 1824 3537 hoc,
1864 3475 1945 3528 vel

372 3568 556 3633 aliud;
581 3568 699 3622 etsi
723 3570 905 3623 omnia
929 3569 1052 3639 quis
1075 3568 1249 3632 tollat,
1280 3574 1535 3622 occurret
1567 3566 1641 3619 illi
1667 3566 1813 3635 quod
1838 3580 1950 3618 om-

370 3660 501 3713 nino
537 3675 643 3714 nou
679 3661 904 3729 est;qui
933 3675 1062 3719 vero
1088 3660 1630 3730 tollitprivationem,
1673 3657 1728 3711 in
1782 3658 1868 3713 his
1892 3658 1945 3711 in

370 3751 569 3820 quibus
608 3766 761 3805 mens
788 3768 896 3807 non
919 3763 1103 3821 potest
1140 3752 1432 3821 concipere
1469 3751 1707 3820 aliquam
1732 3749 1949 3803 habitu-

368 3842 572 3904 dinem,
612 3844 838 3897 omnino
904 3844 1110 3913 praebet
1170 3842 1585 3912 suspicandum,
1653 3840 1780 3894 illud
1826 3853 1949 3893 esse

370 3933 1156 4005 aliquidiucompreliensibile
1176 3934 1320 4005 quod
1363 3934 1511 3989 dico.
1556 3933 1695 3988 Ecce
1728 3932 1946 4000 positio,

370 4026 624 4093 quoniam
654 4028 889 4096 praedico
921 4030 987 4083 de
1012 4028 1123 4083 Deo
1146 4029 1324 4082 lumen
1353 4044 1368 4093 ;
1412 4027 1610 4098 aliquis
1634 4042 1760 4079 vero
1790 4036 1952 4096 ιιι-εει

373 4117 524 4181 illud,
552 4121 676 4188 quia
712 4120 850 4174 Deus
871 4136 975 4175 non
1000 4130 1082 4175 est
1106 4121 1284 4174 lumen
1314 4138 1327 4174 :
1373 4120 1620 4189 suspicor
1645 4119 1793 4173 illum
1826 4132 1949 4173 esse

371 4211 501 4281 quid
522 4212 667 4265 aliud
692 4212 987 4279 alumine;
1035 4212 1385 4281 negatetiam
1420 4211 1573 4277 illud,
1612 4222 1665 4267 et
1703 4215 1769 4265 ad
1803 4212 1949 4266 aliud

368 4300 621 4368 dilabor;
655 4303 703 4357 si
736 4311 892 4374 neget
911 4304 1116 4369 omnia,
1166 4303 1333 4358 etiam
1359 4303 1495 4358 nihil
1533 4302 1761 4358 omnino
1800 4302 1951 4372 cogi-

373 4393 521 4449 tabo.
551 4392 683 4449 Veni
704 4395 870 4449 etiam
909 4396 975 4450 ad
1020 4396 1405 4464 privationem.
1436 4394 1579 4449 Ecce
1600 4395 1729 4449 dicit
1758 4393 1942 4462 priva-

2048 3317 2171 3370 ἐπεὶ
2198 3317 2373 3368 έκεῖνο
2397 3314 2497 3367 οὐκ
2521 3308 2611 3384 ἦν,
2642 3312 2800 3365 τοῦτο
2822 3305 2984 3369 εἶναι,
3017 3306 3049 3377 ἢ
3083 3306 3291 3376 ἓτερον-η
3324 3304 3426 3357 κάν
3457 3306 3644 3358 πάντα

2047 3408 2243 3476 ἀναιρῇ
2273 3422 2378 3470 τις,
2417 3404 2748 3473 καταντήσει
2781 3403 2863 3463 είς
2892 3400 2952 3452 τὸ
2991 3397 3211 3470 μηδαμῆ
3252 3395 3518 3476 μηδαμῶς
3540 3396 3603 3447 ὃν
3622 3412 3637 3424 δ

2047 3501 2077 3552 ὁ
2116 3472 2191 3552 δὲ-
2212 3472 2469 3569 στέρησιν
2498 3495 2739 3568 ἀναιρῶν
2768 3494 2862 3547 ἐπὶ
2889 3491 3119 3555 τούτοις,
3175 3472 3262 3558 ὲςρς
3290 3485 3372 3551 οἷς
3398 3490 3500 3540 οὐκ
3528 3488 3649 3558 ἔχει

2046 3593 2077 3645 ὁ
2107 3589 2231 3652 νοῦς
2266 3588 2384 3654 ἒξιν
2414 3586 2668 3657 ἐννοῆσαί
2694 3603 2837 3649 τινα,
2871 3583 3089 3644 πάντως
3118 3582 3364 3633 ὑπονοεῖν
3396 3577 3653 3642 δίδωσιν,

2047 3684 2129 3738 ὅτι
2164 3680 2279 3734 έστί
2304 3697 2358 3733 τι
2387 3678 2770 3749 ἀκατάληπτον
2804 3672 2916 3728 οἷόν
2943 3692 2997 3727 τι
3047 3673 3209 3741 λέγω.
3277 3670 3411 3725 Ἰδοὺ
3464 3669 3649 3739 θέσις,

2047 3772 2130 3825 ὅτι
2166 3771 2308 3839 λέγω
2329 3770 2423 3823 ἐπὶ
2458 3769 2593 3823 Θεοῦ
2624 3768 2771 3839 φῶς·
2817 3768 3034 3838 ἀναιρεῖ
3086 3781 3171 3827 τις
3227 3761 3409 3825 τοῦτο,
3457 3762 3548 3814 ὅτι
3580 3763 3644 3813 οὐ

2050 3864 2190 3932 φῶς,
2258 3862 2473 3917 ὑπονοῶ
2520 3862 2602 3915 ὅτι
2648 3861 2776 3915 ἄλλο
2820 3878 2873 3913 τι
2922 3858 3072 3928 παρά
3117 3857 3179 3910 τὸ
3222 3854 3371 3924 φῶς
3426 3854 3651 3924 ἀναιρεῖ

2049 3956 2289 4017 κάκεῖνο,
2319 3955 2411 4008 καὶ
2455 3956 2535 4018 είς
2562 3953 2690 4008 ἄλλο
2730 3951 3176 4023 μεταπεσοῦμαν
3228 3946 3407 4000 ἀνεῖλε
3434 3946 3649 4004 πάντα,

2050 4046 2144 4099 καὶ
2187 4044 2249 4097 τὸ
2281 4043 2505 4114 μηδαμῆ
2569 4042 2833 4114 μηδαμῶς
2876 4041 3171 4110 ὑπενόησα.
3216 4038 3365 4091 me:
3396 4038 3492 4090 καὶ
3552 4038 3651 4101 ἐπὶ

2048 4137 2147 4207 τῆς
2200 4137 2530 4206 στερήσεως.
2610 4136 2739 4188 Ἰδοὺ
2789 4134 2934 4203 λέγει
2986 4132 3265 4201 στέρησιν,
3314 4129 3651 4199 ὅτιὴἀκρο-

2047 4229 2186 4299 τάτη
2214 4229 2424 4299 κορυφὴ
2458 4226 2738 4294 ἄγνωστός
2763 4228 2910 4279 ἐστιν
2930 4242 2942 4253 ·
2991 4223 3209 4293 ἀναιρεῖ
3256 4237 3338 4284 τις
3364 4220 3429 4272 τὸ
3458 4219 3650 4288 ἀγνω-

2051 4335 2195 4384 στον,
2219 4320 2319 4372 οὐκ
2347 4318 2456 4389 ἔχει
2505 4321 2533 4371 ὁ
2577 4316 2699 4381 νοῦς
2726 4315 3051 4387 ἑδρασθῆναι
3084 4315 3167 4367 ὅτι
3193 4314 3411 4383 γνωστή
3465 4312 3651 4383 (τοῦτο

2049 4410 2159 4482 γὰρ
2222 4414 2429 4474 κοιναῖς
2487 4410 2719 4473 ἐννοίαις
2780 4407 3232 4479 διωμολόγηται)⁶
3271 4406 3655 4477 ὲναπελεξφθη

372 4481 612 4550 tionem,
684 4486 938 4554 quoniam
1014 4499 1260 4540 summus
1317 4494 1504 4541 vertex
1561 4485 1780 4554 ignotus
1831 4492 1946 4537 est:

2051 4504 2261 4567 τοίνυν,
2306 4503 2381 4566 ὥς
2430 4503 2549 4555 ἐστι
2608 4518 2661 4554 τι
2717 4501 2791 4571 μὴ
2851 4499 3010 4570 μόνον
3055 4498 3198 4569 ὑπὲρ
3244 4497 3345 4567 τὴν
3415 4496 3644 4565 γνῶσιν,

372 4575 968 4647 negatquisignotum,
1012 4591 1117 4631 non
1173 4584 1357 4647 potest
1403 4577 1710 4632 intellectus
1735 4581 1943 4635 contir-

2051 4595 2181 4650 ἀλλά
2210 4566 2303 4649 και
2353 4566 2807 4666 ὑπεράγνωστονλ
2854 4566 2949 4645 ἆται
2994 4566 3238 4661 συνήχθη
3288 4566 3367 4659 τῷ
3416 4588 3542 4659 Θεῷ
3582 4566 3653 4643 ἐκ

372 4669 506 4723 mari
528 4672 671 4739 quod
693 4682 849 4725 notus
868 4674 939 4725 sit
967 4671 1093 4742 (hoc
1132 4672 1278 4726 enim
1317 4672 1370 4727 in
1415 4672 1772 4740 couceptibus
1793 4689 1942 4728 com-

2043 4685 2250 4739 τούτων
2279 4686 2339 4739 τὸ
2370 4685 2776 4757 ἀκατάληπτον.
2803 4681 2903 4735 Διά
2927 4680 3085 4734 τοῦτο
3109 4682 3204 4734 καὶ
3234 4684 3260 4733 ὁ
3292 4679 3478 4751 πατὴρ
3508 4696 3649 4749 προ-

373 4760 628 4815 Inunibus
669 4773 753 4816 est
793 4762 1167 4833 manifestum)
1206 4764 1511 4834 concipitur
1557 4765 1741 4834 itaque
1787 4767 1943 4835 quasi

2051 4777 2335 4847 τιμὸτερον
2364 4776 2546 4847 τίθησι
2602 4776 2663 4828 τὸ
2715 4773 2857 4844 ὑπὲρ
2902 4772 3002 4836 τὰς
3048 4773 3331 4843 στερήσεις
3376 4771 3440 4824 τὸ
3485 4769 3648 4823 Θείον

370 4852 442 4904 sit
463 4852 684 4920 aliquid.
723 4855 867 4924 quod
889 4857 960 4910 sit
991 4872 1098 4910 non
1121 4857 1293 4911 solum
1320 4872 1488 4925 supra
1513 4858 1814 4925 notionem,
1849 4874 1942 4914 ve-

372 4954 490 4992 rum
548 4947 715 4995 etiam
775 4958 949 5014 supra
993 4947 1421 5014 ignorationem;

2044 4862 2185 4922 εἶναι
2210 4869 2302 4921 καί
2338 4866 2612 4935 λέγεσθαι,
2640 4865 2674 4935 ἢ
2706 4864 2850 4935 ὑπὲρ
2876 4863 2976 4927 τάς
3007 4852 3207 4926 θέσεις.

1502 4954 1557 5000 et
1593 4962 1662 5001 ex
1703 4948 1787 5002 his
1837 4948 1946 5005 Deo
1998 4951 2620 5026 incuutprehensibiIitas
2674 4954 3010 5009 attribuitur.
3059 4951 3269 5008 Idcirco
3332 4955 3500 5009 etiam
3556 4956 3650 5008 hic

372 5030 532 5087 Pater
596 5044 849 5105 tanquam
903 5038 1032 5106 quid
1100 5041 1443 5109 prrestantius
1497 5042 1686 5110 ponit,
1756 5044 1924 5100 Deum
1966 5065 2089 5107 esse
2153 5067 2219 5107 ac
2293 5051 2397 5105 dici
2454 5064 2617 5118 supra
2684 5048 3056 5117 privationes,
3105 5049 3188 5103 vel
3264 5064 3429 5118 supra
3496 5053 3649 5119 posi-

373 5127 567 5182 tiones.

443 5224 470 5296 ς
511 5227 596 5280 ΙΙΙ.
634 5228 836 5283 Deinde
859 5230 1206 5287 traditionem
1228 5233 1521 5301 quamdam
1547 5251 1653 5289 non
1677 5238 1943 5306 scriptam

373 5322 548 5372 Sancti
588 5319 974 5376 Bartltolomaai
1021 5324 1252 5393 apostoli
1302 5326 1471 5394 ponit,
1497 5326 1753 5391 dicentis,
1808 5330 1945 5381 mul-

374 5417 484 5464 tam
508 5425 630 5466 esse
674 5413 1003 5482 theologiam
1026 5426 1079 5468 et
1102 5419 1549 5483 perexiguam,“
1591 5418 1942 5488 Evangelinm

373 5517 499 5556 esse
559 5503 723 5558 latum
770 5515 824 5558 et
876 5522 1152 5576 magnum.
1205 5507 1488 5577 Reliquum
1556 5512 1809 5565 existimo
1856 5514 1943 5568 hic

377 5590 545 5644 etiam
580 5593 801 5649 silentio
825 5611 1170 5664 suppressum
1194 5613 1209 5660 ;
1230 5600 1515 5666 oportebat
1535 5600 1677 5653 enim
1725 5601 1813 5656 hic
1844 5603 1944 5658 ite.

383 5698 501 5737 rutn
521 5686 704 5742 dicere
746 5701 1033 5759 augustum
1078 5698 1133 5743 et
1175 5707 1426 5761 parvum,
1468 5701 1515 5747 et
1563 5694 1803 5749 arbitror
1841 5698 1944 5751 hoc

384 5774 603 5829 silentio
636 5793 1011 5846 suppressum,
1065 5782 1148 5836 vel
1197 5784 1264 5835 ab
1306 5784 1538 5851 ipsomct
1583 5796 1772 5840 sancto
1812 5785 1947 5839 Bar-

391 5864 697 5935 tltolounco,
735 5876 951 5938 quando
1003 5889 1122 5930 eam
1153 5875 1476 5930 sententiain
1504 5878 1839 5947 proiciebat,
1867 5879 1950 5936 vcl

2120 5238 2147 5309 §
2196 5237 2282 5292 ΙΙΙ.
2343 5236 2501 5291 Μετά
2547 5235 2723 5290 ταῦτα
2789 5237 2885 5290 καὶ
2934 5235 3202 5307 ἀγράφων
3241 5235 3645 5304 παραδοθεῖσαν

2048 5331 2246 5400 χρῆσιν
2272 5326 2365 5380 τοῦ
2417 5330 2574 5396 ἁγίου
2627 5327 2926 5381 ἀποστόλου
2979 5325 3384 5396 Βαρθολομαῖον
3433 5329 3641 5397 τίθησι,

2051 5419 2251 5489 πολλὴν
2295 5422 2389 5473 καὶ
2444 5420 2734 5490 ἐλαχίστην
2788 5419 2887 5490 τὴν
2938 5417 3214 5485 θεολογίαν
3236 5417 3506 5485 λέγοντος,
3541 5423 3641 5475 καὶ

2049 5512 2111 5564 τὸ
2156 5510 2485 5579 Εὐαγγέλιον
2515 5510 2689 5563 πλατὺ
2748 5510 2847 5585 καὶ
2868 5510 3030 5581 μέγα.
3074 5510 3183 5561 Καὶ
3229 5500 3408 5572 αὖθις,
3459 5507 3637 5580 οἶμαι,

2052 5606 2287 5660 ἐνταῦθα
2320 5606 2381 5659 τὸ
2443 5605 2627 5659 λεῖπον
2685 5603 3116 5675 παρεσιωπήθη·
3178 5602 3287 5655 ἔδει
3329 5603 3439 5675 γὰρ
3465 5608 3644 5660 εἰπεῖν

2055 5702 2149 5754 καὶ
2212 5695 2367 5762 αὖθις
2440 5699 2625 5752 στενὸν
2678 5700 2771 5752 καὶ
2814 5696 3042 5768 μικρὸν,
3108 5696 3202 5747 καὶ
3252 5691 3429 5765 οἶμαι,
3468 5715 3643 5769 παρε-

2059 5791 2331 5862 σιωπήθη,
2385 5790 2418 5860 ἢ
2474 5792 2567 5845 καὶ
2622 5791 2700 5862 τῷ
2750 5791 2892 5860 ἁγίῳ
2925 5787 3314 5858 Βαρθολομαίῳ
3362 5789 3503 5852 τότε,
3548 5793 3641 5845 ὅτε

2059 5882 2155 5955 τὴν
2185 5881 2341 5952 ῥῆσιν
2376 5879 2579 5951 ἔλεγεν,
2620 5880 2651 5950 ἧ
2699 5880 2896 5950 ἀρτίως
2951 5880 3027 5951 τῷ
3080 5878 3278 5947 πατρὶ,
3332 5878 3419 5934 διὰ
3454 5879 3515 5931 τὸ
3542 5878 3637 5933 τοῦ

3863 1318 3866 1453 l
