  <div class='ocr_page' id='page_1' title='image "/cluster/home/n/w/nwhite01/storage/ocr_20150623/3/nnc1.0046978666/568.png"; bbox 0 0 3866 6232; ppageno 0'>
   <div class='ocr_carea' id='block_1_1' title="bbox 183 411 315 467">
    <p class='ocr_par' dir='ltr' id='par_1_1' title="bbox 183 411 315 467">
     <span class='ocr_line' id='line_1_1' title="bbox 183 411 315 467; baseline 0.008 -1"><span class='ocrx_word' id='word_1_1' title='bbox 183 411 315 467; x_wconf 61' lang='lat' dir='ltr'><strong>illi!</strong></span> 
     </span>
    </p>
   </div>
   <div class='ocr_carea' id='block_1_2' title="bbox 736 410 2898 477">
    <p class='ocr_par' dir='ltr' id='par_1_2' title="bbox 736 410 2898 477">
     <span class='ocr_line' id='line_1_2' title="bbox 736 410 2898 477; baseline 0.002 -12"><span class='ocrx_word' id='word_1_2' title='bbox 736 410 825 465; x_wconf 81' lang='lat' dir='ltr'><strong>DE</strong></span> <span class='ocrx_word' id='word_1_3' title='bbox 860 410 1164 467; x_wconf 69' lang='lat' dir='ltr'><strong>3]\ST1CA</strong></span> <span class='ocrx_word' id='word_1_4' title='bbox 1197 411 1614 477; x_wconf 67' lang='lat' dir='ltr'><strong>THEOLOGIA,</strong></span> <span class='ocrx_word' id='word_1_5' title='bbox 1664 413 1817 471; x_wconf 71' lang='lat' dir='ltr'><strong>CAP.</strong></span> <span class='ocrx_word' id='word_1_6' title='bbox 1854 414 1896 470; x_wconf 85' lang='grc' dir='ltr'><strong>Ι.</strong></span> <span class='ocrx_word' id='word_1_7' title='bbox 1932 444 2002 456; x_wconf 90' lang='lat'><strong>--</strong></span> <span class='ocrx_word' id='word_1_8' title='bbox 2033 412 2384 475; x_wconf 75' lang='lat' dir='ltr'><strong>PARAPIIR.</strong></span> <span class='ocrx_word' id='word_1_9' title='bbox 2422 412 2898 473; x_wconf 60' lang='lat' dir='ltr'><strong>PACHYMERJE.</strong></span> 
     </span>
    </p>
   </div>
   <div class='ocr_carea' id='block_1_3' title="bbox 3322 412 3464 468">
    <p class='ocr_par' dir='ltr' id='par_1_3' title="bbox 3322 412 3464 468">
     <span class='ocr_line' id='line_1_3' title="bbox 3322 412 3464 468; baseline 0.014 -2"><span class='ocrx_word' id='word_1_10' title='bbox 3322 412 3464 468; x_wconf 61' lang='lat' dir='ltr'><strong>{bii</strong></span> 
     </span>
    </p>
   </div>
   <div class='ocr_carea' id='block_1_4' title="bbox 179 490 1769 617">
    <p class='ocr_par' dir='ltr' id='par_1_4' title="bbox 179 512 1769 617">
     <span class='ocr_line' id='line_1_4' title="bbox 179 512 1769 617; baseline -0.003 -31"><span class='ocrx_word' id='word_1_11' title='bbox 179 512 509 603; x_wconf 80' lang='grc' dir='ltr'>πράγματος</span> <span class='ocrx_word' id='word_1_12' title='bbox 540 528 901 600; x_wconf 78' lang='grc' dir='ltr'>ἀπεμφαῖνον.</span> <span class='ocrx_word' id='word_1_13' title='bbox 956 529 1084 594; x_wconf 85' lang='grc' dir='ltr'>Πῶς</span> <span class='ocrx_word' id='word_1_14' title='bbox 1112 529 1221 601; x_wconf 89' lang='grc' dir='ltr'><strong>γάρ</strong></span> <span class='ocrx_word' id='word_1_15' title='bbox 1265 528 1450 584; x_wconf 78' lang='grc' dir='ltr'>στενὸν</span> <span class='ocrx_word' id='word_1_16' title='bbox 1489 529 1551 582; x_wconf 80' lang='grc' dir='ltr'>τὸ</span> <span class='ocrx_word' id='word_1_17' title='bbox 1594 518 1769 582; x_wconf 84' lang='grc' dir='ltr'>πᾶσαν</span> 
     </span>
    </p>
   </div>
   <div class='ocr_carea' id='block_1_5' title="bbox 1892 490 3463 617">
    <p class='ocr_par' dir='ltr' id='par_1_5' title="bbox 1892 508 3463 600">
     <span class='ocr_line' id='line_1_5' title="bbox 1892 508 3463 600; baseline -0.002 -15"><span class='ocrx_word' id='word_1_18' title='bbox 1892 531 2041 586; x_wconf 88' lang='lat' dir='ltr'><strong>modo</strong></span> <span class='ocrx_word' id='word_1_19' title='bbox 2071 533 2138 585; x_wconf 91' lang='lat' dir='ltr'><strong>ab</strong></span> <span class='ocrx_word' id='word_1_20' title='bbox 2162 531 2263 586; x_wconf 85' lang='lat' dir='ltr'><strong>hoc</strong></span> <span class='ocrx_word' id='word_1_21' title='bbox 2293 530 2457 586; x_wconf 86' lang='lat' dir='ltr'><strong>Patre</strong></span> <span class='ocrx_word' id='word_1_22' title='bbox 2477 572 2494 597; x_wconf 95' lang='lat'><strong>,</strong></span> <span class='ocrx_word' id='word_1_23' title='bbox 2540 541 2766 600; x_wconf 76' lang='lat' dir='ltr'><strong>propter</strong></span> <span class='ocrx_word' id='word_1_24' title='bbox 2799 529 2972 599; x_wconf 80' lang='lat' dir='ltr'><strong>ipsius</strong></span> <span class='ocrx_word' id='word_1_25' title='bbox 3013 528 3101 583; x_wconf 88' lang='lat' dir='ltr'><strong>rei</strong></span> <span class='ocrx_word' id='word_1_26' title='bbox 3116 508 3463 582; x_wconf 37' lang='lat' dir='ltr'><strong>dissimillimi</strong></span> 
     </span>
    </p>
   </div>
   <div class='ocr_carea' id='block_1_6' title="bbox 179 619 1778 693">
    <p class='ocr_par' dir='ltr' id='par_1_6' title="bbox 179 619 1778 693">
     <span class='ocr_line' id='line_1_6' title="bbox 179 619 1778 693; baseline -0.003 -17"><span class='ocrx_word' id='word_1_27' title='bbox 179 621 524 693; x_wconf 73' lang='grc' dir='ltr'>ωγηνεῦσαν</span> <span class='ocrx_word' id='word_1_28' title='bbox 574 619 675 690; x_wconf 84' lang='grc' dir='ltr'>τὴν</span> <span class='ocrx_word' id='word_1_29' title='bbox 726 621 1091 692; x_wconf 80' lang='grc' dir='ltr'>οἰκουμένην;</span> <span class='ocrx_word' id='word_1_30' title='bbox 1148 622 1243 674; x_wconf 74' lang='grc' dir='ltr'><strong>καὶ</strong></span> <span class='ocrx_word' id='word_1_31' title='bbox 1296 620 1417 683; x_wconf 87' lang='grc' dir='ltr'><strong>πῶς</strong></span> <span class='ocrx_word' id='word_1_32' title='bbox 1475 620 1668 692; x_wconf 81' lang='grc' dir='ltr'>μικρὸν</span> <span class='ocrx_word' id='word_1_33' title='bbox 1718 619 1778 672; x_wconf 82' lang='grc' dir='ltr'><strong>τὸ</strong></span> 
     </span>
    </p>
   </div>
   <div class='ocr_carea' id='block_1_7' title="bbox 179 711 1779 785">
    <p class='ocr_par' dir='ltr' id='par_1_7' title="bbox 179 711 1779 785">
     <span class='ocr_line' id='line_1_7' title="bbox 179 711 1779 785; baseline -0.001 -17"><span class='ocrx_word' id='word_1_34' title='bbox 179 713 437 785; x_wconf 78' lang='grc' dir='ltr'><strong>περιέχον</strong></span> <span class='ocrx_word' id='word_1_35' title='bbox 474 713 536 765; x_wconf 88' lang='grc' dir='ltr'><strong>τὸ</strong></span> <span class='ocrx_word' id='word_1_36' title='bbox 574 711 719 784; x_wconf 83' lang='grc' dir='ltr'>μέγα</span> <span class='ocrx_word' id='word_1_37' title='bbox 755 713 857 782; x_wconf 84' lang='grc' dir='ltr'><strong>τῆς</strong></span> <span class='ocrx_word' id='word_1_38' title='bbox 897 714 1179 777; x_wconf 84' lang='grc' dir='ltr'>εὐσεϐείας</span> <span class='ocrx_word' id='word_1_39' title='bbox 1233 715 1566 785; x_wconf 76' lang='grc' dir='ltr'>μυστήριονς</span> <span class='ocrx_word' id='word_1_40' title='bbox 1607 711 1779 766; x_wconf 77' lang='grc' dir='ltr'>Τοῦτο</span> 
     </span>
    </p>
   </div>
   <div class='ocr_carea' id='block_1_8' title="bbox 174 799 1778 874">
    <p class='ocr_par' dir='ltr' id='par_1_8' title="bbox 174 799 1778 874">
     <span class='ocr_line' id='line_1_8' title="bbox 174 799 1778 874; baseline -0.002 -16"><span class='ocrx_word' id='word_1_41' title='bbox 174 804 308 873; x_wconf 74' lang='grc' dir='ltr'>γοῦν</span> <span class='ocrx_word' id='word_1_42' title='bbox 348 804 588 869; x_wconf 83' lang='grc' dir='ltr'>ἐγένετο,</span> <span class='ocrx_word' id='word_1_43' title='bbox 629 804 705 869; x_wconf 85' lang='grc' dir='ltr'>ὡς</span> <span class='ocrx_word' id='word_1_44' title='bbox 759 799 936 874; x_wconf 79' lang='grc' dir='ltr'>οἶμαι,</span> <span class='ocrx_word' id='word_1_45' title='bbox 993 803 1385 858; x_wconf 81' lang='grc' dir='ltr'>διέὐλάϐειαν.</span> <span class='ocrx_word' id='word_1_46' title='bbox 1444 806 1543 856; x_wconf 84' lang='grc' dir='ltr'><strong>Ἐν</strong></span> <span class='ocrx_word' id='word_1_47' title='bbox 1577 820 1688 856; x_wconf 91' lang='grc' dir='ltr'>τισι</span> <span class='ocrx_word' id='word_1_48' title='bbox 1721 803 1778 855; x_wconf 83' lang='grc' dir='ltr'><strong>δέ</strong></span> 
     </span>
    </p>
   </div>
   <div class='ocr_carea' id='block_1_9' title="bbox 173 892 1779 968">
    <p class='ocr_par' dir='ltr' id='par_1_9' title="bbox 173 892 1779 968">
     <span class='ocr_line' id='line_1_9' title="bbox 173 892 1779 968; baseline -0.001 -18"><span class='ocrx_word' id='word_1_49' title='bbox 173 895 411 968; x_wconf 77' lang='grc' dir='ltr'>εὓρηται</span> <span class='ocrx_word' id='word_1_50' title='bbox 448 897 511 949; x_wconf 85' lang='grc' dir='ltr'><strong>τὸ</strong></span> <span class='ocrx_word' id='word_1_51' title='bbox 566 898 653 951; x_wconf 75' lang='grc' dir='ltr'><strong>καὶ</strong></span> <span class='ocrx_word' id='word_1_52' title='bbox 691 892 845 960; x_wconf 81' lang='grc' dir='ltr'>αὖθις</span> <span class='ocrx_word' id='word_1_53' title='bbox 878 897 1334 967; x_wconf 88' lang='grc' dir='ltr'>συντετμημένον.</span> <span class='ocrx_word' id='word_1_54' title='bbox 1378 896 1453 948; x_wconf 86' lang='grc' dir='ltr'><strong>Τὸ</strong></span> <span class='ocrx_word' id='word_1_55' title='bbox 1488 896 1545 949; x_wconf 82' lang='grc' dir='ltr'>δὲ</span> <span class='ocrx_word' id='word_1_56' title='bbox 1580 894 1779 967; x_wconf 84' lang='grc' dir='ltr'>προτέ-</span> 
     </span>
    </p>
   </div>
   <div class='ocr_carea' id='block_1_10' title="bbox 177 985 1779 1060">
    <p class='ocr_par' dir='ltr' id='par_1_10' title="bbox 177 985 1779 1060">
     <span class='ocr_line' id='line_1_10' title="bbox 177 985 1779 1060; baseline -0.002 -19"><span class='ocrx_word' id='word_1_57' title='bbox 177 1004 292 1060; x_wconf 86' lang='grc' dir='ltr'><strong>ρως</strong></span> <span class='ocrx_word' id='word_1_58' title='bbox 332 987 506 1041; x_wconf 88' lang='grc' dir='ltr'>κῶλον</span> <span class='ocrx_word' id='word_1_59' title='bbox 550 991 578 1042; x_wconf 92' lang='lat'><strong>6</strong></span> <span class='ocrx_word' id='word_1_60' title='bbox 615 988 768 1057; x_wconf 78' lang='grc' dir='ltr'>ἅγιος</span> <span class='ocrx_word' id='word_1_61' title='bbox 807 985 1172 1059; x_wconf 76' lang='grc' dir='ltr'><strong>ἐξηγούμενος</strong></span> <span class='ocrx_word' id='word_1_62' title='bbox 1206 986 1375 1055; x_wconf 86' lang='grc' dir='ltr'>λέγει,</span> <span class='ocrx_word' id='word_1_63' title='bbox 1416 987 1499 1039; x_wconf 82' lang='grc' dir='ltr'>ὅτι</span> <span class='ocrx_word' id='word_1_64' title='bbox 1533 986 1656 1057; x_wconf 74' lang='grc' dir='ltr'>ἐμοὶ</span> <span class='ocrx_word' id='word_1_65' title='bbox 1690 986 1779 1038; x_wconf 88' lang='grc' dir='ltr'>δο-</span> 
     </span>
    </p>
   </div>
   <div class='ocr_carea' id='block_1_11' title="bbox 172 1076 1779 1150">
    <p class='ocr_par' dir='ltr' id='par_1_11' title="bbox 172 1076 1779 1150">
     <span class='ocr_line' id='line_1_11' title="bbox 172 1076 1779 1150; baseline -0.001 -19"><span class='ocrx_word' id='word_1_66' title='bbox 172 1080 284 1141; x_wconf 83' lang='grc' dir='ltr'>κεῖ,</span> <span class='ocrx_word' id='word_1_67' title='bbox 328 1077 404 1141; x_wconf 84' lang='grc' dir='ltr'>ὼς</span> <span class='ocrx_word' id='word_1_68' title='bbox 440 1081 618 1132; x_wconf 86' lang='grc' dir='ltr'>ἐκεῖνο</span> <span class='ocrx_word' id='word_1_69' title='bbox 654 1080 916 1150; x_wconf 80' lang='grc' dir='ltr'><strong>ἐννοήσας</strong></span> <span class='ocrx_word' id='word_1_70' title='bbox 976 1081 1005 1132; x_wconf 98' lang='lat'><strong>6</strong></span> <span class='ocrx_word' id='word_1_71' title='bbox 1044 1078 1186 1142; x_wconf 80' lang='grc' dir='ltr'>θεῖος</span> <span class='ocrx_word' id='word_1_72' title='bbox 1233 1076 1574 1141; x_wconf 86' lang='grc' dir='ltr'>Ἀπόστολος,</span> <span class='ocrx_word' id='word_1_73' title='bbox 1605 1076 1779 1130; x_wconf 81' lang='grc' dir='ltr'>ταῦτα</span> 
     </span>
    </p>
   </div>
   <div class='ocr_carea' id='block_1_12' title="bbox 172 1168 1778 1242">
    <p class='ocr_par' dir='ltr' id='par_1_12' title="bbox 172 1168 1778 1242">
     <span class='ocr_line' id='line_1_12' title="bbox 172 1168 1778 1242; baseline 0.002 -21"><span class='ocrx_word' id='word_1_74' title='bbox 172 1168 501 1237; x_wconf 76' lang='grc' dir='ltr'>ἐφθέγξατο,</span> <span class='ocrx_word' id='word_1_75' title='bbox 534 1172 618 1224; x_wconf 86' lang='grc' dir='ltr'><strong>ὅτι</strong></span> <span class='ocrx_word' id='word_1_76' title='bbox 673 1173 707 1242; x_wconf 78' lang='grc' dir='ltr'>ἡ</span> <span class='ocrx_word' id='word_1_77' title='bbox 768 1171 915 1224; x_wconf 83' lang='grc' dir='ltr'>αἰτία</span> <span class='ocrx_word' id='word_1_78' title='bbox 953 1171 1191 1233; x_wconf 85' lang='grc' dir='ltr'>πάντων,</span> <span class='ocrx_word' id='word_1_79' title='bbox 1232 1171 1325 1223; x_wconf 81' lang='grc' dir='ltr'><strong>καὶ</strong></span> <span class='ocrx_word' id='word_1_80' title='bbox 1361 1169 1570 1223; x_wconf 66' lang='grc' dir='ltr'>πολλῶν</span> <span class='ocrx_word' id='word_1_81' title='bbox 1601 1168 1778 1224; x_wconf 81' lang='grc' dir='ltr'><strong>δέεται</strong></span> 
     </span>
    </p>
   </div>
   <div class='ocr_carea' id='block_1_13' title="bbox 171 1254 1778 1332">
    <p class='ocr_par' dir='ltr' id='par_1_13' title="bbox 171 1254 1778 1332">
     <span class='ocr_line' id='line_1_13' title="bbox 171 1254 1778 1332; baseline 0.003 -25"><span class='ocrx_word' id='word_1_82' title='bbox 171 1254 375 1325; x_wconf 89' lang='grc' dir='ltr'>λόγων,</span> <span class='ocrx_word' id='word_1_83' title='bbox 415 1259 511 1311; x_wconf 71' lang='grc' dir='ltr'><strong>καὶ</strong></span> <span class='ocrx_word' id='word_1_84' title='bbox 544 1259 738 1328; x_wconf 84' lang='grc' dir='ltr'>άλογος</span> <span class='ocrx_word' id='word_1_85' title='bbox 770 1260 870 1312; x_wconf 73' lang='grc' dir='ltr'><strong>καὶ</strong></span> <span class='ocrx_word' id='word_1_86' title='bbox 908 1259 1280 1331; x_wconf 86' lang='grc' dir='ltr'>βραχύλεκτός</span> <span class='ocrx_word' id='word_1_87' title='bbox 1319 1262 1490 1313; x_wconf 74' lang='grc' dir='ltr'>ἐστιν’</span> <span class='ocrx_word' id='word_1_88' title='bbox 1528 1260 1650 1313; x_wconf 83' lang='grc' dir='ltr'>οὐδὲ</span> <span class='ocrx_word' id='word_1_89' title='bbox 1668 1260 1778 1332; x_wconf 84' lang='grc' dir='ltr'><strong>γάρ</strong></span> 
     </span>
    </p>
   </div>
   <div class='ocr_carea' id='block_1_14' title="bbox 170 1347 1773 1423">
    <p class='ocr_par' dir='ltr' id='par_1_14' title="bbox 170 1347 1773 1423">
     <span class='ocr_line' id='line_1_14' title="bbox 170 1347 1773 1423; baseline 0.003 -22"><span class='ocrx_word' id='word_1_90' title='bbox 170 1347 336 1418; x_wconf 88' lang='grc' dir='ltr'>λόγον</span> <span class='ocrx_word' id='word_1_91' title='bbox 354 1349 466 1421; x_wconf 78' lang='grc' dir='ltr'>ἔχει</span> <span class='ocrx_word' id='word_1_92' title='bbox 487 1350 520 1423; x_wconf 80' lang='grc' dir='ltr'>ἢ</span> <span class='ocrx_word' id='word_1_93' title='bbox 543 1352 727 1423; x_wconf 86' lang='grc' dir='ltr'>νόησιν</span> <span class='ocrx_word' id='word_1_94' title='bbox 760 1370 836 1406; x_wconf 89' lang='grc' dir='ltr'><strong>πα</strong></span> <span class='ocrx_word' id='word_1_95' title='bbox 845 1352 1182 1423; x_wconf 79' lang='grc' dir='ltr'>ραστατικὴν</span> <span class='ocrx_word' id='word_1_96' title='bbox 1196 1352 1295 1423; x_wconf 85' lang='grc' dir='ltr'><strong>τῆς</strong></span> <span class='ocrx_word' id='word_1_97' title='bbox 1312 1352 1517 1415; x_wconf 82' lang='grc' dir='ltr'><strong>οἰκείας</strong></span> <span class='ocrx_word' id='word_1_98' title='bbox 1538 1351 1773 1421; x_wconf 48' lang='grc' dir='ltr'>φύσεως</span> 
     </span>
    </p>
   </div>
   <div class='ocr_carea' id='block_1_15' title="bbox 170 1441 1777 1517">
    <p class='ocr_par' dir='ltr' id='par_1_15' title="bbox 170 1441 1777 1517">
     <span class='ocr_line' id='line_1_15' title="bbox 170 1441 1777 1517; baseline 0.002 -23"><span class='ocrx_word' id='word_1_99' title='bbox 170 1441 252 1495; x_wconf 85' lang='grc' dir='ltr'><strong>Τὸ</strong></span> <span class='ocrx_word' id='word_1_100' title='bbox 289 1442 348 1495; x_wconf 82' lang='grc' dir='ltr'><strong>δὲ</strong></span> <span class='ocrx_word' id='word_1_101' title='bbox 381 1444 730 1515; x_wconf 76' lang='grc' dir='ltr'><strong>πολύλογος</strong></span> <span class='ocrx_word' id='word_1_102' title='bbox 760 1444 1272 1516; x_wconf 77' lang='grc' dir='ltr'>προπαροξυτόνως,</span> <span class='ocrx_word' id='word_1_103' title='bbox 1296 1445 1640 1513; x_wconf 78' lang='grc' dir='ltr'>πολυλόγος</span> <span class='ocrx_word' id='word_1_104' title='bbox 1668 1445 1777 1517; x_wconf 83' lang='grc' dir='ltr'>γὰρ</span> 
     </span>
    </p>
   </div>
   <div class='ocr_carea' id='block_1_16' title="bbox 167 1531 1777 1605">
    <p class='ocr_par' dir='ltr' id='par_1_16' title="bbox 167 1531 1777 1605">
     <span class='ocr_line' id='line_1_16' title="bbox 167 1531 1777 1605; baseline 0.001 -20"><span class='ocrx_word' id='word_1_105' title='bbox 167 1533 201 1585; x_wconf 86' lang='lat'><strong>6</strong></span> <span class='ocrx_word' id='word_1_106' title='bbox 244 1531 416 1585; x_wconf 78' lang='grc' dir='ltr'>πολλὰ</span> <span class='ocrx_word' id='word_1_107' title='bbox 454 1533 650 1603; x_wconf 87' lang='grc' dir='ltr'>λέγων,</span> <span class='ocrx_word' id='word_1_108' title='bbox 691 1536 1035 1605; x_wconf 72' lang='grc' dir='ltr'><strong>πολύλογος</strong></span> <span class='ocrx_word' id='word_1_109' title='bbox 1071 1535 1126 1589; x_wconf 85' lang='grc' dir='ltr'><strong>δέ</strong></span> <span class='ocrx_word' id='word_1_110' title='bbox 1163 1538 1192 1589; x_wconf 97' lang='lat'><strong>6</strong></span> <span class='ocrx_word' id='word_1_111' title='bbox 1228 1534 1436 1589; x_wconf 80' lang='grc' dir='ltr'>πολλῶν</span> <span class='ocrx_word' id='word_1_112' title='bbox 1473 1534 1646 1603; x_wconf 88' lang='grc' dir='ltr'>λόγων</span> <span class='ocrx_word' id='word_1_113' title='bbox 1664 1534 1777 1587; x_wconf 58' lang='grc' dir='ltr'>δεόὲ</span> 
     </span>
    </p>
   </div>
   <div class='ocr_carea' id='block_1_17' title="bbox 172 1625 1776 1700">
    <p class='ocr_par' dir='ltr' id='par_1_17' title="bbox 172 1625 1776 1700">
     <span class='ocr_line' id='line_1_17' title="bbox 172 1625 1776 1700; baseline 0.004 -26"><span class='ocrx_word' id='word_1_114' title='bbox 172 1639 345 1693; x_wconf 83' lang='grc' dir='ltr'>μενος</span> <span class='ocrx_word' id='word_1_115' title='bbox 367 1641 382 1655; x_wconf 73' lang='grc' dir='ltr'><strong><em>ο</em></strong></span> <span class='ocrx_word' id='word_1_116' title='bbox 424 1625 501 1689; x_wconf 86' lang='grc' dir='ltr'>ὡς</span> <span class='ocrx_word' id='word_1_117' title='bbox 537 1628 912 1694; x_wconf 80' lang='grc' dir='ltr'>πρωτότοκος</span> <span class='ocrx_word' id='word_1_118' title='bbox 969 1626 1454 1700; x_wconf 82' lang='grc' dir='ltr'>προπαροξυτόνως</span> <span class='ocrx_word' id='word_1_119' title='bbox 1491 1628 1518 1680; x_wconf 91' lang='lat'><strong>6</strong></span> <span class='ocrx_word' id='word_1_120' title='bbox 1559 1625 1776 1697; x_wconf 85' lang='grc' dir='ltr'>πρῶτος</span> 
     </span>
    </p>
   </div>
   <div class='ocr_carea' id='block_1_18' title="bbox 170 1714 1777 1789">
    <p class='ocr_par' dir='ltr' id='par_1_18' title="bbox 170 1714 1777 1789">
     <span class='ocr_line' id='line_1_18' title="bbox 170 1714 1777 1789; baseline 0.01 -23"><span class='ocrx_word' id='word_1_121' title='bbox 170 1714 422 1785; x_wconf 80' lang='grc' dir='ltr'>τεχθείς·</span> <span class='ocrx_word' id='word_1_122' title='bbox 482 1719 856 1785; x_wconf 71' lang='grc' dir='ltr'>πρωτοτόκος</span> <span class='ocrx_word' id='word_1_123' title='bbox 901 1718 958 1772; x_wconf 82' lang='grc' dir='ltr'>δὲ</span> <span class='ocrx_word' id='word_1_124' title='bbox 1012 1716 1392 1789; x_wconf 77' lang='grc' dir='ltr'>παροξυτόνως</span> <span class='ocrx_word' id='word_1_125' title='bbox 1458 1719 1493 1789; x_wconf 79' lang='grc' dir='ltr'>ἡ</span> <span class='ocrx_word' id='word_1_126' title='bbox 1541 1715 1777 1788; x_wconf 82' lang='grc' dir='ltr'>πρώτως</span> 
     </span>
    </p>
   </div>
   <div class='ocr_carea' id='block_1_19' title="bbox 170 1808 1342 1883">
    <p class='ocr_par' dir='ltr' id='par_1_19' title="bbox 170 1808 1342 1883">
     <span class='ocr_line' id='line_1_19' title="bbox 170 1808 1342 1883; baseline 0.004 -23"><span class='ocrx_word' id='word_1_127' title='bbox 170 1808 412 1867; x_wconf 76' lang='grc' dir='ltr'>τεκοῦσα</span> <span class='ocrx_word' id='word_1_128' title='bbox 447 1810 602 1882; x_wconf 83' lang='grc' dir='ltr'>γυνὴ,</span> <span class='ocrx_word' id='word_1_129' title='bbox 639 1810 714 1874; x_wconf 85' lang='grc' dir='ltr'>ὡς</span> <span class='ocrx_word' id='word_1_130' title='bbox 752 1812 846 1865; x_wconf 74' lang='grc' dir='ltr'><strong>καὶ</strong></span> <span class='ocrx_word' id='word_1_131' title='bbox 870 1813 1117 1883; x_wconf 87' lang='grc' dir='ltr'>Ὄμηρος</span> <span class='ocrx_word' id='word_1_132' title='bbox 1155 1812 1342 1883; x_wconf 83' lang='grc' dir='ltr'>δηλοῖ·</span> 
     </span>
    </p>
   </div>
   <div class='ocr_carea' id='block_1_20' title="bbox 1885 619 3465 691">
    <p class='ocr_par' dir='ltr' id='par_1_20' title="bbox 1885 619 3465 691">
     <span class='ocr_line' id='line_1_20' title="bbox 1885 619 3465 691; baseline -0.003 -14"><span class='ocrx_word' id='word_1_133' title='bbox 1885 624 2085 677; x_wconf 85' lang='lat' dir='ltr'><strong>dinem.</strong></span> <span class='ocrx_word' id='word_1_134' title='bbox 2112 622 2400 691; x_wconf 85' lang='lat' dir='ltr'><strong>Quomodo</strong></span> <span class='ocrx_word' id='word_1_135' title='bbox 2443 624 2586 679; x_wconf 90' lang='lat' dir='ltr'><strong>enim</strong></span> <span class='ocrx_word' id='word_1_136' title='bbox 2626 633 2917 690; x_wconf 77' lang='lat' dir='ltr'><strong>angustum</strong></span> <span class='ocrx_word' id='word_1_137' title='bbox 2967 621 3057 685; x_wconf 92' lang='lat' dir='ltr'><strong>sit,</strong></span> <span class='ocrx_word' id='word_1_138' title='bbox 3107 621 3251 691; x_wconf 90' lang='lat' dir='ltr'><strong>quod</strong></span> <span class='ocrx_word' id='word_1_139' title='bbox 3289 619 3465 675; x_wconf 75' lang='lat' dir='ltr'><strong>totuui</strong></span> 
     </span>
    </p>
   </div>
   <div class='ocr_carea' id='block_1_21' title="bbox 1880 708 3463 782">
    <p class='ocr_par' dir='ltr' id='par_1_21' title="bbox 1880 708 3463 782">
     <span class='ocr_line' id='line_1_21' title="bbox 1880 708 3463 782; baseline -0.003 -16"><span class='ocrx_word' id='word_1_140' title='bbox 1880 714 2154 767; x_wconf 80' lang='lat' dir='ltr'><strong>mundum-</strong></span> <span class='ocrx_word' id='word_1_141' title='bbox 2186 712 2369 780; x_wconf 81' lang='lat' dir='ltr'><strong>capit?</strong></span> <span class='ocrx_word' id='word_1_142' title='bbox 2416 722 2471 767; x_wconf 92' lang='lat' dir='ltr'><strong>et</strong></span> <span class='ocrx_word' id='word_1_143' title='bbox 2520 714 2796 782; x_wconf 84' lang='lat' dir='ltr'><strong>quomodo</strong></span> <span class='ocrx_word' id='word_1_144' title='bbox 2857 725 3113 778; x_wconf 56' lang='lat' dir='ltr'><strong>parvum&#39;</strong></span> <span class='ocrx_word' id='word_1_145' title='bbox 3153 709 3203 762; x_wconf 89' lang='lat' dir='ltr'><strong>id</strong></span> <span class='ocrx_word' id='word_1_146' title='bbox 3230 749 3244 769; x_wconf 90' lang='lat'><strong>,</strong></span> <span class='ocrx_word' id='word_1_147' title='bbox 3319 708 3463 777; x_wconf 84' lang='lat' dir='ltr'><strong>quod</strong></span> 
     </span>
    </p>
   </div>
   <div class='ocr_carea' id='block_1_22' title="bbox 1881 802 3463 876">
    <p class='ocr_par' dir='ltr' id='par_1_22' title="bbox 1881 802 3463 876">
     <span class='ocr_line' id='line_1_22' title="bbox 1881 802 3463 876; baseline -0.004 -16"><span class='ocrx_word' id='word_1_148' title='bbox 1881 821 2136 874; x_wconf 83' lang='lat' dir='ltr'><strong>maguum</strong></span> <span class='ocrx_word' id='word_1_149' title='bbox 2197 806 2417 876; x_wconf 88' lang='lat' dir='ltr'><strong>pietatis</strong></span> <span class='ocrx_word' id='word_1_150' title='bbox 2455 807 2801 875; x_wconf 62' lang='lat' dir='ltr'><strong>‘mysterium</strong></span> <span class='ocrx_word' id='word_1_151' title='bbox 2868 803 3286 872; x_wconf 75' lang='lat' dir='ltr'><strong>complectitur?</strong></span> <span class='ocrx_word' id='word_1_152' title='bbox 3356 802 3463 854; x_wconf 79' lang='lat' dir='ltr'><strong>lloe</strong></span> 
     </span>
    </p>
   </div>
   <div class='ocr_carea' id='block_1_23' title="bbox 1881 894 3461 965">
    <p class='ocr_par' dir='ltr' id='par_1_23' title="bbox 1881 894 3461 965">
     <span class='ocr_line' id='line_1_23' title="bbox 1881 894 3461 965; baseline -0.003 -17"><span class='ocrx_word' id='word_1_153' title='bbox 1881 898 2072 964; x_wconf 88' lang='lat' dir='ltr'><strong>utique</strong></span> <span class='ocrx_word' id='word_1_154' title='bbox 2120 896 2323 950; x_wconf 79' lang='lat' dir='ltr'><strong>factum</strong></span> <span class='ocrx_word' id='word_1_155' title='bbox 2354 906 2459 961; x_wconf 88' lang='lat' dir='ltr'><strong>est,</strong></span> <span class='ocrx_word' id='word_1_156' title='bbox 2526 896 2606 950; x_wconf 90' lang='lat' dir='ltr'><strong>uti</strong></span> <span class='ocrx_word' id='word_1_157' title='bbox 2649 905 2803 965; x_wconf 90' lang='lat' dir='ltr'><strong>puto,</strong></span> <span class='ocrx_word' id='word_1_158' title='bbox 2853 900 3074 964; x_wconf 70' lang='lat' dir='ltr'><strong>promer</strong></span> <span class='ocrx_word' id='word_1_159' title='bbox 3123 894 3461 963; x_wconf 82' lang='lat' dir='ltr'><strong>religionem.</strong></span> 
     </span>
    </p>
   </div>
   <div class='ocr_carea' id='block_1_24' title="bbox 1887 989 3461 1058">
    <p class='ocr_par' dir='ltr' id='par_1_24' title="bbox 1887 989 3461 1058">
     <span class='ocr_line' id='line_1_24' title="bbox 1887 989 3461 1058; baseline -0.003 -15"><span class='ocrx_word' id='word_1_160' title='bbox 1887 989 1946 1043; x_wconf 77' lang='lat' dir='ltr'><strong>In</strong></span> <span class='ocrx_word' id='word_1_161' title='bbox 2005 990 2329 1058; x_wconf 88' lang='lat' dir='ltr'><strong>quibusdam</strong></span> <span class='ocrx_word' id='word_1_162' title='bbox 2387 1005 2515 1044; x_wconf 88' lang='lat' dir='ltr'><strong>vero</strong></span> <span class='ocrx_word' id='word_1_163' title='bbox 2579 991 2778 1043; x_wconf 77' lang='lat' dir='ltr'><strong>iterum</strong></span> <span class='ocrx_word' id='word_1_164' title='bbox 2847 990 3117 1058; x_wconf 88' lang='lat' dir='ltr'><strong>reperitur</strong></span> <span class='ocrx_word' id='word_1_165' title='bbox 3159 989 3461 1042; x_wconf 74' lang='lat' dir='ltr'><strong>concisum“.</strong></span> 
     </span>
    </p>
   </div>
   <div class='ocr_carea' id='block_1_25' title="bbox 1878 1078 3467 1149">
    <p class='ocr_par' dir='ltr' id='par_1_25' title="bbox 1878 1078 3467 1149">
     <span class='ocr_line' id='line_1_25' title="bbox 1878 1078 3467 1149; baseline 0 -16"><span class='ocrx_word' id='word_1_166' title='bbox 1878 1078 2124 1133; x_wconf 77' lang='lat' dir='ltr'><strong>Priorem</strong></span> <span class='ocrx_word' id='word_1_167' title='bbox 2161 1091 2345 1133; x_wconf 87' lang='lat' dir='ltr'><strong>autem</strong></span> <span class='ocrx_word' id='word_1_168' title='bbox 2396 1080 2679 1149; x_wconf 90' lang='lat' dir='ltr'><strong>periodum</strong></span> <span class='ocrx_word' id='word_1_169' title='bbox 2739 1078 3103 1134; x_wconf 25' lang='lat' dir='ltr'><strong>hic‘sanctus</strong></span> <span class='ocrx_word' id='word_1_170' title='bbox 3162 1080 3467 1147; x_wconf 75' lang='lat' dir='ltr'><strong>explicans;</strong></span> 
     </span>
    </p>
   </div>
   <div class='ocr_carea' id='block_1_26' title="bbox 1879 1166 3465 1238">
    <p class='ocr_par' dir='ltr' id='par_1_26' title="bbox 1879 1166 3465 1238">
     <span class='ocr_line' id='line_1_26' title="bbox 1879 1166 3465 1238; baseline 0.004 -18"><span class='ocrx_word' id='word_1_171' title='bbox 1879 1166 1978 1229; x_wconf 83' lang='lat' dir='ltr'><strong>ait,</strong></span> <span class='ocrx_word' id='word_1_172' title='bbox 2009 1179 2068 1221; x_wconf 89' lang='lat' dir='ltr'><strong>ut</strong></span> <span class='ocrx_word' id='word_1_173' title='bbox 2094 1169 2226 1222; x_wconf 79' lang='lat' dir='ltr'><strong>mihi</strong></span> <span class='ocrx_word' id='word_1_174' title='bbox 2254 1170 2490 1233; x_wconf 87' lang='lat' dir='ltr'><strong>videtur,</strong></span> <span class='ocrx_word' id='word_1_175' title='bbox 2539 1169 2698 1238; x_wconf 85' lang='lat' dir='ltr'><strong>quasi</strong></span> <span class='ocrx_word' id='word_1_176' title='bbox 2747 1168 2973 1225; x_wconf 83' lang='lat' dir='ltr'><strong>divinus</strong></span> <span class='ocrx_word' id='word_1_177' title='bbox 3013 1170 3305 1238; x_wconf 83' lang='lat' dir='ltr'><strong>Apostolus</strong></span> <span class='ocrx_word' id='word_1_178' title='bbox 3337 1170 3465 1227; x_wconf 85' lang='lat' dir='ltr'><strong>illud</strong></span> 
     </span>
    </p>
   </div>
   <div class='ocr_carea' id='block_1_27' title="bbox 1879 1261 3463 1332">
    <p class='ocr_par' dir='ltr' id='par_1_27' title="bbox 1879 1261 3463 1332">
     <span class='ocr_line' id='line_1_27' title="bbox 1879 1261 3463 1332; baseline 0 -16"><span class='ocrx_word' id='word_1_179' title='bbox 1879 1261 2211 1331; x_wconf 81' lang='lat' dir='ltr'><strong>intelligens,</strong></span> <span class='ocrx_word' id='word_1_180' title='bbox 2254 1263 2373 1316; x_wconf 80' lang='lat' dir='ltr'><strong>hth</strong></span> <span class='ocrx_word' id='word_1_181' title='bbox 2418 1263 2656 1327; x_wconf 78' lang='lat' dir='ltr'><strong>dixerit;</strong></span> <span class='ocrx_word' id='word_1_182' title='bbox 2695 1265 2955 1332; x_wconf 85' lang='lat' dir='ltr'><strong>quoniam</strong></span> <span class='ocrx_word' id='word_1_183' title='bbox 2997 1264 3241 1317; x_wconf 87' lang='lat' dir='ltr'><strong>omnium</strong></span> <span class='ocrx_word' id='word_1_184' title='bbox 3291 1278 3463 1317; x_wconf 85' lang='lat' dir='ltr'><strong>causa</strong></span> 
     </span>
    </p>
   </div>
   <div class='ocr_carea' id='block_1_28' title="bbox 1878 1354 3468 1425">
    <p class='ocr_par' dir='ltr' id='par_1_28' title="bbox 1878 1354 3468 1425">
     <span class='ocr_line' id='line_1_28' title="bbox 1878 1354 3468 1425; baseline 0.002 -19"><span class='ocrx_word' id='word_1_185' title='bbox 1878 1355 2066 1408; x_wconf 90' lang='lat' dir='ltr'><strong>multis</strong></span> <span class='ocrx_word' id='word_1_186' title='bbox 2085 1355 2250 1409; x_wconf 87' lang='lat' dir='ltr'><strong>etiam</strong></span> <span class='ocrx_word' id='word_1_187' title='bbox 2298 1354 2480 1410; x_wconf 86' lang='lat' dir='ltr'><strong>verbis</strong></span> <span class='ocrx_word' id='word_1_188' title='bbox 2520 1371 2658 1425; x_wconf 81' lang='lat' dir='ltr'><strong>Opus</strong></span> <span class='ocrx_word' id='word_1_189' title='bbox 2706 1355 2891 1419; x_wconf 85' lang='lat' dir='ltr'><strong>habet,</strong></span> <span class='ocrx_word' id='word_1_190' title='bbox 2930 1364 2984 1410; x_wconf 88' lang='lat' dir='ltr'><strong>et</strong></span> <span class='ocrx_word' id='word_1_191' title='bbox 3030 1355 3180 1409; x_wconf 83' lang='lat' dir='ltr'><strong>nullo</strong></span> <span class='ocrx_word' id='word_1_192' title='bbox 3216 1365 3270 1409; x_wconf 94' lang='lat' dir='ltr'><strong>et</strong></span> <span class='ocrx_word' id='word_1_193' title='bbox 3296 1354 3468 1409; x_wconf 69' lang='lat' dir='ltr'><strong>brevi</strong></span> 
     </span>
    </p>
   </div>
   <div class='ocr_carea' id='block_1_29' title="bbox 1877 1445 3467 1516">
    <p class='ocr_par' dir='ltr' id='par_1_29' title="bbox 1877 1445 3467 1516">
     <span class='ocr_line' id='line_1_29' title="bbox 1877 1445 3467 1516; baseline -0.001 -16"><span class='ocrx_word' id='word_1_194' title='bbox 1877 1447 2043 1500; x_wconf 87' lang='lat' dir='ltr'><strong>verbo</strong></span> <span class='ocrx_word' id='word_1_195' title='bbox 2071 1447 2300 1513; x_wconf 88' lang='lat' dir='ltr'><strong>dicitur;</strong></span> <span class='ocrx_word' id='word_1_196' title='bbox 2347 1458 2497 1501; x_wconf 86' lang='lat' dir='ltr'><strong>caret</strong></span> <span class='ocrx_word' id='word_1_197' title='bbox 2541 1448 2686 1501; x_wconf 90' lang='lat' dir='ltr'><strong>enim</strong></span> <span class='ocrx_word' id='word_1_198' title='bbox 2729 1448 2896 1500; x_wconf 89' lang='lat' dir='ltr'><strong>verbo</strong></span> <span class='ocrx_word' id='word_1_199' title='bbox 2940 1456 2989 1499; x_wconf 90' lang='lat' dir='ltr'><strong>et</strong></span> <span class='ocrx_word' id='word_1_200' title='bbox 3025 1456 3289 1516; x_wconf 90' lang='lat' dir='ltr'><strong>conceptu</strong></span> <span class='ocrx_word' id='word_1_201' title='bbox 3337 1445 3467 1515; x_wconf 60' lang='grc' dir='ltr'>ιιι-οὲ</span> 
     </span>
    </p>
   </div>
   <div class='ocr_carea' id='block_1_30' title="bbox 1876 1537 3467 1609">
    <p class='ocr_par' dir='ltr' id='par_1_30' title="bbox 1876 1537 3467 1609">
     <span class='ocr_line' id='line_1_30' title="bbox 1876 1537 3467 1609; baseline -0.001 -18"><span class='ocrx_word' id='word_1_202' title='bbox 1876 1539 2046 1608; x_wconf 87' lang='lat' dir='ltr'><strong>priam</strong></span> <span class='ocrx_word' id='word_1_203' title='bbox 2093 1538 2212 1606; x_wconf 84' lang='lat' dir='ltr'><strong>ejus</strong></span> <span class='ocrx_word' id='word_1_204' title='bbox 2258 1549 2514 1593; x_wconf 85' lang='lat' dir='ltr'><strong>naturam</strong></span> <span class='ocrx_word' id='word_1_205' title='bbox 2582 1538 2901 1608; x_wconf 65' lang='lat' dir='ltr'><strong>esplicante</strong></span> <span class='ocrx_word' id='word_1_206' title='bbox 2958 1537 3127 1609; x_wconf 79' lang='lat'><strong>555</strong></span> <span class='ocrx_word' id='word_1_207' title='bbox 3170 1538 3467 1607; x_wconf 84' lang='grc' dir='ltr'>πολύλογος</span> 
     </span>
    </p>
   </div>
   <div class='ocr_carea' id='block_1_31' title="bbox 1876 1624 3469 1699">
    <p class='ocr_par' dir='ltr' id='par_1_31' title="bbox 1876 1624 3469 1699">
     <span class='ocr_line' id='line_1_31' title="bbox 1876 1624 3469 1699; baseline -0.001 -14"><span class='ocrx_word' id='word_1_208' title='bbox 1876 1640 2055 1685; x_wconf 85' lang='lat' dir='ltr'><strong>autem</strong></span> <span class='ocrx_word' id='word_1_209' title='bbox 2104 1631 2368 1685; x_wconf 90' lang='lat' dir='ltr'><strong>scribitur</strong></span> <span class='ocrx_word' id='word_1_210' title='bbox 2420 1648 2544 1686; x_wconf 91' lang='lat' dir='ltr'><strong>cum</strong></span> <span class='ocrx_word' id='word_1_211' title='bbox 2610 1642 2842 1686; x_wconf 86' lang='lat' dir='ltr'><strong>accentu</strong></span> <span class='ocrx_word' id='word_1_212' title='bbox 2906 1633 2959 1686; x_wconf 92' lang='lat' dir='ltr'><strong>in</strong></span> <span class='ocrx_word' id='word_1_213' title='bbox 3006 1624 3469 1699; x_wconf 65' lang='lat' dir='ltr'><strong>autepenultima,</strong></span> 
     </span>
    </p>
   </div>
   <div class='ocr_carea' id='block_1_32' title="bbox 1877 1723 3469 1794">
    <p class='ocr_par' dir='ltr' id='par_1_32' title="bbox 1877 1723 3469 1794">
     <span class='ocr_line' id='line_1_32' title="bbox 1877 1723 3469 1794; baseline 0.002 -19"><span class='ocrx_word' id='word_1_214' title='bbox 1877 1739 2000 1776; x_wconf 86' lang='lat' dir='ltr'><strong>nam</strong></span> <span class='ocrx_word' id='word_1_215' title='bbox 2038 1723 2339 1794; x_wconf 87' lang='grc' dir='ltr'>πολυλόγος</span> <span class='ocrx_word' id='word_1_216' title='bbox 2401 1741 2525 1779; x_wconf 88' lang='lat' dir='ltr'><strong>cum</strong></span> <span class='ocrx_word' id='word_1_217' title='bbox 2588 1736 2820 1779; x_wconf 83' lang='lat' dir='ltr'><strong>accentu</strong></span> <span class='ocrx_word' id='word_1_218' title='bbox 2871 1726 2923 1777; x_wconf 87' lang='lat' dir='ltr'><strong>itt</strong></span> <span class='ocrx_word' id='word_1_219' title='bbox 2989 1725 3326 1793; x_wconf 86' lang='lat' dir='ltr'><strong>penultima,</strong></span> <span class='ocrx_word' id='word_1_220' title='bbox 3383 1732 3469 1778; x_wconf 80' lang='lat' dir='ltr'><strong>est</strong></span> 
     </span>
    </p>
   </div>
   <div class='ocr_carea' id='block_1_33' title="bbox 1764 1817 3466 1887">
    <p class='ocr_par' dir='ltr' id='par_1_33' title="bbox 1764 1817 3466 1887">
     <span class='ocr_line' id='line_1_33' title="bbox 1764 1817 3466 1887; baseline 0.001 -18"><span class='ocrx_word' id='word_1_221' title='bbox 1764 1834 1767 1835; x_wconf 65' lang='lat'><strong><em>&#39;</em></strong></span> <span class='ocrx_word' id='word_1_222' title='bbox 1873 1817 2040 1869; x_wconf 85' lang='lat' dir='ltr'><strong>multa</strong></span> <span class='ocrx_word' id='word_1_223' title='bbox 2095 1818 2299 1883; x_wconf 80' lang='lat' dir='ltr'><strong>dicens,</strong></span> <span class='ocrx_word' id='word_1_224' title='bbox 2353 1818 2647 1887; x_wconf 84' lang='grc' dir='ltr'>πολύλογος</span> <span class='ocrx_word' id='word_1_225' title='bbox 2679 1833 2808 1873; x_wconf 84' lang='lat' dir='ltr'><strong>vero</strong></span> <span class='ocrx_word' id='word_1_226' title='bbox 2865 1818 3046 1871; x_wconf 79' lang='lat' dir='ltr'><strong>multis</strong></span> <span class='ocrx_word' id='word_1_227' title='bbox 3104 1817 3270 1871; x_wconf 80' lang='lat' dir='ltr'><strong>verbis</strong></span> <span class='ocrx_word' id='word_1_228' title='bbox 3319 1818 3466 1870; x_wconf 51' lang='lat' dir='ltr'><strong>india</strong></span> 
     </span>
    </p>
   </div>
   <div class='ocr_carea' id='block_1_34' title="bbox 169 1901 1769 1980">
    <p class='ocr_par' dir='ltr' id='par_1_34' title="bbox 169 1901 1769 1974">
     <span class='ocr_line' id='line_1_34' title="bbox 169 1901 1769 1974; baseline 0.001 -20"><span class='ocrx_word' id='word_1_229' title='bbox 169 1911 346 1967; x_wconf 77' lang='lat' dir='ltr'><strong>9cm:</strong></span> <span class='ocrx_word' id='word_1_230' title='bbox 404 1901 551 1955; x_wconf 85' lang='lat' dir='ltr'><strong>sicut</strong></span> <span class='ocrx_word' id='word_1_231' title='bbox 595 1902 762 1956; x_wconf 85' lang='lat' dir='ltr'><strong>etiam</strong></span> <span class='ocrx_word' id='word_1_232' title='bbox 828 1903 1174 1974; x_wconf 86' lang='grc' dir='ltr'>πρωτότοκος</span> <span class='ocrx_word' id='word_1_233' title='bbox 1223 1913 1453 1958; x_wconf 85' lang='lat' dir='ltr'><strong>accentu</strong></span> <span class='ocrx_word' id='word_1_234' title='bbox 1505 1905 1557 1959; x_wconf 92' lang='lat' dir='ltr'><strong>in</strong></span> <span class='ocrx_word' id='word_1_235' title='bbox 1612 1915 1769 1973; x_wconf 72' lang='lat' dir='ltr'><strong>antop</strong></span> 
     </span>
    </p>
   </div>
   <div class='ocr_carea' id='block_1_35' title="bbox 1892 1901 3476 1980">
    <p class='ocr_par' dir='ltr' id='par_1_35' title="bbox 1892 1907 3476 1980">
     <span class='ocr_line' id='line_1_35' title="bbox 1892 1907 3476 1980; baseline 0.004 -22"><span class='ocrx_word' id='word_1_236' title='bbox 1892 1907 2063 1969; x_wconf 82' lang='lat' dir='ltr'><strong>ltima,</strong></span> <span class='ocrx_word' id='word_1_237' title='bbox 2112 1918 2196 1963; x_wconf 88' lang='lat' dir='ltr'><strong>est</strong></span> <span class='ocrx_word' id='word_1_238' title='bbox 2262 1909 2358 1979; x_wconf 87' lang='lat' dir='ltr'><strong>qui</strong></span> <span class='ocrx_word' id='word_1_239' title='bbox 2404 1910 2583 1979; x_wconf 90' lang='lat' dir='ltr'><strong>primo</strong></span> <span class='ocrx_word' id='word_1_240' title='bbox 2642 1909 2894 1980; x_wconf 87' lang='lat' dir='ltr'><strong>paritur,</strong></span> <span class='ocrx_word' id='word_1_241' title='bbox 2948 1909 3302 1980; x_wconf 84' lang='grc' dir='ltr'>πρωτοτόκος</span> <span class='ocrx_word' id='word_1_242' title='bbox 3339 1923 3476 1965; x_wconf 78' lang='lat' dir='ltr'><strong>vero</strong></span> 
     </span>
    </p>
   </div>
   <div class='ocr_carea' id='block_1_36' title="bbox 169 1992 2380 2064">
    <p class='ocr_par' dir='ltr' id='par_1_36' title="bbox 169 1992 2380 2064">
     <span class='ocr_line' id='line_1_36' title="bbox 169 1992 2380 2064; baseline 0.004 -17"><span class='ocrx_word' id='word_1_243' title='bbox 169 1992 228 2047; x_wconf 80' lang='lat' dir='ltr'><strong>in</strong></span> <span class='ocrx_word' id='word_1_244' title='bbox 274 1992 601 2062; x_wconf 88' lang='lat' dir='ltr'><strong>peuultima,</strong></span> <span class='ocrx_word' id='word_1_245' title='bbox 660 1993 855 2048; x_wconf 82' lang='lat' dir='ltr'><strong>mulier</strong></span> <span class='ocrx_word' id='word_1_246' title='bbox 895 2008 1016 2063; x_wconf 67' lang='lat' dir='ltr'><strong>qua:</strong></span> <span class='ocrx_word' id='word_1_247' title='bbox 1060 1996 1236 2064; x_wconf 90' lang='lat' dir='ltr'><strong>primo</strong></span> <span class='ocrx_word' id='word_1_248' title='bbox 1282 1995 1447 2063; x_wconf 82' lang='lat' dir='ltr'><strong>parit,</strong></span> <span class='ocrx_word' id='word_1_249' title='bbox 1500 1996 1575 2049; x_wconf 91' lang='lat' dir='ltr'><strong>uti</strong></span> <span class='ocrx_word' id='word_1_250' title='bbox 1610 1997 1775 2048; x_wconf 85' lang='lat' dir='ltr'><strong>etiam</strong></span> <span class='ocrx_word' id='word_1_251' title='bbox 1807 1994 2078 2052; x_wconf 78' lang='lat' dir='ltr'><strong>llmnerus</strong></span> <span class='ocrx_word' id='word_1_252' title='bbox 2099 1998 2380 2055; x_wconf 88' lang='lat' dir='ltr'><strong>declarat:</strong></span> 
     </span>
    </p>
   </div>
   <div class='ocr_carea' id='block_1_37' title="bbox 198 2108 1701 2179">
    <p class='ocr_par' dir='ltr' id='par_1_37' title="bbox 198 2108 1701 2179">
     <span class='ocr_line' id='line_1_37' title="bbox 198 2108 1701 2179; baseline 0.001 -18"><span class='ocrx_word' id='word_1_253' title='bbox 198 2118 204 2124; x_wconf 84' lang='lat'><strong>‘</strong></span> <span class='ocrx_word' id='word_1_254' title='bbox 240 2108 628 2177; x_wconf 83' lang='grc' dir='ltr'>Πρωτοτόκος</span> <span class='ocrx_word' id='word_1_255' title='bbox 668 2112 921 2179; x_wconf 80' lang='grc' dir='ltr'>Κινύρη,</span> <span class='ocrx_word' id='word_1_256' title='bbox 952 2111 1025 2164; x_wconf 90' lang='grc' dir='ltr'>οὐ</span> <span class='ocrx_word' id='word_1_257' title='bbox 1066 2110 1209 2178; x_wconf 74' lang='grc' dir='ltr'>πρὶν</span> <span class='ocrx_word' id='word_1_258' title='bbox 1249 2110 1446 2165; x_wconf 78' lang='grc' dir='ltr'>εὶδυῒιι</span> <span class='ocrx_word' id='word_1_259' title='bbox 1482 2111 1701 2164; x_wconf 87' lang='grc' dir='ltr'>τόκοιο.</span> 
     </span>
    </p>
   </div>
   <div class='ocr_carea' id='block_1_38' title="bbox 242 2200 1789 2278">
    <p class='ocr_par' dir='ltr' id='par_1_38' title="bbox 242 2200 1789 2278">
     <span class='ocr_line' id='line_1_38' title="bbox 242 2200 1789 2278; baseline -0.001 -18"><span class='ocrx_word' id='word_1_260' title='bbox 242 2205 435 2260; x_wconf 83' lang='grc' dir='ltr'>Εἰπὼν</span> <span class='ocrx_word' id='word_1_261' title='bbox 464 2200 580 2272; x_wconf 77' lang='grc' dir='ltr'>οὖν,</span> <span class='ocrx_word' id='word_1_262' title='bbox 615 2206 698 2259; x_wconf 86' lang='grc' dir='ltr'>ὅτι</span> <span class='ocrx_word' id='word_1_263' title='bbox 743 2204 869 2259; x_wconf 76' lang='grc' dir='ltr'>οὕτε</span> <span class='ocrx_word' id='word_1_264' title='bbox 903 2205 1059 2274; x_wconf 88' lang='grc' dir='ltr'>λόγον</span> <span class='ocrx_word' id='word_1_265' title='bbox 1093 2206 1205 2276; x_wconf 76' lang='grc' dir='ltr'>ἔχει</span> <span class='ocrx_word' id='word_1_266' title='bbox 1238 2204 1361 2258; x_wconf 76' lang='grc' dir='ltr'>οὔτε</span> <span class='ocrx_word' id='word_1_267' title='bbox 1395 2205 1598 2278; x_wconf 88' lang='grc' dir='ltr'>νόησιν,</span> <span class='ocrx_word' id='word_1_268' title='bbox 1629 2204 1789 2273; x_wconf 69' lang='grc' dir='ltr'>ἐητεξ-</span> 
     </span>
    </p>
   </div>
   <div class='ocr_carea' id='block_1_39' title="bbox 166 2293 1784 2371">
    <p class='ocr_par' dir='ltr' id='par_1_39' title="bbox 166 2293 1784 2371">
     <span class='ocr_line' id='line_1_39' title="bbox 166 2293 1784 2371; baseline 0 -20"><span class='ocrx_word' id='word_1_269' title='bbox 166 2298 480 2371; x_wconf 79' lang='grc' dir='ltr'>ηγούμενος</span> <span class='ocrx_word' id='word_1_270' title='bbox 536 2298 706 2368; x_wconf 88' lang='grc' dir='ltr'>λέγει,</span> <span class='ocrx_word' id='word_1_271' title='bbox 738 2299 799 2351; x_wconf 85' lang='grc' dir='ltr'><strong>ού</strong></span> <span class='ocrx_word' id='word_1_272' title='bbox 827 2298 917 2351; x_wconf 81' lang='grc' dir='ltr'>διὰ</span> <span class='ocrx_word' id='word_1_273' title='bbox 948 2299 1010 2351; x_wconf 89' lang='grc' dir='ltr'><strong>τὸ</strong></span> <span class='ocrx_word' id='word_1_274' title='bbox 1043 2297 1271 2369; x_wconf 85' lang='grc' dir='ltr'>μηδαμῆ</span> <span class='ocrx_word' id='word_1_275' title='bbox 1312 2296 1582 2369; x_wconf 80' lang='grc' dir='ltr'>μηδαμῶς</span> <span class='ocrx_word' id='word_1_276' title='bbox 1623 2293 1784 2362; x_wconf 78' lang='grc' dir='ltr'>εἶναι,</span> 
     </span>
    </p>
   </div>
   <div class='ocr_carea' id='block_1_40' title="bbox 170 2389 1786 2463">
    <p class='ocr_par' dir='ltr' id='par_1_40' title="bbox 170 2389 1786 2463">
     <span class='ocr_line' id='line_1_40' title="bbox 170 2389 1786 2463; baseline -0.002 -17"><span class='ocrx_word' id='word_1_277' title='bbox 170 2391 316 2446; x_wconf 80' lang='grc' dir='ltr'><strong>ἀλλά</strong></span> <span class='ocrx_word' id='word_1_278' title='bbox 348 2391 440 2445; x_wconf 82' lang='grc' dir='ltr'><strong>διὰ</strong></span> <span class='ocrx_word' id='word_1_279' title='bbox 482 2390 545 2444; x_wconf 77' lang='grc' dir='ltr'>τὸ</span> <span class='ocrx_word' id='word_1_280' title='bbox 581 2389 1064 2463; x_wconf 85' lang='grc' dir='ltr'>ὑπερεκτείνεσθαι</span> <span class='ocrx_word' id='word_1_281' title='bbox 1102 2389 1461 2462; x_wconf 82' lang='grc' dir='ltr'>ὑπερουσίως,</span> <span class='ocrx_word' id='word_1_282' title='bbox 1489 2390 1582 2441; x_wconf 76' lang='grc' dir='ltr'>καὶ</span> <span class='ocrx_word' id='word_1_283' title='bbox 1608 2389 1786 2459; x_wconf 85' lang='grc' dir='ltr'>μόνοις</span> 
     </span>
    </p>
   </div>
   <div class='ocr_carea' id='block_1_41' title="bbox 168 2481 1788 2554">
    <p class='ocr_par' dir='ltr' id='par_1_41' title="bbox 168 2481 1788 2554">
     <span class='ocr_line' id='line_1_41' title="bbox 168 2481 1788 2554; baseline -0.002 -16"><span class='ocrx_word' id='word_1_284' title='bbox 168 2484 535 2554; x_wconf 82' lang='grc' dir='ltr'>ἐκφαίνεσθαι</span> <span class='ocrx_word' id='word_1_285' title='bbox 564 2488 678 2548; x_wconf 84' lang='grc' dir='ltr'>τοῖς</span> <span class='ocrx_word' id='word_1_286' title='bbox 709 2484 1078 2537; x_wconf 86' lang='grc' dir='ltr'>διαϐαίνουσιν</span> <span class='ocrx_word' id='word_1_287' title='bbox 1112 2483 1308 2553; x_wconf 78' lang='grc' dir='ltr'>ἐπίσης</span> <span class='ocrx_word' id='word_1_288' title='bbox 1340 2483 1434 2535; x_wconf 75' lang='grc' dir='ltr'><strong>καὶ</strong></span> <span class='ocrx_word' id='word_1_289' title='bbox 1463 2481 1532 2536; x_wconf 82' lang='grc' dir='ltr'><strong>τά</strong></span> <span class='ocrx_word' id='word_1_290' title='bbox 1568 2482 1788 2553; x_wconf 88' lang='grc' dir='ltr'>μυσαρά</span> 
     </span>
    </p>
   </div>
   <div class='ocr_carea' id='block_1_42' title="bbox 168 2575 1785 2649">
    <p class='ocr_par' dir='ltr' id='par_1_42' title="bbox 168 2575 1785 2649">
     <span class='ocr_line' id='line_1_42' title="bbox 168 2575 1785 2649; baseline -0.002 -19"><span class='ocrx_word' id='word_1_291' title='bbox 168 2576 358 2631; x_wconf 77' lang='grc' dir='ltr'>καὶτὰ</span> <span class='ocrx_word' id='word_1_292' title='bbox 378 2576 620 2649; x_wconf 70' lang='grc' dir='ltr'>καθαρὰ,</span> <span class='ocrx_word' id='word_1_293' title='bbox 636 2578 730 2630; x_wconf 78' lang='grc' dir='ltr'><strong>καὶ</strong></span> <span class='ocrx_word' id='word_1_294' title='bbox 752 2578 856 2630; x_wconf 83' lang='grc' dir='ltr'><strong>ύπε</strong></span> <span class='ocrx_word' id='word_1_295' title='bbox 866 2576 1141 2649; x_wconf 87' lang='grc' dir='ltr'>ρϐαίνουσι</span> <span class='ocrx_word' id='word_1_296' title='bbox 1169 2578 1350 2629; x_wconf 76' lang='grc' dir='ltr'>πᾶσαν</span> <span class='ocrx_word' id='word_1_297' title='bbox 1368 2575 1668 2647; x_wconf 81' lang='grc' dir='ltr'>ἀκρότητα,</span> <span class='ocrx_word' id='word_1_298' title='bbox 1687 2575 1785 2627; x_wconf 73' lang='grc' dir='ltr'><strong>καὶ</strong></span> 
     </span>
    </p>
   </div>
   <div class='ocr_carea' id='block_1_43' title="bbox 166 2667 1782 2741">
    <p class='ocr_par' dir='ltr' id='par_1_43' title="bbox 166 2667 1782 2741">
     <span class='ocr_line' id='line_1_43' title="bbox 166 2667 1782 2741; baseline -0.002 -17"><span class='ocrx_word' id='word_1_299' title='bbox 166 2669 615 2741; x_wconf 80' lang='grc' dir='ltr'>ἀπολιμπάνουσι</span> <span class='ocrx_word' id='word_1_300' title='bbox 649 2671 743 2723; x_wconf 79' lang='grc' dir='ltr'><strong>καὶ</strong></span> <span class='ocrx_word' id='word_1_301' title='bbox 771 2670 950 2723; x_wconf 89' lang='grc' dir='ltr'>πάντα</span> <span class='ocrx_word' id='word_1_302' title='bbox 973 2668 1148 2737; x_wconf 70' lang='grc' dir='ltr'>φῶτα,</span> <span class='ocrx_word' id='word_1_303' title='bbox 1168 2667 1411 2739; x_wconf 88' lang='grc' dir='ltr'>δηλονότι</span> <span class='ocrx_word' id='word_1_304' title='bbox 1440 2668 1620 2721; x_wconf 77' lang='grc' dir='ltr'>πᾶσαν</span> <span class='ocrx_word' id='word_1_305' title='bbox 1646 2667 1782 2736; x_wconf 84' lang='grc' dir='ltr'>γνῶ-</span> 
     </span>
    </p>
   </div>
   <div class='ocr_carea' id='block_1_44' title="bbox 170 2759 1785 2832">
    <p class='ocr_par' dir='ltr' id='par_1_44' title="bbox 170 2759 1785 2832">
     <span class='ocr_line' id='line_1_44' title="bbox 170 2759 1785 2832; baseline -0.002 -17"><span class='ocrx_word' id='word_1_306' title='bbox 170 2778 281 2825; x_wconf 86' lang='grc' dir='ltr'>σιν,</span> <span class='ocrx_word' id='word_1_307' title='bbox 309 2763 406 2816; x_wconf 74' lang='grc' dir='ltr'><strong>καὶ</strong></span> <span class='ocrx_word' id='word_1_308' title='bbox 440 2762 651 2825; x_wconf 80' lang='grc' dir='ltr'>πάντας</span> <span class='ocrx_word' id='word_1_309' title='bbox 684 2762 851 2832; x_wconf 73' lang='grc' dir='ltr'>ἤχους</span> <span class='ocrx_word' id='word_1_310' title='bbox 882 2761 977 2813; x_wconf 78' lang='grc' dir='ltr'><strong>καὶ</strong></span> <span class='ocrx_word' id='word_1_311' title='bbox 1013 2760 1229 2829; x_wconf 78' lang='grc' dir='ltr'>λόγους,</span> <span class='ocrx_word' id='word_1_312' title='bbox 1262 2759 1502 2831; x_wconf 85' lang='grc' dir='ltr'>δηλονότι</span> <span class='ocrx_word' id='word_1_313' title='bbox 1535 2764 1603 2812; x_wconf 83' lang='grc' dir='ltr'><strong>τα</strong></span> <span class='ocrx_word' id='word_1_314' title='bbox 1649 2759 1785 2831; x_wconf 72' lang='grc' dir='ltr'>περὶ</span> 
     </span>
    </p>
   </div>
   <div class='ocr_carea' id='block_1_45' title="bbox 168 2850 1780 2924">
    <p class='ocr_par' dir='ltr' id='par_1_45' title="bbox 168 2850 1780 2924">
     <span class='ocr_line' id='line_1_45' title="bbox 168 2850 1780 2924; baseline -0.001 -19"><span class='ocrx_word' id='word_1_315' title='bbox 168 2852 311 2907; x_wconf 80' lang='grc' dir='ltr'>Θεοῦ</span> <span class='ocrx_word' id='word_1_316' title='bbox 347 2854 406 2907; x_wconf 89' lang='grc' dir='ltr'><strong>ἐν</strong></span> <span class='ocrx_word' id='word_1_317' title='bbox 448 2856 572 2917; x_wconf 81' lang='grc' dir='ltr'>ταῖς</span> <span class='ocrx_word' id='word_1_318' title='bbox 605 2853 849 2924; x_wconf 85' lang='grc' dir='ltr'>Γραφαῖς</span> <span class='ocrx_word' id='word_1_319' title='bbox 881 2852 1167 2922; x_wconf 74' lang='grc' dir='ltr'>εἰρημένα.</span> <span class='ocrx_word' id='word_1_320' title='bbox 1204 2852 1503 2924; x_wconf 84' lang='grc' dir='ltr'>Ούρανίους</span> <span class='ocrx_word' id='word_1_321' title='bbox 1544 2851 1601 2904; x_wconf 84' lang='grc' dir='ltr'>δὲ</span> <span class='ocrx_word' id='word_1_322' title='bbox 1632 2850 1780 2919; x_wconf 89' lang='grc' dir='ltr'>λέγει</span> 
     </span>
    </p>
   </div>
   <div class='ocr_carea' id='block_1_46' title="bbox 167 2942 1789 3015">
    <p class='ocr_par' dir='ltr' id='par_1_46' title="bbox 167 2942 1789 3015">
     <span class='ocr_line' id='line_1_46' title="bbox 167 2942 1789 3015; baseline -0.001 -19"><span class='ocrx_word' id='word_1_323' title='bbox 167 2944 399 3007; x_wconf 80' lang='grc' dir='ltr'>τούτους</span> <span class='ocrx_word' id='word_1_324' title='bbox 421 2943 496 3007; x_wconf 85' lang='grc' dir='ltr'>ὡς</span> <span class='ocrx_word' id='word_1_325' title='bbox 520 2942 595 3015; x_wconf 85' lang='grc' dir='ltr'><strong>μὴ</strong></span> <span class='ocrx_word' id='word_1_326' title='bbox 620 2943 763 2996; x_wconf 88' lang='grc' dir='ltr'><strong>κατά</strong></span> <span class='ocrx_word' id='word_1_327' title='bbox 817 2942 918 3015; x_wconf 84' lang='grc' dir='ltr'>τὴν</span> <span class='ocrx_word' id='word_1_328' title='bbox 951 2943 1298 3015; x_wconf 83' lang='grc' dir='ltr'>ἀνθρωπίνην</span> <span class='ocrx_word' id='word_1_329' title='bbox 1332 2945 1426 2996; x_wconf 81' lang='grc' dir='ltr'><strong>καὶ</strong></span> <span class='ocrx_word' id='word_1_330' title='bbox 1447 2944 1645 3015; x_wconf 83' lang='grc' dir='ltr'>γηῖνην</span> <span class='ocrx_word' id='word_1_331' title='bbox 1676 2943 1789 2996; x_wconf 84' lang='grc' dir='ltr'>ἐπί-</span> 
     </span>
    </p>
   </div>
   <div class='ocr_carea' id='block_1_47' title="bbox 170 3034 1787 3106">
    <p class='ocr_par' dir='ltr' id='par_1_47' title="bbox 170 3034 1787 3106">
     <span class='ocr_line' id='line_1_47' title="bbox 170 3034 1787 3106; baseline 0 -17"><span class='ocrx_word' id='word_1_332' title='bbox 170 3052 350 3100; x_wconf 83' lang='grc' dir='ltr'>νοιαν,</span> <span class='ocrx_word' id='word_1_333' title='bbox 387 3035 524 3090; x_wconf 89' lang='grc' dir='ltr'><strong>άλλά</strong></span> <span class='ocrx_word' id='word_1_334' title='bbox 556 3034 700 3089; x_wconf 81' lang='grc' dir='ltr'>κατὰ</span> <span class='ocrx_word' id='word_1_335' title='bbox 733 3035 884 3089; x_wconf 87' lang='grc' dir='ltr'>θείαν</span> <span class='ocrx_word' id='word_1_336' title='bbox 918 3036 1205 3089; x_wconf 75' lang='grc' dir='ltr'>ἐπίπνοιαν</span> <span class='ocrx_word' id='word_1_337' title='bbox 1239 3036 1332 3089; x_wconf 72' lang='grc' dir='ltr'><strong>καὶ</strong></span> <span class='ocrx_word' id='word_1_338' title='bbox 1362 3035 1671 3106; x_wconf 77' lang='grc' dir='ltr'>λεχθέντας,</span> <span class='ocrx_word' id='word_1_339' title='bbox 1692 3036 1787 3089; x_wconf 73' lang='grc' dir='ltr'><strong>καὶ</strong></span> 
     </span>
    </p>
   </div>
   <div class='ocr_carea' id='block_1_48' title="bbox 176 3128 1787 3201">
    <p class='ocr_par' dir='ltr' id='par_1_48' title="bbox 176 3128 1787 3201">
     <span class='ocr_line' id='line_1_48' title="bbox 176 3128 1787 3201; baseline -0.002 -16"><span class='ocrx_word' id='word_1_340' title='bbox 176 3128 616 3201; x_wconf 84' lang='grc' dir='ltr'>παραδοθέντας,</span> <span class='ocrx_word' id='word_1_341' title='bbox 654 3129 749 3182; x_wconf 80' lang='grc' dir='ltr'>καὶ</span> <span class='ocrx_word' id='word_1_342' title='bbox 801 3128 1183 3199; x_wconf 80' lang='grc' dir='ltr'>εἰσδυομένους</span> <span class='ocrx_word' id='word_1_343' title='bbox 1234 3130 1313 3191; x_wconf 84' lang='grc' dir='ltr'><strong>είς</strong></span> <span class='ocrx_word' id='word_1_344' title='bbox 1355 3128 1448 3181; x_wconf 83' lang='grc' dir='ltr'><strong>τὸν</strong></span> <span class='ocrx_word' id='word_1_345' title='bbox 1495 3128 1637 3180; x_wconf 85' lang='grc' dir='ltr'>θεῖον</span> <span class='ocrx_word' id='word_1_346' title='bbox 1686 3128 1787 3198; x_wconf 86' lang='grc' dir='ltr'><strong>τῆς</strong></span> 
     </span>
    </p>
   </div>
   <div class='ocr_carea' id='block_1_49' title="bbox 170 3214 1786 3291">
    <p class='ocr_par' dir='ltr' id='par_1_49' title="bbox 170 3214 1786 3291">
     <span class='ocr_line' id='line_1_49' title="bbox 170 3214 1786 3291; baseline -0.004 -15"><span class='ocrx_word' id='word_1_347' title='bbox 170 3221 452 3291; x_wconf 78' lang='grc' dir='ltr'>ἀγνωσίας</span> <span class='ocrx_word' id='word_1_348' title='bbox 492 3221 716 3290; x_wconf 85' lang='grc' dir='ltr'>γνόφον,</span> <span class='ocrx_word' id='word_1_349' title='bbox 755 3214 817 3275; x_wconf 74' lang='grc' dir='ltr'>οὗ</span> <span class='ocrx_word' id='word_1_350' title='bbox 854 3222 1000 3273; x_wconf 90' lang='grc' dir='ltr'>ἐστιν</span> <span class='ocrx_word' id='word_1_351' title='bbox 1022 3222 1050 3273; x_wconf 92' lang='lat'><strong>6</strong></span> <span class='ocrx_word' id='word_1_352' title='bbox 1083 3219 1305 3273; x_wconf 73' lang='grc' dir='ltr'>πάντων</span> <span class='ocrx_word' id='word_1_353' title='bbox 1336 3219 1610 3273; x_wconf 80' lang='grc' dir='ltr'>ἐπέκεινα.</span> <span class='ocrx_word' id='word_1_354' title='bbox 1646 3220 1786 3288; x_wconf 84' lang='grc' dir='ltr'>Ὅρα</span> 
     </span>
    </p>
   </div>
   <div class='ocr_carea' id='block_1_50' title="bbox 172 3308 1787 3379">
    <p class='ocr_par' dir='ltr' id='par_1_50' title="bbox 172 3308 1787 3379">
     <span class='ocr_line' id='line_1_50' title="bbox 172 3308 1787 3379; baseline -0.004 -12"><span class='ocrx_word' id='word_1_355' title='bbox 172 3313 252 3377; x_wconf 79' lang='grc' dir='ltr'><strong>δὲ,</strong></span> <span class='ocrx_word' id='word_1_356' title='bbox 290 3312 410 3377; x_wconf 85' lang='grc' dir='ltr'><strong>πῶς</strong></span> <span class='ocrx_word' id='word_1_357' title='bbox 455 3309 577 3365; x_wconf 83' lang='grc' dir='ltr'>εῐπε</span> <span class='ocrx_word' id='word_1_358' title='bbox 597 3329 610 3344; x_wconf 91' lang='grc'><strong>·</strong></span> <span class='ocrx_word' id='word_1_359' title='bbox 658 3314 772 3375; x_wconf 84' lang='grc' dir='ltr'>τοῖς</span> <span class='ocrx_word' id='word_1_360' title='bbox 811 3310 1149 3367; x_wconf 86' lang='grc' dir='ltr'>διαϐαίνουσι</span> <span class='ocrx_word' id='word_1_361' title='bbox 1175 3310 1271 3363; x_wconf 82' lang='grc' dir='ltr'><strong>καὶ</strong></span> <span class='ocrx_word' id='word_1_362' title='bbox 1300 3308 1369 3361; x_wconf 84' lang='grc' dir='ltr'>τὰ</span> <span class='ocrx_word' id='word_1_363' title='bbox 1398 3308 1566 3379; x_wconf 84' lang='grc' dir='ltr'>ἐναγῆ</span> <span class='ocrx_word' id='word_1_364' title='bbox 1591 3309 1686 3362; x_wconf 73' lang='grc' dir='ltr'>καὶ</span> <span class='ocrx_word' id='word_1_365' title='bbox 1717 3308 1787 3361; x_wconf 78' lang='grc' dir='ltr'>τὰ</span> 
     </span>
    </p>
   </div>
   <div class='ocr_carea' id='block_1_51' title="bbox 172 3400 1858 3502">
    <p class='ocr_par' dir='ltr' id='par_1_51' title="bbox 172 3400 1858 3502">
     <span class='ocr_line' id='line_1_51' title="bbox 172 3400 1858 3502; baseline -0.003 -44"><span class='ocrx_word' id='word_1_366' title='bbox 172 3403 425 3476; x_wconf 80' lang='grc' dir='ltr'>καθαρὰ,</span> <span class='ocrx_word' id='word_1_367' title='bbox 458 3405 541 3458; x_wconf 80' lang='grc' dir='ltr'><strong>ὅτι</strong></span> <span class='ocrx_word' id='word_1_368' title='bbox 581 3405 678 3457; x_wconf 70' lang='grc' dir='ltr'><strong>καὶ</strong></span> <span class='ocrx_word' id='word_1_369' title='bbox 717 3402 789 3456; x_wconf 86' lang='grc' dir='ltr'>τὰ</span> <span class='ocrx_word' id='word_1_370' title='bbox 826 3402 1070 3473; x_wconf 81' lang='grc' dir='ltr'>ἡμέτερα</span> <span class='ocrx_word' id='word_1_371' title='bbox 1098 3401 1317 3474; x_wconf 87' lang='grc' dir='ltr'>καθαρά</span> <span class='ocrx_word' id='word_1_372' title='bbox 1346 3403 1484 3472; x_wconf 83' lang='grc' dir='ltr'>πρὸς</span> <span class='ocrx_word' id='word_1_373' title='bbox 1507 3400 1606 3472; x_wconf 84' lang='grc' dir='ltr'>τὴν</span> <span class='ocrx_word' id='word_1_374' title='bbox 1632 3400 1784 3454; x_wconf 89' lang='grc' dir='ltr'>θείαν</span> <span class='ocrx_word' id='word_1_375' title='bbox 1815 3444 1858 3502; x_wconf 78' lang='lat' dir='ltr'>c</span> 
     </span>
    </p>
   </div>
   <div class='ocr_carea' id='block_1_52' title="bbox 172 3494 1789 3570">
    <p class='ocr_par' dir='ltr' id='par_1_52' title="bbox 172 3494 1789 3570">
     <span class='ocr_line' id='line_1_52' title="bbox 172 3494 1789 3570; baseline 0.001 -20"><span class='ocrx_word' id='word_1_376' title='bbox 172 3498 398 3569; x_wconf 85' lang='grc' dir='ltr'>ἐκείνην</span> <span class='ocrx_word' id='word_1_377' title='bbox 435 3497 905 3570; x_wconf 87' lang='grc' dir='ltr'>παραϐαλλόμενα</span> <span class='ocrx_word' id='word_1_378' title='bbox 935 3496 1285 3569; x_wconf 78' lang='grc' dir='ltr'>καθαρότητα</span> <span class='ocrx_word' id='word_1_379' title='bbox 1304 3538 1318 3560; x_wconf 91' lang='grc'><strong>,</strong></span> <span class='ocrx_word' id='word_1_380' title='bbox 1346 3498 1512 3568; x_wconf 83' lang='grc' dir='ltr'>ἐναγῆ</span> <span class='ocrx_word' id='word_1_381' title='bbox 1547 3494 1789 3566; x_wconf 79' lang='grc' dir='ltr'>λογίζον-</span> 
     </span>
    </p>
   </div>
   <div class='ocr_carea' id='block_1_53' title="bbox 178 3584 1791 3658">
    <p class='ocr_par' dir='ltr' id='par_1_53' title="bbox 178 3584 1791 3658">
     <span class='ocr_line' id='line_1_53' title="bbox 178 3584 1791 3658; baseline -0.002 -16"><span class='ocrx_word' id='word_1_382' title='bbox 178 3605 298 3654; x_wconf 86' lang='grc' dir='ltr'>ται,</span> <span class='ocrx_word' id='word_1_383' title='bbox 342 3589 486 3643; x_wconf 87' lang='grc' dir='ltr'><strong>κατά</strong></span> <span class='ocrx_word' id='word_1_384' title='bbox 518 3589 583 3642; x_wconf 85' lang='grc' dir='ltr'><strong>τὸ</strong></span> <span class='ocrx_word' id='word_1_385' title='bbox 629 3585 953 3658; x_wconf 82' lang='grc' dir='ltr'>εἰρημένον·</span> <span class='ocrx_word' id='word_1_386' title='bbox 978 3586 1153 3641; x_wconf 84' lang='grc' dir='ltr'>Πᾶσα</span> <span class='ocrx_word' id='word_1_387' title='bbox 1190 3586 1541 3655; x_wconf 75' lang='grc' dir='ltr'>δικαιοσύνη</span> <span class='ocrx_word' id='word_1_388' title='bbox 1569 3584 1791 3653; x_wconf 80' lang='grc' dir='ltr'>ἀνθρώ-</span> 
     </span>
    </p>
   </div>
   <div class='ocr_carea' id='block_1_54' title="bbox 170 3679 1793 3752">
    <p class='ocr_par' dir='ltr' id='par_1_54' title="bbox 170 3679 1793 3752">
     <span class='ocr_line' id='line_1_54' title="bbox 170 3679 1793 3752; baseline -0.003 -15"><span class='ocrx_word' id='word_1_389' title='bbox 170 3698 329 3747; x_wconf 76' lang='grc' dir='ltr'>που,</span> <span class='ocrx_word' id='word_1_390' title='bbox 383 3683 465 3749; x_wconf 85' lang='grc' dir='ltr'><strong>ὡς</strong></span> <span class='ocrx_word' id='word_1_391' title='bbox 522 3681 713 3751; x_wconf 79' lang='grc' dir='ltr'>ῥάκος</span> <span class='ocrx_word' id='word_1_392' title='bbox 751 3679 1239 3750; x_wconf 80' lang='grc' dir='ltr'>ἀποκαθημένης,</span> <span class='ocrx_word' id='word_1_393' title='bbox 1286 3682 1354 3752; x_wconf 81' lang='grc' dir='ltr'>τῇ</span> <span class='ocrx_word' id='word_1_394' title='bbox 1398 3679 1518 3751; x_wconf 85' lang='grc' dir='ltr'>θείᾳ</span> <span class='ocrx_word' id='word_1_395' title='bbox 1574 3680 1793 3744; x_wconf 86' lang='grc' dir='ltr'>πάντως</span> 
     </span>
    </p>
   </div>
   <div class='ocr_carea' id='block_1_55' title="bbox 170 3767 1789 3846">
    <p class='ocr_par' dir='ltr' id='par_1_55' title="bbox 170 3767 1789 3846">
     <span class='ocr_line' id='line_1_55' title="bbox 170 3767 1789 3846; baseline -0.001 -17"><span class='ocrx_word' id='word_1_396' title='bbox 170 3774 495 3846; x_wconf 80' lang='grc' dir='ltr'>δικαιοσύνῃ</span> <span class='ocrx_word' id='word_1_397' title='bbox 545 3771 1044 3845; x_wconf 84' lang='grc' dir='ltr'>παραϐαλλομένη,</span> <span class='ocrx_word' id='word_1_398' title='bbox 1075 3767 1143 3843; x_wconf 80' lang='grc' dir='ltr'>ἧς</span> <span class='ocrx_word' id='word_1_399' title='bbox 1194 3772 1295 3825; x_wconf 83' lang='grc' dir='ltr'><strong>οὐκ</strong></span> <span class='ocrx_word' id='word_1_400' title='bbox 1340 3771 1489 3825; x_wconf 78' lang='grc' dir='ltr'>ἐστιν</span> <span class='ocrx_word' id='word_1_401' title='bbox 1537 3770 1789 3842; x_wconf 86' lang='grc' dir='ltr'>ἀριθμός.</span> 
     </span>
    </p>
   </div>
   <div class='ocr_carea' id='block_1_56' title="bbox 175 3862 1795 3939">
    <p class='ocr_par' dir='ltr' id='par_1_56' title="bbox 175 3862 1795 3939">
     <span class='ocr_line' id='line_1_56' title="bbox 175 3862 1795 3939; baseline -0.004 -16"><span class='ocrx_word' id='word_1_402' title='bbox 175 3872 328 3939; x_wconf 71' lang='grc' dir='ltr'>”ορα</span> <span class='ocrx_word' id='word_1_403' title='bbox 375 3867 435 3920; x_wconf 88' lang='grc' dir='ltr'>δὲ</span> <span class='ocrx_word' id='word_1_404' title='bbox 485 3868 580 3920; x_wconf 83' lang='grc' dir='ltr'><strong>καὶ</strong></span> <span class='ocrx_word' id='word_1_405' title='bbox 610 3867 691 3930; x_wconf 80' lang='grc' dir='ltr'>τὸ,</span> <span class='ocrx_word' id='word_1_406' title='bbox 724 3867 912 3919; x_wconf 83' lang='grc' dir='ltr'>Πᾶσαν</span> <span class='ocrx_word' id='word_1_407' title='bbox 939 3864 1218 3935; x_wconf 78' lang='grc' dir='ltr'>ἀκρότητα</span> <span class='ocrx_word' id='word_1_408' title='bbox 1253 3862 1559 3935; x_wconf 84' lang='grc' dir='ltr'>ὑπερϐῆναι</span> <span class='ocrx_word' id='word_1_409' title='bbox 1590 3865 1685 3917; x_wconf 74' lang='grc' dir='ltr'><strong>καὶ</strong></span> <span class='ocrx_word' id='word_1_410' title='bbox 1717 3866 1795 3918; x_wconf 83' lang='grc' dir='ltr'><strong>αἰ·</strong></span> 
     </span>
    </p>
   </div>
   <div class='ocr_carea' id='block_1_57' title="bbox 174 3957 1787 4033">
    <p class='ocr_par' dir='ltr' id='par_1_57' title="bbox 174 3957 1787 4033">
     <span class='ocr_line' id='line_1_57' title="bbox 174 3957 1787 4033; baseline -0.002 -17"><span class='ocrx_word' id='word_1_411' title='bbox 174 3960 395 4033; x_wconf 85' lang='grc' dir='ltr'>σθητῶν</span> <span class='ocrx_word' id='word_1_412' title='bbox 428 3961 523 4014; x_wconf 73' lang='grc' dir='ltr'>καὶ</span> <span class='ocrx_word' id='word_1_413' title='bbox 569 3958 777 4031; x_wconf 83' lang='grc' dir='ltr'>νοητῶν</span> <span class='ocrx_word' id='word_1_414' title='bbox 811 3958 886 4030; x_wconf 85' lang='grc' dir='ltr'>μὴ</span> <span class='ocrx_word' id='word_1_415' title='bbox 922 3958 1083 4029; x_wconf 87' lang='grc' dir='ltr'>μόνον</span> <span class='ocrx_word' id='word_1_416' title='bbox 1131 3957 1331 4012; x_wconf 75' lang='grc' dir='ltr'>ὡσανεὶ</span> <span class='ocrx_word' id='word_1_417' title='bbox 1376 3957 1518 4013; x_wconf 76' lang='grc' dir='ltr'>αὐτὰ</span> <span class='ocrx_word' id='word_1_418' title='bbox 1552 3957 1622 4013; x_wconf 84' lang='grc' dir='ltr'><strong>τά</strong></span> <span class='ocrx_word' id='word_1_419' title='bbox 1652 3960 1787 4030; x_wconf 90' lang='grc' dir='ltr'>πρά-</span> 
     </span>
    </p>
   </div>
   <div class='ocr_carea' id='block_1_58' title="bbox 171 4050 1790 4125">
    <p class='ocr_par' dir='ltr' id='par_1_58' title="bbox 171 4050 1790 4125">
     <span class='ocr_line' id='line_1_58' title="bbox 171 4050 1790 4125; baseline -0.001 -18"><span class='ocrx_word' id='word_1_420' title='bbox 171 4071 390 4125; x_wconf 85' lang='grc' dir='ltr'>γματα,</span> <span class='ocrx_word' id='word_1_421' title='bbox 421 4051 561 4106; x_wconf 89' lang='grc' dir='ltr'><strong>ἀλλά</strong></span> <span class='ocrx_word' id='word_1_422' title='bbox 600 4056 696 4106; x_wconf 77' lang='grc' dir='ltr'><strong>καὶ</strong></span> <span class='ocrx_word' id='word_1_423' title='bbox 726 4051 826 4124; x_wconf 81' lang='grc' dir='ltr'><strong>τὴν</strong></span> <span class='ocrx_word' id='word_1_424' title='bbox 856 4051 1062 4105; x_wconf 88' lang='grc' dir='ltr'>τούτων</span> <span class='ocrx_word' id='word_1_425' title='bbox 1108 4050 1407 4121; x_wconf 84' lang='grc' dir='ltr'>ἀκρότητα.</span> <span class='ocrx_word' id='word_1_426' title='bbox 1456 4051 1790 4123; x_wconf 83' lang='grc' dir='ltr'>Ἀκρότητας</span> 
     </span>
    </p>
   </div>
   <div class='ocr_carea' id='block_1_59' title="bbox 172 4141 1783 4215">
    <p class='ocr_par' dir='ltr' id='par_1_59' title="bbox 172 4141 1783 4215">
     <span class='ocr_line' id='line_1_59' title="bbox 172 4141 1783 4215; baseline -0.001 -18"><span class='ocrx_word' id='word_1_427' title='bbox 172 4143 292 4215; x_wconf 66' lang='grc' dir='ltr'><strong>γάρ</strong></span> <span class='ocrx_word' id='word_1_428' title='bbox 325 4143 553 4198; x_wconf 78' lang='grc' dir='ltr'>ἐκάλουν</span> <span class='ocrx_word' id='word_1_429' title='bbox 587 4144 637 4195; x_wconf 80' lang='grc' dir='ltr'><strong>οἱ</strong></span> <span class='ocrx_word' id='word_1_430' title='bbox 662 4142 882 4195; x_wconf 74' lang='grc' dir='ltr'>παλαιοὶ</span> <span class='ocrx_word' id='word_1_431' title='bbox 910 4142 1149 4212; x_wconf 78' lang='grc' dir='ltr'>ἑκάστης</span> <span class='ocrx_word' id='word_1_432' title='bbox 1172 4142 1362 4205; x_wconf 78' lang='grc' dir='ltr'>οὐσίας</span> <span class='ocrx_word' id='word_1_433' title='bbox 1382 4141 1443 4195; x_wconf 88' lang='grc' dir='ltr'><strong>τὸ</strong></span> <span class='ocrx_word' id='word_1_434' title='bbox 1465 4141 1783 4214; x_wconf 82' lang='grc' dir='ltr'>καθαρώτα-</span> 
     </span>
    </p>
   </div>
   <div class='ocr_carea' id='block_1_60' title="bbox 169 4229 1785 4306">
    <p class='ocr_par' dir='ltr' id='par_1_60' title="bbox 169 4229 1785 4306">
     <span class='ocr_line' id='line_1_60' title="bbox 169 4229 1785 4306; baseline -0.004 -15"><span class='ocrx_word' id='word_1_435' title='bbox 169 4254 294 4302; x_wconf 90' lang='grc' dir='ltr'>τον,</span> <span class='ocrx_word' id='word_1_436' title='bbox 322 4234 383 4300; x_wconf 77' lang='grc' dir='ltr'><strong>ἐξ</strong></span> <span class='ocrx_word' id='word_1_437' title='bbox 414 4229 475 4289; x_wconf 75' lang='grc' dir='ltr'><strong>οὗ</strong></span> <span class='ocrx_word' id='word_1_438' title='bbox 508 4236 746 4306; x_wconf 77' lang='grc' dir='ltr'>ἤρτηται</span> <span class='ocrx_word' id='word_1_439' title='bbox 800 4230 1109 4303; x_wconf 87' lang='grc' dir='ltr'>προσεχῶς,</span> <span class='ocrx_word' id='word_1_440' title='bbox 1162 4231 1442 4285; x_wconf 85' lang='grc' dir='ltr'>τουτέστιν</span> <span class='ocrx_word' id='word_1_441' title='bbox 1487 4231 1785 4302; x_wconf 85' lang='grc' dir='ltr'>ἐχομένως,</span> 
     </span>
    </p>
   </div>
   <div class='ocr_carea' id='block_1_61' title="bbox 171 4322 1794 4403">
    <p class='ocr_par' dir='ltr' id='par_1_61' title="bbox 171 4322 1794 4403">
     <span class='ocr_line' id='line_1_61' title="bbox 171 4322 1794 4403; baseline -0.004 -20"><span class='ocrx_word' id='word_1_442' title='bbox 171 4331 212 4403; x_wconf 69' lang='grc' dir='ltr'><strong>ἡ</strong></span> <span class='ocrx_word' id='word_1_443' title='bbox 239 4329 423 4383; x_wconf 83' lang='grc' dir='ltr'>οὐσία.</span> <span class='ocrx_word' id='word_1_444' title='bbox 478 4329 566 4392; x_wconf 83' lang='grc' dir='ltr'>Ὠς</span> <span class='ocrx_word' id='word_1_445' title='bbox 620 4326 800 4396; x_wconf 69' lang='grc' dir='ltr'>ψυχῆς</span> <span class='ocrx_word' id='word_1_446' title='bbox 833 4325 1073 4397; x_wconf 84' lang='grc' dir='ltr'>ἀκρότης</span> <span class='ocrx_word' id='word_1_447' title='bbox 1115 4324 1144 4376; x_wconf 90' lang='lat'><strong>6</strong></span> <span class='ocrx_word' id='word_1_448' title='bbox 1193 4322 1342 4388; x_wconf 73' lang='grc' dir='ltr'>νοῢςο</span> <span class='ocrx_word' id='word_1_449' title='bbox 1382 4324 1475 4377; x_wconf 82' lang='grc' dir='ltr'><strong>καὶ</strong></span> <span class='ocrx_word' id='word_1_450' title='bbox 1520 4324 1722 4396; x_wconf 74' lang='grc' dir='ltr'>ἔρωτος</span> <span class='ocrx_word' id='word_1_451' title='bbox 1764 4324 1794 4377; x_wconf 89' lang='lat'><strong>6</strong></span> 
     </span>
    </p>
   </div>
   <div class='ocr_carea' id='block_1_62' title="bbox 169 4416 1795 4490">
    <p class='ocr_par' dir='ltr' id='par_1_62' title="bbox 169 4416 1795 4490">
     <span class='ocr_line' id='line_1_62' title="bbox 169 4416 1795 4490; baseline -0.005 -15"><span class='ocrx_word' id='word_1_452' title='bbox 169 4421 290 4476; x_wconf 81' lang='grc' dir='ltr'><strong>τῶν</strong></span> <span class='ocrx_word' id='word_1_453' title='bbox 323 4419 748 4490; x_wconf 87' lang='grc' dir='ltr'>ἀναϐεϐηκότων</span> <span class='ocrx_word' id='word_1_454' title='bbox 778 4419 1040 4489; x_wconf 84' lang='grc' dir='ltr'>διάπυρος</span> <span class='ocrx_word' id='word_1_455' title='bbox 1064 4416 1232 4487; x_wconf 84' lang='grc' dir='ltr'>πόθῳ·</span> <span class='ocrx_word' id='word_1_456' title='bbox 1256 4417 1350 4469; x_wconf 72' lang='grc' dir='ltr'><strong>καὶ</strong></span> <span class='ocrx_word' id='word_1_457' title='bbox 1372 4417 1471 4487; x_wconf 84' lang='grc' dir='ltr'><strong>τῆς</strong></span> <span class='ocrx_word' id='word_1_458' title='bbox 1504 4416 1626 4469; x_wconf 84' lang='grc' dir='ltr'>καθ’</span> <span class='ocrx_word' id='word_1_459' title='bbox 1648 4417 1795 4487; x_wconf 80' lang='grc' dir='ltr'>ἡμᾶς</span> 
     </span>
    </p>
   </div>
   <div class='ocr_carea' id='block_1_63' title="bbox 176 4507 1796 4587">
    <p class='ocr_par' dir='ltr' id='par_1_63' title="bbox 176 4507 1796 4587">
     <span class='ocr_line' id='line_1_63' title="bbox 176 4507 1796 4587; baseline -0.005 -17"><span class='ocrx_word' id='word_1_460' title='bbox 176 4512 473 4587; x_wconf 76' lang='grc' dir='ltr'>ιεραρχίας</span> <span class='ocrx_word' id='word_1_461' title='bbox 514 4510 576 4565; x_wconf 79' lang='grc' dir='ltr'><strong>τὸ</strong></span> <span class='ocrx_word' id='word_1_462' title='bbox 609 4512 778 4582; x_wconf 86' lang='grc' dir='ltr'>ἐγγὺς</span> <span class='ocrx_word' id='word_1_463' title='bbox 814 4513 1090 4564; x_wconf 84' lang='grc' dir='ltr'>συντεῖνον</span> <span class='ocrx_word' id='word_1_464' title='bbox 1123 4508 1338 4572; x_wconf 82' lang='grc' dir='ltr'>ἀῦλίας.</span> <span class='ocrx_word' id='word_1_465' title='bbox 1386 4509 1473 4572; x_wconf 80' lang='grc' dir='ltr'>Ὠς</span> <span class='ocrx_word' id='word_1_466' title='bbox 1506 4507 1667 4561; x_wconf 91' lang='grc' dir='ltr'>πάλιν</span> <span class='ocrx_word' id='word_1_467' title='bbox 1702 4509 1796 4562; x_wconf 76' lang='grc' dir='ltr'>ἐπὶ</span> 
     </span>
    </p>
   </div>
   <div class='ocr_carea' id='block_1_64' title="bbox 172 4599 1797 4674">
    <p class='ocr_par' dir='ltr' id='par_1_64' title="bbox 172 4599 1797 4674">
     <span class='ocr_line' id='line_1_64' title="bbox 172 4599 1797 4674; baseline -0.004 -14"><span class='ocrx_word' id='word_1_468' title='bbox 172 4606 293 4660; x_wconf 87' lang='grc' dir='ltr'><strong>τῶν</strong></span> <span class='ocrx_word' id='word_1_469' title='bbox 327 4602 626 4674; x_wconf 74' lang='grc' dir='ltr'>αἰσθητῶν,</span> <span class='ocrx_word' id='word_1_470' title='bbox 664 4601 838 4674; x_wconf 82' lang='grc' dir='ltr'>πυρὸς</span> <span class='ocrx_word' id='word_1_471' title='bbox 869 4601 930 4654; x_wconf 85' lang='grc' dir='ltr'>τὸ</span> <span class='ocrx_word' id='word_1_472' title='bbox 962 4601 1365 4672; x_wconf 88' lang='grc' dir='ltr'>λαμπρότατον,</span> <span class='ocrx_word' id='word_1_473' title='bbox 1390 4601 1485 4653; x_wconf 81' lang='grc' dir='ltr'><strong>καὶ</strong></span> <span class='ocrx_word' id='word_1_474' title='bbox 1518 4599 1708 4663; x_wconf 77' lang='grc' dir='ltr'>ὓδατος</span> <span class='ocrx_word' id='word_1_475' title='bbox 1733 4600 1797 4654; x_wconf 80' lang='grc' dir='ltr'>τὸ</span> 
     </span>
    </p>
   </div>
   <div class='ocr_carea' id='block_1_65' title="bbox 174 4692 1797 4770">
    <p class='ocr_par' dir='ltr' id='par_1_65' title="bbox 174 4692 1797 4770">
     <span class='ocr_line' id='line_1_65' title="bbox 174 4692 1797 4770; baseline -0.004 -15"><span class='ocrx_word' id='word_1_476' title='bbox 174 4696 447 4770; x_wconf 85' lang='grc' dir='ltr'>ἅχνῶδες,</span> <span class='ocrx_word' id='word_1_477' title='bbox 483 4698 580 4751; x_wconf 63' lang='grc' dir='ltr'><strong>καὶ⁸</strong></span> <span class='ocrx_word' id='word_1_478' title='bbox 648 4696 718 4750; x_wconf 87' lang='grc' dir='ltr'>τὰ</span> <span class='ocrx_word' id='word_1_479' title='bbox 783 4694 948 4748; x_wconf 83' lang='grc' dir='ltr'>λοιπά</span> <span class='ocrx_word' id='word_1_480' title='bbox 994 4693 1292 4763; x_wconf 84' lang='grc' dir='ltr'>ἀναλόγως.</span> <span class='ocrx_word' id='word_1_481' title='bbox 1343 4692 1797 4764; x_wconf 87' lang='grc' dir='ltr'>Παρακελεύεται</span> 
     </span>
    </p>
   </div>
   <div class='ocr_carea' id='block_1_66' title="bbox 1807 2087 3468 2163">
    <p class='ocr_par' dir='ltr' id='par_1_66' title="bbox 1807 2087 3468 2163">
     <span class='ocr_line' id='line_1_66' title="bbox 1807 2087 3468 2163; baseline -0.002 -13"><span class='ocrx_word' id='word_1_482' title='bbox 1807 2096 1850 2150; x_wconf 84' lang='grc' dir='ltr'><strong>Β</strong></span> <span class='ocrx_word' id='word_1_483' title='bbox 1959 2090 2014 2146; x_wconf 90' lang='grc' dir='ltr'><strong><em>Ν</em></strong></span> <span class='ocrx_word' id='word_1_484' title='bbox 2020 2109 2118 2145; x_wconf 85' lang='lat' dir='ltr'><strong>unc</strong></span> <span class='ocrx_word' id='word_1_485' title='bbox 2158 2096 2385 2161; x_wconf 84' lang='lat' dir='ltr'><strong>primum</strong></span> <span class='ocrx_word' id='word_1_486' title='bbox 2423 2092 2633 2162; x_wconf 74' lang='lat' dir='ltr'><strong>pariens</strong></span> <span class='ocrx_word' id='word_1_487' title='bbox 2657 2087 2873 2162; x_wconf 80' lang='lat' dir='ltr'><strong>Cinyre,</strong></span> <span class='ocrx_word' id='word_1_488' title='bbox 2900 2092 3047 2163; x_wconf 79' lang='lat' dir='ltr'><strong>prius</strong></span> <span class='ocrx_word' id='word_1_489' title='bbox 3074 2092 3239 2145; x_wconf 70' lang='grc' dir='ltr'>νηπία</span> <span class='ocrx_word' id='word_1_490' title='bbox 3261 2101 3468 2158; x_wconf 71' lang='lat' dir='ltr'><strong>partus.</strong></span> 
     </span>
    </p>
   </div>
   <div class='ocr_carea' id='block_1_67' title="bbox 1955 2186 3477 2259">
    <p class='ocr_par' dir='ltr' id='par_1_67' title="bbox 1955 2186 3477 2259">
     <span class='ocr_line' id='line_1_67' title="bbox 1955 2186 3477 2259; baseline -0.005 -15"><span class='ocrx_word' id='word_1_491' title='bbox 1955 2189 2090 2244; x_wconf 89' lang='lat' dir='ltr'><strong>Cum</strong></span> <span class='ocrx_word' id='word_1_492' title='bbox 2124 2186 2311 2258; x_wconf 87' lang='lat' dir='ltr'><strong>itaque</strong></span> <span class='ocrx_word' id='word_1_493' title='bbox 2342 2189 2600 2252; x_wconf 76' lang='lat' dir='ltr'><strong>dixisset,</strong></span> <span class='ocrx_word' id='word_1_494' title='bbox 2634 2190 2783 2259; x_wconf 89' lang='lat' dir='ltr'><strong>quod</strong></span> <span class='ocrx_word' id='word_1_495' title='bbox 2814 2203 2991 2256; x_wconf 89' lang='lat' dir='ltr'><strong>neque</strong></span> <span class='ocrx_word' id='word_1_496' title='bbox 3026 2203 3333 2242; x_wconf 83' lang='lat' dir='ltr'><strong>sermonem</strong></span> <span class='ocrx_word' id='word_1_497' title='bbox 3375 2187 3477 2241; x_wconf 77' lang='lat' dir='ltr'><strong>im-</strong></span> 
     </span>
    </p>
   </div>
   <div class='ocr_carea' id='block_1_68' title="bbox 1888 2279 3475 2351">
    <p class='ocr_par' dir='ltr' id='par_1_68' title="bbox 1888 2279 3475 2351">
     <span class='ocr_line' id='line_1_68' title="bbox 1888 2279 3475 2351; baseline -0.003 -13"><span class='ocrx_word' id='word_1_498' title='bbox 1888 2284 2042 2338; x_wconf 83' lang='lat' dir='ltr'><strong>beret</strong></span> <span class='ocrx_word' id='word_1_499' title='bbox 2110 2297 2289 2351; x_wconf 87' lang='lat' dir='ltr'><strong>neque</strong></span> <span class='ocrx_word' id='word_1_500' title='bbox 2343 2289 2697 2351; x_wconf 87' lang='lat' dir='ltr'><strong>conceptum,</strong></span> <span class='ocrx_word' id='word_1_501' title='bbox 2753 2283 2803 2335; x_wconf 92' lang='lat' dir='ltr'><strong>id</strong></span> <span class='ocrx_word' id='word_1_502' title='bbox 2865 2282 3147 2351; x_wconf 80' lang='lat' dir='ltr'><strong>explicans</strong></span> <span class='ocrx_word' id='word_1_503' title='bbox 3194 2279 3292 2345; x_wconf 90' lang='lat' dir='ltr'><strong>ait,</strong></span> <span class='ocrx_word' id='word_1_504' title='bbox 3365 2296 3475 2334; x_wconf 77' lang='lat' dir='ltr'><strong>non</strong></span> 
     </span>
    </p>
   </div>
   <div class='ocr_carea' id='block_1_69' title="bbox 1886 2370 3474 2446">
    <p class='ocr_par' dir='ltr' id='par_1_69' title="bbox 1886 2370 3474 2446">
     <span class='ocr_line' id='line_1_69' title="bbox 1886 2370 3474 2446; baseline -0.003 -17"><span class='ocrx_word' id='word_1_505' title='bbox 1886 2375 2041 2446; x_wconf 85' lang='lat' dir='ltr'><strong>quasi</strong></span> <span class='ocrx_word' id='word_1_506' title='bbox 2103 2374 2254 2428; x_wconf 90' lang='lat' dir='ltr'><strong>nullo</strong></span> <span class='ocrx_word' id='word_1_507' title='bbox 2287 2375 2449 2428; x_wconf 87' lang='lat' dir='ltr'><strong>modo</strong></span> <span class='ocrx_word' id='word_1_508' title='bbox 2476 2375 2569 2439; x_wconf 90' lang='lat' dir='ltr'><strong>sit,</strong></span> <span class='ocrx_word' id='word_1_509' title='bbox 2601 2374 2696 2429; x_wconf 91' lang='lat' dir='ltr'><strong>scd</strong></span> <span class='ocrx_word' id='word_1_510' title='bbox 2731 2373 2876 2443; x_wconf 86' lang='lat' dir='ltr'><strong>quod</strong></span> <span class='ocrx_word' id='word_1_511' title='bbox 2933 2370 3474 2442; x_wconf 81' lang='lat' dir='ltr'><strong>supraessentialiter</strong></span> 
     </span>
    </p>
   </div>
   <div class='ocr_carea' id='block_1_70' title="bbox 1886 2466 3477 2535">
    <p class='ocr_par' dir='ltr' id='par_1_70' title="bbox 1886 2466 3477 2535">
     <span class='ocr_line' id='line_1_70' title="bbox 1886 2466 3477 2535; baseline -0.004 -14"><span class='ocrx_word' id='word_1_512' title='bbox 1886 2468 2142 2522; x_wconf 88' lang='lat' dir='ltr'><strong>omnibus</strong></span> <span class='ocrx_word' id='word_1_513' title='bbox 2180 2466 2494 2528; x_wconf 83' lang='lat' dir='ltr'><strong>antecellat.</strong></span> <span class='ocrx_word' id='word_1_514' title='bbox 2518 2478 2573 2521; x_wconf 94' lang='lat' dir='ltr'><strong>et</strong></span> <span class='ocrx_word' id='word_1_515' title='bbox 2609 2467 2743 2521; x_wconf 91' lang='lat' dir='ltr'><strong>solis</strong></span> <span class='ocrx_word' id='word_1_516' title='bbox 2784 2466 2850 2519; x_wconf 90' lang='lat' dir='ltr'><strong>iis</strong></span> <span class='ocrx_word' id='word_1_517' title='bbox 2878 2475 3161 2535; x_wconf 82' lang='lat' dir='ltr'><strong>appareat,</strong></span> <span class='ocrx_word' id='word_1_518' title='bbox 3194 2479 3314 2531; x_wconf 73' lang='lat' dir='ltr'><strong>qua:</strong></span> <span class='ocrx_word' id='word_1_519' title='bbox 3341 2479 3477 2517; x_wconf 83' lang='lat' dir='ltr'><strong>cuu-</strong></span> 
     </span>
    </p>
   </div>
   <div class='ocr_carea' id='block_1_71' title="bbox 1887 2560 3473 2630">
    <p class='ocr_par' dir='ltr' id='par_1_71' title="bbox 1887 2560 3473 2630">
     <span class='ocr_line' id='line_1_71' title="bbox 1887 2560 3473 2630; baseline -0.006 -15"><span class='ocrx_word' id='word_1_520' title='bbox 1887 2571 2001 2624; x_wconf 81' lang='lat' dir='ltr'><strong>CIa,</strong></span> <span class='ocrx_word' id='word_1_521' title='bbox 2027 2576 2149 2629; x_wconf 66' lang='lat' dir='ltr'><strong>quae</strong></span> <span class='ocrx_word' id='word_1_522' title='bbox 2177 2560 2417 2628; x_wconf 84' lang='lat' dir='ltr'><strong>impura,</strong></span> <span class='ocrx_word' id='word_1_523' title='bbox 2454 2574 2688 2630; x_wconf 71' lang='lat' dir='ltr'><strong>quaeque</strong></span> <span class='ocrx_word' id='word_1_524' title='bbox 2725 2571 2856 2627; x_wconf 79' lang='lat' dir='ltr'><strong>pura</strong></span> <span class='ocrx_word' id='word_1_525' title='bbox 2891 2565 3035 2616; x_wconf 82' lang='lat' dir='ltr'><strong>sunt,</strong></span> <span class='ocrx_word' id='word_1_526' title='bbox 3069 2563 3473 2626; x_wconf 71' lang='lat' dir='ltr'><strong>pertranseunt,</strong></span> 
     </span>
    </p>
   </div>
   <div class='ocr_carea' id='block_1_72' title="bbox 1886 2648 3479 2721">
    <p class='ocr_par' dir='ltr' id='par_1_72' title="bbox 1886 2648 3479 2721">
     <span class='ocr_line' id='line_1_72' title="bbox 1886 2648 3479 2721; baseline -0.006 -14"><span class='ocrx_word' id='word_1_527' title='bbox 1886 2663 1942 2707; x_wconf 88' lang='lat' dir='ltr'><strong>et</strong></span> <span class='ocrx_word' id='word_1_528' title='bbox 1991 2655 2085 2721; x_wconf 86' lang='lat' dir='ltr'><strong>qui</strong></span> <span class='ocrx_word' id='word_1_529' title='bbox 2144 2668 2365 2708; x_wconf 88' lang='lat' dir='ltr'><strong>omnem</strong></span> <span class='ocrx_word' id='word_1_530' title='bbox 2423 2652 2687 2706; x_wconf 78' lang='lat' dir='ltr'><strong>verticem</strong></span> <span class='ocrx_word' id='word_1_531' title='bbox 2725 2650 3143 2710; x_wconf 88' lang='lat' dir='ltr'><strong>transcendunt,</strong></span> <span class='ocrx_word' id='word_1_532' title='bbox 3187 2648 3479 2717; x_wconf 82' lang='lat' dir='ltr'><strong>omniaque</strong></span> 
     </span>
    </p>
   </div>
   <div class='ocr_carea' id='block_1_73' title="bbox 1888 2742 3480 2811">
    <p class='ocr_par' dir='ltr' id='par_1_73' title="bbox 1888 2742 3480 2811">
     <span class='ocr_line' id='line_1_73' title="bbox 1888 2742 3480 2811; baseline -0.003 -13"><span class='ocrx_word' id='word_1_533' title='bbox 1888 2745 2119 2811; x_wconf 85' lang='lat' dir='ltr'><strong>Iumina,</strong></span> <span class='ocrx_word' id='word_1_534' title='bbox 2155 2745 2205 2799; x_wconf 88' lang='lat' dir='ltr'><strong>id</strong></span> <span class='ocrx_word' id='word_1_535' title='bbox 2241 2755 2326 2799; x_wconf 90' lang='lat' dir='ltr'><strong>est</strong></span> <span class='ocrx_word' id='word_1_536' title='bbox 2359 2760 2578 2797; x_wconf 85' lang='lat' dir='ltr'><strong>omnem</strong></span> <span class='ocrx_word' id='word_1_537' title='bbox 2634 2742 2939 2803; x_wconf 89' lang='lat' dir='ltr'><strong>notionem,</strong></span> <span class='ocrx_word' id='word_1_538' title='bbox 2975 2755 3277 2807; x_wconf 74' lang='lat' dir='ltr'><strong>omnesque</strong></span> <span class='ocrx_word' id='word_1_539' title='bbox 3310 2754 3480 2795; x_wconf 73' lang='lat' dir='ltr'><strong>sonas</strong></span> 
     </span>
    </p>
   </div>
   <div class='ocr_carea' id='block_1_74' title="bbox 1888 2830 3479 2904">
    <p class='ocr_par' dir='ltr' id='par_1_74' title="bbox 1888 2830 3479 2904">
     <span class='ocr_line' id='line_1_74' title="bbox 1888 2830 3479 2904; baseline -0.008 -11"><span class='ocrx_word' id='word_1_540' title='bbox 1888 2853 1953 2893; x_wconf 89' lang='lat' dir='ltr'><strong>ac</strong></span> <span class='ocrx_word' id='word_1_541' title='bbox 1983 2852 2288 2904; x_wconf 82' lang='lat' dir='ltr'><strong>sermones,</strong></span> <span class='ocrx_word' id='word_1_542' title='bbox 2324 2852 2514 2890; x_wconf 90' lang='lat' dir='ltr'><strong>eorum</strong></span> <span class='ocrx_word' id='word_1_543' title='bbox 2570 2834 2828 2887; x_wconf 74' lang='lat' dir='ltr'><strong>videlicet</strong></span> <span class='ocrx_word' id='word_1_544' title='bbox 2858 2848 2976 2900; x_wconf 64' lang='lat' dir='ltr'><strong>quae</strong></span> <span class='ocrx_word' id='word_1_545' title='bbox 3010 2834 3075 2887; x_wconf 85' lang='lat' dir='ltr'><strong>de</strong></span> <span class='ocrx_word' id='word_1_546' title='bbox 3103 2831 3211 2885; x_wconf 88' lang='lat' dir='ltr'><strong>Deo</strong></span> <span class='ocrx_word' id='word_1_547' title='bbox 3246 2832 3298 2884; x_wconf 89' lang='lat' dir='ltr'><strong>in</strong></span> <span class='ocrx_word' id='word_1_548' title='bbox 3324 2830 3479 2886; x_wconf 72' lang='lat' dir='ltr'><strong>Scri.</strong></span> 
     </span>
    </p>
   </div>
   <div class='ocr_carea' id='block_1_75' title="bbox 1889 2923 3482 3001">
    <p class='ocr_par' dir='ltr' id='par_1_75' title="bbox 1889 2923 3482 3001">
     <span class='ocr_line' id='line_1_75' title="bbox 1889 2923 3482 3001; baseline -0.003 -18"><span class='ocrx_word' id='word_1_549' title='bbox 1889 2931 2068 3001; x_wconf 89' lang='lat' dir='ltr'><strong>pturis</strong></span> <span class='ocrx_word' id='word_1_550' title='bbox 2136 2930 2281 2983; x_wconf 82' lang='lat' dir='ltr'><strong>dicta</strong></span> <span class='ocrx_word' id='word_1_551' title='bbox 2345 2937 2492 2992; x_wconf 88' lang='lat' dir='ltr'><strong>sunt,</strong></span> <span class='ocrx_word' id='word_1_552' title='bbox 2545 2925 2886 2995; x_wconf 88' lang='lat' dir='ltr'><strong>relinquunt.</strong></span> <span class='ocrx_word' id='word_1_553' title='bbox 2928 2923 3097 2978; x_wconf 82' lang='lat' dir='ltr'><strong>Vocat</strong></span> <span class='ocrx_word' id='word_1_554' title='bbox 3150 2938 3333 2977; x_wconf 86' lang='lat' dir='ltr'><strong>autem</strong></span> <span class='ocrx_word' id='word_1_555' title='bbox 3378 2924 3482 2978; x_wconf 79' lang='lat' dir='ltr'><strong>hos</strong></span> 
     </span>
    </p>
   </div>
   <div class='ocr_carea' id='block_1_76' title="bbox 1888 3017 3480 3087">
    <p class='ocr_par' dir='ltr' id='par_1_76' title="bbox 1888 3017 3480 3087">
     <span class='ocr_line' id='line_1_76' title="bbox 1888 3017 3480 3087; baseline -0.004 -12"><span class='ocrx_word' id='word_1_556' title='bbox 1888 3023 2164 3078; x_wconf 64' lang='lat' dir='ltr'><strong>caelesti-5.</strong></span> <span class='ocrx_word' id='word_1_557' title='bbox 2190 3030 2456 3087; x_wconf 78' lang='lat' dir='ltr'><strong>tanquam</strong></span> <span class='ocrx_word' id='word_1_558' title='bbox 2487 3033 2595 3071; x_wconf 91' lang='lat' dir='ltr'><strong>non</strong></span> <span class='ocrx_word' id='word_1_559' title='bbox 2626 3018 2922 3072; x_wconf 81' lang='lat' dir='ltr'><strong>secundum</strong></span> <span class='ocrx_word' id='word_1_560' title='bbox 2972 3017 3266 3070; x_wconf 85' lang='lat' dir='ltr'><strong>humanam</strong></span> <span class='ocrx_word' id='word_1_561' title='bbox 3303 3024 3480 3069; x_wconf 52' lang='lat' dir='ltr'><strong>terrea-</strong></span> 
     </span>
    </p>
   </div>
   <div class='ocr_carea' id='block_1_77' title="bbox 1890 3105 3484 3181">
    <p class='ocr_par' dir='ltr' id='par_1_77' title="bbox 1890 3105 3484 3181">
     <span class='ocr_line' id='line_1_77' title="bbox 1890 3105 3484 3181; baseline -0.005 -14"><span class='ocrx_word' id='word_1_562' title='bbox 1890 3129 2125 3181; x_wconf 88' lang='lat' dir='ltr'><strong>namque</strong></span> <span class='ocrx_word' id='word_1_563' title='bbox 2149 3109 2589 3180; x_wconf 75' lang='lat' dir='ltr'><strong>intelligentiam,</strong></span> <span class='ocrx_word' id='word_1_564' title='bbox 2618 3109 2710 3163; x_wconf 88' lang='lat' dir='ltr'><strong>sed</strong></span> <span class='ocrx_word' id='word_1_565' title='bbox 2734 3110 3029 3161; x_wconf 87' lang='lat' dir='ltr'><strong>secundum</strong></span> <span class='ocrx_word' id='word_1_566' title='bbox 3054 3107 3290 3160; x_wconf 77' lang='lat' dir='ltr'><strong>divinam</strong></span> <span class='ocrx_word' id='word_1_567' title='bbox 3320 3105 3484 3174; x_wconf 79' lang='lat' dir='ltr'><strong>inspi-</strong></span> 
     </span>
    </p>
   </div>
   <div class='ocr_carea' id='block_1_78' title="bbox 1891 3199 3484 3269">
    <p class='ocr_par' dir='ltr' id='par_1_78' title="bbox 1891 3199 3484 3269">
     <span class='ocr_line' id='line_1_78' title="bbox 1891 3199 3484 3269; baseline -0.009 -7"><span class='ocrx_word' id='word_1_568' title='bbox 1891 3209 2183 3269; x_wconf 88' lang='lat' dir='ltr'><strong>rationem,</strong></span> <span class='ocrx_word' id='word_1_569' title='bbox 2215 3215 2270 3259; x_wconf 87' lang='lat' dir='ltr'><strong>et</strong></span> <span class='ocrx_word' id='word_1_570' title='bbox 2317 3206 2494 3258; x_wconf 86' lang='lat' dir='ltr'><strong>dictos</strong></span> <span class='ocrx_word' id='word_1_571' title='bbox 2528 3214 2583 3257; x_wconf 89' lang='lat' dir='ltr'><strong>et</strong></span> <span class='ocrx_word' id='word_1_572' title='bbox 2633 3200 2862 3256; x_wconf 89' lang='lat' dir='ltr'><strong>traditos</strong></span> <span class='ocrx_word' id='word_1_573' title='bbox 2905 3209 2958 3254; x_wconf 88' lang='lat' dir='ltr'><strong>et</strong></span> <span class='ocrx_word' id='word_1_574' title='bbox 2996 3201 3177 3253; x_wconf 75' lang='lat' dir='ltr'><strong>ditiua</strong></span> <span class='ocrx_word' id='word_1_575' title='bbox 3218 3199 3305 3251; x_wconf 89' lang='lat' dir='ltr'><strong>illa</strong></span> <span class='ocrx_word' id='word_1_576' title='bbox 3335 3200 3484 3266; x_wconf 77' lang='lat' dir='ltr'><strong>igno-</strong></span> 
     </span>
    </p>
   </div>
   <div class='ocr_carea' id='block_1_79' title="bbox 1889 3292 3484 3367">
    <p class='ocr_par' dir='ltr' id='par_1_79' title="bbox 1889 3292 3484 3367">
     <span class='ocr_line' id='line_1_79' title="bbox 1889 3292 3484 3367; baseline -0.007 -11"><span class='ocrx_word' id='word_1_577' title='bbox 1889 3302 2116 3356; x_wconf 86' lang='lat' dir='ltr'><strong>rationis</strong></span> <span class='ocrx_word' id='word_1_578' title='bbox 2159 3299 2397 3367; x_wconf 77' lang='lat' dir='ltr'><strong>caligine</strong></span> <span class='ocrx_word' id='word_1_579' title='bbox 2442 3296 2748 3362; x_wconf 87' lang='lat' dir='ltr'><strong>involutos,</strong></span> <span class='ocrx_word' id='word_1_580' title='bbox 2784 3295 2873 3348; x_wconf 90' lang='lat' dir='ltr'><strong>ubi</strong></span> <span class='ocrx_word' id='word_1_581' title='bbox 2904 3303 2989 3346; x_wconf 88' lang='lat' dir='ltr'><strong>est</strong></span> <span class='ocrx_word' id='word_1_582' title='bbox 3022 3295 3065 3347; x_wconf 87' lang='lat' dir='ltr'><strong>is</strong></span> <span class='ocrx_word' id='word_1_583' title='bbox 3099 3292 3191 3362; x_wconf 91' lang='lat' dir='ltr'><strong>qui</strong></span> <span class='ocrx_word' id='word_1_584' title='bbox 3230 3293 3484 3345; x_wconf 78' lang='lat' dir='ltr'><strong>ornnihus</strong></span> 
     </span>
    </p>
   </div>
   <div class='ocr_carea' id='block_1_80' title="bbox 1891 3382 3485 3463">
    <p class='ocr_par' dir='ltr' id='par_1_80' title="bbox 1891 3382 3485 3463">
     <span class='ocr_line' id='line_1_80' title="bbox 1891 3382 3485 3463; baseline -0.007 -14"><span class='ocrx_word' id='word_1_585' title='bbox 1891 3393 2143 3463; x_wconf 88' lang='lat' dir='ltr'><strong>superior</strong></span> <span class='ocrx_word' id='word_1_586' title='bbox 2173 3390 2417 3446; x_wconf 76' lang='lat' dir='ltr'><strong>exsistit.</strong></span> <span class='ocrx_word' id='word_1_587' title='bbox 2444 3388 2690 3444; x_wconf 76' lang='lat' dir='ltr'><strong>Observa</strong></span> <span class='ocrx_word' id='word_1_588' title='bbox 2720 3402 2872 3451; x_wconf 81' lang='lat' dir='ltr'><strong>vero,</strong></span> <span class='ocrx_word' id='word_1_589' title='bbox 2908 3385 3188 3455; x_wconf 86' lang='lat' dir='ltr'><strong>quomodo</strong></span> <span class='ocrx_word' id='word_1_590' title='bbox 3216 3385 3377 3438; x_wconf 78' lang='lat' dir='ltr'><strong>dixit:</strong></span> <span class='ocrx_word' id='word_1_591' title='bbox 3414 3382 3485 3438; x_wconf 90' lang='lat' dir='ltr'><strong>lis</strong></span> 
     </span>
    </p>
   </div>
   <div class='ocr_carea' id='block_1_81' title="bbox 1894 3478 3484 3557">
    <p class='ocr_par' dir='ltr' id='par_1_81' title="bbox 1894 3478 3484 3557">
     <span class='ocr_line' id='line_1_81' title="bbox 1894 3478 3484 3557; baseline -0.008 -15"><span class='ocrx_word' id='word_1_592' title='bbox 1894 3490 1985 3557; x_wconf 85' lang='lat' dir='ltr'><strong>qui</strong></span> <span class='ocrx_word' id='word_1_593' title='bbox 2025 3498 2131 3541; x_wconf 91' lang='lat' dir='ltr'><strong>tam</strong></span> <span class='ocrx_word' id='word_1_594' title='bbox 2166 3488 2377 3554; x_wconf 86' lang='lat' dir='ltr'><strong>impura</strong></span> <span class='ocrx_word' id='word_1_595' title='bbox 2399 3499 2563 3553; x_wconf 86' lang='lat' dir='ltr'><strong>quam</strong></span> <span class='ocrx_word' id='word_1_596' title='bbox 2595 3497 2728 3551; x_wconf 81' lang='lat' dir='ltr'><strong>pura</strong></span> <span class='ocrx_word' id='word_1_597' title='bbox 2762 3489 3190 3549; x_wconf 89' lang='lat' dir='ltr'><strong>pertransetmt;</strong></span> <span class='ocrx_word' id='word_1_598' title='bbox 3224 3478 3484 3547; x_wconf 82' lang='lat' dir='ltr'><strong>quoniam</strong></span> 
     </span>
    </p>
   </div>
   <div class='ocr_carea' id='block_1_82' title="bbox 1897 3568 3489 3646">
    <p class='ocr_par' dir='ltr' id='par_1_82' title="bbox 1897 3568 3489 3646">
     <span class='ocr_line' id='line_1_82' title="bbox 1897 3568 3489 3646; baseline -0.008 -12"><span class='ocrx_word' id='word_1_599' title='bbox 1897 3582 1986 3635; x_wconf 85' lang='lat' dir='ltr'><strong>illa</strong></span> <span class='ocrx_word' id='word_1_600' title='bbox 2020 3581 2184 3633; x_wconf 85' lang='lat' dir='ltr'><strong>etiam</strong></span> <span class='ocrx_word' id='word_1_601' title='bbox 2212 3593 2332 3646; x_wconf 75' lang='lat' dir='ltr'><strong>qua:</strong></span> <span class='ocrx_word' id='word_1_602' title='bbox 2363 3576 2505 3645; x_wconf 86' lang='lat' dir='ltr'><strong>apud</strong></span> <span class='ocrx_word' id='word_1_603' title='bbox 2537 3589 2636 3629; x_wconf 91' lang='lat' dir='ltr'><strong>nos</strong></span> <span class='ocrx_word' id='word_1_604' title='bbox 2691 3588 2827 3643; x_wconf 89' lang='lat' dir='ltr'><strong>pura</strong></span> <span class='ocrx_word' id='word_1_605' title='bbox 2862 3580 3011 3637; x_wconf 88' lang='lat' dir='ltr'><strong>sunt,</strong></span> <span class='ocrx_word' id='word_1_606' title='bbox 3037 3586 3162 3624; x_wconf 91' lang='lat' dir='ltr'><strong>cum</strong></span> <span class='ocrx_word' id='word_1_607' title='bbox 3191 3569 3371 3624; x_wconf 86' lang='lat' dir='ltr'><strong>divina</strong></span> <span class='ocrx_word' id='word_1_608' title='bbox 3398 3568 3489 3622; x_wconf 72' lang='lat' dir='ltr'><strong>illa</strong></span> 
     </span>
    </p>
   </div>
   <div class='ocr_carea' id='block_1_83' title="bbox 1896 3661 3488 3744">
    <p class='ocr_par' dir='ltr' id='par_1_83' title="bbox 1896 3661 3488 3744">
     <span class='ocr_line' id='line_1_83' title="bbox 1896 3661 3488 3744; baseline -0.009 -17"><span class='ocrx_word' id='word_1_609' title='bbox 1896 3675 2135 3744; x_wconf 87' lang='lat' dir='ltr'><strong>puritate</strong></span> <span class='ocrx_word' id='word_1_610' title='bbox 2183 3678 2522 3740; x_wconf 87' lang='lat' dir='ltr'><strong>comparata,</strong></span> <span class='ocrx_word' id='word_1_611' title='bbox 2588 3664 2867 3721; x_wconf 87' lang='lat' dir='ltr'><strong>immunda</strong></span> <span class='ocrx_word' id='word_1_612' title='bbox 2928 3671 3275 3734; x_wconf 87' lang='lat' dir='ltr'><strong>reputautur,</strong></span> <span class='ocrx_word' id='word_1_613' title='bbox 3327 3661 3488 3731; x_wconf 83' lang='lat' dir='ltr'><strong>juxta</strong></span> 
     </span>
    </p>
   </div>
   <div class='ocr_carea' id='block_1_84' title="bbox 1895 3751 3488 3836">
    <p class='ocr_par' dir='ltr' id='par_1_84' title="bbox 1895 3751 3488 3836">
     <span class='ocr_line' id='line_1_84' title="bbox 1895 3751 3488 3836; baseline -0.008 -19"><span class='ocrx_word' id='word_1_614' title='bbox 1895 3767 2041 3836; x_wconf 89' lang='lat' dir='ltr'><strong>quod</strong></span> <span class='ocrx_word' id='word_1_615' title='bbox 2092 3765 2301 3818; x_wconf 87' lang='lat' dir='ltr'><strong>dictum</strong></span> <span class='ocrx_word' id='word_1_616' title='bbox 2360 3769 2497 3817; x_wconf 79' lang='lat' dir='ltr'><strong>est:</strong></span> <span class='ocrx_word' id='word_1_617' title='bbox 2561 3757 2751 3813; x_wconf 77' lang='lat' dir='ltr'><strong>Omnis</strong></span> <span class='ocrx_word' id='word_1_618' title='bbox 2791 3756 3007 3827; x_wconf 79' lang='lat' dir='ltr'><strong>justitia</strong></span> <span class='ocrx_word' id='word_1_619' title='bbox 3056 3752 3279 3807; x_wconf 77' lang='lat' dir='ltr'><strong>hominis</strong></span> <span class='ocrx_word' id='word_1_620' title='bbox 3334 3751 3488 3822; x_wconf 76' lang='lat' dir='ltr'><strong>quasi</strong></span> 
     </span>
    </p>
   </div>
   <div class='ocr_carea' id='block_1_85' title="bbox 1894 3842 3491 3925">
    <p class='ocr_par' dir='ltr' id='par_1_85' title="bbox 1894 3842 3491 3925">
     <span class='ocr_line' id='line_1_85' title="bbox 1894 3842 3491 3925; baseline -0.011 -14"><span class='ocrx_word' id='word_1_621' title='bbox 1894 3873 2103 3925; x_wconf 75' lang='lat' dir='ltr'><strong>pannus</strong></span> <span class='ocrx_word' id='word_1_622' title='bbox 2172 3861 2518 3909; x_wconf 76' lang='lat' dir='ltr'><strong>menstruatw</strong></span> <span class='ocrx_word' id='word_1_623' title='bbox 2549 3857 2596 3915; x_wconf 93' lang='lat'><strong>°,</strong></span> <span class='ocrx_word' id='word_1_624' title='bbox 2657 3865 2781 3904; x_wconf 89' lang='lat' dir='ltr'><strong>cum</strong></span> <span class='ocrx_word' id='word_1_625' title='bbox 2819 3849 3005 3902; x_wconf 87' lang='lat' dir='ltr'><strong>divina</strong></span> <span class='ocrx_word' id='word_1_626' title='bbox 3057 3842 3281 3899; x_wconf 78' lang='lat' dir='ltr'><strong>omnino</strong></span> <span class='ocrx_word' id='word_1_627' title='bbox 3328 3844 3491 3908; x_wconf 89' lang='lat' dir='ltr'><strong>justi-</strong></span> 
     </span>
    </p>
   </div>
   <div class='ocr_carea' id='block_1_86' title="bbox 1899 3936 3488 4017">
    <p class='ocr_par' dir='ltr' id='par_1_86' title="bbox 1899 3936 3488 4017">
     <span class='ocr_line' id='line_1_86' title="bbox 1899 3936 3488 4017; baseline -0.01 -14"><span class='ocrx_word' id='word_1_628' title='bbox 1899 3952 1972 4003; x_wconf 87' lang='lat' dir='ltr'><strong>tia</strong></span> <span class='ocrx_word' id='word_1_629' title='bbox 2025 3955 2365 4017; x_wconf 80' lang='lat' dir='ltr'><strong>comparata,</strong></span> <span class='ocrx_word' id='word_1_630' title='bbox 2409 3943 2568 4011; x_wconf 86' lang='lat' dir='ltr'><strong>cujus</strong></span> <span class='ocrx_word' id='word_1_631' title='bbox 2631 3957 2742 3996; x_wconf 86' lang='lat' dir='ltr'><strong>non</strong></span> <span class='ocrx_word' id='word_1_632' title='bbox 2785 3950 2870 3995; x_wconf 88' lang='lat' dir='ltr'><strong>est</strong></span> <span class='ocrx_word' id='word_1_633' title='bbox 2933 3954 3195 3992; x_wconf 89' lang='lat' dir='ltr'><strong>numerus</strong></span> <span class='ocrx_word' id='word_1_634' title='bbox 3245 3936 3488 3990; x_wconf 83' lang='lat' dir='ltr'><strong>Observa</strong></span> 
     </span>
    </p>
   </div>
   <div class='ocr_carea' id='block_1_87' title="bbox 1897 4032 3486 4104">
    <p class='ocr_par' dir='ltr' id='par_1_87' title="bbox 1897 4032 3486 4104">
     <span class='ocr_line' id='line_1_87' title="bbox 1897 4032 3486 4104; baseline -0.01 -6"><span class='ocrx_word' id='word_1_635' title='bbox 1897 4043 2026 4098; x_wconf 82' lang='lat' dir='ltr'><strong>item</strong></span> <span class='ocrx_word' id='word_1_636' title='bbox 2076 4041 2208 4095; x_wconf 92' lang='lat' dir='ltr'><strong>illud</strong></span> <span class='ocrx_word' id='word_1_637' title='bbox 2249 4053 2263 4092; x_wconf 89' lang='lat'><strong>:</strong></span> <span class='ocrx_word' id='word_1_638' title='bbox 2316 4037 2419 4104; x_wconf 80' lang='lat' dir='ltr'><strong>Qui</strong></span> <span class='ocrx_word' id='word_1_639' title='bbox 2473 4050 2689 4090; x_wconf 85' lang='lat' dir='ltr'><strong>onmem</strong></span> <span class='ocrx_word' id='word_1_640' title='bbox 2747 4034 3006 4087; x_wconf 81' lang='lat' dir='ltr'><strong>verticem</strong></span> <span class='ocrx_word' id='word_1_641' title='bbox 3055 4032 3486 4093; x_wconf 85' lang='lat' dir='ltr'><strong>transcendunt,</strong></span> 
     </span>
    </p>
   </div>
   <div class='ocr_carea' id='block_1_88' title="bbox 1898 4123 3493 4191">
    <p class='ocr_par' dir='ltr' id='par_1_88' title="bbox 1898 4123 3493 4191">
     <span class='ocr_line' id='line_1_88' title="bbox 1898 4123 3493 4191; baseline -0.008 -1"><span class='ocrx_word' id='word_1_642' title='bbox 1898 4151 2022 4190; x_wconf 90' lang='lat' dir='ltr'><strong>cum</strong></span> <span class='ocrx_word' id='word_1_643' title='bbox 2053 4131 2356 4191; x_wconf 80' lang='lat' dir='ltr'><strong>sensilium,</strong></span> <span class='ocrx_word' id='word_1_644' title='bbox 2386 4141 2496 4182; x_wconf 93' lang='lat' dir='ltr'><strong>tum</strong></span> <span class='ocrx_word' id='word_1_645' title='bbox 2524 4125 2949 4188; x_wconf 85' lang='lat' dir='ltr'><strong>intellectilium,</strong></span> <span class='ocrx_word' id='word_1_646' title='bbox 2983 4141 3086 4177; x_wconf 89' lang='lat' dir='ltr'><strong>non</strong></span> <span class='ocrx_word' id='word_1_647' title='bbox 3145 4123 3321 4178; x_wconf 80' lang='lat' dir='ltr'><strong>solum</strong></span> <span class='ocrx_word' id='word_1_648' title='bbox 3353 4137 3493 4188; x_wconf 69' lang='lat' dir='ltr'><strong>que,-</strong></span> 
     </span>
    </p>
   </div>
   <div class='ocr_carea' id='block_1_89' title="bbox 1899 4213 3489 4291">
    <p class='ocr_par' dir='ltr' id='par_1_89' title="bbox 1899 4213 3489 4291">
     <span class='ocr_line' id='line_1_89' title="bbox 1899 4213 3489 4291; baseline -0.01 -10"><span class='ocrx_word' id='word_1_649' title='bbox 1899 4225 2188 4281; x_wconf 86' lang='lat' dir='ltr'><strong>tlammodo</strong></span> <span class='ocrx_word' id='word_1_650' title='bbox 2211 4238 2296 4276; x_wconf 87' lang='lat' dir='ltr'><strong>res</strong></span> <span class='ocrx_word' id='word_1_651' title='bbox 2321 4222 2494 4291; x_wconf 83' lang='lat' dir='ltr'><strong>ipsas.</strong></span> <span class='ocrx_word' id='word_1_652' title='bbox 2513 4234 2702 4274; x_wconf 88' lang='lat' dir='ltr'><strong>verum</strong></span> <span class='ocrx_word' id='word_1_653' title='bbox 2727 4217 2892 4271; x_wconf 86' lang='lat' dir='ltr'><strong>etiam</strong></span> <span class='ocrx_word' id='word_1_654' title='bbox 2915 4230 3102 4269; x_wconf 89' lang='lat' dir='ltr'><strong>earum</strong></span> <span class='ocrx_word' id='word_1_655' title='bbox 3126 4213 3489 4267; x_wconf 84' lang='lat' dir='ltr'><strong>smmuitates.</strong></span> 
     </span>
    </p>
   </div>
   <div class='ocr_carea' id='block_1_90' title="bbox 1899 4305 3495 4377">
    <p class='ocr_par' dir='ltr' id='par_1_90' title="bbox 1899 4305 3495 4377">
     <span class='ocr_line' id='line_1_90' title="bbox 1899 4305 3495 4377; baseline -0.009 -6"><span class='ocrx_word' id='word_1_656' title='bbox 1899 4316 2255 4371; x_wconf 86' lang='lat' dir='ltr'><strong>Sutumitates</strong></span> <span class='ocrx_word' id='word_1_657' title='bbox 2272 4312 2416 4368; x_wconf 90' lang='lat' dir='ltr'><strong>enim</strong></span> <span class='ocrx_word' id='word_1_658' title='bbox 2439 4321 2646 4365; x_wconf 81' lang='lat' dir='ltr'><strong>veteres</strong></span> <span class='ocrx_word' id='word_1_659' title='bbox 2660 4306 3005 4377; x_wconf 75' lang='lat' dir='ltr'><strong>appellabant</strong></span> <span class='ocrx_word' id='word_1_660' title='bbox 3025 4306 3075 4360; x_wconf 90' lang='lat' dir='ltr'><strong>id</strong></span> <span class='ocrx_word' id='word_1_661' title='bbox 3091 4307 3233 4375; x_wconf 91' lang='lat' dir='ltr'><strong>quod</strong></span> <span class='ocrx_word' id='word_1_662' title='bbox 3255 4305 3307 4357; x_wconf 90' lang='lat' dir='ltr'><strong>in</strong></span> <span class='ocrx_word' id='word_1_663' title='bbox 3327 4305 3495 4372; x_wconf 85' lang='lat' dir='ltr'><strong>quali-</strong></span> 
     </span>
    </p>
   </div>
   <div class='ocr_carea' id='block_1_91' title="bbox 1900 4397 3491 4475">
    <p class='ocr_par' dir='ltr' id='par_1_91' title="bbox 1900 4397 3491 4475">
     <span class='ocr_line' id='line_1_91' title="bbox 1900 4397 3491 4475; baseline -0.009 -10"><span class='ocrx_word' id='word_1_664' title='bbox 1900 4413 1989 4466; x_wconf 87' lang='lat' dir='ltr'><strong>bet</strong></span> <span class='ocrx_word' id='word_1_665' title='bbox 2010 4408 2249 4463; x_wconf 82' lang='lat' dir='ltr'><strong>essentia</strong></span> <span class='ocrx_word' id='word_1_666' title='bbox 2284 4405 2634 4475; x_wconf 74' lang='lat' dir='ltr'><strong>purissimmn</strong></span> <span class='ocrx_word' id='word_1_667' title='bbox 2659 4401 2898 4465; x_wconf 81' lang='lat' dir='ltr'><strong>exsistit,</strong></span> <span class='ocrx_word' id='word_1_668' title='bbox 2930 4415 2996 4453; x_wconf 77' lang='lat' dir='ltr'><strong>ex</strong></span> <span class='ocrx_word' id='word_1_669' title='bbox 3022 4414 3131 4467; x_wconf 92' lang='lat' dir='ltr'><strong>quo</strong></span> <span class='ocrx_word' id='word_1_670' title='bbox 3154 4397 3373 4453; x_wconf 87' lang='lat' dir='ltr'><strong>assidue</strong></span> <span class='ocrx_word' id='word_1_671' title='bbox 3396 4412 3491 4451; x_wconf 90' lang='lat' dir='ltr'><strong>seu</strong></span> 
     </span>
    </p>
   </div>
   <div class='ocr_carea' id='block_1_92' title="bbox 1902 4492 3493 4564">
    <p class='ocr_par' dir='ltr' id='par_1_92' title="bbox 1902 4492 3493 4564">
     <span class='ocr_line' id='line_1_92' title="bbox 1902 4492 3493 4564; baseline -0.009 -6"><span class='ocrx_word' id='word_1_672' title='bbox 1902 4504 2246 4558; x_wconf 88' lang='lat' dir='ltr'><strong>continenter</strong></span> <span class='ocrx_word' id='word_1_673' title='bbox 2278 4497 2518 4553; x_wconf 84' lang='lat' dir='ltr'><strong>essentia</strong></span> <span class='ocrx_word' id='word_1_674' title='bbox 2556 4495 2881 4564; x_wconf 84' lang='lat' dir='ltr'><strong>dependeat.</strong></span> <span class='ocrx_word' id='word_1_675' title='bbox 2904 4492 2998 4547; x_wconf 89' lang='lat' dir='ltr'><strong>Sic</strong></span> <span class='ocrx_word' id='word_1_676' title='bbox 3048 4492 3245 4545; x_wconf 67' lang='lat' dir='ltr'><strong>anima:</strong></span> <span class='ocrx_word' id='word_1_677' title='bbox 3304 4500 3493 4543; x_wconf 72' lang='lat' dir='ltr'><strong>vertex</strong></span> 
     </span>
    </p>
   </div>
   <div class='ocr_carea' id='block_1_93' title="bbox 1902 4586 3492 4654">
    <p class='ocr_par' dir='ltr' id='par_1_93' title="bbox 1902 4586 3492 4654">
     <span class='ocr_line' id='line_1_93' title="bbox 1902 4586 3492 4654; baseline -0.013 -1"><span class='ocrx_word' id='word_1_678' title='bbox 1902 4613 1999 4653; x_wconf 86' lang='lat' dir='ltr'><strong>seu</strong></span> <span class='ocrx_word' id='word_1_679' title='bbox 2030 4595 2318 4651; x_wconf 84' lang='lat' dir='ltr'><strong>summitas</strong></span> <span class='ocrx_word' id='word_1_680' title='bbox 2351 4601 2432 4647; x_wconf 84' lang='lat' dir='ltr'><strong>est</strong></span> <span class='ocrx_word' id='word_1_681' title='bbox 2467 4606 2639 4651; x_wconf 88' lang='lat' dir='ltr'><strong>mens,</strong></span> <span class='ocrx_word' id='word_1_682' title='bbox 2665 4596 2722 4643; x_wconf 90' lang='lat' dir='ltr'><strong>et</strong></span> <span class='ocrx_word' id='word_1_683' title='bbox 2752 4586 2978 4651; x_wconf 81' lang='lat' dir='ltr'><strong>amoris,</strong></span> <span class='ocrx_word' id='word_1_684' title='bbox 3007 4586 3101 4654; x_wconf 90' lang='lat' dir='ltr'><strong>qui</strong></span> <span class='ocrx_word' id='word_1_685' title='bbox 3128 4598 3492 4653; x_wconf 85' lang='lat' dir='ltr'><strong>supernormn</strong></span> 
     </span>
    </p>
   </div>
   <div class='ocr_carea' id='block_1_94' title="bbox 1905 4673 3495 4748">
    <p class='ocr_par' dir='ltr' id='par_1_94' title="bbox 1905 4673 3495 4748">
     <span class='ocr_line' id='line_1_94' title="bbox 1905 4673 3495 4748; baseline -0.013 -3"><span class='ocrx_word' id='word_1_686' title='bbox 1905 4689 2185 4745; x_wconf 86' lang='lat' dir='ltr'><strong>desiderio</strong></span> <span class='ocrx_word' id='word_1_687' title='bbox 2232 4684 2623 4748; x_wconf 87' lang='lat' dir='ltr'><strong>succenditur;</strong></span> <span class='ocrx_word' id='word_1_688' title='bbox 2679 4688 2735 4735; x_wconf 87' lang='lat' dir='ltr'><strong>et</strong></span> <span class='ocrx_word' id='word_1_689' title='bbox 2775 4688 2979 4732; x_wconf 79' lang='lat' dir='ltr'><strong>nostra:</strong></span> <span class='ocrx_word' id='word_1_690' title='bbox 3038 4675 3386 4738; x_wconf 71' lang='lat' dir='ltr'><strong>inierarcltiae,</strong></span> <span class='ocrx_word' id='word_1_691' title='bbox 3443 4673 3495 4726; x_wconf 91' lang='lat' dir='ltr'><strong>id</strong></span> 
     </span>
    </p>
   </div>
   <div class='ocr_carea' id='block_1_95' title="bbox 171 4770 1769 4862">
    <p class='ocr_par' dir='ltr' id='par_1_95' title="bbox 171 4785 1765 4859">
     <span class='ocr_line' id='line_1_95' title="bbox 171 4785 1765 4859; baseline -0.004 -15"><span class='ocrx_word' id='word_1_692' title='bbox 171 4788 478 4859; x_wconf 81' lang='grc' dir='ltr'>τοιγαροῦν</span> <span class='ocrx_word' id='word_1_693' title='bbox 509 4790 538 4841; x_wconf 88' lang='lat'><strong>6</strong></span> <span class='ocrx_word' id='word_1_694' title='bbox 570 4788 729 4857; x_wconf 87' lang='grc' dir='ltr'>λόγος</span> <span class='ocrx_word' id='word_1_695' title='bbox 777 4788 872 4841; x_wconf 72' lang='grc' dir='ltr'>καὶ</span> <span class='ocrx_word' id='word_1_696' title='bbox 904 4785 1086 4839; x_wconf 80' lang='grc' dir='ltr'>αὐτῶν</span> <span class='ocrx_word' id='word_1_697' title='bbox 1119 4785 1231 4839; x_wconf 88' lang='grc' dir='ltr'><strong>τῶν</strong></span> <span class='ocrx_word' id='word_1_698' title='bbox 1263 4785 1436 4853; x_wconf 84' lang='grc' dir='ltr'>ἀγίων</span> <span class='ocrx_word' id='word_1_699' title='bbox 1476 4786 1765 4857; x_wconf 86' lang='grc' dir='ltr'>ἀκροτήτω</span> 
     </span>
    </p>
   </div>
   <div class='ocr_carea' id='block_1_96' title="bbox 1892 4770 3501 4862">
    <p class='ocr_par' dir='ltr' id='par_1_96' title="bbox 1906 4770 3501 4852">
     <span class='ocr_line' id='line_1_96' title="bbox 1906 4770 3501 4852; baseline -0.012 -14"><span class='ocrx_word' id='word_1_700' title='bbox 1906 4784 2050 4849; x_wconf 88' lang='lat' dir='ltr'><strong>quod</strong></span> <span class='ocrx_word' id='word_1_701' title='bbox 2108 4781 2353 4852; x_wconf 77' lang='lat' dir='ltr'><strong>proxime</strong></span> <span class='ocrx_word' id='word_1_702' title='bbox 2389 4778 2623 4831; x_wconf 89' lang='lat' dir='ltr'><strong>intendit</strong></span> <span class='ocrx_word' id='word_1_703' title='bbox 2665 4771 3208 4828; x_wconf 86' lang='lat' dir='ltr'><strong>immaterialitatem.</strong></span> <span class='ocrx_word' id='word_1_704' title='bbox 3240 4770 3331 4823; x_wconf 88' lang='lat' dir='ltr'><strong>Sic</strong></span> <span class='ocrx_word' id='word_1_705' title='bbox 3375 4782 3501 4821; x_wconf 87' lang='lat' dir='ltr'><strong>rur-</strong></span> 
     </span>
    </p>
   </div>
   <div class='ocr_carea' id='block_1_97' title="bbox 172 4860 1769 4956">
    <p class='ocr_par' dir='ltr' id='par_1_97' title="bbox 172 4878 1769 4956">
     <span class='ocr_line' id='line_1_97' title="bbox 172 4878 1769 4956; baseline -0.004 -17"><span class='ocrx_word' id='word_1_706' title='bbox 172 4887 287 4956; x_wconf 81' lang='grc' dir='ltr'>τὴν</span> <span class='ocrx_word' id='word_1_707' title='bbox 333 4883 600 4937; x_wconf 91' lang='grc' dir='ltr'>ἀνάϐασιν</span> <span class='ocrx_word' id='word_1_708' title='bbox 660 4880 988 4953; x_wconf 80' lang='grc' dir='ltr'>ὑπερϐῆναι,</span> <span class='ocrx_word' id='word_1_709' title='bbox 1022 4879 1116 4933; x_wconf 75' lang='grc' dir='ltr'><strong>καὶ</strong></span> <span class='ocrx_word' id='word_1_710' title='bbox 1156 4878 1299 4932; x_wconf 75' lang='grc' dir='ltr'>οὕτω</span> <span class='ocrx_word' id='word_1_711' title='bbox 1339 4878 1665 4932; x_wconf 87' lang='grc' dir='ltr'>καταλαϐεῖν</span> <span class='ocrx_word' id='word_1_712' title='bbox 1698 4878 1769 4932; x_wconf 62' lang='grc' dir='ltr'>τὸη</span> 
     </span>
    </p>
   </div>
   <div class='ocr_carea' id='block_1_98' title="bbox 1892 4860 3498 4956">
    <p class='ocr_par' dir='ltr' id='par_1_98' title="bbox 1902 4860 3498 4937">
     <span class='ocr_line' id='line_1_98' title="bbox 1902 4860 3498 4937; baseline -0.013 -4"><span class='ocrx_word' id='word_1_713' title='bbox 1902 4892 2023 4933; x_wconf 86' lang='lat' dir='ltr'><strong>sum</strong></span> <span class='ocrx_word' id='word_1_714' title='bbox 2058 4874 2111 4927; x_wconf 90' lang='lat' dir='ltr'><strong>in</strong></span> <span class='ocrx_word' id='word_1_715' title='bbox 2139 4868 2454 4931; x_wconf 81' lang='lat' dir='ltr'><strong>sensilibus,</strong></span> <span class='ocrx_word' id='word_1_716' title='bbox 2508 4867 2671 4937; x_wconf 76' lang='lat' dir='ltr'><strong>ignis,</strong></span> <span class='ocrx_word' id='word_1_717' title='bbox 2707 4866 2757 4917; x_wconf 91' lang='lat' dir='ltr'><strong>id</strong></span> <span class='ocrx_word' id='word_1_718' title='bbox 2789 4864 2933 4932; x_wconf 89' lang='lat' dir='ltr'><strong>quod</strong></span> <span class='ocrx_word' id='word_1_719' title='bbox 2971 4860 3405 4923; x_wconf 80' lang='lat' dir='ltr'><strong>lucidissimum;</strong></span> <span class='ocrx_word' id='word_1_720' title='bbox 3443 4867 3498 4912; x_wconf 88' lang='lat' dir='ltr'><strong>et</strong></span> 
     </span>
    </p>
   </div>
   <div class='ocr_carea' id='block_1_99' title="bbox 172 4968 1795 5045">
    <p class='ocr_par' dir='ltr' id='par_1_99' title="bbox 172 4968 1795 5045">
     <span class='ocr_line' id='line_1_99' title="bbox 172 4968 1795 5045; baseline -0.005 -13"><span class='ocrx_word' id='word_1_721' title='bbox 172 4968 353 5032; x_wconf 77' lang='grc' dir='ltr'>τόπον</span> <span class='ocrx_word' id='word_1_722' title='bbox 384 4979 445 5030; x_wconf 91' lang='grc' dir='ltr'><strong>ἐν</strong></span> <span class='ocrx_word' id='word_1_723' title='bbox 482 4970 528 5045; x_wconf 87' lang='grc' dir='ltr'><strong>ᾧ</strong></span> <span class='ocrx_word' id='word_1_724' title='bbox 558 4978 587 5030; x_wconf 90' lang='lat'><strong>6</strong></span> <span class='ocrx_word' id='word_1_725' title='bbox 618 4974 773 5041; x_wconf 78' lang='grc' dir='ltr'>Θεὸς,</span> <span class='ocrx_word' id='word_1_726' title='bbox 806 4974 836 5026; x_wconf 83' lang='grc' dir='ltr'>ὃ</span> <span class='ocrx_word' id='word_1_727' title='bbox 882 4976 979 5028; x_wconf 77' lang='grc' dir='ltr'><strong>καὶ</strong></span> <span class='ocrx_word' id='word_1_728' title='bbox 1010 4974 1103 5027; x_wconf 76' lang='grc' dir='ltr'>ἐπὶ</span> <span class='ocrx_word' id='word_1_729' title='bbox 1136 4974 1416 5037; x_wconf 86' lang='grc' dir='ltr'>Μωῦσέως</span> <span class='ocrx_word' id='word_1_730' title='bbox 1449 4972 1662 5041; x_wconf 83' lang='grc' dir='ltr'>γέγονε.</span> <span class='ocrx_word' id='word_1_731' title='bbox 1687 4973 1795 5041; x_wconf 84' lang='grc' dir='ltr'>Ση-</span> 
     </span>
    </p>
   </div>
   <div class='ocr_carea' id='block_1_100' title="bbox 181 5064 1795 5144">
    <p class='ocr_par' dir='ltr' id='par_1_100' title="bbox 181 5064 1795 5144">
     <span class='ocr_line' id='line_1_100' title="bbox 181 5064 1795 5144; baseline -0.002 -21"><span class='ocrx_word' id='word_1_732' title='bbox 181 5070 419 5144; x_wconf 84' lang='grc' dir='ltr'>μείωσαι</span> <span class='ocrx_word' id='word_1_733' title='bbox 452 5068 554 5140; x_wconf 87' lang='grc' dir='ltr'>τὴν</span> <span class='ocrx_word' id='word_1_734' title='bbox 575 5068 732 5133; x_wconf 84' lang='grc' dir='ltr'>τάξιν</span> <span class='ocrx_word' id='word_1_735' title='bbox 754 5066 864 5121; x_wconf 88' lang='grc' dir='ltr'><strong>τῶν</strong></span> <span class='ocrx_word' id='word_1_736' title='bbox 883 5065 1247 5120; x_wconf 88' lang='grc' dir='ltr'>τελεσθέντων</span> <span class='ocrx_word' id='word_1_737' title='bbox 1278 5067 1371 5119; x_wconf 74' lang='grc' dir='ltr'><strong>ἐπὶ</strong></span> <span class='ocrx_word' id='word_1_738' title='bbox 1403 5067 1632 5136; x_wconf 80' lang='grc' dir='ltr'>Μωῦσῇ,</span> <span class='ocrx_word' id='word_1_739' title='bbox 1662 5064 1795 5137; x_wconf 72' lang='grc' dir='ltr'>πρὶν</span> 
     </span>
    </p>
   </div>
   <div class='ocr_carea' id='block_1_101' title="bbox 177 5156 1795 5232">
    <p class='ocr_par' dir='ltr' id='par_1_101' title="bbox 177 5156 1795 5232">
     <span class='ocr_line' id='line_1_101' title="bbox 177 5156 1795 5232; baseline -0.005 -14"><span class='ocrx_word' id='word_1_740' title='bbox 177 5161 488 5232; x_wconf 80' lang='grc' dir='ltr'>ἀξιωθῆναι</span> <span class='ocrx_word' id='word_1_741' title='bbox 524 5163 605 5224; x_wconf 79' lang='grc' dir='ltr'><strong>εἰς</strong></span> <span class='ocrx_word' id='word_1_742' title='bbox 666 5160 759 5213; x_wconf 83' lang='grc' dir='ltr'><strong>τὸν</strong></span> <span class='ocrx_word' id='word_1_743' title='bbox 806 5159 1010 5229; x_wconf 84' lang='grc' dir='ltr'>γνόφον</span> <span class='ocrx_word' id='word_1_744' title='bbox 1072 5158 1354 5213; x_wconf 83' lang='grc' dir='ltr'>εἰσελθεῖν.</span> <span class='ocrx_word' id='word_1_745' title='bbox 1408 5158 1633 5230; x_wconf 84' lang='grc' dir='ltr'>Πρῶτον</span> <span class='ocrx_word' id='word_1_746' title='bbox 1685 5156 1795 5228; x_wconf 86' lang='grc' dir='ltr'>γὰρ</span> 
     </span>
    </p>
   </div>
   <div class='ocr_carea' id='block_1_102' title="bbox 178 5249 1796 5326">
    <p class='ocr_par' dir='ltr' id='par_1_102' title="bbox 178 5249 1796 5326">
     <span class='ocr_line' id='line_1_102' title="bbox 178 5249 1796 5326; baseline -0.005 -15"><span class='ocrx_word' id='word_1_747' title='bbox 178 5256 572 5326; x_wconf 85' lang='grc' dir='ltr'>ἀπεκαθάρθη,</span> <span class='ocrx_word' id='word_1_748' title='bbox 607 5255 702 5308; x_wconf 79' lang='grc' dir='ltr'><strong>καὶ</strong></span> <span class='ocrx_word' id='word_1_749' title='bbox 733 5252 876 5307; x_wconf 75' lang='grc' dir='ltr'>οὕτω</span> <span class='ocrx_word' id='word_1_750' title='bbox 907 5253 1016 5307; x_wconf 88' lang='grc' dir='ltr'><strong>τῶν</strong></span> <span class='ocrx_word' id='word_1_751' title='bbox 1048 5253 1224 5307; x_wconf 83' lang='grc' dir='ltr'>ἄλλων</span> <span class='ocrx_word' id='word_1_752' title='bbox 1254 5251 1564 5324; x_wconf 82' lang='grc' dir='ltr'>ἀφωρίσθη.</span> <span class='ocrx_word' id='word_1_753' title='bbox 1595 5249 1733 5304; x_wconf 86' lang='grc' dir='ltr'>Μεθ’</span> <span class='ocrx_word' id='word_1_754' title='bbox 1767 5250 1796 5303; x_wconf 83' lang='grc' dir='ltr'><strong>ὃ</strong></span> 
     </span>
    </p>
   </div>
   <div class='ocr_carea' id='block_1_103' title="bbox 180 5341 1797 5417">
    <p class='ocr_par' dir='ltr' id='par_1_103' title="bbox 180 5341 1797 5417">
     <span class='ocr_line' id='line_1_103' title="bbox 180 5341 1797 5417; baseline -0.005 -17"><span class='ocrx_word' id='word_1_755' title='bbox 180 5346 302 5417; x_wconf 79' lang='grc' dir='ltr'><strong>γάρ</strong></span> <span class='ocrx_word' id='word_1_756' title='bbox 348 5343 488 5416; x_wconf 82' lang='grc' dir='ltr'>μετὰ</span> <span class='ocrx_word' id='word_1_757' title='bbox 519 5342 629 5404; x_wconf 87' lang='grc' dir='ltr'><strong>τῶν</strong></span> <span class='ocrx_word' id='word_1_758' title='bbox 690 5343 869 5397; x_wconf 80' lang='grc' dir='ltr'>ἄλλων</span> <span class='ocrx_word' id='word_1_759' title='bbox 911 5343 1021 5396; x_wconf 87' lang='grc' dir='ltr'><strong>τῶν</strong></span> <span class='ocrx_word' id='word_1_760' title='bbox 1087 5342 1404 5411; x_wconf 85' lang='grc' dir='ltr'>σαλπίγγων</span> <span class='ocrx_word' id='word_1_761' title='bbox 1438 5342 1667 5413; x_wconf 84' lang='grc' dir='ltr'>ἀκήκοε,</span> <span class='ocrx_word' id='word_1_762' title='bbox 1704 5341 1797 5394; x_wconf 72' lang='grc' dir='ltr'><strong>καὶ</strong></span> 
     </span>
    </p>
   </div>
   <div class='ocr_carea' id='block_1_104' title="bbox 1899 4958 3502 5038">
    <p class='ocr_par' dir='ltr' id='par_1_104' title="bbox 1899 4958 3502 5038">
     <span class='ocr_line' id='line_1_104' title="bbox 1899 4958 3502 5038; baseline -0.016 -13"><span class='ocrx_word' id='word_1_763' title='bbox 1899 4982 2076 5038; x_wconf 68' lang='lat' dir='ltr'><strong>aquae,</strong></span> <span class='ocrx_word' id='word_1_764' title='bbox 2113 4964 2163 5017; x_wconf 91' lang='lat' dir='ltr'><strong>id</strong></span> <span class='ocrx_word' id='word_1_765' title='bbox 2199 4963 2344 5031; x_wconf 91' lang='lat' dir='ltr'><strong>quod</strong></span> <span class='ocrx_word' id='word_1_766' title='bbox 2390 4958 2774 5012; x_wconf 70' lang='lat' dir='ltr'><strong>tenuissimum</strong></span> <span class='ocrx_word' id='word_1_767' title='bbox 2819 4962 2925 5019; x_wconf 84' lang='lat' dir='ltr'><strong>est,</strong></span> <span class='ocrx_word' id='word_1_768' title='bbox 2956 4961 3011 5005; x_wconf 91' lang='lat' dir='ltr'><strong>et</strong></span> <span class='ocrx_word' id='word_1_769' title='bbox 3038 4961 3240 5009; x_wconf 75' lang='lat' dir='ltr'><strong>etetera</strong></span> <span class='ocrx_word' id='word_1_770' title='bbox 3274 4964 3502 5019; x_wconf 89' lang='lat' dir='ltr'><strong>pr0por-</strong></span> 
     </span>
    </p>
   </div>
   <div class='ocr_carea' id='block_1_105' title="bbox 1904 5045 3498 5117">
    <p class='ocr_par' dir='ltr' id='par_1_105' title="bbox 1904 5045 3498 5117">
     <span class='ocr_line' id='line_1_105' title="bbox 1904 5045 3498 5117; baseline -0.014 -2"><span class='ocrx_word' id='word_1_771' title='bbox 1904 5062 2053 5117; x_wconf 90' lang='lat' dir='ltr'><strong>tione</strong></span> <span class='ocrx_word' id='word_1_772' title='bbox 2102 5071 2222 5111; x_wconf 86' lang='lat' dir='ltr'><strong>sua.</strong></span> <span class='ocrx_word' id='word_1_773' title='bbox 2260 5052 2527 5106; x_wconf 88' lang='lat' dir='ltr'><strong>Hortatur</strong></span> <span class='ocrx_word' id='word_1_774' title='bbox 2569 5047 2759 5115; x_wconf 85' lang='lat' dir='ltr'><strong>itaque</strong></span> <span class='ocrx_word' id='word_1_775' title='bbox 2803 5045 2891 5098; x_wconf 83' lang='lat' dir='ltr'><strong>hic</strong></span> <span class='ocrx_word' id='word_1_776' title='bbox 2936 5056 3139 5108; x_wconf 89' lang='lat' dir='ltr'><strong>sermo,</strong></span> <span class='ocrx_word' id='word_1_777' title='bbox 3178 5048 3498 5095; x_wconf 79' lang='lat' dir='ltr'><strong>sanctorum</strong></span> 
     </span>
    </p>
   </div>
   <div class='ocr_carea' id='block_1_106' title="bbox 1903 5131 3499 5222">
    <p class='ocr_par' dir='ltr' id='par_1_106' title="bbox 1903 5131 3499 5222">
     <span class='ocr_line' id='line_1_106' title="bbox 1903 5131 3499 5222; baseline -0.014 -19"><span class='ocrx_word' id='word_1_778' title='bbox 1903 5163 2121 5222; x_wconf 88' lang='lat' dir='ltr'><strong>quoque</strong></span> <span class='ocrx_word' id='word_1_779' title='bbox 2173 5144 2437 5199; x_wconf 88' lang='lat' dir='ltr'><strong>verticum</strong></span> <span class='ocrx_word' id='word_1_780' title='bbox 2467 5154 2757 5194; x_wconf 86' lang='lat' dir='ltr'><strong>ascensum</strong></span> <span class='ocrx_word' id='word_1_781' title='bbox 2803 5150 3091 5205; x_wconf 86' lang='lat' dir='ltr'><strong>superare,</strong></span> <span class='ocrx_word' id='word_1_782' title='bbox 3118 5143 3173 5186; x_wconf 91' lang='lat' dir='ltr'><strong>et</strong></span> <span class='ocrx_word' id='word_1_783' title='bbox 3206 5131 3287 5186; x_wconf 89' lang='lat' dir='ltr'><strong>sic</strong></span> <span class='ocrx_word' id='word_1_784' title='bbox 3319 5131 3499 5182; x_wconf 77' lang='lat' dir='ltr'><strong>locum</strong></span> 
     </span>
    </p>
   </div>
   <div class='ocr_carea' id='block_1_107' title="bbox 1908 5221 3500 5314">
    <p class='ocr_par' dir='ltr' id='par_1_107' title="bbox 1908 5221 3500 5314">
     <span class='ocr_line' id='line_1_107' title="bbox 1908 5221 3500 5314; baseline -0.015 -16"><span class='ocrx_word' id='word_1_785' title='bbox 1908 5221 2323 5314; x_wconf 83' lang='lat' dir='ltr'><strong>apprehendere</strong></span> <span class='ocrx_word' id='word_1_786' title='bbox 2345 5236 2396 5289; x_wconf 91' lang='lat' dir='ltr'><strong>in</strong></span> <span class='ocrx_word' id='word_1_787' title='bbox 2426 5249 2534 5302; x_wconf 91' lang='lat' dir='ltr'><strong>quo</strong></span> <span class='ocrx_word' id='word_1_788' title='bbox 2566 5242 2649 5286; x_wconf 90' lang='lat' dir='ltr'><strong>est</strong></span> <span class='ocrx_word' id='word_1_789' title='bbox 2673 5230 2835 5293; x_wconf 89' lang='lat' dir='ltr'><strong>Deus,</strong></span> <span class='ocrx_word' id='word_1_790' title='bbox 2871 5229 2922 5282; x_wconf 91' lang='lat' dir='ltr'><strong>id</strong></span> <span class='ocrx_word' id='word_1_791' title='bbox 2953 5228 3096 5296; x_wconf 91' lang='lat' dir='ltr'><strong>quod</strong></span> <span class='ocrx_word' id='word_1_792' title='bbox 3129 5225 3296 5279; x_wconf 86' lang='lat' dir='ltr'><strong>etiam</strong></span> <span class='ocrx_word' id='word_1_793' title='bbox 3325 5221 3500 5292; x_wconf 75' lang='lat' dir='ltr'><strong>Moysi</strong></span> 
     </span>
    </p>
   </div>
   <div class='ocr_carea' id='block_1_108' title="bbox 1906 5316 3495 5390">
    <p class='ocr_par' dir='ltr' id='par_1_108' title="bbox 1906 5316 3495 5390">
     <span class='ocr_line' id='line_1_108' title="bbox 1906 5316 3495 5390; baseline -0.013 -2"><span class='ocrx_word' id='word_1_794' title='bbox 1906 5334 2124 5388; x_wconf 78' lang='lat' dir='ltr'><strong>act-idit.</strong></span> <span class='ocrx_word' id='word_1_795' title='bbox 2187 5328 2327 5382; x_wconf 76' lang='lat' dir='ltr'><strong>Nota</strong></span> <span class='ocrx_word' id='word_1_796' title='bbox 2389 5326 2635 5379; x_wconf 89' lang='lat' dir='ltr'><strong>ordinem</strong></span> <span class='ocrx_word' id='word_1_797' title='bbox 2703 5338 2892 5376; x_wconf 87' lang='lat' dir='ltr'><strong>eorum</strong></span> <span class='ocrx_word' id='word_1_798' title='bbox 2958 5336 3076 5390; x_wconf 71' lang='lat' dir='ltr'><strong>quae</strong></span> <span class='ocrx_word' id='word_1_799' title='bbox 3126 5316 3301 5387; x_wconf 81' lang='lat' dir='ltr'><strong>Moysi</strong></span> <span class='ocrx_word' id='word_1_800' title='bbox 3360 5331 3495 5369; x_wconf 87' lang='lat' dir='ltr'><strong>con-</strong></span> 
     </span>
    </p>
   </div>
   <div class='ocr_carea' id='block_1_109' title="bbox 179 5407 1769 5507">
    <p class='ocr_par' dir='ltr' id='par_1_109' title="bbox 179 5407 1769 5507">
     <span class='ocr_line' id='line_1_109' title="bbox 179 5407 1769 5507; baseline -0.005 -14"><span class='ocrx_word' id='word_1_801' title='bbox 179 5407 422 5494; x_wconf 48' lang='grc' dir='ltr'><strong>⁸τιὰ-θεῖα</strong></span> <span class='ocrx_word' id='word_1_802' title='bbox 469 5435 625 5506; x_wconf 85' lang='grc' dir='ltr'>φῶτα</span> <span class='ocrx_word' id='word_1_803' title='bbox 663 5435 939 5499; x_wconf 82' lang='grc' dir='ltr'>κατεῖδεν,</span> <span class='ocrx_word' id='word_1_804' title='bbox 974 5407 1316 5507; x_wconf 72' lang='grc' dir='ltr'>ἀφορίζεται,</span> <span class='ocrx_word' id='word_1_805' title='bbox 1346 5434 1440 5489; x_wconf 73' lang='grc' dir='ltr'>καὶ</span> <span class='ocrx_word' id='word_1_806' title='bbox 1494 5407 1633 5505; x_wconf 77' lang='grc' dir='ltr'><strong>μετά</strong></span> <span class='ocrx_word' id='word_1_807' title='bbox 1690 5433 1769 5486; x_wconf 86' lang='grc' dir='ltr'><strong>τῶ</strong></span> 
     </span>
    </p>
   </div>
   <div class='ocr_carea' id='block_1_110' title="bbox 1892 5407 3498 5507">
    <p class='ocr_par' dir='ltr' id='par_1_110' title="bbox 1908 5407 3498 5496">
     <span class='ocr_line' id='line_1_110' title="bbox 1908 5407 3498 5496; baseline -0.013 -14"><span class='ocrx_word' id='word_1_808' title='bbox 1908 5428 2168 5496; x_wconf 79' lang='lat' dir='ltr'><strong>tigerunt,</strong></span> <span class='ocrx_word' id='word_1_809' title='bbox 2208 5421 2526 5492; x_wconf 83' lang='lat' dir='ltr'><strong>priusquam</strong></span> <span class='ocrx_word' id='word_1_810' title='bbox 2594 5415 2794 5486; x_wconf 73' lang='lat' dir='ltr'><strong>dignus</strong></span> <span class='ocrx_word' id='word_1_811' title='bbox 2850 5423 2935 5468; x_wconf 91' lang='lat' dir='ltr'><strong>est</strong></span> <span class='ocrx_word' id='word_1_812' title='bbox 2989 5411 3204 5466; x_wconf 87' lang='lat' dir='ltr'><strong>habitus</strong></span> <span class='ocrx_word' id='word_1_813' title='bbox 3256 5410 3308 5461; x_wconf 88' lang='lat' dir='ltr'><strong>itt</strong></span> <span class='ocrx_word' id='word_1_814' title='bbox 3356 5407 3498 5462; x_wconf 87' lang='lat' dir='ltr'><strong>cali-</strong></span> 
     </span>
    </p>
   </div>
   <div class='ocr_carea' id='block_1_111' title="bbox 183 5501 1769 5601">
    <p class='ocr_par' dir='ltr' id='par_1_111' title="bbox 183 5501 1768 5601">
     <span class='ocr_line' id='line_1_111' title="bbox 183 5501 1768 5601; baseline -0.004 -17"><span class='ocrx_word' id='word_1_815' title='bbox 183 5528 385 5601; x_wconf 77' lang='grc' dir='ltr'>ίερέων</span> <span class='ocrx_word' id='word_1_816' title='bbox 414 5501 659 5582; x_wconf 75' lang='grc' dir='ltr'>ἵσταται·</span> <span class='ocrx_word' id='word_1_817' title='bbox 690 5528 786 5582; x_wconf 75' lang='grc' dir='ltr'><strong>καὶ</strong></span> <span class='ocrx_word' id='word_1_818' title='bbox 819 5530 899 5592; x_wconf 77' lang='grc' dir='ltr'><strong>εἰς</strong></span> <span class='ocrx_word' id='word_1_819' title='bbox 928 5501 1036 5581; x_wconf 29' lang='grc' dir='ltr'>τὸν*</span> <span class='ocrx_word' id='word_1_820' title='bbox 1065 5501 1206 5581; x_wconf 85' lang='grc' dir='ltr'>θεῖον</span> <span class='ocrx_word' id='word_1_821' title='bbox 1246 5527 1444 5597; x_wconf 82' lang='grc' dir='ltr'>γνόφον</span> <span class='ocrx_word' id='word_1_822' title='bbox 1476 5501 1677 5589; x_wconf 77' lang='grc' dir='ltr'>εἰσδὺς,</span> <span class='ocrx_word' id='word_1_823' title='bbox 1709 5524 1768 5578; x_wconf 85' lang='grc' dir='ltr'>τὸ</span> 
     </span>
    </p>
   </div>
   <div class='ocr_carea' id='block_1_112' title="bbox 1892 5501 3501 5601">
    <p class='ocr_par' dir='ltr' id='par_1_112' title="bbox 1905 5501 3501 5589">
     <span class='ocr_line' id='line_1_112' title="bbox 1905 5501 3501 5589; baseline -0.014 -12"><span class='ocrx_word' id='word_1_824' title='bbox 1905 5522 2087 5589; x_wconf 82' lang='lat' dir='ltr'><strong>ginem</strong></span> <span class='ocrx_word' id='word_1_825' title='bbox 2138 5513 2368 5587; x_wconf 81' lang='lat' dir='ltr'><strong>ingredi.</strong></span> <span class='ocrx_word' id='word_1_826' title='bbox 2416 5513 2658 5567; x_wconf 82' lang='lat' dir='ltr'><strong>Primum</strong></span> <span class='ocrx_word' id='word_1_827' title='bbox 2708 5511 2850 5564; x_wconf 88' lang='lat' dir='ltr'><strong>enim</strong></span> <span class='ocrx_word' id='word_1_828' title='bbox 2904 5507 3157 5576; x_wconf 75' lang='lat' dir='ltr'><strong>expiatus</strong></span> <span class='ocrx_word' id='word_1_829' title='bbox 3188 5502 3386 5566; x_wconf 80' lang='lat' dir='ltr'><strong>fuit,ct</strong></span> <span class='ocrx_word' id='word_1_830' title='bbox 3419 5501 3501 5555; x_wconf 82' lang='lat' dir='ltr'><strong>sic</strong></span> 
     </span>
    </p>
   </div>
   <div class='ocr_carea' id='block_1_113' title="bbox 180 5615 1796 5693">
    <p class='ocr_par' dir='ltr' id='par_1_113' title="bbox 180 5615 1796 5693">
     <span class='ocr_line' id='line_1_113' title="bbox 180 5615 1796 5693; baseline -0.005 -16"><span class='ocrx_word' id='word_1_831' title='bbox 180 5623 321 5678; x_wconf 82' lang='grc' dir='ltr'>Θεὸν</span> <span class='ocrx_word' id='word_1_832' title='bbox 347 5622 444 5692; x_wconf 83' lang='grc' dir='ltr'><strong>μὲν</strong></span> <span class='ocrx_word' id='word_1_833' title='bbox 464 5621 564 5691; x_wconf 77' lang='grc' dir='ltr'>οὐχ</span> <span class='ocrx_word' id='word_1_834' title='bbox 590 5622 713 5693; x_wconf 79' lang='grc' dir='ltr'>ὁρᾷ,</span> <span class='ocrx_word' id='word_1_835' title='bbox 739 5620 911 5692; x_wconf 80' lang='grc' dir='ltr'>(Θεὸν</span> <span class='ocrx_word' id='word_1_836' title='bbox 925 5621 1035 5693; x_wconf 79' lang='grc' dir='ltr'><strong>γάρ</strong></span> <span class='ocrx_word' id='word_1_837' title='bbox 1054 5619 1253 5685; x_wconf 79' lang='grc' dir='ltr'>οὐδεὶς</span> <span class='ocrx_word' id='word_1_838' title='bbox 1269 5618 1490 5686; x_wconf 76' lang='grc' dir='ltr'>ἑώρακε</span> <span class='ocrx_word' id='word_1_839' title='bbox 1517 5615 1796 5687; x_wconf 82' lang='grc' dir='ltr'>πώποτε),</span> 
     </span>
    </p>
   </div>
   <div class='ocr_carea' id='block_1_114' title="bbox 181 5704 1798 5786">
    <p class='ocr_par' dir='ltr' id='par_1_114' title="bbox 181 5704 1798 5786">
     <span class='ocr_line' id='line_1_114' title="bbox 181 5704 1798 5786; baseline -0.003 -17"><span class='ocrx_word' id='word_1_840' title='bbox 181 5715 282 5769; x_wconf 80' lang='grc' dir='ltr'><strong>τὸν</strong></span> <span class='ocrx_word' id='word_1_841' title='bbox 315 5712 481 5768; x_wconf 75' lang='grc' dir='ltr'>τόπον</span> <span class='ocrx_word' id='word_1_842' title='bbox 507 5713 565 5768; x_wconf 76' lang='grc' dir='ltr'>δὲ</span> <span class='ocrx_word' id='word_1_843' title='bbox 590 5712 649 5766; x_wconf 85' lang='grc' dir='ltr'><strong>ἐν</strong></span> <span class='ocrx_word' id='word_1_844' title='bbox 680 5706 725 5782; x_wconf 82' lang='grc' dir='ltr'>ᾧ</span> <span class='ocrx_word' id='word_1_845' title='bbox 750 5712 902 5786; x_wconf 73' lang='grc' dir='ltr'><strong>ἔστη⁸</strong></span> <span class='ocrx_word' id='word_1_846' title='bbox 940 5710 999 5778; x_wconf 78' lang='grc' dir='ltr'><strong>ἐξ</strong></span> <span class='ocrx_word' id='word_1_847' title='bbox 1027 5704 1087 5766; x_wconf 74' lang='grc' dir='ltr'><strong>οὖ</strong></span> <span class='ocrx_word' id='word_1_848' title='bbox 1119 5712 1396 5785; x_wconf 82' lang='grc' dir='ltr'>δηλοῦται,</span> <span class='ocrx_word' id='word_1_849' title='bbox 1416 5710 1484 5765; x_wconf 81' lang='grc' dir='ltr'><strong>τά</strong></span> <span class='ocrx_word' id='word_1_850' title='bbox 1510 5711 1619 5766; x_wconf 85' lang='grc' dir='ltr'><strong>τῶν</strong></span> <span class='ocrx_word' id='word_1_851' title='bbox 1650 5727 1798 5765; x_wconf 80' lang='grc' dir='ltr'>νοου-</span> 
     </span>
    </p>
   </div>
   <div class='ocr_carea' id='block_1_115' title="bbox 273 5893 738 5962">
    <p class='ocr_par' dir='ltr' id='par_1_115' title="bbox 273 5893 738 5962">
     <span class='ocr_line' id='line_1_115' title="bbox 273 5893 738 5962; baseline 0 -13"><span class='ocrx_word' id='word_1_852' title='bbox 273 5904 301 5933; x_wconf 80' lang='grc' dir='ltr'><strong><em>ο</em></strong></span> <span class='ocrx_word' id='word_1_853' title='bbox 338 5894 463 5953; x_wconf 72' lang='grc' dir='ltr'>ιειιί.</span> <span class='ocrx_word' id='word_1_854' title='bbox 500 5910 648 5962; x_wconf 73' lang='lat' dir='ltr'><strong>utr,</strong></span> <span class='ocrx_word' id='word_1_855' title='bbox 683 5893 738 5949; x_wconf 80' lang='lat'>6.</span> 
     </span>
    </p>
   </div>
   <div class='ocr_carea' id='block_1_116' title="bbox 1904 5594 3497 5678">
    <p class='ocr_par' dir='ltr' id='par_1_116' title="bbox 1904 5594 3497 5678">
     <span class='ocr_line' id='line_1_116' title="bbox 1904 5594 3497 5678; baseline -0.013 -9"><span class='ocrx_word' id='word_1_856' title='bbox 1904 5618 1973 5671; x_wconf 89' lang='lat' dir='ltr'><strong>ab</strong></span> <span class='ocrx_word' id='word_1_857' title='bbox 2024 5613 2149 5667; x_wconf 87' lang='lat' dir='ltr'><strong>aliis</strong></span> <span class='ocrx_word' id='word_1_858' title='bbox 2180 5617 2528 5678; x_wconf 76' lang='lat' dir='ltr'><strong>segregatus.</strong></span> <span class='ocrx_word' id='word_1_859' title='bbox 2562 5604 2727 5676; x_wconf 76' lang='lat'><strong>556</strong></span> <span class='ocrx_word' id='word_1_860' title='bbox 2757 5602 2860 5659; x_wconf 87' lang='lat' dir='ltr'><strong>Ubi</strong></span> <span class='ocrx_word' id='word_1_861' title='bbox 2896 5601 3038 5657; x_wconf 89' lang='lat' dir='ltr'><strong>enim</strong></span> <span class='ocrx_word' id='word_1_862' title='bbox 3082 5613 3188 5653; x_wconf 88' lang='lat' dir='ltr'><strong>una</strong></span> <span class='ocrx_word' id='word_1_863' title='bbox 3215 5612 3335 5649; x_wconf 84' lang='lat' dir='ltr'><strong>(‘Ilm</strong></span> <span class='ocrx_word' id='word_1_864' title='bbox 3371 5594 3497 5649; x_wconf 84' lang='lat' dir='ltr'><strong>aliis</strong></span> 
     </span>
    </p>
   </div>
   <div class='ocr_carea' id='block_1_117' title="bbox 1906 5691 3497 5771">
    <p class='ocr_par' dir='ltr' id='par_1_117' title="bbox 1906 5691 3497 5771">
     <span class='ocr_line' id='line_1_117' title="bbox 1906 5691 3497 5771; baseline -0.015 -6"><span class='ocrx_word' id='word_1_865' title='bbox 1906 5711 2066 5765; x_wconf 75' lang='lat' dir='ltr'><strong>tubas</strong></span> <span class='ocrx_word' id='word_1_866' title='bbox 2110 5705 2430 5771; x_wconf 78' lang='lat' dir='ltr'><strong>audivisset,</strong></span> <span class='ocrx_word' id='word_1_867' title='bbox 2466 5711 2520 5758; x_wconf 88' lang='lat' dir='ltr'><strong>et</strong></span> <span class='ocrx_word' id='word_1_868' title='bbox 2550 5699 2736 5756; x_wconf 80' lang='lat' dir='ltr'><strong>divina</strong></span> <span class='ocrx_word' id='word_1_869' title='bbox 2764 5693 2967 5751; x_wconf 83' lang='lat' dir='ltr'><strong>lumina</strong></span> <span class='ocrx_word' id='word_1_870' title='bbox 3016 5691 3275 5758; x_wconf 85' lang='lat' dir='ltr'><strong>vidisset,</strong></span> <span class='ocrx_word' id='word_1_871' title='bbox 3308 5700 3497 5759; x_wconf 73' lang='lat' dir='ltr'><strong>segre-</strong></span> 
     </span>
    </p>
   </div>
  </div>
