3866 6232
429 387 572 445 £023

1581 384 1640 442 S.
1677 381 1837 440 DION
1855 397 1879 438 ι
1894 382 1977 440 Sll
2011 381 2102 439 AR
2114 382 2244 440 EOD
2259 381 2479 444 tGlT/E

3554 390 3699 448 ιωι

428 517 608 570 ga'ur,
652 512 705 558 et
734 518 857 559 cum
886 504 1261 558 sacerdotibus
1287 503 1676 569 constituitur;
1709 512 1763 557 et
1789 503 1840 558 in
1873 502 1996 555 divi-

2115 499 2290 570 μένων
2339 502 2432 554 καὶ
2479 500 2778 573 ὁρωμένων
2824 501 3103 573 ἀκρότατα
3147 500 3505 567 ὕποθετικούς
3545 520 3704 566 τινας

430 611 554 648 nam
600 597 887 664 caliginem
923 598 1228 656 immersus.
1263 597 1427 650 Deum
1461 597 1677 664 quidem
1716 611 1821 650 non
1863 596 2010 649 videt

431 687 620 754 (Deum
663 689 806 742 enim
862 707 1010 743 nemo
1054 692 1179 742 ridi!
1228 707 1456 758 unquam
1481 691 1573 758 0⁸),
1607 691 1700 744 sed
1734 690 1908 742 locum
1954 689 2007 742 in

430 794 536 846 quo
569 790 824 843 steterat;
869 783 1009 835 unde
1035 781 1392 850 signiﬁcatur,
1425 798 1611 837 eorum
1651 798 1772 852 qua:
1805 784 2008 837 intelli-

427 882 630 940 gnntur
661 882 717 927 et
745 875 994 927 videntur
1024 879 1387 938 summitates.
1422 893 1543 932 esse
1578 878 1816 932 rationes
1847 895 2010 947 quas-

427 967 551 1020 dam
585 967 959 1037 bypotbeticas
994 985 1180 1024 eorum
1221 986 1341 1039 qua:
1400 971 1450 1024 in
1497 972 1603 1026 Deo
1641 983 1787 1029 sunt.
1824 973 2007 1044 Hypo-

426 1058 649 1111 tbeticas
679 1073 808 1112 vero
847 1061 1084 1115 rationes
1114 1075 1376 1118 vocateas
1405 1080 1524 1132 quae
1555 1080 1639 1119 res
1669 1067 2004 1132 describunt,

420 1159 476 1201 et
513 1152 664 1216 quasi
699 1153 1148 1222 contemplandas
1188 1159 1448 1224 praebent,
1477 1174 1612 1226 quas
1645 1160 1720 1212 ait
1749 1176 1868 1214 esse
1898 1162 2007 1215 Deo

422 1239 716 1304 subjeclas,
753 1243 802 1294 id
835 1254 918 1296 est
967 1245 1193 1316 intelligi
1247 1249 1424 1302 inesse
1473 1250 1603 1318 ipsi:
1639 1266 1703 1304 ex
1746 1251 1809 1305 iis
1858 1253 2005 1306 enim

416 1331 698 1396 docemur,
737 1335 908 1391 insum
967 1338 1128 1392 rebus
1179 1342 1436 1395 omnibus
1485 1358 1603 1396 esse
1657 1357 2001 1412 prmsentem,

423 1439 526 1476 non
583 1429 938 1491 transeundo,
975 1433 1068 1484 sed
1130 1433 1484 1500 providendo.
1539 1437 1824 1504 Spiritales
1873 1453 2004 1491 vero

421 1518 653 1571 vertices
710 1532 866 1574 vocat
917 1525 1172 1578 emlestes
1221 1536 1274 1578 et
1328 1526 1678 1583 intellectiles
1730 1532 2004 1585 essentias

415 1624 540 1674 qua:
591 1610 734 1663 circa
769 1612 934 1666 Deum
974 1625 1121 1676 sunt.
1164 1634 1300 1686 quas
1346 1632 1399 1672 et
1438 1621 1583 1674 locos
1627 1623 2001 1677 sanctissimos

419 1701 733 1767 appellavit,
765 1707 965 1773 quibus
1011 1711 1403 1777 supereminet,
1439 1723 1494 1766 et
1529 1729 1556 1766 a
1591 1715 1789 1782 quibus
1838 1713 1998 1767 abso-

418 1792 563 1846 Intus
597 1807 701 1862 est,
737 1803 1034 1854 secundum
1068 1804 1202 1857 nihil
1234 1809 1456 1858 omnino
1486 1807 1616 1876 ipsis
1645 1808 1996 1862 assimilatus.

418 1889 630 1961 Moyses
652 1893 832 1960 itaque
854 1897 1251 1960 contemplatus
1276 1898 1452 1952 locum
1478 1900 1565 1953 ubi
1591 1900 1731 1956 Deus
1749 1913 1992 1971 steterat,

418 1994 644 2052 tumqtte
695 1987 762 2039 ab
813 1988 876 2040 iis
927 2005 1047 2057 qua:
1093 1992 1349 2045 videntur
1396 1993 1696 2061 absolutus,
1728 1997 1777 2049 id
1807 2007 1890 2051 est
1931 1999 1997 2053 ab

417 2078 667 2132 onmibus
691 2081 982 2136 sensilibus
1007 2095 1060 2136 et
1091 2087 1533 2154 aspectabilibus,
1557 2090 1607 2143 id
1637 2101 1714 2144 est
1743 2093 1999 2148 omnibus

418 2171 798 2240 rationafibus,
815 2175 1484 2249 intellectililms,inquam,
1502 2192 1556 2236 et
1576 2183 2002 2256 intelligentibus

411 2267 690 2332 essenliis,
738 2278 795 2322 et
845 2285 966 2322 cum
1025 2270 1108 2324 his
1155 2273 1319 2326 etiam
1362 2275 1430 2326 ab
1470 2276 1754 2331 animabus
1794 2280 1998 2335 nostris

417 2357 706 2421 libi-ratus,
739 2370 922 2426 postea
958 2360 1009 2413 in
1057 2361 1347 2430 caliginem
1405 2366 1684 2434 ingressus
1737 2378 1840 2434 est,
1890 2370 1991 2426 hoc

413 2457 520 2510 est,
552 2449 601 2501 in
637 2451 726 2503 Dei
763 2451 1188 2519 ignorationem;
1227 2455 1313 2506 ubi
1345 2469 1468 2509 cum
1512 2458 1689 2511 mnnis
1729 2461 1997 2530 cognitio—

415 2539 502 2590 nis
551 2540 792 2594 subsidia
839 2542 1181 2605 exclusisset,
1229 2545 1326 2598 fuit
1361 2545 1412 2600 in
1463 2549 1760 2602 obseura"
1795 2563 1995 2616 mente,

414 2643 533 2693 quae
565 2628 733 2682 videri
785 2632 992 2698 nequit,
1051 2632 1165 2694 Dei,
1201 2650 1365 2704 supra
1415 2652 1606 2691 omnes
1659 2640 1993 2710 intelligendi

414 2719 700 2776 facultates
730 2725 1040 2786 constituti,
1070 2725 1271 2794 talique
1304 2730 1464 2785 modo
1491 2730 1816 2798 conjunctus
1843 2735 1998 2804 igno-

417 2812 613 2868 rationi
650 2825 703 2868 et
735 2817 1052 2871 cessationi.
1091 2818 1205 2874 Non
1241 2821 1363 2876 dico
1396 2825 1629 2892 proprize
1669 2829 1864 2880 mentis
1887 2829 1996 2883 cir-

409 2920 480 2958 ca
529 2906 702 2975 ipsum
739 2910 1053 2975 ceSsationi,
1092 2927 1266 2982 neque
1307 2926 1470 2970 etiam
1534 2920 1755 2975 alterius
1812 2938 1994 2977 cessa-

415 3002 584 3067 tioni,
643 3020 744 3059 nec
803 3005 1075 3076 seipsum,
1129 3024 1228 3063 nec
1288 3014 1582 3083 quidquam
1616 3016 1758 3070 aliud
1792 3019 1994 3074 intelli-

407 3098 591 3162 gendo
621 3097 746 3167 (Itoc
778 3100 921 3153 enim
956 3116 1164 3155 merum
1198 3105 1370 3158 otium
1405 3110 1807 3180 stupiditasque
1841 3128 1993 3166 men-

2113 589 2250 646 εἶναι
2284 593 2475 662 λόγους
2511 593 2620 645 τῶν
2665 592 2744 663 τῷ
2768 593 2888 664 Θεῷ
2926 596 3252 666 προσόντων.
3303 596 3703 659 Ὑποθετικοὺς

2110 682 2168 736 δέ
2203 700 2332 753 φησι
2361 684 2487 745 τοὺς
2525 684 2954 754 ὑπογραφικοὺς,
2989 687 3152 755 ἤγουν
3183 686 3560 756 θεωρητικοὺς
3593 688 3703 740 τῶν

2108 773 2298 836 ὅντων,
2323 773 2463 845 ἅπερ
2487 774 2900 845 ὑποϐεϐλημένα
2928 775 3006 846 τῷ
3036 776 3153 846 Θεῷ
3187 777 3288 847 ἔφη
3319 773 3483 840 εἶναι,
3508 778 3704 848 δηλον-

2108 866 2190 918 ότι
2231 869 2510 937 προσεῖναι
2559 867 2841 936 νοούμενα·
2881 867 2940 932 ἐξ
2982 868 3159 921 αὐτῶν
3208 868 3337 940 γὰρ,
3402 874 3520 931 τοῖς
3570 873 3704 923 πᾶσι

2109 962 2360 1028 παρεῖναι
2391 957 2598 1021 τοῦτον,
2631 959 3012 1031 διδασκόμεθα,
3045 960 3106 1013 οὐ
3150 961 3560 1030 μεταϐατικῶς,
3583 962 3708 1016 οὐδὲ

2107 1051 2501 1124 προνοητικῶς.
2558 1053 2770 1124 Νοητάς
2829 1053 2886 1106 δὲ
2949 1054 3253 1125 ἀκρότητας
3293 1055 3394 1118 τὰς
3441 1056 3707 1127 οὐρανίας

2107 1147 2201 1200 καὶ
2233 1147 2422 1217 νοεράς
2448 1147 2634 1210 οὐσίας
2667 1146 2841 1208 καλεῖ,
2873 1146 2972 1210 τὰς
2993 1148 3119 1218 περὶ
3137 1148 3266 1200 Θεὸν
3299 1148 3486 1212 οὔσας,
3516 1149 3587 1212 ἂς
3613 1149 3708 1201 καὶ

2107 1239 2306 1302 τόπους
2351 1239 2687 1308 ἀγιωτάτους
2725 1239 3028 1310 ὠνόμασεν,
3049 1232 3123 1292 ὧν
3154 1241 3247 1292 καὶ
3281 1240 3463 1293 αὐτῶν
3527 1240 3706 1311 ὑπέρ-

2106 1349 2281 1386 κειται
2315 1333 2407 1386 καὶ
2442 1333 2756 1396 ἀπολύεται,
2789 1337 2931 1386 κατά
2964 1334 3127 1404 μηδὲν
3149 1335 3329 1395 αὐτοῖς
3363 1334 3504 1396 ὅλως
3531 1350 3707 1403 προσ-

2107 1425 2318 1489 εοικώς.
2363 1426 2657 1498 Θεωρήσας
2707 1425 2886 1478 τοίνυν
2933 1425 3024 1477 τὸν
3065 1425 3228 1478 τόπον
3279 1425 3526 1494 Μωῦσῆς
3563 1417 3627 1478 οὗ
3674 1427 3707 1478 ὁ

2105 1517 2238 1581 Θεὸς
2262 1519 2525 1590 εἱστήκει,
2558 1519 2651 1571 καὶ
2681 1517 2801 1570 τότε
2834 1517 3120 1580 ἀπολυθεὶς
3158 1517 3266 1570 τῶν
3296 1535 3352 1569 τε
3373 1520 3703 1589 ὁρωμένων,

2102 1612 2402 1674 τουτέστιν,
2464 1611 2736 1681 αἰσθητῶν
2783 1611 3060 1676 ἁπάντων,
3116 1612 3212 1664 καὶ
3267 1612 3374 1664 τῶν
3415 1612 3704 1683 ὁρώντων,

2104 1704 2353 1757 τουτέστι
2411 1704 2518 1757 τῶν
2579 1705 2813 1774 λογικῶν
2865 1705 3138 1766 ἀπάντων,
3173 1704 3376 1774 νοητῶν
3411 1722 3559 1775 φημι
3609 1707 3707 1758 καὶ

2104 1797 2305 1867 νοερῶν
2342 1796 2561 1860 οὐσιῶν,
2608 1798 2723 1868 μεθ’
2757 1791 2831 1852 ὧν
2863 1799 2957 1851 καὶ
2987 1797 3271 1868 ἡμετέρων
3301 1797 3513 1866 ψυχῶν,
3557 1813 3708 1866 τηνι-

2103 1888 2278 1943 καῦτα
2319 1890 2396 1952 εἰς
2427 1889 2517 1942 τὸν
2553 1890 2748 1958 γνόφον
2781 1889 3019 1960 εἰσῆλθε,
3052 1890 3324 1942 τουτέστιν
3358 1892 3439 1951 εἰς
3465 1889 3576 1959 τὴν
3613 1905 3706 1940 πε-

2105 1983 2157 2053 ρὶ
2174 1981 2309 2035 Θεοῦ
2345 1983 2640 2051 ἀγνωσίανο
2663 1983 2790 2037 ἔνθα
2813 1983 2992 2046 πάσας
3024 1982 3312 2052 ἀπομόσας
3339 1982 3440 2045 τάς
3467 2000 3706 2050 γνωστι-

2103 2075 2211 2139 κάς
2260 2075 2596 2145 ἀντιλήψεις,
2639 2076 2854 2144 ἐγένετο
2887 2077 2943 2128 ὲν
2981 2075 3060 2145 τῷ
3095 2075 3354 2144 ἀφανεῖ⁹⁰
3377 2074 3456 2145 τῷ
3491 2075 3595 2144 νῷ,
3622 2075 3703 2145 τῷ

2100 2167 2318 2238 ἀοράτῳ
2348 2167 2537 2221 πασῶν
2567 2168 2677 2221 τῶν
2708 2167 3024 2236 γνωστικῶν
3053 2166 3388 2238 ἀντιλήψεων
3421 2166 3521 2220 τοῦ
3556 2167 3704 2238 πέρα

2103 2259 2321 2311 πάντων
2373 2258 2531 2321 Θεοῦ,
2566 2260 2658 2312 καὶ
2692 2259 2911 2322 ένωθεὶς
2962 2259 3050 2312 διά
3082 2259 3174 2312 τοῦ
3205 2259 3446 2312 τοιούτου
3487 2260 3705 2330 τρόπου

2099 2354 2167 2424 τῇ
2217 2352 2462 2424 ἀγνωσία
2513 2353 2605 2406 καὶ
2652 2355 2719 2424 τῇ
2785 2351 3166 2423 ἀνενεργησίᾳ,
3211 2353 3284 2406 Οὐ
3333 2352 3476 2420 λέγω
3507 2353 3568 2405 δὲ
3630 2355 3703 2424 τῇ

2103 2444 2231 2514 περὶ
2261 2443 2426 2496 αὐτοῦ
2468 2445 2830 2516 ἀνενεργησίᾳ
2857 2443 2951 2496 τοῦ
2987 2444 3117 2496 ἰδίου
3147 2442 3260 2506 νοῦ,
3282 2441 3407 2496 οὔτε
3462 2445 3578 2513 μὴν
3627 2446 3702 2513 τῇ

2101 2536 2288 2606 ἐτέρου
2319 2537 2681 2608 ἀνενεργησίᾳ
2700 2538 2758 2589 ὲν
2785 2536 2861 2606 τῷ
2898 2537 3035 2607 μήτε
3063 2535 3245 2599 αὑτὸν,
3267 2537 3403 2606 μήτε
3422 2535 3510 2588 ’ἐτε
3523 2536 3614 2606 ρόν
3645 2553 3706 2588 τι

2099 2629 2238 2680 νοεῖν
2273 2625 2450 2698 (τοῦτο
2482 2627 2590 2699 γάρ
2635 2627 2912 2692 παντελῶς
2940 2628 3213 2697 ὴλιθιὸτης
3244 2627 3335 2680 καὶ
3369 2626 3545 2697 ἀργία
3578 2627 3704 2688 νοός

2100 2720 2292 2790 ἐστιν),
2329 2720 2444 2775 ἀλλ’
2479 2720 2699 2784 ἐνωθεὶς
2744 2719 2884 2774 κατὰ
2919 2719 2981 2773 τὸ
3027 2723 3273 2791 κρεῖττον
3303 2719 3383 2788 τῷ
3409 2718 3710 2781 παντελῶς

2097 2813 2379 2884 ἀγνώστῳ,
2414 2814 2469 2865 ὲν
2502 2813 2581 2883 τῷ
2615 2812 2756 2882 ἔχειν
2789 2811 3178 2883 ἀνενεργησίαν
3212 2811 3390 2881 πάσης
3410 2808 3702 2878 γνώσεως,

2095 2907 2154 2960 ἐν
2199 2905 2277 2977 τῷ
2333 2907 2615 2960 ἀπολιπεῖν
2665 2905 2906 2976 δηλονότι
2954 2905 3217 2968 ἑκουσίως
3255 2905 3349 2958 καὶ
3392 2905 3699 2975 ἀραρότως

2096 3001 2276 3052 πᾶσαν
2317 2999 2519 3068 γνῶσιν
2570 2997 2766 3062 ἔξωθεν
2816 2998 2892 3061 ὼς
2945 2997 3278 3068 συγχέουσαν
3339 2996 3545 3067 μᾶλλον
3598 2996 3704 3050 καὶ

2098 3095 2441 3166 βλάπτουσαν
2481 3092 2515 3163 ἢ
2569 3090 3043 3163 συμϐαλλομένην,
3098 3090 3220 3143 τότε
3269 3093 3335 3161 τῇ
3382 3089 3582 3160 ἀγνοίᾳ
3631 3091 3703 3145 τὸ

413 3193 483 3237 t.s
517 3186 648 3253 est),
678 3187 770 3240 sed
795 3190 1095 3243 secundum
1132 3193 1398 3262 potiorem
1445 3198 1640 3252 mentis
1687 3199 1990 3268 portionem

2102 3189 2208 3240 πᾶν
2270 3185 2431 3253 έγνω.
2488 3185 2557 3236 Ἦ
2607 3183 2716 3253 γὰρ
2763 3183 2883 3253 οὐχὶ
2920 3183 3015 3235 καὶ
3067 3180 3300 3236 ἐνταῦθα
3338 3180 3584 3252 ἀμυδρόν
3635 3197 3699 3234 τι

410 3275 500 3329 isti
547 3277 730 3345 ignoto
757 3282 975 3348 penitus
1002 3281 1208 3349 unitus,
1241 3287 1421 3338 omnis
1454 3289 1779 3357 cognitionis
1812 3306 1996 3345 cessa-

413 3368 613 3421 tionem
668 3369 994 3432 obtinendo.
1027 3386 1218 3443 sponte
1261 3377 1470 3434 scilicet
1495 3383 1996 3454 convenienterque

411 3459 713 3516 deserendo
737 3478 955 3517 omnem
986 3466 1283 3530 notionem,
1304 3485 1426 3540 quae.
1453 3474 1793 3528 extrinsecus
1821 3477 1992 3531 aﬂ‘usa

405 3551 818 3619 quodammodo
883 3556 1170 3611 confundit
1238 3559 1420 3628 potius
1487 3562 1768 3631 magisque
1838 3564 1994 3616 obest

405 3657 572 3711 quam
613 3648 806 3714 prosit,
845 3664 967 3701 eum
1007 3649 1124 3702 sine
1168 3651 1391 3705 notione
1425 3653 1610 3706 omnia
1637 3655 1805 3708 novit.
1837 3653 1994 3708 Nun-

409 3735 538 3801 quid
570 3751 696 3790 vero
725 3739 889 3792 etiam
928 3740 1014 3794 hic
1049 3742 1228 3798 simile
1266 3747 1396 3815 quid
1418 3746 1649 3802 obscure
1681 3747 1758 3813 ﬁt,
1777 3751 1994 3818 quando

411 3829 666 3883 volumus
704 3831 924 3900 quidem
956 3833 1158 3904 aliquid
1191 3848 1373 3892 mente
1397 3839 1665 3903 volutare,
1699 3841 1792 3894 sed
1818 3855 1990 3908 smpe-

413 3935 638 3974 uumero
673 3925 739 3975 ab
772 3923 956 3994 aliquo
985 3925 1418 3995 interpellatnur.
1448 3930 1604 3999 quasi
1645 3931 1696 3984 in
1746 3941 1986 3984 mentem

405 4013 690 4082 quidpiam
725 4029 984 4072 revocare
1016 4019 1252 4082 volente,
1272 4031 1328 4074 et
1361 4037 1458 4076 nos
1486 4023 1611 4076 hinc
1643 4021 1992 4090 indignamur

405 4106 552 4174 quod
587 4121 688 4160 nos
745 4109 946 4173 turbet,
980 4119 1035 4163 et
1077 4111 1364 4165 obscuram
1419 4113 1588 4181 illam,
1617 4129 1778 4184 quam
1823 4115 1987 4169 menti

410 4194 900 4264 impresseramus,
956 4201 1406 4270 imaginationem
1461 4207 1795 4272 pessumdet.
1848 4205 1987 4272 Quid

408 4289 552 4344 enim
607 4307 761 4345 mens
811 4293 956 4346 aliud
988 4303 1116 4348 tunc
1153 4295 1301 4359 velit,
1339 4311 1499 4365 quam
1551 4298 1602 4352 in
1659 4310 1985 4352 caéterarum

410 4382 716 4436 cessatione
749 4399 957 4448 rerum,
989 4386 1136 4439 circa
1175 4387 1224 4441 id
1257 4391 1403 4459 quod
1436 4389 1486 4443 ei
1511 4391 1850 4459 propositum
1875 4401 1982 4456 est,

410 4474 647 4528 vacare?
697 4475 858 4528 Circa
909 4478 1198 4547 caliginem
1251 4496 1416 4549 porro
1471 4491 1624 4545 nota,
1657 4482 1983 4536 Hebraicum

2097 3276 2338 3331 τοιοῦτον
2387 3275 2620 3344 γίνεται,
2673 3275 2761 3328 ὅτε
2797 3273 3022 3344 θέλομεν
3056 3274 3155 3344 μὲν
3199 3271 3572 3342 ἐνθυμηθῆναί
3612 3288 3694 3334 τι,

2097 3367 2578 3442 περικτυπούμεθα
2625 3367 2681 3422 δὲ
2728 3366 2988 3429 πολλάκις
3035 3366 3189 3436 παρὰ
3219 3381 3384 3427 τινος,
3419 3363 3494 3425 ὡς
3528 3363 3700 3434 δῆθεν

2099 3461 2500 3533 συμϐάλλεσθαι
2533 3461 2612 3522 εἰς
2637 3459 2735 3530 τὴν
2770 3457 3066 3529 ἐνθύμησιν
3099 3456 3362 3519 θέλοντος,
3399 3456 3493 3508 καὶ
3530 3458 3701 3525 ἡμεῖς

2095 3553 2513 3624 δυσχεραίνομεν
2543 3550 2752 3616 τοῦτον,
2793 3549 2869 3613 ὡς
2906 3549 3008 3619 ἤδη
3039 3547 3261 3618 ὄχλησιν
3287 3548 3697 3618 ὲμποιήσαντα,

2096 3648 2358 3717 κάκείνην
2390 3646 2489 3717 τὴν
2516 3643 2890 3715 συναγομένην
2922 3641 3171 3714 ἀμυδρὰν
3198 3641 3354 3713 ἡμῶν
3387 3640 3698 3711 ἐνθύμησιν

2095 3739 2456 3796 ἀπολέσαντα.
2493 3735 2557 3788 Τί
2589 3736 2697 3808 γάρ
2729 3737 2878 3789 ἐστιν
2915 3735 3043 3790 ἄλλο
3084 3734 3228 3798 τότε,
3253 3734 3300 3785 εί
3337 3733 3413 3804 μὴ
3435 3731 3698 3803 βούλεται

2092 3833 2120 3884 ό
2150 3830 2274 3893 νοῦς
2295 3831 2354 3882 ἐν
2381 3827 2745 3900 ἀνενεργησίᾳ
2769 3827 2878 3880 τῶν
2905 3826 3082 3881 ἄλλων
3114 3824 3404 3896 γενόμενος
3426 3823 3695 3895 σχολάσαι

2093 3926 2220 3997 περὶ
2251 3925 2310 3978 τὸ
2331 3924 2723 3996 προκείμενον;
2762 3922 2897 3994 Περὶ
2928 3921 2986 3975 δὲ
3010 3919 3104 3974 τοῦ
3134 3919 3331 3989 γνόφου
3355 3919 3692 3990 σημείωσαι,

2090 4017 2172 4071 ὅτι
2214 4014 2276 4067 τὸ
2304 4015 2592 4089 Ἑϐραῖκὸν
2637 4013 2869 4083 (irasci-3.1
2902 4013 3036 4084 ἔχει,
3081 4013 3219 4084 ὅπερ
3247 4011 3276 4064 ὁ
3313 4011 3411 4082 μὲν
3457 4011 3696 4075 Ἀκύλας

2091 4113 2186 4165 καὶ
2213 4111 2503 4164 Θεοδοτίων
2531 4110 2759 4179 τνόςρον
2786 4107 3076 4172 ἐξέδωκαν,
3107 4105 3324 4175 σύναμα
3352 4107 3466 4168 τοῖς
3508 4105 3700 4158 Ἑϐδον-

2093 4205 2353 4276 μήκοντα·
2384 4203 2678 4273 Σύμμαχος
2709 4200 2893 4270 μέντοι
2911 4199 3198 4267 ὁμίχλην,
3248 4197 3306 4250 'O
3335 4196 3393 4248 δὲ
3437 4194 3698 4267 Ἐϐραῖος

2089 4297 2234 4366 λέγει
2281 4296 2343 4349 τὸ
2389 4294 2622 4363 ἀραρὲλ
2663 4291 2836 4363 ὄνομα
2878 4286 3019 4343 εἶναι
3078 4286 3460 4360 περεὼματος
3517 4289 3606 4350 εἰς
3663 4287 3696 4340 ὅ

2089 4389 2289 4458 ἔφθασε
2323 4387 2583 4454 Μωῦσῆς·
2616 4383 2758 4437 ἐτττά
2788 4384 2896 4454 γὰρ
2936 4380 3288 4452 περεὼματα
3343 4378 3630 4446 λέγουσιν,
3658 4377 3696 4435 ἃ.

2088 4482 2183 4535 καὶ
2205 4483 2266 4533 οὐ
2276 4481 2471 4552 ρανοὺς
2484 4475 2648 4531 καλοῦ
2657 4494 2761 4543 σιν,
2776 4468 2852 4529 ὧν
2872 4474 2969 4528 καὶ
2981 4473 3051 4526 τά
3063 4473 3305 4543 ὀνόματα
3319 4471 3438 4524 καθ’
3453 4472 3562 4525 Ex:
3569 4487 3694 4524 στον

411 4563 611 4620 habere
659 4570 894 4637 araphel,
936 4573 1080 4639 quod
1109 4574 1303 4644 Aquila
1334 4575 1553 4645 quidem
1603 4585 1766 4645 atque
1806 4573 1985 4630 Theo-

2102 4574 2360 4643 kéyouatv.
2413 4571 2470 4624 ὐ
2501 4570 2557 4623 δὲ
2587 4569 2761 4638 ἅγιος,
2801 4567 3000 4637 γνόφον
3031 4565 3130 4636 τὴν
3162 4561 3438 4632 ἀγνωσίαν
3472 4563 3690 4632 ἐνόησε,

408 4652 774 4730 ἀοιίθιι⁵57
797 4662 995 4732 γνόφον
1027 4681 1124 4720 seu
1152 4667 1428 4735 caliginem
1460 4667 1802 4736 interpretati
1837 4675 1986 4732 sunt,
2041 4684 2169 4726 cum
2244 4663 2600 4733 Septuaginta
2647 4659 3039 4715 convenientes
3087 4674 3102 4712 :
3145 4657 3513 4760 Sjmmaehus
3559 4667 3691 4760 vero

409 4746 663 4819 ὀμίχλην.
712 4753 762 4806 id
812 4764 916 4820 est,
947 4758 1206 4813 nebulam.
1246 4757 1502 4814 Hebrazus
1534 4776 1662 4814 vero
1709 4759 1842 4814 dicit
1880 4759 2098 4828 ampliet
2132 4773 2254 4813 esse
2301 4772 2494 4812 nomen
2530 4754 2856 4809 ﬁrmamenti
2896 4753 2948 4806 in
2976 4751 3120 4824 quod
3143 4749 3380 4851 llo-yses
3411 4750 3687 4851 pervenit;

409 4840 596 4895 dicunt
664 4846 808 4900 enim
878 4866 998 4906 esse
1055 4863 1258 4922 septem
1315 4854 1680 4919 ﬁrmamenta,
1738 4870 1858 4926 qua:
1902 4857 2067 4908 etiam
2117 4853 2288 4907 caelos
2330 4859 2547 4919 vocant,
2601 4864 2832 4919 quorum
2892 4847 3060 4903 etiam
3110 4843 3391 4916 sigillatim
3459 4842 3687 4897 nomine

413 4948 720 4995 recensent.
773 4941 872 4998 llic
921 4958 1144 5002 sanctus
1183 4963 1314 5004 vero
1366 4949 1654 5018 caliginem
1700 4949 1968 5004 intellexit
1993 4947 2389 5019 ignorationem
2415 4961 2510 5003 seu
2550 4944 2791 5002 notionis
2819 4943 3175 4998 vacuitatem.

479 5106 533 5133 θ’
566 5097 725 5154 Joau.
761 5116 800 5165 ι,
840 5101 928 5156 l8.

1681 5259 1918 5317 VARUS
1990 5259 2402 5318 LECTIONES.

484 5423 529 5455 ὀ
567 5420 709 5477 .3141.
747 5419 962 5493 ἀναιρεῖ.
1057 5420 1101 5452 ⁸³
1138 5417 1552 5475 MaLintar-tili.
