3866 6232
308 328 341 365 ,ιι
391 268 525 326 1051

1553 265 1614 334 8.
1654 264 1951 324 DIOXYSII
1989 267 2456 325 AllEOPAGszﬁ

3521 269 3683 326 ἰθέης.

346 377 353 386 ’
386 391 532 449 mut,
569 397 691 453 qua!
723 381 936 454 proprie
967 381 1034 436 de
1067 379 1177 437 Deo
1210 381 1462 437 dicuntur
1500 383 1552 437 id
1590 387 1736 454 quod
1769 394 1873 447 est,
1911 395 1955 437 ut

2073 401 2196 438 σκει
2232 385 2351 438 τινὰ
2385 384 2657 439 ἀντίθεσιν
2702 380 2934 436 ἐνοῦσαν
2975 377 3208 446 τούτοις,
3238 381 3328 435 ὅτε
3378 372 3448 435 δι*
3482 381 3674 434 αὐτῶν

354 493 506 542 “ens,
542 479 749 543 vivens,
800 480 888 532 lux
928 486 979 534 et
1033 486 1250 530 caetera.
1308 476 1636 532 Ahlationes
1668 493 1799 531 vero
1845 493 1968 546 qua:

385 582 498 626 uta
535 571 643 624 Deo
676 571 851 623 aliena
909 581 1201 640 negantur,
1238 570 1384 623 verbi
1420 569 1623 638 gratia,
1658 570 1800 638 quod
1826 569 1968 624 Deus

386 682 491 719 non
524 665 594 719 sit
626 681 848 735 corpus,
878 680 984 717 non
1023 665 1224 724 anima,
1263 676 1436 732 neque
1454 663 1750 731 quidquam
1779 677 1968 715 eorum

383 769 503 823 qua:
557 764 962 822 cognoscuntur
997 754 1078 804 vel
1120 755 1322 806 cadunt
1375 754 1478 807 sub
1537 754 1838 808 notionem.
1894 753 1968 808 De

384 846 690 900 istiusmodi
755 846 937 915 itaque
987 845 1352 914 positionibus
1382 856 1436 899 et
1471 845 1841 900 ablationibns
1877 845 1966 900 hic

383 938 548 994 Pater
581 955 768 1009 agens,
796 939 996 1006 reperit
1023 939 1088 991 iis
1114 937 1410 1006 quamdam
1458 938 1638 992 inesse
1665 937 1969 1007 oppositio-

381 1047 527 1095 nem,
557 1031 775 1102 quando
803 1031 978 1098 ipsum
1027 1046 1094 1084 ex
1146 1031 1232 1085 his
1270 1030 1636 1094 celebrantes,
1676 1031 1840 1084 lit-um
1873 1033 1968 1082 de-

378 1125 674 1179 claramus.
717 1124 930 1179 Etenim
966 1139 1089 1177 cum
1137 1125 1436 1193 positiones
1465 1125 1688 1193 quidem
1723 1124 1775 1176 in
1827 1123 1966 1177 libro

379 1216 456 1270 De
478 1217 672 1270 divinis
723 1217 1046 1279 nominibus,
1099 1215 1563 1284 praedicabamus,
1597 1231 1626 1268 a
1659 1216 1851 1284 primis
1877 1215 1964 1268 in-

376 1311 664 1380 cipieutes,
716 1318 769 1362 et
815 1325 910 1378 per
959 1309 1134 1363 media
1195 1317 1573 1372 transeuntes,
1623 1309 1690 1360 ad
1718 1315 1961 1360 extrema

376 1403 752 1456 descendendo
788 1401 903 1454 illas
940 1399 1293 1470 ponebamus.
1329 1397 1578 1452 Primum
1613 1399 1679 1452 de
1705 1409 1831 1452 ente
1864 1399 1967 1454 dis-

375 1502 623 1547 serentes
657 1507 720 1546 ac
756 1492 951 1546 deinde
995 1493 1060 1546 de
1096 1493 1260 1555 bono,
1303 1506 1367 1545 ac
1422 1501 1606 1560 postea
1639 1492 1704 1543 de
1737 1491 1866 1551 vita.
1899 1507 1964 1545 ac

377 1585 640 1650 deinceps
698 1598 795 1652 per
845 1594 1043 1638 caetera
1094 1599 1215 1652 qua:
1273 1583 1551 1646 mediant,
1610 1583 1677 1637 ad
1715 1593 1960 1639 extrema

375 1672 866 1735 descendebamus,
901 1673 968 1726 de
1006 1672 1232 1726 Domino
1263 1683 1318 1728 et
1353 1674 1418 1727 de
1449 1671 1616 1743 Rege,
1664 1686 1719 1728 et
1751 1678 1816 1729 de
1849 1675 1962 1728 An-

377 1764 530 1834 tiquo
561 1765 795 1823 dierum.
828 1773 884 1818 et
906 1765 1178 1819 similibus
1207 1767 1369 1818 verba
1405 1764 1685 1820 facientes.
1721 1767 1775 1821 In
1807 1767 1955 1821 abla-
1993 1747 2034 1801 Β

377 1857 612 1911 tionibus
644 1872 772 1910 vero
803 1857 862 1910 lit
909 1863 1272 1920 contrarium,
1306 1859 1435 1912 dum
1475 1861 1544 1911 ab
1595 1861 1860 1914 extremis
1889 1862 1956 1914 ad

371 1949 759 2018 principaliora
794 1964 1057 2002 ascensus
1096 1948 1344 2003 faciendo
1377 1966 1721 2005 removemus
1741 1952 1791 2006 id
1812 1954 1958 2022 quod

371 2042 645 2111 posterius
693 2050 797 2103 est,
851 2050 1016 2110 atque
1047 2041 1212 2094 etiam
1265 2041 1559 2110 ipsummet
1589 2044 1845 2112 prinnnn,
1874 2046 1960 2098 di-

369 2145 593 2191 centes:
625 2136 739 2190 Non
776 2137 1104 2201 inebriatur,
1139 2152 1245 2189 non
1301 2138 1518 2200 dicitur,
1557 2154 1661 2192 non
1702 2140 1962 2207 intelligi-

370 2238 486 2293 tur;
519 2238 574 2281 et
613 2242 870 2282 rursum:
908 2226 1022 2281 Non
1056 2244 1284 2298 corpus,
1319 2244 1425 2282 non
1458 2230 1810 2295 elementum,
1848 2247 1954 2285 non

370 2322 576 2383 anima,
604 2336 710 2373 non
739 2319 987 2382 angelus,
1024 2335 1128 2371 non
1173 2321 1300 2386 vita,
1359 2337 1464 2373 non
1500 2336 1621 2384 ens,
1653 2323 1746 2374 sed
1787 2337 1950 2390 supra

369 2410 483 2462 inec
517 2409 700 2462 omnia
735 2408 877 2462 Deus
923 2418 1026 2462 est.
1067 2408 1132 2461 Et
1178 2411 1258 2462 sic
1311 2410 1430 2462 sine
1493 2409 1830 2463 revelatione
1885 2411 1953 2464 ad

367 2499 737 2554 omnimodam
784 2500 1190 2569 ignorationem
1246 2501 1629 2566 devenientcs,
1665 2505 1955 2574 cognosci-

367 2610 490 2648 mus
534 2594 942 2664 quodammodo
993 2594 1140 2648 illam
1199 2597 1448 2650 notitiam
1488 2599 1539 2651 in
1571 2597 1950 2668 ignoratione;

367 2687 507 2740 hanc
536 2687 681 2741 enim
737 2687 1136 2754 ignorationem
1186 2689 1262 2742 ait
1302 2690 1371 2742 ab
1401 2690 1656 2744 omnibus
1705 2706 1826 2760 quac
1861 2710 1954 2745 no-

364 2790 612 2842 scuntur,
647 2781 698 2834 in
728 2782 985 2835 omnibus
1042 2783 1204 2836 rebus
1259 2783 1644 2848 circnnivolvi,
1707 2794 1762 2838 et
1814 2785 1951 2839 cali-

363 2871 545 2939 ginem
582 2885 704 2924 esse
731 2872 799 2924 ab
834 2872 981 2925 omni
1019 2872 1220 2926 lumine
1254 2874 1306 2926 in
1345 2874 1508 2928 rebus
1536 2876 1792 2929 omnibus
1820 2877 1949 2928 abs-

363 2979 611 3016 consam.
643 2961 756 3017 Hoc
790 2979 918 3016 vero
946 2966 1026 3027 lit,
1054 2966 1194 3034 quod
1228 2981 1417 3019 corum
1454 2979 1576 3035 qua:
1611 2977 1736 3021 sunt
1763 2968 1953 3036 cogni-

363 3052 560 3115 tiones,
585 3062 641 3106 et
673 3068 794 3120 quae
840 3055 906 3106 de
948 3054 1057 3107 Deo
1113 3062 1240 3107 sunt
1297 3055 1623 3123 positiones,
1657 3071 1762 3109 non
1797 3059 1951 3110 dete-

361 3152 491 3210 gant
523 3144 572 3196 id
605 3144 749 3213 quod
809 3144 1050 3214 ignotum
1079 3154 1163 3199 est
1200 3145 1315 3209 Dei,
1359 3162 1459 3200 nec
1490 3147 1541 3201 in
1573 3147 1746 3202 lucem
1780 3149 1948 3202 addu-

359 3246 508 3296 eant.
535 3239 628 3290 sed
657 3238 837 3307 potius
863 3248 1174 3308 contegant,
1197 3254 1292 3293 seu
1323 3240 1623 3304 occultent,
1648 3258 1770 3294 cum
1795 3255 1948 3294 mens

359 3330 432 3382 ibi
467 3346 569 3383 non
599 3332 794 3385 habeat
821 3332 910 3383 ubi
945 3347 1004 3385 se
1036 3331 1183 3402 ﬁgat,
1215 3348 1315 3387 nec
1347 3334 1644 3403 quidquam
1679 3334 1820 3386 unde
1852 3334 1950 3386 al.-

357 3421 486 3489 quid
534 3422 760 3493 intelligi
798 3424 971 3492 possit
1004 3425 1402 3493 apprehendat,
1436 3427 1531 3480 sed
1563 3427 1745 3494 potius
1774 3427 1824 3480 in
1851 3442 1947 3480 co-

358 3513 650 3579 gitationes
686 3515 914 3568 minime
971 3516 1363 3572 convenientes
1411 3518 1637 3583 incidat,
1685 3521 1944 3588 quoniam

359 3603 780 3675 haudquaquam
817 3607 970 3660 lirma
1010 3617 1116 3672 est,
1150 3619 1202 3662 et
1245 3609 1465 3662 sensilia
1499 3613 1688 3664 statim
1718 3622 1943 3680 praeter-

358 3699 523 3749 \'ol.it.
558 3695 730 3752 Porro
763 3698 943 3752 lumen
989 3699 1040 3752 in
1082 3700 1244 3754 rebus
1282 3718 1386 3756 non
1424 3712 1508 3755 est
1540 3704 1683 3756 aliud
1711 3705 1944 3773 opinan-

357 3792 506 3851 dum,
548 3808 710 3860 quam
734 3807 841 3860 quo
863 3803 1162 3845 noscuntur
1197 3808 1282 3847 res
1310 3796 1359 3846 in
1401 3806 1660 3859 quantum
1691 3812 1777 3850 res
1794 3804 1942 3860 sunt,

357 3881 500 3934 sicut
544 3883 709 3935 etiam
760 3883 1003 3954 i11562
1043 3887 1400 3954 si-qnentibns
1452 3887 1775 3953 reperimus.
1827 3885 1940 3940 Hoc

356 3970 539 4036 ltaqne
612 3969 790 4023 lnmcn
839 3976 980 4041 quod
1029 3976 1080 4028 in
1126 3975 1286 4029 rebus
1315 3986 1418 4042 est,
1455 3977 1694 4044 talisque
1755 3993 1936 4030 rerum

2075 478 2394 548 ὑμνοῦντες,
2437 479 2498 531 τὸ
2542 478 2698 530 Θεῖον
2743 475 3179 547 παραδηλοῦμεν.
3229 477 3337 530 Καὶ
3383 473 3519 544 γὰρ,
3569 472 3676 535 τὰς

2074 573 2172 642 μὲν
2204 571 2380 636 Θέσεις
2409 575 2466 625 ὲν
2483 571 2559 640 τῷ
2578 571 2716 639 Περὶ
2741 573 2913 626 θείων
2934 569 3240 638 ὀνομάτων
3255 569 3531 636 λέγοντες,
3563 566 3675 617 ἀπὸ

2068 663 2176 716 τῶν
2212 664 2536 734 πρωτίστων
2566 663 2880 734 ἀρχόμενοι,
2898 663 2992 715 καὶ
3016 661 3101 714 διὰ
3123 659 3301 730 μέσων
3331 657 3670 729 χωροῦντες.

2069 758 2163 811 ἐπὶ
2191 759 2259 810 τὰ
2294 759 2495 828 ἔσχατα
2525 758 2804 819 κατιόντες
2838 755 3104 824 ἐτίθεμεν.
3146 754 3369 824 Πρῶτον
3406 753 3541 822 περὶ
3572 750 3670 802 τοῦ

2066 847 2220 912 ὄντος
2257 850 2744 919 διαλαμϐάνοντες,
2778 849 2872 901 καὶ
2905 846 3001 899 εἷθ’
3041 845 3182 898 οὕτω
3225 845 3350 914 περὶ
3397 839 3668 910 τάγαθοῦ,

2067 942 2164 996 καὶ
2213 942 2508 1012 μετέπειτα
2557 943 2684 1013 περὶ
2729 941 2830 1010 τῆς
2871 940 3036 1010 ζωῆς,
3099 939 3192 991 καὶ
3249 936 3377 1006 ἑξῆς
3409 935 3501 988 διὰ
3558 935 3669 986 τῶν

2067 1034 2242 1088 ἄλλων
2289 1034 2470 1105 μέσων
2503 1037 2582 1097 εἰς
2617 1033 2688 1086 τὰ
2721 1033 2925 1103 ἔσχατα
2977 1029 3352 1101 κατηντῶμεν,
3403 1027 3537 1098 περὶ
3570 1024 3667 1078 τοῦ

2069 1127 2276 1199 Κυρίου
2325 1129 2420 1180 καὶ
2466 1128 2596 1199 περὶ
2640 1126 2734 1179 τοῦ
2782 1125 3075 1187 Βασιλέως,
3107 1123 3199 1175 καὶ
3245 1119 3507 1192 περὶτοῦ
3547 1119 3668 1170 Πα-

2068 1214 2222 1270 λαιοῦ
2255 1218 2500 1288 ἡμερῶν,
2526 1217 2620 1270 καὶ
2656 1216 2783 1288 περὶ
2814 1217 2922 1269 τῶν
2947 1214 3200 1268 τοιούτων
3233 1212 3507 1280 λέγοντες.
3542 1210 3669 1262 Ἐπὶ

2065 1309 2121 1363 δὲ
2167 1309 2275 1362 τῶν
2321 1309 2666 1380 ἀφαιρέσεων
2712 1309 2773 1362 τὸ
2824 1307 3064 1362 ἐναντίον
3121 1306 3349 1375 γίνεται,
3394 1303 3507 1358 ἀπὸ
3555 1303 3667 1356 τῶν

2065 1400 2310 1471 ἐσχάτων
2345 1399 2436 1452 ἐπὶ
2467 1399 2534 1452 τὰ
2569 1398 2914 1471 ἀρχικώτερα
2943 1399 3044 1462 τὰς
3077 1398 3437 1459 ὲπαναϐἀσεις
3468 1394 3669 1448 ποιούα

2068 1511 2241 1564 μενοι,
2291 1492 2632 1564 ἀφαιροῦμεν
2677 1491 2902 1563 ὕστερον
2947 1493 3041 1545 καὶ
3073 1490 3200 1544 αὐτὸ
3230 1490 3292 1543 τὸ
3324 1487 3662 1560 πρώτιστον.

2063 1587 2136 1638 Οΰ
2176 1584 2526 1657 μεθύσκεται,
2545 1586 2603 1637 ού
2638 1583 2876 1652 λέγεται,
2901 1582 2960 1637 ού
2990 1587 3209 1644 νοεῖται,
3239 1582 3491 1650 λέγοντες
3515 1598 3534 1613 ·
3566 1581 3665 1636 καὶ

2065 1679 2248 1740 πάλιν,
2283 1677 2358 1730 υύ
2397 1677 2575 1747 σῶμα,
2621 1677 2679 1730 ού
2729 1679 3011 1747 στοιχεῖον,
3045 1677 3104 1729 ού
3136 1674 3302 1746 ψυχὴ,
3349 1675 3451 1728 ούκ
3485 1674 3664 1743 ἀγγε-

2063 1769 2171 1832 λος,
2190 1770 2248 1822 ού
2285 1769 2419 1841 ζωὴ,
2446 1770 2547 1822 ούκ
2580 1768 2659 1832 ὃν,
2684 1768 2797 1822 ἀλλ’
2825 1769 2968 1839 ὑπὲρ
2991 1767 3160 1820 ταῦτα
3188 1767 3364 1820 πάντα
3395 1765 3456 1818 τὸ
3471 1769 3658 1818 Θεῖον.

2064 1863 2175 1915 Καὶ
2207 1862 2380 1924 οὕτως
2412 1858 2874 1932 ἀπερικαλύπτως
2908 1859 3000 1911 ἐπὶ
3039 1859 3139 1929 τὴν
3180 1855 3419 1924 παντελῆ
3466 1857 3661 1924 ἀγνω-

2063 1957 2181 2008 σίαν
2213 1955 2670 2024 καταντήσαντες,
2689 1951 3029 2022 γινώσκομεν
3058 1949 3240 2012 ποσῶς
3270 1949 3368 2020 τὴν
3403 1952 3460 2002 ὲν
3484 1950 3664 2016 ἀγνω-

2062 2047 2154 2116 σία
2203 2045 2404 2114 γνῶσιν
2451 2044 2702 2114 ἐκείνηνσ
2755 2041 2962 2112 ταύτην
3016 2041 3126 2111 γὰρ
3170 2040 3316 2108 λέγει
3375 2040 3662 2108 ἀγνωσίαν

2061 2138 2167 2192 ὑπὸ
2213 2137 2430 2190 πάντων
2469 2136 2580 2189 τῶν
2624 2134 2881 2205 γνωστῶν
2933 2137 2992 2187 ὲν
3027 2135 3160 2187 πᾶσι
3194 2135 3307 2196 τοῖς
3338 2128 3460 2185 οὖσι
3496 2148 3662 2202 περι-

2059 2225 2504 2297 κεκαλυμμένην,
2549 2227 2645 2278 καὶ
2694 2225 2890 2294 γνὸφον
2937 2224 3042 2277 ὑπὸ
3076 2224 3277 2286 παντὸς
3308 2221 3402 2275 τοῦ
3438 2225 3499 2274 ὲν
3541 2226 3661 2285 τοῖς

2058 2318 2176 2375 οῦσι
2204 2321 2384 2388 φωτὸς
2418 2319 2922 2390 ἀποκρυπτόμενον.
2969 2319 3139 2371 Τοῦτσ
3184 2317 3240 2370 δέ
3273 2319 3442 2378 ἐστιν,
3477 2317 3567 2368 ὅτι
3603 2318 3660 2368 αἱ

2057 2413 2165 2466 τῶν
2198 2412 2366 2464 ὄντων
2399 2408 2650 2479 γνώσεις,
2688 2411 2782 2462 καὶ
2804 2411 2858 2462 αἱ
2885 2409 3014 2479 περὶ
3045 2408 3138 2460 τοῦ
3170 2407 3325 2459 Θείου
3361 2405 3571 2467 Θέσεις,
3599 2405 3662 2456 τὸ

2058 2505 2186 2576 περὶ
2218 2503 2353 2555 Θεοῦ
2387 2502 2662 2570 ἄγνωστον
2695 2501 2794 2552 ούκ
2833 2498 3254 2558 ὲκκαλύπτουσι,
3289 2497 3386 2550 καὶ
3422 2497 3504 2558 είς
3550 2513 3662 2564 φα·-

2056 2595 2284 2666 νέρωσιν
2333 2593 2577 2661 ἄγουσιν,
2627 2590 2761 2644 ἀλλὰ
2809 2591 3006 2661 μᾶλλον
3060 2586 3523 2656 συγκαλύπτουσι,
3585 2585 3664 2656 μὴ

2057 2686 2272 2756 ἔχοντος
2304 2683 2398 2736 τοῦ
2434 2683 2553 2745 νοὸς
2589 2685 2768 2735 ἐκεῖσε
2815 2683 2915 2752 τὴν
2957 2681 3120 2750 ἕδραν
3173 2678 3362 2749 ἴσχειν,
3401 2678 3496 2730 καὶ
3533 2694 3664 2746 νοη-

2053 2777 2148 2830 τοῦ
2189 2794 2334 2839 τινος
2381 2775 2632 2828 ἐντεῦθεν
2677 2773 2996 2845 δράξασθαι,
3046 2771 3181 2824 ἀλλὰ
3238 2769 3435 2840 μᾶλλον
3481 2787 3664 2821 κατα-

2056 2866 2347 2930 πίπτοντος
2389 2869 2468 2930 είς
2522 2866 2596 2936 μὴ
2647 2865 3030 2935 προσηκούσας
3085 2863 3312 2924 ἐννοίας,
3361 2861 3528 2931 εἴπερ
3584 2863 3663 2930 μὴ

2057 2961 2283 3034 στερρός
2318 2961 2571 3024 ὲστι,καὶ
2605 2959 2714 3012 τῶν
2749 2958 3022 3028 αἰσθητῶν
3054 2958 3216 3020 εὐθὺς
3251 2957 3658 3027 ύπερπετᾶται.

1977 3089 2019 3147 C
2057 3051 2130 3105 Τὸ
2162 3054 2216 3107 δὲ
2265 3055 2324 3106 ὲν
2365 3057 2478 3118 τοῖς
2511 3049 2628 3106 οὖσι
2665 3052 2779 3122 φῶς
2811 3054 2913 3105 ούκ
2951 3050 3079 3104 ἄλλο
3124 3049 3483 3120 ὑποληπτέον,
3527 3049 3563 3118 ἢ
3599 3049 3659 3100 τὸ

2055 3147 2258 3215 γνῶναι
2287 3145 2356 3199 τὰ
2405 3145 2534 3199 ὄντα
2627 3145 2755 3198 ὄντα
2790 3146 2927 3208 ἐστὶ,
2963 3142 3142 3206 καθὼς
3177 3144 3269 3195 καὶ
3302 3145 3357 3194 ὲν
3385 3143 3498 3203 τοῖς
3527 3140 3658 3209 ἑξῆς

2048 3238 2576 3311 εύρίσκομεν.Τοῦτο
2623 3237 2754 3307 γοῦν
2786 3236 2847 3289 τὸ
2898 3239 2957 3289 ὲν
2989 3239 3101 3299 τοῖς
3142 3232 3260 3289 οῦσι
3315 3235 3451 3304 φῶς,
3489 3236 3592 3287 καὶ
3623 3236 3658 3304 ἡ

2044 3329 2268 3399 τοιαύτη
2313 3327 2422 3380 τῶν
2469 3327 2639 3380 ὄντων
2685 3325 2914 3395 γνῶσις,
2954 3325 3155 3396 μᾶλλον
3213 3321 3564 3391 ἀποκρύπτει
3599 3322 3663 3373 τὸ

2043 3423 2229 3475 Θεῖον·
2274 3423 2308 3491 ή
2356 3420 2465 3490 γὰρ
2527 3418 2635 3472 τῶν
2681 3419 2852 3474 ὄντων
2900 3417 3218 3487 φυσιολογία
3263 3415 3522 3468 τοσοῦτον
3578 3418 3661 3478 εἰς

2045 3513 2326 3582 θεολογίαν
2359 3512 2460 3564 ούκ
2487 3511 2784 3582 ὠφελήσει,
2833 3512 2958 3563 ὅσον
2995 3511 3091 3562 καὶ
3138 3509 3348 3579 βλάψει,
3399 3509 3462 3561 τὸ
3511 3510 3660 3578 ὑπὲρ

2049 3605 2212 3674 φύσιν
2265 3607 2343 3667 είς
2387 3603 2456 3656 τὰ
2505 3605 2680 3656 οίκεία
2726 3604 2916 3672 ἑαυτῇ,
2965 3601 3060 3654 καὶ
3108 3601 3247 3654 κατὰ
3283 3600 3443 3668 φύσιν
3477 3601 3662 3654 κατὰ-

2047 3713 2239 3764 γουσα.
2290 3694 2448 3747 Ἀλλά
2483 3693 2600 3756 πῶς
2629 3694 2728 3756 τὰς
2765 3692 2862 3763 μὲν
2897 3692 3072 3755 Θέσεις
3107 3693 3212 3744 ἀπὸ
3257 3691 3364 3744 τῶν
3413 3691 3656 3761 πρώτων

2046 3793 2126 3854 εἰς
2154 3790 2253 3853 τὰς
2285 3789 2522 3858 ἐσχάτας
2553 3785 2833 3856 τιθέμεθα,
2864 3785 2962 3849 τὰς
3001 3785 3044 3837 δ’
3065 3786 3367 3854 ἀποφάσεις
3399 3785 3509 3837 ἀπὸ
3546 3785 3655 3838 τῶν

2047 3885 2292 3955 ἐσχάτων
2345 3886 2424 3946 είς
2477 3883 2574 3946 τὰς
2637 3883 2879 3954 πρώτας,
2939 3883 3101 3946 αὐτὸς
3141 3884 3170 3936 ὁ
3215 3882 3403 3953 Πατὴρ
3449 3881 3657 3947 διδάᾆι

2045 3975 2204 4028 τοῦτο
2236 3979 2293 4028 ἐν
2327 3974 2402 4045 τῷ
2440 3973 2576 4045 μετὰ
2609 3973 2783 4026 ταῦτα
2815 3974 3114 4044 κεφαλαίῳ.

355 4061 610 4127 Cognilio,
670 4063 846 4130 potius
894 4065 1060 4118 Deum
1112 4065 1336 4119 occulit.
1400 4065 1674 4120 Naturalis
1734 4066 1880 4120 enim
1938 4080 2118 4120 rerum
2187 4066 2379 4118 notitia
2469 4081 2574 4118 non
2626 4074 2836 4118 tantum
2898 4070 3121 4133 prodest
3169 4066 3236 4119 ad
3287 4065 3655 4142 theologiam,

354 4166 615 4220 quantum
650 4168 863 4222 noceat,
901 4159 1026 4210 dmn
1056 4159 1106 4212 id
1135 4162 1280 4227 quod
1320 4176 1484 4227 supra
1527 4171 1782 4213 naturam
1821 4171 1924 4224 est,
1963 4160 2029 4212 ad
2065 4176 2128 4212 ea
2156 4174 2277 4227 qua:
2305 4157 2406 4210 sibi
2435 4158 2654 4226 propria
2675 4165 2824 4220 sunt,
2894 4160 3057 4210 etiam
3117 4158 3421 4214 secundum
3486 4173 3660 4212 natu-

357 4263 471 4300 ram
527 4250 766 4303 adducit.
825 4249 932 4304 Sed
986 4253 1261 4318 quomodo
1299 4251 1600 4320 positiones
1635 4251 1856 4320 quidem
1905 4268 1933 4302 a
1972 4251 2167 4317 primis
2204 4248 2272 4302 ad
2325 4248 2575 4311 ultimas,
2620 4247 2940 4317 negationes
2970 4261 3100 4301 vero
3145 4249 3212 4303 ab
3282 4248 3502 4303 ulti-nis
3580 4249 3654 4302 ad

355 4343 560 4409 primas
591 4352 921 4403 statuamus,
956 4343 1070 4412 ipse
1105 4343 1265 4398 Pater
1293 4345 1345 4396 in
1375 4343 1628 4411 sequenti
1656 4344 1836 4411 capite
1864 4342 2104 4396 docebit.

814 4632 1196 4720 CAPUT
1274 4632 1465 4718 ΙΙΙ.

354 4775 486 4842 Ome
520 4778 620 4831 sint
667 4777 983 4846 afﬁrmem“
1033 4779 1096 4831 de
1147 4778 1253 4831 Deo
1305 4779 1617 4847 locutiones,
1666 4798 1783 4850 quia
1834 4797 1927 4834 ue-

1033 4863 1234 4920 gantes.

2430 4624 3086 4709 ΚΕΦΑΛΑΙΟΝ
3123 4616 3231 4709 Γ’.

2047 4776 2210 4842 Τίνες
2236 4781 2296 4832 al
2325 4783 2718 4854 καταρατικαὶ
2760 4786 3082 4908 θεοῧογιιιι,
3127 4786 3287 4852 τινες
3314 4787 3374 4838 ιιι
3405 4787 3653 4856 ἀποφα-

2750 4873 2880 4908 rixa
2910 4896 2924 4908 .

2750 4873 2924 4908 τικιιι.

1655 4998 1992 5061 SYNOPSIS
2031 5005 2325 5063 CAPITIS.

356 5143 441 5198 Ait
470 5159 523 5196 se
552 5141 935 5218 init/teologicis
969 5143 1432 5218 infornmtionibus
1458 5143 1774 5218 explicuisse
1808 5145 1902 5218 illa
1933 5162 2051 5215 qua:
2078 5155 2314 5214 spectant
2343 5146 2410 5198 ad
2447 5146 2613 5201 Deum
2646 5149 2846 5202 trinum
2867 5161 2917 5204 et
2943 5169 3107 5206 unum
3131 5172 3148 5218 ;
3177 5157 3228 5208 in
3263 5155 3484 5214 Divinis
3516 5178 3608 5215 uer

422 5212 1038 5302 nominibusiegisse‘de
1082 5215 1573 5302 attribrut-isquiuus
1606 5212 2163 5302 Jin'b'cripmru-Deus
2211 5219 2557 5302 nominatur;
2606 5220 3026 5302 in_Sy_'mb_olica_
3065 5212 3633 5302 deniqueTheologia

416 5294 453 5360 ﬁ
473 5302 627 5364 iuras.
649 5285 772 5364 illas
803 5283 1185 5364 se‘nsiles,__quw
1220 5285 1568 5364 metaphorice
1596 5283 1659 5364 de
1695 5284 2205 5364 Deo_enuntiantur,
2237 5297 2554 5364 caplauasse
2581 5304 2598 5342 :
2639 5300 2689 5364 et
2729 5283 2891 5364 simul
2922 5298 3182 5350 rationem
3202 5283 3634 5364 ’τεάάίιξιίκνῠιῦ

420 5354 541 5441 otiis
569 5355 718 5441 lib-ris
746 5354 1006 5422 prolixior
1036 5356 1196 5423 [ueri
1227 5371 1385 5424 quant
1418 5356 1471 5408 in
1503 5355 1732 5426 Mystica
1783 5358 2075 5428 theologia.
2118 5354 2310 5412 Tradit
2337 5361 2390 5412 in
2433 5363 2534 5430 fine
2562 5363 2776 5415 modum
2811 5363 3084 5430 formandi
3111 5367 3174 5421 de
3203 5368 3313 5424 Deo
3337 5354 3632 5441 positiones

417 5437 466 5480 et
494 5428 821 5496 negationes.

420 5596 474 5650 ln
525 5594 840 5666 theologicis
890 5591 1106 5662 quidem
1159 5594 1638 5650 iuforniationibns
1690 5612 1754 5650 ea
1805 5614 1926 5666 qum
1958 5602 2006 5661 D

347 5689 664 5742 stili-uiantis
705 5689 990 5758 theologia:
1035 5688 1271 5744 maxime
1305 5688 1528 5757 propria
1588 5700 1736 5750 sunt.
1787 5691 1930 5744 cele-

322 6105 350 6131 ι

2117 5598 2204 5650 Ἑν
2236 5599 2332 5669 μὲν
2369 5595 2462 5653 οῦν
2503 5605 2622 5664 ταῖς
2657 5601 2992 5671 θεολογικαῖς
3022 5603 3407 5658 ύποτυπὼσεσι
3434 5606 3500 5658 τὰ
3536 5623 3636 5656 χυ-

2049 5690 2288 5762 ριὼτατα
2360 5693 2458 5762 τῆς
2513 5695 2896 5766 καταφατικῆς
2951 5696 3234 5766 θεολογίας
3294 5699 3628 5771 ύμ-ιήσαμεν
