3866 6232
195 275 336 331 1035

887 272 976 329 un
1010 271 1314 329 MYSTICA
1350 265 1766 333 THEOLOGIA,
1801 265 1955 323 CAP.
1993 266 2082 323 Ill.
2118 299 2187 309 -
2217 267 2545 327 LORDERII
2584 270 2815 328 Νοτίῑ.

3344 281 3481 340 1034

191 389 312 453 πῶς
341 390 375 455 ἦ
409 389 531 444 θεία
558 391 605 424 ⁸⁸
640 391 737 446 καὶ
763 390 943 463 ἀγαθὴ
980 390 1163 461 φύσις,
1212 389 1368 461 ἑνικὴ
1399 387 1637 456 λέγεται,
1679 383 1776 436 πῶς

1904 383 2181 441 bravimns
2217 402 2232 447 :
2265 386 2539 455 quomodo
2579 388 2762 442 divina
2813 392 3062 459 bonaque
3094 401 3287 447 natura
3321 399 3478 452 unica

188 481 445 554 τριαδική
466 498 480 513 α
515 482 601 547 τίς
637 484 671 555 ἡ
715 485 835 537 κατ’
870 483 1041 555 αὐτὴν
1090 481 1359 554 λεγομένη
1410 478 1686 549 πατρότης
1735 492 1796 528 τε

193 573 290 628 καὶ
342 574 525 645 υἱότης
548 592 562 605 ·
592 576 646 629 τί
674 575 719 607 ⁹⁹
756 574 1002 647 βούλεται
1030 576 1225 651 δηλοῦν
1279 576 1313 645 ἡ
1348 571 1442 625 τοῦ
1477 569 1798 639 Πνεύματος

190 664 479 733 Θεολογίαο
517 662 635 729 πῶς
668 667 732 718 ὲκ
768 665 862 718 τοῦ
894 665 1058 718 ἀΰλου
1094 666 1188 718 καὶ
1219 662 1460 735 ἀμεροῦς
1494 659 1700 730 ἀγαθοῦ
1727 655 1797 710 τὰ

191 756 458 828 ὲγκάρδια
485 756 584 827 τῆς
613 755 951 829 ἀγαθότητος
1003 755 1167 825 ἐξέφυ
1218 754 1394 825 φῶτα,
1450 754 1545 808 καὶ
1595 752 1693 823 τῆς
1740 754 1797 804 ὲν

191 847 364 918 αὐτῷ,
399 849 494 901 καὶ
528 851 587 901 ὲν
618 849 852 913 ἑαυτοῖς,
891 849 988 902 καὶ
1032 850 1092 901 ὲν
1127 845 1377 919 ἀλλήλοις
1420 844 1693 899 συναῐδὶου
1729 844 1795 913 τῇ

188 940 594 1012 ὰναόλαστήσει
666 941 835 1012 μονῆς
908 940 1329 1013 ἀπομεμένηκεν
1398 936 1793 1006 ἀνεκφοίτητα·

191 1030 314 1094 πῶς
363 1033 392 1083 ὁ
446 1031 771 1104 ὑπερούσιος
843 1033 1050 1104 Ἰησοῦς
1131 1028 1607 1104 ἀνθρωποφυϊκαῖς
1666 1025 1800 1095 ἀλη-

187 1125 368 1189 θείαις
430 1127 724 1180 οὐσίωταιο
786 1128 882 1181 καὶ
938 1128 1040 1179 ὅσα
1086 1126 1223 1180 ἄλλα
1278 1125 1414 1196 πρὸς
1442 1122 1551 1175 τῶν
1586 1118 1797 1188 Λογίων

190 1217 591 1289 ὲκπεφασμένα
650 1217 793 1273 κατά
851 1217 954 1283 τὰς
1027 1217 1346 1288 θεολογικάς
1416 1212 1797 1274 ὑποτυπιὶθσεις

187 1309 469 1379 ὑμνεῖται.
536 1311 623 1363 Ἐν
657 1311 713 1365 δὲ
763 1310 842 1382 τῷ
888 1311 1031 1380 Περὶ
1077 1313 1251 1367 θείων·
1305 1308 1631 1380 ὀνομάτων,
1676 1305 1796 1371 πῶς

186 1399 396 1469 ἀγαθὸς
434 1403 779 1473 ὀνομάζεται,
813 1403 930 1467 πῶς
963 1402 1059 1468 ὢν,
1099 1403 1215 1466 πῶς
1250 1402 1362 1473 ζωὴ
1390 1401 1486 1454 καὶ
1516 1397 1679 1467 σοφία
1704 1397 1793 1475 ¹⁰⁰,

187 1493 286 1545 καὶ
322 1492 573 1564 δύναμις,
611 1494 704 1547 καὶ
749 1496 851 1549 ὅσα
899 1495 1035 1550 ἀλλα
1066 1493 1165 1567 τῆς
1208 1493 1410 1565 νοητῆς
1444 1495 1560 1545 ὲστι
1590 1490 1794 1543 θεωνυ-

190 1584 357 1657 μίας·
392 1588 451 1640 ὲν
485 1586 541 1640 δὲ
576 1590 641 1658 τῇ
680 1585 1027 1657 Συμϐολικῇ
1068 1588 1365 1657 Οεολογίᾳ,
1413 1584 1557 1647 τίνες
1590 1584 1643 1635 αἱ
1686 1577 1796 1634 ἀπὸ

185 1678 301 1733 τῶν
362 1679 636 1749 αἰσθητῶν
689 1681 784 1733 ἐπὶ
834 1680 903 1733 τά
956 1678 1076 1734 θεῖα
1131 1674 1470 1751 μετωνυμίαι
1501 1693 1513 1707 ·
1556 1674 1699 1736 τίνες
1738 1673 1795 1725 αἶ

1903 476 2135 543 dicatur,
2189 482 2463 549 quomodo
2508 480 2682 547 trina;
2715 496 2964 550 quaenam
2998 487 3295 541 secundum
3334 489 3480 545 illam

1899 571 2201 639 paternitas
2232 572 2468 637 dicatur,
2492 581 2547 626 et
2580 587 2830 642 quaenam
2863 574 3079 639 liliatio,
3112 578 3312 646 quidve
3354 584 3484 638 velit

1901 661 2005 717 sibi
2043 662 2130 717 illa
2163 665 2342 718 divina
2377 664 2615 733 Spiritus
2655 665 3032 723 denominatio
3063 684 3077 722 :
3110 675 3381 739 quomodo
3411 689 3480 729 ex

1902 752 2251 809 immateriali
2282 763 2338 809 et
2368 755 2646 810 individuo
2672 756 2839 822 bono,
2887 761 3147 815 cordialia
3190 763 3293 818 ista
3318 766 3478 819 boni-

1902 844 2029 897 tatis
2062 844 2267 899 lumina
2307 846 2644 915 pullularint,
2680 855 2734 900 et
2763 848 2814 900 in
2840 849 2979 917 ipso,
3012 850 3140 906 etin
3182 855 3398 923 seipsis,
3428 867 3484 912 et

1902 934 1953 988 in
1987 950 2046 990 se
2078 944 2268 989 mutuo
2298 947 2564 992 coaeterna
2609 941 2987 1010 propagationi
3037 946 3316 1000 mansione
3347 964 3481 1003 nus-

1901 1042 2061 1095 quam
2104 1027 2456 1097 digrediendo
2502 1034 2947 1098 permanserint:
2998 1040 3270 1104 quomodo
3300 1038 3481 1112 Jesns,

1898 1122 2457 1190 supersubslantialis,
2487 1124 2738 1181 humanae
2766 1137 2976 1182 natura:
2999 1130 3321 1187 veritatibus
3351 1135 3485 1189 sub.

1899 1213 2191 1268 stantiatus
2226 1212 2318 1277 sit,
2349 1222 2403 1268 et
2434 1229 2777 1286 quaecunque
2813 1217 2915 1272 alia
2939 1234 2969 1273 a
2994 1220 3293 1290 Scripturis
3315 1240 3481 1293 expo-

1900 1303 2003 1356 sita
2038 1305 2090 1358 in
2147 1306 2468 1376 theologicis
2521 1308 3001 1366 informationibus
3055 1315 3477 1372 celebravimus.

1900 1395 1954 1449 In
1984 1396 2128 1451 libro
2155 1406 2339 1452 autem
2374 1398 2451 1453 De
2474 1401 2668 1455 divinis
2718 1405 3039 1472 numinibus,
3084 1410 3356 1474 quomodo
3382 1411 3480 1463 bo-

1899 1501 2003 1541 nus
2043 1490 2378 1555 nominetur,
2426 1493 2698 1562 quomodo
2736 1510 2854 1560 ens,
2882 1499 3154 1565 quomodo
3179 1499 3283 1553 vita
3308 1510 3360 1552 et
3395 1518 3481 1555 sa-

1898 1579 2099 1646 pientia
2130 1591 2187 1636 et
2218 1582 2416 1649 virtus,
2462 1594 2517 1639 et
2556 1600 2895 1655 quaecunque
2925 1588 3027 1642 alia
3054 1591 3357 1657 apiritalem
3387 1594 3480 1648 Dei

1898 1682 2235 1729 concernunt
2256 1676 2673 1746 appellationem
2706 1696 2721 1745 ;
2756 1680 2807 1734 in
2839 1679 3141 1752 Symbolica
3176 1700 3303 1740 vero
3334 1692 3483 1741 theo-

183 1732 333 1824 θεῖαι
377 1732 604 1843 μοριραὶ,
670 1732 791 1825 τίνα
814 1732 882 1824 τά
911 1732 1464 1843 θείάσ-έήματαίκαὶ
1504 1764 1667 1840 μέρη,
1692 1763 1776 1817 καὶ

2292 1732 2342 1746 ..
2707 1732 2721 1745 ,
2777 1732 2806 1734 ε-
2841 1732 2906 1752 τε,
3185 1732 3300 1740 ---ν
3334 1732 3447 1741 -..νυ

1893 1762 2055 1833 logia,
2096 1780 2342 1834 quaenam
2396 1771 2616 1824 nomina
2669 1772 2850 1827 divina
2872 1788 2904 1828 e
2933 1777 3098 1831 rebus
3128 1779 3482 1836 sensibililms

184 1862 419 1935 ὅργανα,
449 1863 594 1927 τίνες
622 1866 669 1917 οἱ
700 1865 835 1917 θεῖοι
864 1864 1039 1928 τόποι,
1070 1864 1164 1918 καὶ
1194 1863 1412 1934 κόσμοι,
1442 1861 1589 1925 τίνες
1616 1861 1665 1913 οἱ
1695 1857 1789 1911 θυ-

188 1955 306 2026 μοὶ,
350 1955 497 2019 τίνες
537 1956 591 2009 αἱ
635 1952 823 2019 λῦπαι,
869 1957 963 2009 καὶ
996 1959 1049 2009 αἱ
1096 1956 1333 2028 μήνιδες,
1362 1954 1507 2018 τίνες
1537 1956 1593 2008 αἱ
1628 1951 1788 2024 μέθαι

186 2048 285 2101 καὶ
317 2049 372 2100 αἱ
404 2048 728 2119 κραιπάλαι,
771 2049 916 2111 τίνες
943 2051 990 2101 οἱ
1019 2048 1192 2119 ὅρκοι,
1229 2049 1324 2101 καὶ
1363 2046 1507 2111 τίνες
1536 2048 1591 2100 αἱ
1634 2047 1784 2117 ἀραὶ,

194 2141 343 2203 τίνες
374 2143 422 2194 οἱ
453 2140 630 2206 ὕπνοι,
674 2140 770 2195 καὶ
810 2140 951 2205 τίνες
997 2144 1052 2195 αἱ
1100 2137 1478 2213 ἐγρηγόρσεις,
1524 2140 1617 2195 καὶ
1663 2141 1785 2193 ὅσαι

198 2230 362 2287 ἄλλαι
400 2233 501 2303 τῆς
558 2234 894 2305 ωμϐολικῆς
949 2236 1056 2287 εἰσι
1110 2234 1399 2298 θεοτυπίας
1443 2233 1784 2305 ἱερόπλαστοι

188 2323 530 2395 μορφώσεις.
563 2325 675 2379 Καί
708 2342 766 2378 σε
795 2325 978 2397 οἴομαι
1011 2323 1435 2397 συνεωρακέναι,
1469 2324 1587 2388 πῶς
1618 2326 1783 2378 πολυ-

193 2412 478 2486 λογώτερα
511 2415 709 2485 μᾶλλόν
739 2418 857 2469 ὲστι
884 2416 953 2470 τὰ
984 2417 1186 2487 ἔσχατα
1226 2415 1335 2468 τῶν
1378 2415 1611 2487 πρώτων
1632 2433 1643 2445 υ
1689 2417 1784 2470 καὶ

183 2506 298 2578 γὰρ
329 2509 496 2579 ὲχρῆν
523 2508 623 2572 τὰς
657 2507 975 2579 θεολογικάς
1002 2506 1401 2571 ὑποτυπώσεις,
1438 2507 1532 2560 καὶ
1558 2506 1655 2577 τὴν
1671 2507 1782 2560 τῶν

183 2598 351 2652 θείων
394 2600 676 2672 ὀνομάτων
707 2601 1007 2665 ἀνάπτυξιν
1051 2600 1536 2672 βραχυλογωτέραν
1574 2600 1592 2630 ¹
1639 2594 1779 2652 εἶναι

182 2691 285 2761 τῆς
316 2691 694 2761 Συμϐολικῆς
720 2694 1048 2762 θεολογίας.
1095 2688 1355 2763 Ἐπείπερ
1397 2692 1507 2762 ὅσῳ
1541 2689 1677 2763 πρὸς
1719 2691 1779 2744 τὸ

184 2782 419 2848 ἄναντες
448 2786 807 2857 ἀνανεύομεν,
839 2788 1091 2842 τοσοῦτον
1122 2792 1168 2842 οἱ
1197 2788 1342 2856 λόγοι
1369 2791 1490 2852 ταῖς
1525 2788 1777 2858 συνόψεσι

190 2875 304 2929 τῶν
335 2877 542 2947 νοητῶν
586 2877 1057 2950 περιστέλλονται·
1104 2877 1357 2950 καθάπερ
1399 2880 1492 2933 καὶ
1532 2878 1664 2932 νῦν²
1695 2882 1775 2943 είς

183 2965 280 3020 τὸν
311 2967 452 3040 ὑπὲρ
482 2967 608 3023 νοῦν
637 2969 971 3034 είσδύνοντες
1001 2971 1022 3001 ³
1053 2971 1270 3041 γνόφον,
1298 2972 1357 3025 οὐ
1392 2971 1771 3042 βραχυλογίαν,

184 3058 305 3112 ἀλλ’
343 3059 566 3129 ἀλογίαν
605 3062 842 3134 παντελῆ
875 3063 966 3116 καὶ
994 3063 1252 3134 ἀνοησίαν
1292 3062 1616 3135 εὑρήσομεν.
1660 3066 1773 3118 Κά-
1800 3094 1842 3151 C

185 3149 279 3201 κεῖ
310 3149 405 3219 μὲν
447 3150 557 3203 ἀπὸ
585 3150 680 3203 τοῦ
724 3152 836 3206 ἀνω
866 3152 1003 3223 πρὸς
1041 3153 1108 3205 τὰ
1137 3153 1341 3225 ἔσχατα
1385 3154 1585 3208 κατιὼν
1626 3154 1655 3208 ό
1686 3155 1775 3207 λό-

183 3254 303 3309 γος,
335 3239 475 3294 κατά
502 3241 564 3293 τὸ
592 3242 756 3295 ποσὸν
783 3242 882 3314 τῆς
910 3240 1159 3310 καθόδου,
1192 3246 1328 3318 πρὸς
1354 3246 1613 3315 ἀνάλογον
1644 3248 1776 3319 πλῆ-

184 3328 280 3393 θος
308 3330 576 3401 ηὐρύνετο
594 3349 607 3362 ο
654 3331 749 3386 νῦν
789 3332 865 3399 δὲ,
896 3336 1007 3388 ἀπὸ
1035 3335 1142 3389 τῶν
1184 3338 1336 3390 κάτω
1366 3338 1501 3408 πρὸς
1529 3336 1589 3390 τὸ
1608 3339 1775 3409 ὑπερ-

184 3420 445 3491 κείμενον
474 3421 661 3488 ἀνιὼν,
693 3423 835 3477 κατά
863 3425 924 3477 τὸ
963 3424 1159 3495 μέτρον
1188 3426 1289 3497 τῆς
1320 3427 1507 3481 ἀνόδου
1542 3430 1772 3483 συστέλ-

180 3506 358 3576 λεται,
391 3514 488 3567 καὶ
519 3514 657 3585 μετά
702 3518 883 3570 πᾶσαν
923 3517 1110 3571 ἄνοδον
1163 3519 1285 3583 ὅλος
1340 3520 1554 3589 ἄφωνος
1596 3521 1770 3587 ἔσται,

189 3604 288 3657 καὶ
306 3604 427 3669 ὅλος
456 3605 479 3637 ’⁸
508 3606 840 3679 ἐνωθήσεται
869 3608 946 3679 τῷ
974 3610 1287 3681 ἀφθέγκτῳ.
1320 3612 1417 3665 Διά
1458 3614 1498 3665 tl
1529 3614 1585 3666 δὲ
1611 3614 1771 3679 ὅλως,

179 3688 312 3758 φῂς,
346 3690 456 3743 ἀπὸ
498 3691 592 3744 τοῦ
638 3695 948 3764 πρωτίστου
993 3698 1210 3770 θέμενοι
1242 3702 1343 3764 τὰς
1386 3700 1539 3765 θείας
1570 3703 1769 3769 θέσεις,

179 3779 295 3832 ἀπὸ
322 3780 434 3835 τῶν
462 3784 706 3854 ἐσχάτων
748 3786 1031 3858 ἀρχόμεθα
1073 3791 1175 3861 τῆς
1205 3790 1358 3856 θείας
1385 3793 1769 3865 ἀφαιρέσεως;

183 3869 333 3935 Ὅτι,
363 3870 426 3923 τὸ
455 3872 595 3943 ὑπὲρ
625 3874 807 3928 πᾶσαν
831 3875 1082 3940 τιθέντας
1124 3877 1272 3931 θέσιν
1302 3880 1323 3910 ⁵
1362 3880 1469 3933 ἀπὸ
1508 3880 1604 3933 τοῦ
1639 3880 1773 3951 μᾶλ-

180 3957 276 4011 λον
306 3958 455 4030 αὐτῷ
485 3963 933 4033 συγγενεστέρου,
967 3966 1067 4036 τὴν
1096 3967 1424 4041 ὑποθετικὴν
1459 3971 1769 4040 κατάφασιν

176 4051 353 4123 ἐχρῆν
392 4052 631 4108 τιθέναι·
663 4055 725 4108 τὸ
762 4055 820 4108 δὲ
863 4058 1004 4128 ὑπὲρ
1048 4061 1229 4113 πᾶσαν
1270 4061 1561 4133 ἀφαίρεσιν
1602 4065 1768 4131 ἀφαι-

182 4145 439 4216 ροῦντας,
470 4149 580 4200 ἀπὸ
612 4148 722 4203 τῶν
754 4151 954 4220 μᾶλλον
982 4153 1146 4207 αὐτοῦ
1183 4155 1203 4186 ⁸
1231 4155 1591 4225 διεστηκότων
1608 4158 1770 4226 ἀφαι-

181 4240 321 4309 ρεῖν.
366 4238 439 4291 ’Ἡ
474 4240 594 4310 οὐχὶ
626 4242 826 4312 μᾶλλόν
866 4246 982 4298 ἐστι
1011 4244 1123 4315 ζωὴ
1167 4247 1261 4299 καὶ
1299 4247 1569 4319 ἀγαθότης
1597 4249 1628 4319 ἢ
1662 4249 1769 4322 ἀὴρ

176 4330 281 4383 καὶ
310 4330 486 4397 λίθος;
516 4335 611 4388 καὶ
654 4335 853 4405 μᾶλλον
892 4338 953 4391 οὐ
997 4339 1296 4411 κραιπαλᾷ,
1338 4343 1433 4395 καὶ
1473 4343 1532 4395 οὐ
1581 4346 1765 4415 μηνιᾷ,

174 4422 216 4494 ἢ
249 4423 312 4475 οὐ
341 4422 558 4493 λέγεται
600 4426 721 4480 οὐδὲ
753 4429 989 4495 νοεῖταις

1899 1856 2159 1911 translata
2193 1858 2323 1928 sint,
2360 1875 2588 1931 quaeque
2618 1864 2816 1922 divina:
2865 1865 3076 1934 formae,
3106 1885 3226 1938 quae
3267 1871 3480 1941 ﬁgurae,

1896 1962 2018 2016 quae
2047 1953 2318 2019 membra,
2350 1953 2510 2027 563
2539 1973 2659 2026 quae
2693 1961 3051 2018 instrumenta
3075 2014 3089 2029 ,
3121 1980 3242 2034 quae
3290 1967 3475 2022 divina

1891 2040 2031 2107 loca,
2065 2043 2158 2111 qui
2188 2055 2439 2112 ornatus,
2467 2050 2562 2118 qui
2596 2050 2831 2117 furores,
2864 2069 2982 2121 quae
3019 2058 3252 2112 tristitice
3279 2070 3334 2114 et
3359 2061 3475 2129 ine,

1891 2148 2140 2203 quaenam
2171 2135 2470 2193 ebrietates
2500 2149 2556 2193 et
2581 2144 2835 2213 crapulae,
2860 2159 2979 2214 qua:
3003 2147 3477 2222 juramenta,quze

1890 2222 2323 2292 maledictiones,
2368 2227 2461 2295 qui
2520 2232 2721 2294 somni,
2780 2249 2900 2303 quae
2954 2238 3368 2308 evigilationes,
3417 2252 3475 2298 et

1886 2325 2160 2385 quotquot
2203 2319 2324 2373 aliae
2370 2330 2497 2375 sunt
2524 2324 2837 2393 symbolicm
2880 2327 3224 2398 efﬁgiationis
3257 2333 3347 2386 Dei
3384 2350 3474 2389 sa-

1886 2420 1995 2459 crae
2030 2407 2392 2467 formationes
2422 2427 2485 2467 ac
2522 2414 2895 2485 ﬁgurationes.
2942 2422 3195 2477 Arbitror
3223 2425 3385 2478 etiam
3420 2437 3474 2482 te

1885 2497 2331 2567 deprehendisse,
2378 2508 2651 2572 quomodo
2694 2518 2937 2563 extrema
2998 2514 3109 2567 sint
3168 2517 3466 2583 prolixiora

1884 2591 2192 2659 prioribus;
2232 2595 2459 2651 decebat
2483 2598 2627 2653 enim
2663 2601 3080 2660 informationes
3114 2609 3469 2682 theologicas,

1882 2692 1936 2737 et
1970 2685 2276 2741 divinorum
2314 2689 2600 2745 nominum
2636 2694 3077 2764 explanationem
3128 2702 3306 2759 minus
3342 2722 3471 2760 ver-

1880 2774 2011 2831 bosa
2045 2792 2167 2834 esse
2201 2780 2505 2850 Symbolica
2535 2785 2823 2857 theologia.
2861 2788 3077 2857 Quanto
3110 2796 3254 2849 enim
3290 2798 3358 2852 ad
3386 2800 3472 2852 al-

1882 2868 2027 2923 tiora
2082 2873 2501 2943 contendimus,
2553 2886 2706 2933 tanto
2752 2881 2929 2951 magis
2977 2898 3257 2943 sermones
3292 2894 3469 2947 nostri

1880 2973 2062 3013 rerum
2099 2958 2498 3021 intellectilium
2546 2969 2863 3037 aSpectibus
2882 2976 3321 3044 contrahuntur;
3358 2982 3469 3035 sic-

1879 3060 1940 3105 ut
1991 3051 2158 3107 etiam
2214 3055 2403 3123 modo,
2440 3057 2569 3114 dum
2604 3059 2890 3135 caliginem
2928 3064 3099 3133 illam,
3130 3084 3251 3139 quae
3302 3071 3460 3127 intel-

1880 3151 2079 3197 lectum
2115 3158 2357 3216 superat,
2393 3148 2800 3221 ingrediemur,
2838 3170 2947 3210 non
2983 3157 3035 3210 in
3072 3160 3465 3232 breviloquen-

1876 3234 2010 3289 tiam
2059 3236 2360 3304 duntaxat,
2405 3257 2594 3297 verum
2629 3246 2805 3300 etiam
2851 3248 2905 3302 in
2954 3248 3235 3305 silentium
3270 3254 3450 3323 perle-

1875 3337 2025 3382 ctum
2049 3369 2064 3394 ,
2098 3338 2154 3384 et
2186 3330 2559 3404 intelligentiae
2602 3335 2968 3394 defectionem
3003 3341 3328 3401 incidemus.
3362 3348 3463 3401 Διι-

1875 3434 1985 3488 que
2018 3420 2073 3473 in
2108 3420 2218 3476 illis
2254 3421 2476 3490 quidem
2510 3440 2539 3478 a
2574 3439 2836 3494 supremo
2870 3430 2938 3484 ad
2973 3430 3159 3487 inﬁma
3207 3435 3463 3493 derivans

1874 3511 2078 3574 oratio,
2112 3526 2211 3580 pro
2246 3528 2503 3570 mensura
2558 3519 2853 3576 descensus
2886 3526 2952 3578 ad
2986 3529 3462 3595 proportionatam

1873 3601 2219 3659 latitudinem
2267 3609 2667 3666 extendebatur
2700 3630 2713 3679 ;
2752 3631 2897 3671 nunc
2943 3631 3074 3673 vero
3118 3620 3186 3674 ab
3233 3621 3461 3679 inferio-

1874 3694 2025 3751 ribus
2058 3697 2125 3750 ad
2162 3698 2213 3753 id
2245 3701 2390 3769 quod
2424 3717 2736 3773 supremum
2772 3712 3000 3775 eminet,
3037 3715 3338 3771 ascendens
3364 3717 3457 3785 ju-

1873 3795 1966 3839 xta
2002 3789 2220 3844 modum
2269 3795 2607 3850 ascensionis
2653 3800 3042 3868 contrahitur,
3079 3813 3135 3858 et
3165 3814 3293 3874 post
3328 3822 3455 3862 om-

1873 3893 1998 3933 nem
2046 3894 2335 3937 ascensum
2382 3886 2599 3954 penitus
2646 3889 3024 3959 obmutescet,
3061 3906 3224 3967 atque
3258 3899 3457 3955 ineffa-

1871 3971 1965 4025 bili
2003 3971 2157 4042 (Deo)
2195 3984 2308 4029 tota
2343 3978 2719 4050 conjungetur.
2758 3981 2863 4039 Sed
2898 3999 3160 4054 quorsum
3196 3990 3456 4065 (inquies)

1872 4080 1901 4118 a
1938 4066 2116 4134 primo
2168 4070 2469 4136 positiones
2501 4072 2715 4129 divinas
2748 4085 3077 4145 statuentes,
3114 4081 3353 4138 divinam
3390 4086 3457 4140 il—

1870 4158 1979 4213 lam
2014 4161 2344 4218 ablationem
2380 4164 2448 4219 ab
2482 4169 2746 4225 extremis
2781 4172 3164 4242 auspicamur?
3197 4173 3333 4242 Quia
3371 4180 3456 4233 ni-

1871 4254 2089 4319 mirum,
2119 4270 2242 4309 cum
2278 4258 2355 4322 id,
2390 4263 2534 4327 quod
2559 4275 2722 4327 supra
2751 4279 2966 4319 omnem
3001 4269 3326 4335 positionem
3347 4282 3452 4340 est,

1871 4349 2246 4403 statuebamus
2281 4351 2350 4405 ab
2383 4366 2450 4406 eo
2482 4356 2626 4423 quod
2664 4357 2765 4425 ipsi
2802 4360 2977 4429 magis
3011 4371 3305 4431 cognatum
3341 4376 3450 4433 est,

1794 4436 1841 4492 D
1873 4440 2279 4497 fundamentum
2326 4441 2632 4502 allirmandi
2694 4451 3004 4517 ponendum
3056 4465 3222 4521 erat;
3260 4473 3448 4515 verum

176 4529 312 4569 cum
364 4516 417 4570 id
466 4517 706 4575 tollimus
752 4522 898 4591 quod
954 4538 1117 4593 supra
1164 4540 1382 4581 omnem
1417 4539 1502 4584 est
1535 4530 1892 4601 ablationem,
1932 4534 2000 4590 ab
2035 4534 2101 4589 iis
2135 4550 2353 4606 quoque
2414 4553 2536 4609 quae
2600 4516 2843 4598 maxime
2907 4544 3113 4600 distant
3177 4553 3447 4605 removeri

176 4606 458 4675 debebat;
493 4626 674 4670 nonne
708 4614 853 4671 Deus
904 4619 1083 4689 magis
1129 4628 1213 4676 est
1254 4623 1365 4676 vita
1416 4631 1473 4677 et
1529 4624 1784 4694 bonitas,
1840 4634 2017 4698 'quam
2059 4643 2155 4685 aer
2190 4639 2297 4699 aut
2364 4606 2551 4705 lapis?
2614 4636 2900 4706 magisque
2943 4654 3065 4706 ,non
3125 4641 3446 4711 crapulatur

173 4707 237 4754 et
286 4713 395 4755 non
447 4702 726 4775 irascitur,
783 4722 949 4778 quam
1010 4722 1119 4767 non
1180 4713 1397 4769 dicatur
1430 4725 1523 4770 aut
1559 4716 1935 4789 intelligatur?

1347 5021 1884 5081 ADNOTATIONES
1921 5022 2265 5080 CORDERII.

257 5147 328 5204 In
366 5149 683 5245 tlteolpgt'cis‘
712 5157 923 5227 quidem
966 5158 1467 5245 inlormationibus,
1508 5174 1615 5220 etc.
1658 5165 1738 5220 Ex
1774 5167 1879 5220 hoc
1915 5167 2094 5245 capite
2133 5175 2281 5245 patet
2307 5168 2336 5245 _(
2362 5169 2504 5245 quod
2549 5170 2934 5245 observatione
2982 5168 3225 5245 generali
3277 5181 3336 5234 ll
3392 5187 3452 5234 et

174 5219 252 5315 L2
290 5219 976 5315 probalv.imtl.s).§anctum
1012 5219 1332 5315 Qionysium
1382 5219 1657 5315 accurate
1710 5219 2508 5315 omnestotiusrsebolasltieae
2559 5219 2859 5315 theologia;
2896 5219 3443 5315 parur-tradidisse.

176 5289 320 5346 Nam
356 5301 418 5348 ut
453 5293 543 5351 hic
578 5289 886 5367 signiﬁcat,
925 5300 981 5354 in
1028 5289 1334 5373 theologicis
1372 5289 1776 5374 informationﬁib

1888 5289 1896 5290 ί
1920 5289 2058 5376 quas
2090 5289 2779 5381 ὑπὸέὖέτῶἆὲὶξῖερβέιὶᾇὶῗ
2801 5289 3444 5391 ἷυεῖιῖὲὶιὶέι-’ὲῖ”’ὧὶινῖὲ

1447 5482 1685 5540 VARIA‘I
1750 5484 2045 5545 LECTION
2052 5487 2157 5543 ES.

234 5612 285 5713 ς
331 5613 746 5713 igta‘legcnldum.
774 5617 945 5713 30in
993 5617 1065 5713 8ζ
1102 5619 1172 5707 P.'
1197 5628 1250 5676 et
1297 5621 1833 5713 Sc.mpra3‘pon_untur
1878 5629 1994 5713 haec
2027 5632 2215 5713 verba,
2250 5626 2317 5711 τί
2336 5625 2448 5713 οὖν,
2482 5634 2598 5713 ἐστι
2635 5634 2823 5713 τοῦτο,
2859 5637 2913 5709 ἥ.
2996 5638 3063 5713 ‘_°°
3098 5641 3216 5713 πῷς
3249 5646 3429 5713 σοφία.

176 5685 196 5717 ⁸
234 5684 745 5777 βραδυλογξμτέρανΐ,
774 5686 847 5777 Si
871 5689 1351 5777 Bpaxuaoydacepa,
1380 5684 1486 5777 Δ(ῗιίῖ.
1658 5699 1679 5729 ⁸
1711 5698 1807 5752 καὶ
1839 5684 2226 5777 ,καθάπερκαί
2256 5701 2372 5777 νῦν,
2415 5684 2959 5775 εζςίειξςῖδῦξιᾶέᾶς,
2999 5706 3059 5763 D.

174 5756 273 5810 καί
306 5756 467 5822 ὅλως,
504 5756 649 5820 S.;in
706 5758 766 5815 D.
795 5756 1024 5829 utraque
1057 5756 1217 5820 lectio
1246 5756 1484 5821 notatur.
1559 5767 1580 5799 ⁵
1614 5783 1795 5835 φυσιν,
1831 5770 1933 5825 Ch.
2002 5773 2021 5801 δ
2058 5756 2220 5839 ἁὺτῷ,
2251 5772 2350 5827 Cll.

508 5851 783 5914 PATROL.
826 5852 945 5914 Gn.
1004 5854 1116 5918 ΙΙΙ.
3034 5876 3110 5934 33
