3866 6232
285 342 310 397 1
322 343 427 397 037

820 342 909 398 DE
958 343 1260 401 MYSTICA
1293 344 1702 410 THEOLOGI’A,
1736 345 1888 404 CAP.
1925 346 2013 404 Ill.
2046 377 2115 388 —
2145 346 2488 404 PARAPHR.
2523 349 2992 405 PACllYMEBA‘I.

3364 354 3520 409 ’1038

285 454 514 523 μάζεται
542 455 570 508 ὁ
596 454 728 519 Θεὸς
759 460 1158 525 καταφατικῶς,
1192 461 1285 514 καὶ
1320 461 1415 526 ὢν,
1455 464 1550 515 καὶ
1592 460 1723 533 ζωὴ,
1764 462 1846 515 καῒ

1957 465 2239 521 mansione
2280 465 2396 521 sine
2439 480 2682 535 egressu.
2724 466 2779 520 In
2814 467 2956 521 libro
2996 473 3175 520 autem
3221 465 3297 521 De
3336 468 3523 523 divinis

282 545 462 614 σοφία,
494 547 587 599 καὶ
616 547 861 617 δύναμις.
899 550 1067 603 Πάλιν
1108 553 1166 603 tv
1194 554 1261 621 τῇ
1292 551 1629 621 Συμϐολικῇ
1654 555 1855 605 θεολο-

279 637 398 704 τίᾳ,
426 637 568 700 τίνες
595 639 648 691 αἰ
677 637 783 691 ἀπὸ
819 639 927 692 τῶν
952 639 1223 710 αἰσθητῶν
1262 643 1617 711 μετωνυμίαι,
1645 642 1737 695 καὶ
1777 640 1858 692 τί-

281 743 373 791 νες
399 729 454 780 αἰ
503 729 726 798 μορφαὶ,
758 728 823 793 ἃς
856 730 1202 801 περιτιθείσιν
1241 733 1289 783 οἰ
1322 733 1591 801 προφῆται
1630 731 1855 800 θεοπρε-

278 816 398 880 πῶς
444 816 523 886 τῷ
569 817 711 887 Θείῳ
734 833 750 847 ·
804 817 897 870 καὶ
928 822 1055 871 ποῖα
1082 818 1150 871 τὰ
1195 820 1467 889 σχήματα,
1504 818 1597 871 καὶ
1639 818 1708 872 τὰ
1761 818 1854 871 τοῦ

279 905 530 976 σώματος
562 907 723 978 μέρη,
752 908 871 960 τίνα
901 909 1166 979 πρόσωπα
1186 909 1445 980 δηλονότι,
1474 910 1567 962 καὶ
1598 906 1729 973 ὦτα,
1760 914 1853 965 καὶ

277 1000 479 1068 χεῖρες,
514 999 606 1051 καὶ
650 998 825 1062 πόδες,
861 1000 955 1052 καὶ
988 1002 1115 1053 ποῖα
1154 997 1221 1052 τὰ
1274 999 1498 1070 όργανα,
1532 1002 1625 1053 καλ⁹
1669 1001 1853 1062 τᾶλλα,

277 1088 367 1139 ῐνα
400 1086 474 1158 μὴ
500 1087 620 1140 καθ’
652 1088 880 1141 ἕκαστον
927 1088 1192 1160 λέγωμεν,
1237 1089 1273 1143 ἂ
1309 1090 1371 1161 δὴ
1418 1091 1593 1145 πάντα
1631 1091 1689 1158 ἐξ
1718 1092 1855 1145 ἀπο-

276 1175 495 1244 φάσεως
540 1176 816 1245 ὀφείλουσι
860 1177 1108 1247 λέγεσθαι
1149 1178 1242 1231 ἐπὶ
1287 1178 1441 1231 Θεοῦ.
1498 1180 1680 1249 Ἔχεις
1727 1181 1856 1248 γοῦν

274 1265 584 1334 γινώσκειν,
621 1267 735 1330 πῶς
764 1266 832 1320 τὰ
882 1268 1080 1338 μᾶλλον
1109 1269 1458 1341 πορρώτερον
1497 1269 1588 1322 τοῦ
1634 1269 1788 1334 Θεοῦ,
1819 1270 1855 1324 ἃ

274 1357 341 1427 δὴ
370 1356 570 1427 έσχατα
596 1356 761 1426 λέγει,
794 1358 1205 1430 πολυλογώτερά
1234 1362 1388 1413 εἰσιν.
1416 1360 1565 1430 Ὀσῳ
1588 1360 1695 1431 γάρ
1720 1362 1855 1413 εἰσιν

273 1447 522 1500 ἀνοίκεια
547 1446 683 1517 Θεῷ,
725 1448 820 1501 καὶ
864 1449 938 1519 μὴ
967 1451 1330 1521 προσήκοντα,
1375 1449 1615 1519 τοσούτῳ
1646 1449 1853 1502 δέονται

275 1537 450 1605 λόγων
493 1540 573 1602 εἰς
611 1539 968 1609 παράστασιν,
1013 1540 1130 1603 πῶς
1170 1540 1262 1593 ἐπὶ
1305 1539 1438 1592 Θεοῦ
1481 1538 1850 1611 νοηθήσονται.

274 1628 378 1681 Διά
433 1627 591 1682 τοῦτο
646 1632 702 1682 αἱ
735 1630 1076 1699 Θεολογικαὶ
1128 1628 1546 1695 ὺποτυπώσεις
1604 1630 1741 1683 κατά
1792 1631 1853 1683 τὸ

274 1720 419 1788 Περί
474 1719 594 1773 τῶν
656 1720 829 1775 θείων
890 1720 1193 1789 ὀνομάτων
1241 1720 1550 1792 βραχύτερά
1584 1724 1689 1774 εἰσι
1751 1721 1851 1793 τῆς

274 1810 655 1880 Συμϐολικῆς
696 1812 1021 1881 θεολογίας,
1051 1812 1133 1865 ὅτι
1180 1814 1238 1865 tv
1285 1812 1511 1877 ἐκείνοις
1554 1830 1851 1883 καταφατι-

275 1901 390 1965 κῶς
419 1900 694 1972 ἐλέγομεν,
742 1903 802 1955 tv
844 1902 941 1972 μὲν
978 1903 1097 1965 ταῖς
1141 1903 1515 1971 Θεολογικαῗς
1542 1904 1852 1959 ὑποτυπώ-

268 2006 437 2056 σεσι,
472 1992 598 2063 περὶ
627 1987 782 2056 Θεοῦ,
826 1992 908 2045 ὅτι
956 1991 1145 2062 μονὰς.
1167 1993 1478 2065 ὄτι.Τριὰς,
1515 1996 1597 2048 ὅτι
1640 1996 1847 2067 Πατὴρ,

271 2082 363 2135 ὃτι
394 2082 542 2146 Υἱὸς,
574 2083 667 2135 καὶ
698 2080 951 2155 Πνεῦμα⁶
988 2086 1045 2137 tv
1079 2083 1135 2137 δὲ
1163 2082 1241 2153 τῷ
1267 2085 1403 2152 Περὶ
1433 2087 1604 2138 θείων
1640 2086 1851 2156 ὄνομα)-

274 2190 415 2237 των,
442 2174 522 2226 ὅτι
545 2171 641 2237 ὣν,
673 2174 755 2227 ὅτι
784 2174 918 2246 ζωὴ,
949 2174 1031 2227 ὅτι
1066 2174 1244 2244 σοφία,
1287 2175 1369 2228 ὃτι
1410 2175 1634 2247 δύναμις
1656 2194 1669 2208 ’
1705 2180 1762 2231 ὲν
1793 2178 1849 2231 δὲ

273 2266 345 2334 τῇ
378 2263 717 2332 Συμϐολικῇ
750 2266 1039 2335 θεολογίᾳ,
1061 2266 1183 2318 ἐπεὶ
1215 2266 1343 2336 περὶ
1370 2267 1651 2337 συμϐόλων
1682 2267 1847 2337 λέγει,

276 2354 611 2427 σχημάτων,
647 2354 861 2425 μερῶν,
908 2354 1187 2425 ὀργάνων,
1230 2355 1575 2426 κραιπαλῶν,
1629 2358 1846 2427 ὁρμῶν,

275 2440 483 2509 ὕπνων,
531 2445 942 2516 ὲγρηγόρσεων,
1000 2443 1037 2498 ἃ
1082 2444 1146 2515 δὴ
1198 2445 1373 2498 πάντα
1422 2445 1481 2510 ἐξ
1527 2448 1849 2516 ἀποφάσεως

272 2536 548 2607 ὀφείλουσι
576 2537 843 2605 λέγεσθαι,
873 2536 948 2600 ὡς
977 2537 1219 2590 ἀνοίκεια
1248 2539 1341 2592 καὶ
1369 2539 1554 2609 πόρῤω
1585 2538 1740 2601 Θεοῦ,
1770 2541 1849 2592 εἰ·

271 2628 453 2691 κότως
475 2627 878 2699 πολυλογώτερα
900 2627 967 2681 τὰ
988 2629 1209 2682 τοιαῦτα
1240 2630 1539 2701 συνέϐησαν
1566 2629 1845 2698 γενέσθαι·

274 2719 512 2790 ἐπείπερ
568 2720 677 2790 ὅσῳ
710 2718 787 2790 τῷ
830 2719 948 2789 Θεῷ
975 2720 1275 2791 οἰκειότερα
1317 2719 1564 2790 λέγομεν,
1596 2720 1689 2773 καὶ
1717 2721 1848 2775 ἀνα-

275 2810 523 2881 νεύομεν,
549 2812 644 2864 καί
673 2809 959 2881 ἐγγίζομεν
993 2810 1127 2883 πρὸς
1162 2810 1341 2875 αὑτὸν,
1366 2810 1603 2882 τοσούτῳ
1635 2814 1681 2864 οἰ
1703 2812 1849 2879 λόγοι

273 2903 397 2964 ταῖς
427 2902 676 2971 συνόψεσι
694 2901 803 2954 τῶν
816 2902 1017 2972 νοητῶν
1040 2902 1493 2972 περιστέλλονται.
1516 2902 1769 2971 Συνόψεις
1792 2901 1850 2955 δὲ

273 2991 388 3045 τῶν
416 2992 639 3062 νοητῶν,
662 2992 759 3056 τὰς
787 2994 854 3063 τῇ
882 2992 1028 3063 άῦλῳ
1053 2992 1228 3045 αὐτῶν
1252 2992 1513 3063 ἁπλότητι
1536 2991 1850 3063 πρεπούσας

275 3084 510 3156 Θεωρίας
551 3083 794 3138 ἐκάλεσε.
824 3084 897 3136 Τὸ
939 3083 995 3136 δὲ
1040 3083 1535 3151 περιστέλλονται
1590 3084 1709 3137 ἀντὶ
1752 3083 1847 3137 τοῦ

276 3174 1101 3245 συστέλλονταιτέθεικεν.”οπερ
1116 3176 1247 3244 φησι
1258 3174 1351 3227 καὶ
1366 3174 1459 3228 νῦν
1474 3175 1565 3227 ἐπὶ
1574 3177 1639 3245 τῇ
1662 3192 1848 3245 μυστι-
1873 3196 1919 3259 c

277 3272 350 3339 κῇ
372 3267 615 3338 θεολογία
644 3266 858 3330 πάντως
885 3267 1187 3339 γενήσεται.
1216 3267 1325 3319 Καὶ
1345 3265 1453 3337 γὰρ
1475 3267 1747 3329 παντελῶς
1770 3268 1848 3330 εἰς

273 3362 368 3414 τὸν
389 3360 526 3430 ὑπὲρ
554 3359 676 3413 νοῦν
704 3361 796 3412 καὶ
825 3362 1019 3413 οἰκεῖον
1058 3356 1177 3429 Θεῷ
1213 3358 1407 3427 γνόφον
1443 3357 1732 3423 εἰσδύντες,
1772 3357 1847 3429 μὴ

276 3452 439 3523 μόνον
464 3450 784 3522 βραχυλόγοι
808 3449 1164 3520 γενησόμεθα,
1187 3448 1320 3503 ἀλλὰ
1344 3448 1439 3502 καὶ
1468 3449 1687 3517 ἀλογίαν
1715 3466 1848 3502 παν-

273 3544 405 3614 τελῆ
438 3544 531 3597 καὶ
554 3544 805 3613 ἀνοησίαν
832 3543 1152 3614 εὑρήσομεν.
1207 3542 1483 3611 Ἀλογίαν
1511 3541 1566 3596 δέ
1600 3558 1751 3612 φησι,
1784 3541 1846 3593 τὸ

278 3636 356 3709 μὴ
386 3636 639 3690 δύνασθαι
686 3636 827 3706 λόγῳ
859 3635 1200 3706 παραστῆσαι
1239 3634 1308 3687 τὰ
1358 3634 1496 3705 ὑπὲρ
1527 3631 1703 3702 λόγον,
1754 3634 1845 3685 καὶ

272 3730 572 3797 ὸνοησίαν
600 3729 680 3797 τὸ,
714 3728 1046 3799 ἀνεννόητον,
1081 3728 1175 3780 καὶ
1204 3727 1233 3779 δ
1267 3725 1340 3798 μὴ
1364 3726 1583 3780 δύναταί
1613 3743 1695 3789 τις
1723 3725 1846 3795 νοῆ-

274 3833 390 3881 σαι,
410 3817 485 3881 ὡς
512 3817 653 3887 ὑπὲρ
680 3817 803 3870 νοῦν
834 3817 911 3870 ὅν.
952 3816 1127 3868 Κάκεῖ
1161 3815 1277 3886 μὲν,
1311 3816 1476 3885 ῆγουν
1509 3816 1565 3867 tv
1596 3813 1673 3883 τῷ
1705 3813 1843 3879 Περὶ

273 3909 451 3964 θείων
473 3909 794 3978 ὀνομάτων,
825 3907 931 3960 ἀπὸ
960 3906 1053 3959 τοῦ
1093 3905 1204 3960 ἄνω
1242 3905 1377 3975 πρὸς
1418 3900 1676 3972 άνάλὸγον
1706 3904 1841 3974 πλῆ-

273 4000 370 4064 θος
394 3983 423 4054 ό
451 4000 605 4070 λόγος
637 3998 926 4071 ηὐρύνετο·
962 3999 1023 4051 τὸ
1053 3997 1161 4066 γὰρ
1181 3997 1275 4061 ὢν,
1304 3998 1499 4050 οἰκεῖον
1530 3995 1587 4048 ὃν
1619 3994 1696 4064 τῷ
1725 3993 1844 4064 Θεῷ

274 4091 635 4164 βραχυλογίαν
673 4086 784 4160 εἶχε
806 4104 821 4118 ·
862 4088 923 4141 τὸ
967 4088 1023 4141 δὲ
1068 4088 1325 4151 Παλαιὸς
1362 4083 1614 4155 ἡμερῶν,
1653 4084 1686 4154 ἢ
1718 4082 1844 4136 ἄλλο

270 4202 331 4238 τι
363 4181 726 4255 πορρώτερον,
759 4180 979 4243 εἰκότως
1013 4178 1328 4246 πολυλογίας
1367 4176 1558 4230 ἐδέετο.
1610 4174 1724 4230 Νῦν
1764 4174 1839 4238 δὲ,

271 4274 386 4329 ἀπὸ
414 4273 524 4326 τῶν
553 4273 701 4327 κάτω
728 4288 787 4323 τε
813 4271 905 4323 καὶ
946 4268 1153 4322 πολλῶν
1195 4266 1491 4321 συνθέσεων
1520 4266 1611 4319 καὶ
1645 4264 1843 4335 συμϐό-

272 4364 384 4417 λων
415 4363 550 4435 πρὸς
595 4362 655 4414 τὸ
696 4363 891 4413 ἑνιαίον
928 4361 1022 4412 καὶ
1068 4358 1360 4429 ἀκρότατον
1391 4356 1575 4419 ἀνιὼν,
1620 4356 1841 4417 εἰκότως

268 4448 418 4503 κατὰ
444 4448 506 4501 τὸ
528 4448 719 4519 μέτρον
736 4448 835 4518 τῆς
866 4447 1049 4500 ἀνόδου
1084 4445 1472 4516 συσταλήσεται
1494 4461 1507 4475 ·
1540 4445 1636 4498 καὶ
1661 4444 1835 4506 τόσον,

1958 556 2274 619 nominibus,
2300 558 2568 626 quomodo
2614 573 2826 611 rursum
2858 565 3079 612 vocetur
3120 558 3257 613 Deus
3286 559 3524 613 allirma-

1958 646 2066 700 tive
2092 654 2145 700 et
2178 662 2293 711 ens,
2326 656 2380 701 et
2413 648 2540 711 vita,
2571 656 2626 703 et
2659 649 2945 717 sapientia,
2981 657 3037 703 et
3071 650 3263 704 virtus.
3300 651 3364 704 Et
3403 667 3523 704 rur-

1956 748 2074 788 sum
2108 735 2159 788 in
2194 734 2488 805 Symbolica
2522 737 2803 807 theologia,
2826 754 2945 808 qua:
2987 740 3097 793 sint
3136 754 3314 794 rerum
3343 740 3520 795 sensi-

1957 825 2092 880 lium
2135 829 2532 894 translationes,
2563 837 2617 883 et
2653 845 2771 897 qua:
2821 831 3028 897 formae,
3069 847 3203 901 quas
3247 833 3522 901 propheta

1954 918 2340 971 convenienter
2376 918 2485 972 Deo
2520 921 2856 985 attribuunt;
2889 930 2945 975 et
2970 922 3156 989 quales
3194 923 3303 976 sint
3335 923 3521 991 ﬁgura:

1953 1007 2305 1075 corporisque
2337 1007 2600 1075 membra,
2624 1024 2744 1077 qua:
2779 1011 2947 1066 facies
2976 1011 3207 1078 scilicet,
3249 1022 3304 1066 et
3331 1028 3515 1078 aures,

1954 1107 2007 1152 et
2039 1112 2254 1163 manus,
2286 1107 2340 1152 et
2382 1100 2563 1168 pedes,
2600 1110 2655 1154 et
2698 1102 2875 1169 qualia
2916 1102 3293 1169 instrumenta,
3330 1113 3388 1159 et
3411 1120 3515 1160 ca:—

1956 1196 2091 1251 tera,
2117 1203 2183 1243 ne
2206 1190 2413 1259 singula
2441 1205 2850 1259 recenseamus,
2875 1208 2995 1262 qua:
3026 1195 3418 1263 utiqnezomnia
3449 1212 3517 1251 ex

1954 1279 2244 1348 negatione
2271 1282 2376 1336 dici
2417 1281 2616 1337 debent
2655 1284 2721 1338 de
2745 1283 2874 1339 Deo.
2911 1284 3072 1339 Potes
3102 1286 3284 1353 itaque
3316 1301 3519 1355 cogno-

1952 1382 2106 1422 scere
2128 1369 2398 1437 quomodo
2430 1386 2549 1435 quae
2580 1387 2609 1425 a
2653 1373 2763 1426 Deo
2798 1374 2967 1443 magis
2998 1384 3204 1428 remota
3239 1385 3365 1429 sunt
3397 1391 3520 1444 qua:

1952 1461 2137 1529 utique
2162 1470 2404 1515 extrema
2436 1461 2589 1524 dicit,
2614 1462 2931 1517 verbosiora
2967 1463 3096 1517 sint.
3138 1464 3349 1530 Quanto
3372 1465 3517 1519 enim

1956 1548 2131 1616 magis
2170 1564 2200 1602 a
2241 1549 2351 1603 Deo
2387 1550 2560 1604 aliena
2597 1560 2741 1617 sunt,
2775 1552 2931 1620 eique
2969 1552 3331 1618 dissentanea,
3364 1563 3520 1607 tanto

1950 1636 2197 1704 pluribus
2216 1636 2395 1693 verbis
2417 1652 2552 1705 opus
2579 1639 2775 1693 habent
2794 1652 2849 1693 ut
2873 1641 3226 1709 explicentur,
3247 1643 3519 1710 quomodo

1951 1724 2004 1778 in
2035 1725 2143 1780 Deo
2174 1725 2564 1797 intelligantur.
2593 1726 2801 1782 Idcirco
2854 1729 3159 1799 theologica:
3186 1732 3519 1798 informatio-

1952 1832 2039 1870 nes
2072 1816 2365 1872 secundum
2408 1826 2695 1871 tractatum
2726 1818 2801 1873 De
2836 1820 3025 1873 divinis
3062 1822 3357 1875 nominibus
3396 1823 3520 1876 bre-

1951 1907 2131 1961 viores
2163 1916 2284 1960 sunt
2319 1904 2612 1976 Symbolica
2645 1906 2946 1978 Tlteologia,
2967 1909 3222 1977 quoniam
3252 1910 3305 1965 in
3334 1910 3402 1965 iis
3438 1911 3520 1964 af-

1954 1998 2219 2051 tirmando
2239 1998 2570 2060 dicebamus,
2597 1998 2650 2051 in
2684 1998 3008 2068 Theologicis
3030 2001 3243 2068 quidem
3267 2002 3521 2070 informa-

1951 2088 2198 2152 tionibus,
2237 2086 2404 2140 Deum
2442 2101 2561 2141 esse
2611 2102 2800 2151 unum,
2848 2088 3204 2156 Trinitatem,
3251 2105 3371 2146 esse
3415 2092 3517 2145 Pa-

1953 2185 2109 2239 trem,
2138 2184 2193 2230 et
2213 2175 2431 2239 Filium,
2458 2183 2511 2229 et
2540 2176 2800 2244 Spiritum
2823 2189 3069 2232 sanctum
3096 2196 3110 2233 :
3137 2180 3194 2233 in
3221 2180 3357 2234 libro
3387 2197 3519 2236 vera

1952 2263 2028 2317 De
2060 2264 2248 2317 diuinis
2293 2264 2614 2330 nominibus,
2657 2266 2821 2319 Deum
2870 2281 2990 2320 esse
3033 2281 3153 2335 ens,
3192 2269 3386 2334 vitam,
3429 2286 3521 2326 sa-

1950 2355 2231 2424 pientiam,
2277 2356 2529 2409 virtutem
2569 2373 2582 2410 :
2634 2357 2686 2410 in
2738 2354 3041 2425 Symbolica
3084 2374 3213 2414 vero
3255 2362 3519 2431 theologia

1949 2457 2072 2501 cum
2113 2448 2179 2503 de
2227 2448 2509 2519 symbolis,
2558 2450 2762 2519 liguris,
2802 2451 3073 2518 partibus,
3121 2452 3516 2521 instrumentis,

1952 2536 2229 2606 crapulis,
2282 2540 2763 2608 prepcnsionibus,
2813 2544 3017 2595 somnis
3049 2541 3353 2612 vigiliisque
3402 2553 3516 2599 tra-

1951 2635 2083 2690 ctet,
2116 2641 2236 2694 qua:
2270 2627 2453 2695 utique
2489 2627 2671 2681 omnia
2713 2630 2966 2698 negative
2998 2629 3106 2685 dici
3150 2630 3365 2697 debent,
3399 2644 3515 2687 tan-

1950 2729 2112 2782 quam
2155 2731 2183 2768 a
2236 2715 2345 2770 Deo
2389 2715 2562 2770 aliena
2601 2726 2656 2772 et
2700 2728 2931 2783 remota,
2978 2721 3174 2774 merito
3219 2736 3340 2789 quae
3386 2732 3517 2778 sunt

1949 2805 2273 2874 ejuscemodi
2327 2808 2571 2876 pluribus
2642 2809 2825 2864 verbis
2889 2809 3151 2879 explicari
3206 2812 3474 2867 debebant
3496 2832 3515 2879 ·,

1948 2897 2385 2964 quandoquidem
2412 2906 2617 2966 quanto
2654 2898 2825 2968 magis
2855 2898 3070 2967 propria
3116 2900 3183 2954 de
3226 2900 3339 2955 Deo
3382 2903 3517 2956 dici-

1950 3002 2093 3051 mus,
2126 2986 2312 3058 illique
2358 2988 2530 3057 magis
2577 2989 2908 3043 assentimur
2943 2986 3105 3058 566
3136 2999 3191 3043 et
3221 2993 3515 3061 appropin-

1950 3094 2199 3149 quamus,
2229 3088 2379 3136 tanto
2406 3081 2566 3135 etiam
2603 3082 2774 3149 magis
2799 3095 3081 3140 seri-nones
3124 3084 3295 3141 nostri
3330 3098 3517 3138 rerum

1952 3169 2342 3227 intellectilium
2372 3174 2682 3241 aspectibus
2724 3176 3140 3229 contrahuntur.
3178 3176 3514 3246 Conspectus

1947 3271 2129 3316 autem
2170 3276 2351 3317 rerum
2400 3263 2791 3318 iutellectilium
2842 3265 3050 3319 vocavit
3100 3264 3513 3334 contemplatio-

1946 3366 2063 3417 nes,
2098 3353 2444 3408 immateriali
2483 3354 2695 3408 illarum
2749 3354 3082 3424 simplicitati
3126 3365 3508 3423 congruentes.

1945 3443 2132 3499 Posuit
2171 3455 2350 3500 autem
2385 3445 2839 3516 περιστέλλονται,
2880 3462 2976 3516 pro
3024 3446 3419 3513 συστέλλονται,
3460 3448 3511 3503 id

1943 3546 2029 3591 est
2052 3537 2456 3590 contrahuntur.
2488 3537 2640 3602 Quod
2686 3548 2867 3592 autem
2897 3538 3048 3602 dicit,
3082 3539 3246 3592 etiam
3278 3554 3419 3593 nunc
3455 3542 3507 3594 in

1948 3629 2177 3697 mystica
2222 3625 2485 3696 theologia
2536 3628 2756 3681 omnino
2799 3627 2909 3682 ﬁet.
2964 3628 3175 3683 Etenim
3212 3630 3265 3683 in
3313 3644 3509 3699 supra-

1942 3719 2231 3776 mentalem
2259 3720 2403 3774 illam
2427 3720 2644 3790 Deoque
2673 3724 2947 3792 propriam
2976 3721 3262 3789 caliginem
3289 3721 3510 3775 immer-

1940 3814 2010 3879 si,
2047 3828 2153 3867 non
2202 3813 2374 3867 solum
2415 3814 2716 3882 breviloqui
2765 3816 3080 3877 evademus,
3114 3828 3299 3866 verum
3342 3813 3504 3866 etiam

1940 3907 2308 3961 omnimodam
2352 3906 2619 3960 sermonis
2661 3915 2716 3960 et
2761 3904 3139 3959 intellectionis
3181 3904 3504 3958 vacuitatem

1941 3996 2291 4063 reperiemus.
2333 3995 2575 4064 Ἀλογίαν
2597 4010 2725 4049 vero
2752 3994 2899 4058 dicit,
2931 4009 3035 4048 non
3060 4008 3220 4063 posse
3254 4010 3505 4049 sermone

1941 4100 2332 4156 repraesentare
2380 4089 2472 4143 illa
2520 4103 2639 4158 qua:
2684 4102 2845 4155 supra
2889 4101 3193 4142 sermonem
3242 4100 3408 4142 sunt:
3450 4096 3504 4142 et

1938 4179 2220 4251 ἁνοησίαν,
2256 4179 2309 4233 id
2345 4179 2486 4248 quod
2530 4177 2755 4247 intelligi
2794 4177 3004 4247 nequit,
3042 4186 3094 4231 et
3139 4177 3283 4246 quod
3323 4177 3503 4232 nullus

1940 4270 2236 4338 intelligere
2264 4280 2457 4338 potest,
2486 4283 2609 4323 cum
2660 4278 2896 4324 mentem
2932 4277 3170 4337 superet.
3211 4268 3386 4336 Atque
3428 4268 3499 4321 ibi

1938 4361 2180 4430 quidem,
2216 4361 2427 4414 scilicet
2470 4362 2523 4415 in
2577 4360 2717 4414 libro
2758 4360 2835 4413 De
2883 4360 3073 4413 divinis
3115 4359 3429 4422 nominibus,
3467 4375 3498 4413 a

1938 4466 2150 4506 summo
2184 4454 2251 4507 ad
2284 4454 2752 4523 proportionatam
2787 4452 3185 4505 multitudinem
3216 4466 3393 4504 sermo
3418 4452 3499 4503 di-

269 4541 360 4593 ὄτι
395 4536 526 4607 μετὰ
559 4537 656 4608 τὴν
682 4537 863 4590 ἄνοδον
896 4536 1105 4605 ἄφωνος
1154 4535 1304 4587 ἔσται
1337 4535 1430 4587 καὶ
1475 4532 1594 4597 ὅλος
1636 4531 1839 4602 ένωθή-

1947 4545 2247 4599 latabatur:
2277 4561 2401 4600 nam
2434 4561 2550 4611 ens,
2580 4560 2701 4601 cum
2742 4546 3019 4613 proprium
3051 4542 3122 4597 sit
3162 4542 3290 4605 Deo,
3323 4543 3499 4596 brevi-

271 4646 429 4684 σεται
458 4628 537 4699 τῷ
568 4629 856 4700 άφθέγκτῳ
891 4629 977 4683 διὰ
1016 4630 1169 4699 σιγῆς
1201 4627 1382 4697 τιμίας
1420 4624 1589 4694 τιμῶν
1628 4624 1717 4676 τὸν
1749 4622 1839 4676 θέ-

263 4741 461 4793 μενον
499 4724 715 4789 σκότος
752 4723 1108 4791 ἀποκρυφὴν
1147 4720 1351 4774 αὐτοῦ.
1379 4720 1477 4772 Διὰ
1502 4721 1555 4771 τί
1590 4717 1648 4771 δὲ
1680 4716 1834 4779 ὅλως,

271 4816 417 4886 φῂς,
452 4816 558 4869 ἀπὸ
596 4815 694 4885 μὲν
743 4814 853 4867 τῶν
894 4814 1208 4886 πρωτίστων
1252 4812 1352 4875 τὰς
1402 4812 1597 4874 Θέσεις,
1636 4807 1743 4862 ἀπὸ
1779 4806 1835 4859 δὲ

268 4906 385 4960 τῶν
418 4907 656 4976 ἐσχάτων
691 4905 789 4970 τὰς
835 4906 1130 4975 ἀποφάσεις
1168 4904 1459 4974 ποιούμεθα
1502 4900 1839 4973 καταρχόμε-

269 5013 385 5064 vat;
434 4996 674 5067 Λέγομεν
714 4997 795 5049 ὅτι
844 4998 936 5050 ἐπὶ
988 4998 1086 5068 μὲν
1135 4995 1243 5050 τῶν
1288 4995 1487 5048 θέσεων
1525 4990 1838 5063 κεχρήμεθα

268 5088 342 5155 τῇ
387 5086 698 5158 ὑποθετικῇ,
739 5088 981 5141 τουτέστι
1016 5091 1081 5158 τῇ
1130 5087 1557 5156 ὑπαγορευτικῇ,
1596 5083 1691 5137 καὶ
1727 5077 1836 5135 οἷον

268 5176 542 5248 δηλωτικῇ
581 5180 902 5247 καταφάσει,
940 5180 1020 5232 ὅτι
1058 5178 1207 5243 Θεὸς,
1242 5180 1322 5231 ὃτι
1359 5176 1492 5247 ζωὴ,
1530 5177 1613 5227 ὅτι
1641 5170 1840 5241 ἀγαθό-

269 5284 395 5338 της,
426 5268 458 5338 ἢ
485 5269 613 5338 ἀὴρ,
639 5269 672 5340 ἢ
694 5269 856 5333 λίθος,
896 5270 928 5341 ἢ
963 5270 1091 5342 πῦρ,
1115 5271 1147 5341 ἢ
1175 5269 1408 5340 πνεῦμα,
1448 5266 1570 5338 ἢτά
1593 5263 1835 5321 τοιαῦτα.

272 5357 359 5411 Τά
396 5357 525 5425 γοῦν
564 5360 798 5430 πρότερα
833 5360 908 5430 τῷ
944 5361 1061 5431 Θεῷ
1097 5361 1396 5431 οἰκειότερα
1446 5359 1541 5412 καὶ⁸
1580 5354 1835 5425 συγγενέ-

274 5465 474 5519 στερα·
516 5449 697 5503 λοιπὸν
735 5450 929 5521 μᾶλλόν
966 5455 1081 5505 ἐστι
1121 5451 1231 5523 ζωὴ
1268 5452 1299 5523 ἢ
1338 5451 1463 5522 ἀὴρ,
1507 5451 1599 5504 καὶ
1639 5450 1837 5521 μᾶλλον

268 5537 409 5602 Θεὸς
431 5539 463 5610 ἦ
483 5539 645 5604 λίθος,
674 5542 765 5593 καὶ
789 5542 985 5611 μᾶλλον
1018 5543 1359 5615 ἀγαθότης,ἢ
1400 5543 1529 5617 πῦρ,
1573 5546 1665 5599 καὶ
1704 5544 1837 5616 μᾶλ-

355 5725 383 5757 ι
414 5713 569 5771 Psal.
597 5730 731 5784 xm,
768 5716 855 5771 12.

1941 4635 2268 4703 loquentiam
2316 4636 2579 4701 habebat;
2624 4632 2888 4704 Antiquus
2945 4646 3072 4688 vero
3121 4633 3368 4698 dierum,
3412 4633 3497 4687 vel

1941 4726 2086 4781 aliud
2120 4727 2249 4796 quid
2283 4727 2563 4791 remotius,
2616 4724 2811 4780 merito
2854 4721 3037 4777 multis
3076 4722 3256 4776 verbis
3290 4722 3497 4789 indige-

1940 4817 2052 4874 bat.
2086 4818 2237 4872 Nunc
2266 4832 2391 4871 vero
2418 4819 2486 4871 ab
2523 4815 2866 4870 inferioribus
2901 4823 2957 4869 et
3000 4811 3181 4866 multis
3227 4813 3498 4881 composi-

1943 4906 2180 4960 tionibus
2204 4920 2268 4960 ac
2296 4906 2574 4976 symbolis,
2600 4907 2665 4957 ad
2696 4904 2912 4957 unicum
2936 4913 2992 4957 et
3010 4918 3284 4957 summum
3313 4919 3497 4957 ascen-

1940 4997 2093 5059 dens,
2141 4995 2334 5049 merito
2372 4994 2524 5061 juxta
2565 4992 2782 5047 modum
2834 4991 3171 5047 ascensionis
3211 4994 3498 5047 contrahe-

1940 5096 2061 5150 tur;
2101 5087 2257 5155 idque
2289 5087 2341 5138 in
2376 5094 2603 5149 tantum,
2630 5093 2688 5137 ut
2716 5091 2834 5151 post
2868 5097 3178 5148 ascensum,
3212 5082 3278 5135 ad
3320 5084 3497 5134 omni-

1938 5179 2156 5231 modt'tm
2204 5177 2475 5230 silentium
2520 5175 2845 5244 redigendus
2894 5173 2985 5238 sit,
3035 5180 3198 5241 atque
3234 5170 3493 5225 ineffabili

1938 5268 2048 5323 Deo
2086 5275 2229 5323 totus
2270 5266 2706 5337 conjungendus,
2758 5281 2880 5318 eum
2922 5263 3231 5318 venerando
3280 5262 3497 5315 silentio

1940 5360 2275 5423 honorando,
2315 5359 2404 5427 qui
2448 5358 2622 5426 posuit
2666 5357 2902 5409 tenebras
2950 5355 3226 5407 latibulum
3265 5368 3418 5411 suum
3442 5365 3492 5405 ι.

1939 5451 2134 5505 Verum
2173 5459 2317 5519 petes
2357 5466 2452 5505 cur
2499 5466 2527 5503 a
2568 5449 2756 5518 primis
2796 5447 3088 5515 positiones
3131 5445 3341 5498 divinas
3383 5453 3497 5497 sta-

1943 5553 2172 5610 tuentes,
2206 5543 2414 5599 divinas
2456 5542 2573 5597 illas
2610 5540 2907 5596 ablationes
2937 5538 3005 5593 ab
3027 5537 3283 5592 extremis
3311 5535 3495 5605 ειυς)νὶ-
