3866 6232
426 370 563 426 1039
1594 375 1652 431 S.
1688 374 1892 432 DIONY
1901 376 1953 432 Si

2107 376 2474 434 EOPAGITJE
3514 385 3634 439 τωο

425 501 632 542 remur.
677 484 937 553 Dii-imus,
973 503 1077 543 nos
1125 489 1177 543 in
1222 488 1575 557 positionibus
1609 492 1824 561 quidem
1865 507 1952 547 uso

2109 504 2181 545 ιον
2221 491 2381 560 σοφία
2421 491 2455 562 ἢ
2510 489 2741 562 πνεῦμα.
2778 490 2948 546 Τοῦτο
2982 492 3112 561 γοῦν
3144 493 3257 545 ἐστι
3300 492 3361 545 τὸ
3397 492 3636 562 ἄρχεσθαι

426 591 550 633 esse
583 577 941 636 cnuntiativa.
966 579 1026 633 id
1067 590 1151 634 est
1190 582 1460 634 deﬁnitiva
1489 593 1541 635 et
1572 584 1727 650 quasi
1765 584 1953 637 demon

2109 582 2191 635 ιπδ
2227 582 2332 635 τῶν
2373 582 2720 654 πρωτίστων,
2780 583 2871 637 ἐπὶ
2913 583 3019 636 τῶν
3057 584 3288 648 θέσεων,
3327 585 3408 635 ὃτι
3458 584 3636 654 μᾶλλον

427 668 652 720 strativa
691 664 1078 729 slIirmatione,
1129 677 1187 721 ut
1224 669 1388 722 Deum
1428 683 1585 732 esse,
1631 670 1796 724 vitam
1842 686 1954 726 esse

2112 675 2328 729 οοῦνται
2363 674 2431 727 τὰ
2469 674 2746 746 πρώτιστα
2780 676 2870 728 ἐπὶ
2907 675 3061 741 θεοῦ,
3100 675 3133 747 ἢ
3167 675 3235 728 τὰ
3268 676 3487 745 ἔσχατα.
3532 677 3639 729 Ἐπὶ

426 757 722 810 bonitatem
763 771 903 818 esse,
932 758 1011 810 vel
1040 772 1244 819 aerem,
1267 759 1349 811 vel
1378 759 1629 828 lapidem,
1661 761 1742 815 vel
1784 762 1953 831 ignem

2111 765 2143 818 ὲ
2180 764 2286 817 τῶν
2320 766 2655 834 ἀφαιρέσεων
2707 767 2767 817 τὸ
2822 765 3076 829 ἐναντίον,
3117 766 3317 829 οὕτως’
3365 768 3439 818 Οὐ
3494 767 3638 837 μεθύο

426 847 510 901 vel
540 848 808 915 spiritum,
842 847 923 901 vel
959 847 1172 901 similia.
1220 847 1406 901 Priora
1439 849 1624 919 utique
1664 852 1775 905 Deo
1816 854 1953 920 magi

2113 871 2277 907 ςκεται
2314 856 2342 907 ὁ
2378 854 2529 917 Θεὸς,
2569 856 2628 907 οὐ
2666 858 2849 926 μηνιᾷ,
2876 856 2934 908 οὐ
2973 856 3205 924 λέγεται,
3243 857 3302 908 οὑ
3342 860 3556 909 νοεῖται.
3576 858 3640 909 Τὸ

423 938 642 1008 propria
675 948 819 1001 sunt,
853 940 1132 1010 magisque
1168 940 1471 1006 naturalia;
1504 942 1767 1010 siquidem
1815 945 1950 1013 magi

2113 944 2145 995 ὑ
2183 940 2535 1013 μεθύσκεται,
2565 946 2787 1014 ἔσχατον
2808 962 2820 974 ·
2847 945 2959 997 ἐστι
2994 944 3100 1015 γὰρ
3128 945 3219 997 καὶ
3244 944 3559 1014 ἀνθρώπων.
3578 944 3640 996 Τὸ

424 1031 532 1084 vita
578 1039 658 1085 est
695 1046 856 1099 quam
908 1046 1025 1095 aer,
1071 1042 1121 1086 et
1171 1033 1341 1099 magis
1377 1032 1514 1086 Deus
1546 1049 1705 1100 quam
1742 1034 1896 1104 lapis,
1933 1051 1951 1088 ε

2113 1028 2147 1081 ιῦ
2180 1038 2394 1101 νοεῖται,
2420 1037 2614 1088 οἰκεῖον
2646 1037 2735 1089 καὶ
2750 1034 3069 1105 πρώτιστον.
3126 1037 3277 1088 Ἐστι
3299 1036 3479 1087 τοίνυν
3498 1037 3553 1088 τὸ
3575 1037 3640 1108 μὴ

423 1122 597 1191 magis
626 1122 838 1176 bonitas
870 1137 1030 1192 quam
1063 1122 1219 1191 ignis,
1247 1132 1302 1176 et
1329 1124 1497 1194 magis
1532 1124 1794 1193 sapientia
1823 1141 1950 1194 quar

2116 1123 2229 1193 ,όγῳ
2268 1123 2517 1191 λέγεσθαι
2549 1124 2639 1176 τὸν
2666 1124 2814 1188 Θεὸν,
2855 1126 2947 1177 καὶ
2984 1126 3043 1177 τὺ
3070 1125 3142 1195 μὴ
3176 1126 3428 1189 νοεῖσθαι,
3460 1128 3643 1179 οἰκειό-

423 1214 665 1281 spiritus.
695 1212 806 1267 Hoc
827 1214 1007 1282 itaque
1029 1223 1111 1267 est
1135 1214 1394 1268 inchoare
1417 1230 1444 1268 a
1471 1217 1662 1284 primis
1687 1220 1738 1269 in
1764 1217 1950 1286 positio

2113 1230 2244 1283 ἐρον
2265 1214 2382 1284 Θεῷ
2416 1214 2612 1284 μᾶλλον
2648 1214 2679 1284 ἢ
2719 1214 2776 1266 τὸ
2808 1215 2881 1285 μὴ
2917 1216 3239 1285 κραιπαλᾷν,
3278 1217 3411 1286 μηδὲ
3441 1218 3640 1287 ὀργίζε-

422 1302 603 1367 nibus,
643 1304 897 1372 quoniam
933 1304 1104 1372 magis
1139 1303 1511 1372 intelliguntur
1553 1306 1606 1359 in
1657 1305 1769 1361 Deo
1813 1309 1948 1375 prim

2116 1305 2211 1357 θαι
2233 1323 2244 1334 ·
2271 1306 2441 1358 ταῦτα
2468 1305 2575 1374 γὰρ
2598 1306 2689 1358 καὶ
2712 1305 3014 1376 ἀνθρώποις
3043 1308 3233 1369 οἰκεῖα,
3261 1310 3353 1361 καὶ
3386 1308 3475 1361 διὰ
3502 1309 3643 1362 τοῦτο

421 1409 583 1462 quam
632 1404 917 1464 postrema.
965 1394 1021 1449 In
1070 1396 1429 1452 ablationibus
1476 1413 1606 1453 vero
1647 1408 1831 1454 contra
1885 1401 1948 1453 ho

2119 1414 2307 1467 σχατα.
2348 1397 2457 1450 Καὶ
2492 1397 2641 1466 ὅμως
2679 1398 2742 1449 ὲκ
2778 1395 2883 1449 τῶν
2922 1398 3160 1466 ἐσχάτων
3186 1399 3282 1467 τῆς
3318 1400 3644 1469 ἀφαιρέσεως

422 1488 581 1540 modo
607 1505 618 1541 :
645 1485 761 1540 Non
786 1487 1087 1541 inebriatur
1116 1486 1275 1551 Deus,
1302 1502 1407 1541 non
1429 1488 1696 1555 irascitur,
1720 1504 1824 1541 non
1857 1490 1949 1541 dic

2115 1488 2385 1559 ιρχόμεθα,
2424 1483 2532 1541 οἷον
2556 1504 2570 1517 ο
2594 1487 2806 1540 Μᾶλλον
2842 1489 2901 1540 οὐ
2942 1488 3126 1558 μεθύει
3161 1490 3189 1540 ὁ
3226 1488 3375 1551 Θεὸς,
3399 1490 3433 1559 ἦ
3470 1490 3527 1541 οὐ
3564 1489 3642 1542 λέ-

424 1587 529 1637 tur.
556 1593 657 1629 non
692 1577 1022 1646 intelligitur.
1060 1576 1217 1631 lllud:
1246 1577 1358 1631 Non
1402 1579 1713 1644 inebriatur,
1755 1590 1833 1634 est
1866 1580 1951 1633 ulti

2117 1598 2241 1633 ἐται
2273 1598 2286 1610 ·
2334 1581 2426 1633 καὶ
2471 1580 2668 1650 μᾶλλον
2714 1580 2772 1631 οὐ
2821 1581 2985 1649 μηνιᾷ
3022 1579 3049 1647 ἦ
3095 1580 3153 1631 οὐ
3198 1582 3417 1633 νοεῖται.
3452 1581 3644 1653 Ὥσπερ

422 1668 692 1736 ιιιιιιιι,ζρει
712 1665 853 1719 enim
876 1668 1036 1720 etiam
1058 1666 1354 1720 hominum.
1376 1667 1488 1721 Non
1508 1668 1822 1737 intelligitur
1841 1683 1949 1723 veri

2118 1673 2216 1725 ὀὖν
2249 1674 2339 1725 ἐπὶ
2368 1672 2476 1725 τῶν
2510 1673 2705 1725 θέσεων
2734 1670 2803 1723 τὰ
2829 1674 3003 1725 οἰκεῖα
3039 1671 3098 1723 τὸ
3134 1672 3328 1741 μᾶλλον
3370 1667 3535 1741 εἶχον,
3563 1672 3645 1725 καὶ

420 1756 695 1825 proprium
744 1766 798 1810 et
849 1756 1099 1825 primum.
1146 1756 1275 1811 Illud
1316 1760 1496 1828 itaque
1530 1758 1694 1813 Deum
1741 1774 1947 1814 sermou

2115 1764 2290 1817 ιᾶ).λον
2328 1764 2459 1827 Θεὸς
2504 1763 2757 1834 ἐλέγομεν
2784 1764 2814 1834 ἢ
2846 1763 2973 1834 ἀὴρ,
3018 1763 3113 1816 καὶ
3151 1762 3346 1834 μᾶλλον
3386 1764 3583 1831 ἀγαθὸς
3614 1762 3642 1832 ἢ

422 1862 524 1901 non
550 1846 754 1909 cﬂ’erri,
796 1858 851 1898 et
895 1858 1072 1900 mente
1104 1862 1207 1900 non
1239 1849 1474 1919 concipi,
1509 1850 1682 1919 magis
1710 1852 1949 1920 propriut

2115 1856 2334 1925 πνεῦμα·
2374 1820 2544 1918 οὕτως
2592 1820 2822 1908 ἐνταῦθα
2858 1820 3246 1924 τέἐᾆᾶλλοίτά
3276 1820 3480 1922 ἔσχατα
3506 1820 3642 1922 sxqu

419 1950 501 1995 est
537 1940 645 1993 Deo
682 1954 842 2006 quam
885 1955 990 1992 non
1032 1940 1325 2008 crapulari,
1373 1957 1544 2010 neque
1590 1943 1789 1997 irasci:
1823 1941 1946 2013 δεῖ

2113 1965 2194 2010 τιν,
2245 1948 2327 1999 ὅτι
2372 1946 2815 2016 ἀφαιρεματικῶς
2877 1945 3127 2015 λέγομεν,
3176 1940 3284 1997 οἷον
3342 1944 3541 2014 μᾶλλον
3590 1942 3640 1994 οὗ

418 2030 683 2105 siquidem
721 2032 831 2084 tunc
864 2030 1025 2083 etiam
1061 2031 1368 2087 hominibus
1392 2034 1605 2101 propria
1638 2044 1784 2097 sunt,
1825 2045 1945 2102 atqu

2115 2036 2359 2109 ίραιπαλᾷ
2391 2035 2423 2106 ἢ
2456 2036 2515 2087 οὐ
2549 2037 2769 2097 νοεῖται,
2805 2036 2896 2087 καὶ
2926 2034 2995 2086 τὰ
3034 2033 3209 2085 λοιπά.
3259 2034 3553 2103 Κραιπάλη
3593 2030 3642 2083 δέ

416 2128 620 2182 idcirco
656 2127 863 2179 ultima.
898 2120 964 2180 Et
1006 2120 1258 2181 similiter
1287 2123 1592 2191 incipimus,
1620 2125 1687 2177 ab
1727 2129 1943 2180 extremi

2118 2146 2231 2181 στιν
2263 2129 2295 2199 ἠ
2329 2128 2495 2197 πολλὴ
2533 2126 2666 2197 μέθη
2703 2127 2794 2179 καὶ
2840 2125 3188 2195 σφοδροτάτη,
3222 2119 3332 2175 οἷον
3362 2124 3641 2193 καραπάὶη

415 2217 722 2281 ablationis,
753 2232 803 2269 ν.
831 2232 913 2285 gr.
942 2214 1109 2285 Magis
1144 2217 1287 2271 Deus
1332 2227 1435 2264 non
1488 2214 1783 2267 inebriatur
1819 2232 1942 2285 quat

2120 2239 2165 2284 ις
2196 2216 2350 2283 οὖσα,
2372 2221 2401 2272 ὃ
2434 2220 2545 2271 ἐστι
2578 2218 2637 2270 τὸ
2660 2219 2800 2287 κάρα
2824 2218 2938 2286 ἦτοι
2961 2216 3057 2285 τὴν
3088 2214 3325 2284 κεφαλὴν
3356 2214 3641 2276 πάλλουσα,

416 2323 521 2362 non
548 2309 849 2373 dicatur,et
880 2309 1046 2377 magis
1079 2323 1183 2361 non
1228 2309 1485 2361 irascintr
1506 2320 1663 2371 quam
1700 2321 1804 2360 non
1833 2308 1941 2361 inte

2112 2312 2178 2363 :ai.
2210 2310 2350 2363 πάνυ
2384 2308 2637 2362 κινοῦσαο
2678 2307 2833 2375 μῆνις
2885 2305 2943 2356 δὲ
2991 2303 3088 2373 οὐχ
3133 2306 3166 2374 ἠ
3211 2302 3451 2371 τυχοῦσα
3496 2303 3639 2371 ὀργὴ,

414 2395 631 2467 ligatur.
673 2396 1130 2462 Quemadmodum
1174 2398 1334 2466 igitur
1370 2399 1423 2452 in
1469 2396 1829 2467 positionibus
1864 2414 1941 2467 qu:

2111 2401 2195 2453 ιλλ⁸
2229 2402 2262 2471 ἡ
2296 2399 2568 2469 ἐπίμονος.
2605 2396 2712 2448 Ποῦ
2744 2396 2799 2447 δὲ
2831 2394 2937 2465 ἀὴρ
2970 2393 3179 2463 ἐλέχθη,
3212 2394 3304 2445 καὶ
3337 2392 3440 2445 ποῦ
3476 2393 3638 2453 λίθοςς

414 2487 634 2558 propria
673 2497 797 2541 sunt
840 2490 1195 2542 admittebant
1233 2490 1419 2557 magis,
1467 2498 1520 2543 et
1561 2489 1732 2559 magis
1767 2490 1941 2543 dicebt

2115 2492 2239 2552 ,ίθος
2276 2489 2371 2559 μὲν
2404 2487 2553 2559 παρὰ
2583 2486 2661 2555 τῷ
2693 2484 2873 2546 Δαυῒδ,
2900 2482 3081 2544 καθὼς
3108 2482 3198 2533 καὶ
3228 2484 3255 2533 ὁ
3287 2480 3494 2551 Κύριος
3526 2477 3642 2547 περὶ

413 2592 535 2631 mus
571 2579 734 2631 Deum
786 2593 948 2647 quam
996 2594 1214 2644 aerem;
1252 2588 1307 2632 et
1360 2578 1529 2649 magis
1576 2581 1773 2635 bonum
1816 2594 1940 2649 qua:

2115 2581 2270 2635 πυτοῦ
2318 2579 2589 2648 ἐξηγεῖται
2635 2578 2837 2645 λέγων·
2890 2575 3186 2628 Οὐδέποτε
3233 2573 3529 2643 ἀνέγνωτε
3582 2572 3642 2622 ἐν

412 2668 682 2735 spiritum,
736 2666 808 2720 ita
865 2668 952 2723 hic
1007 2670 1167 2723 etiam
1227 2677 1471 2723 extrema
1531 2673 1702 2741 magis
1753 2670 1939 2725 habenl

2116 2670 2206 2735 αἷς
2232 2672 2281 2721 Γ
2275 2667 2495 2737 ραφαῖς
2518 2684 2531 2696 ·
2558 2668 2737 2721 Λίθον
2760 2665 2831 2717 ὃν
2861 2664 3307 2734 ἀπεδοκίμασαν
3333 2666 3383 2716 οὶ
3422 2661 3643 2715 οἰκοδο-

412 2759 669 2824 qnoniam
714 2758 877 2813 etiam
928 2759 1253 2815 abstractive
1302 2761 1549 2829 dicimus;
1582 2765 1729 2817 verbi
1761 2764 1928 2833 gratia

2118 2762 2350 2825 οῦντες,
2376 2758 2547 2822 οὗτος
2576 2756 2825 2825 ἐγενήθη
2857 2758 2942 2821 εις
2972 2754 3245 2822 κεφαλὴν
3273 2754 3492 2821 γωνίας
3509 2768 3528 2813 ;
3559 2750 3645 2804 καὶ

413 2845 587 2916 Magis
653 2864 761 2903 non
812 2853 1126 2917 crapulatur
1165 2865 1324 2919 quam
1371 2866 1476 2905 non
1532 2852 1940 2922 lntelligatur,t

2115 2854 2241 2906 εάλιν
2281 2849 2427 2919 παρὰ
2459 2848 2534 2918 τῷ
2579 2846 2882 2917 Ἀποστόλῳ
2899 2862 2913 2876 ο
2962 2846 3031 2901 Ἡ
3050 2844 3117 2897 δὲ
3142 2843 3324 2910 πέτρα
3351 2843 3434 2910 ἦν
3462 2847 3495 2897 ὁ
3516 2845 3642 2909 Χρι-

409 2947 629 2993 cetera.
661 2939 886 3009 Crapula
920 2949 1098 2993 autem
1139 2951 1222 2995 est
1254 2943 1469 3009 copiosa
1522 2953 1574 2995 et
1619 2942 1936 2997 vehementis

2118 2944 2262 3009 ’τός’
2316 2942 2424 3012 ἀὴρ
2456 2940 2510 2992 δὲ
2556 2938 2692 2993 κατὰ
2724 2939 2784 2991 τὸ
2817 2942 2873 2991 ἐν
2911 2940 3030 3000 ταῖς
3073 2934 3375 2997 Βασιλεὶαις
3424 2932 3645 3005 εἰρημέ-

410 3029 545 3083 sima
588 3032 858 3095 ebrietas,
897 3033 1057 3084 veluti
1114 3032 1440 3103 καραπὰλη,
1482 3034 1533 3087 id
1574 3044 1653 3089 est
1700 3034 1759 3087 τὸ
1808 3034 1937 3105 κάρα

1930 3050 1974 3098 ι,
2024 3079 2029 3086 .
2083 3052 2171 3089 νον
2191 3052 2202 3063 ·
2239 3033 2347 3086 Kal
2376 3032 2501 3085 ὶδοὺ
2524 3030 2675 3098 αὖρα
2696 3029 2909 3096 λεπτὴ,
2945 3029 3041 3081 καὶ
3064 3027 3191 3081 ἐκεῖ
3216 3028 3457 3095 Κύριος.

411 3135 505 3178 seu
562 3132 756 3191 caput,
812 3122 1103 3186 πάλλουσα,
1148 3126 1425 3193 quatiens,
1479 3125 1881 3194 plurimumque
1921 3138 2142 3179 movens
2198 3140 2214 3178 :
2276 3124 2433 3194 μῆνις
2478 3133 2655 3176 autem
2706 3136 2811 3175 non
2862 3128 2962 3182 est,
3019 3130 3350 3186 quaecunque
3405 3118 3511 3181 ira,
3557 3112 3646 3167 sed

413 3227 759 3280 permanens.
796 3213 893 3267 Ubi
926 3224 1103 3267 autem
1131 3230 1223 3267 aer
1253 3216 1427 3268 dictus
1460 3224 1565 3277 est,
1593 3225 1647 3267 et
1678 3215 1766 3267 ubi
1797 3214 1972 3285 lapis?
2009 3214 2172 3285 Lapis
2213 3215 2428 3282 quidem
2456 3230 2483 3264 a
2528 3212 2727 3267 Davidc
2756 3218 2807 3275 1,
2839 3210 2981 3264 sicut
3029 3209 3193 3264 etiam
3258 3207 3525 3261 Dominus
3585 3204 3646 3258 de

410 3307 588 3373 seipso
617 3304 867 3371 explicat,
901 3306 1093 3359 aiens:
1128 3303 1377 3373 Nunquid
1416 3305 1613 3373 legistis
1683 3306 1739 3359 in
1806 3306 2097 3375 Scripturis
2151 3322 2169 3359 :
2229 3304 2481 3369 Lapidem
2517 3320 2665 3372 quem
2710 3303 3110 3367 reprobavcrunt
3156 3301 3516 3367 aediﬁcantes,
3564 3300 3645 3350 hic

410 3396 583 3465 factus
609 3402 683 3447 est
713 3394 766 3445 in
788 3406 940 3465 caput
969 3397 1150 3466 anguli
1179 3397 1247 3448 1?
1275 3397 1338 3449 Et
1367 3398 1557 3449 iterum
1592 3397 1657 3450 ab
1689 3398 1990 3466 Apostolo:
2030 3396 2190 3449 Petra
2231 3406 2401 3448 autem
2441 3406 2552 3449 erat
2596 3394 2833 3448 Christus
2863 3404 2912 3446 ι.
2968 3393 3077 3446 Aer
3109 3407 3237 3447 vero
3304 3390 3465 3459 juxta
3505 3390 3643 3461 quod

410 3490 609 3544 dictum
636 3497 719 3543 est
758 3490 814 3544 in
846 3490 999 3545 libris
1020 3490 1257 3561 Regum:
1290 3489 1359 3543 Et
1398 3507 1511 3544 ecce
1548 3508 1682 3543 aura
1710 3491 1904 3555 tenuis,
1929 3499 1975 3543 et
2010 3491 2082 3542 ibi
2120 3488 2374 3541 Dominus
2398 3485 2447 3541 δ.

423 3632 3612 3664 ______________________________________________

857 3763 1232 3853 CAPUT
1306 3764 1469 3851 IV.

2438 3746 3077 3836 ΚΕΦΑΛΑΙΟΝ
3152 3743 3256 3831 Δ’.

409 3900 563 3969 Quod
602 3901 733 3954 nihil
774 3916 945 3953 rerum
988 3899 1312 3952 sensibilium
1357 3901 1425 3951 sit
1456 3901 1521 3963 is,
1560 3916 1647 3968 qui
1687 3900 1854 3954 omnis
1893 3915 1936 3951 rt

2111 3896 2204 3946 Οτι
2226 3890 2405 3946 οὐδὲν
2434 3888 2552 3944 τῶν
2574 3887 2874 3969 αἰσθητῷν
2899 3889 2931 3940 ό
2956 3883 3179 3969 ίταντὸς
3192 3882 3485 3950 αἰσθητοῦ
3513 3867 3638 3934 καθ’

400 3955 450 3989 ³
559 3971 762 4026 semitis
797 3969 1081 4023 secundum
1116 3969 1470 4021 excellentiam
1505 3955 1583 4023 ési
1613 3981 1819 4023 auctor.
2580 3955 2888 4025 ὑπεροχὴν
2916 3956 3120 4020 αἴτιος.

1688 4079 2019 4137 SYNOPSIS
2050 4075 2339 4134 CAPlTlS.

776 4214 1034 4282 Exempla
1076 4216 1223 4285 ponit
1265 4215 1498 4285 negantis
1534 4214 1823 4285 theologiw,
1853 4222 1901 4266 et
1929 4210 2152 4265 ostendit
2199 4207 2454 4279 quomodo
2480 4205 2613 4260 nihil
2656 4203 2843 4257 sensile
2869 4201 2974 4256 Deo
3008 4209 3281 4269 tompetat.

476 4358 714 4414 Dicimus
738 4371 889 4425 ergo,
914 4369 1127 4409 causam
1158 4352 1417 4414 omnium,
1445 4360 1498 4405 et
1519 4367 1637 4420 quae
1658 4365 1815 4418 supra
1849 4364 1965 4401 om-
1993 4352 2003 4409 1

2136 4348 2379 4417 Λέγομεν
2414 4340 2527 4408 οὖν,
2578 4344 2651 4406 ὡς
2701 4344 2733 4413 ή
2786 4342 2998 4396 πάντων
3047 4342 3225 4403 αἰτία,
3268 4343 3409 4413 ὑπὲρ
3463 4345 3634 4398 πάντα

404 4451 495 4502 nia
533 4457 638 4513 est,
666 4461 763 4501 nec
803 4444 1069 4506 essentia,
1120 4456 1218 4495 nec
1260 4442 1404 4504 vitae,
1445 4455 1545 4494 nec
1583 4439 1826 4502 rationis,
1868 4453 1931 4491 ne

2104 4436 2214 4499 5σα,
2247 4436 2368 4489 οὔτε
2402 4434 2645 4497 ἀνούσιός
2678 4435 2846 4495 ἐστιν,
2881 4431 3003 4484 οὔτε
3035 4430 3225 4495 ἄζωος,
3262 4431 3382 4484 οὗτε
3420 4434 3631 4502 ἄλογος,

410 4539 606 4592 mentis
637 4544 910 4606 expertem
937 4550 1079 4596 esse,
1106 4547 1281 4602 neque
1311 4545 1508 4598 corpus
1554 4530 1840 4589 exsistere,
1872 4542 1937 4581 ne

2105 4529 2183 4581 ὅτε
2217 4529 2392 4590 ἄνους,
2425 4526 2545 4579 οὐδὲ
2591 4524 2749 4594 σῶμά
2792 4526 2965 4576 ἐστιν·
2993 4522 3113 4575 οὕτε
3149 4523 3351 4593 σχῆμα,
3385 4524 3513 4578 οὔτε
3559 4524 3632 4578 εἷ-

402 4644 507 4697 que
537 4630 780 4699 liguram,
808 4642 982 4696 neque
1003 4625 1313 4694 qualitatem
1343 4632 1434 4675 aut
1473 4622 1828 4689 quantitatem
1873 4634 1929 4672 au

2104 4634 2168 4679 ›ς,
2199 4614 2321 4668 οθτε
2369 4615 2646 4683 ποιότητα,
2682 4612 2712 4681 ἢ
2749 4612 3037 4679 ποσότητα,
3071 4610 3103 4680 ἢ
3138 4612 3296 4679 ὄγκον
3334 4611 3483 4680 ἔχει’
3520 4614 3631 4665 οὑδὲ

405 4722 599 4776 molem
634 4720 855 4780 habere,
897 4732 1069 4786 neque
1123 4717 1174 4770 in
1222 4716 1340 4769 loco
1384 4728 1523 4775 esse,
1557 4727 1727 4780 neque
1773 4712 1932 4765 videri

2102 4724 2121 4759 ν
2150 4707 2297 4775 τόπῳ
2331 4706 2498 4767 ἐστὶν,
2538 4701 2659 4754 οὔτε
2708 4702 2921 4771 ὁρᾶται,
2954 4699 3075 4752 οὔτε
3108 4701 3321 4771 ἐπαφὴν
3365 4703 3629 4771 αἰσθητὴν

404 4825 583 4879 neque
622 4818 820 4863 tactum
868 4808 1118 4862 sensileiu
1162 4806 1381 4865 habere,
1410 4815 1585 4870 neque
1615 4801 1834 4863 sentire,
1866 4816 1930 4855 ne

2099 4814 2206 4864 χει·
2260 4795 2382 4847 οὐδὲ
2429 4793 2771 4853 αἰσθάνεται,
2818 4789 2941 4844 οὔτε
2994 4790 3220 4859 αἰσθητή
3270 4793 3452 4853 ἐστιν,

403 4899 505 4953 sub
527 4912 744 4952 sensum
783 4895 1001 4959 cadere,
1048 4909 1147 4947 nec
1185 4889 1637 4947 inordinationem
1682 4890 1930 4942 admitter

2099 4886 2288 4952 ταξίαν
2338 4885 2447 4954 ἔχει
2494 4884 2588 4936 καὶ
2624 4882 2896 4953 ταραχὴν,
2933 4882 3038 4934 ὑπὸ
3076 4880 3261 4933 παθῶν
3292 4879 3494 4933 ὑλικών
3544 4885 3624 4933 ὲν-

402 4996 496 5043 aut
521 4987 979 5057 perturbationem
1010 5000 1039 5037 a
1070 4982 1408 5052 passionibus
1459 4978 1826 5033 materialibus
1863 4992 1927 5031 ex

2097 4977 2389 5047 χλουμένη’
2440 4974 2564 5028 οὔτε
2619 4973 2885 5043 ἀδύναμός
2916 4973 3062 5023 ἐστιν
3111 4972 3151 5033 ⁷,
3192 4969 3465 5041 αἰσθητοῖς
3501 4972 3624 5023 ὑπο-

400 5080 645 5141 citatam,
678 5091 778 5131 nec
813 5074 1131 5128 imbecillem
1158 5087 1277 5126 esse
1316 5080 1372 5124 et
1411 5068 1697 5124 sensilibus
1744 5067 1926 5121 casibu

2096 5067 2284 5136 ειμένη
2335 5064 2747 5136 συμπτώμασιν,
2780 5060 2902 5114 οὗτε
2947 5064 3005 5114 ὲν
3052 5059 3223 5129 ἐνδείᾳ
3266 5059 3382 5111 ἐστὶ
3426 5058 3620 5127 φωτὸς,

398 5168 726 5230 obnoxium;
778 5178 951 5233 neque
997 5162 1132 5217 lucis
1174 5162 1411 5229 indigum
1465 5157 1752 5222 exsistere,
1782 5170 1925 5224 nequ

2089 5158 2174 5210 ὐδὲ
2207 5156 2509 5219 ἀλλοίωσιν,
2544 5154 2575 5223 ἢ
2610 5152 2834 5224 φθορὰν,
2881 5152 2914 5221 ἢ
2963 5149 3245 5220 μερισμὸν,
3276 5148 3311 5219 ἧ
3346 5149 3616 5221 στέρησιν,

399 5259 748 5313 mutationem
774 5263 867 5308 aut
886 5252 1311 5321 corruptionem,
1337 5262 1513 5318 neque
1534 5247 1757 5315 ﬂuxum,
1783 5260 1926 5313 nequi

2124 5245 2325 5317 ρεὖσιν,
2359 5244 2481 5296 οὕτε
2524 5242 2653 5295 ἄλλο
2695 5259 2748 5295 τι
2793 5242 2901 5296 τῶν
2945 5239 3235 5311 αἰσθητῶν,
3279 5237 3401 5293 οὔτε
3453 5238 3614 5300 ἐστὶν,

397 5350 691 5421 quidquam
717 5356 866 5411 sunt,
884 5345 965 5400 vel
990 5358 1131 5408 esse,
1157 5350 1241 5396 vet
1272 5346 1494 5396 habere.

811 5356 866 5411 ιι,
884 5345 965 5400 vel
990 5358 1131 5408 esse,
1157 5350 1241 5396 vet
1272 5346 1494 5396 habere.
2058 5335 2177 5388 οὗτε
2211 5334 2338 5405 ἔχει.

539 5511 569 5552 1
600 5501 745 5566 Psal.
777 5516 943 5563 cxvu,
978 5498 1069 5551 22.
1146 5506 1167 5533 ι
1203 5495 1335 5550 Luc.
1372 5510 1462 5560 xx,
1501 5491 1585 5551 l7.
1656 5504 1684 5533 ι
1718 5490 1738 5543 l
1772 5490 1895 5545 Cor.
1932 5506 1986 5552 χ,
2022 5489 2066 5541 4η

1203 5495 1335 5550 Luc.
1372 5510 1462 5560 xx,
1501 5491 1585 5551 l7.
1656 5504 1684 5533 ι
1718 5490 1738 5543 l
1772 5490 1895 5545 Cor.
1932 5506 1986 5552 Χ,
2022 5489 2073 5541 4.
2140 5489 2167 5529 δ
2202 5486 2264 5541 lll
2300 5488 2431 5560 lteg.
2470 5504 2581 5553 XIX,
2618 5487 2704 5540 12.

1661 5602 1894 5659 νΑῐὶΙίΕ
1959 5602 2359 5659 LECTIONES.

469 5724 620 5783 ’δυσ
645 5727 803 5783 lectio
834 5728 889 5782 in
915 5726 977 5781 D.
1000 5733 1244 5791 notatur,
1281 5721 1537 5786 ἀδύνατὸς
1572 5724 1741 5774 ἐστιν.
