  <div class='ocr_page' id='page_1' title='image "/cluster/home/n/w/nwhite01/storage/ocr_20150623/3/nnc1.0046978666/580.png"; bbox 0 0 3866 6232; ppageno 0'>
   <div class='ocr_carea' id='block_1_1' title="bbox 293 315 3575 393">
    <p class='ocr_par' dir='ltr' id='par_1_1' title="bbox 293 315 3575 393">
     <span class='ocr_line' id='line_1_1' title="bbox 293 315 3575 393; baseline -0.002 -13"><span class='ocrx_word' id='word_1_1' title='bbox 293 324 440 382; x_wconf 67' lang='grc' dir='ltr'><strong>ἱθιὸ</strong></span> <span class='ocrx_word' id='word_1_2' title='bbox 1362 322 1452 379; x_wconf 88' lang='lat' dir='ltr'><strong>DE</strong></span> <span class='ocrx_word' id='word_1_3' title='bbox 1485 324 1790 383; x_wconf 78' lang='lat' dir='ltr'><strong>MYSTICA</strong></span> <span class='ocrx_word' id='word_1_4' title='bbox 1822 324 2236 393; x_wconf 83' lang='lat' dir='ltr'><strong>THEOLOGIA,</strong></span> <span class='ocrx_word' id='word_1_5' title='bbox 2269 324 2425 382; x_wconf 87' lang='lat' dir='ltr'><strong>CAP.</strong></span> <span class='ocrx_word' id='word_1_6' title='bbox 2459 322 2503 379; x_wconf 85' lang='lat' dir='ltr'><strong>V</strong></span> <span class='ocrx_word' id='word_1_7' title='bbox 3445 315 3575 374; x_wconf 62' lang='lat'><strong>5046</strong></span> 
     </span>
    </p>
   </div>
   <div class='ocr_carea' id='block_1_2' title="bbox 294 438 1888 517">
    <p class='ocr_par' dir='ltr' id='par_1_2' title="bbox 294 441 1888 515">
     <span class='ocr_line' id='line_1_2' title="bbox 294 441 1888 515; baseline 0.004 -22"><span class='ocrx_word' id='word_1_8' title='bbox 294 441 586 506; x_wconf 75' lang='grc' dir='ltr'>ἀνούσιος</span> <span class='ocrx_word' id='word_1_9' title='bbox 632 441 949 514; x_wconf 80' lang='grc' dir='ltr'><strong>παχυτέραν</strong></span> <span class='ocrx_word' id='word_1_10' title='bbox 984 441 1097 512; x_wconf 78' lang='grc' dir='ltr'>ἔχει</span> <span class='ocrx_word' id='word_1_11' title='bbox 1141 441 1239 514; x_wconf 77' lang='grc' dir='ltr'><strong>τὴν</strong></span> <span class='ocrx_word' id='word_1_12' title='bbox 1297 444 1637 515; x_wconf 84' lang='grc' dir='ltr'>παραλογίαν</span> <span class='ocrx_word' id='word_1_13' title='bbox 1666 485 1682 511; x_wconf 85' lang='grc'><strong>,</strong></span> <span class='ocrx_word' id='word_1_14' title='bbox 1734 446 1795 501; x_wconf 85' lang='grc' dir='ltr'><strong>τὸ</strong></span> <span class='ocrx_word' id='word_1_15' title='bbox 1834 446 1888 500; x_wconf 87' lang='grc' dir='ltr'><strong>δὲ</strong></span> 
     </span>
    </p>
   </div>
   <div class='ocr_carea' id='block_1_3' title="bbox 1995 438 3576 517">
    <p class='ocr_par' dir='ltr' id='par_1_3' title="bbox 1995 438 3576 517">
     <span class='ocr_line' id='line_1_3' title="bbox 1995 438 3576 517; baseline -0.007 -14"><span class='ocrx_word' id='word_1_16' title='bbox 1995 447 2136 517; x_wconf 84' lang='lat' dir='ltr'><strong>quod</strong></span> <span class='ocrx_word' id='word_1_17' title='bbox 2172 462 2278 502; x_wconf 92' lang='lat' dir='ltr'><strong>non</strong></span> <span class='ocrx_word' id='word_1_18' title='bbox 2305 446 2377 502; x_wconf 92' lang='lat' dir='ltr'><strong>sit</strong></span> <span class='ocrx_word' id='word_1_19' title='bbox 2396 442 2721 501; x_wconf 75' lang='lat' dir='ltr'><strong>substantia:</strong></span> <span class='ocrx_word' id='word_1_20' title='bbox 2746 451 2967 509; x_wconf 79' lang='lat' dir='ltr'><strong>expers,</strong></span> <span class='ocrx_word' id='word_1_21' title='bbox 3002 451 3162 507; x_wconf 91' lang='lat' dir='ltr'><strong>quam</strong></span> <span class='ocrx_word' id='word_1_22' title='bbox 3188 438 3329 506; x_wconf 91' lang='lat' dir='ltr'><strong>quod</strong></span> <span class='ocrx_word' id='word_1_23' title='bbox 3370 452 3475 492; x_wconf 90' lang='lat' dir='ltr'><strong>non</strong></span> <span class='ocrx_word' id='word_1_24' title='bbox 3504 438 3576 493; x_wconf 84' lang='lat' dir='ltr'><strong>sit</strong></span> 
     </span>
    </p>
   </div>
   <div class='ocr_carea' id='block_1_4' title="bbox 294 530 1888 609">
    <p class='ocr_par' dir='ltr' id='par_1_4' title="bbox 294 532 1888 609">
     <span class='ocr_line' id='line_1_4' title="bbox 294 532 1888 609; baseline 0.004 -24"><span class='ocrx_word' id='word_1_25' title='bbox 294 532 484 599; x_wconf 79' lang='grc' dir='ltr'>ἄνους</span> <span class='ocrx_word' id='word_1_26' title='bbox 516 534 869 605; x_wconf 89' lang='grc' dir='ltr'>λεπτοτέραν·</span> <span class='ocrx_word' id='word_1_27' title='bbox 900 537 994 589; x_wconf 83' lang='grc' dir='ltr'>καὶ</span> <span class='ocrx_word' id='word_1_28' title='bbox 1025 535 1112 590; x_wconf 81' lang='grc' dir='ltr'><strong>διά</strong></span> <span class='ocrx_word' id='word_1_29' title='bbox 1136 537 1294 590; x_wconf 80' lang='grc' dir='ltr'>τοῦτο</span> <span class='ocrx_word' id='word_1_30' title='bbox 1312 538 1411 609; x_wconf 83' lang='grc' dir='ltr'>τὴν</span> <span class='ocrx_word' id='word_1_31' title='bbox 1441 539 1718 608; x_wconf 89' lang='grc' dir='ltr'>ἀπόφασιν</span> <span class='ocrx_word' id='word_1_32' title='bbox 1751 538 1888 592; x_wconf 80' lang='grc' dir='ltr'>ὲκεί-</span> 
     </span>
    </p>
   </div>
   <div class='ocr_carea' id='block_1_5' title="bbox 1995 530 3575 609">
    <p class='ocr_par' dir='ltr' id='par_1_5' title="bbox 1995 530 3575 608">
     <span class='ocr_line' id='line_1_5' title="bbox 1995 530 3575 608; baseline -0.004 -16"><span class='ocrx_word' id='word_1_33' title='bbox 1995 539 2191 593; x_wconf 89' lang='lat' dir='ltr'><strong>mentis</strong></span> <span class='ocrx_word' id='word_1_34' title='bbox 2236 552 2451 608; x_wconf 84' lang='lat' dir='ltr'><strong>expers,</strong></span> <span class='ocrx_word' id='word_1_35' title='bbox 2502 535 2777 606; x_wconf 88' lang='lat' dir='ltr'><strong>siquidem</strong></span> <span class='ocrx_word' id='word_1_36' title='bbox 2824 531 3095 596; x_wconf 86' lang='grc' dir='ltr'>ἀνούσιος,</span> <span class='ocrx_word' id='word_1_37' title='bbox 3144 530 3197 586; x_wconf 88' lang='lat' dir='ltr'><strong>id</strong></span> <span class='ocrx_word' id='word_1_38' title='bbox 3248 537 3334 585; x_wconf 85' lang='lat' dir='ltr'><strong>est</strong></span> <span class='ocrx_word' id='word_1_39' title='bbox 3380 544 3575 586; x_wconf 84' lang='lat' dir='ltr'><strong>carens</strong></span> 
     </span>
    </p>
   </div>
   <div class='ocr_carea' id='block_1_6' title="bbox 290 622 1888 700">
    <p class='ocr_par' dir='ltr' id='par_1_6' title="bbox 290 625 1888 700">
     <span class='ocr_line' id='line_1_6' title="bbox 290 625 1888 700; baseline 0.005 -24"><span class='ocrx_word' id='word_1_40' title='bbox 290 641 391 676; x_wconf 84' lang='grc' dir='ltr'><strong>νου</strong></span> <span class='ocrx_word' id='word_1_41' title='bbox 425 625 814 699; x_wconf 69' lang='grc' dir='ltr'>εὐκολωτέρως</span> <span class='ocrx_word' id='word_1_42' title='bbox 843 625 1088 692; x_wconf 83' lang='grc' dir='ltr'>δέξονται</span> <span class='ocrx_word' id='word_1_43' title='bbox 1112 627 1145 699; x_wconf 82' lang='grc' dir='ltr'>ἢ</span> <span class='ocrx_word' id='word_1_44' title='bbox 1172 628 1271 700; x_wconf 84' lang='grc' dir='ltr'>τὴν</span> <span class='ocrx_word' id='word_1_45' title='bbox 1290 629 1503 683; x_wconf 83' lang='grc' dir='ltr'>τούτου.</span> <span class='ocrx_word' id='word_1_46' title='bbox 1553 632 1888 699; x_wconf 83' lang='grc' dir='ltr'>’Λναγκαίως</span> 
     </span>
    </p>
   </div>
   <div class='ocr_carea' id='block_1_7' title="bbox 1995 622 3573 700">
    <p class='ocr_par' dir='ltr' id='par_1_7' title="bbox 1995 622 3573 698">
     <span class='ocr_line' id='line_1_7' title="bbox 1995 622 3573 698; baseline -0.006 -14"><span class='ocrx_word' id='word_1_47' title='bbox 1995 630 2292 684; x_wconf 74' lang='lat' dir='ltr'><strong>substantia</strong></span> <span class='ocrx_word' id='word_1_48' title='bbox 2322 671 2339 698; x_wconf 96' lang='lat'><strong>,</strong></span> <span class='ocrx_word' id='word_1_49' title='bbox 2414 627 2742 685; x_wconf 83' lang='lat' dir='ltr'><strong>crassiorem</strong></span> <span class='ocrx_word' id='word_1_50' title='bbox 2823 624 2991 680; x_wconf 90' lang='lat' dir='ltr'><strong>habet</strong></span> <span class='ocrx_word' id='word_1_51' title='bbox 3067 622 3573 692; x_wconf 89' lang='lat' dir='ltr'><strong>improportionem,</strong></span> 
     </span>
    </p>
   </div>
   <div class='ocr_carea' id='block_1_8' title="bbox 293 714 1888 798">
    <p class='ocr_par' dir='ltr' id='par_1_8' title="bbox 293 716 1888 798">
     <span class='ocr_line' id='line_1_8' title="bbox 293 716 1888 798; baseline 0.007 -30"><span class='ocrx_word' id='word_1_52' title='bbox 293 716 355 769; x_wconf 83' lang='grc' dir='ltr'>δὲ</span> <span class='ocrx_word' id='word_1_53' title='bbox 387 718 476 771; x_wconf 83' lang='grc' dir='ltr'>διὰ</span> <span class='ocrx_word' id='word_1_54' title='bbox 502 717 706 773; x_wconf 80' lang='grc' dir='ltr'>τούτων</span> <span class='ocrx_word' id='word_1_55' title='bbox 735 721 762 771; x_wconf 88' lang='grc' dir='ltr'><strong>ό</strong></span> <span class='ocrx_word' id='word_1_56' title='bbox 788 720 977 794; x_wconf 69' lang='grc' dir='ltr'>Πατὴρ</span> <span class='ocrx_word' id='word_1_57' title='bbox 1000 723 1445 794; x_wconf 78' lang='grc' dir='ltr'>προησφαλίσατο</span> <span class='ocrx_word' id='word_1_58' title='bbox 1476 724 1565 777; x_wconf 84' lang='grc' dir='ltr'><strong>τὸν</strong></span> <span class='ocrx_word' id='word_1_59' title='bbox 1593 726 1888 798; x_wconf 86' lang='grc' dir='ltr'>ἀκροατὴν,</span> 
     </span>
    </p>
   </div>
   <div class='ocr_carea' id='block_1_9' title="bbox 1995 714 3575 798">
    <p class='ocr_par' dir='ltr' id='par_1_9' title="bbox 1995 714 3575 788">
     <span class='ocr_line' id='line_1_9' title="bbox 1995 714 3575 788; baseline -0.005 -12"><span class='ocrx_word' id='word_1_60' title='bbox 1995 722 2152 786; x_wconf 73' lang='grc' dir='ltr'>ἄνους</span> <span class='ocrx_word' id='word_1_61' title='bbox 2188 737 2342 788; x_wconf 90' lang='lat' dir='ltr'><strong>vero,</strong></span> <span class='ocrx_word' id='word_1_62' title='bbox 2387 735 2486 776; x_wconf 84' lang='lat' dir='ltr'><strong>seu</strong></span> <span class='ocrx_word' id='word_1_63' title='bbox 2525 717 2724 774; x_wconf 88' lang='lat' dir='ltr'><strong>mentis</strong></span> <span class='ocrx_word' id='word_1_64' title='bbox 2748 732 2965 787; x_wconf 84' lang='lat' dir='ltr'><strong>expers,</strong></span> <span class='ocrx_word' id='word_1_65' title='bbox 2997 715 3371 783; x_wconf 79' lang='lat' dir='ltr'><strong>subtiliorem;</strong></span> <span class='ocrx_word' id='word_1_66' title='bbox 3409 723 3464 770; x_wconf 90' lang='lat' dir='ltr'><strong>et</strong></span> <span class='ocrx_word' id='word_1_67' title='bbox 3492 714 3575 769; x_wconf 88' lang='lat' dir='ltr'><strong>id-</strong></span> 
     </span>
    </p>
   </div>
   <div class='ocr_carea' id='block_1_10' title="bbox 294 805 1888 886">
    <p class='ocr_par' dir='ltr' id='par_1_10' title="bbox 294 805 1888 885">
     <span class='ocr_line' id='line_1_10' title="bbox 294 805 1888 885; baseline 0.008 -26"><span class='ocrx_word' id='word_1_68' title='bbox 294 805 440 860; x_wconf 82' lang='grc' dir='ltr'>ὦστε</span> <span class='ocrx_word' id='word_1_69' title='bbox 476 808 551 880; x_wconf 84' lang='grc' dir='ltr'>μὴ</span> <span class='ocrx_word' id='word_1_70' title='bbox 584 811 644 862; x_wconf 82' lang='grc' dir='ltr'>ὲν</span> <span class='ocrx_word' id='word_1_71' title='bbox 682 813 805 874; x_wconf 86' lang='grc' dir='ltr'>ταῖς</span> <span class='ocrx_word' id='word_1_72' title='bbox 837 809 966 881; x_wconf 81' lang='grc' dir='ltr'>ἑξῆς</span> <span class='ocrx_word' id='word_1_73' title='bbox 998 812 1373 881; x_wconf 79' lang='grc' dir='ltr'><strong>ἀποφάσεσιν,</strong></span> <span class='ocrx_word' id='word_1_74' title='bbox 1408 815 1497 869; x_wconf 84' lang='grc' dir='ltr'><strong>ὅτε</strong></span> <span class='ocrx_word' id='word_1_75' title='bbox 1532 816 1710 885; x_wconf 81' lang='grc' dir='ltr'>λέγει·</span> <span class='ocrx_word' id='word_1_76' title='bbox 1753 817 1888 871; x_wconf 77' lang='grc' dir='ltr'>Οὑτε</span> 
     </span>
    </p>
   </div>
   <div class='ocr_carea' id='block_1_11' title="bbox 1995 805 3576 886">
    <p class='ocr_par' dir='ltr' id='par_1_11' title="bbox 1995 808 3576 886">
     <span class='ocr_line' id='line_1_11' title="bbox 1995 808 3576 886; baseline -0.007 -14"><span class='ocrx_word' id='word_1_77' title='bbox 1995 817 2143 872; x_wconf 88' lang='lat' dir='ltr'><strong>circo</strong></span> <span class='ocrx_word' id='word_1_78' title='bbox 2176 816 2321 871; x_wconf 90' lang='lat' dir='ltr'><strong>illius</strong></span> <span class='ocrx_word' id='word_1_79' title='bbox 2349 815 2692 886; x_wconf 80' lang='lat' dir='ltr'><strong>negationem</strong></span> <span class='ocrx_word' id='word_1_80' title='bbox 2719 811 2935 869; x_wconf 82' lang='lat' dir='ltr'><strong>facilius</strong></span> <span class='ocrx_word' id='word_1_81' title='bbox 2957 812 3267 878; x_wconf 87' lang='lat' dir='ltr'><strong>admittent,</strong></span> <span class='ocrx_word' id='word_1_82' title='bbox 3294 823 3456 880; x_wconf 90' lang='lat' dir='ltr'><strong>quam</strong></span> <span class='ocrx_word' id='word_1_83' title='bbox 3476 808 3576 862; x_wconf 86' lang='lat' dir='ltr'><strong>hu-</strong></span> 
     </span>
    </p>
   </div>
   <div class='ocr_carea' id='block_1_12' title="bbox 296 899 1888 982">
    <p class='ocr_par' dir='ltr' id='par_1_12' title="bbox 296 902 1888 982">
     <span class='ocr_line' id='line_1_12' title="bbox 296 902 1888 982; baseline 0.006 -27"><span class='ocrx_word' id='word_1_84' title='bbox 296 902 458 973; x_wconf 79' lang='grc' dir='ltr'>σῶμά</span> <span class='ocrx_word' id='word_1_85' title='bbox 489 905 656 967; x_wconf 75' lang='grc' dir='ltr'>ἐστιν,</span> <span class='ocrx_word' id='word_1_86' title='bbox 691 902 816 957; x_wconf 76' lang='grc' dir='ltr'>οὐτε</span> <span class='ocrx_word' id='word_1_87' title='bbox 849 904 931 970; x_wconf 86' lang='grc' dir='ltr'><strong>τὸ,</strong></span> <span class='ocrx_word' id='word_1_88' title='bbox 969 904 1095 958; x_wconf 75' lang='grc' dir='ltr'>οὔτε</span> <span class='ocrx_word' id='word_1_89' title='bbox 1120 907 1204 972; x_wconf 86' lang='grc' dir='ltr'><strong>τὸ,</strong></span> <span class='ocrx_word' id='word_1_90' title='bbox 1234 906 1442 962; x_wconf 73' lang='grc' dir='ltr'>οἴεσθαι</span> <span class='ocrx_word' id='word_1_91' title='bbox 1473 909 1610 974; x_wconf 83' lang='grc' dir='ltr'><strong>ὅλως</strong></span> <span class='ocrx_word' id='word_1_92' title='bbox 1644 911 1717 982; x_wconf 81' lang='grc' dir='ltr'><strong>μὴ</strong></span> <span class='ocrx_word' id='word_1_93' title='bbox 1751 907 1888 965; x_wconf 75' lang='grc' dir='ltr'>εἶναι</span> 
     </span>
    </p>
   </div>
   <div class='ocr_carea' id='block_1_13' title="bbox 1995 899 3577 982">
    <p class='ocr_par' dir='ltr' id='par_1_13' title="bbox 1995 899 3577 979">
     <span class='ocr_line' id='line_1_13' title="bbox 1995 899 3577 979; baseline -0.004 -19"><span class='ocrx_word' id='word_1_94' title='bbox 1995 908 2102 979; x_wconf 75' lang='lat' dir='ltr'><strong>ius.</strong></span> <span class='ocrx_word' id='word_1_95' title='bbox 2139 906 2462 963; x_wconf 87' lang='lat' dir='ltr'><strong>Necessario</strong></span> <span class='ocrx_word' id='word_1_96' title='bbox 2493 913 2674 961; x_wconf 86' lang='lat' dir='ltr'><strong>autem</strong></span> <span class='ocrx_word' id='word_1_97' title='bbox 2700 905 2788 960; x_wconf 89' lang='lat' dir='ltr'><strong>hic</strong></span> <span class='ocrx_word' id='word_1_98' title='bbox 2822 903 2982 958; x_wconf 85' lang='lat' dir='ltr'><strong>Pater</strong></span> <span class='ocrx_word' id='word_1_99' title='bbox 3011 918 3106 972; x_wconf 90' lang='lat' dir='ltr'><strong>per</strong></span> <span class='ocrx_word' id='word_1_100' title='bbox 3142 902 3246 957; x_wconf 92' lang='lat' dir='ltr'><strong>ista</strong></span> <span class='ocrx_word' id='word_1_101' title='bbox 3270 899 3577 971; x_wconf 70' lang='lat' dir='ltr'><strong>praemuniit</strong></span> 
     </span>
    </p>
   </div>
   <div class='ocr_carea' id='block_1_14' title="bbox 270 991 1886 1072">
    <p class='ocr_par' dir='ltr' id='par_1_14' title="bbox 270 991 1886 1072">
     <span class='ocr_line' id='line_1_14' title="bbox 270 991 1886 1072; baseline 0.007 -29"><span class='ocrx_word' id='word_1_102' title='bbox 270 991 357 1044; x_wconf 86' lang='grc' dir='ltr'>-τὸ</span> <span class='ocrx_word' id='word_1_103' title='bbox 387 992 549 1050; x_wconf 89' lang='grc' dir='ltr'>θεῖον.</span> <span class='ocrx_word' id='word_1_104' title='bbox 583 993 720 1047; x_wconf 84' lang='grc' dir='ltr'>Ἀλλ’</span> <span class='ocrx_word' id='word_1_105' title='bbox 746 997 803 1049; x_wconf 82' lang='grc' dir='ltr'><strong>έν</strong></span> <span class='ocrx_word' id='word_1_106' title='bbox 835 995 1044 1061; x_wconf 84' lang='grc' dir='ltr'><strong>τούτοις</strong></span> <span class='ocrx_word' id='word_1_107' title='bbox 1070 998 1168 1066; x_wconf 83' lang='grc' dir='ltr'><strong>μὲν</strong></span> <span class='ocrx_word' id='word_1_108' title='bbox 1190 999 1255 1052; x_wconf 89' lang='grc' dir='ltr'>τὸ</span> <span class='ocrx_word' id='word_1_109' title='bbox 1288 995 1425 1052; x_wconf 75' lang='grc' dir='ltr'>εἶναι</span> <span class='ocrx_word' id='word_1_110' title='bbox 1458 1001 1605 1072; x_wconf 81' lang='grc' dir='ltr'>αὐτῷ</span> <span class='ocrx_word' id='word_1_111' title='bbox 1632 1002 1886 1055; x_wconf 89' lang='grc' dir='ltr'>ὑπέθετο·</span> 
     </span>
    </p>
   </div>
   <div class='ocr_carea' id='block_1_15' title="bbox 292 1083 1895 1163">
    <p class='ocr_par' dir='ltr' id='par_1_15' title="bbox 292 1083 1895 1163">
     <span class='ocr_line' id='line_1_15' title="bbox 292 1083 1895 1163; baseline 0.009 -28"><span class='ocrx_word' id='word_1_112' title='bbox 292 1083 465 1137; x_wconf 86' lang='grc' dir='ltr'>εἰπὼν</span> <span class='ocrx_word' id='word_1_113' title='bbox 480 1085 608 1158; x_wconf 79' lang='grc' dir='ltr'>γὰρ,</span> <span class='ocrx_word' id='word_1_114' title='bbox 622 1087 759 1141; x_wconf 81' lang='grc' dir='ltr'>οὕτε</span> <span class='ocrx_word' id='word_1_115' title='bbox 777 1089 1084 1156; x_wconf 81' lang='grc' dir='ltr'>ἀνούσιος,</span> <span class='ocrx_word' id='word_1_116' title='bbox 1097 1090 1285 1144; x_wconf 84' lang='grc' dir='ltr'>οὐσίαν</span> <span class='ocrx_word' id='word_1_117' title='bbox 1304 1091 1588 1163; x_wconf 81' lang='grc' dir='ltr'>ἐδήλωσεν·</span> <span class='ocrx_word' id='word_1_118' title='bbox 1606 1095 1743 1149; x_wconf 81' lang='grc' dir='ltr'>οὔτε</span> <span class='ocrx_word' id='word_1_119' title='bbox 1762 1093 1895 1156; x_wconf 78' lang='grc' dir='ltr'><strong>ἄζω-</strong></span> 
     </span>
    </p>
   </div>
   <div class='ocr_carea' id='block_1_16' title="bbox 292 1174 1883 1253">
    <p class='ocr_par' dir='ltr' id='par_1_16' title="bbox 292 1174 1883 1253">
     <span class='ocr_line' id='line_1_16' title="bbox 292 1174 1883 1253; baseline 0.005 -25"><span class='ocrx_word' id='word_1_120' title='bbox 292 1192 385 1240; x_wconf 82' lang='grc' dir='ltr'><strong>ος,</strong></span> <span class='ocrx_word' id='word_1_121' title='bbox 421 1174 601 1238; x_wconf 73' lang='grc' dir='ltr'>ζῶσαν</span> <span class='ocrx_word' id='word_1_122' title='bbox 629 1176 925 1248; x_wconf 77' lang='grc' dir='ltr'>ἐδήλωσεν·</span> <span class='ocrx_word' id='word_1_123' title='bbox 955 1179 1093 1233; x_wconf 82' lang='grc' dir='ltr'>οὔτε</span> <span class='ocrx_word' id='word_1_124' title='bbox 1126 1178 1368 1249; x_wconf 74' lang='grc' dir='ltr'>ἄλογος,</span> <span class='ocrx_word' id='word_1_125' title='bbox 1392 1180 1550 1249; x_wconf 90' lang='grc' dir='ltr'>λόγον</span> <span class='ocrx_word' id='word_1_126' title='bbox 1581 1181 1848 1253; x_wconf 83' lang='grc' dir='ltr'>ἐδήλωσεν</span> <span class='ocrx_word' id='word_1_127' title='bbox 1870 1202 1883 1214; x_wconf 89' lang='grc'>·</span> 
     </span>
    </p>
   </div>
   <div class='ocr_carea' id='block_1_17' title="bbox 291 1268 1891 1345">
    <p class='ocr_par' dir='ltr' id='par_1_17' title="bbox 291 1268 1891 1345">
     <span class='ocr_line' id='line_1_17' title="bbox 291 1268 1891 1345; baseline 0.004 -24"><span class='ocrx_word' id='word_1_128' title='bbox 291 1269 435 1321; x_wconf 77' lang='grc' dir='ltr'>οὔτε</span> <span class='ocrx_word' id='word_1_129' title='bbox 457 1268 663 1334; x_wconf 83' lang='grc' dir='ltr'><strong>ἄνους,</strong></span> <span class='ocrx_word' id='word_1_130' title='bbox 683 1268 807 1322; x_wconf 81' lang='grc' dir='ltr'>νοῦν</span> <span class='ocrx_word' id='word_1_131' title='bbox 822 1270 1109 1341; x_wconf 75' lang='grc' dir='ltr'>ἐδήλωσεν.</span> <span class='ocrx_word' id='word_1_132' title='bbox 1129 1270 1216 1323; x_wconf 84' lang='grc' dir='ltr'>Ἐν</span> <span class='ocrx_word' id='word_1_133' title='bbox 1232 1271 1438 1327; x_wconf 75' lang='grc' dir='ltr'><strong>τούτοις</strong></span> <span class='ocrx_word' id='word_1_134' title='bbox 1451 1268 1544 1326; x_wconf 79' lang='grc' dir='ltr'><strong>οὖν</strong></span> <span class='ocrx_word' id='word_1_135' title='bbox 1561 1273 1891 1345; x_wconf 83' lang='grc' dir='ltr'>ὑποθέμενος</span> 
     </span>
    </p>
   </div>
   <div class='ocr_carea' id='block_1_18' title="bbox 290 1353 1890 1436">
    <p class='ocr_par' dir='ltr' id='par_1_18' title="bbox 290 1353 1890 1436">
     <span class='ocr_line' id='line_1_18' title="bbox 290 1353 1890 1436; baseline 0.006 -26"><span class='ocrx_word' id='word_1_136' title='bbox 290 1358 358 1410; x_wconf 88' lang='grc' dir='ltr'>τὸ</span> <span class='ocrx_word' id='word_1_137' title='bbox 389 1353 529 1412; x_wconf 80' lang='grc' dir='ltr'>εἶναι</span> <span class='ocrx_word' id='word_1_138' title='bbox 562 1360 715 1423; x_wconf 84' lang='grc' dir='ltr'>αὐτὸ,</span> <span class='ocrx_word' id='word_1_139' title='bbox 741 1362 800 1414; x_wconf 85' lang='grc' dir='ltr'>ὲν</span> <span class='ocrx_word' id='word_1_140' title='bbox 825 1363 938 1425; x_wconf 90' lang='grc' dir='ltr'>τοῖς</span> <span class='ocrx_word' id='word_1_141' title='bbox 971 1361 1192 1433; x_wconf 79' lang='grc' dir='ltr'>ἑφεξῆς,</span> <span class='ocrx_word' id='word_1_142' title='bbox 1225 1364 1314 1417; x_wconf 84' lang='grc' dir='ltr'><strong>ὅτε</strong></span> <span class='ocrx_word' id='word_1_143' title='bbox 1337 1363 1485 1433; x_wconf 81' lang='grc' dir='ltr'>λέγει</span> <span class='ocrx_word' id='word_1_144' title='bbox 1506 1363 1567 1416; x_wconf 83' lang='grc' dir='ltr'><strong>τὸ</strong></span> <span class='ocrx_word' id='word_1_145' title='bbox 1591 1364 1768 1436; x_wconf 84' lang='grc' dir='ltr'>σῶμα,</span> <span class='ocrx_word' id='word_1_146' title='bbox 1798 1366 1890 1420; x_wconf 78' lang='grc' dir='ltr'>καὶ</span> 
     </span>
    </p>
   </div>
   <div class='ocr_carea' id='block_1_19' title="bbox 290 1447 1889 1523">
    <p class='ocr_par' dir='ltr' id='par_1_19' title="bbox 290 1447 1889 1523">
     <span class='ocr_line' id='line_1_19' title="bbox 290 1447 1889 1523; baseline 0.008 -24"><span class='ocrx_word' id='word_1_147' title='bbox 290 1447 365 1500; x_wconf 84' lang='grc' dir='ltr'>τὰ</span> <span class='ocrx_word' id='word_1_148' title='bbox 415 1448 602 1514; x_wconf 85' lang='grc' dir='ltr'>λοιπὰ,</span> <span class='ocrx_word' id='word_1_149' title='bbox 659 1450 723 1503; x_wconf 86' lang='grc' dir='ltr'>τὸ</span> <span class='ocrx_word' id='word_1_150' title='bbox 786 1450 927 1504; x_wconf 87' lang='grc' dir='ltr'>κατά</span> <span class='ocrx_word' id='word_1_151' title='bbox 981 1451 1146 1523; x_wconf 82' lang='grc' dir='ltr'>μηδὲν</span> <span class='ocrx_word' id='word_1_152' title='bbox 1177 1453 1285 1507; x_wconf 86' lang='grc' dir='ltr'><strong>τῶν</strong></span> <span class='ocrx_word' id='word_1_153' title='bbox 1331 1452 1500 1508; x_wconf 80' lang='grc' dir='ltr'>ὄντων</span> <span class='ocrx_word' id='word_1_154' title='bbox 1541 1451 1682 1509; x_wconf 80' lang='grc' dir='ltr'>εἶναι</span> <span class='ocrx_word' id='word_1_155' title='bbox 1705 1496 1721 1521; x_wconf 91' lang='grc'><strong>,</strong></span> <span class='ocrx_word' id='word_1_156' title='bbox 1770 1449 1889 1512; x_wconf 86' lang='grc' dir='ltr'>ἀλλ’</span> 
     </span>
    </p>
   </div>
   <div class='ocr_carea' id='block_1_20' title="bbox 293 1536 1891 1616">
    <p class='ocr_par' dir='ltr' id='par_1_20' title="bbox 293 1536 1891 1616">
     <span class='ocr_line' id='line_1_20' title="bbox 293 1536 1891 1616; baseline 0.008 -26"><span class='ocrx_word' id='word_1_157' title='bbox 293 1536 621 1609; x_wconf 80' lang='grc' dir='ltr'>ὑπερούσιον</span> <span class='ocrx_word' id='word_1_158' title='bbox 671 1539 928 1612; x_wconf 71' lang='grc' dir='ltr'>ᾐνίξατο·</span> <span class='ocrx_word' id='word_1_159' title='bbox 969 1543 1031 1595; x_wconf 84' lang='grc' dir='ltr'><strong>τὸ</strong></span> <span class='ocrx_word' id='word_1_160' title='bbox 1072 1544 1184 1616; x_wconf 82' lang='grc' dir='ltr'>γὰρ</span> <span class='ocrx_word' id='word_1_161' title='bbox 1232 1542 1307 1616; x_wconf 85' lang='grc' dir='ltr'><strong>μὴ</strong></span> <span class='ocrx_word' id='word_1_162' title='bbox 1357 1544 1417 1600; x_wconf 81' lang='grc' dir='ltr'>ὃν</span> <span class='ocrx_word' id='word_1_163' title='bbox 1462 1546 1733 1602; x_wconf 83' lang='grc' dir='ltr'>ἀνούσιον.</span> <span class='ocrx_word' id='word_1_164' title='bbox 1780 1549 1891 1603; x_wconf 75' lang='grc' dir='ltr'><strong>Καὶ</strong></span> 
     </span>
    </p>
   </div>
   <div class='ocr_carea' id='block_1_21' title="bbox 291 1630 1889 1713">
    <p class='ocr_par' dir='ltr' id='par_1_21' title="bbox 291 1630 1889 1713">
     <span class='ocr_line' id='line_1_21' title="bbox 291 1630 1889 1713; baseline 0.01 -32"><span class='ocrx_word' id='word_1_165' title='bbox 291 1630 457 1683; x_wconf 85' lang='grc' dir='ltr'>πάλιν</span> <span class='ocrx_word' id='word_1_166' title='bbox 490 1631 550 1684; x_wconf 88' lang='grc' dir='ltr'><strong>οὐ</strong></span> <span class='ocrx_word' id='word_1_167' title='bbox 587 1630 766 1702; x_wconf 86' lang='grc' dir='ltr'>σῶμα,</span> <span class='ocrx_word' id='word_1_168' title='bbox 801 1632 918 1687; x_wconf 81' lang='grc' dir='ltr'>ἀλλ’</span> <span class='ocrx_word' id='word_1_169' title='bbox 939 1634 1079 1705; x_wconf 83' lang='grc' dir='ltr'>ὑπὲρ</span> <span class='ocrx_word' id='word_1_170' title='bbox 1115 1638 1316 1706; x_wconf 79' lang='grc' dir='ltr'>πᾶσαν,</span> <span class='ocrx_word' id='word_1_171' title='bbox 1351 1640 1545 1713; x_wconf 79' lang='grc' dir='ltr'>ἑτέραν</span> <span class='ocrx_word' id='word_1_172' title='bbox 1566 1640 1774 1708; x_wconf 87' lang='grc' dir='ltr'>οὐσίαν,</span> <span class='ocrx_word' id='word_1_173' title='bbox 1792 1642 1889 1697; x_wconf 77' lang='grc' dir='ltr'><strong>καὶ</strong></span> 
     </span>
    </p>
   </div>
   <div class='ocr_carea' id='block_1_22' title="bbox 292 1721 1889 1807">
    <p class='ocr_par' dir='ltr' id='par_1_22' title="bbox 292 1721 1889 1807">
     <span class='ocr_line' id='line_1_22' title="bbox 292 1721 1889 1807; baseline 0.012 -35"><span class='ocrx_word' id='word_1_174' title='bbox 292 1721 411 1774; x_wconf 76' lang='grc' dir='ltr'>εστι</span> <span class='ocrx_word' id='word_1_175' title='bbox 454 1726 548 1776; x_wconf 76' lang='grc' dir='ltr'>καὶ</span> <span class='ocrx_word' id='word_1_176' title='bbox 595 1726 920 1796; x_wconf 86' lang='grc' dir='ltr'>ὑπερούσιόν</span> <span class='ocrx_word' id='word_1_177' title='bbox 971 1731 1141 1787; x_wconf 79' lang='grc' dir='ltr'>ἐστιν.</span> <span class='ocrx_word' id='word_1_178' title='bbox 1202 1731 1388 1786; x_wconf 76' lang='grc' dir='ltr'>Εἰπὼν</span> <span class='ocrx_word' id='word_1_179' title='bbox 1410 1733 1490 1801; x_wconf 85' lang='grc' dir='ltr'><strong>δὲ,</strong></span> <span class='ocrx_word' id='word_1_180' title='bbox 1540 1732 1679 1787; x_wconf 76' lang='grc' dir='ltr'>Οὔτε</span> <span class='ocrx_word' id='word_1_181' title='bbox 1729 1735 1889 1807; x_wconf 84' lang='grc' dir='ltr'>σῶμά</span> 
     </span>
    </p>
   </div>
   <div class='ocr_carea' id='block_1_23' title="bbox 294 1815 1885 1899">
    <p class='ocr_par' dir='ltr' id='par_1_23' title="bbox 294 1815 1885 1899">
     <span class='ocr_line' id='line_1_23' title="bbox 294 1815 1885 1899; baseline 0.011 -34"><span class='ocrx_word' id='word_1_182' title='bbox 294 1815 474 1880; x_wconf 81' lang='grc' dir='ltr'>ἐστιν,</span> <span class='ocrx_word' id='word_1_183' title='bbox 513 1817 728 1889; x_wconf 91' lang='grc' dir='ltr'>ἀναιρεῖ</span> <span class='ocrx_word' id='word_1_184' title='bbox 760 1820 945 1876; x_wconf 80' lang='grc' dir='ltr'>καὶτὰ</span> <span class='ocrx_word' id='word_1_185' title='bbox 987 1824 1116 1894; x_wconf 72' lang='grc' dir='ltr'>περὶ</span> <span class='ocrx_word' id='word_1_186' title='bbox 1146 1822 1207 1877; x_wconf 83' lang='grc' dir='ltr'><strong>τὸ</strong></span> <span class='ocrx_word' id='word_1_187' title='bbox 1251 1822 1410 1896; x_wconf 83' lang='grc' dir='ltr'>σῶμα</span> <span class='ocrx_word' id='word_1_188' title='bbox 1432 1842 1445 1855; x_wconf 89' lang='grc'><strong>·</strong></span> <span class='ocrx_word' id='word_1_189' title='bbox 1478 1826 1885 1899; x_wconf 83' lang='grc' dir='ltr'>ἀσχημάτιστον</span> 
     </span>
    </p>
   </div>
   <div class='ocr_carea' id='block_1_24' title="bbox 295 1905 1888 1985">
    <p class='ocr_par' dir='ltr' id='par_1_24' title="bbox 295 1905 1888 1985">
     <span class='ocr_line' id='line_1_24' title="bbox 295 1905 1888 1985; baseline 0.008 -27"><span class='ocrx_word' id='word_1_190' title='bbox 295 1905 430 1977; x_wconf 76' lang='grc' dir='ltr'>γὰρ,</span> <span class='ocrx_word' id='word_1_191' title='bbox 489 1910 583 1962; x_wconf 78' lang='grc' dir='ltr'><strong>καὶ</strong></span> <span class='ocrx_word' id='word_1_192' title='bbox 640 1910 900 1978; x_wconf 83' lang='grc' dir='ltr'>ἀνείδεον,</span> <span class='ocrx_word' id='word_1_193' title='bbox 969 1915 1064 1969; x_wconf 79' lang='grc' dir='ltr'>καὶ</span> <span class='ocrx_word' id='word_1_194' title='bbox 1120 1915 1345 1982; x_wconf 86' lang='grc' dir='ltr'>ἀποσον,</span> <span class='ocrx_word' id='word_1_195' title='bbox 1392 1916 1487 1971; x_wconf 73' lang='grc' dir='ltr'>καὶ</span> <span class='ocrx_word' id='word_1_196' title='bbox 1528 1917 1738 1985; x_wconf 82' lang='grc' dir='ltr'>ἄποιον,</span> <span class='ocrx_word' id='word_1_197' title='bbox 1792 1920 1888 1974; x_wconf 74' lang='grc' dir='ltr'>καὶ</span> 
     </span>
    </p>
   </div>
   <div class='ocr_carea' id='block_1_25' title="bbox 285 2000 1888 2083">
    <p class='ocr_par' dir='ltr' id='par_1_25' title="bbox 285 2000 1888 2083">
     <span class='ocr_line' id='line_1_25' title="bbox 285 2000 1888 2083; baseline 0.006 -28"><span class='ocrx_word' id='word_1_198' title='bbox 285 2003 518 2069; x_wconf 86' lang='grc' dir='ltr'>ἄογκον.</span> <span class='ocrx_word' id='word_1_199' title='bbox 573 2000 713 2056; x_wconf 85' lang='grc' dir='ltr'>Ἀλλ’</span> <span class='ocrx_word' id='word_1_200' title='bbox 747 2005 856 2059; x_wconf 84' lang='grc' dir='ltr'>οὐδ’</span> <span class='ocrx_word' id='word_1_201' title='bbox 886 2008 945 2060; x_wconf 82' lang='grc' dir='ltr'><strong>έν</strong></span> <span class='ocrx_word' id='word_1_202' title='bbox 971 2007 1123 2078; x_wconf 89' lang='grc' dir='ltr'>τόπῳ</span> <span class='ocrx_word' id='word_1_203' title='bbox 1159 2007 1275 2061; x_wconf 82' lang='grc' dir='ltr'>έστί</span> <span class='ocrx_word' id='word_1_204' title='bbox 1296 2025 1309 2038; x_wconf 93' lang='grc'><strong>·</strong></span> <span class='ocrx_word' id='word_1_205' title='bbox 1346 2010 1456 2063; x_wconf 81' lang='grc' dir='ltr'>πᾶν</span> <span class='ocrx_word' id='word_1_206' title='bbox 1487 2009 1597 2081; x_wconf 85' lang='grc' dir='ltr'>γὰρ</span> <span class='ocrx_word' id='word_1_207' title='bbox 1623 2028 1888 2083; x_wconf 88' lang='grc' dir='ltr'>περιγρα-</span> 
     </span>
    </p>
   </div>
   <div class='ocr_carea' id='block_1_26' title="bbox 292 2093 1887 2173">
    <p class='ocr_par' dir='ltr' id='par_1_26' title="bbox 292 2093 1887 2173">
     <span class='ocr_line' id='line_1_26' title="bbox 292 2093 1887 2173; baseline 0.008 -29"><span class='ocrx_word' id='word_1_208' title='bbox 292 2093 429 2145; x_wconf 83' lang='grc' dir='ltr'>πτὸν</span> <span class='ocrx_word' id='word_1_209' title='bbox 476 2096 535 2148; x_wconf 86' lang='grc' dir='ltr'>ὲν</span> <span class='ocrx_word' id='word_1_210' title='bbox 579 2095 729 2168; x_wconf 85' lang='grc' dir='ltr'>τόπῳ</span> <span class='ocrx_word' id='word_1_211' title='bbox 751 2138 766 2161; x_wconf 92' lang='grc'><strong>,</strong></span> <span class='ocrx_word' id='word_1_212' title='bbox 803 2099 930 2152; x_wconf 72' lang='grc' dir='ltr'>ἐπεὶ</span> <span class='ocrx_word' id='word_1_213' title='bbox 971 2099 999 2152; x_wconf 87' lang='grc' dir='ltr'>ὁ</span> <span class='ocrx_word' id='word_1_214' title='bbox 1030 2100 1195 2165; x_wconf 90' lang='grc' dir='ltr'>τόπος</span> <span class='ocrx_word' id='word_1_215' title='bbox 1228 2101 1402 2173; x_wconf 86' lang='grc' dir='ltr'>πέρας</span> <span class='ocrx_word' id='word_1_216' title='bbox 1436 2102 1554 2156; x_wconf 77' lang='grc' dir='ltr'>ἐστὶ</span> <span class='ocrx_word' id='word_1_217' title='bbox 1584 2101 1681 2156; x_wconf 82' lang='grc' dir='ltr'>τοῦ</span> <span class='ocrx_word' id='word_1_218' title='bbox 1727 2121 1887 2173; x_wconf 89' lang='grc' dir='ltr'>περι-</span> 
     </span>
    </p>
   </div>
   <div class='ocr_carea' id='block_1_27' title="bbox 290 2184 1887 2271">
    <p class='ocr_par' dir='ltr' id='par_1_27' title="bbox 290 2184 1887 2271">
     <span class='ocr_line' id='line_1_27' title="bbox 290 2184 1887 2271; baseline 0.01 -35"><span class='ocrx_word' id='word_1_219' title='bbox 290 2184 541 2254; x_wconf 86' lang='grc' dir='ltr'>έχοντος.</span> <span class='ocrx_word' id='word_1_220' title='bbox 603 2187 676 2241; x_wconf 85' lang='grc' dir='ltr'><strong>Τὸ</strong></span> <span class='ocrx_word' id='word_1_221' title='bbox 720 2187 778 2242; x_wconf 87' lang='grc' dir='ltr'>δὲ</span> <span class='ocrx_word' id='word_1_222' title='bbox 815 2189 991 2257; x_wconf 87' lang='grc' dir='ltr'>θεῖον,</span> <span class='ocrx_word' id='word_1_223' title='bbox 1046 2192 1319 2264; x_wconf 80' lang='grc' dir='ltr'>πανταχοῦ</span> <span class='ocrx_word' id='word_1_224' title='bbox 1366 2195 1571 2267; x_wconf 86' lang='grc' dir='ltr'>παρὸν,</span> <span class='ocrx_word' id='word_1_225' title='bbox 1619 2197 1714 2250; x_wconf 79' lang='grc' dir='ltr'>καὶ</span> <span class='ocrx_word' id='word_1_226' title='bbox 1746 2198 1887 2271; x_wconf 90' lang='grc' dir='ltr'>πλη-</span> 
     </span>
    </p>
   </div>
   <div class='ocr_carea' id='block_1_28' title="bbox 292 2275 1888 2360">
    <p class='ocr_par' dir='ltr' id='par_1_28' title="bbox 292 2275 1888 2360">
     <span class='ocr_line' id='line_1_28' title="bbox 292 2275 1888 2360; baseline 0.011 -33"><span class='ocrx_word' id='word_1_227' title='bbox 292 2275 425 2347; x_wconf 79' lang='grc' dir='ltr'>ροῦν</span> <span class='ocrx_word' id='word_1_228' title='bbox 471 2278 540 2331; x_wconf 84' lang='grc' dir='ltr'>τὰ</span> <span class='ocrx_word' id='word_1_229' title='bbox 586 2280 795 2345; x_wconf 88' lang='grc' dir='ltr'>πάντα,</span> <span class='ocrx_word' id='word_1_230' title='bbox 846 2283 906 2337; x_wconf 88' lang='grc' dir='ltr'><strong>οὐ</strong></span> <span class='ocrx_word' id='word_1_231' title='bbox 957 2284 1268 2355; x_wconf 86' lang='grc' dir='ltr'>περιέχεται</span> <span class='ocrx_word' id='word_1_232' title='bbox 1308 2287 1439 2360; x_wconf 86' lang='grc' dir='ltr'>παρ’</span> <span class='ocrx_word' id='word_1_233' title='bbox 1484 2288 1698 2353; x_wconf 85' lang='grc' dir='ltr'>οὐδενός</span> <span class='ocrx_word' id='word_1_234' title='bbox 1722 2307 1736 2321; x_wconf 77' lang='grc' dir='ltr'><strong>ο</strong></span> <span class='ocrx_word' id='word_1_235' title='bbox 1770 2290 1888 2345; x_wconf 85' lang='grc' dir='ltr'>ἀλλ’</span> 
     </span>
    </p>
   </div>
   <div class='ocr_carea' id='block_1_29' title="bbox 289 2366 1887 2452">
    <p class='ocr_par' dir='ltr' id='par_1_29' title="bbox 289 2366 1887 2452">
     <span class='ocr_line' id='line_1_29' title="bbox 289 2366 1887 2452; baseline 0.01 -34"><span class='ocrx_word' id='word_1_236' title='bbox 289 2366 404 2420; x_wconf 79' lang='grc' dir='ltr'>οὐδ’</span> <span class='ocrx_word' id='word_1_237' title='bbox 456 2370 685 2440; x_wconf 78' lang='grc' dir='ltr'>ὁρᾶταιο</span> <span class='ocrx_word' id='word_1_238' title='bbox 740 2372 849 2425; x_wconf 80' lang='grc' dir='ltr'>οὐδ’</span> <span class='ocrx_word' id='word_1_239' title='bbox 912 2373 1129 2446; x_wconf 76' lang='grc' dir='ltr'>ἐπαφὴν</span> <span class='ocrx_word' id='word_1_240' title='bbox 1184 2374 1318 2447; x_wconf 74' lang='grc' dir='ltr'>ἔχει,</span> <span class='ocrx_word' id='word_1_241' title='bbox 1365 2378 1446 2431; x_wconf 84' lang='grc' dir='ltr'>ὅτι</span> <span class='ocrx_word' id='word_1_242' title='bbox 1491 2378 1599 2432; x_wconf 79' lang='grc' dir='ltr'>οὐδ’</span> <span class='ocrx_word' id='word_1_243' title='bbox 1632 2380 1887 2452; x_wconf 86' lang='grc' dir='ltr'>αἰσθητόν</span> 
     </span>
    </p>
   </div>
   <div class='ocr_carea' id='block_1_30' title="bbox 289 2459 1888 2545">
    <p class='ocr_par' dir='ltr' id='par_1_30' title="bbox 289 2459 1888 2545">
     <span class='ocr_line' id='line_1_30' title="bbox 289 2459 1888 2545; baseline 0.013 -37"><span class='ocrx_word' id='word_1_244' title='bbox 289 2459 443 2510; x_wconf 79' lang='grc' dir='ltr'>ἐστιν</span> <span class='ocrx_word' id='word_1_245' title='bbox 493 2459 570 2529; x_wconf 83' lang='grc' dir='ltr'><strong>(αἱ</strong></span> <span class='ocrx_word' id='word_1_246' title='bbox 601 2460 711 2533; x_wconf 83' lang='grc' dir='ltr'><strong>γάρ</strong></span> <span class='ocrx_word' id='word_1_247' title='bbox 744 2464 1026 2536; x_wconf 79' lang='grc' dir='ltr'>αἰσθήσεις</span> <span class='ocrx_word' id='word_1_248' title='bbox 1057 2468 1185 2539; x_wconf 77' lang='grc' dir='ltr'>περὶ</span> <span class='ocrx_word' id='word_1_249' title='bbox 1215 2467 1284 2521; x_wconf 88' lang='grc' dir='ltr'><strong>τά</strong></span> <span class='ocrx_word' id='word_1_250' title='bbox 1316 2470 1593 2545; x_wconf 88' lang='grc' dir='ltr'>αἰσθητά),</span> <span class='ocrx_word' id='word_1_251' title='bbox 1630 2472 1744 2526; x_wconf 89' lang='grc' dir='ltr'>ἀλλ’</span> <span class='ocrx_word' id='word_1_252' title='bbox 1777 2474 1888 2527; x_wconf 78' lang='grc' dir='ltr'>οὐδ’</span> 
     </span>
    </p>
   </div>
   <div class='ocr_carea' id='block_1_31' title="bbox 287 2550 1889 2639">
    <p class='ocr_par' dir='ltr' id='par_1_31' title="bbox 287 2550 1889 2639">
     <span class='ocr_line' id='line_1_31' title="bbox 287 2550 1889 2639; baseline 0.013 -37"><span class='ocrx_word' id='word_1_253' title='bbox 287 2550 612 2607; x_wconf 84' lang='grc' dir='ltr'>αἰσθάνεται</span> <span class='ocrx_word' id='word_1_254' title='bbox 642 2571 657 2584; x_wconf 87' lang='grc'><strong>·</strong></span> <span class='ocrx_word' id='word_1_255' title='bbox 693 2555 816 2609; x_wconf 85' lang='grc' dir='ltr'>οὐδὲ</span> <span class='ocrx_word' id='word_1_256' title='bbox 848 2557 958 2628; x_wconf 85' lang='grc' dir='ltr'>γὰρ</span> <span class='ocrx_word' id='word_1_257' title='bbox 991 2560 1307 2633; x_wconf 84' lang='grc' dir='ltr'>αἰσθητικόν</span> <span class='ocrx_word' id='word_1_258' title='bbox 1341 2566 1491 2618; x_wconf 78' lang='grc' dir='ltr'>ἐστιν</span> <span class='ocrx_word' id='word_1_259' title='bbox 1511 2603 1526 2629; x_wconf 90' lang='grc'><strong>,</strong></span> <span class='ocrx_word' id='word_1_260' title='bbox 1561 2566 1672 2619; x_wconf 80' lang='grc' dir='ltr'>οὐδ’</span> <span class='ocrx_word' id='word_1_261' title='bbox 1698 2567 1889 2639; x_wconf 86' lang='grc' dir='ltr'>αἰσθή-</span> 
     </span>
    </p>
   </div>
   <div class='ocr_carea' id='block_1_32' title="bbox 292 2642 1889 2724">
    <p class='ocr_par' dir='ltr' id='par_1_32' title="bbox 292 2642 1889 2724">
     <span class='ocr_line' id='line_1_32' title="bbox 292 2642 1889 2724; baseline 0.012 -30"><span class='ocrx_word' id='word_1_262' title='bbox 292 2659 408 2706; x_wconf 73' lang='grc' dir='ltr'>σεις</span> <span class='ocrx_word' id='word_1_263' title='bbox 448 2642 581 2714; x_wconf 82' lang='grc' dir='ltr'>ἔχει.</span> <span class='ocrx_word' id='word_1_264' title='bbox 625 2645 762 2700; x_wconf 80' lang='grc' dir='ltr'>Οὔτε</span> <span class='ocrx_word' id='word_1_265' title='bbox 793 2648 899 2701; x_wconf 73' lang='grc' dir='ltr'><strong>ὑπὸ</strong></span> <span class='ocrx_word' id='word_1_266' title='bbox 931 2650 1120 2705; x_wconf 82' lang='grc' dir='ltr'>παθῶν</span> <span class='ocrx_word' id='word_1_267' title='bbox 1152 2652 1478 2724; x_wconf 77' lang='grc' dir='ltr'>ἐνοχλεῖται,</span> <span class='ocrx_word' id='word_1_268' title='bbox 1511 2655 1637 2709; x_wconf 76' lang='grc' dir='ltr'>οὔτε</span> <span class='ocrx_word' id='word_1_269' title='bbox 1670 2657 1730 2723; x_wconf 80' lang='grc' dir='ltr'>ἐξ</span> <span class='ocrx_word' id='word_1_270' title='bbox 1761 2660 1889 2713; x_wconf 84' lang='grc' dir='ltr'>ἀδυ-</span> 
     </span>
    </p>
   </div>
   <div class='ocr_carea' id='block_1_33' title="bbox 292 2736 1886 2810">
    <p class='ocr_par' dir='ltr' id='par_1_33' title="bbox 292 2736 1886 2810">
     <span class='ocr_line' id='line_1_33' title="bbox 292 2736 1886 2810; baseline 0.01 -21"><span class='ocrx_word' id='word_1_271' title='bbox 292 2736 501 2806; x_wconf 86' lang='grc' dir='ltr'>ναμίας</span> <span class='ocrx_word' id='word_1_272' title='bbox 547 2738 829 2810; x_wconf 78' lang='grc' dir='ltr'>αἰσθητοῖς</span> <span class='ocrx_word' id='word_1_273' title='bbox 875 2742 1162 2797; x_wconf 88' lang='grc' dir='ltr'>ὑπόκειται</span> <span class='ocrx_word' id='word_1_274' title='bbox 1208 2745 1459 2802; x_wconf 87' lang='grc' dir='ltr'>πάθεσιν.</span> <span class='ocrx_word' id='word_1_275' title='bbox 1507 2746 1645 2802; x_wconf 73' lang='grc' dir='ltr'>Οὔτε</span> <span class='ocrx_word' id='word_1_276' title='bbox 1677 2750 1758 2803; x_wconf 85' lang='grc' dir='ltr'>δεῖ</span> <span class='ocrx_word' id='word_1_277' title='bbox 1788 2752 1886 2805; x_wconf 91' lang='grc' dir='ltr'>αὐ-</span> 
     </span>
    </p>
   </div>
   <div class='ocr_carea' id='block_1_34' title="bbox 291 2826 1883 2914">
    <p class='ocr_par' dir='ltr' id='par_1_34' title="bbox 291 2826 1883 2914">
     <span class='ocr_line' id='line_1_34' title="bbox 291 2826 1883 2914; baseline 0.012 -37"><span class='ocrx_word' id='word_1_278' title='bbox 291 2826 375 2895; x_wconf 84' lang='grc' dir='ltr'><strong>τῷ</strong></span> <span class='ocrx_word' id='word_1_279' title='bbox 419 2827 515 2880; x_wconf 79' lang='grc' dir='ltr'>τοῦ</span> <span class='ocrx_word' id='word_1_280' title='bbox 570 2830 784 2897; x_wconf 81' lang='grc' dir='ltr'>φωτὸς,</span> <span class='ocrx_word' id='word_1_281' title='bbox 843 2831 967 2886; x_wconf 78' lang='grc' dir='ltr'>οὒτε</span> <span class='ocrx_word' id='word_1_282' title='bbox 1010 2834 1352 2903; x_wconf 81' lang='grc' dir='ltr'>ἀλλοιοῦται,</span> <span class='ocrx_word' id='word_1_283' title='bbox 1398 2839 1523 2893; x_wconf 78' lang='grc' dir='ltr'>οὔτε</span> <span class='ocrx_word' id='word_1_284' title='bbox 1571 2841 1883 2914; x_wconf 80' lang='grc' dir='ltr'>φθείρεται·</span> 
     </span>
    </p>
   </div>
   <div class='ocr_carea' id='block_1_35' title="bbox 292 2917 1889 3003">
    <p class='ocr_par' dir='ltr' id='par_1_35' title="bbox 292 2917 1889 3003">
     <span class='ocr_line' id='line_1_35' title="bbox 292 2917 1889 3003; baseline 0.009 -32"><span class='ocrx_word' id='word_1_285' title='bbox 292 2917 655 2972; x_wconf 77' lang='grc' dir='ltr'>ἀναλλοίωτον</span> <span class='ocrx_word' id='word_1_286' title='bbox 687 2920 797 2993; x_wconf 81' lang='grc' dir='ltr'>γὰρ</span> <span class='ocrx_word' id='word_1_287' title='bbox 831 2924 924 2977; x_wconf 82' lang='grc' dir='ltr'>καὶ</span> <span class='ocrx_word' id='word_1_288' title='bbox 955 2924 1242 2981; x_wconf 87' lang='grc' dir='ltr'>ἀθάνατον.</span> <span class='ocrx_word' id='word_1_289' title='bbox 1295 2929 1430 2982; x_wconf 85' lang='grc' dir='ltr'>Οὐδὲ</span> <span class='ocrx_word' id='word_1_290' title='bbox 1474 2931 1742 3003; x_wconf 78' lang='grc' dir='ltr'>μερισμὸν</span> <span class='ocrx_word' id='word_1_291' title='bbox 1766 2932 1889 3001; x_wconf 87' lang='grc' dir='ltr'>ὑφί-</span> 
     </span>
    </p>
   </div>
   <div class='ocr_carea' id='block_1_36' title="bbox 295 3012 1889 3091">
    <p class='ocr_par' dir='ltr' id='par_1_36' title="bbox 295 3012 1889 3091">
     <span class='ocr_line' id='line_1_36' title="bbox 295 3012 1889 3091; baseline 0.011 -32"><span class='ocrx_word' id='word_1_292' title='bbox 295 3022 489 3062; x_wconf 89' lang='grc' dir='ltr'>σταται</span> <span class='ocrx_word' id='word_1_293' title='bbox 542 3012 600 3063; x_wconf 84' lang='grc' dir='ltr'>ὲν</span> <span class='ocrx_word' id='word_1_294' title='bbox 676 3012 754 3083; x_wconf 84' lang='grc' dir='ltr'><strong>τῷ</strong></span> <span class='ocrx_word' id='word_1_295' title='bbox 815 3013 916 3078; x_wconf 89' lang='grc' dir='ltr'>τὰς</span> <span class='ocrx_word' id='word_1_296' title='bbox 975 3019 1124 3088; x_wconf 91' lang='grc' dir='ltr'>τρεῖς</span> <span class='ocrx_word' id='word_1_297' title='bbox 1186 3017 1500 3091; x_wconf 80' lang='grc' dir='ltr'>ζωαρχικάς</span> <span class='ocrx_word' id='word_1_298' title='bbox 1561 3021 1889 3089; x_wconf 82' lang='grc' dir='ltr'>ὑποστάσεις</span> 
     </span>
    </p>
   </div>
   <div class='ocr_carea' id='block_1_37' title="bbox 1995 992 3576 1067">
    <p class='ocr_par' dir='ltr' id='par_1_37' title="bbox 1995 992 3576 1067">
     <span class='ocr_line' id='line_1_37' title="bbox 1995 992 3576 1067; baseline -0.006 -11"><span class='ocrx_word' id='word_1_299' title='bbox 1995 999 2296 1056; x_wconf 79' lang='lat' dir='ltr'><strong>auditorem</strong></span> <span class='ocrx_word' id='word_1_300' title='bbox 2320 1040 2335 1064; x_wconf 90' lang='lat'><strong>,</strong></span> <span class='ocrx_word' id='word_1_301' title='bbox 2368 1013 2436 1053; x_wconf 89' lang='lat' dir='ltr'><strong>ne</strong></span> <span class='ocrx_word' id='word_1_302' title='bbox 2464 998 2518 1051; x_wconf 93' lang='lat' dir='ltr'><strong>in</strong></span> <span class='ocrx_word' id='word_1_303' title='bbox 2546 996 2905 1067; x_wconf 88' lang='lat' dir='ltr'><strong>sequentibus</strong></span> <span class='ocrx_word' id='word_1_304' title='bbox 2938 992 3341 1066; x_wconf 81' lang='lat' dir='ltr'><strong>negationibus,</strong></span> <span class='ocrx_word' id='word_1_305' title='bbox 3359 993 3576 1062; x_wconf 81' lang='lat' dir='ltr'><strong>quando</strong></span> 
     </span>
    </p>
   </div>
   <div class='ocr_carea' id='block_1_38' title="bbox 1994 1082 3573 1161">
    <p class='ocr_par' dir='ltr' id='par_1_38' title="bbox 1994 1082 3573 1161">
     <span class='ocr_line' id='line_1_38' title="bbox 1994 1082 3573 1161; baseline -0.007 -14"><span class='ocrx_word' id='word_1_306' title='bbox 1994 1093 2125 1148; x_wconf 91' lang='lat' dir='ltr'><strong>dicit</strong></span> <span class='ocrx_word' id='word_1_307' title='bbox 2156 1111 2169 1147; x_wconf 90' lang='lat'><strong>:</strong></span> <span class='ocrx_word' id='word_1_308' title='bbox 2198 1092 2386 1161; x_wconf 88' lang='lat' dir='ltr'><strong>Neque</strong></span> <span class='ocrx_word' id='word_1_309' title='bbox 2426 1106 2628 1160; x_wconf 89' lang='lat' dir='ltr'><strong>corpus</strong></span> <span class='ocrx_word' id='word_1_310' title='bbox 2674 1099 2782 1155; x_wconf 88' lang='lat' dir='ltr'><strong>est,</strong></span> <span class='ocrx_word' id='word_1_311' title='bbox 2835 1101 3013 1159; x_wconf 91' lang='lat' dir='ltr'><strong>neque</strong></span> <span class='ocrx_word' id='word_1_312' title='bbox 3053 1088 3178 1151; x_wconf 91' lang='lat' dir='ltr'><strong>hoc,</strong></span> <span class='ocrx_word' id='word_1_313' title='bbox 3216 1100 3390 1155; x_wconf 90' lang='lat' dir='ltr'><strong>neque</strong></span> <span class='ocrx_word' id='word_1_314' title='bbox 3420 1082 3573 1147; x_wconf 88' lang='lat' dir='ltr'><strong>illud,</strong></span> 
     </span>
    </p>
   </div>
   <div class='ocr_carea' id='block_1_39' title="bbox 1992 1174 3574 1246">
    <p class='ocr_par' dir='ltr' id='par_1_39' title="bbox 1992 1174 3574 1246">
     <span class='ocr_line' id='line_1_39' title="bbox 1992 1174 3574 1246; baseline -0.006 -7"><span class='ocrx_word' id='word_1_315' title='bbox 1992 1186 2306 1240; x_wconf 79' lang='lat' dir='ltr'><strong>existiment</strong></span> <span class='ocrx_word' id='word_1_316' title='bbox 2336 1184 2506 1238; x_wconf 88' lang='lat' dir='ltr'><strong>Deum</strong></span> <span class='ocrx_word' id='word_1_317' title='bbox 2538 1182 2762 1238; x_wconf 90' lang='lat' dir='ltr'><strong>omnino</strong></span> <span class='ocrx_word' id='word_1_318' title='bbox 2787 1196 2895 1237; x_wconf 89' lang='lat' dir='ltr'><strong>non</strong></span> <span class='ocrx_word' id='word_1_319' title='bbox 2927 1194 3071 1236; x_wconf 87' lang='lat' dir='ltr'><strong>esse.</strong></span> <span class='ocrx_word' id='word_1_320' title='bbox 3107 1178 3213 1233; x_wconf 89' lang='lat' dir='ltr'><strong>Sed</strong></span> <span class='ocrx_word' id='word_1_321' title='bbox 3244 1178 3297 1233; x_wconf 91' lang='lat' dir='ltr'><strong>in</strong></span> <span class='ocrx_word' id='word_1_322' title='bbox 3329 1176 3415 1232; x_wconf 88' lang='lat' dir='ltr'><strong>bis</strong></span> <span class='ocrx_word' id='word_1_323' title='bbox 3448 1174 3574 1246; x_wconf 89' lang='lat' dir='ltr'><strong>qui-</strong></span> 
     </span>
    </p>
   </div>
   <div class='ocr_carea' id='block_1_40' title="bbox 1994 1270 3574 1347">
    <p class='ocr_par' dir='ltr' id='par_1_40' title="bbox 1994 1270 3574 1347">
     <span class='ocr_line' id='line_1_40' title="bbox 1994 1270 3574 1347; baseline -0.008 -13"><span class='ocrx_word' id='word_1_324' title='bbox 1994 1277 2114 1334; x_wconf 87' lang='lat' dir='ltr'><strong>dem</strong></span> <span class='ocrx_word' id='word_1_325' title='bbox 2172 1275 2347 1347; x_wconf 89' lang='lat' dir='ltr'><strong>ipsum</strong></span> <span class='ocrx_word' id='word_1_326' title='bbox 2382 1275 2639 1345; x_wconf 88' lang='lat' dir='ltr'><strong>supponit</strong></span> <span class='ocrx_word' id='word_1_327' title='bbox 2676 1287 2801 1329; x_wconf 87' lang='lat' dir='ltr'><strong>esse</strong></span> <span class='ocrx_word' id='word_1_328' title='bbox 2837 1287 2854 1330; x_wconf 88' lang='lat'><strong>:</strong></span> <span class='ocrx_word' id='word_1_329' title='bbox 2890 1287 3014 1327; x_wconf 90' lang='lat' dir='ltr'><strong>cum</strong></span> <span class='ocrx_word' id='word_1_330' title='bbox 3054 1270 3199 1327; x_wconf 90' lang='lat' dir='ltr'><strong>enim</strong></span> <span class='ocrx_word' id='word_1_331' title='bbox 3229 1270 3454 1335; x_wconf 89' lang='lat' dir='ltr'><strong>diceret,</strong></span> <span class='ocrx_word' id='word_1_332' title='bbox 3480 1284 3574 1322; x_wconf 86' lang='lat' dir='ltr'><strong>ne-</strong></span> 
     </span>
    </p>
   </div>
   <div class='ocr_carea' id='block_1_41' title="bbox 1991 1363 3577 1440">
    <p class='ocr_par' dir='ltr' id='par_1_41' title="bbox 1991 1363 3577 1440">
     <span class='ocr_line' id='line_1_41' title="bbox 1991 1363 3577 1440; baseline -0.004 -19"><span class='ocrx_word' id='word_1_333' title='bbox 1991 1386 2091 1440; x_wconf 82' lang='lat' dir='ltr'><strong>que</strong></span> <span class='ocrx_word' id='word_1_334' title='bbox 2118 1368 2342 1423; x_wconf 75' lang='lat' dir='ltr'><strong>essentia</strong></span> <span class='ocrx_word' id='word_1_335' title='bbox 2372 1383 2551 1422; x_wconf 82' lang='lat' dir='ltr'><strong>carere</strong></span> <span class='ocrx_word' id='word_1_336' title='bbox 2574 1409 2590 1436; x_wconf 92' lang='lat'><strong>,</strong></span> <span class='ocrx_word' id='word_1_337' title='bbox 2651 1365 2946 1423; x_wconf 83' lang='lat' dir='ltr'><strong>essentiam</strong></span> <span class='ocrx_word' id='word_1_338' title='bbox 2990 1363 3369 1434; x_wconf 71' lang='lat' dir='ltr'><strong>significabat;</strong></span> <span class='ocrx_word' id='word_1_339' title='bbox 3414 1375 3577 1430; x_wconf 82' lang='lat' dir='ltr'><strong>neque</strong></span> 
     </span>
    </p>
   </div>
   <div class='ocr_carea' id='block_1_42' title="bbox 1990 1453 3580 1532">
    <p class='ocr_par' dir='ltr' id='par_1_42' title="bbox 1990 1453 3580 1532">
     <span class='ocr_line' id='line_1_42' title="bbox 1990 1453 3580 1532; baseline -0.008 -14"><span class='ocrx_word' id='word_1_340' title='bbox 1990 1463 2095 1518; x_wconf 74' lang='lat' dir='ltr'><strong>vita</strong></span> <span class='ocrx_word' id='word_1_341' title='bbox 2125 1460 2284 1532; x_wconf 80' lang='lat'><strong>5&#39;71</strong></span> <span class='ocrx_word' id='word_1_342' title='bbox 2309 1475 2489 1515; x_wconf 80' lang='lat' dir='ltr'><strong>carere</strong></span> <span class='ocrx_word' id='word_1_343' title='bbox 2508 1499 2523 1527; x_wconf 96' lang='lat'><strong>,</strong></span> <span class='ocrx_word' id='word_1_344' title='bbox 2552 1460 2719 1516; x_wconf 91' lang='lat' dir='ltr'><strong>vitam</strong></span> <span class='ocrx_word' id='word_1_345' title='bbox 2748 1458 3066 1517; x_wconf 88' lang='lat' dir='ltr'><strong>declarabat</strong></span> <span class='ocrx_word' id='word_1_346' title='bbox 3091 1474 3107 1523; x_wconf 90' lang='lat'><strong>;</strong></span> <span class='ocrx_word' id='word_1_347' title='bbox 3152 1471 3317 1527; x_wconf 82' lang='lat' dir='ltr'><strong>neque</strong></span> <span class='ocrx_word' id='word_1_348' title='bbox 3366 1453 3580 1507; x_wconf 87' lang='lat' dir='ltr'><strong>irratio-</strong></span> 
     </span>
    </p>
   </div>
   <div class='ocr_carea' id='block_1_43' title="bbox 1992 1552 3576 1625">
    <p class='ocr_par' dir='ltr' id='par_1_43' title="bbox 1992 1552 3576 1625">
     <span class='ocr_line' id='line_1_43' title="bbox 1992 1552 3576 1625; baseline -0.006 -18"><span class='ocrx_word' id='word_1_349' title='bbox 1992 1553 2163 1607; x_wconf 89' lang='lat' dir='ltr'><strong>nalem</strong></span> <span class='ocrx_word' id='word_1_350' title='bbox 2196 1567 2341 1621; x_wconf 78' lang='lat' dir='ltr'><strong>esse,</strong></span> <span class='ocrx_word' id='word_1_351' title='bbox 2387 1553 2657 1625; x_wconf 84' lang='lat' dir='ltr'><strong>rationem</strong></span> <span class='ocrx_word' id='word_1_352' title='bbox 2694 1552 3143 1619; x_wconf 87' lang='lat' dir='ltr'><strong>demonstrabat;</strong></span> <span class='ocrx_word' id='word_1_353' title='bbox 3184 1564 3348 1619; x_wconf 89' lang='lat' dir='ltr'><strong>neque</strong></span> <span class='ocrx_word' id='word_1_354' title='bbox 3391 1561 3576 1600; x_wconf 88' lang='lat' dir='ltr'><strong>amen-</strong></span> 
     </span>
    </p>
   </div>
   <div class='ocr_carea' id='block_1_44' title="bbox 1992 1638 3595 1710">
    <p class='ocr_par' dir='ltr' id='par_1_44' title="bbox 1992 1638 3595 1710">
     <span class='ocr_line' id='line_1_44' title="bbox 1992 1638 3595 1710; baseline -0.005 -12"><span class='ocrx_word' id='word_1_355' title='bbox 1992 1654 2093 1699; x_wconf 85' lang='lat' dir='ltr'><strong>tem</strong></span> <span class='ocrx_word' id='word_1_356' title='bbox 2116 1646 2388 1710; x_wconf 75' lang='lat' dir='ltr'><strong>exsistere,</strong></span> <span class='ocrx_word' id='word_1_357' title='bbox 2415 1652 2654 1701; x_wconf 87' lang='lat' dir='ltr'><strong>mentem</strong></span> <span class='ocrx_word' id='word_1_358' title='bbox 2701 1644 3110 1702; x_wconf 82' lang='lat' dir='ltr'><strong>manifestabat.</strong></span> <span class='ocrx_word' id='word_1_359' title='bbox 3167 1640 3225 1695; x_wconf 87' lang='lat' dir='ltr'><strong>In</strong></span> <span class='ocrx_word' id='word_1_360' title='bbox 3268 1641 3355 1695; x_wconf 90' lang='lat' dir='ltr'><strong>his</strong></span> <span class='ocrx_word' id='word_1_361' title='bbox 3392 1638 3595 1707; x_wconf 74' lang='lat' dir='ltr'><strong>itaque,</strong></span> 
     </span>
    </p>
   </div>
   <div class='ocr_carea' id='block_1_45' title="bbox 1993 1735 3574 1807">
    <p class='ocr_par' dir='ltr' id='par_1_45' title="bbox 1993 1735 3574 1807">
     <span class='ocr_line' id='line_1_45' title="bbox 1993 1735 3574 1807; baseline -0.008 -14"><span class='ocrx_word' id='word_1_362' title='bbox 1993 1752 2305 1807; x_wconf 90' lang='lat' dir='ltr'><strong>supponens</strong></span> <span class='ocrx_word' id='word_1_363' title='bbox 2348 1739 2524 1807; x_wconf 90' lang='lat' dir='ltr'><strong>ipsum</strong></span> <span class='ocrx_word' id='word_1_364' title='bbox 2564 1750 2709 1800; x_wconf 88' lang='lat' dir='ltr'><strong>esse.</strong></span> <span class='ocrx_word' id='word_1_365' title='bbox 2746 1735 2802 1791; x_wconf 89' lang='lat' dir='ltr'><strong>in</strong></span> <span class='ocrx_word' id='word_1_366' title='bbox 2844 1736 2910 1792; x_wconf 92' lang='lat' dir='ltr'><strong>iis</strong></span> <span class='ocrx_word' id='word_1_367' title='bbox 2940 1751 3060 1805; x_wconf 69' lang='lat' dir='ltr'><strong>qua:</strong></span> <span class='ocrx_word' id='word_1_368' title='bbox 3090 1741 3418 1803; x_wconf 85' lang='lat' dir='ltr'><strong>sequuntur,</strong></span> <span class='ocrx_word' id='word_1_369' title='bbox 3450 1741 3574 1784; x_wconf 90' lang='lat' dir='ltr'><strong>cum</strong></span> 
     </span>
    </p>
   </div>
   <div class='ocr_carea' id='block_1_46' title="bbox 1991 1822 3578 1898">
    <p class='ocr_par' dir='ltr' id='par_1_46' title="bbox 1991 1822 3578 1898">
     <span class='ocr_line' id='line_1_46' title="bbox 1991 1822 3578 1898; baseline -0.008 -13"><span class='ocrx_word' id='word_1_370' title='bbox 1991 1830 2124 1885; x_wconf 84' lang='lat' dir='ltr'><strong>dicit</strong></span> <span class='ocrx_word' id='word_1_371' title='bbox 2150 1842 2374 1898; x_wconf 85' lang='lat' dir='ltr'><strong>corpus,</strong></span> <span class='ocrx_word' id='word_1_372' title='bbox 2403 1837 2460 1883; x_wconf 90' lang='lat' dir='ltr'><strong>et</strong></span> <span class='ocrx_word' id='word_1_373' title='bbox 2487 1837 2709 1893; x_wconf 73' lang='lat' dir='ltr'><strong>czetera,</strong></span> <span class='ocrx_word' id='word_1_374' title='bbox 2733 1826 3031 1882; x_wconf 90' lang='lat' dir='ltr'><strong>secundum</strong></span> <span class='ocrx_word' id='word_1_375' title='bbox 3070 1822 3206 1879; x_wconf 91' lang='lat' dir='ltr'><strong>nihil</strong></span> <span class='ocrx_word' id='word_1_376' title='bbox 3234 1834 3422 1879; x_wconf 89' lang='lat' dir='ltr'><strong>eorum</strong></span> <span class='ocrx_word' id='word_1_377' title='bbox 3455 1832 3578 1887; x_wconf 74' lang='lat' dir='ltr'><strong>quas</strong></span> 
     </span>
    </p>
   </div>
   <div class='ocr_carea' id='block_1_47' title="bbox 1989 1910 3580 1989">
    <p class='ocr_par' dir='ltr' id='par_1_47' title="bbox 1989 1910 3580 1989">
     <span class='ocr_line' id='line_1_47' title="bbox 1989 1910 3580 1989; baseline -0.008 -15"><span class='ocrx_word' id='word_1_378' title='bbox 1989 1921 2282 1988; x_wconf 77' lang='lat' dir='ltr'><strong>exsistunt,</strong></span> <span class='ocrx_word' id='word_1_379' title='bbox 2312 1933 2454 1987; x_wconf 89' lang='lat' dir='ltr'><strong>esse,</strong></span> <span class='ocrx_word' id='word_1_380' title='bbox 2475 1920 2571 1976; x_wconf 87' lang='lat' dir='ltr'><strong>sed</strong></span> <span class='ocrx_word' id='word_1_381' title='bbox 2595 1933 2760 1989; x_wconf 89' lang='lat' dir='ltr'><strong>supra</strong></span> <span class='ocrx_word' id='word_1_382' title='bbox 2792 1916 3154 1973; x_wconf 87' lang='lat' dir='ltr'><strong>substantiam</strong></span> <span class='ocrx_word' id='word_1_383' title='bbox 3188 1927 3311 1969; x_wconf 92' lang='lat' dir='ltr'><strong>esse</strong></span> <span class='ocrx_word' id='word_1_384' title='bbox 3334 1910 3580 1966; x_wconf 64' lang='lat' dir='ltr'><strong>insinua.-</strong></span> 
     </span>
    </p>
   </div>
   <div class='ocr_carea' id='block_1_48' title="bbox 1988 2002 3577 2081">
    <p class='ocr_par' dir='ltr' id='par_1_48' title="bbox 1988 2002 3577 2081">
     <span class='ocr_line' id='line_1_48' title="bbox 1988 2002 3577 2081; baseline -0.007 -16"><span class='ocrx_word' id='word_1_385' title='bbox 1988 2012 2103 2079; x_wconf 88' lang='lat' dir='ltr'><strong>vit;</strong></span> <span class='ocrx_word' id='word_1_386' title='bbox 2150 2011 2297 2081; x_wconf 92' lang='lat' dir='ltr'><strong>quod</strong></span> <span class='ocrx_word' id='word_1_387' title='bbox 2331 2012 2477 2065; x_wconf 91' lang='lat' dir='ltr'><strong>enim</strong></span> <span class='ocrx_word' id='word_1_388' title='bbox 2513 2026 2621 2065; x_wconf 87' lang='lat' dir='ltr'><strong>nun</strong></span> <span class='ocrx_word' id='word_1_389' title='bbox 2643 2019 2752 2077; x_wconf 89' lang='lat' dir='ltr'><strong>est,</strong></span> <span class='ocrx_word' id='word_1_390' title='bbox 2791 2009 2849 2065; x_wconf 90' lang='lat' dir='ltr'><strong>id</strong></span> <span class='ocrx_word' id='word_1_391' title='bbox 2882 2008 3120 2064; x_wconf 90' lang='lat' dir='ltr'><strong>essentia</strong></span> <span class='ocrx_word' id='word_1_392' title='bbox 3157 2014 3327 2060; x_wconf 90' lang='lat' dir='ltr'><strong>caret.</strong></span> <span class='ocrx_word' id='word_1_393' title='bbox 3361 2002 3429 2057; x_wconf 88' lang='lat' dir='ltr'><strong>Et</strong></span> <span class='ocrx_word' id='word_1_394' title='bbox 3453 2015 3577 2056; x_wconf 89' lang='lat' dir='ltr'><strong>rur-</strong></span> 
     </span>
    </p>
   </div>
   <div class='ocr_carea' id='block_1_49' title="bbox 1989 2092 3579 2171">
    <p class='ocr_par' dir='ltr' id='par_1_49' title="bbox 1989 2092 3579 2171">
     <span class='ocr_line' id='line_1_49' title="bbox 1989 2092 3579 2171; baseline -0.007 -15"><span class='ocrx_word' id='word_1_395' title='bbox 1989 2116 2108 2156; x_wconf 86' lang='lat' dir='ltr'><strong>sum</strong></span> <span class='ocrx_word' id='word_1_396' title='bbox 2148 2101 2203 2156; x_wconf 89' lang='lat' dir='ltr'><strong>id</strong></span> <span class='ocrx_word' id='word_1_397' title='bbox 2237 2101 2381 2171; x_wconf 93' lang='lat' dir='ltr'><strong>quod</strong></span> <span class='ocrx_word' id='word_1_398' title='bbox 2424 2116 2533 2156; x_wconf 88' lang='lat' dir='ltr'><strong>non</strong></span> <span class='ocrx_word' id='word_1_399' title='bbox 2567 2114 2785 2170; x_wconf 85' lang='lat' dir='ltr'><strong>corpus,</strong></span> <span class='ocrx_word' id='word_1_400' title='bbox 2833 2100 2933 2155; x_wconf 88' lang='lat' dir='ltr'><strong>sed</strong></span> <span class='ocrx_word' id='word_1_401' title='bbox 2970 2113 3134 2167; x_wconf 87' lang='lat' dir='ltr'><strong>supra</strong></span> <span class='ocrx_word' id='word_1_402' title='bbox 3160 2108 3377 2151; x_wconf 91' lang='lat' dir='ltr'><strong>omnem</strong></span> <span class='ocrx_word' id='word_1_403' title='bbox 3414 2092 3579 2146; x_wconf 89' lang='lat' dir='ltr'><strong>aliam</strong></span> 
     </span>
    </p>
   </div>
   <div class='ocr_carea' id='block_1_50' title="bbox 1988 2184 3578 2259">
    <p class='ocr_par' dir='ltr' id='par_1_50' title="bbox 1988 2184 3578 2259">
     <span class='ocr_line' id='line_1_50' title="bbox 1988 2184 3578 2259; baseline -0.009 -8"><span class='ocrx_word' id='word_1_404' title='bbox 1988 2196 2344 2251; x_wconf 83' lang='lat' dir='ltr'><strong>substantiam</strong></span> <span class='ocrx_word' id='word_1_405' title='bbox 2370 2195 2610 2259; x_wconf 81' lang='lat' dir='ltr'><strong>exsistit,</strong></span> <span class='ocrx_word' id='word_1_406' title='bbox 2631 2194 2686 2248; x_wconf 88' lang='lat' dir='ltr'><strong>id</strong></span> <span class='ocrx_word' id='word_1_407' title='bbox 2721 2202 2777 2248; x_wconf 91' lang='lat' dir='ltr'><strong>et</strong></span> <span class='ocrx_word' id='word_1_408' title='bbox 2799 2200 2909 2259; x_wconf 87' lang='lat' dir='ltr'><strong>est,</strong></span> <span class='ocrx_word' id='word_1_409' title='bbox 2941 2199 2999 2245; x_wconf 92' lang='lat' dir='ltr'><strong>et</strong></span> <span class='ocrx_word' id='word_1_410' title='bbox 3024 2204 3187 2258; x_wconf 88' lang='lat' dir='ltr'><strong>supra</strong></span> <span class='ocrx_word' id='word_1_411' title='bbox 3212 2184 3578 2243; x_wconf 88' lang='lat' dir='ltr'><strong>substantiam</strong></span> 
     </span>
    </p>
   </div>
   <div class='ocr_carea' id='block_1_51' title="bbox 1988 2279 3579 2355">
    <p class='ocr_par' dir='ltr' id='par_1_51' title="bbox 1988 2279 3579 2355">
     <span class='ocr_line' id='line_1_51' title="bbox 1988 2279 3579 2355; baseline -0.008 -12"><span class='ocrx_word' id='word_1_412' title='bbox 1988 2286 2243 2343; x_wconf 87' lang='lat' dir='ltr'><strong>est.C.um</strong></span> <span class='ocrx_word' id='word_1_413' title='bbox 2270 2302 2399 2342; x_wconf 85' lang='lat' dir='ltr'><strong>vero</strong></span> <span class='ocrx_word' id='word_1_414' title='bbox 2428 2287 2594 2342; x_wconf 90' lang='lat' dir='ltr'><strong>dicit:</strong></span> <span class='ocrx_word' id='word_1_415' title='bbox 2616 2284 2801 2355; x_wconf 83' lang='lat' dir='ltr'><strong>Neque</strong></span> <span class='ocrx_word' id='word_1_416' title='bbox 2824 2297 3019 2353; x_wconf 90' lang='lat' dir='ltr'><strong>corpus</strong></span> <span class='ocrx_word' id='word_1_417' title='bbox 3041 2289 3147 2347; x_wconf 91' lang='lat' dir='ltr'><strong>est,</strong></span> <span class='ocrx_word' id='word_1_418' title='bbox 3169 2280 3307 2334; x_wconf 93' lang='lat' dir='ltr'><strong>tollit</strong></span> <span class='ocrx_word' id='word_1_419' title='bbox 3327 2279 3491 2333; x_wconf 86' lang='lat' dir='ltr'><strong>etiam</strong></span> <span class='ocrx_word' id='word_1_420' title='bbox 3514 2291 3579 2331; x_wconf 89' lang='lat' dir='ltr'><strong>ea</strong></span> 
     </span>
    </p>
   </div>
   <div class='ocr_carea' id='block_1_52' title="bbox 1989 2367 3576 2448">
    <p class='ocr_par' dir='ltr' id='par_1_52' title="bbox 1989 2367 3576 2448">
     <span class='ocr_line' id='line_1_52' title="bbox 1989 2367 3576 2448; baseline -0.009 -15"><span class='ocrx_word' id='word_1_421' title='bbox 1989 2394 2110 2448; x_wconf 75' lang='lat' dir='ltr'><strong>qua:</strong></span> <span class='ocrx_word' id='word_1_422' title='bbox 2128 2379 2274 2433; x_wconf 88' lang='lat' dir='ltr'><strong>circa</strong></span> <span class='ocrx_word' id='word_1_423' title='bbox 2304 2380 2674 2448; x_wconf 55' lang='lat' dir='ltr'><strong>corpusﬁunt;</strong></span> <span class='ocrx_word' id='word_1_424' title='bbox 2699 2376 2970 2445; x_wconf 87' lang='lat' dir='ltr'><strong>siquidem</strong></span> <span class='ocrx_word' id='word_1_425' title='bbox 2994 2385 3050 2430; x_wconf 90' lang='lat' dir='ltr'><strong>et</strong></span> <span class='ocrx_word' id='word_1_426' title='bbox 3074 2374 3270 2443; x_wconf 84' lang='lat' dir='ltr'><strong>ﬁgura,</strong></span> <span class='ocrx_word' id='word_1_427' title='bbox 3300 2378 3356 2425; x_wconf 89' lang='lat' dir='ltr'><strong>et</strong></span> <span class='ocrx_word' id='word_1_428' title='bbox 3384 2367 3576 2433; x_wconf 77' lang='lat' dir='ltr'><strong>forma,</strong></span> 
     </span>
    </p>
   </div>
   <div class='ocr_carea' id='block_1_53' title="bbox 1988 2462 3581 2541">
    <p class='ocr_par' dir='ltr' id='par_1_53' title="bbox 1988 2462 3581 2541">
     <span class='ocr_line' id='line_1_53' title="bbox 1988 2462 3581 2541; baseline -0.008 -15"><span class='ocrx_word' id='word_1_429' title='bbox 1988 2481 2044 2526; x_wconf 90' lang='lat' dir='ltr'><strong>et</strong></span> <span class='ocrx_word' id='word_1_430' title='bbox 2069 2470 2393 2541; x_wconf 90' lang='lat' dir='ltr'><strong>quantitate,</strong></span> <span class='ocrx_word' id='word_1_431' title='bbox 2412 2478 2469 2525; x_wconf 88' lang='lat' dir='ltr'><strong>et</strong></span> <span class='ocrx_word' id='word_1_432' title='bbox 2494 2470 2781 2541; x_wconf 89' lang='lat' dir='ltr'><strong>qualitate,</strong></span> <span class='ocrx_word' id='word_1_433' title='bbox 2799 2477 2856 2523; x_wconf 91' lang='lat' dir='ltr'><strong>et</strong></span> <span class='ocrx_word' id='word_1_434' title='bbox 2890 2467 3031 2523; x_wconf 90' lang='lat' dir='ltr'><strong>mole</strong></span> <span class='ocrx_word' id='word_1_435' title='bbox 3059 2474 3230 2522; x_wconf 89' lang='lat' dir='ltr'><strong>caret.</strong></span> <span class='ocrx_word' id='word_1_436' title='bbox 3264 2462 3371 2519; x_wconf 85' lang='lat' dir='ltr'><strong>Sed</strong></span> <span class='ocrx_word' id='word_1_437' title='bbox 3401 2474 3581 2530; x_wconf 84' lang='lat' dir='ltr'><strong>neque</strong></span> 
     </span>
    </p>
   </div>
   <div class='ocr_carea' id='block_1_54' title="bbox 1990 2550 3582 2630">
    <p class='ocr_par' dir='ltr' id='par_1_54' title="bbox 1990 2550 3582 2630">
     <span class='ocr_line' id='line_1_54' title="bbox 1990 2550 3582 2630; baseline -0.008 -13"><span class='ocrx_word' id='word_1_438' title='bbox 1990 2562 2044 2617; x_wconf 94' lang='lat' dir='ltr'><strong>in</strong></span> <span class='ocrx_word' id='word_1_439' title='bbox 2086 2562 2210 2618; x_wconf 86' lang='lat' dir='ltr'><strong>loco</strong></span> <span class='ocrx_word' id='word_1_440' title='bbox 2248 2572 2363 2630; x_wconf 89' lang='lat' dir='ltr'><strong>est;</strong></span> <span class='ocrx_word' id='word_1_441' title='bbox 2391 2575 2555 2618; x_wconf 90' lang='lat' dir='ltr'><strong>omne</strong></span> <span class='ocrx_word' id='word_1_442' title='bbox 2600 2561 2749 2617; x_wconf 88' lang='lat' dir='ltr'><strong>enim</strong></span> <span class='ocrx_word' id='word_1_443' title='bbox 2801 2559 2947 2629; x_wconf 89' lang='lat' dir='ltr'><strong>quod</strong></span> <span class='ocrx_word' id='word_1_444' title='bbox 2990 2554 3485 2616; x_wconf 87' lang='lat' dir='ltr'><strong>circumscribitur,</strong></span> <span class='ocrx_word' id='word_1_445' title='bbox 3527 2550 3582 2605; x_wconf 87' lang='lat' dir='ltr'><strong>id</strong></span> 
     </span>
    </p>
   </div>
   <div class='ocr_carea' id='block_1_55' title="bbox 1989 2644 3576 2725">
    <p class='ocr_par' dir='ltr' id='par_1_55' title="bbox 1989 2644 3576 2725">
     <span class='ocr_line' id='line_1_55' title="bbox 1989 2644 3576 2725; baseline -0.008 -15"><span class='ocrx_word' id='word_1_446' title='bbox 1989 2665 2075 2712; x_wconf 89' lang='lat' dir='ltr'><strong>est</strong></span> <span class='ocrx_word' id='word_1_447' title='bbox 2104 2655 2161 2710; x_wconf 90' lang='lat' dir='ltr'><strong>in</strong></span> <span class='ocrx_word' id='word_1_448' title='bbox 2192 2654 2337 2722; x_wconf 92' lang='lat' dir='ltr'><strong>loco,</strong></span> <span class='ocrx_word' id='word_1_449' title='bbox 2362 2654 2620 2725; x_wconf 90' lang='lat' dir='ltr'><strong>quoniam</strong></span> <span class='ocrx_word' id='word_1_450' title='bbox 2651 2653 2807 2709; x_wconf 90' lang='lat' dir='ltr'><strong>locus</strong></span> <span class='ocrx_word' id='word_1_451' title='bbox 2827 2661 2914 2708; x_wconf 89' lang='lat' dir='ltr'><strong>est</strong></span> <span class='ocrx_word' id='word_1_452' title='bbox 2938 2650 3206 2708; x_wconf 90' lang='lat' dir='ltr'><strong>terminus</strong></span> <span class='ocrx_word' id='word_1_453' title='bbox 3230 2644 3576 2703; x_wconf 85' lang='lat' dir='ltr'><strong>continentis.</strong></span> 
     </span>
    </p>
   </div>
   <div class='ocr_carea' id='block_1_56' title="bbox 1993 2736 3579 2818">
    <p class='ocr_par' dir='ltr' id='par_1_56' title="bbox 1993 2736 3579 2818">
     <span class='ocr_line' id='line_1_56' title="bbox 1993 2736 3579 2818; baseline -0.008 -16"><span class='ocrx_word' id='word_1_454' title='bbox 1993 2748 2135 2804; x_wconf 91' lang='lat' dir='ltr'><strong>Deus</strong></span> <span class='ocrx_word' id='word_1_455' title='bbox 2158 2756 2336 2803; x_wconf 89' lang='lat' dir='ltr'><strong>autem</strong></span> <span class='ocrx_word' id='word_1_456' title='bbox 2355 2746 2449 2817; x_wconf 90' lang='lat' dir='ltr'><strong>qui</strong></span> <span class='ocrx_word' id='word_1_457' title='bbox 2467 2747 2668 2818; x_wconf 89' lang='lat' dir='ltr'><strong>ubique</strong></span> <span class='ocrx_word' id='word_1_458' title='bbox 2694 2759 2938 2816; x_wconf 84' lang='lat' dir='ltr'><strong>praesens</strong></span> <span class='ocrx_word' id='word_1_459' title='bbox 2961 2752 3069 2808; x_wconf 90' lang='lat' dir='ltr'><strong>est,</strong></span> <span class='ocrx_word' id='word_1_460' title='bbox 3087 2750 3146 2798; x_wconf 91' lang='lat' dir='ltr'><strong>et</strong></span> <span class='ocrx_word' id='word_1_461' title='bbox 3170 2739 3358 2810; x_wconf 89' lang='lat' dir='ltr'><strong>implet</strong></span> <span class='ocrx_word' id='word_1_462' title='bbox 3376 2736 3579 2802; x_wconf 89' lang='lat' dir='ltr'><strong>omnia,</strong></span> 
     </span>
    </p>
   </div>
   <div class='ocr_carea' id='block_1_57' title="bbox 1990 2836 3581 2907">
    <p class='ocr_par' dir='ltr' id='par_1_57' title="bbox 1990 2836 3581 2907">
     <span class='ocr_line' id='line_1_57' title="bbox 1990 2836 3581 2907; baseline -0.008 -13"><span class='ocrx_word' id='word_1_463' title='bbox 1990 2856 2021 2894; x_wconf 88' lang='lat' dir='ltr'><strong>a</strong></span> <span class='ocrx_word' id='word_1_464' title='bbox 2055 2839 2202 2895; x_wconf 92' lang='lat' dir='ltr'><strong>nullo</strong></span> <span class='ocrx_word' id='word_1_465' title='bbox 2228 2841 2561 2905; x_wconf 87' lang='lat' dir='ltr'><strong>continetur,</strong></span> <span class='ocrx_word' id='word_1_466' title='bbox 2590 2837 2685 2893; x_wconf 89' lang='lat' dir='ltr'><strong>sed</strong></span> <span class='ocrx_word' id='word_1_467' title='bbox 2706 2851 2890 2907; x_wconf 85' lang='lat' dir='ltr'><strong>neque</strong></span> <span class='ocrx_word' id='word_1_468' title='bbox 2917 2836 3157 2901; x_wconf 88' lang='lat' dir='ltr'><strong>videtur,</strong></span> <span class='ocrx_word' id='word_1_469' title='bbox 3176 2844 3352 2903; x_wconf 91' lang='lat' dir='ltr'><strong>neque</strong></span> <span class='ocrx_word' id='word_1_470' title='bbox 3377 2838 3581 2884; x_wconf 87' lang='lat' dir='ltr'><strong>tactum</strong></span> 
     </span>
    </p>
   </div>
   <div class='ocr_carea' id='block_1_58' title="bbox 1996 2925 3583 3005">
    <p class='ocr_par' dir='ltr' id='par_1_58' title="bbox 1996 2925 3583 3005">
     <span class='ocr_line' id='line_1_58' title="bbox 1996 2925 3583 3005; baseline -0.009 -15"><span class='ocrx_word' id='word_1_471' title='bbox 1996 2936 2181 3003; x_wconf 89' lang='lat' dir='ltr'><strong>habet,</strong></span> <span class='ocrx_word' id='word_1_472' title='bbox 2212 2934 2340 3005; x_wconf 90' lang='lat' dir='ltr'><strong>quia</strong></span> <span class='ocrx_word' id='word_1_473' title='bbox 2386 2948 2562 3003; x_wconf 90' lang='lat' dir='ltr'><strong>neque</strong></span> <span class='ocrx_word' id='word_1_474' title='bbox 2609 2930 2885 2988; x_wconf 89' lang='lat' dir='ltr'><strong>sensibilis</strong></span> <span class='ocrx_word' id='word_1_475' title='bbox 2924 2929 3157 2985; x_wconf 77' lang='lat' dir='ltr'><strong>exsistit.</strong></span> <span class='ocrx_word' id='word_1_476' title='bbox 3180 2926 3407 2999; x_wconf 89' lang='lat' dir='ltr'><strong>(sensus</strong></span> <span class='ocrx_word' id='word_1_477' title='bbox 3437 2925 3583 2979; x_wconf 89' lang='lat' dir='ltr'><strong>enim</strong></span> 
     </span>
    </p>
   </div>
   <div class='ocr_carea' id='block_1_59' title="bbox 1992 3019 3579 3095">
    <p class='ocr_par' dir='ltr' id='par_1_59' title="bbox 1992 3019 3579 3095">
     <span class='ocr_line' id='line_1_59' title="bbox 1992 3019 3579 3095; baseline -0.008 -12"><span class='ocrx_word' id='word_1_478' title='bbox 1992 3028 2142 3083; x_wconf 89' lang='lat' dir='ltr'><strong>circa</strong></span> <span class='ocrx_word' id='word_1_479' title='bbox 2169 3042 2234 3083; x_wconf 91' lang='lat' dir='ltr'><strong>ea</strong></span> <span class='ocrx_word' id='word_1_480' title='bbox 2262 3034 2556 3082; x_wconf 78' lang='lat' dir='ltr'><strong>versantur</strong></span> <span class='ocrx_word' id='word_1_481' title='bbox 2577 3040 2701 3095; x_wconf 78' lang='lat' dir='ltr'><strong>quae</strong></span> <span class='ocrx_word' id='word_1_482' title='bbox 2727 3023 3068 3093; x_wconf 90' lang='lat' dir='ltr'><strong>sentiuntur)</strong></span> <span class='ocrx_word' id='word_1_483' title='bbox 3097 3035 3279 3091; x_wconf 88' lang='lat' dir='ltr'><strong>neque</strong></span> <span class='ocrx_word' id='word_1_484' title='bbox 3308 3019 3579 3081; x_wconf 86' lang='lat' dir='ltr'><strong>sentitur;</strong></span> 
     </span>
    </p>
   </div>
   <div class='ocr_carea' id='block_1_60' title="bbox 298 3098 1888 3208">
    <p class='ocr_par' dir='ltr' id='par_1_60' title="bbox 298 3098 1884 3186">
     <span class='ocr_line' id='line_1_60' title="bbox 298 3098 1884 3186; baseline 0.012 -36"><span class='ocrx_word' id='word_1_485' title='bbox 298 3098 721 3167; x_wconf 81' lang='grc' dir='ltr'>ἰδιοῡποστάτιος</span> <span class='ocrx_word' id='word_1_486' title='bbox 753 3100 894 3160; x_wconf 77' lang='grc' dir='ltr'>εἶναί</span> <span class='ocrx_word' id='word_1_487' title='bbox 920 3125 980 3161; x_wconf 91' lang='grc' dir='ltr'><strong>τε</strong></span> <span class='ocrx_word' id='word_1_488' title='bbox 1012 3109 1106 3162; x_wconf 81' lang='grc' dir='ltr'><strong>καὶ</strong></span> <span class='ocrx_word' id='word_1_489' title='bbox 1133 3111 1393 3165; x_wconf 84' lang='grc' dir='ltr'>νοεῖσθαι.</span> <span class='ocrx_word' id='word_1_490' title='bbox 1425 3112 1561 3167; x_wconf 83' lang='grc' dir='ltr'>Οὐδὲ</span> <span class='ocrx_word' id='word_1_491' title='bbox 1596 3116 1848 3186; x_wconf 84' lang='grc' dir='ltr'>στέρησιν</span> <span class='ocrx_word' id='word_1_492' title='bbox 1869 3132 1884 3145; x_wconf 88' lang='grc'><strong>·</strong></span> 
     </span>
    </p>
   </div>
   <div class='ocr_carea' id='block_1_61' title="bbox 1995 3098 3581 3208">
    <p class='ocr_par' dir='ltr' id='par_1_61' title="bbox 1995 3111 3581 3190">
     <span class='ocr_line' id='line_1_61' title="bbox 1995 3111 3581 3190; baseline -0.008 -15"><span class='ocrx_word' id='word_1_493' title='bbox 1995 3136 2169 3190; x_wconf 90' lang='lat' dir='ltr'><strong>neque</strong></span> <span class='ocrx_word' id='word_1_494' title='bbox 2209 3121 2354 3176; x_wconf 90' lang='lat' dir='ltr'><strong>enim</strong></span> <span class='ocrx_word' id='word_1_495' title='bbox 2401 3116 2603 3175; x_wconf 89' lang='lat' dir='ltr'><strong>sensile</strong></span> <span class='ocrx_word' id='word_1_496' title='bbox 2626 3118 2758 3189; x_wconf 91' lang='lat' dir='ltr'><strong>quid</strong></span> <span class='ocrx_word' id='word_1_497' title='bbox 2801 3126 2907 3186; x_wconf 88' lang='lat' dir='ltr'><strong>est,</strong></span> <span class='ocrx_word' id='word_1_498' title='bbox 2952 3128 3130 3184; x_wconf 88' lang='lat' dir='ltr'><strong>neque</strong></span> <span class='ocrx_word' id='word_1_499' title='bbox 3165 3127 3364 3170; x_wconf 88' lang='lat' dir='ltr'><strong>sensus</strong></span> <span class='ocrx_word' id='word_1_500' title='bbox 3395 3111 3581 3165; x_wconf 85' lang='lat' dir='ltr'><strong>habet.</strong></span> 
     </span>
    </p>
   </div>
   <div class='ocr_carea' id='block_1_62' title="bbox 292 3188 1888 3283">
    <p class='ocr_par' dir='ltr' id='par_1_62' title="bbox 292 3188 1888 3278">
     <span class='ocr_line' id='line_1_62' title="bbox 292 3188 1888 3278; baseline 0.012 -37"><span class='ocrx_word' id='word_1_501' title='bbox 292 3188 367 3242; x_wconf 80' lang='grc' dir='ltr'>τὰ</span> <span class='ocrx_word' id='word_1_502' title='bbox 398 3190 510 3263; x_wconf 86' lang='grc' dir='ltr'>γὰρ</span> <span class='ocrx_word' id='word_1_503' title='bbox 543 3194 816 3264; x_wconf 89' lang='grc' dir='ltr'>προσόντα</span> <span class='ocrx_word' id='word_1_504' title='bbox 846 3196 924 3268; x_wconf 85' lang='grc' dir='ltr'><strong>τῷ</strong></span> <span class='ocrx_word' id='word_1_505' title='bbox 952 3198 1071 3270; x_wconf 84' lang='grc' dir='ltr'><strong>Θεῷ</strong></span> <span class='ocrx_word' id='word_1_506' title='bbox 1103 3200 1281 3269; x_wconf 86' lang='grc' dir='ltr'>ἀγαθὰ</span> <span class='ocrx_word' id='word_1_507' title='bbox 1313 3204 1408 3257; x_wconf 75' lang='grc' dir='ltr'>καὶ</span> <span class='ocrx_word' id='word_1_508' title='bbox 1442 3203 1771 3278; x_wconf 87' lang='grc' dir='ltr'>ὑπερπλήρη</span> <span class='ocrx_word' id='word_1_509' title='bbox 1794 3207 1888 3259; x_wconf 76' lang='grc' dir='ltr'><strong>καὶ</strong></span> 
     </span>
    </p>
   </div>
   <div class='ocr_carea' id='block_1_63' title="bbox 1995 3188 3585 3283">
    <p class='ocr_par' dir='ltr' id='par_1_63' title="bbox 2000 3188 3585 3283">
     <span class='ocr_line' id='line_1_63' title="bbox 2000 3188 3585 3283; baseline -0.008 -14"><span class='ocrx_word' id='word_1_510' title='bbox 2000 3188 2187 3283; x_wconf 82' lang='lat' dir='ltr'><strong>Neque</strong></span> <span class='ocrx_word' id='word_1_511' title='bbox 2232 3212 2577 3282; x_wconf 89' lang='lat' dir='ltr'><strong>passionibus</strong></span> <span class='ocrx_word' id='word_1_512' title='bbox 2628 3188 2903 3276; x_wconf 75' lang='lat' dir='ltr'><strong>turbatur,</strong></span> <span class='ocrx_word' id='word_1_513' title='bbox 2951 3220 3129 3278; x_wconf 88' lang='lat' dir='ltr'><strong>neque</strong></span> <span class='ocrx_word' id='word_1_514' title='bbox 3151 3221 3221 3263; x_wconf 77' lang='lat' dir='ltr'><strong>ex</strong></span> <span class='ocrx_word' id='word_1_515' title='bbox 3263 3202 3585 3273; x_wconf 80' lang='lat' dir='ltr'><strong>impotentia</strong></span> 
     </span>
    </p>
   </div>
   <div class='ocr_carea' id='block_1_64' title="bbox 295 3283 1888 3372">
    <p class='ocr_par' dir='ltr' id='par_1_64' title="bbox 295 3283 1888 3368">
     <span class='ocr_line' id='line_1_64' title="bbox 295 3283 1888 3368; baseline 0.01 -34"><span class='ocrx_word' id='word_1_516' title='bbox 295 3283 505 3350; x_wconf 82' lang='grc' dir='ltr'>φυσικά</span> <span class='ocrx_word' id='word_1_517' title='bbox 540 3287 711 3345; x_wconf 78' lang='grc' dir='ltr'>ἐστιν,</span> <span class='ocrx_word' id='word_1_518' title='bbox 731 3288 868 3342; x_wconf 83' lang='grc' dir='ltr'>Οὐδὲ</span> <span class='ocrx_word' id='word_1_519' title='bbox 891 3289 1076 3361; x_wconf 80' lang='grc' dir='ltr'>ρεὖσιν</span> <span class='ocrx_word' id='word_1_520' title='bbox 1099 3294 1413 3363; x_wconf 86' lang='grc' dir='ltr'>ὑφίσταται,</span> <span class='ocrx_word' id='word_1_521' title='bbox 1442 3286 1761 3367; x_wconf 69' lang='grc' dir='ltr'>ἀρρεύστως</span> <span class='ocrx_word' id='word_1_522' title='bbox 1782 3296 1888 3368; x_wconf 86' lang='grc' dir='ltr'><strong>γὰρ</strong></span> 
     </span>
    </p>
   </div>
   <div class='ocr_carea' id='block_1_65' title="bbox 1995 3283 3586 3372">
    <p class='ocr_par' dir='ltr' id='par_1_65' title="bbox 2003 3294 3586 3372">
     <span class='ocr_line' id='line_1_65' title="bbox 2003 3294 3586 3372; baseline -0.008 -12"><span class='ocrx_word' id='word_1_523' title='bbox 2003 3303 2291 3360; x_wconf 89' lang='lat' dir='ltr'><strong>sensilibus</strong></span> <span class='ocrx_word' id='word_1_524' title='bbox 2340 3303 2684 3372; x_wconf 90' lang='lat' dir='ltr'><strong>passionibus</strong></span> <span class='ocrx_word' id='word_1_525' title='bbox 2749 3302 3021 3358; x_wconf 78' lang='lat' dir='ltr'><strong>obnoxius</strong></span> <span class='ocrx_word' id='word_1_526' title='bbox 3082 3307 3189 3356; x_wconf 89' lang='lat' dir='ltr'><strong>est.</strong></span> <span class='ocrx_word' id='word_1_527' title='bbox 3235 3296 3424 3367; x_wconf 89' lang='lat' dir='ltr'><strong>Neque</strong></span> <span class='ocrx_word' id='word_1_528' title='bbox 3482 3294 3586 3364; x_wconf 81' lang='lat' dir='ltr'><strong>ipsi</strong></span> 
     </span>
    </p>
   </div>
   <div class='ocr_carea' id='block_1_66' title="bbox 292 3378 1888 3462">
    <p class='ocr_par' dir='ltr' id='par_1_66' title="bbox 292 3378 1888 3461">
     <span class='ocr_line' id='line_1_66' title="bbox 292 3378 1888 3461; baseline 0.009 -33"><span class='ocrx_word' id='word_1_529' title='bbox 292 3378 325 3430; x_wconf 85' lang='grc' dir='ltr'>ὁ</span> <span class='ocrx_word' id='word_1_530' title='bbox 378 3381 671 3453; x_wconf 80' lang='grc' dir='ltr'>μονογενὴς</span> <span class='ocrx_word' id='word_1_531' title='bbox 717 3382 892 3451; x_wconf 85' lang='grc' dir='ltr'>Λόγος</span> <span class='ocrx_word' id='word_1_532' title='bbox 944 3387 1010 3439; x_wconf 84' lang='grc' dir='ltr'>ὲκ</span> <span class='ocrx_word' id='word_1_533' title='bbox 1055 3386 1150 3439; x_wconf 84' lang='grc' dir='ltr'>τοῦ</span> <span class='ocrx_word' id='word_1_534' title='bbox 1200 3388 1414 3461; x_wconf 83' lang='grc' dir='ltr'>Πατρὺς</span> <span class='ocrx_word' id='word_1_535' title='bbox 1457 3390 1747 3459; x_wconf 78' lang='grc' dir='ltr'>γεννᾶται,</span> <span class='ocrx_word' id='word_1_536' title='bbox 1801 3388 1888 3445; x_wconf 78' lang='grc' dir='ltr'><strong>καὶ</strong></span> 
     </span>
    </p>
   </div>
   <div class='ocr_carea' id='block_1_67' title="bbox 1995 3378 3585 3462">
    <p class='ocr_par' dir='ltr' id='par_1_67' title="bbox 2004 3392 3585 3462">
     <span class='ocr_line' id='line_1_67' title="bbox 2004 3392 3585 3462; baseline -0.006 -15"><span class='ocrx_word' id='word_1_537' title='bbox 2004 3408 2139 3462; x_wconf 86' lang='lat' dir='ltr'><strong>opus</strong></span> <span class='ocrx_word' id='word_1_538' title='bbox 2166 3403 2249 3447; x_wconf 90' lang='lat' dir='ltr'><strong>est</strong></span> <span class='ocrx_word' id='word_1_539' title='bbox 2276 3392 2499 3457; x_wconf 88' lang='lat' dir='ltr'><strong>lumine,</strong></span> <span class='ocrx_word' id='word_1_540' title='bbox 2543 3408 2721 3462; x_wconf 90' lang='lat' dir='ltr'><strong>neque</strong></span> <span class='ocrx_word' id='word_1_541' title='bbox 2748 3392 3094 3453; x_wconf 86' lang='lat' dir='ltr'><strong>immutatur,</strong></span> <span class='ocrx_word' id='word_1_542' title='bbox 3128 3401 3303 3460; x_wconf 89' lang='lat' dir='ltr'><strong>neque</strong></span> <span class='ocrx_word' id='word_1_543' title='bbox 3333 3399 3585 3441; x_wconf 86' lang='lat' dir='ltr'><strong>corrum-</strong></span> 
     </span>
    </p>
   </div>
   <div class='ocr_carea' id='block_1_68' title="bbox 296 3468 1888 3554">
    <p class='ocr_par' dir='ltr' id='par_1_68' title="bbox 296 3468 1888 3551">
     <span class='ocr_line' id='line_1_68' title="bbox 296 3468 1888 3551; baseline 0.01 -32"><span class='ocrx_word' id='word_1_544' title='bbox 296 3468 529 3533; x_wconf 81' lang='grc' dir='ltr'>ἀπαθῶς</span> <span class='ocrx_word' id='word_1_545' title='bbox 567 3473 633 3524; x_wconf 81' lang='grc' dir='ltr'>ἐκ</span> <span class='ocrx_word' id='word_1_546' title='bbox 663 3473 759 3525; x_wconf 82' lang='grc' dir='ltr'>τοῦ</span> <span class='ocrx_word' id='word_1_547' title='bbox 794 3476 1012 3546; x_wconf 83' lang='grc' dir='ltr'>Πατρὺς</span> <span class='ocrx_word' id='word_1_548' title='bbox 1055 3479 1415 3550; x_wconf 76' lang='grc' dir='ltr'>ἐκπορεύεται</span> <span class='ocrx_word' id='word_1_549' title='bbox 1448 3480 1508 3533; x_wconf 87' lang='grc' dir='ltr'><strong>τὸ</strong></span> <span class='ocrx_word' id='word_1_550' title='bbox 1544 3482 1697 3551; x_wconf 78' lang='grc' dir='ltr'>ἅγιον</span> <span class='ocrx_word' id='word_1_551' title='bbox 1721 3482 1888 3535; x_wconf 82' lang='grc' dir='ltr'>Πνεῦ-</span> 
     </span>
    </p>
   </div>
   <div class='ocr_carea' id='block_1_69' title="bbox 1995 3468 3587 3554">
    <p class='ocr_par' dir='ltr' id='par_1_69' title="bbox 2007 3476 3587 3554">
     <span class='ocr_line' id='line_1_69' title="bbox 2007 3476 3587 3554; baseline -0.003 -16"><span class='ocrx_word' id='word_1_552' title='bbox 2007 3484 2153 3554; x_wconf 87' lang='lat' dir='ltr'><strong>pitur</strong></span> <span class='ocrx_word' id='word_1_553' title='bbox 2184 3502 2198 3538; x_wconf 89' lang='lat'><strong>:</strong></span> <span class='ocrx_word' id='word_1_554' title='bbox 2230 3485 2577 3541; x_wconf 86' lang='lat' dir='ltr'><strong>immutabilis</strong></span> <span class='ocrx_word' id='word_1_555' title='bbox 2602 3485 2749 3541; x_wconf 89' lang='lat' dir='ltr'><strong>enim</strong></span> <span class='ocrx_word' id='word_1_556' title='bbox 2775 3492 2830 3539; x_wconf 85' lang='lat' dir='ltr'><strong>et</strong></span> <span class='ocrx_word' id='word_1_557' title='bbox 2857 3482 3181 3539; x_wconf 87' lang='lat' dir='ltr'><strong>immortalis</strong></span> <span class='ocrx_word' id='word_1_558' title='bbox 3218 3480 3453 3538; x_wconf 75' lang='lat' dir='ltr'><strong>exsistit.</strong></span> <span class='ocrx_word' id='word_1_559' title='bbox 3481 3476 3587 3533; x_wconf 87' lang='lat' dir='ltr'><strong>Ne-</strong></span> 
     </span>
    </p>
   </div>
   <div class='ocr_carea' id='block_1_70' title="bbox 299 3554 1888 3646">
    <p class='ocr_par' dir='ltr' id='par_1_70' title="bbox 299 3554 1888 3642">
     <span class='ocr_line' id='line_1_70' title="bbox 299 3554 1888 3642; baseline 0.011 -34"><span class='ocrx_word' id='word_1_560' title='bbox 299 3574 404 3627; x_wconf 82' lang='grc' dir='ltr'><strong>μα.</strong></span> <span class='ocrx_word' id='word_1_561' title='bbox 451 3554 589 3613; x_wconf 78' lang='grc' dir='ltr'>υΰτε</span> <span class='ocrx_word' id='word_1_562' title='bbox 637 3561 767 3617; x_wconf 85' lang='grc' dir='ltr'>ἄλλο</span> <span class='ocrx_word' id='word_1_563' title='bbox 804 3582 858 3618; x_wconf 87' lang='grc' dir='ltr'><strong>τι</strong></span> <span class='ocrx_word' id='word_1_564' title='bbox 904 3568 1014 3621; x_wconf 87' lang='grc' dir='ltr'><strong>τῶν</strong></span> <span class='ocrx_word' id='word_1_565' title='bbox 1059 3570 1332 3642; x_wconf 81' lang='grc' dir='ltr'>αἰσθητῶν</span> <span class='ocrx_word' id='word_1_566' title='bbox 1376 3570 1502 3625; x_wconf 75' lang='grc' dir='ltr'>οὔτε</span> <span class='ocrx_word' id='word_1_567' title='bbox 1538 3574 1721 3637; x_wconf 74' lang='grc' dir='ltr'>ἐστὶν,</span> <span class='ocrx_word' id='word_1_568' title='bbox 1768 3571 1888 3626; x_wconf 80' lang='grc' dir='ltr'>οὐτε</span> 
     </span>
    </p>
   </div>
   <div class='ocr_carea' id='block_1_71' title="bbox 1995 3554 3586 3646">
    <p class='ocr_par' dir='ltr' id='par_1_71' title="bbox 2006 3570 3586 3646">
     <span class='ocr_line' id='line_1_71' title="bbox 2006 3570 3586 3646; baseline -0.003 -18"><span class='ocrx_word' id='word_1_569' title='bbox 2006 3590 2113 3646; x_wconf 87' lang='lat' dir='ltr'><strong>que</strong></span> <span class='ocrx_word' id='word_1_570' title='bbox 2144 3575 2470 3630; x_wconf 88' lang='lat' dir='ltr'><strong>divisionem</strong></span> <span class='ocrx_word' id='word_1_571' title='bbox 2502 3575 2673 3642; x_wconf 87' lang='lat' dir='ltr'><strong>subit,</strong></span> <span class='ocrx_word' id='word_1_572' title='bbox 2700 3576 2829 3630; x_wconf 91' lang='lat' dir='ltr'><strong>dum</strong></span> <span class='ocrx_word' id='word_1_573' title='bbox 2861 3587 2974 3631; x_wconf 90' lang='lat' dir='ltr'><strong>tres</strong></span> <span class='ocrx_word' id='word_1_574' title='bbox 3014 3588 3264 3645; x_wconf 85' lang='lat' dir='ltr'><strong>personae</strong></span> <span class='ocrx_word' id='word_1_575' title='bbox 3286 3572 3409 3626; x_wconf 84' lang='lat' dir='ltr'><strong>vitae</strong></span> <span class='ocrx_word' id='word_1_576' title='bbox 3432 3570 3586 3641; x_wconf 90' lang='lat' dir='ltr'><strong>prin-</strong></span> 
     </span>
    </p>
   </div>
   <div class='ocr_carea' id='block_1_72' title="bbox 296 3648 1888 3739">
    <p class='ocr_par' dir='ltr' id='par_1_72' title="bbox 296 3648 1888 3733">
     <span class='ocr_line' id='line_1_72' title="bbox 296 3648 1888 3733; baseline 0.012 -33"><span class='ocrx_word' id='word_1_577' title='bbox 296 3648 434 3720; x_wconf 78' lang='grc' dir='ltr'>ἔχει.</span> <span class='ocrx_word' id='word_1_578' title='bbox 473 3652 546 3704; x_wconf 85' lang='grc' dir='ltr'><strong>Τὸ</strong></span> <span class='ocrx_word' id='word_1_579' title='bbox 590 3654 691 3724; x_wconf 82' lang='grc' dir='ltr'>μὲν</span> <span class='ocrx_word' id='word_1_580' title='bbox 734 3656 888 3723; x_wconf 79' lang='grc' dir='ltr'>ἐστι,</span> <span class='ocrx_word' id='word_1_581' title='bbox 925 3659 1013 3713; x_wconf 85' lang='grc' dir='ltr'>διὰ</span> <span class='ocrx_word' id='word_1_582' title='bbox 1041 3660 1109 3715; x_wconf 90' lang='grc' dir='ltr'><strong>τά</strong></span> <span class='ocrx_word' id='word_1_583' title='bbox 1143 3662 1264 3715; x_wconf 85' lang='grc' dir='ltr'>καθ’</span> <span class='ocrx_word' id='word_1_584' title='bbox 1300 3662 1441 3717; x_wconf 87' lang='grc' dir='ltr'><strong>αὑτά</strong></span> <span class='ocrx_word' id='word_1_585' title='bbox 1480 3663 1767 3733; x_wconf 81' lang='grc' dir='ltr'>ὑφεστῶτα</span> <span class='ocrx_word' id='word_1_586' title='bbox 1800 3664 1888 3719; x_wconf 88' lang='grc' dir='ltr'>λέ-</span> 
     </span>
    </p>
   </div>
   <div class='ocr_carea' id='block_1_73' title="bbox 1995 3648 3586 3739">
    <p class='ocr_par' dir='ltr' id='par_1_73' title="bbox 1996 3659 3586 3739">
     <span class='ocr_line' id='line_1_73' title="bbox 1996 3659 3586 3739; baseline -0.006 -16"><span class='ocrx_word' id='word_1_587' title='bbox 1996 3669 2148 3739; x_wconf 89' lang='lat' dir='ltr'><strong>cipes</strong></span> <span class='ocrx_word' id='word_1_588' title='bbox 2190 3681 2289 3739; x_wconf 87' lang='lat' dir='ltr'><strong>per</strong></span> <span class='ocrx_word' id='word_1_589' title='bbox 2337 3668 2619 3738; x_wconf 90' lang='lat' dir='ltr'><strong>propriam</strong></span> <span class='ocrx_word' id='word_1_590' title='bbox 2669 3683 2823 3723; x_wconf 90' lang='lat' dir='ltr'><strong>suam</strong></span> <span class='ocrx_word' id='word_1_591' title='bbox 2867 3666 3276 3722; x_wconf 90' lang='lat' dir='ltr'><strong>subsistentiam</strong></span> <span class='ocrx_word' id='word_1_592' title='bbox 3320 3672 3375 3719; x_wconf 93' lang='lat' dir='ltr'><strong>et</strong></span> <span class='ocrx_word' id='word_1_593' title='bbox 3410 3659 3586 3717; x_wconf 88' lang='lat' dir='ltr'><strong>subsi-</strong></span> 
     </span>
    </p>
   </div>
   <div class='ocr_carea' id='block_1_74' title="bbox 296 3745 1888 3831">
    <p class='ocr_par' dir='ltr' id='par_1_74' title="bbox 296 3745 1888 3829">
     <span class='ocr_line' id='line_1_74' title="bbox 296 3745 1888 3829; baseline 0.014 -35"><span class='ocrx_word' id='word_1_594' title='bbox 296 3758 408 3809; x_wconf 86' lang='grc' dir='ltr'>γει,</span> <span class='ocrx_word' id='word_1_595' title='bbox 451 3745 617 3815; x_wconf 71' lang='grc' dir='ltr'>ἤγουν</span> <span class='ocrx_word' id='word_1_596' title='bbox 662 3749 900 3821; x_wconf 81' lang='grc' dir='ltr'>πνεῦμα,</span> <span class='ocrx_word' id='word_1_597' title='bbox 935 3753 1064 3826; x_wconf 81' lang='grc' dir='ltr'>ἀὴρ,</span> <span class='ocrx_word' id='word_1_598' title='bbox 1099 3755 1278 3820; x_wconf 73' lang='grc' dir='ltr'>λίθοςο</span> <span class='ocrx_word' id='word_1_599' title='bbox 1321 3758 1382 3810; x_wconf 87' lang='grc' dir='ltr'><strong>τὸ</strong></span> <span class='ocrx_word' id='word_1_600' title='bbox 1405 3757 1461 3812; x_wconf 81' lang='grc' dir='ltr'><strong>δὲ</strong></span> <span class='ocrx_word' id='word_1_601' title='bbox 1484 3759 1629 3829; x_wconf 78' lang='grc' dir='ltr'>ἔχει,</span> <span class='ocrx_word' id='word_1_602' title='bbox 1664 3759 1751 3814; x_wconf 88' lang='grc' dir='ltr'><strong>διά</strong></span> <span class='ocrx_word' id='word_1_603' title='bbox 1786 3760 1888 3826; x_wconf 81' lang='grc' dir='ltr'>τὰς</span> 
     </span>
    </p>
   </div>
   <div class='ocr_carea' id='block_1_75' title="bbox 1995 3745 3587 3831">
    <p class='ocr_par' dir='ltr' id='par_1_75' title="bbox 1995 3758 3587 3831">
     <span class='ocr_line' id='line_1_75' title="bbox 1995 3758 3587 3831; baseline -0.005 -16"><span class='ocrx_word' id='word_1_604' title='bbox 1995 3768 2168 3828; x_wconf 89' lang='lat' dir='ltr'><strong>stunt,</strong></span> <span class='ocrx_word' id='word_1_605' title='bbox 2224 3770 2280 3815; x_wconf 90' lang='lat' dir='ltr'><strong>et</strong></span> <span class='ocrx_word' id='word_1_606' title='bbox 2334 3758 2732 3831; x_wconf 88' lang='lat' dir='ltr'><strong>intelliguntur.</strong></span> <span class='ocrx_word' id='word_1_607' title='bbox 2761 3758 2955 3831; x_wconf 88' lang='lat' dir='ltr'><strong>Neque</strong></span> <span class='ocrx_word' id='word_1_608' title='bbox 3003 3758 3367 3829; x_wconf 85' lang='lat' dir='ltr'><strong>privationem</strong></span> <span class='ocrx_word' id='word_1_609' title='bbox 3402 3771 3420 3809; x_wconf 91' lang='lat'><strong>:</strong></span> <span class='ocrx_word' id='word_1_610' title='bbox 3459 3768 3587 3809; x_wconf 79' lang='lat' dir='ltr'><strong>nam</strong></span> 
     </span>
    </p>
   </div>
   <div class='ocr_carea' id='block_1_76' title="bbox 297 3832 1888 3926">
    <p class='ocr_par' dir='ltr' id='par_1_76' title="bbox 297 3832 1352 3918">
     <span class='ocr_line' id='line_1_76' title="bbox 297 3832 1352 3918; baseline 0.017 -34"><span class='ocrx_word' id='word_1_611' title='bbox 297 3832 636 3904; x_wconf 82' lang='grc' dir='ltr'>δηλωθείσας</span> <span class='ocrx_word' id='word_1_612' title='bbox 683 3844 1001 3913; x_wconf 84' lang='grc' dir='ltr'>σωματικὰς</span> <span class='ocrx_word' id='word_1_613' title='bbox 1042 3848 1352 3918; x_wconf 81' lang='grc' dir='ltr'>ποιότητας.</span> 
     </span>
    </p>
   </div>
   <div class='ocr_carea' id='block_1_77' title="bbox 1995 3832 3588 3926">
    <p class='ocr_par' dir='ltr' id='par_1_77' title="bbox 1995 3850 3588 3926">
     <span class='ocr_line' id='line_1_77' title="bbox 1995 3850 3588 3926; baseline -0.005 -20"><span class='ocrx_word' id='word_1_614' title='bbox 1995 3851 2132 3906; x_wconf 90' lang='lat' dir='ltr'><strong>bona</strong></span> <span class='ocrx_word' id='word_1_615' title='bbox 2176 3866 2295 3921; x_wconf 70' lang='lat' dir='ltr'><strong>quae</strong></span> <span class='ocrx_word' id='word_1_616' title='bbox 2326 3852 2435 3908; x_wconf 89' lang='lat' dir='ltr'><strong>Deo</strong></span> <span class='ocrx_word' id='word_1_617' title='bbox 2466 3852 2673 3920; x_wconf 90' lang='lat' dir='ltr'><strong>insunt,</strong></span> <span class='ocrx_word' id='word_1_618' title='bbox 2702 3861 2757 3908; x_wconf 90' lang='lat' dir='ltr'><strong>et</strong></span> <span class='ocrx_word' id='word_1_619' title='bbox 2814 3865 3147 3926; x_wconf 84' lang='lat' dir='ltr'><strong>supraquam</strong></span> <span class='ocrx_word' id='word_1_620' title='bbox 3177 3850 3341 3919; x_wconf 87' lang='lat' dir='ltr'><strong>plena</strong></span> <span class='ocrx_word' id='word_1_621' title='bbox 3379 3854 3505 3902; x_wconf 92' lang='lat' dir='ltr'><strong>sunt</strong></span> <span class='ocrx_word' id='word_1_622' title='bbox 3531 3860 3588 3907; x_wconf 64' lang='lat' dir='ltr'><strong>ei</strong></span> 
     </span>
    </p>
   </div>
   <div class='ocr_carea' id='block_1_78' title="bbox 297 3931 3587 4015">
    <p class='ocr_par' dir='ltr' id='par_1_78' title="bbox 297 3931 3587 4015">
     <span class='ocr_line' id='line_1_78' title="bbox 297 3931 3587 4015; baseline 0.004 -37"><span class='ocrx_word' id='word_1_623' title='bbox 297 3931 595 3985; x_wconf 81' lang='lat' dir='ltr'><strong>naturalia.</strong></span> <span class='ocrx_word' id='word_1_624' title='bbox 634 3932 821 4003; x_wconf 89' lang='lat' dir='ltr'><strong>Neque</strong></span> <span class='ocrx_word' id='word_1_625' title='bbox 866 3937 1069 3992; x_wconf 80' lang='lat' dir='ltr'><strong>ﬂuxum</strong></span> <span class='ocrx_word' id='word_1_626' title='bbox 1127 3941 1400 4009; x_wconf 89' lang='lat' dir='ltr'><strong>sustinet,</strong></span> <span class='ocrx_word' id='word_1_627' title='bbox 1450 3941 1719 4012; x_wconf 90' lang='lat' dir='ltr'><strong>siquidem</strong></span> <span class='ocrx_word' id='word_1_628' title='bbox 1772 3943 1891 3999; x_wconf 90' lang='lat' dir='ltr'><strong>sine</strong></span> <span class='ocrx_word' id='word_1_629' title='bbox 1918 3945 2069 3997; x_wconf 83' lang='lat' dir='ltr'><strong>tluxu</strong></span> <span class='ocrx_word' id='word_1_630' title='bbox 2096 3945 2429 4015; x_wconf 81' lang='lat' dir='ltr'><strong>unigenitum</strong></span> <span class='ocrx_word' id='word_1_631' title='bbox 2456 3944 2698 4001; x_wconf 79' lang='lat' dir='ltr'><strong>Verbum</strong></span> <span class='ocrx_word' id='word_1_632' title='bbox 2731 3958 2801 3999; x_wconf 78' lang='lat' dir='ltr'><strong>ex</strong></span> <span class='ocrx_word' id='word_1_633' title='bbox 2832 3943 2997 3999; x_wconf 91' lang='lat' dir='ltr'><strong>Patre</strong></span> <span class='ocrx_word' id='word_1_634' title='bbox 3025 3942 3287 4013; x_wconf 86' lang='lat' dir='ltr'><strong>gignitur,</strong></span> <span class='ocrx_word' id='word_1_635' title='bbox 3354 3950 3410 3996; x_wconf 91' lang='lat' dir='ltr'><strong>et</strong></span> <span class='ocrx_word' id='word_1_636' title='bbox 3463 3953 3587 3992; x_wconf 55' lang='lat' dir='ltr'><strong>san-</strong></span> 
     </span>
    </p>
   </div>
   <div class='ocr_carea' id='block_1_79' title="bbox 298 4022 3587 4108">
    <p class='ocr_par' dir='ltr' id='par_1_79' title="bbox 298 4022 3587 4108">
     <span class='ocr_line' id='line_1_79' title="bbox 298 4022 3587 4108; baseline 0.003 -35"><span class='ocrx_word' id='word_1_637' title='bbox 298 4029 425 4073; x_wconf 90' lang='lat' dir='ltr'><strong>ctus</strong></span> <span class='ocrx_word' id='word_1_638' title='bbox 467 4022 557 4077; x_wconf 85' lang='lat' dir='ltr'><strong>ille</strong></span> <span class='ocrx_word' id='word_1_639' title='bbox 600 4024 839 4093; x_wconf 85' lang='lat' dir='ltr'><strong>Spiritus</strong></span> <span class='ocrx_word' id='word_1_640' title='bbox 875 4029 995 4085; x_wconf 90' lang='lat' dir='ltr'><strong>sine</strong></span> <span class='ocrx_word' id='word_1_641' title='bbox 1032 4030 1284 4098; x_wconf 86' lang='lat' dir='ltr'><strong>passione</strong></span> <span class='ocrx_word' id='word_1_642' title='bbox 1322 4046 1391 4089; x_wconf 80' lang='lat' dir='ltr'><strong>ex</strong></span> <span class='ocrx_word' id='word_1_643' title='bbox 1436 4033 1597 4089; x_wconf 89' lang='lat' dir='ltr'><strong>Patre</strong></span> <span class='ocrx_word' id='word_1_644' title='bbox 1660 4036 1930 4103; x_wconf 90' lang='lat' dir='ltr'><strong>procedit.</strong></span> <span class='ocrx_word' id='word_1_645' title='bbox 1965 4035 2153 4107; x_wconf 87' lang='lat' dir='ltr'><strong>Neque</strong></span> <span class='ocrx_word' id='word_1_646' title='bbox 2205 4037 2507 4108; x_wconf 84' lang='lat' dir='ltr'><strong>quidquam</strong></span> <span class='ocrx_word' id='word_1_647' title='bbox 2550 4035 2698 4091; x_wconf 89' lang='lat' dir='ltr'><strong>aliud</strong></span> <span class='ocrx_word' id='word_1_648' title='bbox 2740 4051 2924 4091; x_wconf 87' lang='lat' dir='ltr'><strong>rerum</strong></span> <span class='ocrx_word' id='word_1_649' title='bbox 2973 4034 3313 4091; x_wconf 89' lang='lat' dir='ltr'><strong>sensibilium</strong></span> <span class='ocrx_word' id='word_1_650' title='bbox 3360 4032 3442 4087; x_wconf 85' lang='lat' dir='ltr'><strong>vel</strong></span> <span class='ocrx_word' id='word_1_651' title='bbox 3503 4038 3587 4086; x_wconf 89' lang='lat' dir='ltr'><strong>est</strong></span> 
     </span>
    </p>
   </div>
   <div class='ocr_carea' id='block_1_80' title="bbox 296 4111 3583 4201">
    <p class='ocr_par' dir='ltr' id='par_1_80' title="bbox 296 4111 3583 4201">
     <span class='ocr_line' id='line_1_80' title="bbox 296 4111 3583 4201; baseline 0.005 -39"><span class='ocrx_word' id='word_1_652' title='bbox 296 4111 389 4164; x_wconf 79' lang='lat' dir='ltr'><strong>vel</strong></span> <span class='ocrx_word' id='word_1_653' title='bbox 420 4113 603 4169; x_wconf 88' lang='lat' dir='ltr'><strong>habet.</strong></span> <span class='ocrx_word' id='word_1_654' title='bbox 635 4117 778 4173; x_wconf 91' lang='lat' dir='ltr'><strong>Dicit</strong></span> <span class='ocrx_word' id='word_1_655' title='bbox 808 4121 1026 4189; x_wconf 88' lang='lat' dir='ltr'><strong>quidem</strong></span> <span class='ocrx_word' id='word_1_656' title='bbox 1058 4122 1187 4179; x_wconf 92' lang='lat' dir='ltr'><strong>illud</strong></span> <span class='ocrx_word' id='word_1_657' title='bbox 1214 4132 1313 4189; x_wconf 77' lang='lat' dir='ltr'><strong>est,</strong></span> <span class='ocrx_word' id='word_1_658' title='bbox 1344 4135 1563 4195; x_wconf 91' lang='lat' dir='ltr'><strong>propter</strong></span> <span class='ocrx_word' id='word_1_659' title='bbox 1588 4141 1654 4181; x_wconf 90' lang='lat' dir='ltr'><strong>ea</strong></span> <span class='ocrx_word' id='word_1_660' title='bbox 1689 4140 1811 4196; x_wconf 68' lang='lat' dir='ltr'><strong>qua:</strong></span> <span class='ocrx_word' id='word_1_661' title='bbox 1830 4142 1926 4197; x_wconf 90' lang='lat' dir='ltr'><strong>per</strong></span> <span class='ocrx_word' id='word_1_662' title='bbox 1953 4144 2014 4183; x_wconf 90' lang='lat' dir='ltr'><strong>se</strong></span> <span class='ocrx_word' id='word_1_663' title='bbox 2041 4129 2365 4195; x_wconf 83' lang='lat' dir='ltr'><strong>subsistunt,</strong></span> <span class='ocrx_word' id='word_1_664' title='bbox 2391 4138 2450 4183; x_wconf 91' lang='lat' dir='ltr'><strong>ut</strong></span> <span class='ocrx_word' id='word_1_665' title='bbox 2467 4129 2712 4199; x_wconf 90' lang='lat' dir='ltr'><strong>spiritus,</strong></span> <span class='ocrx_word' id='word_1_666' title='bbox 2737 4144 2851 4198; x_wconf 89' lang='lat' dir='ltr'><strong>aer,</strong></span> <span class='ocrx_word' id='word_1_667' title='bbox 2884 4128 3059 4201; x_wconf 86' lang='lat' dir='ltr'><strong>lapis;</strong></span> <span class='ocrx_word' id='word_1_668' title='bbox 3084 4128 3217 4184; x_wconf 89' lang='lat' dir='ltr'><strong>illud</strong></span> <span class='ocrx_word' id='word_1_669' title='bbox 3245 4141 3374 4183; x_wconf 86' lang='lat' dir='ltr'><strong>vero</strong></span> <span class='ocrx_word' id='word_1_670' title='bbox 3406 4125 3583 4189; x_wconf 81' lang='lat' dir='ltr'><strong>habet,</strong></span> 
     </span>
    </p>
   </div>
   <div class='ocr_carea' id='block_1_81' title="bbox 301 4207 1687 4287">
    <p class='ocr_par' dir='ltr' id='par_1_81' title="bbox 301 4207 1687 4287">
     <span class='ocr_line' id='line_1_81' title="bbox 301 4207 1687 4287; baseline 0.014 -34"><span class='ocrx_word' id='word_1_671' title='bbox 301 4217 532 4274; x_wconf 83' lang='lat' dir='ltr'><strong>propter</strong></span> <span class='ocrx_word' id='word_1_672' title='bbox 553 4207 666 4275; x_wconf 88' lang='lat' dir='ltr'><strong>jam</strong></span> <span class='ocrx_word' id='word_1_673' title='bbox 696 4211 998 4269; x_wconf 74' lang='lat' dir='ltr'><strong>declaratus</strong></span> <span class='ocrx_word' id='word_1_674' title='bbox 1041 4230 1335 4284; x_wconf 87' lang='lat' dir='ltr'><strong>corporeas</strong></span> <span class='ocrx_word' id='word_1_675' title='bbox 1373 4218 1687 4287; x_wconf 87' lang='lat' dir='ltr'><strong>qualitates.</strong></span> 
     </span>
    </p>
   </div>
   <div class='ocr_carea' id='block_1_82' title="bbox 334 4339 3570 4383">
    <p class='ocr_par' dir='ltr' id='par_1_82' title="bbox 334 4339 3570 4383">
     <span class='ocr_line' id='line_1_82' title="bbox 334 4339 3570 4383; baseline 0.002 -12"><span class='ocrx_word' id='word_1_676' title='bbox 334 4339 3570 4383; x_wconf 43' lang='lat' dir='ltr'><strong>-_—‘—————_—-———-—————————_——~——I——h~</strong></span> 
     </span>
    </p>
   </div>
   <div class='ocr_carea' id='block_1_83' title="bbox 702 4513 1888 4623">
    <p class='ocr_par' dir='ltr' id='par_1_83' title="bbox 702 4518 1495 4614">
     <span class='ocr_line' id='line_1_83' title="bbox 702 4518 1495 4614; baseline 0.006 -8"><span class='ocrx_word' id='word_1_677' title='bbox 702 4518 1355 4613; x_wconf 74' lang='grc' dir='ltr'><strong>ΚΕΦΑΛΑΙΘΝ</strong></span> <span class='ocrx_word' id='word_1_678' title='bbox 1385 4521 1495 4614; x_wconf 82' lang='grc' dir='ltr'><strong>Ε’.</strong></span> 
     </span>
    </p>
   </div>
   <div class='ocr_carea' id='block_1_84' title="bbox 1995 4513 3179 4623">
    <p class='ocr_par' dir='ltr' id='par_1_84' title="bbox 2398 4513 3179 4623">
     <span class='ocr_line' id='line_1_84' title="bbox 2398 4513 3179 4623; baseline -0.003 -1"><span class='ocrx_word' id='word_1_679' title='bbox 2398 4513 2560 4587; x_wconf 67' lang='grc'><strong>⁵⁷³</strong></span> <span class='ocrx_word' id='word_1_680' title='bbox 2628 4533 3010 4623; x_wconf 84' lang='lat' dir='ltr'><strong>CAPUT</strong></span> <span class='ocrx_word' id='word_1_681' title='bbox 3060 4535 3179 4623; x_wconf 91' lang='lat' dir='ltr'><strong>V.</strong></span> 
     </span>
    </p>
   </div>
   <div class='ocr_carea' id='block_1_85' title="bbox 308 4660 1888 4741">
    <p class='ocr_par' dir='ltr' id='par_1_85' title="bbox 308 4660 1888 4741">
     <span class='ocr_line' id='line_1_85' title="bbox 308 4660 1888 4741; baseline 0.008 -28"><span class='ocrx_word' id='word_1_682' title='bbox 308 4660 443 4714; x_wconf 87' lang='grc' dir='ltr'>Ὅτι</span> <span class='ocrx_word' id='word_1_683' title='bbox 474 4660 657 4715; x_wconf 81' lang='grc' dir='ltr'>οὐδὲν</span> <span class='ocrx_word' id='word_1_684' title='bbox 718 4661 1101 4741; x_wconf 41' lang='grc' dir='ltr'><strong>τῶν-νοητῶν</strong></span> <span class='ocrx_word' id='word_1_685' title='bbox 1148 4670 1181 4721; x_wconf 86' lang='grc' dir='ltr'><strong>ό</strong></span> <span class='ocrx_word' id='word_1_686' title='bbox 1210 4666 1465 4741; x_wconf 63' lang='grc' dir='ltr'>παντὸς</span> <span class='ocrx_word' id='word_1_687' title='bbox 1507 4670 1729 4737; x_wconf 79' lang='grc' dir='ltr'>νοητοῦ</span> <span class='ocrx_word' id='word_1_688' title='bbox 1763 4672 1888 4726; x_wconf 80' lang='grc' dir='ltr'>καθ’</span> 
     </span>
    </p>
   </div>
   <div class='ocr_carea' id='block_1_86' title="bbox 1995 4660 3589 4741">
    <p class='ocr_par' dir='ltr' id='par_1_86' title="bbox 2004 4670 3589 4741">
     <span class='ocr_line' id='line_1_86' title="bbox 2004 4670 3589 4741; baseline 0.001 -16"><span class='ocrx_word' id='word_1_689' title='bbox 2004 4670 2158 4738; x_wconf 85' lang='lat' dir='ltr'><strong>Quod</strong></span> <span class='ocrx_word' id='word_1_690' title='bbox 2198 4673 2334 4726; x_wconf 83' lang='lat' dir='ltr'><strong>nihil</strong></span> <span class='ocrx_word' id='word_1_691' title='bbox 2376 4689 2551 4727; x_wconf 85' lang='lat' dir='ltr'><strong>rerum</strong></span> <span class='ocrx_word' id='word_1_692' title='bbox 2590 4672 2972 4725; x_wconf 78' lang='lat' dir='ltr'><strong>intellectilium</strong></span> <span class='ocrx_word' id='word_1_693' title='bbox 3007 4672 3075 4725; x_wconf 73' lang='lat' dir='ltr'><strong>sit</strong></span> <span class='ocrx_word' id='word_1_694' title='bbox 3118 4670 3164 4725; x_wconf 79' lang='lat' dir='ltr'><strong>is</strong></span> <span class='ocrx_word' id='word_1_695' title='bbox 3189 4674 3281 4741; x_wconf 85' lang='lat' dir='ltr'><strong>qui</strong></span> <span class='ocrx_word' id='word_1_696' title='bbox 3312 4674 3489 4726; x_wconf 76' lang='lat' dir='ltr'><strong>omnis</strong></span> <span class='ocrx_word' id='word_1_697' title='bbox 3510 4672 3589 4728; x_wconf 77' lang='lat' dir='ltr'><strong>rei</strong></span> 
     </span>
    </p>
   </div>
   <div class='ocr_carea' id='block_1_87' title="bbox 829 4735 1888 4807">
    <p class='ocr_par' dir='ltr' id='par_1_87' title="bbox 829 4735 1615 4807">
     <span class='ocr_line' id='line_1_87' title="bbox 829 4735 1615 4807; baseline 0.008 -20"><span class='ocrx_word' id='word_1_698' title='bbox 829 4735 1138 4807; x_wconf 77' lang='grc' dir='ltr'>ὑπεροχὴν</span> <span class='ocrx_word' id='word_1_699' title='bbox 1163 4738 1369 4805; x_wconf 77' lang='grc' dir='ltr'>αἴτιος.</span> <span class='ocrx_word' id='word_1_700' title='bbox 1607 4735 1615 4737; x_wconf 47' lang='grc'><strong><em>“</em></strong></span> 
     </span>
    </p>
   </div>
   <div class='ocr_carea' id='block_1_88' title="bbox 1995 4735 3477 4807">
    <p class='ocr_par' dir='ltr' id='par_1_88' title="bbox 2024 4735 3477 4802">
     <span class='ocr_line' id='line_1_88' title="bbox 2024 4735 3477 4802; baseline -0.001 -5"><span class='ocrx_word' id='word_1_701' title='bbox 2024 4735 2039 4738; x_wconf 51' lang='grc'>⁷</span> <span class='ocrx_word' id='word_1_702' title='bbox 2110 4743 2431 4798; x_wconf 78' lang='lat' dir='ltr'><strong>intellectilis</strong></span> <span class='ocrx_word' id='word_1_703' title='bbox 2454 4744 2745 4797; x_wconf 78' lang='lat' dir='ltr'><strong>secundant</strong></span> <span class='ocrx_word' id='word_1_704' title='bbox 2772 4742 3137 4799; x_wconf 69' lang='lat' dir='ltr'><strong>excellentiam</strong></span> <span class='ocrx_word' id='word_1_705' title='bbox 3165 4735 3238 4799; x_wconf 62' lang='lat' dir='ltr'><strong>est</strong></span> <span class='ocrx_word' id='word_1_706' title='bbox 3267 4753 3477 4802; x_wconf 84' lang='lat' dir='ltr'><strong>auctor.</strong></span> 
     </span>
    </p>
   </div>
   <div class='ocr_carea' id='block_1_89' title="bbox 1599 4897 2266 4957">
    <p class='ocr_par' dir='ltr' id='par_1_89' title="bbox 1599 4897 2266 4957">
     <span class='ocr_line' id='line_1_89' title="bbox 1599 4897 2266 4957; baseline 0.001 -2"><span class='ocrx_word' id='word_1_707' title='bbox 1599 4898 1731 4955; x_wconf 88' lang='lat' dir='ltr'><strong>SYN</strong></span> <span class='ocrx_word' id='word_1_708' title='bbox 1742 4897 1941 4956; x_wconf 86' lang='lat' dir='ltr'><strong>OPSIS</strong></span> <span class='ocrx_word' id='word_1_709' title='bbox 1975 4898 2266 4957; x_wconf 86' lang='lat' dir='ltr'><strong>CAPlTlS.</strong></span> 
     </span>
    </p>
   </div>
   <div class='ocr_carea' id='block_1_90' title="bbox 312 5028 3586 5119">
    <p class='ocr_par' dir='ltr' id='par_1_90' title="bbox 312 5028 3586 5119">
     <span class='ocr_line' id='line_1_90' title="bbox 312 5028 3586 5119; baseline 0.004 -30"><span class='ocrx_word' id='word_1_710' title='bbox 312 5032 503 5097; x_wconf 84' lang='lat' dir='ltr'><strong>Docet,</strong></span> <span class='ocrx_word' id='word_1_711' title='bbox 535 5028 705 5086; x_wconf 88' lang='lat' dir='ltr'><strong>Deum</strong></span> <span class='ocrx_word' id='word_1_712' title='bbox 735 5031 867 5088; x_wconf 82' lang='lat' dir='ltr'><strong>nihil</strong></span> <span class='ocrx_word' id='word_1_713' title='bbox 896 5048 1007 5088; x_wconf 79' lang='lat' dir='ltr'><strong>esse</strong></span> <span class='ocrx_word' id='word_1_714' title='bbox 1033 5051 1217 5090; x_wconf 84' lang='lat' dir='ltr'><strong>eorum</strong></span> <span class='ocrx_word' id='word_1_715' title='bbox 1242 5053 1359 5107; x_wconf 80' lang='lat' dir='ltr'><strong>qua:</strong></span> <span class='ocrx_word' id='word_1_716' title='bbox 1390 5055 1485 5119; x_wconf 69' lang='lat' dir='ltr'><strong>nos</strong></span> <span class='ocrx_word' id='word_1_717' title='bbox 1509 5040 1871 5119; x_wconf 62' lang='lat' dir='ltr'><strong>cognoscimns</strong></span> <span class='ocrx_word' id='word_1_718' title='bbox 1895 5038 2045 5119; x_wconf 71' lang='lat' dir='ltr'><strong>;__aed</strong></span> <span class='ocrx_word' id='word_1_719' title='bbox 2076 5056 2187 5119; x_wconf 69' lang='lat' dir='ltr'><strong>esse</strong></span> <span class='ocrx_word' id='word_1_720' title='bbox 2213 5056 2377 5119; x_wconf 72' lang='lat' dir='ltr'><strong>supra</strong></span> <span class='ocrx_word' id='word_1_721' title='bbox 2420 5043 2597 5098; x_wconf 83' lang='lat' dir='ltr'><strong>omnia</strong></span> <span class='ocrx_word' id='word_1_722' title='bbox 2641 5044 2749 5096; x_wconf 81' lang='lat' dir='ltr'><strong>ista</strong></span> <span class='ocrx_word' id='word_1_723' title='bbox 2776 5058 3097 5115; x_wconf 73' lang='lat' dir='ltr'><strong>quwcunque</strong></span> <span class='ocrx_word' id='word_1_724' title='bbox 3123 5044 3586 5119; x_wconf 77' lang='lat' dir='ltr'><strong>quomodocunque</strong></span> 
     </span>
    </p>
   </div>
   <div class='ocr_carea' id='block_1_91' title="bbox 1252 5109 2637 5183">
    <p class='ocr_par' dir='ltr' id='par_1_91' title="bbox 1252 5109 2637 5183">
     <span class='ocr_line' id='line_1_91' title="bbox 1252 5109 2637 5183; baseline 0.005 -22"><span class='ocrx_word' id='word_1_725' title='bbox 1252 5125 1285 5162; x_wconf 92' lang='lat' dir='ltr'><strong>a</strong></span> <span class='ocrx_word' id='word_1_726' title='bbox 1312 5110 1460 5164; x_wconf 84' lang='lat' dir='ltr'><strong>nobis</strong></span> <span class='ocrx_word' id='word_1_727' title='bbox 1483 5111 1686 5179; x_wconf 82' lang='lat' dir='ltr'><strong>concipi</strong></span> <span class='ocrx_word' id='word_1_728' title='bbox 1710 5110 1788 5165; x_wconf 85' lang='lat' dir='ltr'><strong>vel</strong></span> <span class='ocrx_word' id='word_1_729' title='bbox 1810 5109 2155 5180; x_wconf 81' lang='lat' dir='ltr'><strong>intelligentia</strong></span> <span class='ocrx_word' id='word_1_730' title='bbox 2178 5112 2375 5181; x_wconf 84' lang='lat' dir='ltr'><strong>percipi</strong></span> <span class='ocrx_word' id='word_1_731' title='bbox 2396 5123 2637 5183; x_wconf 78' lang='lat' dir='ltr'><strong>possunt.</strong></span> 
     </span>
    </p>
   </div>
   <div class='ocr_carea' id='block_1_92' title="bbox 389 5237 1891 5319">
    <p class='ocr_par' dir='ltr' id='par_1_92' title="bbox 389 5237 1891 5319">
     <span class='ocr_line' id='line_1_92' title="bbox 389 5237 1891 5319; baseline 0.005 -25"><span class='ocrx_word' id='word_1_732' title='bbox 389 5237 554 5305; x_wconf 78' lang='grc' dir='ltr'>Αὖθις</span> <span class='ocrx_word' id='word_1_733' title='bbox 570 5242 626 5295; x_wconf 82' lang='grc' dir='ltr'>δὲ</span> <span class='ocrx_word' id='word_1_734' title='bbox 640 5241 881 5305; x_wconf 85' lang='grc' dir='ltr'>ἀνιόντες</span> <span class='ocrx_word' id='word_1_735' title='bbox 896 5243 1178 5315; x_wconf 74' lang='grc' dir='ltr'>λέγομενθ,</span> <span class='ocrx_word' id='word_1_736' title='bbox 1192 5244 1266 5309; x_wconf 85' lang='grc' dir='ltr'>ὡς</span> <span class='ocrx_word' id='word_1_737' title='bbox 1282 5244 1405 5299; x_wconf 72' lang='grc' dir='ltr'>οὔτε</span> <span class='ocrx_word' id='word_1_738' title='bbox 1420 5245 1565 5319; x_wconf 74' lang='grc' dir='ltr'>ψυχή</span> <span class='ocrx_word' id='word_1_739' title='bbox 1585 5247 1752 5312; x_wconf 74' lang='grc' dir='ltr'>ἐστιν,</span> <span class='ocrx_word' id='word_1_740' title='bbox 1766 5246 1891 5301; x_wconf 70' lang='grc' dir='ltr'>οὔτε</span> 
     </span>
    </p>
   </div>
   <div class='ocr_carea' id='block_1_93' title="bbox 320 5334 1885 5411">
    <p class='ocr_par' dir='ltr' id='par_1_93' title="bbox 320 5334 1885 5411">
     <span class='ocr_line' id='line_1_93' title="bbox 320 5334 1885 5411; baseline 0.003 -23"><span class='ocrx_word' id='word_1_741' title='bbox 320 5334 440 5399; x_wconf 68' lang='grc' dir='ltr'>δοῦς</span> <span class='ocrx_word' id='word_1_742' title='bbox 460 5353 473 5365; x_wconf 87' lang='grc'><strong>·</strong></span> <span class='ocrx_word' id='word_1_743' title='bbox 495 5334 618 5388; x_wconf 74' lang='grc' dir='ltr'>οὔτε</span> <span class='ocrx_word' id='word_1_744' title='bbox 636 5337 956 5405; x_wconf 84' lang='grc' dir='ltr'>φαντασίαν,</span> <span class='ocrx_word' id='word_1_745' title='bbox 983 5336 1015 5407; x_wconf 87' lang='grc' dir='ltr'>ἢ</span> <span class='ocrx_word' id='word_1_746' title='bbox 1036 5336 1212 5403; x_wconf 79' lang='grc' dir='ltr'>δόξαν,</span> <span class='ocrx_word' id='word_1_747' title='bbox 1231 5337 1263 5409; x_wconf 81' lang='grc' dir='ltr'>ἢ</span> <span class='ocrx_word' id='word_1_748' title='bbox 1284 5337 1459 5407; x_wconf 87' lang='grc' dir='ltr'>λόγον,</span> <span class='ocrx_word' id='word_1_749' title='bbox 1483 5338 1515 5409; x_wconf 81' lang='grc' dir='ltr'>ἢ</span> <span class='ocrx_word' id='word_1_750' title='bbox 1538 5339 1723 5411; x_wconf 91' lang='grc' dir='ltr'>νόησιν</span> <span class='ocrx_word' id='word_1_751' title='bbox 1739 5338 1852 5411; x_wconf 75' lang='grc' dir='ltr'>ἔχει</span> <span class='ocrx_word' id='word_1_752' title='bbox 1870 5356 1885 5369; x_wconf 88' lang='grc'><strong>·</strong></span> 
     </span>
    </p>
   </div>
   <div class='ocr_carea' id='block_1_94' title="bbox 309 5428 1888 5501">
    <p class='ocr_par' dir='ltr' id='par_1_94' title="bbox 309 5428 1888 5501">
     <span class='ocr_line' id='line_1_94' title="bbox 309 5428 1888 5501; baseline 0.001 -20"><span class='ocrx_word' id='word_1_753' title='bbox 309 5429 436 5482; x_wconf 81' lang='grc' dir='ltr'>οὐδὲ</span> <span class='ocrx_word' id='word_1_754' title='bbox 468 5429 624 5498; x_wconf 86' lang='grc' dir='ltr'>λόγος</span> <span class='ocrx_word' id='word_1_755' title='bbox 669 5430 850 5494; x_wconf 75' lang='grc' dir='ltr'>ἐστὶν,</span> <span class='ocrx_word' id='word_1_756' title='bbox 896 5428 1021 5482; x_wconf 75' lang='grc' dir='ltr'>οὔτε</span> <span class='ocrx_word' id='word_1_757' title='bbox 1069 5431 1286 5499; x_wconf 85' lang='grc' dir='ltr'>νόησις·</span> <span class='ocrx_word' id='word_1_758' title='bbox 1322 5431 1445 5485; x_wconf 85' lang='grc' dir='ltr'>οὐδὲ</span> <span class='ocrx_word' id='word_1_759' title='bbox 1492 5430 1708 5501; x_wconf 85' lang='grc' dir='ltr'>λέγεται</span> <span class='ocrx_word' id='word_1_760' title='bbox 1761 5432 1888 5485; x_wconf 74' lang='grc' dir='ltr'>οὔτε</span> 
     </span>
    </p>
   </div>
   <div class='ocr_carea' id='block_1_95' title="bbox 311 5518 1893 5593">
    <p class='ocr_par' dir='ltr' id='par_1_95' title="bbox 311 5518 1893 5593">
     <span class='ocr_line' id='line_1_95' title="bbox 311 5518 1893 5593; baseline -0.001 -17"><span class='ocrx_word' id='word_1_761' title='bbox 311 5522 523 5576; x_wconf 83' lang='grc' dir='ltr'>νοεῖται</span> <span class='ocrx_word' id='word_1_762' title='bbox 540 5537 553 5549; x_wconf 81' lang='grc'><em>’</em></span> <span class='ocrx_word' id='word_1_763' title='bbox 574 5518 699 5573; x_wconf 73' lang='grc' dir='ltr'>οὔτε</span> <span class='ocrx_word' id='word_1_764' title='bbox 715 5521 945 5593; x_wconf 84' lang='grc' dir='ltr'>ἀριθμός</span> <span class='ocrx_word' id='word_1_765' title='bbox 969 5522 1137 5587; x_wconf 74' lang='grc' dir='ltr'>ἐστιν,</span> <span class='ocrx_word' id='word_1_766' title='bbox 1154 5520 1277 5575; x_wconf 75' lang='grc' dir='ltr'>οὗτε</span> <span class='ocrx_word' id='word_1_767' title='bbox 1309 5521 1478 5589; x_wconf 77' lang='grc' dir='ltr'>τάξις,</span> <span class='ocrx_word' id='word_1_768' title='bbox 1499 5521 1621 5576; x_wconf 72' lang='grc' dir='ltr'>οὔτε</span> <span class='ocrx_word' id='word_1_769' title='bbox 1645 5521 1893 5593; x_wconf 86' lang='grc' dir='ltr'>μέγεθος,</span> 
     </span>
    </p>
   </div>
   <div class='ocr_carea' id='block_1_96' title="bbox 2071 5249 3584 5321">
    <p class='ocr_par' dir='ltr' id='par_1_96' title="bbox 2071 5249 3584 5321">
     <span class='ocr_line' id='line_1_96' title="bbox 2071 5249 3584 5321; baseline 0.003 -19"><span class='ocrx_word' id='word_1_770' title='bbox 2071 5249 2283 5303; x_wconf 82' lang='lat' dir='ltr'><strong>Rursus</strong></span> <span class='ocrx_word' id='word_1_771' title='bbox 2327 5256 2511 5302; x_wconf 88' lang='lat' dir='ltr'><strong>autem</strong></span> <span class='ocrx_word' id='word_1_772' title='bbox 2552 5249 2914 5305; x_wconf 89' lang='lat' dir='ltr'><strong>ascendentes</strong></span> <span class='ocrx_word' id='word_1_773' title='bbox 2955 5251 3227 5317; x_wconf 87' lang='lat' dir='ltr'><strong>dicimus,</strong></span> <span class='ocrx_word' id='word_1_774' title='bbox 3281 5254 3424 5321; x_wconf 92' lang='lat' dir='ltr'><strong>quod</strong></span> <span class='ocrx_word' id='word_1_775' title='bbox 3483 5264 3584 5307; x_wconf 90' lang='lat' dir='ltr'><strong>nec</strong></span> 
     </span>
    </p>
   </div>
   <div class='ocr_carea' id='block_1_97' title="bbox 2001 5341 3585 5411">
    <p class='ocr_par' dir='ltr' id='par_1_97' title="bbox 2001 5341 3585 5411">
     <span class='ocr_line' id='line_1_97' title="bbox 2001 5341 3585 5411; baseline 0.001 -16"><span class='ocrx_word' id='word_1_776' title='bbox 2001 5343 2182 5395; x_wconf 86' lang='lat' dir='ltr'><strong>anima</strong></span> <span class='ocrx_word' id='word_1_777' title='bbox 2212 5341 2308 5402; x_wconf 91' lang='lat' dir='ltr'><strong>sit,</strong></span> <span class='ocrx_word' id='word_1_778' title='bbox 2340 5353 2513 5408; x_wconf 90' lang='lat' dir='ltr'><strong>neque</strong></span> <span class='ocrx_word' id='word_1_779' title='bbox 2536 5354 2708 5405; x_wconf 89' lang='lat' dir='ltr'><strong>mens,</strong></span> <span class='ocrx_word' id='word_1_780' title='bbox 2740 5356 2844 5395; x_wconf 89' lang='lat' dir='ltr'><strong>nec</strong></span> <span class='ocrx_word' id='word_1_781' title='bbox 2867 5341 3338 5411; x_wconf 87' lang='lat' dir='ltr'><strong>imaginationem,</strong></span> <span class='ocrx_word' id='word_1_782' title='bbox 3361 5342 3442 5397; x_wconf 87' lang='lat' dir='ltr'><strong>vel</strong></span> <span class='ocrx_word' id='word_1_783' title='bbox 3468 5344 3585 5411; x_wconf 88' lang='lat' dir='ltr'><strong>opi-</strong></span> 
     </span>
    </p>
   </div>
   <div class='ocr_carea' id='block_1_98' title="bbox 2002 5429 3580 5503">
    <p class='ocr_par' dir='ltr' id='par_1_98' title="bbox 2002 5429 3580 5503">
     <span class='ocr_line' id='line_1_98' title="bbox 2002 5429 3580 5503; baseline -0.001 -17"><span class='ocrx_word' id='word_1_784' title='bbox 2002 5433 2245 5497; x_wconf 90' lang='lat' dir='ltr'><strong>nionem,</strong></span> <span class='ocrx_word' id='word_1_785' title='bbox 2300 5429 2386 5484; x_wconf 89' lang='lat' dir='ltr'><strong>vel</strong></span> <span class='ocrx_word' id='word_1_786' title='bbox 2431 5429 2718 5493; x_wconf 87' lang='lat' dir='ltr'><strong>ratiouem,</strong></span> <span class='ocrx_word' id='word_1_787' title='bbox 2754 5431 2840 5486; x_wconf 88' lang='lat' dir='ltr'><strong>vel</strong></span> <span class='ocrx_word' id='word_1_788' title='bbox 2888 5431 3301 5503; x_wconf 85' lang='lat' dir='ltr'><strong>intelligentiam</strong></span> <span class='ocrx_word' id='word_1_789' title='bbox 3347 5432 3580 5497; x_wconf 89' lang='lat' dir='ltr'><strong>habeat;</strong></span> 
     </span>
    </p>
   </div>
   <div class='ocr_carea' id='block_1_99' title="bbox 2008 5523 3582 5595">
    <p class='ocr_par' dir='ltr' id='par_1_99' title="bbox 2008 5523 3582 5595">
     <span class='ocr_line' id='line_1_99' title="bbox 2008 5523 3582 5595; baseline 0.001 -17"><span class='ocrx_word' id='word_1_790' title='bbox 2008 5538 2186 5594; x_wconf 87' lang='lat' dir='ltr'><strong>neque</strong></span> <span class='ocrx_word' id='word_1_791' title='bbox 2229 5535 2414 5579; x_wconf 90' lang='lat' dir='ltr'><strong>sermo</strong></span> <span class='ocrx_word' id='word_1_792' title='bbox 2447 5528 2551 5586; x_wconf 86' lang='lat' dir='ltr'><strong>est,</strong></span> <span class='ocrx_word' id='word_1_793' title='bbox 2602 5536 2777 5592; x_wconf 82' lang='lat' dir='ltr'><strong>neque</strong></span> <span class='ocrx_word' id='word_1_794' title='bbox 2816 5523 3210 5595; x_wconf 84' lang='lat' dir='ltr'><strong>intelligentia;</strong></span> <span class='ocrx_word' id='word_1_795' title='bbox 3241 5537 3418 5594; x_wconf 88' lang='lat' dir='ltr'><strong>neque</strong></span> <span class='ocrx_word' id='word_1_796' title='bbox 3445 5524 3582 5579; x_wconf 87' lang='lat' dir='ltr'><strong>dici-</strong></span> 
     </span>
    </p>
   </div>
   <div class='ocr_carea' id='block_1_100' title="bbox 1614 5680 2310 5739">
    <p class='ocr_par' dir='ltr' id='par_1_100' title="bbox 1614 5680 2310 5739">
     <span class='ocr_line' id='line_1_100' title="bbox 1614 5680 2310 5739; baseline 0.003 -2"><span class='ocrx_word' id='word_1_797' title='bbox 1614 5680 1850 5737; x_wconf 67' lang='lat' dir='ltr'><strong>VARIIE</strong></span> <span class='ocrx_word' id='word_1_798' title='bbox 1907 5680 2310 5739; x_wconf 84' lang='lat' dir='ltr'><strong>LECTIONES.</strong></span> 
     </span>
    </p>
   </div>
   <div class='ocr_carea' id='block_1_101' title="bbox 394 5799 1014 5872">
    <p class='ocr_par' dir='ltr' id='par_1_101' title="bbox 394 5799 1014 5872">
     <span class='ocr_line' id='line_1_101' title="bbox 394 5799 1014 5872; baseline 0.005 -20"><span class='ocrx_word' id='word_1_799' title='bbox 394 5800 416 5831; x_wconf 81' lang='grc'>⁸</span> <span class='ocrx_word' id='word_1_800' title='bbox 449 5799 717 5872; x_wconf 67' lang='grc' dir='ltr'>λέγωμεν,</span> <span class='ocrx_word' id='word_1_801' title='bbox 756 5802 813 5858; x_wconf 86' lang='lat' dir='ltr'><strong>S.</strong></span> <span class='ocrx_word' id='word_1_802' title='bbox 838 5800 897 5856; x_wconf 85' lang='grc' dir='ltr'><strong>Ρ.</strong></span> <span class='ocrx_word' id='word_1_803' title='bbox 924 5800 1014 5859; x_wconf 88' lang='lat' dir='ltr'><strong>Sc.</strong></span> 
     </span>
    </p>
   </div>
  </div>
