3866 6232
395 336 527 390 1047

1574 342 1631 398 S.
1671 340 1832 396 ΒΙοΝ
1842 339 1973 395 YSll
2009 336 2477 397 AREOPAGITE

3517 330 3657 387 i048

382 462 471 504 tur
495 451 576 506 vel
603 452 958 525 intelligitur;
985 470 1165 527 neque
1186 472 1441 512 numerus
1467 466 1569 525 est,
1600 473 1775 527 neque
1800 459 1955 523 ordo,

2065 455 2187 509 οὔτε
2236 456 2569 527 σμικρότης,
2612 453 2737 508 οὔτε
2779 452 2983 524 ἰσότης,
3020 452 3149 508 οὔτε
3199 452 3486 522 ἀνισότης,
3534 449 3661 503 οὔτε

379 558 557 611 neque
580 547 917 615 magnitudo,
949 562 1125 617 neque
1154 548 1417 617 parvitas,
1437 564 1613 621 neque
1643 549 1951 620 aequalitas,

378 649 558 703 neque
592 636 889 691 similitudo
911 679 925 700 ,
956 653 1132 707 neque
1162 639 1582 708 dissimilitudo;
1614 655 1789 712 neque
1822 649 1952 707 stat,

375 740 553 794 neque
577 738 845 794 movetur,
882 745 1057 800 neque
1083 731 1339 800 quiescit,
1366 747 1538 802 neque
1564 732 1731 787 habet
1762 743 1957 802 poten-

375 816 549 884 tiam;
593 834 694 874 nec
732 830 814 875 est
843 822 1103 891 potentia,
1144 838 1319 893 neque
1359 823 1565 889 lumen,
1594 839 1767 894 neque
1800 824 1952 890 vivit,

374 924 552 981 neque
576 913 682 965 vita
699 923 804 977 est,
827 929 1002 984 neque
1027 913 1330 970 substantia
1353 926 1458 982 est,
1485 931 1659 987 neque
1676 917 1953 983 saeculum,

377 1020 556 1075 neque
588 1015 821 1071 tempus,
858 1022 958 1063 nec
988 1018 1072 1063 est
1106 1008 1226 1076 ejus
1256 1011 1423 1065 tactio
1465 1010 1821 1075 lntellectilis,
1857 1022 1955 1063 ne-

374 1112 479 1167 que
516 1097 764 1161 scientia,
809 1113 983 1168 neque
1019 1100 1218 1155 veritas
1248 1110 1357 1166 est,
1386 1118 1561 1173 neque
1586 1117 1836 1171 regnum,
1870 1115 1957 1155 ne-

374 1206 480 1259 que
512 1192 803 1260 sapientia,
853 1209 953 1248 nec
987 1209 1153 1247 unum
1178 1234 1193 1259 ,
1237 1208 1337 1249 nec
1366 1195 1571 1259 unitas,
1615 1208 1791 1265 neque
1820 1195 1959 1251 divi—

374 1283 543 1347 nitas,
599 1299 777 1353 neque
837 1285 1075 1350 bonitas,
1132 1300 1309 1354 neque
1355 1286 1582 1355 spiritus
1621 1295 1728 1351 est,
1768 1296 1826 1342 ut
1859 1303 1959 1342 nos

374 1374 626 1443 spiritum
672 1376 1088 1441 COgnoscimus;
1139 1391 1240 1430 nec
1274 1384 1358 1431 est
1392 1375 1607 1441 llliatio,
1647 1391 1823 1446 neque
1863 1393 1959 1446 pa-

376 1468 632 1530 ternitas,
684 1482 785 1521 nec
834 1468 980 1521 aliud
1027 1468 1321 1537 quidquam
1365 1485 1577 1534 eorum,
1618 1486 1739 1541 quae
1779 1473 1954 1535 nobis.

374 1568 470 1611 aut
518 1558 609 1610 ulli
657 1574 843 1613 eorum
879 1561 970 1629 qui
1016 1570 1161 1626 sunt,
1214 1562 1429 1629 cognita
1458 1572 1612 1627 sunt;
1656 1578 1830 1633 neque
1854 1564 1957 1618 ali-

373 1647 503 1713 quid
542 1664 731 1702 eorum
771 1664 890 1718 quae
917 1664 1023 1703 non
1054 1660 1201 1712 sunt,
1236 1665 1408 1719 neque
1444 1665 1565 1720 qum
1589 1662 1746 1717 sunt;
1784 1669 1959 1722 neque

373 1755 497 1808 quae
526 1749 657 1794 sunt
696 1755 816 1794 eam
860 1752 1202 1811 cognoscunt
1245 1750 1514 1810 quatenus
1550 1752 1655 1808 est,
1702 1758 1803 1798 nec
1842 1744 1956 1814 ipsa

2060 549 2374 622 ὁμοιότηςῆ
2414 546 2766 620 ἀνομοιότης·
2802 546 2924 600 οὔτε
2961 547 3210 618 ἕστηκεν,
3247 545 3371 599 οὔτε
3402 546 3659 608 κινεῖται,

2060 641 2184 696 οὔτε
2218 642 2450 713 ἡσυχίαν
2482 640 2639 710 ἄγει,
2674 638 2795 693 οὕτε
2835 639 2946 711 ἔχει
2979 639 3228 711 δύναμιν,
3269 637 3393 691 οὕτε
3428 636 3663 706 δύναμίς

2059 737 2228 799 ἔστιν,
2252 732 2378 787 οὔτε
2402 733 2519 803 φῶς
2538 750 2552 763 ·
2586 732 2711 786 οὗτε
2736 732 2824 802 ζῇ,
2854 730 2978 785 οὔτε
3007 730 3118 802 ζωή
3142 735 3322 785 ἐστιν’
3352 730 3477 783 οὐδὲ
3505 729 3664 782 οὐσία

2061 827 2229 892 ἐστὶν,
2253 825 2375 879 οὔτε
2414 824 2571 889 αἰὼν,
2608 823 2731 878 οὔτε
2765 824 2955 895 χρόνος
2974 842 2989 855 ·
3018 824 3139 877 οὐδὲ
3169 824 3350 893 ὲπαφή
3384 824 3536 875 ἔστιν
3565 822 3663 875 αὖ-

2057 919 2161 989 τῆς
2197 919 2391 989 νοητή·
2425 918 2547 972 οὔτε
2589 916 3024 990 ὲπιστήμη,οῠτε
3065 916 3292 985 ἀλήθειά
3319 918 3469 969 ἐστιν
3496 932 3511 944 ⁶
3541 914 3663 967 οὐδὲ

2064 1009 2331 1082 βασιλεία,
2350 1010 2472 1063 οὕτε
2492 1011 2651 1080 σοφία
2670 1028 2683 1041 ο
2702 1010 2823 1063 οὐδὲ
2839 1010 2918 1075 ἓν,
2935 1009 3055 1062 οὐδὲ
3072 1008 3278 1080 ἑνότης,
3296 1007 3417 1060 οὐδὲ
3440 1007 3659 1075 Θεὰτης,

2058 1101 2091 1172 ἢ
2113 1102 2407 1173 ὰγαθότης,
2426 1102 2546 1155 οὐδὲ
2573 1101 2793 1173 πνεῦμά
2822 1104 2968 1155 ἐστιν
2989 1102 3064 1165 ὼς
3091 1103 3240 1173 ἡμᾶς
3268 1100 3467 1153 εἰδέναι
3489 1117 3504 1129 ’
3536 1097 3664 1150 οὔτε

2062 1197 2267 1268 υἱότης,
2296 1196 2419 1250 οὔτε
2442 1196 2738 1268 πατρότης,
2770 1196 2891 1249 οὐδὲ
2921 1194 3049 1249 ἄλλο
3066 1213 3117 1247 τι
3145 1194 3254 1247 τῶν
3286 1195 3418 1265 ἡμῖν
3446 1192 3482 1263 ἦ
3514 1191 3664 1262 ἄλλῳ

2058 1290 2166 1341 τινὶ
2206 1288 2314 1340 τῶν
2343 1289 2511 1342 ὄντων
2551 1288 3009 1360 συνεγνωσμένων
3028 1305 3041 1317 ·
3073 1288 3194 1341 οὐδέ
3226 1304 3276 1340 τι
3302 1286 3415 1339 τῶν
3432 1288 3539 1339 οὐκ
3570 1284 3662 1336 ὅν-

2059 1397 2189 1444 των,
2245 1381 2366 1435 οὐδέ
2412 1398 2467 1434 τι
2504 1380 2613 1434 τῶν
2648 1382 2817 1435 ὄντων
2858 1382 3028 1443 ἐστὶν,
3066 1379 3187 1433 οὐδὲ
3224 1378 3294 1432 τὰ
3325 1378 3454 1431 ὄντα
3483 1378 3665 1447 αὐτὴν

2059 1472 2318 1541 γινώσκει
2424 1475 2561 1546 αὐτή
2599 1477 2776 1528 ἐστιν·
2814 1473 2937 1527 οὐδὲ
2969 1471 3104 1544 αὑτὴ
3137 1471 3393 1541 γινώσκει
3423 1470 3493 1523 τὰ
3532 1470 3667 1522 ὄντα

2060 1558 2094 1635 ᾖ
2135 1564 2262 1618 ὄντα
2305 1565 2486 1617 ἐστιν’
2529 1565 2649 1619 οὐδὲ
2690 1564 2847 1633 λόγος
2884 1565 3057 1634 αὐτῆς
3090 1567 3270 1625 ἐστιν,
3307 1562 3431 1616 οὔτε
3461 1562 3664 1631 ὄνομα,

2060 1656 2183 1710 οὔτε
2213 1656 2444 1725 γνῶσις·
2474 1658 2592 1711 οὐδὲ
2622 1659 2811 1722 σκότος
2850 1659 3019 1722 ἐστὶν,
3051 1656 3170 1710 οὐδὲ
3197 1654 3311 1724 φῶς
3330 1672 3343 1684 ·
3377 1654 3505 1707 οὔτε
3535 1653 3669 1706 πλά-

2063 1764 2150 1817 νη,
2195 1745 2318 1799 οὕτε
2364 1746 2621 1818 ἀλήθεια·
2665 1748 2785 1800 οὐδέ
2829 1750 2976 1801 ἐστιν
3015 1746 3185 1815 αὐτῆς
3219 1744 3448 1797 καθόλου
3487 1744 3665 1806 θέσις,

374 1832 655 1900 cognoscit
690 1846 810 1901 quae
848 1809 976 1885 sunt
1008 1809 1277 1901 quatenus
1307 1839 1467 1897 sunt;
1510 1845 1609 1886 nec
1641 1840 1727 1886 est
1758 1830 1831 1885 illi
1863 1809 1955 1885 ra-

2061 1809 2184 1887 05.1:
2226 1809 2541 1907 ἀφαίρεσις·
2582 1838 2717 1891 ἀλλὰ
2759 1837 2867 1891 τῶν
2904 1838 3019 1908 μετ’
3049 1809 3218 1907 αὐτ-ὴν
3243 1835 3343 1898 τὰς
3369 1835 3557 1899 θέσεις
3571 1836 3666 1895 καὶ

376 1922 453 1975 ιὶο
480 1962 494 1985 ,
531 1937 709 1992 neque
747 1930 967 1987 nomen‘,
1009 1936 1185 1990 neque
1216 1921 1452 1991 cognitio
1478 1933 1495 1986 ;
1521 1936 1695 1993 neque
1730 1922 1955 1977 tenebra

372 2027 480 2079 est,
508 2032 685 2085 neque
714 2018 919 2085 lumen,
959 2032 1059 2072 nec
1082 2032 1257 2079 error,
1286 2032 1461 2086 neque
1487 2017 1723 2081 veritas;
1754 2030 1855 2071 nec
1875 2022 1960 2071 est

373 2107 493 2171 ejus
520 2111 573 2161 in
606 2109 915 2165 universum
967 2110 1203 2177 positio,
1247 2110 1362 2178 nec}
1390 2110 1626 2175 ablatio;
1678 2110 1788 2162 imo
1832 2125 1955 2163 enm

373 2215 586 2260 eorum,
626 2215 744 2268 qua?
776 2212 894 2269 post
920 2201 1091 2269 ipsam
1122 2210 1281 2263 sunt,
1317 2202 1617 2272 positiones
1646 2210 1701 2255 et
1724 2201 1957 2256 ablatio-

374 2302 471 2340 hes
502 2286 753 2350 facimus,
786 2288 955 2355 ipsam
978 2304 1153 2356 neque
1172 2294 1443 2356 ponimus,
1474 2305 1650 2359 neque
1680 2291 1954 2349 tollimus:

2062 1929 2384 2000 ἀφαιρέσεις
2441 1929 2720 1992 ποιοῦντες
2770 1929 2981 2001 αὐτὴν,
3036 1928 3159 1981 οὔτε
3207 1929 3474 1999 τίθεμεν,
3539 1926 3664 1980 οὒτε

2063 2019 2406 2091 ἀφαιροῦμεν
2430 2039 2441 2053 ’
2474 2022 2594 2073 ἐπεὶ
2617 2022 2709 2075 καὶ
2741 2021 2881 2093 ὑπὲρ
2912 2022 3087 2075 πᾶσαν
3118 2020 3266 2073 θέσιν
3295 2021 3446 2073 ἐστὶν
3468 2023 3503 2091 ὴ
3538 2038 3666 2073 παν-

2061 2112 2219 2184 τελὴς
2243 2113 2337 2165 καὶ
2362 2112 2537 2165 ἐνιαία
2567 2112 2675 2166 τῶν
2694 2112 2909 2167 πάντων
2939 2114 2959 2143 ⁸
2985 2112 3156 2175 αἰτία,
3188 2113 3282 2165 καὶ
3309 2112 3456 2182 ὑπὲρ
3480 2114 3665 2166 πᾶσαν

2064 2204 2350 2274 ἀφαίρεσιν
2374 2202 2666 2273 ήὺπεροχὴ
2686 2202 2779 2255 τοῦ
2802 2202 3019 2255 πάντων
3042 2202 3227 2255 ἁπλῶς
3251 2201 3664 2271 ἀπολελυμένον

2064 2294 2156 2346 καὶ
2180 2294 2433 2346 ἐπέκεινα
2454 2295 2563 2349 τῶν
2586 2295 2739 2348 ὅλων.

374 2382 499 2449 quia
528 2395 690 2445 supra
728 2396 944 2436 onmem
975 2382 1300 2449 positionem
1348 2393 1433 2437 est
1464 2383 1743 2453 perlecta;
1782 2395 1837 2438 et
1876 2386 2169 2451 singularis
2219 2390 2461 2441 omnium
2513 2403 2716 2453 causa;
2760 2396 2817 2443 et
2860 2393 3024 2458 supra
3068 2401 3289 2443 omnem
3326 2386 3665 2448 ablationetn

374 2474 721 2543 exsuperatio
764 2475 1009 2530 omnium
1047 2475 1370 2545 simpliciter
1398 2478 1701 2544 abstracta,
1730 2487 1785 2533 et
1822 2478 1959 2532 ultra
1993 2482 2196 2535 nniuia.

1456 2686 1616 2759 573
1652 2686 2183 2743 ADNOTATIONES
2223 2684 2565 2741 CORDERII.

447 2799 559 2854 Pro
585 2797 797 2873 meliori
833 2800 1027 2856 hornm
1061 2802 1446 2873 intelligentia,
1481 2804 1812 2857 consulenda
1864 2814 1990 2858 sunt
2027 2806 2078 2857 in
2122 2802 2573 2873 Generalioribus
2615 2802 3119 2873 observationibus,
3147 2809 3342 2873 octava
3373 2811 3432 2856 et
3472 2819 3667 2864 nona.

376 2886 499 2945 qius
530 2884 594 2945 es
625 2868 1197 2945 Lessionotavimus;
1228 2868 1567 2945 a'pndqnem
1598 2876 1766 2928 etiam
1798 2875 1921 2929 vide
1948 2886 2110 2945 caput
2137 2876 2464 2941 secundum,
2492 2872 2635 2928 libro
2667 2875 2843 2944 primo
2870 2872 2948 2927 De
2978 2871 3389 2943 perfectionibus
3424 2873 3664 2943 divinis,

377 2942 469 2999 ubi
512 2942 622 3004 agit
651 2940 719 2991 de
754 2940 843 2994 Dei
879 2940 1559 3011 incompreltensihiliiate.

452 3012 565 3067 Nec
593 3012 775 3064 anima
800 3022 899 3073 est,
936 3030 1098 3082 neque
1126 3030 1294 3068 mens.
1326 3013 1431 3069 Per
1454 3016 1691 3068 animam
1722 3024 1978 3084 tanquam
2006 3031 2105 3085 per
2134 3023 2344 3084 partem
2372 3013 2612 3068 hominis
2637 3013 3019 3083 principalem,
3050 3012 3304 3085 designat
3329 3012 3623 3071 hominem
3648 3035 3665 3084 ;

377 3096 478 3205 rer
503 3091 740 3135 mentem
767 3096 897 3137 vero
914 3084 1164 3152 angelum
1198 3085 1471 3154 intelligit,
1503 3085 1594 3153 qui
1629 3084 2025 3150 deliniturvaﬁé
2050 3086 2181 3151 ζῶν,
2211 3085 2259 3139 id
2285 3094 2369 3137 est
2390 3100 2534 3137 mens
2558 3086 2693 3143 viva.
2720 3085 2927 3138 scilicet
2951 3085 3020 3138 ob
3052 3084 3392 3151 intelligendi
3430 3088 3670 3152 praeel-

399 3156 604 3205 entiam
638 3168 749 3205 orte
772 3155 983 3205 caeteris
1014 3156 1311 3205 creaturis.
1346 3155 1495 3205 Unde
1520 3172 1546 3205 a
1582 3155 1918 3205 nhilosonhis
1943 3158 2120 3205 angeli
2170 3157 2289 3205 κατ’
2313 3154 2507 3205 ὲΕονήν
2540 3155 2903 3205 intelliaentim
2929 3165 3332 3205 nttncnnantur.
3365 3153 3499 3205 Vult
3543 3158 3658 3205 ita-

399 3156 604 3225 entiam
638 3168 749 3225 pra;
772 3155 983 3209 caeteris
1014 3156 1311 3209 creaturis.
1346 3153 1495 3210 Unde
1520 3172 1546 3206 a
1582 3155 1918 3225 philosophis
1943 3158 2120 3225 angeli
2170 3157 2289 3210 κατ’
2313 3154 2507 3225 ἐξοχὴν
2540 3155 2903 3225 intelligentia:
2929 3165 3332 3223 mtucupantur.
3365 3153 3499 3209 Vult
3543 3158 3658 3210 ita-

378 3237 487 3295 que
515 3223 694 3295 dicere
726 3222 893 3295 Deum
938 3241 1113 3292 neque
1141 3226 1419 3280 hominem
1452 3222 1593 3279 esse,
1617 3222 2093 3295 neque-angelum,
2125 3238 2291 3295 atque
2328 3222 2471 3278 adeo
2495 3242 2657 3291 neque
2695 3222 3132 3295 imaginationem
3179 3225 3258 3277 vel
3308 3225 3651 3292 opinionem,

379 3294 465 3347 vel
494 3294 859 3366 rationem,vel
885 3295 1288 3366 intelligentiam
1309 3297 1516 3358 habere,
1540 3297 1631 3365 qui
1656 3305 1780 3349 sunt
1807 3294 2042 3365 quatuor
2069 3294 2268 3366 gradus
2297 3295 2645 3361 cognitionis.
2668 3297 2847 3365 Atque
2870 3295 3151 3366 inter_i|los
3180 3294 3401 3349 inﬁmus
3429 3298 3664 3363 quidem

378 3374 464 3434 est
496 3363 835 3432 imaginatio,
859 3382 978 3433 quae
999 3363 1082 3419 est
1112 3382 1291 3421 rerum
1316 3366 1498 3420 sensui
1530 3363 1896 3433 subiectarum
1917 3363 2190 3422 sensibilis
2208 3378 2262 3420 et
2285 3368 2498 3419 interna
2520 3363 2955 3434 repraesentatio.
2978 3364 3129 3419 Hanc
3145 3366 3413 3433 sequitur,
3433 3376 3492 3419 et
3518 3369 3577 3421 in
3601 3381 3669 3423 ea

378 3433 791 3505 fundamentum
824 3436 983 3505 habet
1015 3438 1217 3505 Opinio,
1246 3452 1366 3504 quae
1402 3448 1483 3490 est
1527 3437 1775 3490 assensio
1807 3439 2002 3491 debilis
2046 3440 2241 3491 animae
2277 3436 2525 3499 rationis,
2555 3433 2947 3504 probabilitate
2974 3436 3193 3502 quidem
3225 3434 3375 3498 nixa,
3406 3437 3505 3489 sed
3552 3455 3663 3491 non

380 3504 607 3558 omnino
628 3518 825 3575 expers
848 3503 1182 3563 formidinis.
1209 3503 1453 3561 Tertium
1492 3506 1668 3560 locum
1697 3517 1844 3561 tenet
1877 3510 2040 3573 ratio,
2069 3510 2121 3561 i'd
2175 3516 2257 3561 est
2289 3503 2697 3575 scientia,qua3
2728 3506 3146 3560 ratiocinatione
3186 3520 3278 3559 seu
3306 3506 3668 3560 demonstra-

384 3575 541 3647 tione
565 3574 765 3628 oritur.
799 3574 1069 3641 Quartum
1097 3578 1337 3646 denique
1372 3586 1427 3631 et
1462 3592 1779 3646 supremum
1813 3578 2041 3647 gradum
2076 3579 2291 3631 obtinet
2337 3590 2496 3629 mens
2547 3574 2641 3630 seu
2690 3577 3085 3647 intelligentia,
3112 3591 3249 3647 quae,
3284 3586 3372 3630 est
3415 3591 3564 3643 pura
3614 3588 3672 3631 et

382 3643 825 3717 simplexrerum
860 3643 1289 3717 contemplatio;
1321 3647 1503 3717 qualis
1532 3643 1852 3717 angelorum
1884 3650 2104 3717 propria
2136 3659 2239 3707 est.
2268 3656 2324 3700 et
2355 3647 2421 3698 de
2450 3648 2674 3717 speciali
2716 3643 2953 3715 quadam
2984 3646 3077 3701 Dei
3112 3643 3287 3714 gratia
3311 3647 3364 3699 in
3390 3648 3673 3713 spiritua-

381 3713 523 3789 libus
550 3714 876 3789 q_uibusdam
915 3716 1048 3771 viris
1082 3713 1147 3772 ac
1196 3713 1463 3789 mysticis
1490 3713 1757 3787 theologis
1788 3713 2117 3788 quandoque
2147 3718 2440 3787 reperitur.
2486 3716 2613 3789 llos,
2635 3713 3424 3789 igiturromnesicognoscendi
3458 3720 3671 3771 modos

380 3784 473 3857 hic
507 3800 535 3837 a
572 3784 679 3837 Deo
709 3795 981 3851 removet,
1013 3790 1105 3856 qui
1147 3784 1370 3841 omnino
1398 3788 1501 3844 alia
1543 3784 1756 3843 ratione
1786 3784 2043 3857 intelligit
2078 3784 2341 3857 quidquid
2380 3784 2679 3857 intelligit:
2709 3788 2925 3842 scilicet
2970 3788 3176 3855 seipso,
3224 3787 3376 3839 nullo
3410 3788 3671 3841 interve-

382 3855 570 3926 niente
598 3862 720 3907 actu
754 3870 783 3908 a
817 3871 876 3910 se
913 3855 1197 3923 distincto,
1223 3868 1284 3912 ut
1312 3860 1481 3912 verbo
1506 3860 1709 3922 dicam,
1743 3855 2210 3926 incomprehense.
2233 3855 2387 3912 ’Hinc
2434 3855 2597 3925 neque
2630 3874 2803 3914 sermo
2840 3868 2940 3917 est,
2986 3873 3093 3926 quo
3139 3858 3350 3911 scilicet
3404 3860 3671 3912 homines

381 3925 704 3999 loquuntur,
728 3943 889 3999 neque
916 3928 1289 3997 intelligentia,
1317 3929 1460 3997 quali
1487 3941 1718 3981 utuntur
1745 3925 1960 3996 angeli;
1989 3947 2157 3998 neque
2180 3929 2399 3991 dicitur,
2430 3929 2508 3983 vel
2536 3930 2873 3999 intelligitur,
2906 3925 3109 3996 quippe
3154 3928 3582 3999 innotninahilis
3615 3939 3670 3981 et

387 3994 853 4070 inintelligibilis,
875 4007 941 4070 Aut
972 3994 1114 4070 saepe
1139 3994 1346 4070 dictum
1381 4012 1487 4052 est.
1517 3999 1747 4070 Pulchre
1787 3994 2290 4070 Syrtesins'hymno
2326 4010 2523 4067 quarto
2556 4002 2621 4053 de
2662 3994 2771 4053 Deo
2801 4000 2946 4053 trino
2978 3994 3193 4070 e't’utto,
3220 3997 3389 4070 Deum
3430 3998 3666 4051 Patrem

383 4066 666 4147 invocans,
691 4066 787 4129 ait,
808 4067 991 4147 Iidvcsp
1010 4068 1255 4147 ᾶγνωσςε
1272 4068 1395 4147 νοῳ,
1418 4070 1625 4147 ἇρῤηῖε
1644 4069 1808 4142 λόγῳ,
1830 4066 1955 4147 'ch

2061 4066 2655 4147 bitislihro’primo,De
2680 4086 2809 4139 quo,
2833 4070 3031 4137 inquit,
3052 4067 3187 4119 nihil
3206 4067 3308 4120 dici
3334 4076 3397 4147 et_
3412 4070 3663 4136 exprimi

385 4137 700 4209 mortalium
742 4139 888 4206 potis
925 4137 1009 4193 est
1040 4137 1787 4208 significatiOne’verhoruni,
1816 4140 1906 4209 qui
1939 4151 1996 4192 ut
2025 4141 2371 4209 intelligaris,
2402 4137 2708 4209 tacendum'
2723 4151 2833 4206 est;
2868 4150 3036 4207 atque
3058 4147 3129 4209 rut
3161 4152 3259 4205 per
3285 4139 3550 4209 umbram
3607 4150 3664 4192 te

387 4208 559 4278 possit
583 4223 781 4262 errans
809 4207 1144 4277 investigare
1194 4210 1456 4278 suspicio,
1492 4209 1629 4264 nihil
1654 4220 1737 4263 est
1770 4207 1993 4264 omnino
2037 4207 2410 4265 metuendum.
2446 4208 2562 4265 Non
2595 4219 2679 4264 est
2723 4211 2941 4270 mirmn,
2978 4209 3021 4261 si
3054 4207 3365 4277 ignoraris;
3421 4209 3669 4275 majoris

388 4277 774 4349 admirationis
803 4290 912 4345 εει,
943 4282 986 4334 si
1019 4280 1235 4334 sciaris.
1278 4277 1422 4345 Quin
1452 4288 1508 4333 et
1539 4290 1731 4349 argute
1765 4281 2104 4346 Augustinus
2138 4282 2278 4335 libro
2318 4282 2492 4349 primo
2529 4279 2606 4334 De
2633 4280 2879 4334 doctrina
2909 4279 3203 4331 christiana
3226 4278 3409 4349 capite
3461 4281 3668 4346 quinto

386 4358 439 4400 et
468 4356 636 4423 sexto
660 4347 1279 4423 :_Diximusnetinquit,
1308 4349 1514 4423 aliquid
1561 4346 1925 4423 etsunttitnus
1960 4351 2161 4423 aliquid
2184 4346 2404 4423 dignum
2433 4351 2588 4423 Deo?
2615 4351 2888 4423 [movero
2911 4364 2997 4402 me
3028 4349 3159 4423 nihil
3192 4346 3336 4423 aliud
3364 4363 3542 4423 quam
3568 4350 3665 4423 gi-

386 4432 519 4489 fere
551 4417 791 4489 voluisse
815 4421 1014 4475 sentio.
1052 4419 1110 4475 Si
1137 4417 1325 4475 autem
1360 4417 1493 4485 dixi,
1532 4437 1637 4474 non
1668 4430 1751 4473 est
1781 4422 1883 4475 hoc
1918 4417 2063 4489 quod
2090 4417 2271 4475 dicere
2301 4422 2467 4477 volui.
2502 4422 2615 4475 Hoc
2645 4420 2786 4474 unde
2814 4421 2953 4481 scio,
2987 4419 3091 4471 ttisi
3125 4417 3254 4487 quia
3284 4417 3431 4489 Deus
3464 4417 3666 4471 inem-

384 4487 518 4561 bilis
548 4489 678 4541 est?
708 4488 860 4555 Quod
892 4502 1075 4545 autem
1110 4507 1138 4543 a
1180 4506 1265 4545 me
1289 4493 1494 4547 dictum
1525 4502 1629 4551 est,
1662 4491 1715 4561 si
1741 4487 2013 4547 inell'abile
2045 4494 2229 4545 esset?
2257 4500 2313 4543 at
2358 4506 2453 4561 per
2478 4492 2580 4545 hoc
2616 4508 2683 4544 ne
2708 4489 2997 4544 ineliabilis
3027 4489 3244 4561 quidem
3274 4488 3545 4561 dicendus
3579 4500 3663 4541 est

387 4555 562 4631 Deus,
582 4561 708 4631 quia
756 4570 809 4614 et
841 4562 940 4615 hoc
972 4577 1093 4616 cum
1137 4562 1358 4625 dicitur,
1386 4561 1588 4631 aliquid
1616 4560 1850 4631 dicitur;
1878 4572 1935 4619 et
1965 4563 2023 4614 tit
2060 4562 2244 4615 nescio
2272 4555 2391 4629 qua:
2422 4576 2598 4629 pugna
2652 4566 2982 4625 verborum;
3014 4555 3267 4626 quoniam
3316 4561 3359 4611 si
3412 4560 3545 4611 illud
3576 4569 3662 4612 est

384 4626 656 4702 incilabile
700 4634 842 4699 quod
885 4633 990 4685 dici
1024 4648 1131 4686 non
1165 4641 1363 4698 potest,
1386 4626 1493 4686 non
1537 4640 1619 4687 est
1650 4630 1923 4687 inell'abile
1954 4632 2096 4702 quod
2137 4631 2222 4686 vel
2253 4626 2521 4686 ineffabile
2562 4631 2670 4686 dici
2711 4642 2925 4702 potest;
2957 4644 3081 4700 qua:
3122 4643 3304 4698 pugna
3355 4633 3661 4684 verborum

384 4699 605 4771 silentio
634 4702 870 4754 cavenda
903 4704 1101 4770 potius,
1140 4719 1300 4771 quam
1343 4718 1476 4760 voce
1503 4704 1737 4771 paranda
1771 4713 1873 4757 est.
1972 4699 1987 4702 ⁷
2713 4699 2729 4702 ἡ
2954 4708 2958 4712 ’

462 4766 643 4837 Neque
670 4766 922 4843 numerus
951 4786 1050 4843 est.
1081 4766 1214 4840 Quia
1245 4788 1343 4839 per
1370 4789 1426 4827 se
1455 4766 1653 4837 unitas,
1695 4782 1748 4825 et
1776 4775 1924 4828 solus
1953 4789 2080 4827 vera
2108 4772 2312 4837 unitas,
2357 4787 2387 4828 a
2435 4788 2538 4843 qua
2576 4772 2755 4827 omnis
2785 4787 3067 4835 numerus,
3098 4788 3221 4826 cum
3251 4771 3321 4825 sit
3345 4785 3513 4839 supra
3554 4786 3658 4823 nu-

389 4854 627 4913 merum.
658 4840 839 4913 Neque
861 4842 1015 4908 ordo,
1049 4859 1171 4897 cum
1209 4844 1297 4897 hic
1321 4844 1393 4897 sit
1434 4844 1575 4897 inter
1600 4845 1833 4903 diversa,
1871 4845 2012 4899 Deus
2036 4857 2216 4898 autem
2250 4840 2652 4913 perfectissime
2681 4858 2821 4895 unus
2853 4853 2905 4896 et
2938 4844 3080 4896 idem
3125 4845 3288 4901 Deus.
3332 4844 3406 4913 ita
3439 4850 3498 4895 ut
3552 4856 3657 4894 nec

389 4910 442 4975 in
478 4910 726 4991 personis
753 4913 955 4966 divinis
984 4914 1217 4991 situllus
1249 4915 1386 4967 ordo
1422 4914 1727 4991 dignitatis,
1762 4915 1854 4965 sed
1886 4925 2097 4968 tantum
2141 4910 2369 4983 originis
2396 4927 2449 4970 et
2478 4914 2866 4983 processionis.
2906 4912 3462 4991 Neqneptagnitudo,
3487 4928 3656 4991 neque

388 4982 645 5053 paruitas,
673 4996 835 5051 neque
867 4984 1169 5053 wqttalitas,
1206 5000 1367 5052 neque
1410 4983 1728 5048 similitudo,
1780 4999 1944 5053 neque
1985 4995 2112 5049 stat,
2158 4982 2321 5052 neque
2362 4982 2616 5046 moretur,
2643 5000 2806 5050 neque
2827 4985 3070 5053 quiescit.
3106 4986 3177 5038 De
3209 4982 3389 5037 ‘hisce
3420 4987 3656 5051 singulis

386 5052 614 5103 consule
648 5062 1031 5124 caputnnnum
1061 5052 1138 5108 De
1168 5056 1361 5109 divinis
1387 5055 1708 5121 nominibus,
1738 5066 1791 5109 et
1822 5052 2027 5109 ibidem
2058 5067 2278 5109 nostras
2310 5056 2713 5110 adttotationes.
2751 5054 2935 5124 Neque
2962 5056 3118 5108 habet
3140 5054 3455 5124 potentiam.
3490 5068 3657 5120 neque

387 5129 467 5179 est
500 5122 755 5195 potentia.
794 5124 926 5178 Vide
967 5127 1032 5176 de
1070 5126 1157 5180 his
1188 5142 1308 5195 qua:
1336 5126 1477 5179 dicta
1512 5137 1638 5180 sunt
1664 5128 1844 5194 capite
1874 5138 2069 5180 octavo
2091 5136 2143 5181 et
2176 5126 2387 5181 decimo
2415 5126 2494 5180 De
2531 5126 2723 5178 divinis
2764 5122 3090 5179 nominibus.
3126 5122 3307 5195 Neque
3337 5126 3533 5189 lumen,
3563 5140 3654 5174 ne-

386 5206 487 5268 que
515 5192 621 5253 vita
644 5195 894 5257 est;vide
928 5195 1125 5268 ibidem
1160 5192 1327 5265 caput
1358 5208 1597 5251 sextum.
1629 5192 1814 5268 Neque
1846 5198 2150 5268 substantia
2178 5207 2295 5263 est;
2322 5197 2440 5268 vide
2487 5198 2689 5252 ibidem
2722 5207 2885 5264 caput
2930 5192 3228 5265 quintuth
3252 5194 3437 5268 Neque
3482 5210 3655 5247 δατη-

388 5263 520 5337 tum,
549 5278 715 5331 neque
754 5277 994 5332 tempus;
1026 5266 1147 5321 vide
1186 5263 1383 5320 ibidem
1427 5280 1591 5337 caput
1618 5263 1914 5322 det-imum.
1951 5267 2135 5334 Neque
2178 5278 2253 5321 est
2296 5266 2409 5335 ejus
2442 5269 2605 5321 tactio
2645 5263 2988 5329 intellectilis,
3021 5283 3184 5337 neque
3211 5263 3455 5337 scientia,
3481 5278 3649 5331 neque

385 5333 581 5410 veritas
610 5345 723 5410 est;
744 5337 883 5410 vide
910 5337 1109 5390 ibidem
1140 5348 1304 5405 caput
1329 5333 1642 5410 septimum.
1688 5338 1870 5407 Neque
1898 5333 2152 5410 regnum;
2186 5333 2543 5393 vitle'ibidem
2578 5349 2741 5405 caput
2776 5333 3184 5410 duodecimum.
3226 5336 3410 5407 Neque
3432 5337 3648 5402 sapien-

390 5405 515 5480 tia,"
536 5405 653 5457 vide
681 5407 878 5480 ibidem
911 5414 1075 5474 caput
1102 5420 1337 5461 sextum.
1372 5405 1483 5463 Nec
1516 5426 1701 5473 unum,
1727 5405 1819 5464 nec
1843 5405 2057 5472 unitas;
2093 5412 2213 5464 vide
2244 5410 2440 5463 ibidem
2470 5420 2631 5480 caput
2665 5409 2886 5463 tertium
2916 5408 3212 5465 decimum.

542 5442 653 5457 νιιιυ
681 5442 878 5459 ιιιιιιυιιι
911 5442 1075 5474 Lall“.
1102 5442 1337 5461 ῠυᾹιΙΙΙΙΙο
1372 5442 1481 5463 ιῐσυ
1517 5442 1701 5473 uuutls,
1727 5442 1818 5464 Ιιῦι·
1843 5442 2018 5463 ιιηιιηο
2038 5450 2054 5472 ,
2097 5442 2213 5464 VIUU
2244 5442 2440 5463 ΙυΙυῑ-ιΙΙΙ
2470 5442 2631 5480 ιαγιιι
2665 5442 2732 5463 ιυι
2752 5442 2886 5461 ιιιιιιι
2916 5442 3212 5465 υσι-ἸΙΙΙι-ΙΙΙΙΟ

464 5442 938 5553 Nequedivinitas,
971 5494 1150 5553 neque
1171 5480 1399 5553 bonitas.
1437 5480 1512 5532 De
1543 5483 1625 5534 illS
1653 5483 1772 5534 vide
1796 5481 1872 5533 De
1896 5482 2086 5533 divinis
2109 5480 2407 5553 nominibus
2429 5490 2595 5549 caput
2618 5482 3005 5553 duodecimum
3032 5490 3085 5530 et
3116 5487 3391 5553 quartum.
3532 5546 3544 5553 _
3598 5545 3610 5553 _

460 5534 620 5609 Nota,
654 5547 828 5615 inquit
857 5534 1078 5604 Sanctus
1102 5534 1558 5619 Maximus,un
1591 5569 1767 5622 neque
1794 5552 2048 5612 divinitas
2076 5552 2381 5607 subeuntia
2419 5534 2512 5607 est.
2535 5552 2627 5606 Dei
2655 5534 2890 5621 (scilicet
2933 5558 3095 5619 prout
3126 5534 3155 5603 εἰ
3184 5550 3344 5604 nobis
3390 5545 3641 5615 concipi—

1696 5691 1930 5748 VARL‘E
1962 5682 2365 5746 LECTIONES.

496 5542 502 5549 .

460 5782 480 5807 ³
519 5776 786 5845 ἁπάντων,
825 5781 882 5834 S.
907 5781 947 5834 P
