  <div class='ocr_page' id='page_1' title='image "/cluster/home/n/w/nwhite01/storage/ocr_20150623/3/nnc1.0046978666/584.png"; bbox 0 0 3866 6232; ppageno 0'>
   <div class='ocr_carea' id='block_1_1' title="bbox 228 276 1755 393">
    <p class='ocr_par' dir='ltr' id='par_1_1' title="bbox 228 315 1748 377">
     <span class='ocr_line' id='line_1_1' title="bbox 228 315 1748 377; baseline 0.001 -4"><span class='ocrx_word' id='word_1_1' title='bbox 228 319 380 377; x_wconf 76' lang='grc'><strong>1053</strong></span> <span class='ocrx_word' id='word_1_2' title='bbox 952 317 1045 372; x_wconf 86' lang='lat' dir='ltr'><strong>DE</strong></span> <span class='ocrx_word' id='word_1_3' title='bbox 1081 316 1390 373; x_wconf 73' lang='lat' dir='ltr'><strong>MYSTICA</strong></span> <span class='ocrx_word' id='word_1_4' title='bbox 1428 315 1748 375; x_wconf 84' lang='lat' dir='ltr'><strong>THEOLOG</strong></span> 
     </span>
    </p>
   </div>
   <div class='ocr_carea' id='block_1_2' title="bbox 1978 276 3505 393">
    <p class='ocr_par' dir='ltr' id='par_1_2' title="bbox 1978 276 3505 388">
     <span class='ocr_line' id='line_1_2' title="bbox 1978 276 3505 388; baseline -0.002 -16"><span class='ocrx_word' id='word_1_5' title='bbox 1978 315 2037 388; x_wconf 7' lang='lat' dir='ltr'><strong>pg.</strong></span> <span class='ocrx_word' id='word_1_6' title='bbox 2079 314 2146 373; x_wconf 90' lang='lat' dir='ltr'><strong>v.</strong></span> <span class='ocrx_word' id='word_1_7' title='bbox 2181 347 2253 361; x_wconf 88' lang='lat'><strong>—</strong></span> <span class='ocrx_word' id='word_1_8' title='bbox 2282 314 2610 374; x_wconf 83' lang='lat' dir='ltr'><strong>CORDERII</strong></span> <span class='ocrx_word' id='word_1_9' title='bbox 2649 276 2883 374; x_wconf 63' lang='lat' dir='ltr'><strong>sum.</strong></span> <span class='ocrx_word' id='word_1_10' title='bbox 3365 313 3505 370; x_wconf 72' lang='lat' dir='ltr'><strong>tesi</strong></span> 
     </span>
    </p>
   </div>
   <div class='ocr_carea' id='block_1_3' title="bbox 233 428 3504 502">
    <p class='ocr_par' dir='ltr' id='par_1_3' title="bbox 233 428 3504 502">
     <span class='ocr_line' id='line_1_3' title="bbox 233 428 3504 502; baseline -0.001 -15"><span class='ocrx_word' id='word_1_11' title='bbox 233 435 401 500; x_wconf 75' lang='lat' dir='ltr'><strong>tiam,</strong></span> <span class='ocrx_word' id='word_1_12' title='bbox 442 432 627 491; x_wconf 88' lang='lat' dir='ltr'><strong>dicant</strong></span> <span class='ocrx_word' id='word_1_13' title='bbox 673 432 838 488; x_wconf 85' lang='lat' dir='ltr'><strong>etiam</strong></span> <span class='ocrx_word' id='word_1_14' title='bbox 886 432 1077 502; x_wconf 84' lang='lat' dir='ltr'><strong>haberi</strong></span> <span class='ocrx_word' id='word_1_15' title='bbox 1114 446 1274 499; x_wconf 81' lang='lat' dir='ltr'><strong>posse</strong></span> <span class='ocrx_word' id='word_1_16' title='bbox 1304 430 1695 486; x_wconf 89' lang='lat' dir='ltr'><strong>intellectivam</strong></span> <span class='ocrx_word' id='word_1_17' title='bbox 1728 445 1829 502; x_wconf 89' lang='lat' dir='ltr'><strong>per</strong></span> <span class='ocrx_word' id='word_1_18' title='bbox 1854 439 2177 502; x_wconf 84' lang='lat' dir='ltr'><strong>conceptum</strong></span> <span class='ocrx_word' id='word_1_19' title='bbox 2206 432 2489 502; x_wconf 89' lang='lat' dir='ltr'><strong>proprium</strong></span> <span class='ocrx_word' id='word_1_20' title='bbox 2521 431 2831 485; x_wconf 90' lang='lat' dir='ltr'><strong>absolutum</strong></span> <span class='ocrx_word' id='word_1_21' title='bbox 2864 443 2987 502; x_wconf 86' lang='lat' dir='ltr'><strong>esse</strong></span> <span class='ocrx_word' id='word_1_22' title='bbox 3012 428 3212 502; x_wconf 76' lang='lat' dir='ltr'><strong>tﬁvinl,</strong></span> <span class='ocrx_word' id='word_1_23' title='bbox 3250 429 3504 502; x_wconf 84' lang='lat' dir='ltr'><strong>quamvis</strong></span> 
     </span>
    </p>
   </div>
   <div class='ocr_carea' id='block_1_4' title="bbox 226 500 3502 571">
    <p class='ocr_par' dir='ltr' id='par_1_4' title="bbox 226 500 3502 571">
     <span class='ocr_line' id='line_1_4' title="bbox 226 500 3502 571; baseline -0.002 -12"><span class='ocrx_word' id='word_1_24' title='bbox 226 519 346 560; x_wconf 78' lang='lat' dir='ltr'><strong>non</strong></span> <span class='ocrx_word' id='word_1_25' title='bbox 378 505 721 569; x_wconf 89' lang='lat' dir='ltr'><strong>intuitivum,</strong></span> <span class='ocrx_word' id='word_1_26' title='bbox 761 504 807 557; x_wconf 97' lang='lat' dir='ltr'><strong>si</strong></span> <span class='ocrx_word' id='word_1_27' title='bbox 843 501 1192 571; x_wconf 69' lang='lat' dir='ltr'><strong>imperfectio</strong></span> <span class='ocrx_word' id='word_1_28' title='bbox 1222 502 1289 556; x_wconf 89' lang='lat' dir='ltr'><strong>ab</strong></span> <span class='ocrx_word' id='word_1_29' title='bbox 1321 503 1435 569; x_wconf 83' lang='lat' dir='ltr'><strong>ipso</strong></span> <span class='ocrx_word' id='word_1_30' title='bbox 1461 500 1811 557; x_wconf 75' lang='lat' dir='ltr'><strong>removeatur</strong></span> <span class='ocrx_word' id='word_1_31' title='bbox 1834 512 1889 555; x_wconf 92' lang='lat' dir='ltr'><strong>et</strong></span> <span class='ocrx_word' id='word_1_32' title='bbox 1922 500 2480 558; x_wconf 28' lang='lat' dir='ltr'><strong>absiraliatur.’ldem</strong></span> <span class='ocrx_word' id='word_1_33' title='bbox 2508 503 2576 559; x_wconf 92' lang='lat' dir='ltr'><strong>de</strong></span> <span class='ocrx_word' id='word_1_34' title='bbox 2596 503 2728 569; x_wconf 83' lang='lat' dir='ltr'><strong>vita,</strong></span> <span class='ocrx_word' id='word_1_35' title='bbox 2755 504 2821 557; x_wconf 89' lang='lat' dir='ltr'><strong>de</strong></span> <span class='ocrx_word' id='word_1_36' title='bbox 2852 501 3115 566; x_wconf 85' lang='lat' dir='ltr'><strong>bonitate,</strong></span> <span class='ocrx_word' id='word_1_37' title='bbox 3135 501 3199 554; x_wconf 93' lang='lat' dir='ltr'><strong>de</strong></span> <span class='ocrx_word' id='word_1_38' title='bbox 3213 500 3502 571; x_wconf 72' lang='lat' dir='ltr'><strong>sapientia,</strong></span> 
     </span>
    </p>
   </div>
   <div class='ocr_carea' id='block_1_5' title="bbox 230 571 2193 644">
    <p class='ocr_par' dir='ltr' id='par_1_5' title="bbox 230 571 2193 644">
     <span class='ocr_line' id='line_1_5' title="bbox 230 571 2193 644; baseline -0.002 -15"><span class='ocrx_word' id='word_1_39' title='bbox 230 576 310 629; x_wconf 90' lang='lat' dir='ltr'><strong>de</strong></span> <span class='ocrx_word' id='word_1_40' title='bbox 339 575 610 644; x_wconf 89' lang='lat' dir='ltr'><strong>potentia,</strong></span> <span class='ocrx_word' id='word_1_41' title='bbox 641 583 699 629; x_wconf 89' lang='lat' dir='ltr'><strong>et</strong></span> <span class='ocrx_word' id='word_1_42' title='bbox 727 572 1106 629; x_wconf 85' lang='lat' dir='ltr'><strong>consimilibus</strong></span> <span class='ocrx_word' id='word_1_43' title='bbox 1130 572 1438 644; x_wconf 20' lang='lat' dir='ltr'><strong>pritedicatls</strong></span> <span class='ocrx_word' id='word_1_44' title='bbox 1468 571 1950 644; x_wconf 87' lang='lat' dir='ltr'><strong>perfectionalibus</strong></span> <span class='ocrx_word' id='word_1_45' title='bbox 1980 574 2193 627; x_wconf 88' lang='lat' dir='ltr'><strong>dicunt.</strong></span> 
     </span>
    </p>
   </div>
   <div class='ocr_carea' id='block_1_6' title="bbox 307 637 3502 712">
    <p class='ocr_par' dir='ltr' id='par_1_6' title="bbox 307 637 3502 712">
     <span class='ocr_line' id='line_1_6' title="bbox 307 637 3502 712; baseline -0.002 -13"><span class='ocrx_word' id='word_1_46' title='bbox 307 637 389 701; x_wconf 56' lang='lat' dir='ltr'><strong>A&#39;d</strong></span> <span class='ocrx_word' id='word_1_47' title='bbox 419 637 721 701; x_wconf 85' lang='lat' dir='ltr'><strong>secundam</strong></span> <span class='ocrx_word' id='word_1_48' title='bbox 758 645 902 698; x_wconf 87' lang='lat' dir='ltr'><strong>hanc</strong></span> <span class='ocrx_word' id='word_1_49' title='bbox 928 637 1142 710; x_wconf 83' lang='lat' dir='ltr'><strong>partem</strong></span> <span class='ocrx_word' id='word_1_50' title='bbox 1172 641 1313 695; x_wconf 85' lang='lat' dir='ltr'><strong>ﬂecti</strong></span> <span class='ocrx_word' id='word_1_51' title='bbox 1347 637 1564 696; x_wconf 74' lang='lat' dir='ltr'><strong>videtur</strong></span> <span class='ocrx_word' id='word_1_52' title='bbox 1597 652 1821 697; x_wconf 89' lang='lat' dir='ltr'><strong>sanctus</strong></span> <span class='ocrx_word' id='word_1_53' title='bbox 1848 643 2185 712; x_wconf 85' lang='lat' dir='ltr'><strong>Augustinus</strong></span> <span class='ocrx_word' id='word_1_54' title='bbox 2213 642 2463 712; x_wconf 85' lang='lat' dir='ltr'><strong>pluribus</strong></span> <span class='ocrx_word' id='word_1_55' title='bbox 2493 642 2653 710; x_wconf 88' lang='lat' dir='ltr'><strong>locis,</strong></span> <span class='ocrx_word' id='word_1_56' title='bbox 2683 640 2989 711; x_wconf 67' lang='lat' dir='ltr'><strong>praesertim</strong></span> <span class='ocrx_word' id='word_1_57' title='bbox 3020 641 3073 695; x_wconf 90' lang='lat' dir='ltr'><strong>in</strong></span> <span class='ocrx_word' id='word_1_58' title='bbox 3103 640 3245 712; x_wconf 81' lang='lat' dir='ltr'><strong>libro</strong></span> <span class='ocrx_word' id='word_1_59' title='bbox 3277 639 3353 693; x_wconf 85' lang='lat' dir='ltr'><strong>De</strong></span> <span class='ocrx_word' id='word_1_60' title='bbox 3379 637 3502 712; x_wconf 80' lang='lat' dir='ltr'><strong>Tri-</strong></span> 
     </span>
    </p>
   </div>
   <div class='ocr_carea' id='block_1_7' title="bbox 230 710 3501 784">
    <p class='ocr_par' dir='ltr' id='par_1_7' title="bbox 230 710 3501 784">
     <span class='ocr_line' id='line_1_7' title="bbox 230 710 3501 784; baseline -0.002 -15"><span class='ocrx_word' id='word_1_61' title='bbox 230 716 432 781; x_wconf 71' lang='lat' dir='ltr'><strong>nitate,</strong></span> <span class='ocrx_word' id='word_1_62' title='bbox 464 716 672 770; x_wconf 88' lang='lat' dir='ltr'><strong>docens</strong></span> <span class='ocrx_word' id='word_1_63' title='bbox 697 716 800 769; x_wconf 88' lang='lat' dir='ltr'><strong>hoc</strong></span> <span class='ocrx_word' id='word_1_64' title='bbox 830 715 989 767; x_wconf 88' lang='lat' dir='ltr'><strong>modo</strong></span> <span class='ocrx_word' id='word_1_65' title='bbox 1021 728 1134 784; x_wconf 68' lang='lat' dir='ltr'><strong>nos</strong></span> <span class='ocrx_word' id='word_1_66' title='bbox 1151 712 1284 784; x_wconf 84' lang='lat' dir='ltr'><strong>ferri</strong></span> <span class='ocrx_word' id='word_1_67' title='bbox 1309 713 1371 784; x_wconf 84' lang='lat' dir='ltr'><strong>in</strong></span> <span class='ocrx_word' id='word_1_68' title='bbox 1417 713 1621 767; x_wconf 89' lang='lat' dir='ltr'><strong>bonum</strong></span> <span class='ocrx_word' id='word_1_69' title='bbox 1648 710 1981 784; x_wconf 82' lang='lat' dir='ltr'><strong>absolutum.</strong></span> <span class='ocrx_word' id='word_1_70' title='bbox 2014 710 2250 784; x_wconf 82' lang='lat' dir='ltr'><strong>Sanctus</strong></span> <span class='ocrx_word' id='word_1_71' title='bbox 2298 730 2515 784; x_wconf 92' lang='lat' dir='ltr'><strong>quoque</strong></span> <span class='ocrx_word' id='word_1_72' title='bbox 2546 710 2937 784; x_wconf 79' lang='lat' dir='ltr'><strong>Bonaventura</strong></span> <span class='ocrx_word' id='word_1_73' title='bbox 2972 713 3025 765; x_wconf 92' lang='lat' dir='ltr'><strong>in</strong></span> <span class='ocrx_word' id='word_1_74' title='bbox 3068 727 3166 784; x_wconf 89' lang='lat' dir='ltr'><strong>suo</strong></span> <span class='ocrx_word' id='word_1_75' title='bbox 3212 710 3501 784; x_wconf 78' lang='lat' dir='ltr'><strong>Itinerai&#39;io</strong></span> 
     </span>
    </p>
   </div>
   <div class='ocr_carea' id='block_1_8' title="bbox 229 781 3495 856">
    <p class='ocr_par' dir='ltr' id='par_1_8' title="bbox 229 781 3495 856">
     <span class='ocr_line' id='line_1_8' title="bbox 229 781 3495 856; baseline -0.003 -16"><span class='ocrx_word' id='word_1_76' title='bbox 229 787 422 856; x_wconf 85' lang='lat' dir='ltr'><strong>capite</strong></span> <span class='ocrx_word' id='word_1_77' title='bbox 451 794 609 856; x_wconf 79' lang='lat' dir='ltr'><strong>sexto</strong></span> <span class='ocrx_word' id='word_1_78' title='bbox 633 785 775 840; x_wconf 86' lang='lat' dir='ltr'><strong>idem</strong></span> <span class='ocrx_word' id='word_1_79' title='bbox 795 784 1060 856; x_wconf 84' lang='lat' dir='ltr'><strong>insinuat.</strong></span> <span class='ocrx_word' id='word_1_80' title='bbox 1094 781 1247 856; x_wconf 82' lang='lat' dir='ltr'><strong>Unde</strong></span> <span class='ocrx_word' id='word_1_81' title='bbox 1270 782 1508 856; x_wconf 80' lang='lat' dir='ltr'><strong>videtur,</strong></span> <span class='ocrx_word' id='word_1_82' title='bbox 1543 783 1716 853; x_wconf 86' lang='lat' dir='ltr'><strong>quod,</strong></span> <span class='ocrx_word' id='word_1_83' title='bbox 1740 784 2028 856; x_wconf 74' lang='lat' dir='ltr'><strong>abstracta</strong></span> <span class='ocrx_word' id='word_1_84' title='bbox 2057 782 2274 856; x_wconf 84' lang='lat' dir='ltr'><strong>abipso</strong></span> <span class='ocrx_word' id='word_1_85' title='bbox 2305 781 2449 848; x_wconf 83' lang='lat' dir='ltr'><strong>esse,</strong></span> <span class='ocrx_word' id='word_1_86' title='bbox 2480 784 2630 856; x_wconf 90' lang='lat' dir='ltr'><strong>omni</strong></span> <span class='ocrx_word' id='word_1_87' title='bbox 2660 782 3078 856; x_wconf 83' lang='lat' dir='ltr'><strong>p0tentialitate.</strong></span> <span class='ocrx_word' id='word_1_88' title='bbox 3110 781 3495 856; x_wconf 76' lang='lat' dir='ltr'><strong>dependentia,</strong></span> 
     </span>
    </p>
   </div>
   <div class='ocr_carea' id='block_1_9' title="bbox 226 852 3392 928">
    <p class='ocr_par' dir='ltr' id='par_1_9' title="bbox 226 852 3392 928">
     <span class='ocr_line' id='line_1_9' title="bbox 226 852 3392 928; baseline -0 -19"><span class='ocrx_word' id='word_1_89' title='bbox 226 852 569 928; x_wconf 74' lang='lat' dir='ltr'><strong>privatione,</strong></span> <span class='ocrx_word' id='word_1_90' title='bbox 594 855 756 926; x_wconf 80' lang='lat'><strong>577</strong></span> <span class='ocrx_word' id='word_1_91' title='bbox 777 862 830 908; x_wconf 88' lang='lat' dir='ltr'><strong>et</strong></span> <span class='ocrx_word' id='word_1_92' title='bbox 874 855 982 908; x_wconf 91' lang='lat' dir='ltr'><strong>alia</strong></span> <span class='ocrx_word' id='word_1_93' title='bbox 1007 854 1155 928; x_wconf 90' lang='lat' dir='ltr'><strong>omni</strong></span> <span class='ocrx_word' id='word_1_94' title='bbox 1176 852 1607 928; x_wconf 75' lang='lat' dir='ltr'><strong>imperfectione</strong></span> <span class='ocrx_word' id='word_1_95' title='bbox 1643 867 1706 906; x_wconf 88' lang='lat' dir='ltr'><strong>ac</strong></span> <span class='ocrx_word' id='word_1_96' title='bbox 1730 852 1963 928; x_wconf 71' lang='lat' dir='ltr'><strong>finitale,</strong></span> <span class='ocrx_word' id='word_1_97' title='bbox 2006 852 2234 928; x_wconf 71' lang='lat' dir='ltr'><strong>resultet</strong></span> <span class='ocrx_word' id='word_1_98' title='bbox 2256 864 2561 928; x_wconf 82' lang='lat' dir='ltr'><strong>conceptus</strong></span> <span class='ocrx_word' id='word_1_99' title='bbox 2590 854 2681 908; x_wconf 85' lang='lat' dir='ltr'><strong>Dei</strong></span> <span class='ocrx_word' id='word_1_100' title='bbox 2714 854 2993 928; x_wconf 83' lang='lat' dir='ltr'><strong>absolutus</strong></span> <span class='ocrx_word' id='word_1_101' title='bbox 3021 868 3085 928; x_wconf 78' lang='lat' dir='ltr'><strong>ac</strong></span> <span class='ocrx_word' id='word_1_102' title='bbox 3116 852 3392 928; x_wconf 83' lang='lat' dir='ltr'><strong>proprius.</strong></span> 
     </span>
    </p>
   </div>
   <div class='ocr_carea' id='block_1_10' title="bbox 306 922 3500 993">
    <p class='ocr_par' dir='ltr' id='par_1_10' title="bbox 306 922 3500 993">
     <span class='ocr_line' id='line_1_10' title="bbox 306 922 3500 993; baseline -0.002 -13"><span class='ocrx_word' id='word_1_103' title='bbox 306 922 958 987; x_wconf 59' lang='lat' dir='ltr'><strong>Advertenduin&#39;autem,</strong></span> <span class='ocrx_word' id='word_1_104' title='bbox 992 924 1134 993; x_wconf 89' lang='lat' dir='ltr'><strong>quod</strong></span> <span class='ocrx_word' id='word_1_105' title='bbox 1168 923 1268 993; x_wconf 81' lang='lat' dir='ltr'><strong>(uti</strong></span> <span class='ocrx_word' id='word_1_106' title='bbox 1303 923 1443 993; x_wconf 75' lang='lat' dir='ltr'><strong>idem</strong></span> <span class='ocrx_word' id='word_1_107' title='bbox 1476 924 1551 977; x_wconf 91' lang='lat' dir='ltr'><strong>ait</strong></span> <span class='ocrx_word' id='word_1_108' title='bbox 1595 924 1648 977; x_wconf 90' lang='lat' dir='ltr'><strong>in</strong></span> <span class='ocrx_word' id='word_1_109' title='bbox 1684 923 1896 993; x_wconf 90' lang='lat' dir='ltr'><strong>scripto</strong></span> <span class='ocrx_word' id='word_1_110' title='bbox 1921 923 2134 992; x_wconf 80' lang='lat' dir='ltr'><strong>Quarti)</strong></span> <span class='ocrx_word' id='word_1_111' title='bbox 2166 922 2470 981; x_wconf 88' lang='lat' dir='ltr'><strong>abstractio</strong></span> <span class='ocrx_word' id='word_1_112' title='bbox 2499 926 2602 979; x_wconf 44' lang='lat' dir='ltr'><strong>ista</strong></span> <span class='ocrx_word' id='word_1_113' title='bbox 2636 925 2810 993; x_wconf 81' lang='lat' dir='ltr'><strong>possit</strong></span> <span class='ocrx_word' id='word_1_114' title='bbox 2839 933 2915 978; x_wconf 93' lang='lat' dir='ltr'><strong>tot</strong></span> <span class='ocrx_word' id='word_1_115' title='bbox 2938 923 3115 977; x_wconf 89' lang='lat' dir='ltr'><strong>modis</strong></span> <span class='ocrx_word' id='word_1_116' title='bbox 3156 922 3500 990; x_wconf 82' lang='lat' dir='ltr'><strong>contingere,</strong></span> 
     </span>
    </p>
   </div>
   <div class='ocr_carea' id='block_1_11' title="bbox 229 991 3504 1067">
    <p class='ocr_par' dir='ltr' id='par_1_11' title="bbox 229 991 3504 1067">
     <span class='ocr_line' id='line_1_11' title="bbox 229 991 3504 1067; baseline -0.003 -14"><span class='ocrx_word' id='word_1_117' title='bbox 229 1008 377 1067; x_wconf 87' lang='lat' dir='ltr'><strong>quot</strong></span> <span class='ocrx_word' id='word_1_118' title='bbox 408 995 585 1067; x_wconf 87' lang='lat' dir='ltr'><strong>modis</strong></span> <span class='ocrx_word' id='word_1_119' title='bbox 614 995 891 1067; x_wconf 84' lang='lat' dir='ltr'><strong>invenitur</strong></span> <span class='ocrx_word' id='word_1_120' title='bbox 915 991 1328 1067; x_wconf 66' lang='lat' dir='ltr'><strong>dissimilitudo.</strong></span> <span class='ocrx_word' id='word_1_121' title='bbox 1355 992 1541 1047; x_wconf 88' lang='lat' dir='ltr'><strong>Primo</strong></span> <span class='ocrx_word' id='word_1_122' title='bbox 1567 993 1712 1067; x_wconf 85' lang='lat' dir='ltr'><strong>enim</strong></span> <span class='ocrx_word' id='word_1_123' title='bbox 1745 991 2013 1067; x_wconf 80' lang='lat' dir='ltr'><strong>contingit</strong></span> <span class='ocrx_word' id='word_1_124' title='bbox 2044 991 2456 1060; x_wconf 79' lang='lat' dir='ltr'><strong>diSsimilitudo,</strong></span> <span class='ocrx_word' id='word_1_125' title='bbox 2499 991 2644 1050; x_wconf 87' lang='lat' dir='ltr'><strong>dum</strong></span> <span class='ocrx_word' id='word_1_126' title='bbox 2670 991 2847 1067; x_wconf 82' lang='lat' dir='ltr'><strong>forma</strong></span> <span class='ocrx_word' id='word_1_127' title='bbox 2882 994 3248 1067; x_wconf 79' lang='lat' dir='ltr'><strong>participatnr</strong></span> <span class='ocrx_word' id='word_1_128' title='bbox 3299 1007 3504 1067; x_wconf 79' lang='lat' dir='ltr'><strong>secun-</strong></span> 
     </span>
    </p>
   </div>
   <div class='ocr_carea' id='block_1_12' title="bbox 229 1063 3503 1135">
    <p class='ocr_par' dir='ltr' id='par_1_12' title="bbox 229 1063 3503 1135">
     <span class='ocr_line' id='line_1_12' title="bbox 229 1063 3503 1135; baseline -0.002 -13"><span class='ocrx_word' id='word_1_129' title='bbox 229 1063 367 1122; x_wconf 81' lang='lat' dir='ltr'><strong>dum</strong></span> <span class='ocrx_word' id='word_1_130' title='bbox 391 1066 641 1122; x_wconf 85' lang='lat' dir='ltr'><strong>eamdem</strong></span> <span class='ocrx_word' id='word_1_131' title='bbox 672 1066 946 1121; x_wconf 88' lang='lat' dir='ltr'><strong>rationem</strong></span> <span class='ocrx_word' id='word_1_132' title='bbox 977 1064 1205 1135; x_wconf 82' lang='lat' dir='ltr'><strong>speciei,</strong></span> <span class='ocrx_word' id='word_1_133' title='bbox 1228 1063 1327 1116; x_wconf 91' lang='lat' dir='ltr'><strong>sed</strong></span> <span class='ocrx_word' id='word_1_134' title='bbox 1354 1079 1458 1117; x_wconf 92' lang='lat' dir='ltr'><strong>non</strong></span> <span class='ocrx_word' id='word_1_135' title='bbox 1482 1065 1787 1135; x_wconf 83' lang='lat' dir='ltr'><strong>secundum</strong></span> <span class='ocrx_word' id='word_1_136' title='bbox 1815 1065 2067 1118; x_wconf 90' lang='lat' dir='ltr'><strong>eumdem</strong></span> <span class='ocrx_word' id='word_1_137' title='bbox 2093 1069 2316 1119; x_wconf 92' lang='lat' dir='ltr'><strong>modum</strong></span> <span class='ocrx_word' id='word_1_138' title='bbox 2342 1080 2437 1120; x_wconf 90' lang='lat' dir='ltr'><strong>seu</strong></span> <span class='ocrx_word' id='word_1_139' title='bbox 2462 1067 2693 1135; x_wconf 85' lang='lat' dir='ltr'><strong>gradum</strong></span> <span class='ocrx_word' id='word_1_140' title='bbox 2718 1065 3093 1135; x_wconf 86' lang='lat' dir='ltr'><strong>perfectionis,</strong></span> <span class='ocrx_word' id='word_1_141' title='bbox 3118 1074 3178 1135; x_wconf 87' lang='lat' dir='ltr'><strong>ut</strong></span> <span class='ocrx_word' id='word_1_142' title='bbox 3203 1063 3256 1115; x_wconf 91' lang='lat' dir='ltr'><strong>in</strong></span> <span class='ocrx_word' id='word_1_143' title='bbox 3289 1063 3503 1117; x_wconf 88' lang='lat' dir='ltr'><strong>duobus</strong></span> 
     </span>
    </p>
   </div>
   <div class='ocr_carea' id='block_1_13' title="bbox 224 1132 3503 1204">
    <p class='ocr_par' dir='ltr' id='par_1_13' title="bbox 224 1132 3503 1204">
     <span class='ocr_line' id='line_1_13' title="bbox 224 1132 3503 1204; baseline -0.002 -11"><span class='ocrx_word' id='word_1_144' title='bbox 224 1152 472 1204; x_wconf 88' lang='lat' dir='ltr'><strong>quorum</strong></span> <span class='ocrx_word' id='word_1_145' title='bbox 500 1152 644 1192; x_wconf 90' lang='lat' dir='ltr'><strong>unus</strong></span> <span class='ocrx_word' id='word_1_146' title='bbox 673 1145 761 1193; x_wconf 86' lang='lat' dir='ltr'><strong>est</strong></span> <span class='ocrx_word' id='word_1_147' title='bbox 788 1135 967 1190; x_wconf 91' lang='lat' dir='ltr'><strong>albior</strong></span> <span class='ocrx_word' id='word_1_148' title='bbox 995 1132 1126 1188; x_wconf 85' lang='lat' dir='ltr'><strong>alio.</strong></span> <span class='ocrx_word' id='word_1_149' title='bbox 1155 1132 1433 1199; x_wconf 88' lang='lat' dir='ltr'><strong>Secundo,</strong></span> <span class='ocrx_word' id='word_1_150' title='bbox 1460 1134 1587 1188; x_wconf 92' lang='lat' dir='ltr'><strong>dum</strong></span> <span class='ocrx_word' id='word_1_151' title='bbox 1615 1134 1788 1188; x_wconf 88' lang='lat' dir='ltr'><strong>forma</strong></span> <span class='ocrx_word' id='word_1_152' title='bbox 1816 1135 2177 1204; x_wconf 90' lang='lat' dir='ltr'><strong>participatur</strong></span> <span class='ocrx_word' id='word_1_153' title='bbox 2206 1132 2510 1190; x_wconf 81' lang='lat' dir='ltr'><strong>secundum</strong></span> <span class='ocrx_word' id='word_1_154' title='bbox 2558 1132 2805 1190; x_wconf 78' lang='lat' dir='ltr'><strong>eamdem</strong></span> <span class='ocrx_word' id='word_1_155' title='bbox 2831 1134 3049 1204; x_wconf 81' lang='lat' dir='ltr'><strong>generis</strong></span> <span class='ocrx_word' id='word_1_156' title='bbox 3078 1134 3368 1204; x_wconf 86' lang='lat' dir='ltr'><strong>rationem,</strong></span> <span class='ocrx_word' id='word_1_157' title='bbox 3396 1146 3503 1186; x_wconf 93' lang='lat' dir='ltr'><strong>non</strong></span> 
     </span>
    </p>
   </div>
   <div class='ocr_carea' id='block_1_14' title="bbox 227 1203 3501 1286">
    <p class='ocr_par' dir='ltr' id='par_1_14' title="bbox 227 1203 3501 1286">
     <span class='ocr_line' id='line_1_14' title="bbox 227 1203 3501 1286; baseline -0.002 -24"><span class='ocrx_word' id='word_1_158' title='bbox 227 1203 466 1286; x_wconf 72' lang='lat' dir='ltr'><strong>speciei,</strong></span> <span class='ocrx_word' id='word_1_159' title='bbox 503 1215 562 1260; x_wconf 90' lang='lat' dir='ltr'><strong>ut</strong></span> <span class='ocrx_word' id='word_1_160' title='bbox 585 1207 727 1261; x_wconf 91' lang='lat' dir='ltr'><strong>inter</strong></span> <span class='ocrx_word' id='word_1_161' title='bbox 773 1207 911 1260; x_wconf 89' lang='lat' dir='ltr'><strong>duos</strong></span> <span class='ocrx_word' id='word_1_162' title='bbox 936 1205 1237 1286; x_wconf 63' lang='lat' dir='ltr'><strong>coloratos,</strong></span> <span class='ocrx_word' id='word_1_163' title='bbox 1271 1217 1505 1271; x_wconf 91' lang='lat' dir='ltr'><strong>quorum</strong></span> <span class='ocrx_word' id='word_1_164' title='bbox 1534 1220 1682 1286; x_wconf 68' lang='lat' dir='ltr'><strong>unus</strong></span> <span class='ocrx_word' id='word_1_165' title='bbox 1705 1205 1780 1286; x_wconf 83' lang='lat' dir='ltr'><strong>sit_</strong></span> <span class='ocrx_word' id='word_1_166' title='bbox 1805 1203 1987 1285; x_wconf 78' lang='lat' dir='ltr'><strong>albus,</strong></span> <span class='ocrx_word' id='word_1_167' title='bbox 2018 1203 2158 1265; x_wconf 86' lang='lat' dir='ltr'><strong>alius</strong></span> <span class='ocrx_word' id='word_1_168' title='bbox 2199 1206 2384 1286; x_wconf 65' lang='lat' dir='ltr'><strong>niger.</strong></span> <span class='ocrx_word' id='word_1_169' title='bbox 2412 1206 2604 1286; x_wconf 83' lang='lat' dir='ltr'><strong>&#39;_l‘erti_o</strong></span> <span class='ocrx_word' id='word_1_170' title='bbox 2635 1203 3019 1286; x_wconf 79' lang='lat' dir='ltr'><strong>adhu_c_minor</strong></span> <span class='ocrx_word' id='word_1_171' title='bbox 3063 1203 3501 1286; x_wconf 64' lang='lat' dir='ltr'><strong>est_sii_nilitudo2</strong></span> 
     </span>
    </p>
   </div>
   <div class='ocr_carea' id='block_1_15' title="bbox 228 1273 3504 1347">
    <p class='ocr_par' dir='ltr' id='par_1_15' title="bbox 228 1273 3504 1347">
     <span class='ocr_line' id='line_1_15' title="bbox 228 1273 3504 1347; baseline -0.002 -16"><span class='ocrx_word' id='word_1_172' title='bbox 228 1273 365 1331; x_wconf 79' lang='lat' dir='ltr'><strong>dum</strong></span> <span class='ocrx_word' id='word_1_173' title='bbox 397 1278 587 1347; x_wconf 87' lang='lat' dir='ltr'><strong>aliqua</strong></span> <span class='ocrx_word' id='word_1_174' title='bbox 625 1293 731 1332; x_wconf 88' lang='lat' dir='ltr'><strong>non</strong></span> <span class='ocrx_word' id='word_1_175' title='bbox 759 1277 1094 1331; x_wconf 87' lang='lat' dir='ltr'><strong>conveniunt</strong></span> <span class='ocrx_word' id='word_1_176' title='bbox 1126 1275 1176 1328; x_wconf 91' lang='lat' dir='ltr'><strong>in</strong></span> <span class='ocrx_word' id='word_1_177' title='bbox 1200 1289 1423 1346; x_wconf 81' lang='lat' dir='ltr'><strong>genere,</strong></span> <span class='ocrx_word' id='word_1_178' title='bbox 1454 1275 1547 1328; x_wconf 90' lang='lat' dir='ltr'><strong>sed</strong></span> <span class='ocrx_word' id='word_1_179' title='bbox 1570 1278 1628 1347; x_wconf 86' lang='lat' dir='ltr'><strong>in</strong></span> <span class='ocrx_word' id='word_1_180' title='bbox 1658 1274 1937 1347; x_wconf 83' lang='lat' dir='ltr'><strong>analogia,</strong></span> <span class='ocrx_word' id='word_1_181' title='bbox 1961 1285 2020 1331; x_wconf 93' lang='lat' dir='ltr'><strong>ut</strong></span> <span class='ocrx_word' id='word_1_182' title='bbox 2043 1284 2128 1330; x_wconf 87' lang='lat' dir='ltr'><strong>est</strong></span> <span class='ocrx_word' id='word_1_183' title='bbox 2166 1273 2468 1347; x_wconf 71' lang='lat' dir='ltr'><strong>similitudo</strong></span> <span class='ocrx_word' id='word_1_184' title='bbox 2495 1275 2699 1331; x_wconf 89' lang='lat' dir='ltr'><strong>coloris</strong></span> <span class='ocrx_word' id='word_1_185' title='bbox 2721 1276 2787 1330; x_wconf 88' lang='lat' dir='ltr'><strong>ad</strong></span> <span class='ocrx_word' id='word_1_186' title='bbox 2818 1274 3118 1340; x_wconf 85' lang='lat' dir='ltr'><strong>hominem,</strong></span> <span class='ocrx_word' id='word_1_187' title='bbox 3152 1274 3206 1328; x_wconf 88' lang='lat' dir='ltr'><strong>in</strong></span> <span class='ocrx_word' id='word_1_188' title='bbox 3234 1274 3336 1328; x_wconf 89' lang='lat' dir='ltr'><strong>hoc</strong></span> <span class='ocrx_word' id='word_1_189' title='bbox 3358 1273 3504 1343; x_wconf 90' lang='lat' dir='ltr'><strong>quod</strong></span> 
     </span>
    </p>
   </div>
   <div class='ocr_carea' id='block_1_16' title="bbox 228 1345 2580 1418">
    <p class='ocr_par' dir='ltr' id='par_1_16' title="bbox 228 1345 2580 1418">
     <span class='ocr_line' id='line_1_16' title="bbox 228 1345 2580 1418; baseline 0.001 -17"><span class='ocrx_word' id='word_1_190' title='bbox 228 1345 534 1418; x_wconf 78' lang='lat' dir='ltr'><strong>utrumque</strong></span> <span class='ocrx_word' id='word_1_191' title='bbox 572 1348 644 1401; x_wconf 85' lang='lat' dir='ltr'><strong>sit</strong></span> <span class='ocrx_word' id='word_1_192' title='bbox 669 1363 792 1411; x_wconf 89' lang='lat' dir='ltr'><strong>ens,</strong></span> <span class='ocrx_word' id='word_1_193' title='bbox 818 1348 1007 1418; x_wconf 84' lang='lat' dir='ltr'><strong>sicque</strong></span> <span class='ocrx_word' id='word_1_194' title='bbox 1036 1345 1299 1418; x_wconf 77' lang='lat' dir='ltr'><strong>deficiens</strong></span> <span class='ocrx_word' id='word_1_195' title='bbox 1327 1345 1614 1418; x_wconf 86' lang='lat' dir='ltr'><strong>estonmis</strong></span> <span class='ocrx_word' id='word_1_196' title='bbox 1655 1345 1965 1418; x_wconf 80' lang='lat' dir='ltr'><strong>similitudo</strong></span> <span class='ocrx_word' id='word_1_197' title='bbox 1982 1355 2251 1401; x_wconf 66' lang='lat' dir='ltr'><strong>creaturae</strong></span> <span class='ocrx_word' id='word_1_198' title='bbox 2278 1347 2348 1418; x_wconf 80' lang='lat' dir='ltr'><strong>ad</strong></span> <span class='ocrx_word' id='word_1_199' title='bbox 2382 1346 2580 1418; x_wconf 87' lang='lat' dir='ltr'><strong>Deum.</strong></span> 
     </span>
    </p>
   </div>
   <div class='ocr_carea' id='block_1_17' title="bbox 306 1413 3505 1488">
    <p class='ocr_par' dir='ltr' id='par_1_17' title="bbox 306 1413 3505 1488">
     <span class='ocr_line' id='line_1_17' title="bbox 306 1413 3505 1488; baseline -0.001 -19"><span class='ocrx_word' id='word_1_200' title='bbox 306 1413 535 1488; x_wconf 84' lang='lat' dir='ltr'><strong>Insuper</strong></span> <span class='ocrx_word' id='word_1_201' title='bbox 556 1418 778 1487; x_wconf 84' lang='lat' dir='ltr'><strong>quidam</strong></span> <span class='ocrx_word' id='word_1_202' title='bbox 806 1417 889 1488; x_wconf 92' lang='lat' dir='ltr'><strong>(ut</strong></span> <span class='ocrx_word' id='word_1_203' title='bbox 919 1413 1090 1471; x_wconf 83' lang='lat' dir='ltr'><strong>Rabbi</strong></span> <span class='ocrx_word' id='word_1_204' title='bbox 1114 1415 1295 1488; x_wconf 79' lang='lat' dir='ltr'><strong>Moses</strong></span> <span class='ocrx_word' id='word_1_205' title='bbox 1322 1423 1378 1470; x_wconf 92' lang='lat' dir='ltr'><strong>et</strong></span> <span class='ocrx_word' id='word_1_206' title='bbox 1406 1415 1706 1488; x_wconf 79' lang='lat' dir='ltr'><strong>Avicenna)</strong></span> <span class='ocrx_word' id='word_1_207' title='bbox 1738 1416 2021 1488; x_wconf 81' lang='lat' dir='ltr'><strong>dixerunt,</strong></span> <span class='ocrx_word' id='word_1_208' title='bbox 2054 1418 2199 1484; x_wconf 90' lang='lat' dir='ltr'><strong>quod</strong></span> <span class='ocrx_word' id='word_1_209' title='bbox 2225 1414 2602 1488; x_wconf 82' lang='lat' dir='ltr'><strong>perfectiones</strong></span> <span class='ocrx_word' id='word_1_210' title='bbox 2628 1423 3013 1488; x_wconf 84' lang='lat' dir='ltr'><strong>creaturarum</strong></span> <span class='ocrx_word' id='word_1_211' title='bbox 3037 1429 3147 1471; x_wconf 89' lang='lat' dir='ltr'><strong>non</strong></span> <span class='ocrx_word' id='word_1_212' title='bbox 3174 1413 3505 1488; x_wconf 74' lang='lat' dir='ltr'><strong>conveniant</strong></span> 
     </span>
    </p>
   </div>
   <div class='ocr_carea' id='block_1_18' title="bbox 227 1484 3502 1557">
    <p class='ocr_par' dir='ltr' id='par_1_18' title="bbox 227 1484 3502 1557">
     <span class='ocr_line' id='line_1_18' title="bbox 227 1484 3502 1557; baseline -0.002 -14"><span class='ocrx_word' id='word_1_213' title='bbox 227 1487 350 1543; x_wconf 87' lang='lat' dir='ltr'><strong>Deo</strong></span> <span class='ocrx_word' id='word_1_214' title='bbox 377 1484 479 1542; x_wconf 82' lang='lat' dir='ltr'><strong>nisi</strong></span> <span class='ocrx_word' id='word_1_215' title='bbox 513 1484 826 1556; x_wconf 77' lang='lat' dir='ltr'><strong>dupliciter,</strong></span> <span class='ocrx_word' id='word_1_216' title='bbox 856 1497 916 1542; x_wconf 92' lang='lat' dir='ltr'><strong>ut</strong></span> <span class='ocrx_word' id='word_1_217' title='bbox 947 1498 1075 1557; x_wconf 90' lang='lat' dir='ltr'><strong>puta</strong></span> <span class='ocrx_word' id='word_1_218' title='bbox 1110 1486 1370 1553; x_wconf 81' lang='lat' dir='ltr'><strong>negative</strong></span> <span class='ocrx_word' id='word_1_219' title='bbox 1392 1496 1448 1557; x_wconf 81' lang='lat' dir='ltr'><strong>et</strong></span> <span class='ocrx_word' id='word_1_220' title='bbox 1469 1486 1792 1557; x_wconf 72' lang='lat' dir='ltr'><strong>causaliter.</strong></span> <span class='ocrx_word' id='word_1_221' title='bbox 1826 1487 1905 1541; x_wconf 83' lang='lat' dir='ltr'><strong>Ac</strong></span> <span class='ocrx_word' id='word_1_222' title='bbox 1941 1488 2194 1556; x_wconf 87' lang='lat' dir='ltr'><strong>negative</strong></span> <span class='ocrx_word' id='word_1_223' title='bbox 2218 1484 2437 1554; x_wconf 89' lang='lat' dir='ltr'><strong>quidem</strong></span> <span class='ocrx_word' id='word_1_224' title='bbox 2468 1488 2671 1556; x_wconf 91' lang='lat' dir='ltr'><strong>primo,</strong></span> <span class='ocrx_word' id='word_1_225' title='bbox 2704 1487 2776 1542; x_wconf 93' lang='lat' dir='ltr'><strong>ad</strong></span> <span class='ocrx_word' id='word_1_226' title='bbox 2821 1488 3205 1542; x_wconf 82' lang='lat' dir='ltr'><strong>removendam</strong></span> <span class='ocrx_word' id='word_1_227' title='bbox 3233 1484 3502 1557; x_wconf 81' lang='lat' dir='ltr'><strong>privatio-</strong></span> 
     </span>
    </p>
   </div>
   <div class='ocr_carea' id='block_1_19' title="bbox 225 1553 3504 1628">
    <p class='ocr_par' dir='ltr' id='par_1_19' title="bbox 225 1553 3504 1628">
     <span class='ocr_line' id='line_1_19' title="bbox 225 1553 3504 1628; baseline -0.002 -15"><span class='ocrx_word' id='word_1_228' title='bbox 225 1575 359 1613; x_wconf 80' lang='lat' dir='ltr'><strong>nem</strong></span> <span class='ocrx_word' id='word_1_229' title='bbox 378 1573 473 1613; x_wconf 91' lang='lat' dir='ltr'><strong>seu</strong></span> <span class='ocrx_word' id='word_1_230' title='bbox 500 1553 769 1614; x_wconf 78' lang='lat' dir='ltr'><strong>defcctum</strong></span> <span class='ocrx_word' id='word_1_231' title='bbox 798 1553 1130 1628; x_wconf 82' lang='lat' dir='ltr'><strong>oppositum,</strong></span> <span class='ocrx_word' id='word_1_232' title='bbox 1158 1566 1217 1609; x_wconf 92' lang='lat' dir='ltr'><strong>ut</strong></span> <span class='ocrx_word' id='word_1_233' title='bbox 1239 1570 1363 1628; x_wconf 88' lang='lat' dir='ltr'><strong>cum</strong></span> <span class='ocrx_word' id='word_1_234' title='bbox 1396 1556 1628 1628; x_wconf 81' lang='lat' dir='ltr'><strong>dicimus</strong></span> <span class='ocrx_word' id='word_1_235' title='bbox 1653 1555 1821 1610; x_wconf 89' lang='lat' dir='ltr'><strong>Deum</strong></span> <span class='ocrx_word' id='word_1_236' title='bbox 1846 1553 2169 1625; x_wconf 79' lang='lat' dir='ltr'><strong>sapientem,</strong></span> <span class='ocrx_word' id='word_1_237' title='bbox 2186 1553 2606 1628; x_wconf 14' lang='lat' dir='ltr'><strong>adginuuen&#39;dum</strong></span> <span class='ocrx_word' id='word_1_238' title='bbox 2637 1557 2780 1628; x_wconf 91' lang='lat' dir='ltr'><strong>quod</strong></span> <span class='ocrx_word' id='word_1_239' title='bbox 2800 1559 2936 1612; x_wconf 91' lang='lat' dir='ltr'><strong>ineo</strong></span> <span class='ocrx_word' id='word_1_240' title='bbox 2956 1572 3063 1628; x_wconf 87' lang='lat' dir='ltr'><strong>non</strong></span> <span class='ocrx_word' id='word_1_241' title='bbox 3083 1558 3156 1628; x_wconf 86' lang='lat' dir='ltr'><strong>sit</strong></span> <span class='ocrx_word' id='word_1_242' title='bbox 3175 1553 3504 1628; x_wconf 71' lang='lat' dir='ltr'><strong>insipientite</strong></span> 
     </span>
    </p>
   </div>
   <div class='ocr_carea' id='block_1_20' title="bbox 226 1626 3506 1698">
    <p class='ocr_par' dir='ltr' id='par_1_20' title="bbox 226 1626 3506 1698">
     <span class='ocr_line' id='line_1_20' title="bbox 226 1626 3506 1698; baseline -0.002 -14"><span class='ocrx_word' id='word_1_243' title='bbox 226 1630 464 1685; x_wconf 86' lang='lat' dir='ltr'><strong>malum.</strong></span> <span class='ocrx_word' id='word_1_244' title='bbox 498 1629 780 1694; x_wconf 89' lang='lat' dir='ltr'><strong>Secundo,</strong></span> <span class='ocrx_word' id='word_1_245' title='bbox 799 1626 959 1698; x_wconf 78' lang='lat' dir='ltr'><strong>preut</strong></span> <span class='ocrx_word' id='word_1_246' title='bbox 975 1643 1041 1681; x_wconf 78' lang='lat' dir='ltr'><strong>ex</strong></span> <span class='ocrx_word' id='word_1_247' title='bbox 1067 1627 1361 1698; x_wconf 78' lang='lat' dir='ltr'><strong>negatione</strong></span> <span class='ocrx_word' id='word_1_248' title='bbox 1380 1626 1704 1696; x_wconf 87' lang='lat' dir='ltr'><strong>relinquitur</strong></span> <span class='ocrx_word' id='word_1_249' title='bbox 1722 1641 1825 1698; x_wconf 87' lang='lat' dir='ltr'><strong>seu</strong></span> <span class='ocrx_word' id='word_1_250' title='bbox 1853 1636 2206 1697; x_wconf 80' lang='lat' dir='ltr'><strong>consequitur</strong></span> <span class='ocrx_word' id='word_1_251' title='bbox 2221 1627 2423 1695; x_wconf 91' lang='lat' dir='ltr'><strong>aliquid</strong></span> <span class='ocrx_word' id='word_1_252' title='bbox 2444 1645 2458 1693; x_wconf 91' lang='lat'><strong>;</strong></span> <span class='ocrx_word' id='word_1_253' title='bbox 2481 1637 2537 1682; x_wconf 93' lang='lat' dir='ltr'><strong>ut</strong></span> <span class='ocrx_word' id='word_1_254' title='bbox 2562 1644 2631 1683; x_wconf 79' lang='lat' dir='ltr'><strong>ex</strong></span> <span class='ocrx_word' id='word_1_255' title='bbox 2655 1626 2760 1683; x_wconf 83' lang='lat' dir='ltr'><strong>hoc</strong></span> <span class='ocrx_word' id='word_1_256' title='bbox 2776 1628 2919 1698; x_wconf 90' lang='lat' dir='ltr'><strong>quod</strong></span> <span class='ocrx_word' id='word_1_257' title='bbox 2947 1627 3069 1696; x_wconf 90' lang='lat' dir='ltr'><strong>quis</strong></span> <span class='ocrx_word' id='word_1_258' title='bbox 3087 1626 3287 1698; x_wconf 79' lang='lat' dir='ltr'><strong>dicitur</strong></span> <span class='ocrx_word' id='word_1_259' title='bbox 3311 1627 3506 1679; x_wconf 86' lang='lat' dir='ltr'><strong>imma-</strong></span> 
     </span>
    </p>
   </div>
   <div class='ocr_carea' id='block_1_21' title="bbox 228 1694 3504 1769">
    <p class='ocr_par' dir='ltr' id='par_1_21' title="bbox 228 1694 3504 1769">
     <span class='ocr_line' id='line_1_21' title="bbox 228 1694 3504 1769; baseline -0.002 -15"><span class='ocrx_word' id='word_1_260' title='bbox 228 1699 449 1754; x_wconf 83' lang='lat' dir='ltr'><strong>terialis</strong></span> <span class='ocrx_word' id='word_1_261' title='bbox 488 1694 985 1769; x_wconf 77' lang='lat' dir='ltr'><strong>relinquiturquod</strong></span> <span class='ocrx_word' id='word_1_262' title='bbox 1020 1701 1091 1753; x_wconf 87' lang='lat' dir='ltr'><strong>sit</strong></span> <span class='ocrx_word' id='word_1_263' title='bbox 1114 1694 1434 1766; x_wconf 76' lang='lat' dir='ltr'><strong>intelligens</strong></span> <span class='ocrx_word' id='word_1_264' title='bbox 1458 1713 1477 1769; x_wconf 8' lang='lat' dir='ltr'><strong>;ﬁ</strong></span> <span class='ocrx_word' id='word_1_265' title='bbox 1508 1694 1687 1769; x_wconf 71' lang='lat' dir='ltr'><strong>atque</strong></span> <span class='ocrx_word' id='word_1_266' title='bbox 1716 1697 1817 1769; x_wconf 88' lang='lat' dir='ltr'><strong>ita,</strong></span> <span class='ocrx_word' id='word_1_267' title='bbox 1852 1694 2677 1769; x_wconf 66' lang='lat' dir='ltr'><strong>secundumjstoshujusmodi</strong></span> <span class='ocrx_word' id='word_1_268' title='bbox 2718 1694 2941 1754; x_wconf 81' lang='lat' dir='ltr'><strong>nomina</strong></span> <span class='ocrx_word' id='word_1_269' title='bbox 2965 1694 3090 1752; x_wconf 80' lang='lat' dir='ltr'><strong>Deo</strong></span> <span class='ocrx_word' id='word_1_270' title='bbox 3125 1694 3504 1769; x_wconf 79' lang='lat' dir='ltr'><strong>attribuuntur</strong></span> 
     </span>
    </p>
   </div>
   <div class='ocr_carea' id='block_1_22' title="bbox 224 1765 3505 1841">
    <p class='ocr_par' dir='ltr' id='par_1_22' title="bbox 224 1765 3505 1841">
     <span class='ocr_line' id='line_1_22' title="bbox 224 1765 3505 1841; baseline -0.002 -17"><span class='ocrx_word' id='word_1_271' title='bbox 224 1770 412 1841; x_wconf 87' lang='lat' dir='ltr'><strong>magis</strong></span> <span class='ocrx_word' id='word_1_272' title='bbox 436 1771 501 1841; x_wconf 84' lang='lat' dir='ltr'><strong>ad</strong></span> <span class='ocrx_word' id='word_1_273' title='bbox 528 1765 940 1841; x_wconf 78' lang='lat' dir='ltr'><strong>removendum,</strong></span> <span class='ocrx_word' id='word_1_274' title='bbox 972 1783 1137 1838; x_wconf 93' lang='lat' dir='ltr'><strong>quam</strong></span> <span class='ocrx_word' id='word_1_275' title='bbox 1166 1769 1234 1841; x_wconf 87' lang='lat' dir='ltr'><strong>ad</strong></span> <span class='ocrx_word' id='word_1_276' title='bbox 1264 1765 1577 1841; x_wconf 88' lang='lat' dir='ltr'><strong>ponendum</strong></span> <span class='ocrx_word' id='word_1_277' title='bbox 1597 1767 1909 1841; x_wconf 5' lang='lat' dir='ltr'><strong>quidquam,</strong></span> <span class='ocrx_word' id='word_1_278' title='bbox 1934 1768 1986 1821; x_wconf 90' lang='lat' dir='ltr'><strong>in</strong></span> <span class='ocrx_word' id='word_1_279' title='bbox 2020 1783 2107 1841; x_wconf 82' lang='lat' dir='ltr'><strong>eo.</strong></span> <span class='ocrx_word' id='word_1_280' title='bbox 2141 1765 2455 1841; x_wconf 77' lang='lat' dir='ltr'><strong>Causaliter</strong></span> <span class='ocrx_word' id='word_1_281' title='bbox 2484 1783 2615 1841; x_wconf 87' lang='lat' dir='ltr'><strong>vero</strong></span> <span class='ocrx_word' id='word_1_282' title='bbox 2650 1783 2745 1841; x_wconf 88' lang='lat' dir='ltr'><strong>seu</strong></span> <span class='ocrx_word' id='word_1_283' title='bbox 2778 1784 2874 1839; x_wconf 92' lang='lat' dir='ltr'><strong>per</strong></span> <span class='ocrx_word' id='word_1_284' title='bbox 2905 1770 3125 1841; x_wconf 85' lang='lat' dir='ltr'><strong>modum</strong></span> <span class='ocrx_word' id='word_1_285' title='bbox 3162 1765 3505 1841; x_wconf 21' lang='lat' dir='ltr'><strong>causal‘itatis</strong></span> 
     </span>
    </p>
   </div>
   <div class='ocr_carea' id='block_1_23' title="bbox 226 1837 3501 1909">
    <p class='ocr_par' dir='ltr' id='par_1_23' title="bbox 226 1837 3501 1909">
     <span class='ocr_line' id='line_1_23' title="bbox 226 1837 3501 1909; baseline -0.002 -13"><span class='ocrx_word' id='word_1_286' title='bbox 226 1837 572 1896; x_wconf 67' lang='lat' dir='ltr'><strong>conveniunt</strong></span> <span class='ocrx_word' id='word_1_287' title='bbox 607 1840 719 1895; x_wconf 87' lang='lat' dir='ltr'><strong>Deo</strong></span> <span class='ocrx_word' id='word_1_288' title='bbox 738 1857 754 1906; x_wconf 88' lang='lat'><strong>;</strong></span> <span class='ocrx_word' id='word_1_289' title='bbox 773 1840 953 1909; x_wconf 90' lang='lat' dir='ltr'><strong>primo</strong></span> <span class='ocrx_word' id='word_1_290' title='bbox 977 1837 1277 1894; x_wconf 86' lang='lat' dir='ltr'><strong>secundum</strong></span> <span class='ocrx_word' id='word_1_291' title='bbox 1306 1839 1453 1909; x_wconf 84' lang='lat' dir='ltr'><strong>quod</strong></span> <span class='ocrx_word' id='word_1_292' title='bbox 1473 1847 1664 1909; x_wconf 89' lang='lat' dir='ltr'><strong>causat</strong></span> <span class='ocrx_word' id='word_1_293' title='bbox 1684 1839 2053 1906; x_wconf 81' lang='lat' dir='ltr'><strong>perfectiones</strong></span> <span class='ocrx_word' id='word_1_294' title='bbox 2085 1839 2139 1891; x_wconf 90' lang='lat' dir='ltr'><strong>in</strong></span> <span class='ocrx_word' id='word_1_295' title='bbox 2188 1839 2479 1905; x_wconf 89' lang='lat' dir='ltr'><strong>creaturis,</strong></span> <span class='ocrx_word' id='word_1_296' title='bbox 2506 1839 2578 1893; x_wconf 84' lang='lat' dir='ltr'><strong>ita</strong></span> <span class='ocrx_word' id='word_1_297' title='bbox 2614 1850 2673 1893; x_wconf 94' lang='lat' dir='ltr'><strong>ut</strong></span> <span class='ocrx_word' id='word_1_298' title='bbox 2699 1837 2913 1895; x_wconf 77' lang='lat' dir='ltr'><strong>dicatur</strong></span> <span class='ocrx_word' id='word_1_299' title='bbox 2936 1839 3117 1909; x_wconf 86' lang='lat' dir='ltr'><strong>bonus</strong></span> <span class='ocrx_word' id='word_1_300' title='bbox 3145 1852 3210 1891; x_wconf 90' lang='lat' dir='ltr'><strong>ac</strong></span> <span class='ocrx_word' id='word_1_301' title='bbox 3238 1837 3501 1909; x_wconf 85' lang='lat' dir='ltr'><strong>sapiens,</strong></span> 
     </span>
    </p>
   </div>
   <div class='ocr_carea' id='block_1_24' title="bbox 222 1906 3502 1980">
    <p class='ocr_par' dir='ltr' id='par_1_24' title="bbox 222 1906 3502 1980">
     <span class='ocr_line' id='line_1_24' title="bbox 222 1906 3502 1980; baseline -0.002 -16"><span class='ocrx_word' id='word_1_302' title='bbox 222 1911 363 1980; x_wconf 89' lang='lat' dir='ltr'><strong>quia</strong></span> <span class='ocrx_word' id='word_1_303' title='bbox 386 1911 713 1980; x_wconf 88' lang='lat' dir='ltr'><strong>sapientiam</strong></span> <span class='ocrx_word' id='word_1_304' title='bbox 743 1906 808 1965; x_wconf 82' lang='lat' dir='ltr'><strong>ac</strong></span> <span class='ocrx_word' id='word_1_305' title='bbox 841 1909 1142 1964; x_wconf 85' lang='lat' dir='ltr'><strong>bonitatem</strong></span> <span class='ocrx_word' id='word_1_306' title='bbox 1176 1906 1345 1980; x_wconf 70' lang='lat' dir='ltr'><strong>rebus</strong></span> <span class='ocrx_word' id='word_1_307' title='bbox 1370 1906 1607 1980; x_wconf 82' lang='lat' dir='ltr'><strong>infundit</strong></span> <span class='ocrx_word' id='word_1_308' title='bbox 1633 1925 1648 1974; x_wconf 86' lang='lat'><strong>;</strong></span> <span class='ocrx_word' id='word_1_309' title='bbox 1685 1909 1945 1980; x_wconf 86' lang='lat' dir='ltr'><strong>secundo,</strong></span> <span class='ocrx_word' id='word_1_310' title='bbox 1977 1909 2102 1977; x_wconf 90' lang='lat' dir='ltr'><strong>quia</strong></span> <span class='ocrx_word' id='word_1_311' title='bbox 2142 1911 2223 1980; x_wconf 83' lang='lat' dir='ltr'><strong>ad</strong></span> <span class='ocrx_word' id='word_1_312' title='bbox 2241 1910 2459 1980; x_wconf 84' lang='lat' dir='ltr'><strong>modum</strong></span> <span class='ocrx_word' id='word_1_313' title='bbox 2487 1919 2757 1965; x_wconf 78' lang='lat' dir='ltr'><strong>creaturae</strong></span> <span class='ocrx_word' id='word_1_314' title='bbox 2788 1924 2847 1964; x_wconf 89' lang='lat' dir='ltr'><strong>se</strong></span> <span class='ocrx_word' id='word_1_315' title='bbox 2872 1909 3058 1973; x_wconf 87' lang='lat' dir='ltr'><strong>habet,</strong></span> <span class='ocrx_word' id='word_1_316' title='bbox 3090 1908 3165 1961; x_wconf 90' lang='lat' dir='ltr'><strong>ita</strong></span> <span class='ocrx_word' id='word_1_317' title='bbox 3195 1907 3502 1980; x_wconf 83' lang='lat' dir='ltr'><strong>utdicatur</strong></span> 
     </span>
    </p>
   </div>
   <div class='ocr_carea' id='block_1_25' title="bbox 226 1978 3500 2051">
    <p class='ocr_par' dir='ltr' id='par_1_25' title="bbox 226 1978 3500 2051">
     <span class='ocr_line' id='line_1_25' title="bbox 226 1978 3500 2051; baseline -0.002 -16"><span class='ocrx_word' id='word_1_318' title='bbox 226 1978 429 2036; x_wconf 68' lang='lat' dir='ltr'><strong>volens</strong></span> <span class='ocrx_word' id='word_1_319' title='bbox 451 1978 523 2035; x_wconf 81' lang='lat' dir='ltr'><strong>ac</strong></span> <span class='ocrx_word' id='word_1_320' title='bbox 553 1982 694 2050; x_wconf 90' lang='lat' dir='ltr'><strong>pius,</strong></span> <span class='ocrx_word' id='word_1_321' title='bbox 732 1980 992 2051; x_wconf 88' lang='lat' dir='ltr'><strong>quoniam</strong></span> <span class='ocrx_word' id='word_1_322' title='bbox 1021 1980 1075 2033; x_wconf 90' lang='lat' dir='ltr'><strong>in</strong></span> <span class='ocrx_word' id='word_1_323' title='bbox 1104 1978 1409 2051; x_wconf 85' lang='lat' dir='ltr'><strong>causando,</strong></span> <span class='ocrx_word' id='word_1_324' title='bbox 1440 1978 1619 2051; x_wconf 79' lang='lat' dir='ltr'><strong>instar</strong></span> <span class='ocrx_word' id='word_1_325' title='bbox 1649 1979 1979 2051; x_wconf 21' lang='lat' dir='ltr'><strong>volentisiac</strong></span> <span class='ocrx_word' id='word_1_326' title='bbox 2009 1980 2085 2047; x_wconf 86' lang='lat' dir='ltr'><strong>pii</strong></span> <span class='ocrx_word' id='word_1_327' title='bbox 2106 1994 2169 2033; x_wconf 90' lang='lat' dir='ltr'><strong>se</strong></span> <span class='ocrx_word' id='word_1_328' title='bbox 2212 1978 2398 2051; x_wconf 86' lang='lat' dir='ltr'><strong>habet.</strong></span> <span class='ocrx_word' id='word_1_329' title='bbox 2435 1978 2592 2033; x_wconf 89' lang='lat' dir='ltr'><strong>Sicut</strong></span> <span class='ocrx_word' id='word_1_330' title='bbox 2623 1984 2787 2051; x_wconf 79' lang='lat' dir='ltr'><strong>etiam</strong></span> <span class='ocrx_word' id='word_1_331' title='bbox 2830 1980 3070 2051; x_wconf 82' lang='lat' dir='ltr'><strong>dicimus</strong></span> <span class='ocrx_word' id='word_1_332' title='bbox 3098 1992 3246 2051; x_wconf 85' lang='lat' dir='ltr'><strong>eum_</strong></span> <span class='ocrx_word' id='word_1_333' title='bbox 3268 1978 3500 2032; x_wconf 90' lang='lat' dir='ltr'><strong>iratum.</strong></span> 
     </span>
    </p>
   </div>
   <div class='ocr_carea' id='block_1_26' title="bbox 224 2047 3502 2120">
    <p class='ocr_par' dir='ltr' id='par_1_26' title="bbox 224 2047 3502 2120">
     <span class='ocr_line' id='line_1_26' title="bbox 224 2047 3502 2120; baseline -0.002 -14"><span class='ocrx_word' id='word_1_334' title='bbox 224 2052 301 2106; x_wconf 82' lang='lat' dir='ltr'><strong>Et</strong></span> <span class='ocrx_word' id='word_1_335' title='bbox 346 2052 502 2117; x_wconf 79' lang='lat' dir='ltr'><strong>juxta</strong></span> <span class='ocrx_word' id='word_1_336' title='bbox 533 2047 693 2107; x_wconf 81' lang='lat' dir='ltr'><strong>istam</strong></span> <span class='ocrx_word' id='word_1_337' title='bbox 728 2047 1093 2120; x_wconf 83' lang='lat' dir='ltr'><strong>positionem,</strong></span> <span class='ocrx_word' id='word_1_338' title='bbox 1123 2050 1308 2104; x_wconf 86' lang='lat' dir='ltr'><strong>omnia</strong></span> <span class='ocrx_word' id='word_1_339' title='bbox 1341 2063 1459 2117; x_wconf 76' lang='lat' dir='ltr'><strong>quae</strong></span> <span class='ocrx_word' id='word_1_340' title='bbox 1495 2049 1752 2120; x_wconf 84' lang='lat' dir='ltr'><strong>dicuntur</strong></span> <span class='ocrx_word' id='word_1_341' title='bbox 1783 2051 1851 2103; x_wconf 89' lang='lat' dir='ltr'><strong>de</strong></span> <span class='ocrx_word' id='word_1_342' title='bbox 1875 2048 1988 2103; x_wconf 88' lang='lat' dir='ltr'><strong>Deo</strong></span> <span class='ocrx_word' id='word_1_343' title='bbox 2018 2059 2075 2103; x_wconf 91' lang='lat' dir='ltr'><strong>et</strong></span> <span class='ocrx_word' id='word_1_344' title='bbox 2105 2050 2396 2115; x_wconf 88' lang='lat' dir='ltr'><strong>creaturis,</strong></span> <span class='ocrx_word' id='word_1_345' title='bbox 2432 2052 2693 2105; x_wconf 88' lang='lat' dir='ltr'><strong>dicuntur</strong></span> <span class='ocrx_word' id='word_1_346' title='bbox 2720 2047 2786 2106; x_wconf 89' lang='lat' dir='ltr'><strong>de</strong></span> <span class='ocrx_word' id='word_1_347' title='bbox 2823 2048 2895 2104; x_wconf 81' lang='lat' dir='ltr'><strong>iis</strong></span> <span class='ocrx_word' id='word_1_348' title='bbox 2926 2065 3062 2117; x_wconf 91' lang='lat' dir='ltr'><strong>pure</strong></span> <span class='ocrx_word' id='word_1_349' title='bbox 3108 2047 3414 2117; x_wconf 67' lang='lat' dir='ltr'><strong>aaquivoce,</strong></span> <span class='ocrx_word' id='word_1_350' title='bbox 3446 2055 3502 2120; x_wconf 79' lang='lat' dir='ltr'><strong>et</strong></span> 
     </span>
    </p>
   </div>
   <div class='ocr_carea' id='block_1_27' title="bbox 222 2118 3504 2191">
    <p class='ocr_par' dir='ltr' id='par_1_27' title="bbox 222 2118 3504 2191">
     <span class='ocr_line' id='line_1_27' title="bbox 222 2118 3504 2191; baseline -0.001 -15"><span class='ocrx_word' id='word_1_351' title='bbox 222 2123 379 2177; x_wconf 83' lang='lat' dir='ltr'><strong>nulla</strong></span> <span class='ocrx_word' id='word_1_352' title='bbox 414 2118 837 2177; x_wconf 41' lang='lat' dir='ltr'><strong>similitudo—est</strong></span> <span class='ocrx_word' id='word_1_353' title='bbox 860 2129 1135 2175; x_wconf 78' lang='lat' dir='ltr'><strong>creaturae</strong></span> <span class='ocrx_word' id='word_1_354' title='bbox 1158 2121 1226 2173; x_wconf 90' lang='lat' dir='ltr'><strong>ad</strong></span> <span class='ocrx_word' id='word_1_355' title='bbox 1271 2132 1605 2182; x_wconf 87' lang='lat' dir='ltr'><strong>creatorem,</strong></span> <span class='ocrx_word' id='word_1_356' title='bbox 1635 2133 1700 2173; x_wconf 86' lang='lat' dir='ltr'><strong>ex</strong></span> <span class='ocrx_word' id='word_1_357' title='bbox 1733 2118 1837 2173; x_wconf 89' lang='lat' dir='ltr'><strong>hoc</strong></span> <span class='ocrx_word' id='word_1_358' title='bbox 1864 2122 2008 2188; x_wconf 86' lang='lat' dir='ltr'><strong>quod</strong></span> <span class='ocrx_word' id='word_1_359' title='bbox 2037 2129 2291 2174; x_wconf 82' lang='lat' dir='ltr'><strong>creatura</strong></span> <span class='ocrx_word' id='word_1_360' title='bbox 2322 2130 2547 2175; x_wconf 86' lang='lat' dir='ltr'><strong>vocetur</strong></span> <span class='ocrx_word' id='word_1_361' title='bbox 2578 2121 2819 2190; x_wconf 88' lang='lat' dir='ltr'><strong>sapiens,</strong></span> <span class='ocrx_word' id='word_1_362' title='bbox 2846 2122 3024 2191; x_wconf 88' lang='lat' dir='ltr'><strong>justa,</strong></span> <span class='ocrx_word' id='word_1_363' title='bbox 3053 2120 3163 2189; x_wconf 86' lang='lat' dir='ltr'><strong>pia,</strong></span> <span class='ocrx_word' id='word_1_364' title='bbox 3192 2127 3329 2184; x_wconf 89' lang='lat' dir='ltr'><strong>etc.,</strong></span> <span class='ocrx_word' id='word_1_365' title='bbox 3358 2118 3504 2188; x_wconf 90' lang='lat' dir='ltr'><strong>quod</strong></span> 
     </span>
    </p>
   </div>
   <div class='ocr_carea' id='block_1_28' title="bbox 224 2192 1244 2263">
    <p class='ocr_par' dir='ltr' id='par_1_28' title="bbox 224 2192 1244 2263">
     <span class='ocr_line' id='line_1_28' title="bbox 224 2192 1244 2263; baseline -0.005 -15"><span class='ocrx_word' id='word_1_366' title='bbox 224 2194 689 2263; x_wconf 9' lang='lat' dir='ltr'><strong>etiamrexpressc</strong></span> <span class='ocrx_word' id='word_1_367' title='bbox 717 2193 920 2247; x_wconf 88' lang='lat' dir='ltr'><strong>asserit</strong></span> <span class='ocrx_word' id='word_1_368' title='bbox 944 2192 1244 2263; x_wconf 84' lang='lat' dir='ltr'><strong>Avicenna.</strong></span> 
     </span>
    </p>
   </div>
   <div class='ocr_carea' id='block_1_29' title="bbox 305 2257 3503 2332">
    <p class='ocr_par' dir='ltr' id='par_1_29' title="bbox 305 2257 3503 2332">
     <span class='ocr_line' id='line_1_29' title="bbox 305 2257 3503 2332; baseline -0.001 -16"><span class='ocrx_word' id='word_1_369' title='bbox 305 2265 376 2316; x_wconf 87' lang='lat' dir='ltr'><strong>At</strong></span> <span class='ocrx_word' id='word_1_370' title='bbox 408 2257 806 2331; x_wconf 64' lang='lat' dir='ltr'><strong>his&#39;objicitur,</strong></span> <span class='ocrx_word' id='word_1_371' title='bbox 838 2262 983 2331; x_wconf 88' lang='lat' dir='ltr'><strong>quod</strong></span> <span class='ocrx_word' id='word_1_372' title='bbox 1012 2260 1179 2314; x_wconf 88' lang='lat' dir='ltr'><strong>simili</strong></span> <span class='ocrx_word' id='word_1_373' title='bbox 1208 2260 1369 2316; x_wconf 90' lang='lat' dir='ltr'><strong>modo</strong></span> <span class='ocrx_word' id='word_1_374' title='bbox 1409 2257 1554 2315; x_wconf 88' lang='lat' dir='ltr'><strong>Deus</strong></span> <span class='ocrx_word' id='word_1_375' title='bbox 1584 2270 1770 2332; x_wconf 88' lang='lat' dir='ltr'><strong>posset</strong></span> <span class='ocrx_word' id='word_1_376' title='bbox 1792 2259 1903 2316; x_wconf 92' lang='lat' dir='ltr'><strong>dici</strong></span> <span class='ocrx_word' id='word_1_377' title='bbox 1945 2260 2082 2329; x_wconf 88' lang='lat' dir='ltr'><strong>lapis</strong></span> <span class='ocrx_word' id='word_1_378' title='bbox 2105 2271 2159 2316; x_wconf 92' lang='lat' dir='ltr'><strong>et</strong></span> <span class='ocrx_word' id='word_1_379' title='bbox 2187 2262 2432 2332; x_wconf 87' lang='lat' dir='ltr'><strong>lignum;</strong></span> <span class='ocrx_word' id='word_1_380' title='bbox 2474 2262 2603 2332; x_wconf 89' lang='lat' dir='ltr'><strong>quia</strong></span> <span class='ocrx_word' id='word_1_381' title='bbox 2629 2269 2714 2317; x_wconf 85' lang='lat' dir='ltr'><strong>est</strong></span> <span class='ocrx_word' id='word_1_382' title='bbox 2741 2277 2906 2317; x_wconf 86' lang='lat' dir='ltr'><strong>causa</strong></span> <span class='ocrx_word' id='word_1_383' title='bbox 2932 2261 3125 2316; x_wconf 89' lang='lat' dir='ltr'><strong>horum</strong></span> <span class='ocrx_word' id='word_1_384' title='bbox 3151 2278 3166 2327; x_wconf 90' lang='lat'><strong>;</strong></span> <span class='ocrx_word' id='word_1_385' title='bbox 3194 2274 3297 2332; x_wconf 77' lang='lat' dir='ltr'><strong>nec</strong></span> <span class='ocrx_word' id='word_1_386' title='bbox 3325 2260 3405 2314; x_wconf 89' lang='lat' dir='ltr'><strong>sic</strong></span> <span class='ocrx_word' id='word_1_387' title='bbox 3434 2275 3503 2314; x_wconf 77' lang='lat' dir='ltr'><strong>ex</strong></span> 
     </span>
    </p>
   </div>
   <div class='ocr_carea' id='block_1_30' title="bbox 221 2329 3503 2403">
    <p class='ocr_par' dir='ltr' id='par_1_30' title="bbox 221 2329 3503 2403">
     <span class='ocr_line' id='line_1_30' title="bbox 221 2329 3503 2403; baseline -0.001 -15"><span class='ocrx_word' id='word_1_388' title='bbox 221 2332 549 2403; x_wconf 80' lang='lat' dir='ltr'><strong>cognitione</strong></span> <span class='ocrx_word' id='word_1_389' title='bbox 580 2329 966 2389; x_wconf 77' lang='lat' dir='ltr'><strong>creaturarum</strong></span> <span class='ocrx_word' id='word_1_390' title='bbox 997 2333 1326 2403; x_wconf 84' lang='lat' dir='ltr'><strong>ducerentur</strong></span> <span class='ocrx_word' id='word_1_391' title='bbox 1362 2332 1415 2384; x_wconf 90' lang='lat' dir='ltr'><strong>in</strong></span> <span class='ocrx_word' id='word_1_392' title='bbox 1465 2329 1651 2403; x_wconf 87' lang='lat' dir='ltr'><strong>veram</strong></span> <span class='ocrx_word' id='word_1_393' title='bbox 1688 2331 1781 2385; x_wconf 86' lang='lat' dir='ltr'><strong>Dei</strong></span> <span class='ocrx_word' id='word_1_394' title='bbox 1822 2333 2197 2403; x_wconf 75' lang='lat' dir='ltr'><strong>cognitionem</strong></span> <span class='ocrx_word' id='word_1_395' title='bbox 2224 2329 2253 2397; x_wconf 64' lang='grc'><strong>;’</strong></span> <span class='ocrx_word' id='word_1_396' title='bbox 2282 2348 2382 2403; x_wconf 82' lang='lat' dir='ltr'><strong>nec</strong></span> <span class='ocrx_word' id='word_1_397' title='bbox 2426 2329 2616 2387; x_wconf 78' lang='lat' dir='ltr'><strong>verum</strong></span> <span class='ocrx_word' id='word_1_398' title='bbox 2654 2334 2931 2386; x_wconf 79' lang='lat' dir='ltr'><strong>videretur</strong></span> <span class='ocrx_word' id='word_1_399' title='bbox 2961 2334 3012 2386; x_wconf 92' lang='lat' dir='ltr'><strong>id</strong></span> <span class='ocrx_word' id='word_1_400' title='bbox 3058 2334 3203 2403; x_wconf 85' lang='lat' dir='ltr'><strong>quod</strong></span> <span class='ocrx_word' id='word_1_401' title='bbox 3237 2329 3503 2403; x_wconf 63' lang='lat' dir='ltr'><strong>Dominus</strong></span> 
     </span>
    </p>
   </div>
   <div class='ocr_carea' id='block_1_31' title="bbox 226 2399 3503 2470">
    <p class='ocr_par' dir='ltr' id='par_1_31' title="bbox 226 2399 3503 2470">
     <span class='ocr_line' id='line_1_31' title="bbox 226 2399 3503 2470; baseline -0.002 -11"><span class='ocrx_word' id='word_1_402' title='bbox 226 2399 410 2461; x_wconf 72' lang='lat' dir='ltr'><strong>diiit:</strong></span> <span class='ocrx_word' id='word_1_403' title='bbox 444 2403 733 2458; x_wconf 77' lang='lat' dir='ltr'><strong>Faciamus</strong></span> <span class='ocrx_word' id='word_1_404' title='bbox 771 2404 1035 2456; x_wconf 79' lang='lat' dir='ltr'><strong>hominem</strong></span> <span class='ocrx_word' id='word_1_405' title='bbox 1067 2402 1137 2454; x_wconf 89' lang='lat' dir='ltr'><strong>ad</strong></span> <span class='ocrx_word' id='word_1_406' title='bbox 1172 2402 1454 2470; x_wconf 78' lang='lat' dir='ltr'><strong>imaginem</strong></span> <span class='ocrx_word' id='word_1_407' title='bbox 1489 2412 1536 2454; x_wconf 81' lang='lat' dir='ltr'><strong>et</strong></span> <span class='ocrx_word' id='word_1_408' title='bbox 1565 2399 1970 2455; x_wconf 79' lang='lat' dir='ltr'><strong>similitudiném</strong></span> <span class='ocrx_word' id='word_1_409' title='bbox 2006 2414 2243 2455; x_wconf 72' lang='lat' dir='ltr'><strong>nostrum</strong></span> <span class='ocrx_word' id='word_1_410' title='bbox 2271 2412 2320 2454; x_wconf 82' lang='grc' dir='ltr'>ι.</span> <span class='ocrx_word' id='word_1_411' title='bbox 2354 2401 2508 2468; x_wconf 85' lang='lat' dir='ltr'><strong>Quod</strong></span> <span class='ocrx_word' id='word_1_412' title='bbox 2537 2404 2663 2457; x_wconf 86' lang='lat' dir='ltr'><strong>item</strong></span> <span class='ocrx_word' id='word_1_413' title='bbox 2699 2406 2751 2456; x_wconf 89' lang='lat' dir='ltr'><strong>in</strong></span> <span class='ocrx_word' id='word_1_414' title='bbox 2791 2399 3086 2458; x_wconf 84' lang='lat' dir='ltr'><strong>Ezechiele</strong></span> <span class='ocrx_word' id='word_1_415' title='bbox 3120 2402 3394 2456; x_wconf 87' lang='lat' dir='ltr'><strong>habetur:</strong></span> <span class='ocrx_word' id='word_1_416' title='bbox 3422 2399 3503 2455; x_wconf 81' lang='lat' dir='ltr'><strong>Tu</strong></span> 
     </span>
    </p>
   </div>
   <div class='ocr_carea' id='block_1_32' title="bbox 218 2470 3389 2545">
    <p class='ocr_par' dir='ltr' id='par_1_32' title="bbox 218 2470 3389 2545">
     <span class='ocr_line' id='line_1_32' title="bbox 218 2470 3389 2545; baseline -0.001 -16"><span class='ocrx_word' id='word_1_417' title='bbox 218 2476 422 2529; x_wconf 76' lang='lat' dir='ltr'><strong>cherub</strong></span> <span class='ocrx_word' id='word_1_418' title='bbox 449 2473 782 2545; x_wconf 74' lang='lat' dir='ltr'><strong>signaculum</strong></span> <span class='ocrx_word' id='word_1_419' title='bbox 807 2473 1178 2545; x_wconf 71' lang='lat' dir='ltr'><strong>similitudinis</strong></span> <span class='ocrx_word' id='word_1_420' title='bbox 1215 2470 1310 2524; x_wconf 80' lang='lat' dir='ltr'><strong>Dei</strong></span> <span class='ocrx_word' id='word_1_421' title='bbox 1336 2483 1386 2527; x_wconf 69' lang='grc' dir='ltr'><strong>α.</strong></span> <span class='ocrx_word' id='word_1_422' title='bbox 1410 2473 1597 2545; x_wconf 81' lang='lat' dir='ltr'><strong>Omnis</strong></span> <span class='ocrx_word' id='word_1_423' title='bbox 1619 2487 1837 2541; x_wconf 88' lang='lat' dir='ltr'><strong>quoque</strong></span> <span class='ocrx_word' id='word_1_424' title='bbox 1864 2471 2089 2526; x_wconf 84' lang='lat' dir='ltr'><strong>effectus</strong></span> <span class='ocrx_word' id='word_1_425' title='bbox 2120 2473 2325 2526; x_wconf 91' lang='lat' dir='ltr'><strong>dicitur</strong></span> <span class='ocrx_word' id='word_1_426' title='bbox 2352 2475 2684 2543; x_wconf 84' lang='lat' dir='ltr'><strong>participata</strong></span> <span class='ocrx_word' id='word_1_427' title='bbox 2715 2489 2827 2545; x_wconf 60' lang='lat' dir='ltr'><strong>sua:</strong></span> <span class='ocrx_word' id='word_1_428' title='bbox 2848 2489 3031 2545; x_wconf 60' lang='lat' dir='ltr'><strong>causa:</strong></span> <span class='ocrx_word' id='word_1_429' title='bbox 3066 2472 3389 2545; x_wconf 82' lang='lat' dir='ltr'><strong>similitudo.</strong></span> 
     </span>
    </p>
   </div>
   <div class='ocr_carea' id='block_1_33' title="bbox 304 2540 3502 2614">
    <p class='ocr_par' dir='ltr' id='par_1_33' title="bbox 304 2540 3502 2614">
     <span class='ocr_line' id='line_1_33' title="bbox 304 2540 3502 2614; baseline -0.002 -14"><span class='ocrx_word' id='word_1_430' title='bbox 304 2540 693 2600; x_wconf 76' lang='lat' dir='ltr'><strong>Verumtamen</strong></span> <span class='ocrx_word' id='word_1_431' title='bbox 726 2544 857 2599; x_wconf 88' lang='lat' dir='ltr'><strong>huic</strong></span> <span class='ocrx_word' id='word_1_432' title='bbox 883 2543 1132 2611; x_wconf 89' lang='lat' dir='ltr'><strong>opinioni</strong></span> <span class='ocrx_word' id='word_1_433' title='bbox 1170 2545 1511 2614; x_wconf 82' lang='lat' dir='ltr'><strong>concordare</strong></span> <span class='ocrx_word' id='word_1_434' title='bbox 1538 2540 1778 2603; x_wconf 63' lang='lat' dir='ltr'><strong>videtuf.</strong></span> <span class='ocrx_word' id='word_1_435' title='bbox 1807 2545 1953 2609; x_wconf 80' lang='lat' dir='ltr'><strong>quod</strong></span> <span class='ocrx_word' id='word_1_436' title='bbox 1989 2557 2155 2610; x_wconf 88' lang='lat' dir='ltr'><strong>super</strong></span> <span class='ocrx_word' id='word_1_437' title='bbox 2183 2540 2468 2613; x_wconf 82' lang='lat' dir='ltr'><strong>mysticam</strong></span> <span class='ocrx_word' id='word_1_438' title='bbox 2506 2540 2837 2614; x_wconf 73' lang='lat' dir='ltr'><strong>theol0giam</strong></span> <span class='ocrx_word' id='word_1_439' title='bbox 2870 2544 3061 2599; x_wconf 88' lang='lat' dir='ltr'><strong>scribit</strong></span> <span class='ocrx_word' id='word_1_440' title='bbox 3105 2543 3382 2606; x_wconf 86' lang='lat' dir='ltr'><strong>Albertus,</strong></span> <span class='ocrx_word' id='word_1_441' title='bbox 3410 2540 3502 2595; x_wconf 89' lang='lat' dir='ltr'><strong>di-</strong></span> 
     </span>
    </p>
   </div>
   <div class='ocr_carea' id='block_1_34' title="bbox 220 2612 3498 2683">
    <p class='ocr_par' dir='ltr' id='par_1_34' title="bbox 220 2612 3498 2683">
     <span class='ocr_line' id='line_1_34' title="bbox 220 2612 3498 2683; baseline -0.002 -12"><span class='ocrx_word' id='word_1_442' title='bbox 220 2630 398 2671; x_wconf 89' lang='lat' dir='ltr'><strong>cens:</strong></span> <span class='ocrx_word' id='word_1_443' title='bbox 435 2634 455 2665; x_wconf 78' lang='grc'><strong>(</strong></span> <span class='ocrx_word' id='word_1_444' title='bbox 494 2617 642 2671; x_wconf 89' lang='lat' dir='ltr'><strong>Deus</strong></span> <span class='ocrx_word' id='word_1_445' title='bbox 672 2630 777 2669; x_wconf 91' lang='lat' dir='ltr'><strong>non</strong></span> <span class='ocrx_word' id='word_1_446' title='bbox 802 2614 972 2669; x_wconf 86' lang='lat' dir='ltr'><strong>habet</strong></span> <span class='ocrx_word' id='word_1_447' title='bbox 1004 2612 1226 2681; x_wconf 85' lang='lat' dir='ltr'><strong>aliquod</strong></span> <span class='ocrx_word' id='word_1_448' title='bbox 1264 2628 1558 2683; x_wconf 87' lang='lat' dir='ltr'><strong>commune</strong></span> <span class='ocrx_word' id='word_1_449' title='bbox 1584 2616 1731 2680; x_wconf 85' lang='lat' dir='ltr'><strong>quod</strong></span> <span class='ocrx_word' id='word_1_450' title='bbox 1757 2616 1828 2668; x_wconf 86' lang='lat' dir='ltr'><strong>sit</strong></span> <span class='ocrx_word' id='word_1_451' title='bbox 1854 2615 1906 2666; x_wconf 89' lang='lat' dir='ltr'><strong>iu</strong></span> <span class='ocrx_word' id='word_1_452' title='bbox 1933 2618 2053 2680; x_wconf 72' lang='lat' dir='ltr'><strong>ipso</strong></span> <span class='ocrx_word' id='word_1_453' title='bbox 2075 2624 2130 2667; x_wconf 89' lang='lat' dir='ltr'><strong>et</strong></span> <span class='ocrx_word' id='word_1_454' title='bbox 2151 2612 2441 2680; x_wconf 84' lang='lat' dir='ltr'><strong>creaturis,</strong></span> <span class='ocrx_word' id='word_1_455' title='bbox 2469 2629 2647 2683; x_wconf 91' lang='lat' dir='ltr'><strong>neque</strong></span> <span class='ocrx_word' id='word_1_456' title='bbox 2676 2612 2736 2669; x_wconf 67' lang='lat' dir='ltr'><strong>ut</strong></span> <span class='ocrx_word' id='word_1_457' title='bbox 2758 2616 2989 2683; x_wconf 90' lang='lat' dir='ltr'><strong>species,</strong></span> <span class='ocrx_word' id='word_1_458' title='bbox 3017 2627 3193 2683; x_wconf 85' lang='lat' dir='ltr'><strong>neque</strong></span> <span class='ocrx_word' id='word_1_459' title='bbox 3226 2621 3285 2665; x_wconf 91' lang='lat' dir='ltr'><strong>ut</strong></span> <span class='ocrx_word' id='word_1_460' title='bbox 3307 2625 3498 2681; x_wconf 82' lang='lat' dir='ltr'><strong>genus,</strong></span> 
     </span>
    </p>
   </div>
   <div class='ocr_carea' id='block_1_35' title="bbox 223 2682 3501 2756">
    <p class='ocr_par' dir='ltr' id='par_1_35' title="bbox 223 2682 3501 2756">
     <span class='ocr_line' id='line_1_35' title="bbox 223 2682 3501 2756; baseline -0.001 -15"><span class='ocrx_word' id='word_1_461' title='bbox 223 2701 411 2756; x_wconf 88' lang='lat' dir='ltr'><strong>neque</strong></span> <span class='ocrx_word' id='word_1_462' title='bbox 441 2697 502 2742; x_wconf 93' lang='lat' dir='ltr'><strong>ut</strong></span> <span class='ocrx_word' id='word_1_463' title='bbox 525 2684 795 2755; x_wconf 67' lang='lat' dir='ltr'><strong>analogia:</strong></span> <span class='ocrx_word' id='word_1_464' title='bbox 816 2683 1146 2755; x_wconf 88' lang='lat' dir='ltr'><strong>principium</strong></span> <span class='ocrx_word' id='word_1_465' title='bbox 1162 2699 1180 2746; x_wconf 84' lang='lat'><strong>;</strong></span> <span class='ocrx_word' id='word_1_466' title='bbox 1212 2682 1307 2737; x_wconf 90' lang='lat' dir='ltr'><strong>sed</strong></span> <span class='ocrx_word' id='word_1_467' title='bbox 1332 2692 1421 2756; x_wconf 85' lang='lat' dir='ltr'><strong>est</strong></span> <span class='ocrx_word' id='word_1_468' title='bbox 1441 2684 1515 2756; x_wconf 89' lang='lat' dir='ltr'><strong>ib_i</strong></span> <span class='ocrx_word' id='word_1_469' title='bbox 1550 2692 1762 2737; x_wconf 89' lang='lat' dir='ltr'><strong>tantum</strong></span> <span class='ocrx_word' id='word_1_470' title='bbox 1789 2683 2110 2756; x_wconf 84' lang='lat' dir='ltr'><strong>imitationis</strong></span> <span class='ocrx_word' id='word_1_471' title='bbox 2134 2682 2644 2753; x_wconf 82' lang='lat' dir='ltr'><strong>communitas,qua</strong></span> <span class='ocrx_word' id='word_1_472' title='bbox 2673 2682 2863 2740; x_wconf 80' lang='lat' dir='ltr'><strong>creata</strong></span> <span class='ocrx_word' id='word_1_473' title='bbox 2888 2682 3501 2756; x_wconf 74' lang='lat' dir='ltr'><strong>imitanturcreatorem</strong></span> 
     </span>
    </p>
   </div>
   <div class='ocr_carea' id='block_1_36' title="bbox 222 2752 3500 2825">
    <p class='ocr_par' dir='ltr' id='par_1_36' title="bbox 222 2752 3500 2825">
     <span class='ocr_line' id='line_1_36' title="bbox 222 2752 3500 2825; baseline -0.001 -14"><span class='ocrx_word' id='word_1_474' title='bbox 222 2767 290 2811; x_wconf 89' lang='lat' dir='ltr'><strong>ut</strong></span> <span class='ocrx_word' id='word_1_475' title='bbox 319 2752 549 2825; x_wconf 80' lang='lat' dir='ltr'><strong>queunt;</strong></span> <span class='ocrx_word' id='word_1_476' title='bbox 587 2766 643 2811; x_wconf 91' lang='lat' dir='ltr'><strong>et</strong></span> <span class='ocrx_word' id='word_1_477' title='bbox 670 2752 787 2810; x_wconf 68' lang='lat' dir='ltr'><strong>haec</strong></span> <span class='ocrx_word' id='word_1_478' title='bbox 816 2752 930 2810; x_wconf 73' lang='lat' dir='ltr'><strong>non</strong></span> <span class='ocrx_word' id='word_1_479' title='bbox 954 2752 1039 2808; x_wconf 73' lang='lat' dir='ltr'><strong>eSt</strong></span> <span class='ocrx_word' id='word_1_480' title='bbox 1069 2753 1455 2825; x_wconf 88' lang='lat' dir='ltr'><strong>communitas.</strong></span> <span class='ocrx_word' id='word_1_481' title='bbox 1480 2752 1712 2823; x_wconf 83' lang='lat' dir='ltr'><strong>PrOpter</strong></span> <span class='ocrx_word' id='word_1_482' title='bbox 1733 2758 1881 2825; x_wconf 84' lang='lat' dir='ltr'><strong>quod</strong></span> <span class='ocrx_word' id='word_1_483' title='bbox 1918 2754 2082 2809; x_wconf 90' lang='lat' dir='ltr'><strong>etiam</strong></span> <span class='ocrx_word' id='word_1_484' title='bbox 2114 2770 2222 2809; x_wconf 89' lang='lat' dir='ltr'><strong>non</strong></span> <span class='ocrx_word' id='word_1_485' title='bbox 2254 2762 2338 2809; x_wconf 88' lang='lat' dir='ltr'><strong>est</strong></span> <span class='ocrx_word' id='word_1_486' title='bbox 2363 2768 2489 2810; x_wconf 87' lang='lat' dir='ltr'><strong>vera</strong></span> <span class='ocrx_word' id='word_1_487' title='bbox 2517 2752 2700 2824; x_wconf 84' lang='lat' dir='ltr'><strong>aliqua</strong></span> <span class='ocrx_word' id='word_1_488' title='bbox 2728 2757 2869 2825; x_wconf 90' lang='lat' dir='ltr'><strong>apud</strong></span> <span class='ocrx_word' id='word_1_489' title='bbox 2897 2760 2997 2810; x_wconf 89' lang='lat' dir='ltr'><strong>no&#39;s</strong></span> <span class='ocrx_word' id='word_1_490' title='bbox 3024 2753 3342 2823; x_wconf 73' lang='lat' dir='ltr'><strong>praedicatio</strong></span> <span class='ocrx_word' id='word_1_491' title='bbox 3366 2768 3500 2825; x_wconf 80' lang='lat' dir='ltr'><strong>vera</strong></span> 
     </span>
    </p>
   </div>
   <div class='ocr_carea' id='block_1_37' title="bbox 222 2823 3501 2897">
    <p class='ocr_par' dir='ltr' id='par_1_37' title="bbox 222 2823 3501 2897">
     <span class='ocr_line' id='line_1_37' title="bbox 222 2823 3501 2897; baseline -0.001 -15"><span class='ocrx_word' id='word_1_492' title='bbox 222 2829 295 2882; x_wconf 88' lang='lat' dir='ltr'><strong>de</strong></span> <span class='ocrx_word' id='word_1_493' title='bbox 315 2823 450 2883; x_wconf 84' lang='lat' dir='ltr'><strong>Deo.</strong></span> <span class='ocrx_word' id='word_1_494' title='bbox 482 2847 502 2881; x_wconf 73' lang='grc' dir='ltr'><strong>ι</strong></span> <span class='ocrx_word' id='word_1_495' title='bbox 534 2827 667 2894; x_wconf 69' lang='lat' dir='ltr'><strong>Qua:</strong></span> <span class='ocrx_word' id='word_1_496' title='bbox 696 2827 864 2881; x_wconf 88' lang='lat' dir='ltr'><strong>verba</strong></span> <span class='ocrx_word' id='word_1_497' title='bbox 898 2826 1083 2894; x_wconf 88' lang='lat' dir='ltr'><strong>inepte</strong></span> <span class='ocrx_word' id='word_1_498' title='bbox 1113 2838 1311 2880; x_wconf 89' lang='lat' dir='ltr'><strong>sonare</strong></span> <span class='ocrx_word' id='word_1_499' title='bbox 1335 2824 1613 2892; x_wconf 87' lang='lat' dir='ltr'><strong>videntur,</strong></span> <span class='ocrx_word' id='word_1_500' title='bbox 1640 2824 1744 2879; x_wconf 91' lang='lat' dir='ltr'><strong>nisi</strong></span> <span class='ocrx_word' id='word_1_501' title='bbox 1770 2823 2001 2879; x_wconf 88' lang='lat' dir='ltr'><strong>forsitan</strong></span> <span class='ocrx_word' id='word_1_502' title='bbox 2037 2835 2221 2879; x_wconf 87' lang='lat' dir='ltr'><strong>sumat</strong></span> <span class='ocrx_word' id='word_1_503' title='bbox 2261 2823 2704 2894; x_wconf 74' lang='lat' dir='ltr'><strong>praedicationem</strong></span> <span class='ocrx_word' id='word_1_504' title='bbox 2742 2823 2953 2894; x_wconf 80' lang='lat' dir='ltr'><strong>veram,</strong></span> <span class='ocrx_word' id='word_1_505' title='bbox 2986 2842 3086 2897; x_wconf 91' lang='lat' dir='ltr'><strong>pro</strong></span> <span class='ocrx_word' id='word_1_506' title='bbox 3108 2824 3501 2895; x_wconf 83' lang='lat' dir='ltr'><strong>praedicatione</strong></span> 
     </span>
    </p>
   </div>
   <div class='ocr_carea' id='block_1_38' title="bbox 272 2899 643 2953">
    <p class='ocr_par' dir='ltr' id='par_1_38' title="bbox 272 2899 643 2953">
     <span class='ocr_line' id='line_1_38' title="bbox 272 2899 643 2953; baseline 0 0"><span class='ocrx_word' id='word_1_507' title='bbox 272 2900 457 2953; x_wconf 85' lang='lat' dir='ltr'><strong>roorie</strong></span> <span class='ocrx_word' id='word_1_508' title='bbox 477 2899 643 2953; x_wconf 88' lang='lat' dir='ltr'><strong>dicta.</strong></span> 
     </span>
    </p>
   </div>
   <div class='ocr_carea' id='block_1_39' title="bbox 229 2913 3494 3038">
    <p class='ocr_par' dir='ltr' id='par_1_39' title="bbox 229 2913 3494 3038">
     <span class='ocr_line' id='line_1_39' title="bbox 229 2913 3494 3038; baseline -0.001 -14"><span class='ocrx_word' id='word_1_509' title='bbox 229 2913 759 3024; x_wconf 39' lang='lat' dir='ltr'><strong>prgitﬂfﬁana</strong></span> <span class='ocrx_word' id='word_1_510' title='bbox 800 2965 1025 3038; x_wconf 89' lang='lat' dir='ltr'><strong>positio,</strong></span> <span class='ocrx_word' id='word_1_511' title='bbox 1055 2972 1325 3038; x_wconf 80' lang='lat' dir='ltr'><strong>quatenus</strong></span> <span class='ocrx_word' id='word_1_512' title='bbox 1353 2963 1720 3038; x_wconf 81' lang='lat' dir='ltr'><strong>perfectiones</strong></span> <span class='ocrx_word' id='word_1_513' title='bbox 1744 2975 2123 3021; x_wconf 81' lang='lat' dir='ltr'><strong>creaturarum</strong></span> <span class='ocrx_word' id='word_1_514' title='bbox 2146 2964 2343 3038; x_wconf 88' lang='lat' dir='ltr'><strong>suntin</strong></span> <span class='ocrx_word' id='word_1_515' title='bbox 2371 2966 2483 3021; x_wconf 90' lang='lat' dir='ltr'><strong>Deo</strong></span> <span class='ocrx_word' id='word_1_516' title='bbox 2504 2966 2947 3038; x_wconf 63' lang='lat' dir='ltr'><strong>praieminenter,</strong></span> <span class='ocrx_word' id='word_1_517' title='bbox 2979 2966 3139 3035; x_wconf 90' lang='lat' dir='ltr'><strong>idque</strong></span> <span class='ocrx_word' id='word_1_518' title='bbox 3163 2964 3341 3034; x_wconf 90' lang='lat' dir='ltr'><strong>quoad</strong></span> <span class='ocrx_word' id='word_1_519' title='bbox 3368 2963 3494 3021; x_wconf 89' lang='lat' dir='ltr'><strong>tria.</strong></span> 
     </span>
    </p>
   </div>
   <div class='ocr_carea' id='block_1_40' title="bbox 222 3035 3498 3107">
    <p class='ocr_par' dir='ltr' id='par_1_40' title="bbox 222 3035 3498 3107">
     <span class='ocr_line' id='line_1_40' title="bbox 222 3035 3498 3107; baseline -0.002 -14"><span class='ocrx_word' id='word_1_520' title='bbox 222 3037 437 3103; x_wconf 85' lang='lat' dir='ltr'><strong>Primo,</strong></span> <span class='ocrx_word' id='word_1_521' title='bbox 475 3050 744 3107; x_wconf 89' lang='lat' dir='ltr'><strong>quantum</strong></span> <span class='ocrx_word' id='word_1_522' title='bbox 773 3035 841 3091; x_wconf 76' lang='lat' dir='ltr'><strong>ad</strong></span> <span class='ocrx_word' id='word_1_523' title='bbox 872 3035 1343 3107; x_wconf 80' lang='lat' dir='ltr'><strong>universalitatem</strong></span> <span class='ocrx_word' id='word_1_524' title='bbox 1371 3053 1386 3103; x_wconf 89' lang='lat'><strong>;</strong></span> <span class='ocrx_word' id='word_1_525' title='bbox 1413 3038 1541 3105; x_wconf 89' lang='lat' dir='ltr'><strong>quia</strong></span> <span class='ocrx_word' id='word_1_526' title='bbox 1580 3039 1637 3090; x_wconf 86' lang='lat' dir='ltr'><strong>iit</strong></span> <span class='ocrx_word' id='word_1_527' title='bbox 1666 3036 1777 3091; x_wconf 92' lang='lat' dir='ltr'><strong>Deo</strong></span> <span class='ocrx_word' id='word_1_528' title='bbox 1821 3048 1950 3091; x_wconf 90' lang='lat' dir='ltr'><strong>sunt</strong></span> <span class='ocrx_word' id='word_1_529' title='bbox 1974 3053 2167 3091; x_wconf 87' lang='lat' dir='ltr'><strong>omnes</strong></span> <span class='ocrx_word' id='word_1_530' title='bbox 2210 3035 2581 3105; x_wconf 84' lang='lat' dir='ltr'><strong>perfectiones</strong></span> <span class='ocrx_word' id='word_1_531' title='bbox 2603 3039 2879 3091; x_wconf 67' lang='lat' dir='ltr'><strong>adunatai.</strong></span> <span class='ocrx_word' id='word_1_532' title='bbox 2915 3036 3193 3100; x_wconf 78' lang='lat' dir='ltr'><strong>Secundo,</strong></span> <span class='ocrx_word' id='word_1_533' title='bbox 3230 3047 3498 3105; x_wconf 89' lang='lat' dir='ltr'><strong>quantum</strong></span> 
     </span>
    </p>
   </div>
   <div class='ocr_carea' id='block_1_41' title="bbox 222 3106 3496 3180">
    <p class='ocr_par' dir='ltr' id='par_1_41' title="bbox 222 3106 3496 3180">
     <span class='ocr_line' id='line_1_41' title="bbox 222 3106 3496 3180; baseline -0.001 -18"><span class='ocrx_word' id='word_1_534' title='bbox 222 3111 294 3163; x_wconf 89' lang='lat' dir='ltr'><strong>ad</strong></span> <span class='ocrx_word' id='word_1_535' title='bbox 339 3106 731 3180; x_wconf 85' lang='lat' dir='ltr'><strong>plenitudinem</strong></span> <span class='ocrx_word' id='word_1_536' title='bbox 758 3126 773 3176; x_wconf 91' lang='lat'><strong>;</strong></span> <span class='ocrx_word' id='word_1_537' title='bbox 803 3108 931 3177; x_wconf 91' lang='lat' dir='ltr'><strong>quia</strong></span> <span class='ocrx_word' id='word_1_538' title='bbox 971 3107 1026 3161; x_wconf 92' lang='lat' dir='ltr'><strong>in</strong></span> <span class='ocrx_word' id='word_1_539' title='bbox 1070 3106 1181 3180; x_wconf 84' lang='lat' dir='ltr'><strong>Deo</strong></span> <span class='ocrx_word' id='word_1_540' title='bbox 1211 3114 1339 3160; x_wconf 91' lang='lat' dir='ltr'><strong>sunt</strong></span> <span class='ocrx_word' id='word_1_541' title='bbox 1367 3121 1492 3160; x_wconf 84' lang='lat' dir='ltr'><strong>cum</strong></span> <span class='ocrx_word' id='word_1_542' title='bbox 1523 3108 2130 3180; x_wconf 61' lang='lat' dir='ltr'><strong>,intinitnperfectione.</strong></span> <span class='ocrx_word' id='word_1_543' title='bbox 2166 3107 2381 3180; x_wconf 83' lang='lat' dir='ltr'><strong>Tertio,</strong></span> <span class='ocrx_word' id='word_1_544' title='bbox 2409 3109 2590 3176; x_wconf 84' lang='lat' dir='ltr'><strong>quoad</strong></span> <span class='ocrx_word' id='word_1_545' title='bbox 2635 3108 3050 3176; x_wconf 88' lang='lat' dir='ltr'><strong>simplicitatem</strong></span> <span class='ocrx_word' id='word_1_546' title='bbox 3084 3117 3141 3161; x_wconf 91' lang='lat' dir='ltr'><strong>et</strong></span> <span class='ocrx_word' id='word_1_547' title='bbox 3170 3115 3496 3180; x_wconf 79' lang='lat' dir='ltr'><strong>unitatem;</strong></span> 
     </span>
    </p>
   </div>
   <div class='ocr_carea' id='block_1_42' title="bbox 222 3177 3498 3248">
    <p class='ocr_par' dir='ltr' id='par_1_42' title="bbox 222 3177 3498 3248">
     <span class='ocr_line' id='line_1_42' title="bbox 222 3177 3498 3248; baseline -0.002 -13"><span class='ocrx_word' id='word_1_548' title='bbox 222 3177 355 3248; x_wconf 69' lang='lat' dir='ltr'><strong>quae</strong></span> <span class='ocrx_word' id='word_1_549' title='bbox 376 3183 524 3235; x_wconf 88' lang='lat' dir='ltr'><strong>enim</strong></span> <span class='ocrx_word' id='word_1_550' title='bbox 559 3180 611 3232; x_wconf 90' lang='lat' dir='ltr'><strong>in</strong></span> <span class='ocrx_word' id='word_1_551' title='bbox 642 3180 914 3234; x_wconf 75' lang='lat' dir='ltr'><strong>creaturis</strong></span> <span class='ocrx_word' id='word_1_552' title='bbox 939 3186 1070 3232; x_wconf 90' lang='lat' dir='ltr'><strong>sunt</strong></span> <span class='ocrx_word' id='word_1_553' title='bbox 1106 3178 1323 3230; x_wconf 86' lang='lat' dir='ltr'><strong>diversa</strong></span> <span class='ocrx_word' id='word_1_554' title='bbox 1340 3191 1415 3248; x_wconf 84' lang='lat' dir='ltr'><strong>ac</strong></span> <span class='ocrx_word' id='word_1_555' title='bbox 1434 3177 1626 3243; x_wconf 88' lang='lat' dir='ltr'><strong>multa,</strong></span> <span class='ocrx_word' id='word_1_556' title='bbox 1655 3179 1706 3230; x_wconf 91' lang='lat' dir='ltr'><strong>in</strong></span> <span class='ocrx_word' id='word_1_557' title='bbox 1733 3177 1845 3232; x_wconf 92' lang='lat' dir='ltr'><strong>Deo</strong></span> <span class='ocrx_word' id='word_1_558' title='bbox 1873 3190 2000 3233; x_wconf 89' lang='lat' dir='ltr'><strong>sunt</strong></span> <span class='ocrx_word' id='word_1_559' title='bbox 2042 3193 2231 3231; x_wconf 90' lang='lat' dir='ltr'><strong>unum.</strong></span> <span class='ocrx_word' id='word_1_560' title='bbox 2273 3178 2399 3233; x_wconf 75' lang='lat' dir='ltr'><strong>Haec</strong></span> <span class='ocrx_word' id='word_1_561' title='bbox 2431 3190 2518 3232; x_wconf 90' lang='lat' dir='ltr'><strong>est</strong></span> <span class='ocrx_word' id='word_1_562' title='bbox 2541 3181 2791 3231; x_wconf 89' lang='lat' dir='ltr'><strong>doctrina</strong></span> <span class='ocrx_word' id='word_1_563' title='bbox 2818 3186 3133 3248; x_wconf 85' lang='lat' dir='ltr'><strong>sanctorum</strong></span> <span class='ocrx_word' id='word_1_564' title='bbox 3166 3177 3408 3248; x_wconf 84' lang='lat' dir='ltr'><strong>Dionysii</strong></span> <span class='ocrx_word' id='word_1_565' title='bbox 3440 3186 3498 3229; x_wconf 92' lang='lat' dir='ltr'><strong>et</strong></span> 
     </span>
    </p>
   </div>
   <div class='ocr_carea' id='block_1_43' title="bbox 222 3246 3496 3318">
    <p class='ocr_par' dir='ltr' id='par_1_43' title="bbox 222 3246 3496 3318">
     <span class='ocr_line' id='line_1_43' title="bbox 222 3246 3496 3318; baseline -0.002 -13"><span class='ocrx_word' id='word_1_566' title='bbox 222 3246 490 3312; x_wconf 75' lang='lat' dir='ltr'><strong>Anselmi,</strong></span> <span class='ocrx_word' id='word_1_567' title='bbox 519 3264 584 3304; x_wconf 92' lang='lat' dir='ltr'><strong>ac</strong></span> <span class='ocrx_word' id='word_1_568' title='bbox 608 3248 1114 3318; x_wconf 19' lang='lat' dir='ltr'><strong>pluriutngaliorum</strong></span> <span class='ocrx_word' id='word_1_569' title='bbox 1137 3262 1278 3316; x_wconf 91' lang='lat' dir='ltr'><strong>quos</strong></span> <span class='ocrx_word' id='word_1_570' title='bbox 1316 3247 1570 3301; x_wconf 89' lang='lat' dir='ltr'><strong>doctores</strong></span> <span class='ocrx_word' id='word_1_571' title='bbox 1609 3249 1894 3318; x_wconf 65' lang='lat' dir='ltr'><strong>praecipui,</strong></span> <span class='ocrx_word' id='word_1_572' title='bbox 1927 3260 2151 3302; x_wconf 88' lang='lat' dir='ltr'><strong>sanctus</strong></span> <span class='ocrx_word' id='word_1_573' title='bbox 2182 3248 2451 3313; x_wconf 85' lang='lat' dir='ltr'><strong>Thomas,</strong></span> <span class='ocrx_word' id='word_1_574' title='bbox 2476 3247 2811 3315; x_wconf 79' lang='lat' dir='ltr'><strong>Alexander,</strong></span> <span class='ocrx_word' id='word_1_575' title='bbox 2835 3259 3063 3303; x_wconf 89' lang='lat' dir='ltr'><strong>sanctus</strong></span> <span class='ocrx_word' id='word_1_576' title='bbox 3085 3246 3496 3318; x_wconf 77' lang='lat' dir='ltr'><strong>Bonaventura,</strong></span> 
     </span>
    </p>
   </div>
   <div class='ocr_carea' id='block_1_44' title="bbox 222 3314 3496 3389">
    <p class='ocr_par' dir='ltr' id='par_1_44' title="bbox 222 3314 3496 3389">
     <span class='ocr_line' id='line_1_44' title="bbox 222 3314 3496 3389; baseline -0.002 -15"><span class='ocrx_word' id='word_1_577' title='bbox 222 3321 560 3385; x_wconf 72' lang='lat' dir='ltr'><strong>ﬂic’liardus,</strong></span> <span class='ocrx_word' id='word_1_578' title='bbox 589 3314 787 3375; x_wconf 78' lang='lat' dir='ltr'><strong>Petrus</strong></span> <span class='ocrx_word' id='word_1_579' title='bbox 810 3317 1085 3389; x_wconf 65' lang='lat' dir='ltr'><strong>Aigidius,</strong></span> <span class='ocrx_word' id='word_1_580' title='bbox 1108 3314 1171 3372; x_wconf 73' lang='lat' dir='ltr'><strong>et</strong></span> <span class='ocrx_word' id='word_1_581' title='bbox 1193 3318 1286 3371; x_wconf 91' lang='lat' dir='ltr'><strong>alti</strong></span> <span class='ocrx_word' id='word_1_582' title='bbox 1315 3318 1469 3371; x_wconf 89' lang='lat' dir='ltr'><strong>multi</strong></span> <span class='ocrx_word' id='word_1_583' title='bbox 1496 3314 1824 3387; x_wconf 78' lang='lat' dir='ltr'><strong>sequuntur,</strong></span> <span class='ocrx_word' id='word_1_584' title='bbox 1849 3333 1905 3373; x_wconf 91' lang='lat' dir='ltr'><strong>et</strong></span> <span class='ocrx_word' id='word_1_585' title='bbox 1929 3320 2310 3373; x_wconf 90' lang='lat' dir='ltr'><strong>rationabilior</strong></span> <span class='ocrx_word' id='word_1_586' title='bbox 2333 3333 2553 3389; x_wconf 89' lang='lat' dir='ltr'><strong>quoque</strong></span> <span class='ocrx_word' id='word_1_587' title='bbox 2584 3320 2826 3373; x_wconf 90' lang='lat' dir='ltr'><strong>videtur.</strong></span> <span class='ocrx_word' id='word_1_588' title='bbox 2854 3318 3248 3373; x_wconf 82' lang='lat' dir='ltr'><strong>Verumtamen</strong></span> <span class='ocrx_word' id='word_1_589' title='bbox 3272 3314 3496 3381; x_wconf 85' lang='lat' dir='ltr'><strong>Scottis,</strong></span> 
     </span>
    </p>
   </div>
   <div class='ocr_carea' id='block_1_45' title="bbox 222 3390 3499 3462">
    <p class='ocr_par' dir='ltr' id='par_1_45' title="bbox 222 3390 3499 3462">
     <span class='ocr_line' id='line_1_45' title="bbox 222 3390 3499 3462; baseline -0.002 -17"><span class='ocrx_word' id='word_1_590' title='bbox 222 3391 279 3445; x_wconf 91' lang='lat' dir='ltr'><strong>in</strong></span> <span class='ocrx_word' id='word_1_591' title='bbox 315 3394 524 3462; x_wconf 88' lang='lat' dir='ltr'><strong>scripto</strong></span> <span class='ocrx_word' id='word_1_592' title='bbox 548 3406 648 3446; x_wconf 91' lang='lat' dir='ltr'><strong>suo</strong></span> <span class='ocrx_word' id='word_1_593' title='bbox 674 3390 848 3458; x_wconf 86' lang='lat' dir='ltr'><strong>Super</strong></span> <span class='ocrx_word' id='word_1_594' title='bbox 885 3390 1118 3462; x_wconf 78' lang='lat' dir='ltr'><strong>primum</strong></span> <span class='ocrx_word' id='word_1_595' title='bbox 1162 3390 1568 3462; x_wconf 69' lang='lat' dir='ltr'><strong>sententiarum,</strong></span> <span class='ocrx_word' id='word_1_596' title='bbox 1600 3396 1767 3454; x_wconf 86' lang='lat' dir='ltr'><strong>tenet,</strong></span> <span class='ocrx_word' id='word_1_597' title='bbox 1797 3393 1941 3458; x_wconf 92' lang='lat' dir='ltr'><strong>quod</strong></span> <span class='ocrx_word' id='word_1_598' title='bbox 1978 3401 2278 3458; x_wconf 77' lang='lat' dir='ltr'><strong>coiiceptus</strong></span> <span class='ocrx_word' id='word_1_599' title='bbox 2303 3391 2445 3462; x_wconf 80' lang='lat' dir='ltr'><strong>eatis</strong></span> <span class='ocrx_word' id='word_1_600' title='bbox 2483 3392 2554 3444; x_wconf 89' lang='lat' dir='ltr'><strong>sit</strong></span> <span class='ocrx_word' id='word_1_601' title='bbox 2587 3392 2936 3462; x_wconf 76' lang='lat' dir='ltr'><strong>univocuset</strong></span> <span class='ocrx_word' id='word_1_602' title='bbox 2963 3390 3272 3462; x_wconf 81' lang='lat' dir='ltr'><strong>communis</strong></span> <span class='ocrx_word' id='word_1_603' title='bbox 3303 3391 3412 3441; x_wconf 89' lang='lat' dir='ltr'><strong>Deo</strong></span> <span class='ocrx_word' id='word_1_604' title='bbox 3441 3398 3499 3440; x_wconf 89' lang='lat' dir='ltr'><strong>et</strong></span> 
     </span>
    </p>
   </div>
   <div class='ocr_carea' id='block_1_46' title="bbox 220 3459 3495 3531">
    <p class='ocr_par' dir='ltr' id='par_1_46' title="bbox 220 3459 3495 3531">
     <span class='ocr_line' id='line_1_46' title="bbox 220 3459 3495 3531; baseline -0.002 -16"><span class='ocrx_word' id='word_1_605' title='bbox 220 3459 516 3528; x_wconf 79' lang='lat' dir='ltr'><strong>creaturis,</strong></span> <span class='ocrx_word' id='word_1_606' title='bbox 570 3472 737 3531; x_wconf 91' lang='lat' dir='ltr'><strong>atque</strong></span> <span class='ocrx_word' id='word_1_607' title='bbox 767 3463 841 3514; x_wconf 80' lang='lat' dir='ltr'><strong>ita</strong></span> <span class='ocrx_word' id='word_1_608' title='bbox 873 3476 972 3514; x_wconf 91' lang='lat' dir='ltr'><strong>eus</strong></span> <span class='ocrx_word' id='word_1_609' title='bbox 998 3459 1256 3531; x_wconf 21' lang='lat' dir='ltr'><strong>Aunivoce</strong></span> <span class='ocrx_word' id='word_1_610' title='bbox 1284 3459 1614 3528; x_wconf 67' lang='lat' dir='ltr'><strong>praedicetur</strong></span> <span class='ocrx_word' id='word_1_611' title='bbox 1667 3465 1737 3514; x_wconf 91' lang='lat' dir='ltr'><strong>de</strong></span> <span class='ocrx_word' id='word_1_612' title='bbox 1772 3474 1889 3524; x_wconf 86' lang='lat' dir='ltr'><strong>eis;</strong></span> <span class='ocrx_word' id='word_1_613' title='bbox 1923 3470 2088 3529; x_wconf 87' lang='lat' dir='ltr'><strong>negat</strong></span> <span class='ocrx_word' id='word_1_614' title='bbox 2133 3472 2343 3531; x_wconf 84' lang='lat' dir='ltr'><strong>tamen,</strong></span> <span class='ocrx_word' id='word_1_615' title='bbox 2366 3460 2543 3531; x_wconf 89' lang='lat' dir='ltr'><strong>Deum</strong></span> <span class='ocrx_word' id='word_1_616' title='bbox 2571 3475 2693 3515; x_wconf 88' lang='lat' dir='ltr'><strong>esse</strong></span> <span class='ocrx_word' id='word_1_617' title='bbox 2726 3461 2782 3514; x_wconf 92' lang='lat' dir='ltr'><strong>in</strong></span> <span class='ocrx_word' id='word_1_618' title='bbox 2821 3459 3010 3531; x_wconf 74' lang='lat' dir='ltr'><strong>aliquo</strong></span> <span class='ocrx_word' id='word_1_619' title='bbox 3049 3460 3495 3531; x_wconf 62' lang='lat' dir='ltr'><strong>praadicameuto.</strong></span> 
     </span>
    </p>
   </div>
   <div class='ocr_carea' id='block_1_47' title="bbox 218 3528 3495 3603">
    <p class='ocr_par' dir='ltr' id='par_1_47' title="bbox 218 3528 3495 3603">
     <span class='ocr_line' id='line_1_47' title="bbox 218 3528 3495 3603; baseline -0.001 -18"><span class='ocrx_word' id='word_1_620' title='bbox 218 3532 407 3603; x_wconf 75' lang='lat' dir='ltr'><strong>Aliqui</strong></span> <span class='ocrx_word' id='word_1_621' title='bbox 436 3548 569 3588; x_wconf 87' lang='lat' dir='ltr'><strong>vero</strong></span> <span class='ocrx_word' id='word_1_622' title='bbox 593 3528 799 3603; x_wconf 75' lang='lat' dir='ltr'><strong>dicunt,</strong></span> <span class='ocrx_word' id='word_1_623' title='bbox 825 3528 1049 3603; x_wconf 83' lang='lat' dir='ltr'><strong>quodin</strong></span> <span class='ocrx_word' id='word_1_624' title='bbox 1077 3531 1505 3603; x_wconf 67' lang='lat' dir='ltr'><strong>praadicatneuto</strong></span> <span class='ocrx_word' id='word_1_625' title='bbox 1527 3532 1780 3603; x_wconf 81' lang='lat' dir='ltr'><strong>exsistat,</strong></span> <span class='ocrx_word' id='word_1_626' title='bbox 1805 3528 2216 3603; x_wconf 82' lang='lat' dir='ltr'><strong>ut_Fraiiciscus</strong></span> <span class='ocrx_word' id='word_1_627' title='bbox 2238 3537 2306 3603; x_wconf 85' lang='lat' dir='ltr'><strong>de</strong></span> <span class='ocrx_word' id='word_1_628' title='bbox 2329 3530 2591 3597; x_wconf 82' lang='lat' dir='ltr'><strong>Maronis,</strong></span> <span class='ocrx_word' id='word_1_629' title='bbox 2618 3542 2673 3584; x_wconf 91' lang='lat' dir='ltr'><strong>et</strong></span> <span class='ocrx_word' id='word_1_630' title='bbox 2696 3533 2790 3600; x_wconf 91' lang='lat' dir='ltr'><strong>qui</strong></span> <span class='ocrx_word' id='word_1_631' title='bbox 2815 3529 3189 3603; x_wconf 47' lang='lat' dir='ltr'><strong>fﬂominalistai</strong></span> <span class='ocrx_word' id='word_1_632' title='bbox 3216 3530 3495 3603; x_wconf 76' lang='lat' dir='ltr'><strong>dicuntur.</strong></span> 
     </span>
    </p>
   </div>
   <div class='ocr_carea' id='block_1_48' title="bbox 224 3599 3497 3674">
    <p class='ocr_par' dir='ltr' id='par_1_48' title="bbox 224 3599 3497 3674">
     <span class='ocr_line' id='line_1_48' title="bbox 224 3599 3497 3674; baseline -0.001 -18"><span class='ocrx_word' id='word_1_633' title='bbox 224 3599 481 3674; x_wconf 85' lang='lat' dir='ltr'><strong>Denique</strong></span> <span class='ocrx_word' id='word_1_634' title='bbox 520 3599 847 3659; x_wconf 86' lang='lat' dir='ltr'><strong>Guilielmus</strong></span> <span class='ocrx_word' id='word_1_635' title='bbox 871 3601 1204 3674; x_wconf 61' lang='lat' dir='ltr'><strong>Parisieusts</strong></span> <span class='ocrx_word' id='word_1_636' title='bbox 1247 3602 1301 3654; x_wconf 91' lang='lat' dir='ltr'><strong>in</strong></span> <span class='ocrx_word' id='word_1_637' title='bbox 1342 3599 1578 3674; x_wconf 68' lang='lat' dir='ltr'><strong>Divinali</strong></span> <span class='ocrx_word' id='word_1_638' title='bbox 1597 3615 1703 3674; x_wconf 81' lang='lat' dir='ltr'><strong>suo</strong></span> <span class='ocrx_word' id='word_1_639' title='bbox 1729 3605 1803 3674; x_wconf 71' lang='lat' dir='ltr'><strong>de</strong></span> <span class='ocrx_word' id='word_1_640' title='bbox 1836 3600 2204 3674; x_wconf 21' lang='lat' dir='ltr'><strong>Trinitate,»et</strong></span> <span class='ocrx_word' id='word_1_641' title='bbox 2228 3599 2790 3656; x_wconf 30' lang='lat' dir='ltr'><strong>Antisiodorensis’in</strong></span> <span class='ocrx_word' id='word_1_642' title='bbox 2819 3601 3043 3655; x_wconf 81' lang='lat' dir='ltr'><strong>Summa</strong></span> <span class='ocrx_word' id='word_1_643' title='bbox 3079 3614 3199 3666; x_wconf 90' lang='lat' dir='ltr'><strong>sua,</strong></span> <span class='ocrx_word' id='word_1_644' title='bbox 3226 3599 3497 3674; x_wconf 81' lang='lat' dir='ltr'><strong>Henricus</strong></span> 
     </span>
    </p>
   </div>
   <div class='ocr_carea' id='block_1_49' title="bbox 217 3670 3497 3741">
    <p class='ocr_par' dir='ltr' id='par_1_49' title="bbox 217 3670 3497 3741">
     <span class='ocr_line' id='line_1_49' title="bbox 217 3670 3497 3741; baseline -0.002 -12"><span class='ocrx_word' id='word_1_645' title='bbox 217 3670 485 3729; x_wconf 47' lang='lat' dir='ltr'><strong>ctiam—de</strong></span> <span class='ocrx_word' id='word_1_646' title='bbox 511 3674 772 3729; x_wconf 86' lang='lat' dir='ltr'><strong>Gandavo</strong></span> <span class='ocrx_word' id='word_1_647' title='bbox 803 3675 856 3726; x_wconf 92' lang='lat' dir='ltr'><strong>in</strong></span> <span class='ocrx_word' id='word_1_648' title='bbox 883 3670 1105 3727; x_wconf 88' lang='lat' dir='ltr'><strong>Summa</strong></span> <span class='ocrx_word' id='word_1_649' title='bbox 1135 3685 1262 3734; x_wconf 90' lang='lat' dir='ltr'><strong>sua,</strong></span> <span class='ocrx_word' id='word_1_650' title='bbox 1292 3677 1346 3724; x_wconf 87' lang='lat' dir='ltr'><strong>et</strong></span> <span class='ocrx_word' id='word_1_651' title='bbox 1373 3672 1425 3723; x_wconf 87' lang='lat' dir='ltr'><strong>in</strong></span> <span class='ocrx_word' id='word_1_652' title='bbox 1452 3670 1831 3735; x_wconf 78' lang='lat' dir='ltr'><strong>Quodlibeticis</strong></span> <span class='ocrx_word' id='word_1_653' title='bbox 1857 3682 2099 3737; x_wconf 86' lang='lat' dir='ltr'><strong>tuentur,</strong></span> <span class='ocrx_word' id='word_1_654' title='bbox 2126 3672 2292 3725; x_wconf 89' lang='lat' dir='ltr'><strong>Deum</strong></span> <span class='ocrx_word' id='word_1_655' title='bbox 2319 3676 2374 3725; x_wconf 90' lang='lat' dir='ltr'><strong>in</strong></span> <span class='ocrx_word' id='word_1_656' title='bbox 2409 3674 2840 3741; x_wconf 77' lang='lat' dir='ltr'><strong>prwdicattiento</strong></span> <span class='ocrx_word' id='word_1_657' title='bbox 2863 3688 2969 3726; x_wconf 89' lang='lat' dir='ltr'><strong>non</strong></span> <span class='ocrx_word' id='word_1_658' title='bbox 2995 3685 3138 3733; x_wconf 87' lang='lat' dir='ltr'><strong>esse,</strong></span> <span class='ocrx_word' id='word_1_659' title='bbox 3162 3686 3264 3724; x_wconf 86' lang='lat' dir='ltr'><strong>nec</strong></span> <span class='ocrx_word' id='word_1_660' title='bbox 3290 3670 3497 3738; x_wconf 83' lang='lat' dir='ltr'><strong>aliquid</strong></span> 
     </span>
    </p>
   </div>
   <div class='ocr_carea' id='block_1_50' title="bbox 218 3741 3498 3813">
    <p class='ocr_par' dir='ltr' id='par_1_50' title="bbox 218 3741 3498 3813">
     <span class='ocr_line' id='line_1_50' title="bbox 218 3741 3498 3813; baseline -0.001 -16"><span class='ocrx_word' id='word_1_661' title='bbox 218 3746 290 3797; x_wconf 91' lang='lat' dir='ltr'><strong>de</strong></span> <span class='ocrx_word' id='word_1_662' title='bbox 320 3746 436 3813; x_wconf 88' lang='lat' dir='ltr'><strong>ipso</strong></span> <span class='ocrx_word' id='word_1_663' title='bbox 473 3755 529 3801; x_wconf 91' lang='lat' dir='ltr'><strong>et</strong></span> <span class='ocrx_word' id='word_1_664' title='bbox 550 3746 821 3799; x_wconf 88' lang='lat' dir='ltr'><strong>creaturis</strong></span> <span class='ocrx_word' id='word_1_665' title='bbox 849 3744 954 3797; x_wconf 83' lang='lat' dir='ltr'><strong>dici</strong></span> <span class='ocrx_word' id='word_1_666' title='bbox 984 3741 1216 3796; x_wconf 88' lang='lat' dir='ltr'><strong>univoce</strong></span> <span class='ocrx_word' id='word_1_667' title='bbox 1246 3743 1654 3813; x_wconf 82' lang='lat' dir='ltr'><strong>sedanalogice</strong></span> <span class='ocrx_word' id='word_1_668' title='bbox 1687 3750 1927 3795; x_wconf 89' lang='lat' dir='ltr'><strong>tantum.</strong></span> <span class='ocrx_word' id='word_1_669' title='bbox 1969 3744 2099 3808; x_wconf 74' lang='lat' dir='ltr'><strong>Qua:</strong></span> <span class='ocrx_word' id='word_1_670' title='bbox 2132 3744 2330 3810; x_wconf 77' lang='lat' dir='ltr'><strong>positio</strong></span> <span class='ocrx_word' id='word_1_671' title='bbox 2357 3759 2464 3796; x_wconf 88' lang='lat' dir='ltr'><strong>non</strong></span> <span class='ocrx_word' id='word_1_672' title='bbox 2497 3742 2669 3797; x_wconf 88' lang='lat' dir='ltr'><strong>solum</strong></span> <span class='ocrx_word' id='word_1_673' title='bbox 2694 3752 2788 3813; x_wconf 81' lang='lat' dir='ltr'><strong>est</strong></span> <span class='ocrx_word' id='word_1_674' title='bbox 2817 3756 3021 3806; x_wconf 86' lang='lat' dir='ltr'><strong>vertor,</strong></span> <span class='ocrx_word' id='word_1_675' title='bbox 3050 3742 3149 3796; x_wconf 91' lang='lat' dir='ltr'><strong>sed</strong></span> <span class='ocrx_word' id='word_1_676' title='bbox 3174 3741 3341 3794; x_wconf 89' lang='lat' dir='ltr'><strong>etiam</strong></span> <span class='ocrx_word' id='word_1_677' title='bbox 3363 3756 3498 3813; x_wconf 74' lang='lat' dir='ltr'><strong>cou-</strong></span> 
     </span>
    </p>
   </div>
   <div class='ocr_carea' id='block_1_51' title="bbox 216 3809 3495 3884">
    <p class='ocr_par' dir='ltr' id='par_1_51' title="bbox 216 3809 3495 3884">
     <span class='ocr_line' id='line_1_51' title="bbox 216 3809 3495 3884; baseline -0.001 -18"><span class='ocrx_word' id='word_1_678' title='bbox 216 3809 509 3883; x_wconf 78' lang='lat' dir='ltr'><strong>gruéntior</strong></span> <span class='ocrx_word' id='word_1_679' title='bbox 534 3816 771 3869; x_wconf 73' lang='lat' dir='ltr'><strong>infinita:</strong></span> <span class='ocrx_word' id='word_1_680' title='bbox 798 3811 1383 3882; x_wconf 82' lang='lat' dir='ltr'><strong>superincomparabili</strong></span> <span class='ocrx_word' id='word_1_681' title='bbox 1423 3813 1952 3884; x_wconf 78' lang='lat' dir='ltr'><strong>etsuperessentiali</strong></span> <span class='ocrx_word' id='word_1_682' title='bbox 1990 3809 2261 3884; x_wconf 84' lang='lat' dir='ltr'><strong>tnajestati</strong></span> <span class='ocrx_word' id='word_1_683' title='bbox 2312 3814 2530 3878; x_wconf 72' lang='lat' dir='ltr'><strong>divinae,</strong></span> <span class='ocrx_word' id='word_1_684' title='bbox 2553 3828 2620 3884; x_wconf 85' lang='lat' dir='ltr'><strong>ac</strong></span> <span class='ocrx_word' id='word_1_685' title='bbox 2656 3811 2997 3868; x_wconf 87' lang='lat' dir='ltr'><strong>conformior</strong></span> <span class='ocrx_word' id='word_1_686' title='bbox 3022 3813 3335 3884; x_wconf 85' lang='lat' dir='ltr'><strong>beatissimi</strong></span> <span class='ocrx_word' id='word_1_687' title='bbox 3362 3809 3495 3865; x_wconf 87' lang='lat' dir='ltr'><strong>Dio-</strong></span> 
     </span>
    </p>
   </div>
   <div class='ocr_carea' id='block_1_52' title="bbox 215 3882 3494 3956">
    <p class='ocr_par' dir='ltr' id='par_1_52' title="bbox 215 3882 3494 3956">
     <span class='ocr_line' id='line_1_52' title="bbox 215 3882 3494 3956; baseline -0.001 -17"><span class='ocrx_word' id='word_1_688' title='bbox 215 3882 365 3956; x_wconf 73' lang='lat' dir='ltr'><strong>nysii</strong></span> <span class='ocrx_word' id='word_1_689' title='bbox 411 3888 780 3948; x_wconf 88' lang='lat' dir='ltr'><strong>documentis,</strong></span> <span class='ocrx_word' id='word_1_690' title='bbox 824 3887 917 3953; x_wconf 87' lang='lat' dir='ltr'><strong>qui</strong></span> <span class='ocrx_word' id='word_1_691' title='bbox 948 3884 1117 3937; x_wconf 86' lang='lat' dir='ltr'><strong>Deum</strong></span> <span class='ocrx_word' id='word_1_692' title='bbox 1151 3884 1208 3935; x_wconf 91' lang='lat' dir='ltr'><strong>in</strong></span> <span class='ocrx_word' id='word_1_693' title='bbox 1237 3883 1395 3936; x_wconf 83' lang='lat' dir='ltr'><strong>libris</strong></span> <span class='ocrx_word' id='word_1_694' title='bbox 1417 3882 1672 3956; x_wconf 76' lang='lat' dir='ltr'><strong>suis_tam</strong></span> <span class='ocrx_word' id='word_1_695' title='bbox 1716 3883 2036 3952; x_wconf 88' lang='lat' dir='ltr'><strong>frequenter</strong></span> <span class='ocrx_word' id='word_1_696' title='bbox 2077 3882 2686 3956; x_wconf 74' lang='lat' dir='ltr'><strong>supersubstantiaiem,</strong></span> <span class='ocrx_word' id='word_1_697' title='bbox 2723 3882 3268 3956; x_wconf 81' lang='lat' dir='ltr'><strong>superessentialem,</strong></span> <span class='ocrx_word' id='word_1_698' title='bbox 3295 3896 3494 3951; x_wconf 87' lang='lat' dir='ltr'><strong>super—</strong></span> 
     </span>
    </p>
   </div>
   <div class='ocr_carea' id='block_1_53' title="bbox 215 3952 3487 4024">
    <p class='ocr_par' dir='ltr' id='par_1_53' title="bbox 215 3952 3487 4024">
     <span class='ocr_line' id='line_1_53' title="bbox 215 3952 3487 4024; baseline -0.001 -17"><span class='ocrx_word' id='word_1_699' title='bbox 215 3952 506 4024; x_wconf 78' lang='lat' dir='ltr'><strong>niagnum,</strong></span> <span class='ocrx_word' id='word_1_700' title='bbox 538 3952 1042 4024; x_wconf 73' lang='lat' dir='ltr'><strong>super-sapientem,</strong></span> <span class='ocrx_word' id='word_1_701' title='bbox 1075 3960 1131 4005; x_wconf 87' lang='lat' dir='ltr'><strong>et</strong></span> <span class='ocrx_word' id='word_1_702' title='bbox 1156 3967 1386 4021; x_wconf 86' lang='lat' dir='ltr'><strong>prorsus</strong></span> <span class='ocrx_word' id='word_1_703' title='bbox 1424 3952 1781 4019; x_wconf 72' lang='lat' dir='ltr'><strong>ineffabilem,</strong></span> <span class='ocrx_word' id='word_1_704' title='bbox 1809 3956 2317 4024; x_wconf 87' lang='lat' dir='ltr'><strong>incognoscibilem,</strong></span> <span class='ocrx_word' id='word_1_705' title='bbox 2348 3953 2760 4019; x_wconf 81' lang='lat' dir='ltr'><strong>indetinibilem,</strong></span> <span class='ocrx_word' id='word_1_706' title='bbox 2792 3954 3175 4008; x_wconf 78' lang='lat' dir='ltr'><strong>inimitabilem</strong></span> <span class='ocrx_word' id='word_1_707' title='bbox 3221 3962 3487 4007; x_wconf 87' lang='lat' dir='ltr'><strong>nomtttat.</strong></span> 
     </span>
    </p>
   </div>
   <div class='ocr_carea' id='block_1_54' title="bbox 215 4024 3491 4095">
    <p class='ocr_par' dir='ltr' id='par_1_54' title="bbox 215 4024 3491 4095">
     <span class='ocr_line' id='line_1_54' title="bbox 215 4024 3491 4095; baseline -0.001 -15"><span class='ocrx_word' id='word_1_708' title='bbox 215 4024 278 4080; x_wconf 92' lang='lat' dir='ltr'><strong>Si</strong></span> <span class='ocrx_word' id='word_1_709' title='bbox 324 4035 505 4081; x_wconf 90' lang='lat' dir='ltr'><strong>autem</strong></span> <span class='ocrx_word' id='word_1_710' title='bbox 535 4034 682 4081; x_wconf 85' lang='lat' dir='ltr'><strong>esset</strong></span> <span class='ocrx_word' id='word_1_711' title='bbox 714 4026 764 4078; x_wconf 89' lang='lat' dir='ltr'><strong>in</strong></span> <span class='ocrx_word' id='word_1_712' title='bbox 797 4026 1249 4094; x_wconf 69' lang='lat' dir='ltr'><strong>praedicamento,</strong></span> <span class='ocrx_word' id='word_1_713' title='bbox 1283 4024 1513 4078; x_wconf 87' lang='lat' dir='ltr'><strong>haberet</strong></span> <span class='ocrx_word' id='word_1_714' title='bbox 1541 4038 1719 4095; x_wconf 87' lang='lat' dir='ltr'><strong>genus</strong></span> <span class='ocrx_word' id='word_1_715' title='bbox 1742 4034 1798 4079; x_wconf 90' lang='lat' dir='ltr'><strong>et</strong></span> <span class='ocrx_word' id='word_1_716' title='bbox 1838 4026 2224 4093; x_wconf 79' lang='lat' dir='ltr'><strong>differentiam,</strong></span> <span class='ocrx_word' id='word_1_717' title='bbox 2250 4041 2318 4079; x_wconf 82' lang='lat' dir='ltr'><strong>ex</strong></span> <span class='ocrx_word' id='word_1_718' title='bbox 2346 4026 2548 4094; x_wconf 83' lang='lat' dir='ltr'><strong>quibus</strong></span> <span class='ocrx_word' id='word_1_719' title='bbox 2579 4035 2763 4095; x_wconf 85' lang='lat' dir='ltr'><strong>posset</strong></span> <span class='ocrx_word' id='word_1_720' title='bbox 2806 4026 3088 4094; x_wconf 79' lang='lat' dir='ltr'><strong>cognosci,</strong></span> <span class='ocrx_word' id='word_1_721' title='bbox 3122 4025 3362 4079; x_wconf 86' lang='lat' dir='ltr'><strong>describi</strong></span> <span class='ocrx_word' id='word_1_722' title='bbox 3394 4038 3491 4078; x_wconf 84' lang='lat' dir='ltr'><strong>seu</strong></span> 
     </span>
    </p>
   </div>
   <div class='ocr_carea' id='block_1_55' title="bbox 212 4096 846 4152">
    <p class='ocr_par' dir='ltr' id='par_1_55' title="bbox 212 4096 846 4152">
     <span class='ocr_line' id='line_1_55' title="bbox 212 4096 846 4152; baseline -0.006 0"><span class='ocrx_word' id='word_1_723' title='bbox 212 4096 433 4152; x_wconf 83' lang='lat' dir='ltr'><strong>deliniri</strong></span> <span class='ocrx_word' id='word_1_724' title='bbox 463 4112 527 4150; x_wconf 89' lang='lat' dir='ltr'><strong>ac</strong></span> <span class='ocrx_word' id='word_1_725' title='bbox 548 4097 846 4152; x_wconf 84' lang='lat' dir='ltr'><strong>notificari.</strong></span> 
     </span>
    </p>
   </div>
   <div class='ocr_carea' id='block_1_56' title="bbox 294 4162 3490 4237">
    <p class='ocr_par' dir='ltr' id='par_1_56' title="bbox 294 4162 3490 4237">
     <span class='ocr_line' id='line_1_56' title="bbox 294 4162 3490 4237; baseline 0 -19"><span class='ocrx_word' id='word_1_726' title='bbox 294 4164 387 4219; x_wconf 77' lang='lat' dir='ltr'><strong>Vis</strong></span> <span class='ocrx_word' id='word_1_727' title='bbox 416 4169 695 4223; x_wconf 89' lang='lat' dir='ltr'><strong>rationum</strong></span> <span class='ocrx_word' id='word_1_728' title='bbox 725 4167 789 4221; x_wconf 91' lang='lat' dir='ltr'><strong>D.</strong></span> <span class='ocrx_word' id='word_1_729' title='bbox 820 4165 1043 4220; x_wconf 74' lang='lat' dir='ltr'><strong>Thomte</strong></span> <span class='ocrx_word' id='word_1_730' title='bbox 1085 4165 1141 4219; x_wconf 92' lang='lat' dir='ltr'><strong>in</strong></span> <span class='ocrx_word' id='word_1_731' title='bbox 1169 4165 1275 4220; x_wconf 90' lang='lat' dir='ltr'><strong>hoc</strong></span> <span class='ocrx_word' id='word_1_732' title='bbox 1314 4164 1603 4237; x_wconf 90' lang='lat' dir='ltr'><strong>fundatur,</strong></span> <span class='ocrx_word' id='word_1_733' title='bbox 1636 4166 1781 4234; x_wconf 90' lang='lat' dir='ltr'><strong>quod</strong></span> <span class='ocrx_word' id='word_1_734' title='bbox 1827 4167 2083 4221; x_wconf 90' lang='lat' dir='ltr'><strong>nimirum</strong></span> <span class='ocrx_word' id='word_1_735' title='bbox 2111 4163 2354 4236; x_wconf 79' lang='lat' dir='ltr'><strong>cognitio</strong></span> <span class='ocrx_word' id='word_1_736' title='bbox 2398 4166 2493 4219; x_wconf 87' lang='lat' dir='ltr'><strong>fiat</strong></span> <span class='ocrx_word' id='word_1_737' title='bbox 2525 4180 2625 4235; x_wconf 91' lang='lat' dir='ltr'><strong>per</strong></span> <span class='ocrx_word' id='word_1_738' title='bbox 2657 4162 2892 4220; x_wconf 84' lang='lat' dir='ltr'><strong>formam</strong></span> <span class='ocrx_word' id='word_1_739' title='bbox 2923 4181 3018 4221; x_wconf 91' lang='lat' dir='ltr'><strong>seu</strong></span> <span class='ocrx_word' id='word_1_740' title='bbox 3052 4165 3295 4237; x_wconf 86' lang='lat' dir='ltr'><strong>speciem</strong></span> <span class='ocrx_word' id='word_1_741' title='bbox 3329 4174 3384 4221; x_wconf 87' lang='lat' dir='ltr'><strong>et</strong></span> <span class='ocrx_word' id='word_1_742' title='bbox 3414 4166 3490 4219; x_wconf 86' lang='lat' dir='ltr'><strong>si-</strong></span> 
     </span>
    </p>
   </div>
   <div class='ocr_carea' id='block_1_57' title="bbox 212 4235 3487 4308">
    <p class='ocr_par' dir='ltr' id='par_1_57' title="bbox 212 4235 3487 4308">
     <span class='ocr_line' id='line_1_57' title="bbox 212 4235 3487 4308; baseline -0.002 -13"><span class='ocrx_word' id='word_1_743' title='bbox 212 4237 589 4295; x_wconf 87' lang='lat' dir='ltr'><strong>militudinem</strong></span> <span class='ocrx_word' id='word_1_744' title='bbox 612 4239 842 4308; x_wconf 75' lang='lat' dir='ltr'><strong>cogniti,</strong></span> <span class='ocrx_word' id='word_1_745' title='bbox 877 4238 1039 4306; x_wconf 89' lang='lat' dir='ltr'><strong>idque</strong></span> <span class='ocrx_word' id='word_1_746' title='bbox 1064 4236 1375 4306; x_wconf 87' lang='lat' dir='ltr'><strong>dupliciter.</strong></span> <span class='ocrx_word' id='word_1_747' title='bbox 1401 4235 1603 4302; x_wconf 80' lang='lat' dir='ltr'><strong>Primo,</strong></span> <span class='ocrx_word' id='word_1_748' title='bbox 1637 4253 1735 4307; x_wconf 88' lang='lat' dir='ltr'><strong>per</strong></span> <span class='ocrx_word' id='word_1_749' title='bbox 1763 4240 2039 4307; x_wconf 88' lang='lat' dir='ltr'><strong>propriam</strong></span> <span class='ocrx_word' id='word_1_750' title='bbox 2074 4235 2304 4292; x_wconf 80' lang='lat' dir='ltr'><strong>formam</strong></span> <span class='ocrx_word' id='word_1_751' title='bbox 2334 4254 2427 4293; x_wconf 88' lang='lat' dir='ltr'><strong>seu</strong></span> <span class='ocrx_word' id='word_1_752' title='bbox 2451 4239 2715 4306; x_wconf 81' lang='lat' dir='ltr'><strong>speciem,</strong></span> <span class='ocrx_word' id='word_1_753' title='bbox 2748 4240 2904 4305; x_wconf 81' lang='lat' dir='ltr'><strong>juxta</strong></span> <span class='ocrx_word' id='word_1_754' title='bbox 2928 4239 3062 4292; x_wconf 89' lang='lat' dir='ltr'><strong>illud</strong></span> <span class='ocrx_word' id='word_1_755' title='bbox 3085 4235 3430 4305; x_wconf 80' lang='lat' dir='ltr'><strong>philosophi</strong></span> <span class='ocrx_word' id='word_1_756' title='bbox 3469 4250 3487 4290; x_wconf 86' lang='lat'><strong>:</strong></span> 
     </span>
    </p>
   </div>
   <div class='ocr_carea' id='block_1_58' title="bbox 217 4308 3492 4379">
    <p class='ocr_par' dir='ltr' id='par_1_58' title="bbox 217 4308 3492 4379">
     <span class='ocr_line' id='line_1_58' title="bbox 217 4308 3492 4379; baseline -0 -18"><span class='ocrx_word' id='word_1_757' title='bbox 217 4328 239 4361; x_wconf 75' lang='grc' dir='ltr'><strong>ι</strong></span> <span class='ocrx_word' id='word_1_758' title='bbox 276 4309 441 4375; x_wconf 83' lang='lat' dir='ltr'><strong>Lapis</strong></span> <span class='ocrx_word' id='word_1_759' title='bbox 476 4324 586 4363; x_wconf 87' lang='lat' dir='ltr'><strong>non</strong></span> <span class='ocrx_word' id='word_1_760' title='bbox 616 4322 700 4379; x_wconf 87' lang='lat' dir='ltr'><strong>est</strong></span> <span class='ocrx_word' id='word_1_761' title='bbox 732 4311 786 4362; x_wconf 90' lang='lat' dir='ltr'><strong>in</strong></span> <span class='ocrx_word' id='word_1_762' title='bbox 828 4308 1034 4379; x_wconf 86' lang='lat' dir='ltr'><strong>anima,</strong></span> <span class='ocrx_word' id='word_1_763' title='bbox 1062 4315 1156 4362; x_wconf 87' lang='lat' dir='ltr'><strong>sed</strong></span> <span class='ocrx_word' id='word_1_764' title='bbox 1185 4312 1402 4379; x_wconf 86' lang='lat' dir='ltr'><strong>species</strong></span> <span class='ocrx_word' id='word_1_765' title='bbox 1426 4308 1566 4375; x_wconf 83' lang='lat' dir='ltr'><strong>ejus.</strong></span> <span class='ocrx_word' id='word_1_766' title='bbox 1606 4326 1626 4359; x_wconf 73' lang='grc' dir='ltr'><strong>ι</strong></span> <span class='ocrx_word' id='word_1_767' title='bbox 1661 4309 1936 4374; x_wconf 85' lang='lat' dir='ltr'><strong>Secundo,</strong></span> <span class='ocrx_word' id='word_1_768' title='bbox 1968 4325 2066 4379; x_wconf 88' lang='lat' dir='ltr'><strong>per</strong></span> <span class='ocrx_word' id='word_1_769' title='bbox 2102 4312 2339 4363; x_wconf 83' lang='lat' dir='ltr'><strong>formam</strong></span> <span class='ocrx_word' id='word_1_770' title='bbox 2366 4309 2594 4361; x_wconf 87' lang='lat' dir='ltr'><strong>alterius</strong></span> <span class='ocrx_word' id='word_1_771' title='bbox 2620 4308 2817 4363; x_wconf 87' lang='lat' dir='ltr'><strong>similis</strong></span> <span class='ocrx_word' id='word_1_772' title='bbox 2847 4309 3067 4379; x_wconf 81' lang='lat' dir='ltr'><strong>sibi,ut</strong></span> <span class='ocrx_word' id='word_1_773' title='bbox 3090 4323 3254 4362; x_wconf 86' lang='lat' dir='ltr'><strong>causa</strong></span> <span class='ocrx_word' id='word_1_774' title='bbox 3285 4322 3385 4376; x_wconf 91' lang='lat' dir='ltr'><strong>per</strong></span> <span class='ocrx_word' id='word_1_775' title='bbox 3413 4308 3492 4379; x_wconf 84' lang='lat' dir='ltr'><strong>si-</strong></span> 
     </span>
    </p>
   </div>
   <div class='ocr_carea' id='block_1_59' title="bbox 209 4378 3490 4450">
    <p class='ocr_par' dir='ltr' id='par_1_59' title="bbox 209 4378 3490 4450">
     <span class='ocr_line' id='line_1_59' title="bbox 209 4378 3490 4450; baseline -0.001 -15"><span class='ocrx_word' id='word_1_776' title='bbox 209 4379 576 4450; x_wconf 84' lang='lat' dir='ltr'><strong>militudinem</strong></span> <span class='ocrx_word' id='word_1_777' title='bbox 593 4378 821 4434; x_wconf 82' lang='lat' dir='ltr'><strong>effectus</strong></span> <span class='ocrx_word' id='word_1_778' title='bbox 849 4378 953 4442; x_wconf 86' lang='lat' dir='ltr'><strong>sui,</strong></span> <span class='ocrx_word' id='word_1_779' title='bbox 970 4389 1024 4432; x_wconf 90' lang='lat' dir='ltr'><strong>et</strong></span> <span class='ocrx_word' id='word_1_780' title='bbox 1043 4380 1202 4450; x_wconf 81' lang='lat' dir='ltr'><strong>homo</strong></span> <span class='ocrx_word' id='word_1_781' title='bbox 1227 4394 1325 4447; x_wconf 91' lang='lat' dir='ltr'><strong>per</strong></span> <span class='ocrx_word' id='word_1_782' title='bbox 1338 4378 1566 4432; x_wconf 88' lang='lat' dir='ltr'><strong>formam</strong></span> <span class='ocrx_word' id='word_1_783' title='bbox 1595 4394 1707 4432; x_wconf 64' lang='lat' dir='ltr'><strong>suae</strong></span> <span class='ocrx_word' id='word_1_784' title='bbox 1735 4378 2005 4450; x_wconf 66' lang='lat' dir='ltr'><strong>imaginis}.</strong></span> <span class='ocrx_word' id='word_1_785' title='bbox 2029 4379 2323 4448; x_wconf 90' lang='lat' dir='ltr'><strong>Porro,per</strong></span> <span class='ocrx_word' id='word_1_786' title='bbox 2347 4380 2621 4450; x_wconf 86' lang='lat' dir='ltr'><strong>propriam</strong></span> <span class='ocrx_word' id='word_1_787' title='bbox 2642 4381 2873 4434; x_wconf 83' lang='lat' dir='ltr'><strong>formam</strong></span> <span class='ocrx_word' id='word_1_788' title='bbox 2897 4378 3064 4448; x_wconf 77' lang='lat'><strong>578</strong></span> <span class='ocrx_word' id='word_1_789' title='bbox 3091 4379 3297 4447; x_wconf 89' lang='lat' dir='ltr'><strong>aliquid</strong></span> <span class='ocrx_word' id='word_1_790' title='bbox 3313 4378 3490 4445; x_wconf 89' lang='lat' dir='ltr'><strong>dupli-</strong></span> 
     </span>
    </p>
   </div>
   <div class='ocr_carea' id='block_1_60' title="bbox 209 4448 3487 4520">
    <p class='ocr_par' dir='ltr' id='par_1_60' title="bbox 209 4448 3487 4520">
     <span class='ocr_line' id='line_1_60' title="bbox 209 4448 3487 4520; baseline -0.001 -16"><span class='ocrx_word' id='word_1_791' title='bbox 209 4453 359 4504; x_wconf 91' lang='lat' dir='ltr'><strong>citer</strong></span> <span class='ocrx_word' id='word_1_792' title='bbox 383 4448 601 4504; x_wconf 84' lang='lat' dir='ltr'><strong>videtur</strong></span> <span class='ocrx_word' id='word_1_793' title='bbox 633 4466 648 4503; x_wconf 91' lang='lat'><strong>:</strong></span> <span class='ocrx_word' id='word_1_794' title='bbox 682 4450 889 4515; x_wconf 85' lang='lat' dir='ltr'><strong>Primo,</strong></span> <span class='ocrx_word' id='word_1_795' title='bbox 922 4463 1021 4516; x_wconf 88' lang='lat' dir='ltr'><strong>per</strong></span> <span class='ocrx_word' id='word_1_796' title='bbox 1046 4449 1285 4503; x_wconf 82' lang='lat' dir='ltr'><strong>fortnam</strong></span> <span class='ocrx_word' id='word_1_797' title='bbox 1316 4464 1438 4518; x_wconf 73' lang='lat' dir='ltr'><strong>qua:</strong></span> <span class='ocrx_word' id='word_1_798' title='bbox 1473 4460 1557 4502; x_wconf 90' lang='lat' dir='ltr'><strong>est</strong></span> <span class='ocrx_word' id='word_1_799' title='bbox 1586 4451 1818 4518; x_wconf 85' lang='lat' dir='ltr'><strong>ipsamet</strong></span> <span class='ocrx_word' id='word_1_800' title='bbox 1849 4448 1958 4514; x_wconf 81' lang='lat' dir='ltr'><strong>res,</strong></span> <span class='ocrx_word' id='word_1_801' title='bbox 1990 4451 2451 4520; x_wconf 84' lang='lat' dir='ltr'><strong>quemadmodum</strong></span> <span class='ocrx_word' id='word_1_802' title='bbox 2485 4448 2628 4504; x_wconf 87' lang='lat' dir='ltr'><strong>Deus</strong></span> <span class='ocrx_word' id='word_1_803' title='bbox 2665 4465 2945 4518; x_wconf 81' lang='lat' dir='ltr'><strong>cognoscit</strong></span> <span class='ocrx_word' id='word_1_804' title='bbox 2984 4468 3043 4504; x_wconf 87' lang='lat' dir='ltr'><strong>se</strong></span> <span class='ocrx_word' id='word_1_805' title='bbox 3086 4465 3182 4520; x_wconf 90' lang='lat' dir='ltr'><strong>per</strong></span> <span class='ocrx_word' id='word_1_806' title='bbox 3214 4464 3368 4502; x_wconf 87' lang='lat' dir='ltr'><strong>suam</strong></span> <span class='ocrx_word' id='word_1_807' title='bbox 3397 4463 3487 4502; x_wconf 83' lang='lat' dir='ltr'><strong>es-</strong></span> 
     </span>
    </p>
   </div>
   <div class='ocr_carea' id='block_1_61' title="bbox 210 4520 3488 4591">
    <p class='ocr_par' dir='ltr' id='par_1_61' title="bbox 210 4520 3488 4591">
     <span class='ocr_line' id='line_1_61' title="bbox 210 4520 3488 4591; baseline -0.001 -16"><span class='ocrx_word' id='word_1_808' title='bbox 210 4521 477 4584; x_wconf 87' lang='lat' dir='ltr'><strong>sentiam,</strong></span> <span class='ocrx_word' id='word_1_809' title='bbox 512 4520 772 4575; x_wconf 90' lang='lat' dir='ltr'><strong>similiter</strong></span> <span class='ocrx_word' id='word_1_810' title='bbox 814 4520 1044 4589; x_wconf 87' lang='lat' dir='ltr'><strong>augelus</strong></span> <span class='ocrx_word' id='word_1_811' title='bbox 1088 4533 1187 4589; x_wconf 92' lang='lat' dir='ltr'><strong>per</strong></span> <span class='ocrx_word' id='word_1_812' title='bbox 1219 4523 1496 4589; x_wconf 88' lang='lat' dir='ltr'><strong>propriam</strong></span> <span class='ocrx_word' id='word_1_813' title='bbox 1531 4522 1826 4574; x_wconf 85' lang='lat' dir='ltr'><strong>essentiam</strong></span> <span class='ocrx_word' id='word_1_814' title='bbox 1875 4523 2158 4590; x_wconf 88' lang='lat' dir='ltr'><strong>cognoscit</strong></span> <span class='ocrx_word' id='word_1_815' title='bbox 2185 4525 2454 4591; x_wconf 89' lang='lat' dir='ltr'><strong>seipsum;</strong></span> <span class='ocrx_word' id='word_1_816' title='bbox 2499 4524 2764 4586; x_wconf 88' lang='lat' dir='ltr'><strong>secundo,</strong></span> <span class='ocrx_word' id='word_1_817' title='bbox 2794 4537 2892 4589; x_wconf 86' lang='lat' dir='ltr'><strong>per</strong></span> <span class='ocrx_word' id='word_1_818' title='bbox 2920 4524 3148 4575; x_wconf 85' lang='lat' dir='ltr'><strong>formam</strong></span> <span class='ocrx_word' id='word_1_819' title='bbox 3192 4535 3316 4590; x_wconf 75' lang='lat' dir='ltr'><strong>quae</strong></span> <span class='ocrx_word' id='word_1_820' title='bbox 3344 4528 3429 4574; x_wconf 88' lang='lat' dir='ltr'><strong>est</strong></span> <span class='ocrx_word' id='word_1_821' title='bbox 3456 4536 3488 4573; x_wconf 86' lang='lat' dir='ltr'><strong>a</strong></span> 
     </span>
    </p>
   </div>
   <div class='ocr_carea' id='block_1_62' title="bbox 212 4591 3486 4660">
    <p class='ocr_par' dir='ltr' id='par_1_62' title="bbox 212 4591 3486 4660">
     <span class='ocr_line' id='line_1_62' title="bbox 212 4591 3486 4660; baseline -0 -17"><span class='ocrx_word' id='word_1_822' title='bbox 212 4606 275 4644; x_wconf 90' lang='lat' dir='ltr'><strong>re</strong></span> <span class='ocrx_word' id='word_1_823' title='bbox 313 4591 448 4657; x_wconf 89' lang='lat' dir='ltr'><strong>ipsa,</strong></span> <span class='ocrx_word' id='word_1_824' title='bbox 479 4592 594 4645; x_wconf 87' lang='lat' dir='ltr'><strong>sive</strong></span> <span class='ocrx_word' id='word_1_825' title='bbox 623 4592 697 4646; x_wconf 91' lang='lat' dir='ltr'><strong>sit</strong></span> <span class='ocrx_word' id='word_1_826' title='bbox 736 4591 1015 4646; x_wconf 89' lang='lat' dir='ltr'><strong>abstracta</strong></span> <span class='ocrx_word' id='word_1_827' title='bbox 1046 4607 1077 4645; x_wconf 90' lang='lat' dir='ltr'><strong>a</strong></span> <span class='ocrx_word' id='word_1_828' title='bbox 1122 4606 1179 4645; x_wconf 90' lang='lat' dir='ltr'><strong>re</strong></span> <span class='ocrx_word' id='word_1_829' title='bbox 1216 4593 1352 4658; x_wconf 88' lang='lat' dir='ltr'><strong>ipsa,</strong></span> <span class='ocrx_word' id='word_1_830' title='bbox 1388 4600 1447 4643; x_wconf 92' lang='lat' dir='ltr'><strong>ut</strong></span> <span class='ocrx_word' id='word_1_831' title='bbox 1479 4592 1700 4659; x_wconf 87' lang='lat' dir='ltr'><strong>quando</strong></span> <span class='ocrx_word' id='word_1_832' title='bbox 1740 4593 1914 4646; x_wconf 86' lang='lat' dir='ltr'><strong>forma</strong></span> <span class='ocrx_word' id='word_1_833' title='bbox 1946 4607 2041 4645; x_wconf 89' lang='lat' dir='ltr'><strong>seu</strong></span> <span class='ocrx_word' id='word_1_834' title='bbox 2079 4592 2445 4660; x_wconf 79' lang='lat' dir='ltr'><strong>intelligibilis</strong></span> <span class='ocrx_word' id='word_1_835' title='bbox 2485 4594 2706 4660; x_wconf 81' lang='lat' dir='ltr'><strong>species</strong></span> <span class='ocrx_word' id='word_1_836' title='bbox 2744 4603 2828 4645; x_wconf 90' lang='lat' dir='ltr'><strong>est</strong></span> <span class='ocrx_word' id='word_1_837' title='bbox 2868 4592 3284 4646; x_wconf 82' lang='lat' dir='ltr'><strong>immaterialior</strong></span> <span class='ocrx_word' id='word_1_838' title='bbox 3321 4605 3486 4659; x_wconf 89' lang='lat' dir='ltr'><strong>quam</strong></span> 
     </span>
    </p>
   </div>
   <div class='ocr_carea' id='block_1_63' title="bbox 209 4660 3488 4732">
    <p class='ocr_par' dir='ltr' id='par_1_63' title="bbox 209 4660 3488 4732">
     <span class='ocr_line' id='line_1_63' title="bbox 209 4660 3488 4732; baseline 0 -19"><span class='ocrx_word' id='word_1_839' title='bbox 209 4661 334 4729; x_wconf 89' lang='lat' dir='ltr'><strong>ipsa</strong></span> <span class='ocrx_word' id='word_1_840' title='bbox 369 4676 481 4732; x_wconf 89' lang='lat' dir='ltr'><strong>res,</strong></span> <span class='ocrx_word' id='word_1_841' title='bbox 512 4670 570 4732; x_wconf 83' lang='lat' dir='ltr'><strong>ut</strong></span> <span class='ocrx_word' id='word_1_842' title='bbox 597 4662 810 4730; x_wconf 91' lang='lat' dir='ltr'><strong>species</strong></span> <span class='ocrx_word' id='word_1_843' title='bbox 840 4662 1037 4729; x_wconf 88' lang='lat' dir='ltr'><strong>lapidis</strong></span> <span class='ocrx_word' id='word_1_844' title='bbox 1066 4662 1390 4716; x_wconf 88' lang='lat' dir='ltr'><strong>abstractaa</strong></span> <span class='ocrx_word' id='word_1_845' title='bbox 1426 4660 1640 4729; x_wconf 89' lang='lat' dir='ltr'><strong>lapide;</strong></span> <span class='ocrx_word' id='word_1_846' title='bbox 1665 4661 1783 4716; x_wconf 89' lang='lat' dir='ltr'><strong>sive</strong></span> <span class='ocrx_word' id='word_1_847' title='bbox 1806 4663 1877 4716; x_wconf 88' lang='lat' dir='ltr'><strong>sit</strong></span> <span class='ocrx_word' id='word_1_848' title='bbox 1908 4665 2173 4730; x_wconf 88' lang='lat' dir='ltr'><strong>impressa</strong></span> <span class='ocrx_word' id='word_1_849' title='bbox 2201 4662 2614 4732; x_wconf 64' lang='lat' dir='ltr'><strong>iutelligenttab</strong></span> <span class='ocrx_word' id='word_1_850' title='bbox 2646 4661 2942 4727; x_wconf 87' lang='lat' dir='ltr'><strong>intellecto,</strong></span> <span class='ocrx_word' id='word_1_851' title='bbox 2974 4672 3032 4715; x_wconf 92' lang='lat' dir='ltr'><strong>ut</strong></span> <span class='ocrx_word' id='word_1_852' title='bbox 3054 4671 3178 4715; x_wconf 87' lang='lat' dir='ltr'><strong>dum</strong></span> <span class='ocrx_word' id='word_1_853' title='bbox 3211 4676 3299 4715; x_wconf 91' lang='lat' dir='ltr'><strong>res</strong></span> <span class='ocrx_word' id='word_1_854' title='bbox 3325 4661 3488 4715; x_wconf 56' lang='lat' dir='ltr'><strong>intel4</strong></span> 
     </span>
    </p>
   </div>
   <div class='ocr_carea' id='block_1_64' title="bbox 208 4731 3487 4804">
    <p class='ocr_par' dir='ltr' id='par_1_64' title="bbox 208 4731 3487 4804">
     <span class='ocr_line' id='line_1_64' title="bbox 208 4731 3487 4804; baseline 0.001 -21"><span class='ocrx_word' id='word_1_855' title='bbox 208 4732 355 4784; x_wconf 89' lang='lat' dir='ltr'><strong>lecta</strong></span> <span class='ocrx_word' id='word_1_856' title='bbox 383 4731 686 4801; x_wconf 90' lang='lat' dir='ltr'><strong>simplicior</strong></span> <span class='ocrx_word' id='word_1_857' title='bbox 707 4743 794 4787; x_wconf 90' lang='lat' dir='ltr'><strong>est</strong></span> <span class='ocrx_word' id='word_1_858' title='bbox 823 4746 987 4802; x_wconf 88' lang='lat' dir='ltr'><strong>quam</strong></span> <span class='ocrx_word' id='word_1_859' title='bbox 1018 4735 1229 4802; x_wconf 83' lang='lat' dir='ltr'><strong>species</strong></span> <span class='ocrx_word' id='word_1_860' title='bbox 1251 4732 1392 4801; x_wconf 87' lang='lat' dir='ltr'><strong>ejus,</strong></span> <span class='ocrx_word' id='word_1_861' title='bbox 1418 4732 1881 4804; x_wconf 87' lang='lat' dir='ltr'><strong>sicutsecundum</strong></span> <span class='ocrx_word' id='word_1_862' title='bbox 1910 4734 2269 4801; x_wconf 75' lang='lat' dir='ltr'><strong>cheunam,</strong></span> <span class='ocrx_word' id='word_1_863' title='bbox 2295 4731 2604 4787; x_wconf 83' lang='lat' dir='ltr'><strong>intellectus</strong></span> <span class='ocrx_word' id='word_1_864' title='bbox 2622 4734 2893 4789; x_wconf 88' lang='lat' dir='ltr'><strong>humanus</strong></span> <span class='ocrx_word' id='word_1_865' title='bbox 2924 4734 3207 4804; x_wconf 86' lang='lat' dir='ltr'><strong>cognoscit</strong></span> <span class='ocrx_word' id='word_1_866' title='bbox 3232 4733 3487 4787; x_wconf 87' lang='lat' dir='ltr'><strong>substan-</strong></span> 
     </span>
    </p>
   </div>
   <div class='ocr_carea' id='block_1_65' title="bbox 211 4803 1760 4872">
    <p class='ocr_par' dir='ltr' id='par_1_65' title="bbox 211 4803 1760 4872">
     <span class='ocr_line' id='line_1_65' title="bbox 211 4803 1760 4872; baseline 0.002 -18"><span class='ocrx_word' id='word_1_867' title='bbox 211 4811 322 4855; x_wconf 86' lang='lat' dir='ltr'><strong>tias</strong></span> <span class='ocrx_word' id='word_1_868' title='bbox 362 4811 641 4871; x_wconf 86' lang='lat' dir='ltr'><strong>separatas</strong></span> <span class='ocrx_word' id='word_1_869' title='bbox 669 4818 766 4872; x_wconf 87' lang='lat' dir='ltr'><strong>per</strong></span> <span class='ocrx_word' id='word_1_870' title='bbox 806 4805 1219 4872; x_wconf 78' lang='lat' dir='ltr'><strong>impresswnem</strong></span> <span class='ocrx_word' id='word_1_871' title='bbox 1250 4817 1436 4856; x_wconf 89' lang='lat' dir='ltr'><strong>earum</strong></span> <span class='ocrx_word' id='word_1_872' title='bbox 1480 4803 1531 4855; x_wconf 91' lang='lat' dir='ltr'><strong>in</strong></span> <span class='ocrx_word' id='word_1_873' title='bbox 1562 4803 1760 4871; x_wconf 89' lang='lat' dir='ltr'><strong>ipsum.</strong></span> 
     </span>
    </p>
   </div>
   <div class='ocr_carea' id='block_1_66' title="bbox 284 4872 3485 4944">
    <p class='ocr_par' dir='ltr' id='par_1_66' title="bbox 284 4872 3485 4944">
     <span class='ocr_line' id='line_1_66' title="bbox 284 4872 3485 4944; baseline 0.001 -19"><span class='ocrx_word' id='word_1_874' title='bbox 284 4873 420 4926; x_wconf 73' lang='lat' dir='ltr'><strong>Cum</strong></span> <span class='ocrx_word' id='word_1_875' title='bbox 470 4874 658 4943; x_wconf 89' lang='lat' dir='ltr'><strong>itaque</strong></span> <span class='ocrx_word' id='word_1_876' title='bbox 693 4876 860 4928; x_wconf 89' lang='lat' dir='ltr'><strong>Deum</strong></span> <span class='ocrx_word' id='word_1_877' title='bbox 894 4888 948 4925; x_wconf 86' lang='lat' dir='ltr'><strong>in</strong></span> <span class='ocrx_word' id='word_1_878' title='bbox 996 4874 1098 4928; x_wconf 89' lang='lat' dir='ltr'><strong>hac</strong></span> <span class='ocrx_word' id='word_1_879' title='bbox 1132 4875 1247 4927; x_wconf 87' lang='lat' dir='ltr'><strong>vita</strong></span> <span class='ocrx_word' id='word_1_880' title='bbox 1278 4888 1384 4927; x_wconf 88' lang='lat' dir='ltr'><strong>non</strong></span> <span class='ocrx_word' id='word_1_881' title='bbox 1426 4887 1823 4941; x_wconf 80' lang='lat' dir='ltr'><strong>cognoscamus</strong></span> <span class='ocrx_word' id='word_1_882' title='bbox 1859 4872 1966 4927; x_wconf 88' lang='lat' dir='ltr'><strong>nisi</strong></span> <span class='ocrx_word' id='word_1_883' title='bbox 2013 4889 2110 4944; x_wconf 91' lang='lat' dir='ltr'><strong>per</strong></span> <span class='ocrx_word' id='word_1_884' title='bbox 2155 4889 2282 4930; x_wconf 91' lang='lat' dir='ltr'><strong>suos</strong></span> <span class='ocrx_word' id='word_1_885' title='bbox 2310 4874 2559 4943; x_wconf 76' lang='lat' dir='ltr'><strong>effectus,</strong></span> <span class='ocrx_word' id='word_1_886' title='bbox 2602 4872 2693 4943; x_wconf 90' lang='lat' dir='ltr'><strong>qui</strong></span> <span class='ocrx_word' id='word_1_887' title='bbox 2729 4890 2760 4928; x_wconf 89' lang='lat' dir='ltr'><strong>a</strong></span> <span class='ocrx_word' id='word_1_888' title='bbox 2801 4874 2957 4943; x_wconf 88' lang='lat' dir='ltr'><strong>plena</strong></span> <span class='ocrx_word' id='word_1_889' title='bbox 3000 4875 3485 4943; x_wconf 78' lang='lat' dir='ltr'><strong>reprtesentatione</strong></span> 
     </span>
    </p>
   </div>
   <div class='ocr_carea' id='block_1_67' title="bbox 208 4944 3481 5017">
    <p class='ocr_par' dir='ltr' id='par_1_67' title="bbox 208 4944 3481 5017">
     <span class='ocr_line' id='line_1_67' title="bbox 208 4944 3481 5017; baseline 0.001 -19"><span class='ocrx_word' id='word_1_890' title='bbox 208 4944 415 4998; x_wconf 72' lang='lat' dir='ltr'><strong>divina:</strong></span> <span class='ocrx_word' id='word_1_891' title='bbox 438 4946 691 4998; x_wconf 67' lang='lat' dir='ltr'><strong>essentia!</strong></span> <span class='ocrx_word' id='word_1_892' title='bbox 713 4944 976 4999; x_wconf 82' lang='lat' dir='ltr'><strong>deficiunt</strong></span> <span class='ocrx_word' id='word_1_893' title='bbox 1002 4946 1236 5017; x_wconf 81' lang='lat' dir='ltr'><strong>infinite,</strong></span> <span class='ocrx_word' id='word_1_894' title='bbox 1279 4958 1459 5017; x_wconf 81' lang='lat' dir='ltr'><strong>neque</strong></span> <span class='ocrx_word' id='word_1_895' title='bbox 1489 4947 1778 5011; x_wconf 70' lang='lat' dir='ltr'><strong>adaequant</strong></span> <span class='ocrx_word' id='word_1_896' title='bbox 1807 4948 2105 5014; x_wconf 88' lang='lat' dir='ltr'><strong>potentiam</strong></span> <span class='ocrx_word' id='word_1_897' title='bbox 2160 4950 2431 5001; x_wconf 87' lang='lat' dir='ltr'><strong>creatoris</strong></span> <span class='ocrx_word' id='word_1_898' title='bbox 2464 4949 2600 5016; x_wconf 89' lang='lat' dir='ltr'><strong>(imo</strong></span> <span class='ocrx_word' id='word_1_899' title='bbox 2624 4946 2693 4999; x_wconf 88' lang='lat' dir='ltr'><strong>ab</strong></span> <span class='ocrx_word' id='word_1_900' title='bbox 2723 4948 3104 5017; x_wconf 72' lang='lat' dir='ltr'><strong>adaequatione</strong></span> <span class='ocrx_word' id='word_1_901' title='bbox 3134 4964 3198 5001; x_wconf 87' lang='lat' dir='ltr'><strong>ac</strong></span> <span class='ocrx_word' id='word_1_902' title='bbox 3236 4945 3481 5016; x_wconf 84' lang='lat' dir='ltr'><strong>perfecta</strong></span> 
     </span>
    </p>
   </div>
   <div class='ocr_carea' id='block_1_68' title="bbox 207 5014 3477 5088">
    <p class='ocr_par' dir='ltr' id='par_1_68' title="bbox 207 5014 3477 5088">
     <span class='ocr_line' id='line_1_68' title="bbox 207 5014 3477 5088; baseline 0 -18"><span class='ocrx_word' id='word_1_903' title='bbox 207 5018 699 5088; x_wconf 67' lang='lat' dir='ltr'><strong>repraisentatioue</strong></span> <span class='ocrx_word' id='word_1_904' title='bbox 725 5018 1140 5088; x_wconf 71' lang='lat' dir='ltr'><strong>omnipotentis:</strong></span> <span class='ocrx_word' id='word_1_905' title='bbox 1179 5014 1295 5084; x_wconf 87' lang='lat' dir='ltr'><strong>ejus</strong></span> <span class='ocrx_word' id='word_1_906' title='bbox 1326 5015 1531 5069; x_wconf 86' lang='lat' dir='ltr'><strong>distant</strong></span> <span class='ocrx_word' id='word_1_907' title='bbox 1574 5025 1738 5083; x_wconf 88' lang='lat' dir='ltr'><strong>atque</strong></span> <span class='ocrx_word' id='word_1_908' title='bbox 1766 5018 2083 5071; x_wconf 86' lang='lat' dir='ltr'><strong>desciscunt</strong></span> <span class='ocrx_word' id='word_1_909' title='bbox 2114 5019 2329 5088; x_wconf 88' lang='lat' dir='ltr'><strong>penitus</strong></span> <span class='ocrx_word' id='word_1_910' title='bbox 2359 5019 2413 5071; x_wconf 91' lang='lat' dir='ltr'><strong>in</strong></span> <span class='ocrx_word' id='word_1_911' title='bbox 2448 5014 2799 5085; x_wconf 82' lang='lat' dir='ltr'><strong>immensum)</strong></span> <span class='ocrx_word' id='word_1_912' title='bbox 2830 5014 2937 5072; x_wconf 75' lang='lat' dir='ltr'><strong>non</strong></span> <span class='ocrx_word' id='word_1_913' title='bbox 2980 5014 3272 5088; x_wconf 81' lang='lat' dir='ltr'><strong>possumus</strong></span> <span class='ocrx_word' id='word_1_914' title='bbox 3305 5019 3477 5071; x_wconf 89' lang='lat' dir='ltr'><strong>Deum</strong></span> 
     </span>
    </p>
   </div>
   <div class='ocr_carea' id='block_1_69' title="bbox 205 5086 3478 5158">
    <p class='ocr_par' dir='ltr' id='par_1_69' title="bbox 205 5086 3478 5158">
     <span class='ocr_line' id='line_1_69' title="bbox 205 5086 3478 5158; baseline 0.001 -19"><span class='ocrx_word' id='word_1_915' title='bbox 205 5087 263 5158; x_wconf 79' lang='lat' dir='ltr'><strong>in</strong></span> <span class='ocrx_word' id='word_1_916' title='bbox 302 5086 386 5137; x_wconf 91' lang='lat' dir='ltr'><strong>via</strong></span> <span class='ocrx_word' id='word_1_917' title='bbox 413 5099 748 5155; x_wconf 82' lang='lat' dir='ltr'><strong>cognoscere</strong></span> <span class='ocrx_word' id='word_1_918' title='bbox 771 5089 917 5142; x_wconf 91' lang='lat' dir='ltr'><strong>clare</strong></span> <span class='ocrx_word' id='word_1_919' title='bbox 948 5086 1083 5140; x_wconf 89' lang='lat' dir='ltr'><strong>inse</strong></span> <span class='ocrx_word' id='word_1_920' title='bbox 1110 5098 1165 5141; x_wconf 90' lang='lat' dir='ltr'><strong>et</strong></span> <span class='ocrx_word' id='word_1_921' title='bbox 1197 5090 1532 5151; x_wconf 89' lang='lat' dir='ltr'><strong>immediate,</strong></span> <span class='ocrx_word' id='word_1_922' title='bbox 1563 5100 1657 5139; x_wconf 88' lang='lat' dir='ltr'><strong>seu</strong></span> <span class='ocrx_word' id='word_1_923' title='bbox 1687 5096 1952 5158; x_wconf 85' lang='lat' dir='ltr'><strong>quantum</strong></span> <span class='ocrx_word' id='word_1_924' title='bbox 1983 5093 2050 5142; x_wconf 91' lang='lat' dir='ltr'><strong>ad</strong></span> <span class='ocrx_word' id='word_1_925' title='bbox 2082 5086 2209 5158; x_wconf 79' lang='lat' dir='ltr'><strong>quid</strong></span> <span class='ocrx_word' id='word_1_926' title='bbox 2243 5097 2343 5153; x_wconf 75' lang='lat' dir='ltr'><strong>est,</strong></span> <span class='ocrx_word' id='word_1_927' title='bbox 2377 5090 2473 5142; x_wconf 92' lang='lat' dir='ltr'><strong>sed</strong></span> <span class='ocrx_word' id='word_1_928' title='bbox 2513 5088 2686 5141; x_wconf 86' lang='lat' dir='ltr'><strong>solum</strong></span> <span class='ocrx_word' id='word_1_929' title='bbox 2730 5103 2759 5140; x_wconf 89' lang='lat' dir='ltr'><strong>a</strong></span> <span class='ocrx_word' id='word_1_930' title='bbox 2795 5086 3111 5156; x_wconf 79' lang='lat' dir='ltr'><strong>posteriori,</strong></span> <span class='ocrx_word' id='word_1_931' title='bbox 3140 5100 3196 5142; x_wconf 89' lang='lat' dir='ltr'><strong>et</strong></span> <span class='ocrx_word' id='word_1_932' title='bbox 3223 5089 3351 5157; x_wconf 86' lang='lat' dir='ltr'><strong>quia</strong></span> <span class='ocrx_word' id='word_1_933' title='bbox 3377 5094 3478 5143; x_wconf 77' lang='lat' dir='ltr'><strong>est.</strong></span> 
     </span>
    </p>
   </div>
   <div class='ocr_carea' id='block_1_70' title="bbox 207 5156 3480 5229">
    <p class='ocr_par' dir='ltr' id='par_1_70' title="bbox 207 5156 3480 5229">
     <span class='ocr_line' id='line_1_70' title="bbox 207 5156 3480 5229; baseline 0.001 -21"><span class='ocrx_word' id='word_1_934' title='bbox 207 5156 606 5211; x_wconf 84' lang='lat' dir='ltr'><strong>Verumtamen</strong></span> <span class='ocrx_word' id='word_1_935' title='bbox 651 5159 703 5211; x_wconf 92' lang='lat' dir='ltr'><strong>in</strong></span> <span class='ocrx_word' id='word_1_936' title='bbox 738 5162 841 5212; x_wconf 89' lang='lat' dir='ltr'><strong>hac</strong></span> <span class='ocrx_word' id='word_1_937' title='bbox 875 5159 1191 5226; x_wconf 83' lang='lat' dir='ltr'><strong>cognitione</strong></span> <span class='ocrx_word' id='word_1_938' title='bbox 1222 5158 1315 5211; x_wconf 89' lang='lat' dir='ltr'><strong>Dei</strong></span> <span class='ocrx_word' id='word_1_939' title='bbox 1339 5162 1469 5225; x_wconf 87' lang='lat' dir='ltr'><strong>quia</strong></span> <span class='ocrx_word' id='word_1_940' title='bbox 1512 5165 1619 5229; x_wconf 76' lang='lat' dir='ltr'><strong>est,</strong></span> <span class='ocrx_word' id='word_1_941' title='bbox 1650 5168 1735 5211; x_wconf 89' lang='lat' dir='ltr'><strong>est</strong></span> <span class='ocrx_word' id='word_1_942' title='bbox 1779 5157 1944 5211; x_wconf 90' lang='lat' dir='ltr'><strong>etiam</strong></span> <span class='ocrx_word' id='word_1_943' title='bbox 1978 5156 2182 5228; x_wconf 81' lang='lat' dir='ltr'><strong>gradus</strong></span> <span class='ocrx_word' id='word_1_944' title='bbox 2213 5169 2268 5213; x_wconf 87' lang='lat' dir='ltr'><strong>et</strong></span> <span class='ocrx_word' id='word_1_945' title='bbox 2313 5159 2475 5223; x_wconf 91' lang='lat' dir='ltr'><strong>ordo,</strong></span> <span class='ocrx_word' id='word_1_946' title='bbox 2518 5159 2590 5212; x_wconf 89' lang='lat' dir='ltr'><strong>ita</strong></span> <span class='ocrx_word' id='word_1_947' title='bbox 2627 5167 2684 5211; x_wconf 91' lang='lat' dir='ltr'><strong>ut</strong></span> <span class='ocrx_word' id='word_1_948' title='bbox 2730 5174 2871 5213; x_wconf 86' lang='lat' dir='ltr'><strong>unus</strong></span> <span class='ocrx_word' id='word_1_949' title='bbox 2908 5162 2990 5215; x_wconf 89' lang='lat' dir='ltr'><strong>sic</strong></span> <span class='ocrx_word' id='word_1_950' title='bbox 3030 5156 3480 5229; x_wconf 86' lang='lat' dir='ltr'><strong>cognoscentium</strong></span> 
     </span>
    </p>
   </div>
   <div class='ocr_carea' id='block_1_71' title="bbox 204 5227 3479 5299">
    <p class='ocr_par' dir='ltr' id='par_1_71' title="bbox 204 5227 3479 5299">
     <span class='ocr_line' id='line_1_71' title="bbox 204 5227 3479 5299; baseline -0 -18"><span class='ocrx_word' id='word_1_951' title='bbox 204 5230 407 5292; x_wconf 84' lang='lat' dir='ltr'><strong>Deum,</strong></span> <span class='ocrx_word' id='word_1_952' title='bbox 442 5238 742 5296; x_wconf 82' lang='lat' dir='ltr'><strong>cognoscat</strong></span> <span class='ocrx_word' id='word_1_953' title='bbox 770 5246 893 5283; x_wconf 91' lang='lat' dir='ltr'><strong>eum</strong></span> <span class='ocrx_word' id='word_1_954' title='bbox 937 5229 1109 5283; x_wconf 91' lang='lat' dir='ltr'><strong>multo</strong></span> <span class='ocrx_word' id='word_1_955' title='bbox 1144 5230 1443 5298; x_wconf 90' lang='lat' dir='ltr'><strong>perfectius</strong></span> <span class='ocrx_word' id='word_1_956' title='bbox 1484 5238 1541 5283; x_wconf 89' lang='lat' dir='ltr'><strong>et</strong></span> <span class='ocrx_word' id='word_1_957' title='bbox 1575 5227 1779 5282; x_wconf 89' lang='lat' dir='ltr'><strong>clarius</strong></span> <span class='ocrx_word' id='word_1_958' title='bbox 1818 5227 2190 5298; x_wconf 36' lang='lat' dir='ltr'><strong>quam’alius;</strong></span> <span class='ocrx_word' id='word_1_959' title='bbox 2228 5244 2392 5285; x_wconf 88' lang='lat' dir='ltr'><strong>causa</strong></span> <span class='ocrx_word' id='word_1_960' title='bbox 2426 5244 2666 5299; x_wconf 89' lang='lat' dir='ltr'><strong>namque</strong></span> <span class='ocrx_word' id='word_1_961' title='bbox 2693 5244 2762 5284; x_wconf 80' lang='lat' dir='ltr'><strong>ex</strong></span> <span class='ocrx_word' id='word_1_962' title='bbox 2806 5245 2906 5285; x_wconf 90' lang='lat' dir='ltr'><strong>suo</strong></span> <span class='ocrx_word' id='word_1_963' title='bbox 2932 5227 3128 5285; x_wconf 83' lang='lat' dir='ltr'><strong>effectu</strong></span> <span class='ocrx_word' id='word_1_964' title='bbox 3173 5241 3321 5283; x_wconf 91' lang='lat' dir='ltr'><strong>tanto</strong></span> <span class='ocrx_word' id='word_1_965' title='bbox 3352 5242 3479 5296; x_wconf 86' lang='lat' dir='ltr'><strong>per-</strong></span> 
     </span>
    </p>
   </div>
   <div class='ocr_carea' id='block_1_72' title="bbox 204 5299 3479 5370">
    <p class='ocr_par' dir='ltr' id='par_1_72' title="bbox 204 5299 3479 5370">
     <span class='ocr_line' id='line_1_72' title="bbox 204 5299 3479 5370; baseline 0 -19"><span class='ocrx_word' id='word_1_966' title='bbox 204 5300 416 5353; x_wconf 83' lang='lat' dir='ltr'><strong>fectius</strong></span> <span class='ocrx_word' id='word_1_967' title='bbox 446 5301 822 5369; x_wconf 82' lang='lat' dir='ltr'><strong>cegnoscitur,</strong></span> <span class='ocrx_word' id='word_1_968' title='bbox 853 5310 1059 5370; x_wconf 88' lang='lat' dir='ltr'><strong>quanto</strong></span> <span class='ocrx_word' id='word_1_969' title='bbox 1095 5314 1193 5369; x_wconf 83' lang='lat' dir='ltr'><strong>per</strong></span> <span class='ocrx_word' id='word_1_970' title='bbox 1215 5300 1467 5355; x_wconf 77' lang='lat' dir='ltr'><strong>effectum</strong></span> <span class='ocrx_word' id='word_1_971' title='bbox 1497 5299 1709 5370; x_wconf 89' lang='lat' dir='ltr'><strong>plenius</strong></span> <span class='ocrx_word' id='word_1_972' title='bbox 1738 5300 2166 5369; x_wconf 87' lang='lat' dir='ltr'><strong>apprehenditur</strong></span> <span class='ocrx_word' id='word_1_973' title='bbox 2211 5301 2473 5355; x_wconf 89' lang='lat' dir='ltr'><strong>habitudo</strong></span> <span class='ocrx_word' id='word_1_974' title='bbox 2500 5315 2681 5356; x_wconf 63' lang='lat' dir='ltr'><strong>Causae</strong></span> <span class='ocrx_word' id='word_1_975' title='bbox 2720 5301 2787 5355; x_wconf 90' lang='lat' dir='ltr'><strong>ad</strong></span> <span class='ocrx_word' id='word_1_976' title='bbox 2819 5313 2978 5355; x_wconf 84' lang='lat' dir='ltr'><strong>suum</strong></span> <span class='ocrx_word' id='word_1_977' title='bbox 3011 5304 3282 5355; x_wconf 77' lang='lat' dir='ltr'><strong>effectum.</strong></span> <span class='ocrx_word' id='word_1_978' title='bbox 3308 5299 3479 5352; x_wconf 86' lang='lat' dir='ltr'><strong>Porro</strong></span> 
     </span>
    </p>
   </div>
   <div class='ocr_carea' id='block_1_73' title="bbox 204 5369 3478 5441">
    <p class='ocr_par' dir='ltr' id='par_1_73' title="bbox 204 5369 3478 5441">
     <span class='ocr_line' id='line_1_73' title="bbox 204 5369 3478 5441; baseline -0.001 -18"><span class='ocrx_word' id='word_1_979' title='bbox 204 5372 328 5423; x_wconf 70' lang='lat' dir='ltr'><strong>haec</strong></span> <span class='ocrx_word' id='word_1_980' title='bbox 359 5371 622 5424; x_wconf 88' lang='lat' dir='ltr'><strong>habitudo</strong></span> <span class='ocrx_word' id='word_1_981' title='bbox 677 5374 731 5425; x_wconf 91' lang='lat' dir='ltr'><strong>in</strong></span> <span class='ocrx_word' id='word_1_982' title='bbox 766 5369 964 5426; x_wconf 72' lang='lat' dir='ltr'><strong>effectu</strong></span> <span class='ocrx_word' id='word_1_983' title='bbox 1013 5386 1121 5424; x_wconf 87' lang='lat' dir='ltr'><strong>non</strong></span> <span class='ocrx_word' id='word_1_984' title='bbox 1170 5369 1518 5439; x_wconf 81' lang='lat' dir='ltr'><strong>pet-tingente</strong></span> <span class='ocrx_word' id='word_1_985' title='bbox 1550 5372 1617 5423; x_wconf 91' lang='lat' dir='ltr'><strong>ad</strong></span> <span class='ocrx_word' id='word_1_986' title='bbox 1650 5370 2087 5439; x_wconf 63' lang='lat' dir='ltr'><strong>adaequationem</strong></span> <span class='ocrx_word' id='word_1_987' title='bbox 2137 5387 2316 5427; x_wconf 74' lang='lat' dir='ltr'><strong>causa:</strong></span> <span class='ocrx_word' id='word_1_988' title='bbox 2349 5387 2481 5438; x_wconf 74' lang='lat' dir='ltr'><strong>suae,</strong></span> <span class='ocrx_word' id='word_1_989' title='bbox 2515 5373 2815 5427; x_wconf 87' lang='lat' dir='ltr'><strong>attenditur</strong></span> <span class='ocrx_word' id='word_1_990' title='bbox 2851 5387 3017 5441; x_wconf 86' lang='lat' dir='ltr'><strong>peucs</strong></span> <span class='ocrx_word' id='word_1_991' title='bbox 3062 5373 3201 5436; x_wconf 89' lang='lat' dir='ltr'><strong>tria;</strong></span> <span class='ocrx_word' id='word_1_992' title='bbox 3227 5369 3478 5425; x_wconf 84' lang='lat' dir='ltr'><strong>videlicet</strong></span> 
     </span>
    </p>
   </div>
   <div class='ocr_carea' id='block_1_74' title="bbox 201 5441 3476 5512">
    <p class='ocr_par' dir='ltr' id='par_1_74' title="bbox 201 5441 3476 5512">
     <span class='ocr_line' id='line_1_74' title="bbox 201 5441 3476 5512; baseline -0.001 -20"><span class='ocrx_word' id='word_1_993' title='bbox 201 5444 390 5509; x_wconf 89' lang='lat' dir='ltr'><strong>quoad</strong></span> <span class='ocrx_word' id='word_1_994' title='bbox 423 5456 775 5511; x_wconf 84' lang='lat' dir='ltr'><strong>progressum</strong></span> <span class='ocrx_word' id='word_1_995' title='bbox 817 5442 1045 5498; x_wconf 76' lang='lat' dir='ltr'><strong>effectus</strong></span> <span class='ocrx_word' id='word_1_996' title='bbox 1069 5457 1099 5497; x_wconf 88' lang='lat' dir='ltr'><strong>a</strong></span> <span class='ocrx_word' id='word_1_997' title='bbox 1126 5457 1312 5506; x_wconf 88' lang='lat' dir='ltr'><strong>causa,</strong></span> <span class='ocrx_word' id='word_1_998' title='bbox 1343 5452 1398 5495; x_wconf 90' lang='lat' dir='ltr'><strong>et</strong></span> <span class='ocrx_word' id='word_1_999' title='bbox 1419 5444 1719 5497; x_wconf 87' lang='lat' dir='ltr'><strong>secundum</strong></span> <span class='ocrx_word' id='word_1_1000' title='bbox 1750 5445 1855 5496; x_wconf 89' lang='lat' dir='ltr'><strong>hoc</strong></span> <span class='ocrx_word' id='word_1_1001' title='bbox 1898 5447 2043 5511; x_wconf 87' lang='lat' dir='ltr'><strong>quod</strong></span> <span class='ocrx_word' id='word_1_1002' title='bbox 2082 5441 2312 5498; x_wconf 85' lang='lat' dir='ltr'><strong>effectus</strong></span> <span class='ocrx_word' id='word_1_1003' title='bbox 2345 5444 2701 5512; x_wconf 63' lang='lat' dir='ltr'><strong>consequitur</strong></span> <span class='ocrx_word' id='word_1_1004' title='bbox 2728 5445 2853 5512; x_wconf 92' lang='lat' dir='ltr'><strong>plus</strong></span> <span class='ocrx_word' id='word_1_1005' title='bbox 2876 5446 2945 5500; x_wconf 86' lang='lat' dir='ltr'><strong>de</strong></span> <span class='ocrx_word' id='word_1_1006' title='bbox 2971 5443 3331 5497; x_wconf 85' lang='lat' dir='ltr'><strong>similitudine</strong></span> <span class='ocrx_word' id='word_1_1007' title='bbox 3361 5454 3476 5493; x_wconf 65' lang='lat' dir='ltr'><strong>suae</strong></span> 
     </span>
    </p>
   </div>
   <div class='ocr_carea' id='block_1_75' title="bbox 201 5512 3476 5583">
    <p class='ocr_par' dir='ltr' id='par_1_75' title="bbox 201 5512 3476 5583">
     <span class='ocr_line' id='line_1_75' title="bbox 201 5512 3476 5583; baseline -0.001 -18"><span class='ocrx_word' id='word_1_1008' title='bbox 201 5527 414 5577; x_wconf 59' lang='lat' dir='ltr'><strong>causai,</strong></span> <span class='ocrx_word' id='word_1_1009' title='bbox 444 5523 611 5581; x_wconf 87' lang='lat' dir='ltr'><strong>atque</strong></span> <span class='ocrx_word' id='word_1_1010' title='bbox 635 5514 935 5568; x_wconf 87' lang='lat' dir='ltr'><strong>secundum</strong></span> <span class='ocrx_word' id='word_1_1011' title='bbox 975 5514 1029 5568; x_wconf 92' lang='lat' dir='ltr'><strong>id</strong></span> <span class='ocrx_word' id='word_1_1012' title='bbox 1055 5515 1197 5583; x_wconf 88' lang='lat' dir='ltr'><strong>quod</strong></span> <span class='ocrx_word' id='word_1_1013' title='bbox 1240 5513 1424 5567; x_wconf 87' lang='lat' dir='ltr'><strong>deﬁcit</strong></span> <span class='ocrx_word' id='word_1_1014' title='bbox 1449 5530 1478 5567; x_wconf 93' lang='lat' dir='ltr'><strong>a</strong></span> <span class='ocrx_word' id='word_1_1015' title='bbox 1507 5513 1753 5583; x_wconf 82' lang='lat' dir='ltr'><strong>perfecta</strong></span> <span class='ocrx_word' id='word_1_1016' title='bbox 1779 5527 1899 5581; x_wconf 79' lang='lat' dir='ltr'><strong>ejus</strong></span> <span class='ocrx_word' id='word_1_1017' title='bbox 1942 5516 2358 5569; x_wconf 75' lang='lat' dir='ltr'><strong>consecutione.</strong></span> <span class='ocrx_word' id='word_1_1018' title='bbox 2386 5516 2569 5583; x_wconf 84' lang='lat' dir='ltr'><strong>Atque</strong></span> <span class='ocrx_word' id='word_1_1019' title='bbox 2599 5516 2674 5568; x_wconf 90' lang='lat' dir='ltr'><strong>ita</strong></span> <span class='ocrx_word' id='word_1_1020' title='bbox 2719 5530 2872 5569; x_wconf 89' lang='lat' dir='ltr'><strong>mens</strong></span> <span class='ocrx_word' id='word_1_1021' title='bbox 2922 5516 3158 5568; x_wconf 88' lang='lat' dir='ltr'><strong>humana</strong></span> <span class='ocrx_word' id='word_1_1022' title='bbox 3189 5512 3476 5579; x_wconf 89' lang='lat' dir='ltr'><strong>triphciter</strong></span> 
     </span>
    </p>
   </div>
   <div class='ocr_carea' id='block_1_76' title="bbox 198 5582 3474 5655">
    <p class='ocr_par' dir='ltr' id='par_1_76' title="bbox 198 5582 3474 5655">
     <span class='ocr_line' id='line_1_76' title="bbox 198 5582 3474 5655; baseline -0 -20"><span class='ocrx_word' id='word_1_1023' title='bbox 198 5585 428 5652; x_wconf 76' lang='lat' dir='ltr'><strong>prolicit</strong></span> <span class='ocrx_word' id='word_1_1024' title='bbox 473 5586 527 5637; x_wconf 88' lang='lat' dir='ltr'><strong>in</strong></span> <span class='ocrx_word' id='word_1_1025' title='bbox 555 5586 867 5651; x_wconf 80' lang='lat' dir='ltr'><strong>cognitione</strong></span> <span class='ocrx_word' id='word_1_1026' title='bbox 891 5587 985 5641; x_wconf 89' lang='lat' dir='ltr'><strong>Dei</strong></span> <span class='ocrx_word' id='word_1_1027' title='bbox 1017 5598 1086 5638; x_wconf 82' lang='lat' dir='ltr'><strong>ex</strong></span> <span class='ocrx_word' id='word_1_1028' title='bbox 1122 5582 1413 5638; x_wconf 85' lang='lat' dir='ltr'><strong>effectibus</strong></span> <span class='ocrx_word' id='word_1_1029' title='bbox 1450 5582 1832 5655; x_wconf 78' lang='lat' dir='ltr'><strong>ejus.f’rimo,</strong></span> <span class='ocrx_word' id='word_1_1030' title='bbox 1866 5587 2168 5640; x_wconf 89' lang='lat' dir='ltr'><strong>secundum</strong></span> <span class='ocrx_word' id='word_1_1031' title='bbox 2199 5587 2343 5653; x_wconf 91' lang='lat' dir='ltr'><strong>quod</strong></span> <span class='ocrx_word' id='word_1_1032' title='bbox 2384 5582 2682 5655; x_wconf 79' lang='lat' dir='ltr'><strong>perfectius</strong></span> <span class='ocrx_word' id='word_1_1033' title='bbox 2722 5587 3073 5655; x_wconf 83' lang='lat' dir='ltr'><strong>cognoscitur</strong></span> <span class='ocrx_word' id='word_1_1034' title='bbox 3107 5584 3349 5655; x_wconf 79' lang='lat' dir='ltr'><strong>efficacia</strong></span> <span class='ocrx_word' id='word_1_1035' title='bbox 3379 5583 3474 5635; x_wconf 87' lang='lat' dir='ltr'><strong>Det</strong></span> 
     </span>
    </p>
   </div>
   <div class='ocr_carea' id='block_1_77' title="bbox 200 5653 3471 5729">
    <p class='ocr_par' dir='ltr' id='par_1_77' title="bbox 200 5653 3471 5729">
     <span class='ocr_line' id='line_1_77' title="bbox 200 5653 3471 5729; baseline -0.002 -19"><span class='ocrx_word' id='word_1_1036' title='bbox 200 5657 272 5710; x_wconf 82' lang='lat' dir='ltr'><strong>ad</strong></span> <span class='ocrx_word' id='word_1_1037' title='bbox 302 5655 751 5724; x_wconf 85' lang='lat' dir='ltr'><strong>producendutu;</strong></span> <span class='ocrx_word' id='word_1_1038' title='bbox 788 5658 1055 5724; x_wconf 88' lang='lat' dir='ltr'><strong>secundo,</strong></span> <span class='ocrx_word' id='word_1_1039' title='bbox 1090 5666 1252 5725; x_wconf 87' lang='lat' dir='ltr'><strong>prout</strong></span> <span class='ocrx_word' id='word_1_1040' title='bbox 1280 5654 1612 5714; x_wconf 77' lang='lat' dir='ltr'><strong>nobiliorem</strong></span> <span class='ocrx_word' id='word_1_1041' title='bbox 1646 5654 1940 5715; x_wconf 74' lang='lat' dir='ltr'><strong>affectuum</strong></span> <span class='ocrx_word' id='word_1_1042' title='bbox 1971 5658 2221 5716; x_wconf 85' lang='lat' dir='ltr'><strong>noscitur</strong></span> <span class='ocrx_word' id='word_1_1043' title='bbox 2253 5653 2585 5715; x_wconf 51' lang='lat' dir='ltr'><strong>esse&#39;causa</strong></span> <span class='ocrx_word' id='word_1_1044' title='bbox 2619 5660 2765 5729; x_wconf 88' lang='lat' dir='ltr'><strong>(cum</strong></span> <span class='ocrx_word' id='word_1_1045' title='bbox 2795 5653 2945 5715; x_wconf 77' lang='lat' dir='ltr'><strong>enim</strong></span> <span class='ocrx_word' id='word_1_1046' title='bbox 2977 5666 3201 5712; x_wconf 84' lang='lat' dir='ltr'><strong>causata</strong></span> <span class='ocrx_word' id='word_1_1047' title='bbox 3233 5653 3471 5724; x_wconf 83' lang='lat' dir='ltr'><strong>aliquam</strong></span> 
     </span>
    </p>
   </div>
   <div class='ocr_carea' id='block_1_78' title="bbox 351 5801 1386 5875">
    <p class='ocr_par' dir='ltr' id='par_1_78' title="bbox 351 5801 1386 5875">
     <span class='ocr_line' id='line_1_78' title="bbox 351 5801 1386 5875; baseline 0.001 -15"><span class='ocrx_word' id='word_1_1048' title='bbox 351 5813 372 5841; x_wconf 86' lang='grc'><strong>²</strong></span> <span class='ocrx_word' id='word_1_1049' title='bbox 408 5802 522 5860; x_wconf 85' lang='lat' dir='ltr'><strong>Gen</strong></span> <span class='ocrx_word' id='word_1_1050' title='bbox 578 5818 616 5875; x_wconf 87' lang='lat' dir='ltr'><strong>t,</strong></span> <span class='ocrx_word' id='word_1_1051' title='bbox 655 5801 749 5860; x_wconf 73' lang='lat'><strong>26.</strong></span> <span class='ocrx_word' id='word_1_1052' title='bbox 792 5818 817 5847; x_wconf 80' lang='grc' dir='ltr'>ει</span> <span class='ocrx_word' id='word_1_1053' title='bbox 852 5803 1053 5864; x_wconf 82' lang='lat' dir='ltr'><strong>Ezecb.</strong></span> <span class='ocrx_word' id='word_1_1054' title='bbox 1091 5820 1282 5875; x_wconf 79' lang='lat' dir='ltr'><strong>xxvni,</strong></span> <span class='ocrx_word' id='word_1_1055' title='bbox 1320 5805 1386 5861; x_wconf 75' lang='lat' dir='ltr'><strong>i2</strong></span> 
     </span>
    </p>
   </div>
  </div>
