3892 6232
467 335 607 391 1059

1636 339 1695 395 8.
1730 335 2033 395 DIONYS"
2066 334 2538 394 AREOPAGITE

3613 345 3757 402 1060

465 451 736 520 po..itiva;
773 466 917 507 nunc
953 452 1117 507 etiam
1164 454 1505 511 demonstrat
1547 454 1913 521 intellectilia,
1960 454 2013 509 di

2152 470 2300 506 νεται
2329 456 2423 507 καὶ
2451 454 2520 507 τά
2550 454 2736 525 νοητὰ,
2771 454 2852 524 τὸ,
2882 454 3021 509 Οὔτε
3056 454 3225 528 ψυχὴ,
3255 455 3380 511 οὔτε
3410 457 3562 523 νοῦς.
3607 461 3759 534 Πλὴν

463 544 675 597 cendo:
715 543 904 613 Neque
931 546 1134 610 anima,
1163 559 1343 617 neque
1376 564 1549 603 mens.
1580 548 1780 602 Verum
1822 564 1921 604 nec
1952 548 2050 603 ha-

463 638 556 692 bet
609 636 723 701 illa,
760 640 1017 707 quoniam
1065 641 1232 694 etiam
1287 636 1360 696 ibi
1406 643 1474 695 de
1522 641 1736 696 ratione
1771 656 1837 695 ac
1868 652 2050 698 mente

460 731 797 787 mentionem
839 731 991 797 fecit,
1037 733 1226 789 dicens
1274 751 1289 789 :
1342 733 1532 801 Neque
1587 734 1822 790 rationis
1871 749 2050 805 neque

459 825 661 877 mentis
688 839 926 892 expers;
975 836 1031 880 et
1061 827 1401 897 czeteroquin
1443 828 1610 882 etiam
1640 826 1709 883 ibi
1757 828 2049 883 intellecti-

457 916 528 969 lia
559 917 916 972 demonstrat.
951 916 1059 972 Sed
1105 919 1248 973 scito
1304 920 1377 974 ibi
1420 920 1511 973 illa
1545 934 1665 989 qua:
1715 920 1840 974 talia
1894 928 2043 986 sunt,

455 1010 679 1065 sensilia
711 1025 833 1064 esse
862 1027 875 1064 :
919 1025 1095 1079 neque
1122 1011 1269 1066 enim
1299 1012 1547 1067 declarat
1587 1012 1853 1066 rationem
1884 1016 2044 1067 abso-

454 1101 651 1167 lutam,
686 1104 768 1157 vel
823 1113 1061 1158 mentem
1120 1119 1151 1157 a
1204 1104 1500 1159 sensilibus
1551 1115 1899 1173 separatam;
1949 1105 2044 1161 sed

453 1194 689 1248 rationis
738 1197 1045 1265 mentisque
1087 1198 1416 1259 carentiam,
1477 1197 1737 1251 animalia
1785 1198 2041 1251 nimirum

450 1286 697 1350 sensilia,
754 1298 972 1343 ratione
1026 1300 1326 1360 menteque
1372 1289 1621 1360 privata;
1686 1304 1875 1343 verum
1927 1291 2041 1345 hac

449 1377 605 1445 dicit,
639 1396 814 1449 neque
845 1382 1086 1436 animam
1114 1397 1257 1448 esse,
1298 1398 1476 1453 neque
1501 1383 1799 1451 quidquam
1825 1383 2038 1437 illorum

445 1486 570 1541 quae
612 1473 811 1528 anima:
868 1476 1155 1545 portiones
1214 1475 1375 1545 idque
1431 1476 1735 1529 secundum
1786 1476 2038 1529 ordinem

446 1564 797 1636 participant,
829 1576 888 1621 ut
926 1583 1103 1637 neque
1134 1570 1334 1622 habeat
1378 1565 1824 1638 imaginationem
1864 1568 2036 1621 solam

447 1656 822 1714 irrationalem
864 1669 921 1714 et
958 1660 1191 1716 debilem
1223 1662 1371 1716 illam
1402 1662 1631 1717 formam
1672 1676 1835 1732 quam
1869 1661 2034 1714 etiam

444 1746 602 1803 bruta
640 1750 881 1817 habent;
929 1768 1106 1823 neque
1153 1755 1496 1823 opinionem,
1538 1755 1832 1807 obscuram
1884 1751 2031 1805 illam

2156 545 2233 617 μὴ
2260 546 2379 617 ἔχῃ,
2411 546 2492 599 ὃτι
2522 547 2747 600 κάκεῖσε
2780 550 2908 619 περὶ
2938 549 3095 615 λόγου
3124 550 3219 601 καὶ
3262 550 3381 613 νοὸς
3410 552 3757 621 ἐμνημόνευ-

2154 654 2266 703 σεν,
2298 637 2437 690 Οὔτε
2457 638 2671 707 ἄλογος,
2704 639 2896 707 εἰπὼν,
2926 639 3049 693 οὔτε
3078 642 3255 704 ἄνους·
3288 643 3383 694 καὶ
3411 642 3605 695 λοιπὸν
3619 645 3756 698 ἀπο-

2151 732 2400 800 φαίνεται
2447 732 2608 785 κάκεῖ
2652 733 2721 786 τά
2776 734 2979 804 νοητά.
3026 733 3164 787 Ἀλλ’
3212 734 3344 799 ῐσθι,
3376 736 3458 788 ὅτι
3515 738 3638 789 ἐκεῖ
3686 738 3753 791 τά

2146 823 2394 887 τοιαῦτα,
2428 824 2663 896 αἰσθητά
2682 826 2839 879 εἰσιν·
2868 827 2989 880 οὐδὲ
3016 827 3125 899 γάρ
3155 828 3521 896 ἀποφαίνεται
3551 830 3752 883 ἀπόλυ-

2145 934 2237 971 τον
2265 917 2356 970 τὸν
2374 918 2551 986 λόγον,
2583 919 2617 989 ἢ
2642 919 2735 972 τὸν
2756 921 3160 991 κεχωρισμένον
3174 921 3281 974 τῶν
3302 921 3582 990 αἰσθητῶν
3598 922 3743 975 νοῦν·

2146 1009 2282 1063 ἀλλά
2314 1011 2374 1063 τὸ
2420 1010 2615 1079 ἄλογον
2668 1013 2761 1065 καὶ
2790 1013 2852 1065 τὸ
2889 1012 3069 1077 ἄνουν,
3102 1012 3216 1076 ζῶα
3253 1012 3455 1084 δηλαδὴ
3484 1013 3745 1084 αἰσθητὰ,

2143 1102 2483 1173 ἐστερημένα
2517 1102 2676 1171 λόγου
2705 1121 2764 1156 τε
2793 1104 2887 1157 καὶ
2928 1103 3065 1167 νοός.
3111 1103 3246 1156 Ἀλλ’
3291 1104 3535 1158 ἐνταῦθα
3562 1105 3745 1173 λέγει,

2142 1193 2219 1256 ὡς
2244 1193 2366 1247 οὔτε
2392 1196 2536 1267 ψυχή
2568 1197 2739 1259 ἐστιν,
2768 1195 2892 1249 οὔτε
2913 1213 2963 1250 τι
2990 1196 3099 1248 ἀπὸ
3125 1196 3233 1248 τῶν
3251 1197 3486 1265 ἐχόντων
3506 1196 3581 1249 τὰ
3604 1199 3746 1269 μέρη

2140 1285 2364 1355 ταύτης,
2415 1287 2709 1341 καὶταῦτα
2739 1288 2881 1342 κατά
2920 1288 3095 1353 τάξιν·
3137 1288 3262 1342 οὔτε
3294 1308 3346 1342 τι
3374 1290 3500 1361 ἕχον
3541 1309 3748 1359 φανταο

2142 1379 2263 1431 σίαν
2311 1378 2478 1450 μόνην
2516 1378 2732 1447 ἄλογον,
2762 1380 2857 1433 καλ⁸
2884 1379 3055 1433 τύπον
3098 1381 3320 1451 ἀσθενῆ,
3350 1382 3418 1452 ἢν
3451 1382 3522 1453 δὴ
3564 1383 3746 1453 έχουσι

2141 1470 2234 1522 καὶ
2263 1469 2331 1522 τὰ
2363 1470 2555 1539 ἄλογα·
2598 1470 2721 1523 οὔτε
2748 1471 2926 1537 δόξαν,
2977 1473 3359 1541 ἀσυλλόγιστον
3390 1476 3602 1543 γνῶσιν
3647 1480 3745 1530 καὶ

2137 1564 2408 1637 ἀμυδρὰν,
2444 1567 2511 1637 ἢν
2540 1566 2608 1619 τὰ
2637 1565 2829 1634 λογικά
2857 1564 3093 1636 ἔχουσιν·
3126 1564 3248 1619 οὔτε
3278 1566 3459 1635 λόγον,
3494 1568 3744 1637 δηλονότι

2134 1658 2372 1712 διάνοιαν
2404 1659 2498 1712 καὶ
2542 1659 2876 1729 ἐπιστήμην·
2909 1657 3033 1710 οὔτε
3077 1658 3182 1730 μὴν
3226 1660 3744 1732 νόησιν,ὲνέργειαν

2135 1750 2273 1815 νοὸς,
2309 1750 2505 1821 μέρους
2537 1750 2845 1821 κρείττονος
2874 1751 2973 1820 τῆς
2991 1750 3194 1821 ψυχῆς.
3226 1750 3379 1804 Μετὰ
3404 1750 3588 1805 ταῦτα
3612 1754 3747 1806 ἀνά-

442 1840 808 1909 coguitiouem
835 1859 956 1912 qua:
980 1852 1091 1898 non”
1119 1847 1501 1911 ratiocinatur,
1533 1859 1694 1914 quam
1735 1845 1938 1899 habent
1965 1859 2019 1898 ea

2134 1859 2221 1911 γει
2250 1842 2341 1895 τὸν
2368 1842 2521 1910 λόγον
2548 1844 2626 1905 είς
2658 1842 2828 1905 αύτάς
2847 1842 3059 1913 γυμνὰς
3086 1842 3184 1905 τὰς
3203 1842 3462 1913 δυνάμεις
3481 1844 3614 1913 δίχα
3634 1846 3742 1897 τῶν

441 1946 563 2000 qum
593 1943 823 1988 utuntur
862 1937 1110 2002 ratione;
1156 1952 1333 2006 neque
1362 1939 1650 2004 rationem,
1685 1937 1737 1990 id
1767 1946 1853 1991 est
1885 1940 2036 2006 cogi-

440 2022 703 2076 tationem
758 2032 814 2077 et
864 2025 1172 2092 scientiam,
1229 2041 1404 2097 neque
1460 2027 1888 2083 intellectiouem
1936 2042 2031 2081 seu

438 2113 637 2167 mentis
669 2117 1072 2184 operationem,
1101 2132 1223 2187 qua:
1249 2120 1531 2188 potissima
1559 2133 1685 2188 pars
1708 2119 1905 2172 anima:
1924 2126 2029 2172 est.

435 2202 629 2260 Postea
671 2206 886 2261 derivat
930 2225 1240 2264 sermonem
1284 2212 1350 2263 ad
1393 2211 1540 2280 ipsas
1586 2212 1760 2265 nudas
1801 2211 2031 2264 virtutes

433 2298 554 2351 sine
602 2299 710 2353 illis
756 2301 849 2370 qui
893 2315 989 2354 eas
1031 2302 1257 2367 habent,
1284 2312 1339 2355 et
1369 2304 1441 2356 ait
1477 2321 1490 2357 :
1522 2302 1707 2372 Neque
1733 2316 1916 2356 sermo
1943 2312 2029 2358 est

436 2392 773 2461 prolatitius,
807 2409 986 2463 neque
1037 2394 1361 2457 intellectio,
1396 2395 1510 2450 sive
1552 2394 1756 2450 locutio
1790 2396 2026 2450 interna.

433 2487 609 2552 Atque
666 2486 865 2539 iterum
917 2487 1097 2541 adhuc
1144 2487 1364 2542 adducit
1411 2489 1702 2552 rationem,
1750 2497 1916 2558 atque
1957 2505 2025 2543 ex

434 2574 519 2628 his
562 2574 730 2629 Deum
774 2575 988 2641 eximit,
1048 2577 1283 2648 aitque:
1352 2577 1552 2649 thuid
1593 2581 1710 2634 haec
1744 2580 2026 2634 memoro?

434 2682 611 2738 neque
638 2668 757 2739 ipsa
782 2670 946 2737 ratio,
979 2686 1158 2741 neque
1187 2672 1488 2728 intellectio
1521 2674 1665 2729 valet
1692 2676 1862 2729 Deum
1894 2690 2028 2730 con-

429 2761 633 2830 cipere.
692 2759 824 2818 Post
872 2763 986 2818 haec
1042 2766 1227 2819 omnia
1268 2778 1556 2822 enumerat
1586 2783 1708 2837 qua!
1767 2767 1822 2822 in
1866 2768 2025 2823 nobis

427 2852 707 2917 videntur,
755 2854 851 2908 sed
901 2863 1030 2909 sunt
1076 2856 1423 2925 incorporea,
1472 2866 1641 2929 atque
1689 2857 1826 2914 adeo
1867 2859 2025 2915 intel-

427 2945 655 3009 lectilia,
715 2948 985 3003 hactenus
1042 2958 1227 3004 tamen
1285 2952 1337 3003 in
1397 2949 1660 3018 subjectis
1704 2964 2021 3022 conspecta.

428 3036 768 3094 lutellectilis
795 3055 962 3111 porro
1001 3050 1205 3105 tactus,
1246 3052 1333 3097 est
1365 3043 1566 3099 mentis
1603 3046 1868 3114 cognitio.
1902 3045 2025 3101 Sic-

426 3139 484 3183 ut
506 3130 653 3185 enim
686 3140 867 3187 tactus
897 3134 1139 3200 sensilis,
1164 3143 1250 3189 est
1279 3135 1544 3199 sensatio,
1583 3135 1710 3204 quia
1745 3145 1873 3191 tunc
1896 3152 2023 3192 seu-

2136 1935 2369 2006 ἐχόντων
2399 1934 2569 1998 αὑτὰς
2591 1976 2605 1999 ,
2648 1935 2741 1987 καὶ
2770 1933 2948 2003 λέγει,
2972 1933 3107 1987 Οὔτε
3135 1934 3290 2002 λόγος
3319 1936 3442 1987 ἐστὶ
3470 1952 3739 2007 προφορι-

2136 2027 2251 2093 κὸς,
2284 2026 2407 2080 οὔτε
2430 2027 2634 2098 νόησις,
2664 2026 2866 2099 δηλαδὴ
2896 2026 3197 2089 ἐνδιάθετος
3224 2026 3399 2094 λόγος.
3437 2028 3558 2079 Καὶ
3582 2024 3737 2091 αὖθις

2134 2118 2214 2172 ἔτι
2244 2120 2435 2188 ἀνάγει
2463 2121 2553 2173 τὸν
2580 2119 2757 2186 λόγον,
2795 2120 2889 2173 καὶ
2932 2118 3113 2171 αὐτῶν
3140 2118 3437 2189 ἐξαιρεῖται
3459 2120 3529 2171 τὸ
3559 2120 3734 2185 Θείον,

2133 2212 2229 2265 καὶ
2264 2212 2434 2281 λέγει·
2474 2211 2539 2264 Τί
2567 2211 2708 2281 λέγω
2738 2211 2909 2264 ταῦτα
2934 2228 2949 2277 ;
2972 2208 3096 2263 οὔτε
3124 2210 3284 2273 αὐτὸς
3312 2212 3339 2262 ὁ
3372 2210 3539 2278 λόγος
3580 2214 3675 2265 καὶ
3697 2216 3731 2283 ὴ

2130 2306 2313 2378 νόησις
2328 2306 2626 2375 ἐφικνεῖται
2648 2306 2726 2367 εἰς
2753 2305 2815 2356 τὸ
2830 2304 2982 2357 Θεῖον
3007 2303 3351 2357 καταλαϐεῖν.
3378 2304 3544 2357 Μετά
3560 2304 3734 2359 ταῦτα

2128 2394 2438 2466 ἀριθμεῖται
2468 2394 2645 2447 πάντα
2674 2394 2743 2447 τά
2762 2396 2820 2447 ἐν
2835 2397 2969 2465 ἡμῖν
2991 2396 3088 2465 μὲν
3113 2396 3433 2467 φαινόμενα,
3456 2396 3735 2467 ἀσώματα

2127 2486 2218 2548 δὲ.
2254 2486 2350 2539 καὶ
2396 2486 2485 2539 διὰ
2530 2486 2689 2540 τοῦτο
2726 2488 2925 2558 νοητὰ,
2956 2488 3094 2549 τέως
3139 2488 3197 2541 δὲ
3237 2490 3295 2540 ἐν
3337 2489 3736 2560 ὑποκειμένοις

2128 2577 2495 2649 θεωρούμενα.
2529 2578 2711 2650 Νοητὴ
2749 2579 2806 2632 δὲ
2853 2580 3037 2650 ἐπαφὴ
3080 2580 3225 2632 ἐστιν
3252 2580 3285 2649 ὴ
3315 2578 3411 2631 τοῦ
3438 2579 3566 2644 νοὸς
3595 2580 3739 2649 γνῶ-

2130 2688 2235 2735 σις.
2281 2671 2369 2735 Ὧς
2407 2672 2516 2743 γὰρ
2555 2672 2741 2744 ἐπαφὴ
2770 2672 3001 2744 αἰσθητή
3030 2673 3178 2726 ἐστιν
3215 2675 3247 2744 ἡ
3281 2673 3564 2743 αἴσθησις·
3610 2674 3737 2727 τότε

2131 2764 2240 2836 γὰρ
2273 2764 2666 2837 αἰσθανόμεθα,
2703 2766 2779 2819 ὅτ’
2804 2766 2987 2836 ἐπαφὴ
3026 2765 3137 2818 τῶν
3185 2765 3460 2835 αἰσθητῶν
3489 2768 3613 2829 τοῖς
3646 2768 3738 2820 ai-

2131 2856 2484 2928 σθανομένοις
2516 2857 2549 2928 ἦ
2574 2860 2640 2929 τῇ
2671 2857 2919 2929 αἰσθήσει
2948 2858 3181 2925 γίνεται,
3200 2858 3291 2911 καί
3318 2856 3603 2929 μακρόθεν
3622 2856 3738 2930 γάρ

2124 2948 2219 3002 τοῦ
2248 2949 2419 3021 πυρὸς
2447 2949 2772 3021 καθημένων
2817 2949 3005 3021 ἡμῶν,
3032 2948 3191 3021 εἴπερ
3224 2949 3383 3020 μόνον
3432 2947 3737 3020 θερμαινό-

2128 3043 2287 3112 μεθα,
2320 3042 2505 3113 ἐπαφὴ
2550 3041 2770 3110 λέγεται
2798 3037 2957 3095 εἶναι·
3009 3042 3106 3095 καὶ
3138 3042 3229 3094 ἐπὶ
3261 3042 3360 3111 τῆς
3398 3042 3736 3112 ὀσφρήσεως

2126 3135 2220 3188 καὶ
2237 3135 2331 3187 ἐπὶ
2365 3134 2473 3187 τῶν
2502 3132 2676 3187 ἄλλων
2706 3134 2863 3187 τοῦτο
2892 3133 3199 3204 συμϐαίνει·
3234 3134 3354 3187 οὐδὲ
3386 3136 3501 3206 γὰρ
3532 3135 3732 3199 ὰ.πά

425 3224 613 3291 timus,
642 3228 863 3295 quando
912 3236 1089 3283 tactus
1120 3228 1401 3282 seusilium
1444 3244 1472 3281 a
1511 3230 1877 3286 sentientibus
1903 3231 2019 3287 sive

2130 3228 2155 3298 ἡ
2185 3226 2368 3298 ἐπαφὴ
2395 3226 2683 3297 σωματικὴ
2710 3226 2917 3295 γίνεται
2948 3227 3006 3279 ἐν
3037 3225 3117 3295 τῷ
3142 3226 3213 3279 τὰ
3244 3225 3474 3296 σώματα
3509 3228 3735 3299 συνεχε-

421 3330 583 3371 sensn
637 3318 973 3389 percipitur;
1032 3320 1309 3389 siquidem
1357 3321 1524 3374 etiam
1592 3322 1751 3376 nobis
1800 3322 2017 3379 eminus

2130 3320 2332 3386 ζεσθαι,
2365 3319 2478 3372 ἀλλ’
2510 3321 2568 3373 ἐν
2594 3318 2673 3390 τῷ
2700 3318 2799 3389 τὴν
2828 3317 3083 3389 αἴσθησιν
3104 3316 3468 3390 προσ6άλλειν
3505 3322 3627 3379 τοῖς
3647 3322 3737 3371 αξ-

422 3406 535 3477 igni
588 3409 988 3477 assidentibus,
1047 3412 1344 3467 dummodo
1393 3412 1741 3478 caleliamus,
1792 3414 2014 3483 quidam

2130 3412 2356 3484 τθητοῖς.
2400 3412 2489 3475 Ὠς
2516 3410 2645 3479 γοῦν
2668 3410 2811 3463 οὔτω
2838 3408 3012 3463 ταῦτα
3041 3410 3134 3485 ἐπὶ
3163 3410 3260 3482 τῆς
3283 3409 3561 3481 αἰσθητῆς
3594 3412 3738 3464 ἑπα-

419 3507 706 3555 contactus
732 3503 933 3557 dicitur
972 3503 1266 3559 exsistere.
1296 3502 1362 3556 Et
1387 3504 1439 3556 iu
1469 3502 1671 3558 olfactu
1697 3503 2015 3573 ueterisque

2130 3504 2245 3576 ρῆς,
2273 3504 2417 3557 οὕτω
2444 3504 2553 3557 νόει
2572 3504 2666 3557 καὶ
2688 3503 2780 3555 ἐπὶ
2810 3504 2909 3573 τῆς
2938 3502 3137 3573 νοητῆς
3165 3501 3407 3572 ἐπαφῆς*
3430 3503 3613 3571 “mw
3630 3504 3734 3572 τῆς

418 3592 585 3647 etiam
626 3593 768 3649 idem
808 3595 1035 3655 accidit;
1068 3610 1246 3666 neque
1267 3597 1414 3651 enim
1456 3596 1782 3665 simpliciter
1820 3607 2007 3652 conta-

2130 3594 2389 3664 γνώσεως.
2422 3594 2561 3649 Οὔτε
2584 3594 2641 3649 δὲ
2670 3594 2898 3666 ἀλήθειά
2929 3596 3099 3657 ἐστιν,
3148 3594 3270 3646 οὔτε
3313 3594 3506 3663 σοφία,
3544 3596 3734 3648 καίτοι

417 3694 541 3740 ctus
585 3700 888 3755 corporeus
926 3687 986 3740 lit
1012 3688 1142 3742 dum
1187 3701 1417 3757 corpora
1452 3687 1883 3759 coniunguntur,
1918 3690 2012 3743 sed

2130 3704 2177 3757 re
2198 3688 2295 3741 τοῦ
2331 3688 2538 3758 Κυρίου
2585 3687 2852 3755 λέγοντος·
2900 3685 3037 3755 Ἐγώ
3064 3688 3181 3756 εἰμι
3213 3687 3253 3755 ὴ
3296 3686 3579 3753 ἀλήθεια·
3631 3690 3735 3743 καὶ

418 3778 545 3832 dum
580 3778 635 3831 in
677 3778 977 3833 sensilibus
1018 3781 1265 3834 excitant
1301 3780 1694 3834 sensationem.
1727 3779 1882 3833 Sicut
1912 3778 2013 3833 ita-

2130 3780 2207 3833 ποῦ
2240 3778 2385 3833 θείου
2428 3778 2727 3833 ἀποστόλου
2763 3777 2995 3831 Παύλου·
3044 3777 3300 3847 Χριστὸς
3332 3777 3487 3831 Θεοῦ
3535 3779 3731 3833 δύνα-

415 3885 522 3941 qne
547 3872 685 3935 haec,
715 3871 963 3940 inquam,
994 3887 1054 3927 se
1087 3871 1251 3943 582
1284 3873 1489 3927 habent
1521 3875 1575 3927 in
1603 3883 1754 3928 tactu
1793 3872 2006 3934 sensili,

2130 3889 2231 3937 uc,
2262 3870 2361 3923 καὶ
2393 3870 2541 3924 Θεοῦ
2561 3870 2767 3939 σοφία·
2789 3870 2872 3922 ὅτι
2900 3868 3263 3938 αύτοαλήθεια
3289 3869 3384 3921 καὶ
3413 3870 3735 3939 αὑτοσοφία.

415 3967 499 4019 sic
524 3966 688 4018 etiam
720 3965 898 4034 cogita
932 3965 984 4019 in
1027 3974 1169 4021 tactu
1199 3965 1505 4021 intellectili
1534 3966 1649 4021 sive
1671 3965 2005 4035 cognitione.

2130 3963 2250 4029 :crt‘t,
2285 3962 2381 4015 καὶ
2422 3962 2564 4034 ὑπὲρ
2598 3962 2697 4033 τὴν
2736 3962 3013 4033 ἡμετέραν
3045 3959 3305 4032 ἀλήθειαν
3346 3962 3446 4013 καὶ
3496 3962 3729 4031 σοφίαν.

414 4055 601 4127 Neque
645 4072 776 4111 vero
823 4057 1031 4113 veritas
1075 4069 1180 4123 est,
1227 4073 1405 4128 neque
1450 4059 1741 4130 sapientia,
1792 4059 2005 4112 tametsi

414 4148 679 4204 Dominus
708 4148 895 4203 dicat:
926 4148 1041 4220 Ego
1073 4166 1189 4205 sum
1212 4151 1403 4205 veritas
1440 4149 1497 4216 f;
1529 4159 1587 4204 et
1613 4152 1775 4204 divus
1808 4149 2007 4203 Paulus

412 4242 694 4314 apostolus
726 4256 741 4295 :
772 4241 1013 4297 Christus
1054 4241 1149 4295 Dei
1193 4244 1386 4306 virtus,
1427 4252 1474 4295 et
1522 4240 1621 4296 Dei
1656 4240 1915 4310 sapientia
1946 4240 2000 4305 5;

410 4337 544 4409 quia
578 4336 690 4405 ipsa
726 4348 823 4403 per
860 4348 919 4388 se
952 4334 1174 4398 veritas,
1213 4343 1267 4387 et
1305 4346 1400 4402 per
1422 4348 1486 4387 se
1515 4332 1783 4401 sapientia
1815 4341 1920 4394 est,
1950 4339 2004 4383 et

412 4447 574 4502 supra
642 4439 886 4485 nostram
948 4428 1233 4481 veritatem
1306 4436 1363 4480 et
1424 4426 1775 4496 sapientiam.
1830 4422 2003 4477 Aliter

411 4525 603 4589 etiam,
635 4522 763 4593 quia
810 4535 911 4576 nec
955 4522 1073 4575 haec
1114 4520 1207 4575 Dei
1254 4520 1620 4573 substantiam
1669 4516 1994 4587 significant.

2109 4055 2219 4108 Καὶ
2247 4054 2439 4121 ἄλλως,
2468 4055 2552 4107 ὅτι
2578 4054 2697 4107 ούδέ
2740 4053 2913 4106 ταῦτα
2942 4053 3076 4106 Θεοῦ
3116 4051 3307 4104 οὐσίαν
3338 4053 3716 4122 σημαίνουσι.

2108 4148 2182 4201 Τὸ
2207 4148 2265 4202 δὲ
2308 4148 2367 4200 ἓν
2400 4149 2558 4219 καὶὴ
2601 4148 2789 4218 ἑνότης
2826 4145 3071 4217 ἀλλήλων
3116 4145 3453 4216 διαφέρουσι·
3502 4146 3570 4199 τὸ
3622 4148 3729 4216 μὲν

2106 4243 2215 4315 γὰρ
2248 4240 2305 4293 ἐν
2332 4239 2483 4311 δηλοῖ
2509 4239 2570 4293 τὸ
2598 4239 2975 4311 ὑποκείμενον·
3019 4241 3053 4309 ὴ
3087 4238 3144 4290 δέ
3172 4237 3364 4307 ἑνότης
3405 4238 3588 4308 αὐτὴν

2106 4332 2385 4403 ποιότητα·
2433 4331 2621 4403 ὥσπερ
2661 4331 2854 4385 λευκὸν
2896 4331 2990 4384 καί
3027 4330 3306 4400 λευκότης,
3361 4329 3577 4397 ἀγαθὸν
3623 4330 3726 4383 καὶ

2102 4421 2394 4494 ἀγαθότης.
2437 4420 2575 4475 Οὔτε
2622 4421 2680 4474 δὲ
2721 4424 2754 4491 ὴ
2800 4420 2991 4490 θεότης
3042 4420 3197 4472 οὐσία
3235 4419 3355 4470 ἐστὶ
3395 4418 3494 4471 τοῦ
3551 4418 3721 4483 Θεοῦ,

2103 4512 2291 4587 ὥσπερ
2320 4514 2440 4567 οὐδὲ
2471 4516 2503 4584 ὴ
2536 4512 2829 4583 ἀγαθότης·
2857 4512 2976 4566 οὐδὲ
3009 4511 3227 4583 πνεῦμά
3254 4511 3395 4577 ἐστι,
3429 4510 3623 4564 καίτοι
3655 4529 3723 4579 γε

416 4614 588 4670 Unum
616 4582 798 4668 autem
826 4622 880 4667 et
913 4613 1097 4667 unitas
1125 4612 1195 4665 ab
1220 4611 1455 4665 invicem
1491 4608 1786 4672 differunt;
1826 4608 1999 4676 siqni-

2132 4628 2158 4661 ν
2193 4611 2305 4671 τοῖς
2337 4607 2497 4671 θείοις
2510 4606 2866 4675 Εύαγγελίοις
2894 4604 3186 4674 ἀκούομεν,
3206 4602 3453 4669 Πνεῦμα
3474 4606 3511 4655 ὁ
3539 4606 3717 4668 Θεοῖς·

413 4706 535 4761 dem
571 4720 737 4759 unum
782 4705 1057 4774 signiﬁcat
1112 4702 1444 4771 subjectum,
1488 4701 1677 4756 unitas
1732 4714 1862 4752 vero
1918 4700 2001 4767 ip-

410 4804 644 4849 sammet
669 4793 1021 4862 qualitatem;
1057 4793 1195 4847 sicut
1240 4792 1423 4845 album
1466 4800 1521 4845 et
1554 4790 1766 4855 albedo,
1799 4792 1997 4842 bmntm

409 4893 464 4938 et
492 4882 726 4937 bonitas.
765 4881 951 4953 Neque
988 4898 1116 4937 vero
1146 4883 1406 4937 divinitas
1432 4880 1737 4937 substantia
1767 4889 1850 4933 est
1880 4879 1997 4944 Dei,

408 4976 863 5048 quemadmodum
906 4992 1081 5045 neque
1115 4976 1370 5040 bonitas;
1417 4987 1594 5041 neque
1635 4972 1861 5042 spiritus
1889 4982 1994 5035 est,

410 5070 628 5124 tametsi
671 5070 726 5124 in
770 5067 971 5123 divinis
1013 5069 1325 5139 livangeliis
1376 5070 1662 5122 audiamus
1708 5082 1721 5116 :
1763 5062 1992 5131 Spiritus

403 5175 481 5220 est
510 5163 649 5217 Deus
672 5163 735 5228 I1;
766 5173 822 5215 et
848 5177 1066 5217 rursum
1099 5181 1112 5216 :
1149 5162 1382 5229 Spiritus
1410 5160 1683 5220 veritatis;
1724 5157 1819 5209 sed
1852 5156 1994 5209 sicut

405 5272 506 5311 nos
536 5257 681 5310 scire
713 5255 790 5308 ait
820 5255 975 5309 beata
1012 5254 1103 5307 illa
1134 5264 1435 5321 sanctaque
1476 5250 1693 5305 nomina
1730 5263 1991 5318 persona-

406 5366 525 5404 rnm
580 5349 944 5405 sanctissimae
991 5348 1314 5412 Trinitatis;
1362 5348 1463 5400 hoc
1497 5344 1645 5397 enim
1705 5343 1791 5396 hic
1827 5343 1987 5396 etiam

403 5442 609 5512 accipe,
665 5451 721 5496 et
767 5442 819 5495 iu
862 5440 1010 5494 outni
1057 5441 1370 5510 negatione,
1404 5446 1564 5506 prout
1605 5432 1855 5487 videlicet
1889 5450 1988 5486 nos

2103 4702 2199 4755 καὶ
2223 4700 2404 4765 πάλιν,
2447 4699 2516 4753 Τὸ
2544 4698 2788 4767 Πνεῦμα
2818 4697 2927 4765 τῆς
2956 4696 3261 4764 ἀληθείας·
3296 4694 3411 4746 ἀλλ’
3442 4694 3525 4757 ὡς
3558 4696 3721 4764 ἡμεῖς

2100 4792 2297 4845 εἰδέναι
2321 4792 2453 4862 φησὶ
2480 4791 2549 4845 τὰ
2586 4791 2957 4862 μακαριστικὰ
2996 4790 3090 4842 καὶ
3116 4786 3417 4855 ἁγιαστικά
3454 4786 3719 4856 ὀνόματα

2098 4883 2207 4938 τῶν
2231 4884 2332 4954 τῆς
2372 4883 2533 4951 ἀγίας
2562 4884 2606 4934 Τ
2613 4881 2791 4954 ριάδος
2832 4880 3203 4935 ὑποστάσεων·
3234 4877 3395 4931 τοῦτο
3424 4876 3541 4946 γὰρ
3574 4878 3715 4930 λαϐὲ

2096 4978 2194 5031 καὶ
2224 4976 2459 5030 ἐνταῦθα
2491 4977 2585 5029 καὶ
2618 4976 2711 5027 ἐπὶ
2751 4974 2933 5045 πάσης
2974 4971 3303 5042 ἀποφάσεως
3322 4970 3385 5021 τὸ
3429 4970 3509 5032 ὠς
3550 4971 3716 5040 ἡμᾶς

2096 5069 2315 5130 εἰδέναι,
2346 5070 2512 5139 ἤγουν
2545 5067 2686 5120 κατά
2716 5066 2813 5136 τὴν
2841 5066 3118 5137 ἡμετέραν
3162 5061 3415 5132 δύναμιν.
3455 5062 3537 5113 Οὐ
3576 5062 3715 5131 μέν.

2094 5177 2175 5212 τοι
2203 5176 2266 5228 γε
2308 5160 2463 5213 οὐσία
2503 5160 2571 5211 τὰ
2614 5157 3049 5230 ἀπηριθμημένα
3084 5153 3239 5215 Θεοῦ,
3273 5151 3641 5223 ἡάγαθὸτης,
3674 5156 3708 5225 ὴ

2095 5252 2306 5324 θεότης,
2338 5254 2433 5305 καὶ
2476 5250 2546 5305 τά
2574 5251 2755 5316 λοιπὰ,
2786 5250 2923 5304 ἀλλά
2964 5250 3090 5314 δόξα
3134 5250 3263 5321 περὶ
3301 5246 3465 5300 αὐτόν
3519 5248 3705 5298 ἐστιν.

2093 5345 2250 5399 Οὕτω
2278 5346 2372 5398 καὶ
2398 5345 2427 5396 ὁ
2462 5344 2710 5412 θεολόγος
2742 5343 3043 5415 Γρηγόριος
3070 5345 3127 5396 ἐν
3157 5341 3235 5413 τῷ
3265 5340 3436 5411 τρίτῳ
3464 5338 3581 5391 τῶν
3604 5339 3706 5390 αύ-

2092 5437 2186 5490 τοῦ
2219 5436 2558 5504 Θεολογικῶν
2583 5435 2756 5504 λόγων
2782 5436 2960 5519 λέγει,
2992 5434 3067 5497 ὡς
3095 5433 3217 5487 οὔτε
3249 5435 3283 5504 ὴ
3310 5430 3533 5499 θεθτης,
3569 5429 3705 5482 οὔτε

402 5535 798 5605 intelligimus,
844 5534 959 5588 sive
998 5534 1299 5588 secundum
1353 5543 1598 5585 nostram
1647 5526 1983 5595 intelligendi

2130 5528 2151 5581 ὁ
2178 5529 2494 5599 ἀγέννητον,
2524 5526 2695 5599 οὔτεὴ
2720 5524 2996 5600 πατρότης
3025 5527 3212 5579 οὐσίαν
3243 5522 3498 5594 σημαίνει
3518 5520 3694 5574 Θεοῦ.

401 5627 737 5685 facultatem.
773 5627 890 5682 Non
918 5628 1063 5683 enim
1085 5642 1148 5682 ea
1171 5627 1282 5697 jam
1306 5632 1621 5684 enumerata
1654 5630 1714 5676 ut
1742 5621 1983 5687 bonitas,

475 5804 493 5844 ί
529 5804 684 5861 Joan.
711 5820 825 5872 xxv,
860 5806 913 5861 6.
996 5807 1021 5846 ⁸
1056 5806 1073 5860 l
1106 5805 1234 5860 Cor.
1270 5820 1311 5867 ι,
1344 5803 1435 5857 21.
1515 5802 1541 5841 l-
1580 5800 1738 5857 Joan.
1777 5818 1850 5869 tv,
1883 5802 1977 5859 2i.

2088 5624 2180 5696 Μὴ
2212 5622 2526 5695 ταραττέτω
2562 5621 2620 5675 δέ
2652 5638 2711 5674 σε
2738 5621 2819 5674 τό·
2857 5619 2994 5677 Οὔτε
3021 5622 3050 5674 ὁ
3090 5618 3221 5682 Θεὸς
3249 5612 3355 5670 οἶδε
3384 5614 3453 5668 τὰ
3481 5614 3626 5666 ὄντα
