3892 6232
211 353 375 425 rost,

750 352 840 408 DE
879 352 1186 408 MYSTICA
1225 351 1642 417 'l'lIEOLOGlA,
1684 353 1839 409 CAP.
1881 352 1949 409 γ.
1986 384 2057 394 -
2094 352 2445 410 PARAPHR.
2480 352 2959 414 PACHYMERE.

3345 360 3493 419 i063

202 469 340 523 ὄντα
358 466 486 522 είσὶ·
519 466 724 532 σκοπὸς
740 468 853 540 γάρ
880 466 962 539 τῷ
991 468 1132 539 ἁγίῳ
1162 465 1443 533 δεῖξαιτὸν
1472 468 1605 521 Θεὸν
1638 468 1777 539 μηδὲ

1907 468 2185 535 divinitas,
2220 478 2276 524 et
2313 479 2536 535 caetera,
2568 471 2876 526 substantia
2922 479 3054 527 sunt
3087 472 3208 538 Dei,
3245 471 3346 531 sed
3378 476 3493 534 ttio-

212 565 355 636 μήτε
375 561 484 614 τῶν
512 563 701 627 όντων,
728 563 832 634 μήτ
848 597 864 621 ν
894 561 1001 632 μὴν
1018 561 1127 614 τῶν
1146 562 1244 614 οὐκ
1262 561 1429 615 ὄντων
1454 560 1602 615 ὄντα.
1626 562 1700 614 Τὸ
1717 560 1793 627 δὲ,

204 654 392 724 Μηδὲν
412 652 521 705 τῶν
546 654 647 705 οὐκ
674 654 859 719 ὅντων,
891 652 1264 723 ὐπερϐολικῶς
1281 653 1509 707 τέθεικε’
1540 655 1660 708 τίνα
1686 656 1797 727 γάρ

202 746 313 797 είσι
343 744 412 797 τὰ
443 744 518 816 μὴ
549 745 699 811 ὄντα,
722 745 796 808 ὡς
826 744 892 798 ἂν
920 747 1190 817 εἴποιμεν,
1212 747 1293 800 ὅτι
1323 745 1422 799 οὐκ
1454 745 1569 799 ἔστι
1600 765 1652 799 τι
1684 746 1796 799 τῶν

203 837 284 908 μὴ
313 837 502 901 ὄντων,
535 837 672 890 ἀλλά
710 838 861 891 οὐδὲν
897 837 1008 890 τῶν
1040 838 1209 891 ὄντων
1246 838 1435 902 οὕτως·
1467 839 1698 904 ὃτι,ἐπεὶ
1726 840 1796 894 τά

194 930 383 983 πάντα
417 931 728 1003 παρήγαγε,
775 930 893 993 πῶς
921 930 1033 1000 ἔχει
1064 930 1353 1001 εὑρεθῆναι
1382 930 1442 983 έν
1481 948 1535 983 τι
1564 932 1671 984 τῶν
1708 931 1796 983 όν-

190 1038 339 1087 των;
369 1023 509 1088 Λέγε
559 1022 766 1085 τοίνυν,
820 1023 901 1075 ὃτι
938 1022 1059 1076 οὐδὲ
1113 1022 1182 1076 τὰ
1223 1023 1351 1076 ὄντα
1398 1024 1653 1092 γινώσκει
1702 1026 1795 1080 τὸν

191 1113 424 1165 πάντων
476 1112 647 1167 αἴτιον
684 1113 842 1166 Θεόν“
889 1113 1027 1167 ἀλλά
1087 1115 1297 1185 ταχέως
1347 1116 1481 1169 αὐτὸ
1535 1118 1794 1190 ἐσαφήνι-

194 1221 317 1269 σεν,
352 1202 519 1257 εἰπών
540 1222 553 1234 ·
580 1198 657 1277 ’ᾞ
686 1205 849 1269 αὐτός
878 1223 1015 1272 εστι,
1045 1208 1343 1269 τουτέστιν,
1369 1208 1534 1262 Οὐδὲν
1570 1211 1677 1263 τῶν
1707 1210 1794 1263 ὅν-

189 1313 308 1349 των
335 1297 593 1365 γινώσκει
609 1297 741 1351 Θεὸν
762 1298 897 1352 καθό
915 1302 1082 1365 ἐστιν,
1100 1302 1221 1354 ἀντὶ
1246 1302 1340 1354 τοῦ
1356 1302 1453 1373 τὴν
1476 1304 1792 1375 ἀνεννόητον

190 1393 295 1442 καὶ
321 1389 645 1460 ὐπερούσιον
686 1391 852 1444 αὐτοῦ
899 1392 1086 1445 οὐσίαν
1127 1393 1223 1446 καὶ
1270 1392 1522 1466 ὓπαρξιν·
1578 1396 1791 1467 εἴρηται

188 1483 328 1553 γάρ·
379 1481 590 1548 Οὐδεὶς
627 1480 904 1552 γινώσκει
946 1484 1052 1539 τὸν
1091 1483 1248 1548 Υίὸν,
1298 1487 1350 1539 εὶ
1373 1485 1460 1555 μὴ
1498 1489 1529 1539 ό
1560 1487 1787 1555 Πατὴρ,

1902 561 1984 615 ria
2014 560 2163 616 circa
2185 562 2407 638 ipsum.
2448 561 2541 617 Sic
2576 562 2741 617 etiam
2771 562 3077 634 Gregorius
3108 566 3391 638 theologus
3432 570 3481 615 li-

1900 654 2001 708 bro
2029 634 2194 709 tertio
2215 651 2513 723 Theologiw
2535 669 2646 709 suae
2668 654 2827 719 dixit,
2853 657 2997 718 quod
3018 671 3194 726 neque
3212 634 3469 717 divinitas

1900 758 2080 813 neque
2131 743 2468 814 ingenitum,
2517 760 2695 814 neque
2750 747 3057 815 paternitas
3115 750 3489 808 substantiam

1901 835 1996 893 Dei
2037 836 2367 905 signiﬁcent.
2423 836 2610 906 Neque
2674 850 2726 893 te
2780 840 2884 894 hoc
2940 851 3158 896 moveat
3208 844 3466 901 turbetvc

1896 928 2041 995 quod
2065 927 2211 981 dicat
2243 928 2409 983 Deum
2440 945 2547 983 non
2576 945 2740 986 nosse
2778 932 3040 986 entitatos
3069 942 3339 1002 quatenus
3364 944 3491 993 sunt

1895 1019 2183 1084 entitates;
2230 1021 2567 1090 propositum
2623 1024 2767 1077 enim
2824 1032 2905 1079 est
2964 1023 3091 1079 huic
3146 1034 3341 1081 sancto
3394 1028 3491 1085 de-

1898 1122 2226 1178 monstrare,
2260 1112 2426 1167 Deum
2466 1110 2596 1169 nihil
2624 1129 2748 1170 esse
2777 1130 2972 1171 eorum
3025 1132 3145 1185 quae
3194 1128 3345 1184 sunt,
3387 1137 3487 1175 ne-

1896 1219 2003 1274 que
2034 1214 2217 1259 tamen
2242 1206 2539 1275 quidquam
2572 1223 2696 1263 esse
2722 1224 2912 1263 eorum
2946 1224 3069 1279 quae
3109 1224 3218 1264 non
3251 1221 3399 1266 sunt.
3430 1210 3488 1267 Id

1895 1306 2101 1353 autem.
2152 1296 2337 1366 Neque
2360 1312 2548 1353 eorum
2580 1314 2699 1369 quae
2736 1316 2844 1355 non
2887 1311 3036 1365 sunt,
3069 1316 3167 1370 per
3200 1317 3487 1359 excessum

1894 1389 2105 1457 posuit;
2140 1390 2394 1457 qtuedam
2435 1390 2581 1444 enim
2622 1400 2750 1445 sunt
2789 1406 2896 1446 non
2929 1392 3112 1456 entia;
3153 1407 3218 1447 ac
3248 1391 3295 1447 si
3338 1392 3489 1449 dice-

1896 1494 2099 1546 remus,
2130 1482 2274 1551 quod
2303 1496 2409 1535 non
2448 1480 2522 1536 sit
2557 1480 2765 1551 aliquid
2814 1498 3005 1539 eorum
3042 1500 3163 1554 qua:
3194 1501 3303 1541 non
3334 1495 3489 1555 sunt,

190 1575 299 1629 καὶ
326 1574 430 1628 τὸν·
452 1575 702 1643 Πατέρα,
731 1579 784 1628 εὶ
808 1576 895 1645 μὴ
942 1579 975 1630 ό
1005 1578 1155 1643 Υἱός.
1190 1579 1299 1631 Καὶ
1329 1580 1395 1631 ἐκ
1420 1578 1513 1632 τοῦ
1543 1581 1777 1634 ἐναντίοι

1891 1582 1948 1627 et
1977 1573 2078 1627 hoc
2107 1574 2268 1628 modo
2300 1574 2371 1628 sit
2407 1572 2540 1628 nih‘il
2589 1589 2779 1629 eorum
2820 1590 2944 1647 qua:
2973 1586 3137 1643 sunt;
3191 1578 3397 1633 etenim
3428 1582 3478 1638 si

188 1667 395 1738 ἐπάγει
425 1669 453 1720 ὁ
481 1668 671 1740 Πατὴρ
698 1662 872 1732 οὗτος,
896 1668 986 1722 καί
1006 1687 1189 1739 φησιν,
1215 1670 1403 1735 Οὐδεὶς
1421 1671 1677 1741 γινώσκει
1698 1674 1777 1726 τὸι

1891 1665 2010 1733 ipse
2038 1666 2224 1720 omnia
2265 1666 2542 1737 produxit,
2571 1667 2846 1737 quomodo
2881 1678 3064 1739 potest
3103 1686 3224 1726 esse
3275 1672 3485 1742 aliquid

186 1759 331 1813 Θεὸν
423 1762 591 1827 ἐστιν,
628 1762 749 1815 οὐδὲ
778 1762 941 1825 αὐτὸς
967 1763 996 1814 ὁ
1025 1762 1157 1825 Θεὸς
1201 1762 1457 1830 γινώσκει
1485 1764 1554 1817 τὰ
1584 1764 1713 1819 ὄντα

1892 1772 2082 1811 eorum
2114 1772 2235 1826 qua:
2274 1759 2441 1814 sunt?
2471 1758 2618 1814 Dicit
2664 1760 2869 1830 itaque,
2901 1761 3056 1829 ‘quod
3106 1777 3209 1817 nec
3263 1778 3327 1819 ea
3365 1778 3486 1833 qua

186 1851 326 1904 δντα
349 1853 485 1905 ἐστί·
507 1854 811 1920 τουτέστιν,
842 1856 943 1908 οὐκ
961 1851 1097 1909 οἶδεν
1126 1856 1435 1911 ἐπιϐάλλειν
1452 1860 1565 1921 τοῖς
1593 1859 1777 1930 αἰσθη-

1890 1858 2043 1915 sunt,
2093 1859 2427 1918 cognoscant
2478 1850 2650 1906 Deum
2684 1866 2904 1907 causam
2952 1852 3236 1917 omnium;
3291 1869 3482 1909 verum

184 1946 310 2007 τοῖς
337 1945 609 2017 αἰσθητῶς
637 1946 670 2017 ἢ
707 1950 831 2011 ταῖς
860 1948 1090 2011 οὐσίαις,
1128 1948 1204 2012 ὡς
1238 1948 1469 2013 οὐσίαις·
1520 1950 1785 2006 ἀνοίκειον

184 2034 307 2106 γὰρ
333 2036 490 2090 τοῦτο
520 2037 678 2091 Θεοῦ.
709 2040 772 2092 Ol
807 2039 916 2110 γὰρ
934 2039 1211 2111 ἄνθρωποι
1243 2040 1311 2094 τά
1345 2041 1444 2112 μὲν
1486 2043 1720 2115 αἰσθητὰ
1748 2045 1783 2115 ἢ

179 2126 280 2181 διὰ
322 2128 465 2192 θέας,
496 2129 528 2200 ἦ
556 2130 627 2183 δι’
655 2131 823 2201 ἁφῆς,
865 2132 898 2202 ἢ
937 2131 1025 2184 διὰ
1052 2131 1299 2201 γεύσεως
1318 2134 1547 2206 νοοῦμεν
1573 2136 1626 2188 τί
1654 2139 1778 2190 εἰσι·

182 2221 260 2275 τά
287 2221 347 2275 δὲ
375 2222 539 2293 νοητά
567 2222 675 2276 ἀπὸ
709 2223 1018 2295 μαθήσεως,
1049 2225 1477 2297 ἢδιδασκαλίας,
1514 2228 1548 2298 ἢ
1588 2228 1786 2300 ἐλλάμ-

182 2315 341 2385 ψεως
368 2316 879 2388 καταλαμϐάνομεν.
917 2318 975 2370 '0
1003 2317 1061 2370 δὲ
1080 2318 1211 2382 Θεὸς
1232 2319 1353 2372 οὐδὲ
1378 2318 1438 2384 ἐξ
1458 2318 1575 2382 ἑνὸς
1607 2321 1784 2374 τοιού-

182 2425 286 2461 του
315 2408 515 2479 τρόπου
553 2405 761 2462 οἶδε’τά
786 2409 937 2473 ὄντα,
968 2409 1104 2463 ἀλλά
1134 2410 1334 2479 γνῶσιν
1360 2411 1471 2482 ἔχει
1498 2410 1597 2483 τὴν
1635 2412 1785 2484 αὐτῷ

182 2500 531 2571 πρέπουσανο
587 2501 748 2556 τοῦτο
803 2501 914 2574 γὰρ
962 2503 1253 2557 αἰνίττεται
1292 2503 1372 2557 τό·
1423 2504 1478 2557 Ὀ
1519 2504 1683 2571 εὶῑὼς
1711 2506 1784 2560 τὰ

183 2592 390 2648 πάντα
414 2594 557 2662 πρὶν
583 2592 879 2664 γενέσεως
898 2595 1115 2661 αὐτῶν,
1133 2596 1395 2667 δηλονότι,
1429 2597 1492 2650 οὐ
1521 2596 1663 2651 κατὰ
1691 2598 1783 2651 τὸν

180 2684 348 2755 λόγον
371 2685 471 2756 τῆς
491 2687 758 2755 γενέσεως
770 2688 880 2740 τῶν
896 2687 1065 2742 ὅντων
1091 2684 1231 2742 οἶδεν
1268 2688 1410 2743 αὐτά
1427 2690 1455 2742 ό
1473 2689 1624 2752 Θεὸς,
1645 2690 1783 2763 ὅπερ

182 2778 344 2830 ἐστὶν
373 2777 669 2849 αἰσθητῶς,
715 2778 851 2832 άλλά
880 2779 1002 2834 καθ’
1051 2779 1238 2852 ἕτερον
1268 2780 1522 2850 γνώσεως
1556 2781 1779 2853 τρόπον.

181 2870 252 2924 Οἱ
281 2870 502 2939 ἄγγελοι
530 2871 587 2925 δὲ
614 2873 933 2940 γνωστικῶς
961 2874 1057 2927 καὶ¹
1101 2873 1281 2937 ἀΰλως
1312 2874 1452 2928 αὐτά
1484 2873 1784 2943 γινώσκου-

184 2979 296 3029 σιν,
332 2964 430 3034 οὐχ
469 2963 545 3027 ὡς
590 2965 753 3035 ⁴ἡμεῖς
785 2964 1079 3036 αἰσθητῶς.
1118 2965 1305 3029 Οὐτως
1331 2963 1425 3020 οὖν
1459 2968 1551 3021 καὶ
1588 2969 1616 3020 ὁ
1651 2968 1783 3033 Θεὸς

180 3055 537 3127 ἀσυγκρίτως
565 3057 658 3110 καὶ
693 3057 1273 3129 ὐπεραναϐεϐηκότως,
1303 3060 1362 3112 οὐ
1398 3059 1503 3131 μὴν
1534 3065 1654 3124 ταῖς
1688 3061 1781 3114 οὐ-

184 3148 335 3211 σίαις
365 3149 705 3220 συμϐάλλων,
734 3147 844 3204 οἶδε
883 3150 951 3205 τά
986 3151 1133 3205 ὄντα.
1163 3152 1363 3206 Λοιπὸν
1392 3153 1459 3206 τά
1489 3154 1617 3208 ὄντα
1646 3154 1778 3208 Θεὸν

179 3240 288 3294 οὐκ
311 3236 447 3295 οἶδεν
538 3242 655 3295 ἐστι
676 3243 827 3307 Θεός·
854 3243 995 3315 ὑπὲρ
1017 3243 1127 3315 γάρ
1145 3244 1245 3314 τὴν
1273 3245 1470 3297 ἐαυτοῦ
1504 3245 1664 3314 φύσιν
1680 3248 1775 3299 ἐκ-

178 3333 422 3405 ταθῆναι
451 3336 573 3398 ταῖς
601 3337 851 3407 νοήσεσιν
880 3336 942 3389 οὐ
979 3336 1251 3390 δύνανται.
1286 3337 1528 3401 Εἰκότως
1573 3333 1666 3391 οὖν
1700 3340 1779 3403 εἰς

180 3425 357 3479 ἐαυτά
388 3426 681 3497 βλέποντα,
731 3428 914 3496 ἀγνοεῖ
946 3428 1047 3500 τὴν
1076 3428 1227 3482 θείαν
1260 3429 1422 3498 φύσιν
1458 3430 1594 3483 καθὸ
1637 3433 1773 3505 αὐτή

176 3519 355 3571 ἐστιν.
385 3517 571 3581 Οὕτως
588 3515 682 3571 οὖν
713 3520 809 3573 καὶ
836 3522 869 3592 ἡ
905 3519 1025 3574 θεία
1062 3520 1222 3590 φύσις
1251 3521 1450 3593 ἑαυτὴν
1484 3521 1773 3592 βλέπουσα,

173 3609 285 3663 οὐκ
312 3604 449 3663 οἶδεν
477 3613 534 3664 ἐν
566 3614 734 3683 ἐαυτῇ
768 3611 836 3665 τὰ
868 3611 997 3665 ὄντα
1044 3612 1186 3666 κατά
1216 3613 1307 3666 τὸν
1336 3614 1437 3684 τῆς
1474 3615 1663 3679 οὐσίας
1690 3615 1776 3669 λό-

172 3716 303 3769 γον,
334 3702 519 3776 ἐπειδὴ
551 3705 691 3775 ὑπὲρ
719 3704 897 3757 πάντα
927 3704 995 3758 τά
1022 3704 1151 3758 ὄντα
1178 3707 1315 3771 ἐστὶ,
1342 3708 1436 3761 καὶ
1457 3709 1589 3763 αὐτὸ
1618 3711 1679 3764 τὸ
1697 3706 1776 3764 εἷ-

175 3809 272 3845 ναι
302 3792 560 3865 κέκτηται
605 3795 961 3867 ὑπερουσίως.
1012 3796 1122 3849 Καὶ
1155 3798 1317 3853 πάλιν
1365 3799 1626 3873 ἀνωτέρω
1673 3805 1774 3875 μὲν

172 3880 356 3950 εἶπεν,
381 3885 518 3939 Οὔτε
552 3887 687 3956 φῶς,
721 3887 843 3941 οὐτε
873 3888 1116 3960 ἀλήθεια·
1158 3889 1254 3944 νῦν
1281 3891 1359 3957 δὲ,
1390 3891 1528 3946 Οὐτε
1560 3895 1769 3961 σκότος,

169 3974 307 4030 οὐτε
338 3978 473 4047 φῶς,
504 3978 629 4032 οὐτε
658 3980 856 4051 πλάνη,
898 3980 1021 4034 οὐτε
1055 3982 1298 4051 ἀλήθεια.
1353 3985 1463 4038 Καὶ
1511 3986 1658 4041 ἔστιν
1695 3990 1772 4043 εἰ·

170 4076 324 4137 πεῖν,
349 4075 430 4128 ὃτι
457 4076 518 4129 τὸ
550 4078 647 4146 μὲν
671 4079 888 4149 πρῶτον
918 4079 1034 4149 φῶς
1062 4080 1257 4149 λέγων,
1286 4084 1417 4155 περὶ
1446 4083 1539 4136 τοῦ
1565 4084 1769 4138 ἀπολύ-

167 4182 289 4228 τως
319 4167 495 4235 φωτὸς
520 4168 690 4237 λέγει,
720 4171 888 4242 ἦγουν
918 4172 1176 4241 περὶτῶν
1210 4173 1520 4243 ἀγγελικῶν
1549 4176 1767 4243 οὐσιῶν,

170 4258 275 4311 καὶ
307 4256 559 4329 ἀλήθειαν
586 4261 685 4332 τὴν
739 4262 1307 4336 αὐτοαπολελυμένως·
1339 4267 1401 4319 οὐ
1438 4267 1545 4338 μὴν
1573 4267 1629 4320 δὲ
1670 4268 1770 4340 τὴν

168 4348 562 4421 ἀντικειμένην
589 4351 669 4423 τῷ
699 4352 882 4408 ψεύδει
911 4355 1191 4427 ἀλήθειαν,
1223 4357 1320 4427 ἀφ’
1349 4350 1425 4412 ὧν
1459 4359 1768 4429 ἅποφάσκει

168 4440 238 4493 τὸ
267 4440 440 4509 Θεῖον,
470 4442 552 4496 ὅτι
584 4445 678 4497 καὶ
709 4446 850 4517 ὑπὲρ
876 4446 1047 4501 ταῦτα
1077 4447 1412 4520 ἐξῃρημένον
1451 4452 1616 4505 ἐστίν.
1660 4453 1769 4505 Ἐν-

1886 1944 2075 1997 statim
2118 1943 2260 1997 idem
2290 1942 2568 2012 exposuit,
2609 1943 2797 1999 dicens
2828 1961 2842 1997 :
2886 1949 3171 2011 Quatenus
3206 1945 3325 2014 ipse
3355 1955 3479 2013 est:

1886 2035 2031 2105 quod
2062 2036 2290 2105 perinde
2323 2045 2413 2091 est
2442 2051 2506 2091 ac
2557 2037 2603 2092 si
2652 2038 2868 2091 dicatur
2910 2054 2924 2091 :
2960 2035 3108 2091 Nihil
3159 2052 3225 2092 ex
3260 2038 3327 2092 iis
3362 2054 3484 2107 qua:

1886 2137 2036 2193 sunt,
2072 2129 2360 2198 cognoscit
2388 2127 2557 2183 Deum
2585 2138 2854 2198 quatenus
2885 2138 2992 2194 est,
3028 2130 3080 2183 id
3106 2138 3193 2184 est
3218 2130 3481 2184 substan-

1886 2222 2017 2275 tiam
2050 2223 2167 2291 ejus
2197 2226 2332 2292 ‘qua‘
2360 2237 2525 2293 supra
2559 2224 2931 2279 substantiam
2960 2234 3070 2287 est,
3098 2234 3154 2279 et
3182 2241 3303 2296 quae
3330 2225 3485 2281 intel-

1887 2314 1978 2385 ligi
2008 2332 2114 2371 non
2146 2328 2327 2386 potest
2365 2317 2493 2373 :vel
2523 2318 2640 2388 ejus
2677 2319 3096 2383 exsistentiam;
3151 2320 3356 2377 dictum
3399 2329 3484 2376 est

1884 2408 2030 2461 enim
2057 2427 2070 2462 :
2094 2408 2264 2464 Nemo
2288 2410 2430 2464 novit
2460 2408 2690 2477 Filium,
2710 2412 2815 2465 nisi
2837 2410 3002 2467 Pater
3025 2426 3044 2464 :
3072 2429 3234 2482 neque
3262 2412 3483 2468 Patrem

1883 2500 2003 2569 quis
2027 2502 2188 2566 novit,
2207 2503 2313 2556 nisi
2340 2501 2515 2557 Filius
2546 2504 2592 2557 ί.
2622 2503 2804 2573 Atque
2837 2519 2869 2559 e
2892 2506 3171 2560 contrario
3200 2505 3486 2576 subiungit

1886 2588 1977 2643 hic
2006 2590 2368 2661 Pater,atque
2383 2593 2462 2647 ait
2493 2609 2509 2646 :
2532 2592 2704 2647 Nemo
2731 2594 2991 2664 cognovit
3017 2594 3185 2649 Deum
3210 2605 3483 2665 quatenus

1884 2691 1993 2745 est,
2028 2698 2130 2737 nec
2156 2683 2274 2752 ipse
2308 2685 2450 2739 Deus
2489 2686 2780 2755 cognoscit
2804 2701 2868 2741 ea
2899 2702 3019 2756 quae
3047 2698 3175 2743 sunt
3210 2698 3483 2759 quatenus

1892 2785 2055 2837 sunt;
2083 2774 2134 2828 id
2161 2784 2265 2842 est,
2288 2790 2395 2829 non
2421 2778 2568 2829 novit
2598 2777 2889 2831 intendere
2917 2788 3155 2833 mentem
3182 2781 3481 2835 secundum

1884 2864 2047 2936 583
2076 2880 2297 2921 sensum
2334 2866 2403 2921 ad
2440 2882 2505 2922 ea
2538 2881 2661 2937 quae
2687 2878 2815 2923 sunt
2845 2870 3096 2934 sensilia,
3122 2884 3224 2925 nec
3255 2872 3324 2925 ad
3353 2874 3485 2928 sub-

1884 2957 2126 3011 stantias
2174 2965 2450 3025 quatenus
2485 2957 2808 3013 substantiae.
2840 2969 3002 3025 sunt;
3041 2959 3144 3014 hoc
3175 2962 3319 3014 enim
3371 2978 3479 3016 non

1888 3050 2154 3104 convenit
2179 3050 2312 3105 Deo.
2332 3049 2441 3105 Nos
2463 3050 2609 3105 enim
2627 3052 2719 3120 qui
2747 3052 2999 3109 homines
3029 3069 3243 3119 sumus,
3270 3072 3333 3111 ea
3359 3071 3481 3126 quae

1885 3155 2052 3195 sensu
2100 3139 2506 3211 percipiuntur,
2553 3152 2649 3196 aut
2696 3153 2923 3213 aspectu
2969 3154 3064 3199 aut
3116 3155 3337 3215 gustatu
3387 3156 3481 3203 aut

1882 3242 2037 3290 tactu
2096 3237 2452 3308 intelligimus
2509 3239 2644 3309 quid
2701 3240 2845 3307 sint;
2894 3254 2958 3295 ea
3012 3255 3146 3297 vero
3198 3255 3320 3311 quae
3377 3244 3479 3299 sub

1882 3328 2300 3399 intelligentiam
2364 3330 2602 3396 cadunt,
2663 3340 2758 3386 aut
2816 3347 2916 3403 per
2957 3334 3327 3403 ιιίεοίριὶιιιιιη,
3385 3345 3480 3390 aut

1880 3421 2215 3487 doctrinam,
2271 3428 2391 3480 aut:
2424 3439 2521 3494 per
2561 3423 3018 3480 illuminationem
3069 3427 3474 3496 cognoscimus.

1879 3514 2021 3569 Deus
2057 3526 2241 3569 autem
2287 3516 2436 3570 nullo
2464 3519 2626 3573 modo
2656 3533 2721 3572 ex
2756 3520 2874 3573 istis
2902 3520 3051 3573 novit
3080 3534 3145 3574 ea
3168 3536 3290 3590 quae
3323 3531 3475 3590 sunt,

1877 3608 1970 3661 sed
1992 3608 2178 3673 potius
2203 3623 2271 3663 ex
2310 3610 2493 3680 seipso
2525 3612 2893 3681 cognitionem
2916 3611 3018 3667 sibi
3045 3628 3346 3684 congruam
3378 3616 3477 3670 ha-

1877 3698 2002 3766 bet;
2048 3701 2151 3755 hoc
2194 3699 2343 3756 enim
2405 3702 2648 3757 insinuat
2689 3701 2999 3772 Scriptura,
3042 3720 3167 3759 cum
3212 3706 3329 3759 ait:
3364 3706 3476 3771 Qui

1877 3792 2019 3845 novit
2055 3808 2233 3847 omnia
2261 3804 2545 3864 antequam
2578 3795 2764 3865 ﬁerent
2804 3795 2854 3861 ιι,
2899 3796 3107 3851 scilicet
3144 3812 3250 3851 non
3282 3812 3477 3853 secun-

1875 3883 2003 3938 dum
2055 3887 2323 3940 rationem
2372 3889 2747 3957 generationis
2791 3903 2975 3945 rerum
3008 3888 3161 3943 novit
3199 3905 3263 3945 ea
3304 3892 3472 3961 Deus,

1872 3977 2018 4047 quod
2049 3986 2138 4033 est
2184 3979 2543 4041 sensibiliter.
2591 3980 2688 4035 sed
2734 3982 3035 4035 secundum
3068 3981 3235 4035 alium
3275 3983 3473 4037 intelli-

1871 4067 2036 4136 gendi
2066 4069 2309 4124 modum.
2335 4069 2532 4140 Angeli
2563 4084 2693 4124 vero
2729 4070 2817 4124 illa
2848 4082 3189 4141 cognoscunt
3229 4072 3472 4126 scienter

1871 4168 1928 4213 et
1963 4158 2426 4224 immaterialiter,
2472 4175 2581 4215 non
2625 4161 2929 4225 sensiliter,
2977 4172 3036 4216 ut
3082 4177 3202 4216 nos.
3239 4163 3333 4217 Sic
3361 4162 3465 4217 uti-

1870 4262 1980 4317 que
2013 4249 2175 4303 etiam
2206 4248 2347 4304 Deus
2374 4250 2584 4320 absque
2624 4253 3040 4322 comparatione
3079 4262 3135 4306 et
3181 4263 3434 4309 transceu

1871 4338 2182 4407 dentaliter,
2226 4356 2336 4395 non
2388 4352 2570 4397 autem
2616 4359 2742 4399 cum
2777 4345 3103 4400 substantiis
3132 4360 3459 4415 comparati.

1872 4447 1962 4487 res
2016 4434 2189 4488 novit.
2248 4433 2517 4489 Caeterum
2575 4450 2639 4490 ea
2688 4452 2809 4505 quae
2852 4446 3006 4503 sunt,
3050 4452 3156 4492 non
3197 4446 3467 4493 noverunt

166 4532 353 4587 ταῦθα
378 4534 435 4588 δὲ
454 4534 620 4605 λέγει,
651 4537 734 4591 ὅτι
764 4536 903 4591 Οὐτε
938 4539 1046 4595 τῶν
1070 4542 1208 4613 πρός
1237 4559 1312 4605 τι,
1346 4541 1543 4614 μᾶλλον
1571 4543 1627 4597 δὲ
1654 4544 1762 4598 τῶν

1881 4525 2041 4580 Deum
2070 4526 2126 4580 in
2163 4536 2431 4597 quantum
2463 4528 2607 4583 Deus
2648 4538 2753 4593 est,
2800 4529 3058 4598 quoniam
3099 4545 3203 4584 non
3234 4545 3466 4599 possunt

167 4624 323 4680 κατά
352 4627 606 4699 στέρησιν
628 4631 721 4683 καὶ
751 4630 884 4696 έξιν·
918 4626 1049 4697 οἷον,
1081 4633 1164 4686 ὅτι
1195 4632 1317 4687 οὔτε
1338 4636 1403 4688 ὲκ
1436 4635 1660 4700 σκότους
1686 4640 1767 4703 είς

1881 4633 2033 4687 supra
2058 4627 2311 4673 naturam
2334 4634 2488 4675 suam
2512 4618 2642 4673 ferri
2668 4619 3046 4690 intelligendo.
3074 4621 3463 4677 Consentauee

170 4714 299 4786 φῶς
326 4718 640 4788 μετέϐαλεν,
673 4721 873 4776 ὡσανεὶ
900 4724 965 4777 ἐκ
1006 4723 1103 4778 τοῦ
1129 4724 1357 4797 δυνάμει
1387 4727 1565 4797 φωτὸς
1596 4730 1676 4792 είς
1702 4729 1764 4784 τὸ

1881 4709 2042 4778 igitur
2063 4724 2189 4765 cum
2219 4726 2280 4766 se
2309 4711 2611 4775 intuentur,
2637 4711 2880 4765 divinam
2920 4721 3173 4767 naturam
3206 4713 3463 4784 ignorant

170 4809 430 4882 ἐνεργείᾳ
455 4811 729 4879 φῶςοούτε
752 4813 913 4868 πάλιν
941 4817 1005 4868 ἐκ
1036 4814 1131 4869 τοῦ
1160 4816 1368 4888 πλάνην
1388 4815 1546 4885 εἶναι,
1578 4820 1765 4890 δηλον-

168 4900 259 4952 ότι
306 4899 530 4973 δυνάμει
572 4903 850 4976 ἀλήθειαν,
897 4908 978 4970 εἰς
1014 4907 1270 4979 ἀλήθειαν
1311 4910 1561 4981 ἐνεργείᾳ
1603 4912 1762 4981 μετέ-

171 4991 329 5044 ϐαλε·
371 4994 549 5049 πάντα
592 4996 703 5069 γάρ
729 4997 903 5051 ταῦτα
932 4998 1157 5071 δεύτερα
1195 5000 1380 5065 αὐτοῦ,
1423 5004 1519 5055 καὶ
1558 5002 1619 5055 τὸ
1648 5002 1764 5070 φῶς

172 5086 274 5138 καὶ
304 5086 336 5156 ή
364 5086 610 5159 ἀλήθεια,
645 5090 704 5154 ἐξ
733 5091 899 5144 αὐτοῦ
934 5094 1307 5164 προνοητικῶς
1334 5095 1589 5164 φανέντα.
1624 5094 1761 5148 Οὐδέ

169 5180 297 5231 ἐστι
326 5181 601 5246 παντελῶς
643 5182 810 5237 αὐτοῦ
853 5184 1021 5251 θέσις,
1056 5187 1133 5250 ὠς
1159 5182 1299 5240 εἶναι
1328 5186 1363 5259 ἢ
1393 5186 1538 5259 ζωὴν
1558 5186 1593 5257 ῆ
1629 5187 1761 5258 ἁλή-

170 5270 411 5344 θειαν,ἢ
452 5272 577 5326 ἄλλο
622 5292 674 5335 τι
703 5275 810 5328 τῶν
852 5276 1038 5331 ὄντων.
1084 5277 1217 5331 Οὐδὲ
1256 5278 1417 5334 πάλιν
1471 5277 1760 5350 ἀφαίρεσις

168 5364 475 5428 παντελῶς,
498 5365 574 5430 ὡς
608 5368 832 5439 μηδαμῆ
859 5369 1121 5440 μηδαμῶς
1148 5364 1308 5436 εἶναι,
1331 5370 1467 5424 ἀλλά
1497 5371 1607 5424 τῶν
1640 5372 1757 5441 μετ’

169 5454 361 5519 αὐτὸν,
390 5455 629 5528 δηλονότι
653 5459 760 5512 τῶν
788 5462 1102 5531 κτισμάτων
1134 5462 1235 5526 τὰς
1266 5462 1443 5527 θέσεις
1470 5464 1564 5516 καὶ
1596 5464 1758 5532 ἀφαι-

171 5550 357 5621 ρέσεις
402 5549 697 5614 ποιοῦντες·
736 5552 913 5616 θέσεις
946 5554 1064 5624 μὲν,
1112 5548 1223 5607 οἷον
1271 5553 1445 5626 ζωὴν,
1481 5553 1760 5627 ἀλήθειαν,

166 5642 251 5695 ὃν·
290 5642 609 5713 ἀφαιρέσεις
636 5638 840 5705 δὲ,οἷον
854 5644 913 5698 οὐ
942 5646 1105 5718 ζωὴν,
1127 5647 1226 5700 οὐκ
1245 5646 1520 5719 ἀλήθειαν,
1544 5648 1644 5702 οὐκ
1675 5646 1754 5703 ὸν.

271 5820 289 5858 i
330 5818 522 5874 Matth.
561 5834 635 5885 ιιι,
670 5822 762 5876 ‘27.
848 5822 873 5861 ll
920 5820 1055 5875 Dan.
1097 5835 1213 5887 xui,
1253 5822 1346 5876 42.

1870 4803 2174 4859 secundum
2223 4802 2357 4857 illud
2390 4804 2537 4873 quod
2578 4804 2696 4873 ipsa
2756 4813 2864 4861 est.
2922 4803 3017 4860 Sic
3066 4806 3231 4876 igitur
3276 4808 3461 4865 divina

1870 4906 2066 4950 natura
2102 4895 2159 4949 in
2200 4895 2438 4965 scipsam
2481 4895 2720 4961 intuens,
2764 4911 2873 4951 non
2937 4897 3090 4953 novit
3131 4898 3187 4953 in
3230 4913 3291 4955 se
3338 4914 3461 4956 esse

1869 4996 2175 5052 creaturas,
2217 4988 2522 5043 secundum
2568 4993 2834 5043 rationem
2879 4991 3203 5046 substantiae
3242 5008 3455 5056 earum,

1867 5083 2137 5150 siquidem
2168 5091 2251 5136 est
2286 5096 2449 5150 supra
2477 5082 2658 5136 onmia
2698 5096 2819 5152 qua:
2848 5092 2998 5149 sunt,
3040 5095 3094 5138 et
3127 5086 3301 5153 ipsmn
3335 5098 3459 5140 esse

1868 5173 2393 5241 suprasubstantiam
2432 5168 2615 5231 habet.
2656 5170 2721 5223 Ει
2780 5190 2994 5231 rursum
3032 5177 3285 5247 superius
3334 5178 3457 5246 qui-

1867 5270 1989 5323 dem
2018 5268 2157 5324 dixit
2191 5286 2205 5323 :
2238 5268 2424 5339 Neque
2460 5268 2574 5334 lux,
2602 5285 2782 5340 neque
2808 5271 3051 5337 veritas;
3092 5286 3235 5325 nunc
3273 5285 3402 5325 vero
3434 5285 3450 5324 :

1866 5360 2052 5432 Neque
2109 5360 2372 5424 tenebrae,
2422 5374 2601 5429 neque
2656 5360 2772 5428 lux,
2827 5375 3003 5431 neque
3051 5377 3229 5427 error,
3274 5376 3451 5430 neque

1866 5458 2088 5510 veritas.
2143 5454 2212 5510 Et
2257 5456 2442 5510 dicere
2494 5455 2681 5520 liceat,
2728 5456 2967 5524 primum
3008 5457 3270 5527 quidem,
3323 5471 3448 5510 cum

1865 5549 2044 5604 lumen
2077 5548 2229 5612 dicit,
2278 5549 2453 5618 ipsum
2506 5550 2653 5620 loqui
2689 5550 2758 5606 de
2795 5550 2999 5606 lumine
3026 5551 3296 5617 absoluto,
3329 5552 3447 5606 sive

1862 5641 1933 5700 de
1974 5640 2295 5698 substantiis
2342 5642 2638 5713 angelicis,
2684 5652 2740 5699 et
2772 5657 2896 5699 esse
2936 5644 3221 5701 veritatem
3255 5658 3442 5701 earum
