  <div class='ocr_page' id='page_1' title='image "/cluster/home/n/w/nwhite01/storage/ocr_20150623/3/nnc1.0046978666/589.png"; bbox 0 0 3892 6232; ppageno 0'>
   <div class='ocr_carea' id='block_1_1' title="bbox 444 334 3694 401">
    <p class='ocr_par' dir='ltr' id='par_1_1' title="bbox 444 334 3694 401">
     <span class='ocr_line' id='line_1_1' title="bbox 444 334 3694 401; baseline 0.003 -11"><span class='ocrx_word' id='word_1_1' title='bbox 444 334 584 392; x_wconf 72' lang='grc'><strong>1063</strong></span> <span class='ocrx_word' id='word_1_2' title='bbox 1640 335 1697 395; x_wconf 92' lang='lat' dir='ltr'><strong>S.</strong></span> <span class='ocrx_word' id='word_1_3' title='bbox 1736 336 2036 395; x_wconf 73' lang='lat' dir='ltr'><strong>DIONYSH</strong></span> <span class='ocrx_word' id='word_1_4' title='bbox 2074 338 2537 398; x_wconf 72' lang='lat' dir='ltr'><strong>AREOPAGI’LE</strong></span> <span class='ocrx_word' id='word_1_5' title='bbox 3563 344 3694 401; x_wconf 69' lang='grc' dir='ltr'>ιοω</span> 
     </span>
    </p>
   </div>
   <div class='ocr_carea' id='block_1_2' title="bbox 440 450 1977 533">
    <p class='ocr_par' dir='ltr' id='par_1_2' title="bbox 440 450 1977 525">
     <span class='ocr_line' id='line_1_2' title="bbox 440 450 1977 525; baseline 0.001 -16"><span class='ocrx_word' id='word_1_6' title='bbox 440 470 536 525; x_wconf 83' lang='lat' dir='ltr'><strong>per</strong></span> <span class='ocrx_word' id='word_1_7' title='bbox 558 467 619 509; x_wconf 84' lang='lat' dir='ltr'><strong>se</strong></span> <span class='ocrx_word' id='word_1_8' title='bbox 649 450 977 518; x_wconf 75' lang='lat' dir='ltr'><strong>absolutam,</strong></span> <span class='ocrx_word' id='word_1_9' title='bbox 1007 466 1114 508; x_wconf 92' lang='lat' dir='ltr'><strong>non</strong></span> <span class='ocrx_word' id='word_1_10' title='bbox 1153 460 1335 508; x_wconf 85' lang='lat' dir='ltr'><strong>autem</strong></span> <span class='ocrx_word' id='word_1_11' title='bbox 1379 467 1499 509; x_wconf 86' lang='lat' dir='ltr'><strong>esse</strong></span> <span class='ocrx_word' id='word_1_12' title='bbox 1531 454 1817 510; x_wconf 73' lang='lat' dir='ltr'><strong>veritatem</strong></span> <span class='ocrx_word' id='word_1_13' title='bbox 1870 470 1977 510; x_wconf 84' lang='lat' dir='ltr'><strong>met</strong></span> 
     </span>
    </p>
   </div>
   <div class='ocr_carea' id='block_1_3' title="bbox 2172 450 3709 533">
    <p class='ocr_par' dir='ltr' id='par_1_3' title="bbox 2172 454 3709 533">
     <span class='ocr_line' id='line_1_3' title="bbox 2172 454 3709 533; baseline 0.005 -24"><span class='ocrx_word' id='word_1_14' title='bbox 2172 455 2323 509; x_wconf 80' lang='grc' dir='ltr'>ἀὕτα</span> <span class='ocrx_word' id='word_1_15' title='bbox 2353 454 2485 524; x_wconf 78' lang='grc' dir='ltr'>γοῦν</span> <span class='ocrx_word' id='word_1_16' title='bbox 2510 455 2578 509; x_wconf 81' lang='grc' dir='ltr'><strong>τὰ</strong></span> <span class='ocrx_word' id='word_1_17' title='bbox 2610 458 2726 527; x_wconf 83' lang='grc' dir='ltr'><strong>μετ’</strong></span> <span class='ocrx_word' id='word_1_18' title='bbox 2748 455 2910 509; x_wconf 83' lang='grc' dir='ltr'>αὐτὸν</span> <span class='ocrx_word' id='word_1_19' title='bbox 2941 457 3035 510; x_wconf 80' lang='grc' dir='ltr'><strong>καὶ</strong></span> <span class='ocrx_word' id='word_1_20' title='bbox 3060 456 3296 522; x_wconf 83' lang='grc' dir='ltr'><strong>τιθέντες</strong></span> <span class='ocrx_word' id='word_1_21' title='bbox 3322 460 3415 514; x_wconf 73' lang='grc' dir='ltr'><strong>καὶ</strong></span> <span class='ocrx_word' id='word_1_22' title='bbox 3431 461 3709 533; x_wconf 57' lang='grc' dir='ltr'>ἀφαιροῦν-</span> 
     </span>
    </p>
   </div>
   <div class='ocr_carea' id='block_1_4' title="bbox 439 548 1976 622">
    <p class='ocr_par' dir='ltr' id='par_1_4' title="bbox 439 549 1976 622">
     <span class='ocr_line' id='line_1_4' title="bbox 439 549 1976 622; baseline 0.001 -17"><span class='ocrx_word' id='word_1_23' title='bbox 439 552 608 607; x_wconf 83' lang='lat' dir='ltr'><strong>daciis</strong></span> <span class='ocrx_word' id='word_1_24' title='bbox 653 551 984 622; x_wconf 88' lang='lat' dir='ltr'><strong>oppositam,</strong></span> <span class='ocrx_word' id='word_1_25' title='bbox 1022 564 1143 619; x_wconf 61' lang='lat' dir='ltr'><strong>quae</strong></span> <span class='ocrx_word' id='word_1_26' title='bbox 1177 550 1232 603; x_wconf 94' lang='lat' dir='ltr'><strong>in</strong></span> <span class='ocrx_word' id='word_1_27' title='bbox 1273 549 1385 605; x_wconf 85' lang='lat' dir='ltr'><strong>Deo</strong></span> <span class='ocrx_word' id='word_1_28' title='bbox 1422 561 1604 621; x_wconf 76' lang='lat' dir='ltr'><strong>negat,</strong></span> <span class='ocrx_word' id='word_1_29' title='bbox 1637 554 1896 621; x_wconf 83' lang='lat' dir='ltr'><strong>quoniam</strong></span> <span class='ocrx_word' id='word_1_30' title='bbox 1929 569 1976 606; x_wconf 85' lang='lat' dir='ltr'><strong>st</strong></span> 
     </span>
    </p>
   </div>
   <div class='ocr_carea' id='block_1_5' title="bbox 2158 548 3695 622">
    <p class='ocr_par' dir='ltr' id='par_1_5' title="bbox 2159 548 3695 621">
     <span class='ocr_line' id='line_1_5' title="bbox 2159 548 3695 621; baseline 0.006 -21"><span class='ocrx_word' id='word_1_31' title='bbox 2159 564 2236 611; x_wconf 85' lang='grc' dir='ltr'>ες,</span> <span class='ocrx_word' id='word_1_32' title='bbox 2270 548 2432 602; x_wconf 84' lang='grc' dir='ltr'>αὑτὸν</span> <span class='ocrx_word' id='word_1_33' title='bbox 2458 549 2550 601; x_wconf 85' lang='grc' dir='ltr'><strong>τὸν</strong></span> <span class='ocrx_word' id='word_1_34' title='bbox 2587 548 2720 603; x_wconf 81' lang='grc' dir='ltr'>Θεὸν</span> <span class='ocrx_word' id='word_1_35' title='bbox 2760 548 2883 604; x_wconf 79' lang='grc' dir='ltr'>οὗτε</span> <span class='ocrx_word' id='word_1_36' title='bbox 2924 549 3166 620; x_wconf 81' lang='grc' dir='ltr'>τίθεμεν,</span> <span class='ocrx_word' id='word_1_37' title='bbox 3211 551 3373 621; x_wconf 75' lang='grc' dir='ltr'>ἧγουν</span> <span class='ocrx_word' id='word_1_38' title='bbox 3416 552 3477 617; x_wconf 76' lang='grc' dir='ltr'><strong>ἐξ</strong></span> <span class='ocrx_word' id='word_1_39' title='bbox 3520 555 3695 609; x_wconf 74' lang='grc' dir='ltr'>αὐτῶν</span> 
     </span>
    </p>
   </div>
   <div class='ocr_carea' id='block_1_6' title="bbox 438 639 1975 715">
    <p class='ocr_par' dir='ltr' id='par_1_6' title="bbox 438 641 1975 713">
     <span class='ocr_line' id='line_1_6' title="bbox 438 641 1975 713; baseline 0.001 -18"><span class='ocrx_word' id='word_1_40' title='bbox 438 658 535 713; x_wconf 87' lang='lat' dir='ltr'><strong>pra</strong></span> <span class='ocrx_word' id='word_1_41' title='bbox 570 644 670 697; x_wconf 87' lang='lat' dir='ltr'><strong>ista</strong></span> <span class='ocrx_word' id='word_1_42' title='bbox 704 652 989 712; x_wconf 80' lang='lat' dir='ltr'><strong>exemptus</strong></span> <span class='ocrx_word' id='word_1_43' title='bbox 1011 653 1117 697; x_wconf 88' lang='lat' dir='ltr'><strong>est.</strong></span> <span class='ocrx_word' id='word_1_44' title='bbox 1144 641 1242 697; x_wconf 88' lang='lat' dir='ltr'><strong>Hic</strong></span> <span class='ocrx_word' id='word_1_45' title='bbox 1269 653 1449 699; x_wconf 89' lang='lat' dir='ltr'><strong>autem</strong></span> <span class='ocrx_word' id='word_1_46' title='bbox 1485 644 1618 698; x_wconf 92' lang='lat' dir='ltr'><strong>dicit</strong></span> <span class='ocrx_word' id='word_1_47' title='bbox 1645 666 1656 699; x_wconf 93' lang='lat'><strong>:</strong></span> <span class='ocrx_word' id='word_1_48' title='bbox 1693 643 1801 699; x_wconf 80' lang='lat' dir='ltr'><strong>Nec</strong></span> <span class='ocrx_word' id='word_1_49' title='bbox 1828 658 1975 699; x_wconf 78' lang='lat' dir='ltr'><strong>eorut</strong></span> 
     </span>
    </p>
   </div>
   <div class='ocr_carea' id='block_1_7' title="bbox 2153 639 3690 715">
    <p class='ocr_par' dir='ltr' id='par_1_7' title="bbox 2153 639 3690 715">
     <span class='ocr_line' id='line_1_7' title="bbox 2153 639 3690 715; baseline 0.004 -22"><span class='ocrx_word' id='word_1_50' title='bbox 2153 639 2221 712; x_wconf 81' lang='grc' dir='ltr'><strong>ὴν</strong></span> <span class='ocrx_word' id='word_1_51' title='bbox 2240 642 2428 695; x_wconf 80' lang='grc' dir='ltr'>οὐσίαν</span> <span class='ocrx_word' id='word_1_52' title='bbox 2456 641 2621 696; x_wconf 77' lang='grc' dir='ltr'>αὑτοῦ</span> <span class='ocrx_word' id='word_1_53' title='bbox 2653 641 3010 715; x_wconf 77' lang='grc' dir='ltr'>γνωρίζομεν,</span> <span class='ocrx_word' id='word_1_54' title='bbox 3044 641 3166 695; x_wconf 80' lang='grc' dir='ltr'>οὕτε</span> <span class='ocrx_word' id='word_1_55' title='bbox 3203 643 3541 715; x_wconf 76' lang='grc' dir='ltr'><strong>ἀφαιροῦμεν</strong></span> <span class='ocrx_word' id='word_1_56' title='bbox 3565 663 3690 699; x_wconf 81' lang='grc' dir='ltr'>παν-</span> 
     </span>
    </p>
   </div>
   <div class='ocr_carea' id='block_1_8' title="bbox 438 730 1975 808">
    <p class='ocr_par' dir='ltr' id='par_1_8' title="bbox 438 736 1975 807">
     <span class='ocr_line' id='line_1_8' title="bbox 438 736 1975 807; baseline 0.004 -18"><span class='ocrx_word' id='word_1_57' title='bbox 438 750 559 806; x_wconf 65' lang='lat' dir='ltr'><strong>quae</strong></span> <span class='ocrx_word' id='word_1_58' title='bbox 588 736 653 790; x_wconf 90' lang='lat' dir='ltr'><strong>ad</strong></span> <span class='ocrx_word' id='word_1_59' title='bbox 690 737 915 806; x_wconf 91' lang='lat' dir='ltr'><strong>aliquid,</strong></span> <span class='ocrx_word' id='word_1_60' title='bbox 948 738 1123 804; x_wconf 79' lang='lat' dir='ltr'><strong>magis</strong></span> <span class='ocrx_word' id='word_1_61' title='bbox 1152 748 1334 792; x_wconf 83' lang='lat' dir='ltr'><strong>autem</strong></span> <span class='ocrx_word' id='word_1_62' title='bbox 1358 753 1545 791; x_wconf 89' lang='lat' dir='ltr'><strong>eorum</strong></span> <span class='ocrx_word' id='word_1_63' title='bbox 1573 752 1692 807; x_wconf 73' lang='lat' dir='ltr'><strong>qua:</strong></span> <span class='ocrx_word' id='word_1_64' title='bbox 1722 741 1975 795; x_wconf 81' lang='lat' dir='ltr'><strong>secundm</strong></span> 
     </span>
    </p>
   </div>
   <div class='ocr_carea' id='block_1_9' title="bbox 2157 730 3694 808">
    <p class='ocr_par' dir='ltr' id='par_1_9' title="bbox 2157 730 3694 808">
     <span class='ocr_line' id='line_1_9' title="bbox 2157 730 3694 808; baseline 0.002 -21"><span class='ocrx_word' id='word_1_65' title='bbox 2157 734 2289 797; x_wconf 85' lang='grc' dir='ltr'>ελῶς</span> <span class='ocrx_word' id='word_1_66' title='bbox 2334 734 2474 788; x_wconf 75' lang='grc' dir='ltr'><strong>ὥστε</strong></span> <span class='ocrx_word' id='word_1_67' title='bbox 2516 735 2713 799; x_wconf 82' lang='grc' dir='ltr'><strong>τελέως</strong></span> <span class='ocrx_word' id='word_1_68' title='bbox 2753 735 2990 806; x_wconf 78' lang='grc' dir='ltr'>ἄληπτον</span> <span class='ocrx_word' id='word_1_69' title='bbox 3018 730 3177 800; x_wconf 74' lang='grc' dir='ltr'>εἶναι,</span> <span class='ocrx_word' id='word_1_70' title='bbox 3225 736 3245 805; x_wconf 85' lang='grc'><strong>(</strong></span> <span class='ocrx_word' id='word_1_71' title='bbox 3265 736 3325 789; x_wconf 79' lang='grc' dir='ltr'><strong>τὸ</strong></span> <span class='ocrx_word' id='word_1_72' title='bbox 3350 737 3459 808; x_wconf 84' lang='grc' dir='ltr'><strong>γὰρ</strong></span> <span class='ocrx_word' id='word_1_73' title='bbox 3501 738 3694 802; x_wconf 80' lang='grc' dir='ltr'><strong>τελέως</strong></span> 
     </span>
    </p>
   </div>
   <div class='ocr_carea' id='block_1_10' title="bbox 439 825 1976 902">
    <p class='ocr_par' dir='ltr' id='par_1_10' title="bbox 439 829 1976 902">
     <span class='ocr_line' id='line_1_10' title="bbox 439 829 1976 902; baseline 0.003 -19"><span class='ocrx_word' id='word_1_74' title='bbox 439 829 799 897; x_wconf 76' lang='lat' dir='ltr'><strong>privationem</strong></span> <span class='ocrx_word' id='word_1_75' title='bbox 826 840 881 884; x_wconf 92' lang='lat' dir='ltr'><strong>et</strong></span> <span class='ocrx_word' id='word_1_76' title='bbox 911 830 1158 885; x_wconf 88' lang='lat' dir='ltr'><strong>habitum</strong></span> <span class='ocrx_word' id='word_1_77' title='bbox 1187 833 1487 894; x_wconf 75' lang='lat' dir='ltr'><strong>exsistunt;</strong></span> <span class='ocrx_word' id='word_1_78' title='bbox 1512 841 1569 885; x_wconf 92' lang='lat' dir='ltr'><strong>ut</strong></span> <span class='ocrx_word' id='word_1_79' title='bbox 1597 833 1739 902; x_wconf 89' lang='lat' dir='ltr'><strong>quod</strong></span> <span class='ocrx_word' id='word_1_80' title='bbox 1768 846 1833 887; x_wconf 78' lang='lat' dir='ltr'><strong>ex</strong></span> <span class='ocrx_word' id='word_1_81' title='bbox 1870 843 1976 887; x_wconf 77' lang='lat' dir='ltr'><strong>tent</strong></span> 
     </span>
    </p>
   </div>
   <div class='ocr_carea' id='block_1_11' title="bbox 2157 825 3694 902">
    <p class='ocr_par' dir='ltr' id='par_1_11' title="bbox 2157 825 3694 900">
     <span class='ocr_line' id='line_1_11' title="bbox 2157 825 3694 900; baseline 0.004 -23"><span class='ocrx_word' id='word_1_82' title='bbox 2157 825 2382 896; x_wconf 85' lang='grc' dir='ltr'>ληπτον,</span> <span class='ocrx_word' id='word_1_83' title='bbox 2415 827 2733 880; x_wconf 74' lang='grc' dir='ltr'><strong>ἀνέλπιστον</strong></span> <span class='ocrx_word' id='word_1_84' title='bbox 2760 828 2856 881; x_wconf 79' lang='grc' dir='ltr'><strong>καὶ</strong></span> <span class='ocrx_word' id='word_1_85' title='bbox 2877 827 3459 900; x_wconf 72' lang='grc' dir='ltr'>ἀνεπιχείρητον)·ἁλλ’</span> <span class='ocrx_word' id='word_1_86' title='bbox 3484 829 3694 893; x_wconf 73' lang='grc' dir='ltr'>εἰκόνας</span> 
     </span>
    </p>
   </div>
   <div class='ocr_carea' id='block_1_12' title="bbox 435 917 1972 993">
    <p class='ocr_par' dir='ltr' id='par_1_12' title="bbox 435 918 1972 993">
     <span class='ocr_line' id='line_1_12' title="bbox 435 918 1972 993; baseline 0.002 -18"><span class='ocrx_word' id='word_1_87' title='bbox 435 921 551 975; x_wconf 84' lang='lat' dir='ltr'><strong>bris</strong></span> <span class='ocrx_word' id='word_1_88' title='bbox 577 921 629 975; x_wconf 94' lang='lat' dir='ltr'><strong>in</strong></span> <span class='ocrx_word' id='word_1_89' title='bbox 656 920 834 975; x_wconf 86' lang='lat' dir='ltr'><strong>lumen</strong></span> <span class='ocrx_word' id='word_1_90' title='bbox 866 935 971 975; x_wconf 87' lang='lat' dir='ltr'><strong>non</strong></span> <span class='ocrx_word' id='word_1_91' title='bbox 999 918 1069 976; x_wconf 85' lang='lat' dir='ltr'><strong>sit</strong></span> <span class='ocrx_word' id='word_1_92' title='bbox 1104 931 1494 989; x_wconf 90' lang='lat' dir='ltr'><strong>commutatus,</strong></span> <span class='ocrx_word' id='word_1_93' title='bbox 1527 924 1681 993; x_wconf 83' lang='lat' dir='ltr'><strong>quasi</strong></span> <span class='ocrx_word' id='word_1_94' title='bbox 1714 940 1781 977; x_wconf 77' lang='lat' dir='ltr'><strong>ex</strong></span> <span class='ocrx_word' id='word_1_95' title='bbox 1813 923 1972 978; x_wconf 85' lang='lat' dir='ltr'><strong>Iumin</strong></span> 
     </span>
    </p>
   </div>
   <div class='ocr_carea' id='block_1_13' title="bbox 2159 917 3696 993">
    <p class='ocr_par' dir='ltr' id='par_1_13' title="bbox 2159 917 3696 990">
     <span class='ocr_line' id='line_1_13' title="bbox 2159 917 3696 990; baseline 0.003 -21"><span class='ocrx_word' id='word_1_96' title='bbox 2159 917 2271 981; x_wconf 80' lang='grc' dir='ltr'>ινάς</span> <span class='ocrx_word' id='word_1_97' title='bbox 2302 919 2366 970; x_wconf 82' lang='grc' dir='ltr'><strong>ὲκ</strong></span> <span class='ocrx_word' id='word_1_98' title='bbox 2393 917 2501 970; x_wconf 81' lang='grc' dir='ltr'><strong>τῶν</strong></span> <span class='ocrx_word' id='word_1_99' title='bbox 2530 918 2660 989; x_wconf 81' lang='grc' dir='ltr'>περὶ</span> <span class='ocrx_word' id='word_1_100' title='bbox 2686 918 2848 970; x_wconf 83' lang='grc' dir='ltr'>αὑτὸν</span> <span class='ocrx_word' id='word_1_101' title='bbox 2891 917 3344 989; x_wconf 83' lang='grc' dir='ltr'>ἀναματτόμενοι,</span> <span class='ocrx_word' id='word_1_102' title='bbox 3379 920 3621 990; x_wconf 79' lang='grc' dir='ltr'>ἀμυδρόν</span> <span class='ocrx_word' id='word_1_103' title='bbox 3647 939 3696 973; x_wconf 89' lang='grc' dir='ltr'>τι</span> 
     </span>
    </p>
   </div>
   <div class='ocr_carea' id='block_1_14' title="bbox 435 1009 1972 1082">
    <p class='ocr_par' dir='ltr' id='par_1_14' title="bbox 435 1012 1972 1080">
     <span class='ocr_line' id='line_1_14' title="bbox 435 1012 1972 1080; baseline 0.003 -17"><span class='ocrx_word' id='word_1_104' title='bbox 435 1012 581 1079; x_wconf 89' lang='lat' dir='ltr'><strong>quod</strong></span> <span class='ocrx_word' id='word_1_105' title='bbox 633 1021 841 1066; x_wconf 91' lang='lat' dir='ltr'><strong>tantum</strong></span> <span class='ocrx_word' id='word_1_106' title='bbox 900 1022 985 1067; x_wconf 91' lang='lat' dir='ltr'><strong>est</strong></span> <span class='ocrx_word' id='word_1_107' title='bbox 1031 1015 1259 1080; x_wconf 91' lang='lat' dir='ltr'><strong>virtute,</strong></span> <span class='ocrx_word' id='word_1_108' title='bbox 1312 1026 1553 1071; x_wconf 83' lang='lat' dir='ltr'><strong>mutatus</strong></span> <span class='ocrx_word' id='word_1_109' title='bbox 1604 1017 1673 1071; x_wconf 92' lang='lat' dir='ltr'><strong>sit</strong></span> <span class='ocrx_word' id='word_1_110' title='bbox 1720 1019 1772 1070; x_wconf 93' lang='lat' dir='ltr'><strong>in</strong></span> <span class='ocrx_word' id='word_1_111' title='bbox 1831 1016 1972 1069; x_wconf 86' lang='lat' dir='ltr'><strong>lume</strong></span> 
     </span>
    </p>
   </div>
   <div class='ocr_carea' id='block_1_15' title="bbox 2157 1009 3694 1082">
    <p class='ocr_par' dir='ltr' id='par_1_15' title="bbox 2157 1009 3694 1082">
     <span class='ocr_line' id='line_1_15' title="bbox 2157 1009 3694 1082; baseline 0.001 -19"><span class='ocrx_word' id='word_1_112' title='bbox 2157 1010 2421 1081; x_wconf 83' lang='grc' dir='ltr'>υνὰγομεν</span> <span class='ocrx_word' id='word_1_113' title='bbox 2448 1010 2549 1080; x_wconf 82' lang='grc' dir='ltr'><strong>τῆς</strong></span> <span class='ocrx_word' id='word_1_114' title='bbox 2584 1009 2837 1080; x_wconf 80' lang='grc' dir='ltr'><strong>ἀληθείας</strong></span> <span class='ocrx_word' id='word_1_115' title='bbox 2878 1009 3260 1081; x_wconf 76' lang='grc' dir='ltr'><strong>ῖνδαλμα,ὲπεὶ</strong></span> <span class='ocrx_word' id='word_1_116' title='bbox 3287 1011 3379 1065; x_wconf 77' lang='grc' dir='ltr'><strong>καὶ</strong></span> <span class='ocrx_word' id='word_1_117' title='bbox 3412 1010 3556 1082; x_wconf 82' lang='grc' dir='ltr'><strong>ὑπὲρ</strong></span> <span class='ocrx_word' id='word_1_118' title='bbox 3589 1014 3694 1065; x_wconf 72' lang='grc' dir='ltr'><strong>πᾶ-</strong></span> 
     </span>
    </p>
   </div>
   <div class='ocr_carea' id='block_1_16' title="bbox 433 1103 1970 1176">
    <p class='ocr_par' dir='ltr' id='par_1_16' title="bbox 433 1104 1967 1174">
     <span class='ocr_line' id='line_1_16' title="bbox 433 1104 1967 1174; baseline 0.007 -19"><span class='ocrx_word' id='word_1_119' title='bbox 433 1104 577 1172; x_wconf 87' lang='lat' dir='ltr'><strong>quod</strong></span> <span class='ocrx_word' id='word_1_120' title='bbox 612 1113 735 1157; x_wconf 79' lang='lat' dir='ltr'><strong>actu</strong></span> <span class='ocrx_word' id='word_1_121' title='bbox 767 1114 850 1157; x_wconf 90' lang='lat' dir='ltr'><strong>est</strong></span> <span class='ocrx_word' id='word_1_122' title='bbox 880 1104 1057 1159; x_wconf 89' lang='lat' dir='ltr'><strong>lumen</strong></span> <span class='ocrx_word' id='word_1_123' title='bbox 1079 1121 1094 1168; x_wconf 83' lang='lat'><strong>;</strong></span> <span class='ocrx_word' id='word_1_124' title='bbox 1120 1121 1296 1174; x_wconf 87' lang='lat' dir='ltr'><strong>neque</strong></span> <span class='ocrx_word' id='word_1_125' title='bbox 1328 1123 1540 1162; x_wconf 91' lang='lat' dir='ltr'><strong>rursum</strong></span> <span class='ocrx_word' id='word_1_126' title='bbox 1571 1124 1633 1163; x_wconf 77' lang='lat' dir='ltr'><strong>ex</strong></span> <span class='ocrx_word' id='word_1_127' title='bbox 1664 1124 1850 1163; x_wconf 89' lang='lat' dir='ltr'><strong>errore</strong></span> <span class='ocrx_word' id='word_1_128' title='bbox 1870 1125 1967 1165; x_wconf 80' lang='lat' dir='ltr'><strong>exs</strong></span> 
     </span>
    </p>
   </div>
   <div class='ocr_carea' id='block_1_17' title="bbox 2159 1103 3696 1176">
    <p class='ocr_par' dir='ltr' id='par_1_17' title="bbox 2159 1103 3696 1176">
     <span class='ocr_line' id='line_1_17' title="bbox 2159 1103 3696 1176; baseline 0.002 -21"><span class='ocrx_word' id='word_1_129' title='bbox 2159 1121 2217 1155; x_wconf 81' lang='grc' dir='ltr'><strong>αν</strong></span> <span class='ocrx_word' id='word_1_130' title='bbox 2232 1103 2379 1156; x_wconf 74' lang='grc' dir='ltr'>Θέσιν</span> <span class='ocrx_word' id='word_1_131' title='bbox 2399 1104 2567 1167; x_wconf 70' lang='grc' dir='ltr'><strong>ἐστὶν,</strong></span> <span class='ocrx_word' id='word_1_132' title='bbox 2588 1104 2664 1167; x_wconf 83' lang='grc' dir='ltr'><strong>ὡς</strong></span> <span class='ocrx_word' id='word_1_133' title='bbox 2686 1103 2993 1175; x_wconf 80' lang='grc' dir='ltr'><strong>ἐξῃρημένη</strong></span> <span class='ocrx_word' id='word_1_134' title='bbox 3017 1105 3164 1157; x_wconf 77' lang='grc' dir='ltr'>αἰτία</span> <span class='ocrx_word' id='word_1_135' title='bbox 3184 1105 3417 1159; x_wconf 78' lang='grc' dir='ltr'><strong>πάντων·</strong></span> <span class='ocrx_word' id='word_1_136' title='bbox 3438 1107 3538 1158; x_wconf 70' lang='grc' dir='ltr'>καὶ</span> <span class='ocrx_word' id='word_1_137' title='bbox 3559 1106 3696 1176; x_wconf 76' lang='grc' dir='ltr'><strong>ὑπὲρ</strong></span> 
     </span>
    </p>
   </div>
   <div class='ocr_carea' id='block_1_18' title="bbox 432 1195 1969 1267">
    <p class='ocr_par' dir='ltr' id='par_1_18' title="bbox 432 1195 1969 1264">
     <span class='ocr_line' id='line_1_18' title="bbox 432 1195 1969 1264; baseline 0.005 -16"><span class='ocrx_word' id='word_1_138' title='bbox 432 1203 561 1259; x_wconf 84' lang='lat' dir='ltr'><strong>stat,</strong></span> <span class='ocrx_word' id='word_1_139' title='bbox 607 1195 817 1249; x_wconf 87' lang='lat' dir='ltr'><strong>scilicet</strong></span> <span class='ocrx_word' id='word_1_140' title='bbox 855 1211 922 1251; x_wconf 79' lang='lat' dir='ltr'><strong>ex</strong></span> <span class='ocrx_word' id='word_1_141' title='bbox 972 1198 1205 1253; x_wconf 82' lang='lat' dir='ltr'><strong>veritate</strong></span> <span class='ocrx_word' id='word_1_142' title='bbox 1232 1199 1475 1264; x_wconf 90' lang='lat' dir='ltr'><strong>virtuali,</strong></span> <span class='ocrx_word' id='word_1_143' title='bbox 1516 1200 1569 1254; x_wconf 92' lang='lat' dir='ltr'><strong>in</strong></span> <span class='ocrx_word' id='word_1_144' title='bbox 1600 1202 1891 1255; x_wconf 88' lang='lat' dir='ltr'><strong>veritatem</strong></span> <span class='ocrx_word' id='word_1_145' title='bbox 1921 1216 1969 1255; x_wconf 77' lang='lat' dir='ltr'><strong>at</strong></span> 
     </span>
    </p>
   </div>
   <div class='ocr_carea' id='block_1_19' title="bbox 2156 1195 3693 1267">
    <p class='ocr_par' dir='ltr' id='par_1_19' title="bbox 2156 1195 3693 1267">
     <span class='ocr_line' id='line_1_19' title="bbox 2156 1195 3693 1267; baseline 0.001 -21"><span class='ocrx_word' id='word_1_146' title='bbox 2156 1196 2299 1248; x_wconf 75' lang='grc' dir='ltr'>ιᾶσαν</span> <span class='ocrx_word' id='word_1_147' title='bbox 2339 1195 2627 1267; x_wconf 76' lang='grc' dir='ltr'><strong>ἀφαίρεσιν</strong></span> <span class='ocrx_word' id='word_1_148' title='bbox 2667 1198 2724 1249; x_wconf 81' lang='grc' dir='ltr'>ἐν</span> <span class='ocrx_word' id='word_1_149' title='bbox 2774 1196 2853 1266; x_wconf 83' lang='grc' dir='ltr'><strong>τῷ</strong></span> <span class='ocrx_word' id='word_1_150' title='bbox 2897 1197 3037 1249; x_wconf 75' lang='grc' dir='ltr'><strong>κατὰ</strong></span> <span class='ocrx_word' id='word_1_151' title='bbox 3088 1196 3351 1267; x_wconf 78' lang='grc' dir='ltr'>μηδεμίαν</span> <span class='ocrx_word' id='word_1_152' title='bbox 3383 1196 3496 1249; x_wconf 85' lang='grc' dir='ltr'><strong>τῶν</strong></span> <span class='ocrx_word' id='word_1_153' title='bbox 3526 1197 3693 1249; x_wconf 75' lang='grc' dir='ltr'>ὄντων</span> 
     </span>
    </p>
   </div>
   <div class='ocr_carea' id='block_1_20' title="bbox 434 1284 1971 1360">
    <p class='ocr_par' dir='ltr' id='par_1_20' title="bbox 434 1284 1971 1356">
     <span class='ocr_line' id='line_1_20' title="bbox 434 1284 1971 1356; baseline 0.003 -19"><span class='ocrx_word' id='word_1_154' title='bbox 434 1284 633 1338; x_wconf 85' lang='lat' dir='ltr'><strong>tualem</strong></span> <span class='ocrx_word' id='word_1_155' title='bbox 667 1295 1073 1352; x_wconf 82' lang='lat' dir='ltr'><strong>commutatus;</strong></span> <span class='ocrx_word' id='word_1_156' title='bbox 1113 1286 1228 1342; x_wconf 68' lang='lat' dir='ltr'><strong>haec</strong></span> <span class='ocrx_word' id='word_1_157' title='bbox 1255 1288 1401 1342; x_wconf 90' lang='lat' dir='ltr'><strong>enim</strong></span> <span class='ocrx_word' id='word_1_158' title='bbox 1434 1289 1617 1341; x_wconf 86' lang='lat' dir='ltr'><strong>omnia</strong></span> <span class='ocrx_word' id='word_1_159' title='bbox 1668 1288 1786 1355; x_wconf 88' lang='lat' dir='ltr'><strong>ipso</strong></span> <span class='ocrx_word' id='word_1_160' title='bbox 1830 1296 1971 1356; x_wconf 64' lang='lat' dir='ltr'><strong>post:</strong></span> 
     </span>
    </p>
   </div>
   <div class='ocr_carea' id='block_1_21' title="bbox 2159 1284 3696 1360">
    <p class='ocr_par' dir='ltr' id='par_1_21' title="bbox 2159 1287 3696 1360">
     <span class='ocr_line' id='line_1_21' title="bbox 2159 1287 3696 1360; baseline 0.001 -20"><span class='ocrx_word' id='word_1_161' title='bbox 2159 1288 2407 1359; x_wconf 75' lang='grc' dir='ltr'>φαίρεσιν</span> <span class='ocrx_word' id='word_1_162' title='bbox 2428 1288 2488 1341; x_wconf 86' lang='grc' dir='ltr'><strong>τὸ</strong></span> <span class='ocrx_word' id='word_1_163' title='bbox 2521 1288 2674 1342; x_wconf 83' lang='grc' dir='ltr'>Θεῖον</span> <span class='ocrx_word' id='word_1_164' title='bbox 2714 1287 3104 1357; x_wconf 78' lang='grc' dir='ltr'><strong>γινώσκεσθαι’</strong></span> <span class='ocrx_word' id='word_1_165' title='bbox 3143 1288 3542 1360; x_wconf 77' lang='grc' dir='ltr'><strong>ἀπολελυμένον</strong></span> <span class='ocrx_word' id='word_1_166' title='bbox 3589 1289 3696 1360; x_wconf 78' lang='grc' dir='ltr'><strong>γὰρ</strong></span> 
     </span>
    </p>
   </div>
   <div class='ocr_carea' id='block_1_22' title="bbox 433 1377 1970 1449">
    <p class='ocr_par' dir='ltr' id='par_1_22' title="bbox 433 1378 1970 1449">
     <span class='ocr_line' id='line_1_22' title="bbox 433 1378 1970 1449; baseline -0.002 -18"><span class='ocrx_word' id='word_1_167' title='bbox 433 1378 577 1431; x_wconf 83' lang='lat' dir='ltr'><strong>riora</strong></span> <span class='ocrx_word' id='word_1_168' title='bbox 607 1387 770 1442; x_wconf 87' lang='lat' dir='ltr'><strong>sunt;</strong></span> <span class='ocrx_word' id='word_1_169' title='bbox 818 1386 873 1433; x_wconf 88' lang='lat' dir='ltr'><strong>et</strong></span> <span class='ocrx_word' id='word_1_170' title='bbox 898 1378 1106 1440; x_wconf 87' lang='lat' dir='ltr'><strong>lumen.</strong></span> <span class='ocrx_word' id='word_1_171' title='bbox 1138 1387 1196 1433; x_wconf 87' lang='lat' dir='ltr'><strong>et</strong></span> <span class='ocrx_word' id='word_1_172' title='bbox 1231 1379 1438 1433; x_wconf 80' lang='lat' dir='ltr'><strong>veritas</strong></span> <span class='ocrx_word' id='word_1_173' title='bbox 1472 1379 1644 1449; x_wconf 85' lang='lat' dir='ltr'><strong>ipsius</strong></span> <span class='ocrx_word' id='word_1_174' title='bbox 1671 1378 1970 1447; x_wconf 76' lang='lat' dir='ltr'><strong>providenti</strong></span> 
     </span>
    </p>
   </div>
   <div class='ocr_carea' id='block_1_23' title="bbox 1646 1377 3183 1449">
    <p class='ocr_par' dir='ltr' id='par_1_23' title="bbox 1671 1377 3183 1447">
     <span class='ocr_line' id='line_1_23' title="bbox 1671 1377 3183 1447; baseline 0.001 -16"><span class='ocrx_word' id='word_1_175' title='bbox 1671 1378 2010 1447; x_wconf 76' lang='lat' dir='ltr'><strong>providentia</strong></span> <span class='ocrx_word' id='word_1_176' title='bbox 2121 1380 2358 1442; x_wconf 82' lang='grc' dir='ltr'><strong>πάντων,</strong></span> <span class='ocrx_word' id='word_1_177' title='bbox 2393 1380 2487 1432; x_wconf 77' lang='grc' dir='ltr'><strong>καὶ</strong></span> <span class='ocrx_word' id='word_1_178' title='bbox 2515 1377 2731 1433; x_wconf 82' lang='grc' dir='ltr'><strong>πάντων</strong></span> <span class='ocrx_word' id='word_1_179' title='bbox 2750 1379 2894 1431; x_wconf 74' lang='grc' dir='ltr'><strong>ἐστὶν</strong></span> <span class='ocrx_word' id='word_1_180' title='bbox 2914 1378 3183 1432; x_wconf 76' lang='grc' dir='ltr'>ἐπέκεινα.</span> 
     </span>
    </p>
   </div>
   <div class='ocr_carea' id='block_1_24' title="bbox 431 1472 3692 1543">
    <p class='ocr_par' dir='ltr' id='par_1_24' title="bbox 431 1472 3692 1543">
     <span class='ocr_line' id='line_1_24' title="bbox 431 1472 3692 1543; baseline -0.001 -16"><span class='ocrx_word' id='word_1_181' title='bbox 431 1472 633 1527; x_wconf 89' lang='lat' dir='ltr'><strong>lucent.</strong></span> <span class='ocrx_word' id='word_1_182' title='bbox 669 1472 855 1543; x_wconf 87' lang='lat' dir='ltr'><strong>Neque</strong></span> <span class='ocrx_word' id='word_1_183' title='bbox 897 1474 1116 1543; x_wconf 89' lang='lat' dir='ltr'><strong>penitus</strong></span> <span class='ocrx_word' id='word_1_184' title='bbox 1153 1472 1272 1542; x_wconf 76' lang='lat' dir='ltr'><strong>eius</strong></span> <span class='ocrx_word' id='word_1_185' title='bbox 1305 1482 1389 1527; x_wconf 91' lang='lat' dir='ltr'><strong>est</strong></span> <span class='ocrx_word' id='word_1_186' title='bbox 1428 1472 1649 1543; x_wconf 87' lang='lat' dir='ltr'><strong>positio,</strong></span> <span class='ocrx_word' id='word_1_187' title='bbox 1675 1480 1736 1526; x_wconf 93' lang='lat' dir='ltr'><strong>ut</strong></span> <span class='ocrx_word' id='word_1_188' title='bbox 1782 1472 1853 1527; x_wconf 93' lang='lat' dir='ltr'><strong>sit</strong></span> <span class='ocrx_word' id='word_1_189' title='bbox 1884 1472 1970 1527; x_wconf 89' lang='lat' dir='ltr'><strong>vel</strong></span> <span class='ocrx_word' id='word_1_190' title='bbox 2002 1474 2135 1537; x_wconf 91' lang='lat' dir='ltr'><strong>vita,</strong></span> <span class='ocrx_word' id='word_1_191' title='bbox 2170 1476 2255 1529; x_wconf 90' lang='lat' dir='ltr'><strong>vel</strong></span> <span class='ocrx_word' id='word_1_192' title='bbox 2286 1475 2509 1538; x_wconf 87' lang='lat' dir='ltr'><strong>veritas,</strong></span> <span class='ocrx_word' id='word_1_193' title='bbox 2541 1474 2622 1529; x_wconf 86' lang='lat' dir='ltr'><strong>vel</strong></span> <span class='ocrx_word' id='word_1_194' title='bbox 2666 1475 2958 1543; x_wconf 83' lang='lat' dir='ltr'><strong>quidquam</strong></span> <span class='ocrx_word' id='word_1_195' title='bbox 2994 1475 3138 1528; x_wconf 84' lang='lat' dir='ltr'><strong>aliud</strong></span> <span class='ocrx_word' id='word_1_196' title='bbox 3173 1488 3360 1527; x_wconf 90' lang='lat' dir='ltr'><strong>eorum</strong></span> <span class='ocrx_word' id='word_1_197' title='bbox 3389 1487 3519 1541; x_wconf 59' lang='lat' dir='ltr'><strong>qua</strong></span> <span class='ocrx_word' id='word_1_198' title='bbox 3544 1484 3692 1526; x_wconf 82' lang='lat' dir='ltr'><strong>sunt.</strong></span> 
     </span>
    </p>
   </div>
   <div class='ocr_carea' id='block_1_25' title="bbox 428 1564 3692 1637">
    <p class='ocr_par' dir='ltr' id='par_1_25' title="bbox 428 1564 3692 1637">
     <span class='ocr_line' id='line_1_25' title="bbox 428 1564 3692 1637; baseline -0.001 -16"><span class='ocrx_word' id='word_1_199' title='bbox 428 1565 615 1635; x_wconf 80' lang='lat' dir='ltr'><strong>Neque</strong></span> <span class='ocrx_word' id='word_1_200' title='bbox 641 1581 861 1621; x_wconf 79' lang='lat' dir='ltr'><strong>rursum</strong></span> <span class='ocrx_word' id='word_1_201' title='bbox 891 1565 1201 1621; x_wconf 87' lang='lat' dir='ltr'><strong>omnimoda</strong></span> <span class='ocrx_word' id='word_1_202' title='bbox 1247 1565 1469 1633; x_wconf 89' lang='lat' dir='ltr'><strong>ablatio,</strong></span> <span class='ocrx_word' id='word_1_203' title='bbox 1527 1576 1583 1619; x_wconf 91' lang='lat' dir='ltr'><strong>ut</strong></span> <span class='ocrx_word' id='word_1_204' title='bbox 1613 1564 1962 1619; x_wconf 86' lang='lat' dir='ltr'><strong>nullomodo</strong></span> <span class='ocrx_word' id='word_1_205' title='bbox 1992 1565 2286 1635; x_wconf 87' lang='lat' dir='ltr'><strong>quidquam</strong></span> <span class='ocrx_word' id='word_1_206' title='bbox 2318 1568 2424 1631; x_wconf 86' lang='lat' dir='ltr'><strong>sit;</strong></span> <span class='ocrx_word' id='word_1_207' title='bbox 2459 1568 2553 1621; x_wconf 88' lang='lat' dir='ltr'><strong>sed</strong></span> <span class='ocrx_word' id='word_1_208' title='bbox 2592 1582 2780 1621; x_wconf 89' lang='lat' dir='ltr'><strong>earum</strong></span> <span class='ocrx_word' id='word_1_209' title='bbox 2811 1583 2930 1637; x_wconf 64' lang='lat' dir='ltr'><strong>quae</strong></span> <span class='ocrx_word' id='word_1_210' title='bbox 2958 1579 3079 1637; x_wconf 88' lang='lat' dir='ltr'><strong>post</strong></span> <span class='ocrx_word' id='word_1_211' title='bbox 3113 1565 3274 1637; x_wconf 64' lang='lat'><strong>585</strong></span> <span class='ocrx_word' id='word_1_212' title='bbox 3308 1566 3485 1634; x_wconf 88' lang='lat' dir='ltr'><strong>ipsum</strong></span> <span class='ocrx_word' id='word_1_213' title='bbox 3526 1574 3655 1618; x_wconf 86' lang='lat' dir='ltr'><strong>sunt</strong></span> <span class='ocrx_word' id='word_1_214' title='bbox 3678 1607 3692 1627; x_wconf 86' lang='lat'><strong>,</strong></span> 
     </span>
    </p>
   </div>
   <div class='ocr_carea' id='block_1_26' title="bbox 428 1659 3692 1732">
    <p class='ocr_par' dir='ltr' id='par_1_26' title="bbox 428 1659 3692 1732">
     <span class='ocr_line' id='line_1_26' title="bbox 428 1659 3692 1732; baseline -0.001 -17"><span class='ocrx_word' id='word_1_215' title='bbox 428 1660 637 1715; x_wconf 80' lang='lat' dir='ltr'><strong>scilicet</strong></span> <span class='ocrx_word' id='word_1_216' title='bbox 668 1671 1073 1727; x_wconf 85' lang='lat' dir='ltr'><strong>creaturarum,</strong></span> <span class='ocrx_word' id='word_1_217' title='bbox 1118 1661 1281 1715; x_wconf 86' lang='lat' dir='ltr'><strong>etiam</strong></span> <span class='ocrx_word' id='word_1_218' title='bbox 1319 1663 1616 1731; x_wconf 74' lang='lat' dir='ltr'><strong>positiones</strong></span> <span class='ocrx_word' id='word_1_219' title='bbox 1651 1670 1708 1716; x_wconf 89' lang='lat' dir='ltr'><strong>et</strong></span> <span class='ocrx_word' id='word_1_220' title='bbox 1752 1660 2056 1715; x_wconf 84' lang='lat' dir='ltr'><strong>ablatioues</strong></span> <span class='ocrx_word' id='word_1_221' title='bbox 2086 1660 2326 1727; x_wconf 78' lang='lat' dir='ltr'><strong>faciunt;</strong></span> <span class='ocrx_word' id='word_1_222' title='bbox 2354 1662 2648 1731; x_wconf 88' lang='lat' dir='ltr'><strong>positiones</strong></span> <span class='ocrx_word' id='word_1_223' title='bbox 2679 1663 2922 1732; x_wconf 87' lang='lat' dir='ltr'><strong>quidem,</strong></span> <span class='ocrx_word' id='word_1_224' title='bbox 2954 1660 3118 1717; x_wconf 91' lang='lat' dir='ltr'><strong>veluti</strong></span> <span class='ocrx_word' id='word_1_225' title='bbox 3154 1662 3345 1723; x_wconf 90' lang='lat' dir='ltr'><strong>vitam,</strong></span> <span class='ocrx_word' id='word_1_226' title='bbox 3378 1659 3692 1724; x_wconf 81' lang='lat' dir='ltr'><strong>veritatem,</strong></span> 
     </span>
    </p>
   </div>
   <div class='ocr_carea' id='block_1_27' title="bbox 427 1754 3698 1825">
    <p class='ocr_par' dir='ltr' id='par_1_27' title="bbox 427 1754 3698 1825">
     <span class='ocr_line' id='line_1_27' title="bbox 427 1754 3698 1825; baseline -0.002 -13"><span class='ocrx_word' id='word_1_227' title='bbox 427 1770 562 1820; x_wconf 84' lang='lat' dir='ltr'><strong>ens;</strong></span> <span class='ocrx_word' id='word_1_228' title='bbox 589 1755 896 1809; x_wconf 89' lang='lat' dir='ltr'><strong>ablationes</strong></span> <span class='ocrx_word' id='word_1_229' title='bbox 922 1770 1072 1820; x_wconf 89' lang='lat' dir='ltr'><strong>vero,</strong></span> <span class='ocrx_word' id='word_1_230' title='bbox 1111 1754 1277 1811; x_wconf 90' lang='lat' dir='ltr'><strong>veluti</strong></span> <span class='ocrx_word' id='word_1_231' title='bbox 1320 1770 1432 1810; x_wconf 88' lang='lat' dir='ltr'><strong>non</strong></span> <span class='ocrx_word' id='word_1_232' title='bbox 1461 1756 1654 1821; x_wconf 92' lang='lat' dir='ltr'><strong>vitam,</strong></span> <span class='ocrx_word' id='word_1_233' title='bbox 1689 1770 1796 1809; x_wconf 91' lang='lat' dir='ltr'><strong>non</strong></span> <span class='ocrx_word' id='word_1_234' title='bbox 1826 1756 2139 1819; x_wconf 81' lang='lat' dir='ltr'><strong>veritatem,</strong></span> <span class='ocrx_word' id='word_1_235' title='bbox 2166 1771 2273 1810; x_wconf 91' lang='lat' dir='ltr'><strong>non</strong></span> <span class='ocrx_word' id='word_1_236' title='bbox 2309 1772 2429 1811; x_wconf 87' lang='lat' dir='ltr'><strong>ens.</strong></span> <span class='ocrx_word' id='word_1_237' title='bbox 2470 1755 2595 1811; x_wconf 68' lang='lat' dir='ltr'><strong>Haec</strong></span> <span class='ocrx_word' id='word_1_238' title='bbox 2622 1757 2805 1825; x_wconf 82' lang='lat' dir='ltr'><strong>itaque</strong></span> <span class='ocrx_word' id='word_1_239' title='bbox 2830 1770 2949 1825; x_wconf 65' lang='lat' dir='ltr'><strong>qua:</strong></span> <span class='ocrx_word' id='word_1_240' title='bbox 2981 1767 3103 1825; x_wconf 83' lang='lat' dir='ltr'><strong>post</strong></span> <span class='ocrx_word' id='word_1_241' title='bbox 3134 1755 3305 1824; x_wconf 87' lang='lat' dir='ltr'><strong>ipsum</strong></span> <span class='ocrx_word' id='word_1_242' title='bbox 3334 1761 3485 1815; x_wconf 89' lang='lat' dir='ltr'><strong>sunt,</strong></span> <span class='ocrx_word' id='word_1_243' title='bbox 3520 1760 3578 1805; x_wconf 85' lang='lat' dir='ltr'><strong>et</strong></span> <span class='ocrx_word' id='word_1_244' title='bbox 3604 1767 3698 1819; x_wconf 83' lang='lat' dir='ltr'><strong>pn-</strong></span> 
     </span>
    </p>
   </div>
   <div class='ocr_carea' id='block_1_28' title="bbox 430 1844 3696 1919">
    <p class='ocr_par' dir='ltr' id='par_1_28' title="bbox 430 1844 3696 1919">
     <span class='ocr_line' id='line_1_28' title="bbox 430 1844 3696 1919; baseline -0.002 -15"><span class='ocrx_word' id='word_1_245' title='bbox 430 1859 627 1904; x_wconf 89' lang='lat' dir='ltr'><strong>nentcs</strong></span> <span class='ocrx_word' id='word_1_246' title='bbox 656 1857 709 1900; x_wconf 93' lang='lat' dir='ltr'><strong>et</strong></span> <span class='ocrx_word' id='word_1_247' title='bbox 736 1846 1071 1912; x_wconf 82' lang='lat' dir='ltr'><strong>aulereutes,</strong></span> <span class='ocrx_word' id='word_1_248' title='bbox 1102 1848 1268 1903; x_wconf 89' lang='lat' dir='ltr'><strong>Deum</strong></span> <span class='ocrx_word' id='word_1_249' title='bbox 1295 1849 1468 1919; x_wconf 88' lang='lat' dir='ltr'><strong>ipsum</strong></span> <span class='ocrx_word' id='word_1_250' title='bbox 1506 1862 1680 1919; x_wconf 89' lang='lat' dir='ltr'><strong>neque</strong></span> <span class='ocrx_word' id='word_1_251' title='bbox 1707 1848 2118 1919; x_wconf 83' lang='lat' dir='ltr'><strong>ponimus,sive</strong></span> <span class='ocrx_word' id='word_1_252' title='bbox 2140 1862 2207 1902; x_wconf 78' lang='lat' dir='ltr'><strong>ex</strong></span> <span class='ocrx_word' id='word_1_253' title='bbox 2254 1849 2387 1918; x_wconf 88' lang='lat' dir='ltr'><strong>ipsis</strong></span> <span class='ocrx_word' id='word_1_254' title='bbox 2414 1851 2773 1905; x_wconf 88' lang='lat' dir='ltr'><strong>substantiam</strong></span> <span class='ocrx_word' id='word_1_255' title='bbox 2807 1849 2923 1918; x_wconf 81' lang='lat' dir='ltr'><strong>ejus</strong></span> <span class='ocrx_word' id='word_1_256' title='bbox 2958 1848 3255 1913; x_wconf 87' lang='lat' dir='ltr'><strong>noscimus,</strong></span> <span class='ocrx_word' id='word_1_257' title='bbox 3278 1861 3453 1915; x_wconf 90' lang='lat' dir='ltr'><strong>neque</strong></span> <span class='ocrx_word' id='word_1_258' title='bbox 3490 1844 3696 1898; x_wconf 75' lang='lat' dir='ltr'><strong>auferi-</strong></span> 
     </span>
    </p>
   </div>
   <div class='ocr_carea' id='block_1_29' title="bbox 428 1938 3693 2013">
    <p class='ocr_par' dir='ltr' id='par_1_29' title="bbox 428 1938 3693 2013">
     <span class='ocr_line' id='line_1_29' title="bbox 428 1938 3693 2013; baseline -0.002 -20"><span class='ocrx_word' id='word_1_259' title='bbox 428 1954 550 1994; x_wconf 89' lang='lat' dir='ltr'><strong>mus</strong></span> <span class='ocrx_word' id='word_1_260' title='bbox 606 1938 853 2007; x_wconf 88' lang='lat' dir='ltr'><strong>omnino,</strong></span> <span class='ocrx_word' id='word_1_261' title='bbox 891 1949 949 1993; x_wconf 93' lang='lat' dir='ltr'><strong>ut</strong></span> <span class='ocrx_word' id='word_1_262' title='bbox 996 1941 1089 2010; x_wconf 90' lang='lat' dir='ltr'><strong>qui</strong></span> <span class='ocrx_word' id='word_1_263' title='bbox 1130 1942 1371 2011; x_wconf 84' lang='lat' dir='ltr'><strong>perfecte</strong></span> <span class='ocrx_word' id='word_1_264' title='bbox 1428 1943 1998 2012; x_wconf 88' lang='lat' dir='ltr'><strong>incomprehensibilis</strong></span> <span class='ocrx_word' id='word_1_265' title='bbox 2055 1943 2272 1999; x_wconf 81' lang='lat' dir='ltr'><strong>exsistit</strong></span> <span class='ocrx_word' id='word_1_266' title='bbox 2327 1944 2490 2013; x_wconf 87' lang='lat' dir='ltr'><strong>(quod</strong></span> <span class='ocrx_word' id='word_1_267' title='bbox 2516 1945 2658 1998; x_wconf 91' lang='lat' dir='ltr'><strong>enim</strong></span> <span class='ocrx_word' id='word_1_268' title='bbox 2700 1943 2940 2012; x_wconf 82' lang='lat' dir='ltr'><strong>perfecte</strong></span> <span class='ocrx_word' id='word_1_269' title='bbox 2980 1953 3065 1996; x_wconf 91' lang='lat' dir='ltr'><strong>est</strong></span> <span class='ocrx_word' id='word_1_270' title='bbox 3113 1939 3693 2011; x_wconf 86' lang='lat' dir='ltr'><strong>incomprehensibile,</strong></span> 
     </span>
    </p>
   </div>
   <div class='ocr_carea' id='block_1_30' title="bbox 424 2033 3690 2107">
    <p class='ocr_par' dir='ltr' id='par_1_30' title="bbox 424 2033 3690 2107">
     <span class='ocr_line' id='line_1_30' title="bbox 424 2033 3690 2107; baseline -0.001 -21"><span class='ocrx_word' id='word_1_271' title='bbox 424 2040 480 2086; x_wconf 91' lang='lat' dir='ltr'><strong>et</strong></span> <span class='ocrx_word' id='word_1_272' title='bbox 518 2046 669 2102; x_wconf 84' lang='lat' dir='ltr'><strong>spem</strong></span> <span class='ocrx_word' id='word_1_273' title='bbox 718 2040 774 2088; x_wconf 89' lang='lat' dir='ltr'><strong>et</strong></span> <span class='ocrx_word' id='word_1_274' title='bbox 819 2042 1080 2089; x_wconf 81' lang='lat' dir='ltr'><strong>conatum</strong></span> <span class='ocrx_word' id='word_1_275' title='bbox 1122 2035 1385 2105; x_wconf 82' lang='lat' dir='ltr'><strong>excedit),</strong></span> <span class='ocrx_word' id='word_1_276' title='bbox 1439 2051 1626 2091; x_wconf 89' lang='lat' dir='ltr'><strong>verum</strong></span> <span class='ocrx_word' id='word_1_277' title='bbox 1690 2037 1957 2107; x_wconf 80' lang='lat' dir='ltr'><strong>imagines</strong></span> <span class='ocrx_word' id='word_1_278' title='bbox 2009 2036 2273 2107; x_wconf 85' lang='lat' dir='ltr'><strong>quasdam</strong></span> <span class='ocrx_word' id='word_1_279' title='bbox 2313 2052 2379 2092; x_wconf 82' lang='lat' dir='ltr'><strong>ex</strong></span> <span class='ocrx_word' id='word_1_280' title='bbox 2428 2037 2495 2091; x_wconf 86' lang='lat' dir='ltr'><strong>iis</strong></span> <span class='ocrx_word' id='word_1_281' title='bbox 2534 2051 2655 2106; x_wconf 72' lang='lat' dir='ltr'><strong>quae</strong></span> <span class='ocrx_word' id='word_1_282' title='bbox 2700 2036 2847 2091; x_wconf 89' lang='lat' dir='ltr'><strong>circa</strong></span> <span class='ocrx_word' id='word_1_283' title='bbox 2902 2036 3077 2106; x_wconf 88' lang='lat' dir='ltr'><strong>ipsum</strong></span> <span class='ocrx_word' id='word_1_284' title='bbox 3133 2044 3260 2089; x_wconf 88' lang='lat' dir='ltr'><strong>sunt</strong></span> <span class='ocrx_word' id='word_1_285' title='bbox 3308 2033 3690 2096; x_wconf 82' lang='lat' dir='ltr'><strong>concinantcs,</strong></span> 
     </span>
    </p>
   </div>
   <div class='ocr_carea' id='block_1_31' title="bbox 423 2126 3687 2199">
    <p class='ocr_par' dir='ltr' id='par_1_31' title="bbox 423 2126 3687 2199">
     <span class='ocr_line' id='line_1_31' title="bbox 423 2126 3687 2199; baseline -0 -19"><span class='ocrx_word' id='word_1_286' title='bbox 423 2126 721 2181; x_wconf 87' lang='lat' dir='ltr'><strong>obscurum</strong></span> <span class='ocrx_word' id='word_1_287' title='bbox 754 2127 1047 2195; x_wconf 87' lang='lat' dir='ltr'><strong>quemdam</strong></span> <span class='ocrx_word' id='word_1_288' title='bbox 1080 2127 1335 2182; x_wconf 80' lang='lat' dir='ltr'><strong>veritatis</strong></span> <span class='ocrx_word' id='word_1_289' title='bbox 1373 2138 1694 2199; x_wconf 88' lang='lat' dir='ltr'><strong>conceptum</strong></span> <span class='ocrx_word' id='word_1_290' title='bbox 1718 2127 2122 2198; x_wconf 90' lang='lat' dir='ltr'><strong>componimus,</strong></span> <span class='ocrx_word' id='word_1_291' title='bbox 2142 2128 2581 2199; x_wconf 80' lang='lat' dir='ltr'><strong>quandoquidem</strong></span> <span class='ocrx_word' id='word_1_292' title='bbox 2617 2128 2689 2183; x_wconf 92' lang='lat' dir='ltr'><strong>sit</strong></span> <span class='ocrx_word' id='word_1_293' title='bbox 2713 2143 2875 2197; x_wconf 80' lang='lat' dir='ltr'><strong>supra</strong></span> <span class='ocrx_word' id='word_1_294' title='bbox 2899 2142 3112 2183; x_wconf 91' lang='lat' dir='ltr'><strong>omnem</strong></span> <span class='ocrx_word' id='word_1_295' title='bbox 3140 2128 3303 2182; x_wconf 87' lang='lat' dir='ltr'><strong>etiam</strong></span> <span class='ocrx_word' id='word_1_296' title='bbox 3327 2127 3687 2195; x_wconf 85' lang='lat' dir='ltr'><strong>positionem,</strong></span> 
     </span>
    </p>
   </div>
   <div class='ocr_carea' id='block_1_32' title="bbox 425 2221 3688 2296">
    <p class='ocr_par' dir='ltr' id='par_1_32' title="bbox 425 2221 3688 2296">
     <span class='ocr_line' id='line_1_32' title="bbox 425 2221 3688 2296; baseline -0.001 -22"><span class='ocrx_word' id='word_1_297' title='bbox 425 2231 688 2290; x_wconf 80' lang='lat' dir='ltr'><strong>tanquam</strong></span> <span class='ocrx_word' id='word_1_298' title='bbox 726 2233 980 2292; x_wconf 79' lang='lat' dir='ltr'><strong>exempta</strong></span> <span class='ocrx_word' id='word_1_299' title='bbox 1028 2239 1213 2278; x_wconf 88' lang='lat' dir='ltr'><strong>rerum</strong></span> <span class='ocrx_word' id='word_1_300' title='bbox 1248 2225 1489 2277; x_wconf 92' lang='lat' dir='ltr'><strong>omnium</strong></span> <span class='ocrx_word' id='word_1_301' title='bbox 1516 2239 1704 2287; x_wconf 89' lang='lat' dir='ltr'><strong>causa,</strong></span> <span class='ocrx_word' id='word_1_302' title='bbox 1737 2234 1790 2280; x_wconf 93' lang='lat' dir='ltr'><strong>et</strong></span> <span class='ocrx_word' id='word_1_303' title='bbox 1823 2240 1983 2296; x_wconf 90' lang='lat' dir='ltr'><strong>supra</strong></span> <span class='ocrx_word' id='word_1_304' title='bbox 2030 2240 2245 2280; x_wconf 88' lang='lat' dir='ltr'><strong>omnem</strong></span> <span class='ocrx_word' id='word_1_305' title='bbox 2295 2223 2623 2279; x_wconf 88' lang='lat' dir='ltr'><strong>ablationem</strong></span> <span class='ocrx_word' id='word_1_306' title='bbox 2651 2222 2938 2286; x_wconf 79' lang='lat' dir='ltr'><strong>collocata,</strong></span> <span class='ocrx_word' id='word_1_307' title='bbox 2977 2236 3100 2276; x_wconf 91' lang='lat' dir='ltr'><strong>cum</strong></span> <span class='ocrx_word' id='word_1_308' title='bbox 3146 2222 3444 2275; x_wconf 85' lang='lat' dir='ltr'><strong>secundum</strong></span> <span class='ocrx_word' id='word_1_309' title='bbox 3480 2221 3688 2275; x_wconf 84' lang='lat' dir='ltr'><strong>nullam</strong></span> 
     </span>
    </p>
   </div>
   <div class='ocr_carea' id='block_1_33' title="bbox 423 2311 3466 2387">
    <p class='ocr_par' dir='ltr' id='par_1_33' title="bbox 423 2311 3466 2387">
     <span class='ocr_line' id='line_1_33' title="bbox 423 2311 3466 2387; baseline -0.002 -18"><span class='ocrx_word' id='word_1_310' title='bbox 423 2328 606 2369; x_wconf 83' lang='lat' dir='ltr'><strong>rerum</strong></span> <span class='ocrx_word' id='word_1_311' title='bbox 640 2312 967 2372; x_wconf 85' lang='lat' dir='ltr'><strong>ablationem</strong></span> <span class='ocrx_word' id='word_1_312' title='bbox 994 2314 1137 2372; x_wconf 83' lang='lat' dir='ltr'><strong>Deus</strong></span> <span class='ocrx_word' id='word_1_313' title='bbox 1172 2325 1567 2387; x_wconf 76' lang='lat' dir='ltr'><strong>cOguoscatur;</strong></span> <span class='ocrx_word' id='word_1_314' title='bbox 1599 2317 1869 2387; x_wconf 88' lang='lat' dir='ltr'><strong>siquidem</strong></span> <span class='ocrx_word' id='word_1_315' title='bbox 1902 2316 1970 2370; x_wconf 94' lang='lat' dir='ltr'><strong>ab</strong></span> <span class='ocrx_word' id='word_1_316' title='bbox 1997 2318 2251 2373; x_wconf 84' lang='lat' dir='ltr'><strong>omnibus</strong></span> <span class='ocrx_word' id='word_1_317' title='bbox 2292 2316 2595 2383; x_wconf 85' lang='lat' dir='ltr'><strong>absolutus,</strong></span> <span class='ocrx_word' id='word_1_318' title='bbox 2619 2316 2787 2371; x_wconf 89' lang='lat' dir='ltr'><strong>etiam</strong></span> <span class='ocrx_word' id='word_1_319' title='bbox 2816 2329 2983 2385; x_wconf 85' lang='lat' dir='ltr'><strong>supra</strong></span> <span class='ocrx_word' id='word_1_320' title='bbox 3008 2312 3189 2367; x_wconf 80' lang='lat' dir='ltr'><strong>omnia</strong></span> <span class='ocrx_word' id='word_1_321' title='bbox 3229 2311 3466 2368; x_wconf 81' lang='lat' dir='ltr'><strong>exsistit.</strong></span> 
     </span>
    </p>
   </div>
  </div>
