3892 6232
184 441 331 497 M439

1595 437 1934 493 EPISTULA
1977 436 2068 492 111.

3324 437 3461 489 1070

181 556 555 630 ὑπεραγάθου,
590 557 710 611 καθ’
748 557 777 609 ὃ
808 556 1075 627 θεούμεθα
1109 556 1203 609 καὶ
1234 553 1633 624 ἁγαθυνόμεθα.
1668 556 1777 607 Καὶ

1890 554 2141 609 tationem
2180 571 2508 625 supraquam
2579 555 2674 608 Dei
2707 562 2761 607 et
2796 567 3120 623 supraquam
3172 554 3298 610 boni
3332 594 3346 615 ,
3381 570 3467 602 tw-

179 651 294 722 γὰρ
322 653 369 703 εί
396 649 554 703 τοῦτο
582 650 724 722 ἀρχὴ
752 649 956 719 γίνεται
983 649 1078 702 τοῦ
1101 647 1352 702 θεοῦσθαι
1386 649 1481 701 καὶ
1511 646 1778 715 ἀγαθύνε-

181 743 308 795 σθαι
337 743 464 805 τοὺς
491 742 812 813 θεωμένους
836 744 928 795 καὶ
961 741 1395 811 ἁγαθυνομένους
1425 742 1467 772 ιε
1492 782 1506 805 ,
1537 741 1565 792 ὁ
1601 741 1781 810 πάσης

178 838 359 907 ἀρχῆς
400 836 750 907 ὐπεράρχιος,
786 835 882 888 καὶ
913 835 1014 904 τῆς
1035 834 1175 887 οὕτω
1202 832 1499 903 λεγομένης
1530 831 1781 902 θεότητος

179 930 280 982 καὶ
318 928 673 999 ἀγαθότητος,
717 929 793 992 ὡς
824 928 1082 1000 θεαρχίας
1124 928 1217 979 καὶ
1257 926 1598 998 ἀγαθαρχίας
1630 928 1778 979 ἐστὶν

178 1021 462 1074 ἐπέκεινα·
486 1021 609 1075 καθ’
627 1024 749 1075 ὅσον
769 1023 1045 1093 ἀμίμητος
1069 1022 1109 1052 ³⁷
1133 1021 1227 1074 καὶ
1250 1020 1494 1090 ἄσχετος,
1519 1020 1777 1092 ὑπερέχει

178 1115 294 1169 τῶν
343 1115 629 1187 μιμήσεων
679 1115 775 1169 καὶ
819 1114 1077 1185 σχέσεων,
1129 1116 1225 1167 καὶ
1268 1111 1379 1167 τῶν
1426 1113 1779 1186 μιμουμένων

180 1209 283 1263 καὶ
307 1207 417 1261 τῶν
447 1207 491 1239 ¹⁶
523 1206 877 1279 μετεχόντων.

1886 647 2126 699 cundum
2158 661 2322 716 quam
2354 647 2678 701 deificamur
2703 655 2758 699 et
2791 645 2915 700 boui
2944 644 3227 701 efﬁcimur.
3252 644 3465 698 Etenim

1884 752 2007 792 cum
2032 738 2137 791 hoc
2166 739 2332 793 etiam
2362 736 2690 805 principium
2721 737 2793 791 sit
2822 736 3182 791 deificationis
3207 752 3273 791 ac
3309 737 3467 791 boni-

1886 830 2159 885 licationis
2185 846 2374 885 eorum
2410 831 2502 901 qui
2546 830 2876 885 deificantur
2901 839 2958 884 et
2980 829 3106 884 boni
3132 828 3464 896 eliiciuntur,

1884 924 1975 991 qui
2022 931 2106 977 est
2165 924 2342 978 omnis
2379 922 2629 993 principii
2678 938 2842 989 supra
2889 937 3051 992 quam
3106 923 3463 993 principium,

1885 1016 2050 1068 etiam
2074 1014 2153 1069 sic
2176 1015 2317 1070 dicta
2342 1015 2622 1070 divinitate
2649 1031 2713 1070 ac
2747 1016 3008 1081 bonitate,
3037 1024 3296 1085 tanquam
3322 1014 3469 1083 prin-

1887 1108 2090 1176 cipium
2128 1107 2530 1172 divinitatis,et
2564 1107 2892 1177 principium
2918 1106 3176 1163 bonitatis
3215 1106 3471 1175 superior

1886 1200 2140 1263 exsistit;
2165 1202 2217 1253 in
2245 1208 2507 1268 quantum
2526 1198 2868 1254 inimitabilis
2884 1198 3465 1269 ctincomprehcnsus,

1885 1290 2159 1345 antecellit
2185 1290 2584 1346 imitatiouibus
2605 1300 2658 1345 et
2682 1290 3287 1360 comprehensionibus,
3307 1302 3363 1345 et
3387 1290 3468 1345 eis

1880 1385 1975 1451 qui
2006 1383 2295 1437 imitantur
2325 1393 2381 1438 et
2415 1384 2709 1454 participes
2741 1384 2895 1438 fiunt.

1350 1688 1887 1746 ADNOTATIONES
1937 1690 2283 1745 CORDERII.

259 1827 435 1895 Supra
468 1825 785 1894 principium
815 1824 1129 1895 divinitatis,
1155 1833 1263 1879 etc.
1299 1822 1521 1878 Scilicet
1549 1830 1602 1879 iii
1627 1824 1918 1890 creaturis,
1951 1826 2076 1894 quia
2110 1826 2250 1879 Deus
2281 1833 2363 1878 cst
2402 1836 2595 1881 auctor
2621 1828 2923 1883 divinitatis
2952 1830 3005 1882 in
3039 1828 3245 1882 sanctis
3286 1827 3460 1881 lioini-

179 1894 349 1957 nilius
378 1908 432 1951 et
460 1897 691 1963 angelis,
718 1896 809 1963 qui
839 1894 1006 1967 [)etim
1039 1895 1347 1958 imitantur,
1388 1904 1442 1967 et
1462 1895 1570 1967 _eis_
1604 1894 1810 1967 similes
1856 1895 2013 1959 fiunt,
2044 1897 2110 1967 de
2138 1897 2334 1967 quibus
2360 1899 2623 1965 scriptum
2653 1908 2738 1951 est
2769 1915 2781 1950 :
2826 1897 2937 1967 Ego
2975 1899 3109 1961 dixi,
3138 1898 3213 1950 dii
3246 1900 3393 1963 estis,
3418 1904 3466 1950 et

179 1972 287 2040 ﬁlii
311 1967 519 2040 Επᾳωὶ
547 1983 723 2040 omnes
752 1976 801 2019 τι.
839 1964 1041 2019 Eodem
1074 1980 1244 2040 sensu
1267 1965 1504 2040 capi“,
1534 1965 1613 2040 _D_e
1634 1966 1827 2019 divinis
1864 1966 2185 2040 nominibus,
2222 1966 2341 2040 §A6,
2369 1964 2660 2023 sub’ﬁnem
2692 1969 2770 2022 ait
2811 1964 2978 2023 De'um
3025 1978 3307 2023 auctorem
3350 1983 3471 2023 esse

176 2036 285 2112 per
333 2056 393 2093 se
446 2038 706 2112 bonitatis
760 2046 817 2092 et
869 2052 965 2112 per
1019 2050 1078 2091 se
1137 2036 1460 2112 divinitatis.
1534 2036 1741 2112 Vocant
1802 2046 1983 2089 autem
2016 2036 2074 2112 _(
2118 2036 2295 2112 inquit
2336 2039 2514 2112 )__per
2577 2055 2637 2093 se
2704 2040 3056 2112 bonitatem,
3102 2048 3183 2112 Aet
3252 2053 3350 2107 per
3411 2054 3471 2092 se

182 2106 568 2173 divinitatem,
618 2108 820 2162 donum
866 2122 895 2160 a
936 2107 1044 2160 Deo
1080 2106 1420 2175 profectum,
1472 2106 1614 2174 quod
1669 2109 1839 2161 bonos
1890 2116 1944 2160 et
1999 2107 2128 2160 deos
2168 2107 2318 2161 facit.
2371 2106 2576 2177 Nempe
2631 2120 2887 2177 tanquam
2936 2106 3293 2178 principium,
3340 2124 3468 2177 par-

184 2183 427 2250 ticipans
456 2178 785 2250 principium
825 2178 1071 2250 omnium
1101 2178 1501 2250 _rerum,quod
1552 2192 1658 2230 non
1698 2185 1877 2244 potest
1927 2178 2283 2250 participare.
2325 2192 2500 2250 neque
2546 2178 2601 2233 in
2637 2194 2729 2250 se
2790 2180 3128 2249 participari,
3186 2180 3311 2250 quia
3358 2194 3464 2232 non

182 2246 371 2321 potest
394 2246 510 2305 fieri
538 2264 665 2317 pars
691 2247 945 2321 alicujus,
970 2247 1115 2321 quod
1146 2257 1229 2301 est
1273 2246 1421 2302 solus
1456 2248 1625 2312 Deus;
1661 2257 1717 2301 et
1750 2257 2004 2321 tanquam
2048 2248 2381 2321 principium
2426 2246 2911 2321 imparticipatum,
2950 2246 3079 2319 quia
3114 2246 3213 2304 est
3239 2248 3469 2302 formate

176 2317 515 2393 principium
544 2319 1006 2393 participantibus
1036 2319 1089 2371 in
1116 2333 1226 2393 suo
1245 2332 1449 2393 genere
1468 2335 1495 2393 ;_
1520 2326 1576 2370 ut
1597 2332 1710 2393 per
1740 2332 1799 2371 se
1832 2317 2075 2393 bonitas;
2098 2318 2426 2387 principium
2460 2317 2881 2393 fo’rtnale’bonis
2911 2317 3018 2393 non
3046 2321 3256 2393 re._sed
3294 2321 3467 2393 ratio-

182 2388 256 2449 ne
286 2388 600 2460 separatum
628 2405 672 2460 Aa
700 2390 878 2460 bonis.
906 2388 1000 2458 qui
1031 2388 1452 2460 participatione
1485 2388 1742 2442 bonitatis
1786 2400 1985 2460 creata:
2023 2389 2283 2442 dicuntur
2323 2397 2379 2442 et
2411 2399 2541 2443 sunt
2581 2389 2888 2460 formaliter
2931 2390 3181 2460 boniLEt
3210 2389 3470 2443 similiter

178 2467 240 2518 in
286 2457 513 2531 reiiqnis
550 2458 861 2530 huiusmodi
888 2457 1201 2531 principiis,
1234 2457 1548 2531 secundum
1593 2457 2019 2527 uniuscujusque
2050 2459 2302 2529 principii
2346 2469 2601 2514 naturam
2646 2470 2707 2513 et
2750 2459 3023 2515 ordinem.
3063 2458 3199 2514 Vide
3242 2460 3471 2514 adnota-

182 2536 366 2589 tiones
394 2528 461 2585 ad
484 2546 607 2597 cap.
628 2528 669 2585 ‘6
696 2539 751 2585 et
776 2530 836 2584 11
872 2529 947 2583 De
981 2529 1174 2583 divinis
1213 2528 1535 2583 nominibus.

260 2604 400 2657 Nota
433 2602 522 2656 hic
552 2602 725 2669 ipsam
748 2599 1118 2656 imitationem
1152 2598 1268 2664 Dei,
1304 2599 1482 2653 vocari
1513 2598 1917 2653 deificationem
1942 2640 1958 2664 ,
1988 2599 2115 2668 quia
2153 2616 2259 2653 non
2299 2601 2620 2655 deificatnnr
2657 2601 2759 2656 nisi
2808 2601 3070 2655 imitando
3098 2600 3292 2655 Deum.
3338 2601 3465 2657 Dei-

182 2675 376 2728 !ioatio
402 2683 583 2725 autem
616 2671 730 2741 ipsa
762 2686 883 2742 quae
904 2669 1187 2742 idicisolet
1206 2686 1303 2742 per
1341 2684 1401 2725 se
1431 2669 1706 2724 deiﬁcatio
1735 2679 1818 2742 est
1862 2670 2062 2742 donum
2105 2670 2198 2742 Dei
2231 2712 2243 2729 .
2289 2683 2346 2725 et
2377 2673 2705 2742 principium
2759 2686 2957 2727 nostra:
3004 2671 3401 2737 deiticationis,
3436 2691 3468 2728 a

180 2746 302 2799 Deo
330 2746 591 2798 donatum
622 2738 798 2813 nobis.
831 2740 1003 2813 5887
1029 2740 1169 2813 Deus
1202 2738 1368 2813 igitur
1397 2747 1480 2813 est
1512 2755 1673 2813 supra
1694 2810 1703 2813 Α
1726 2738 2031 2813 lnijnsnioiii
2082 2738 2408 2813 principium
2452 2738 2680 2813 forniale
2729 2743 3040 2797 divinitatis
3082 2744 3311 2808 deilicac,
3358 2759 3463 2813 qua

186 2826 451 2883 tanquam
478 2815 618 2867 dono
642 2808 1191 2883 Deirboni'eilicimur
1214 2811 1391 2883 abeo.
1425 2808 1502 2883 De
1531 2811 1633 2863 hoc
1673 2810 2039 2883 deificationis
2081 2810 2352 2879 principio
2386 2812 2444 2865 ὃ.
2481 2812 2748 2867 Maximus
2780 2815 2831 2866 in
2866 2813 3237 2881 disputatione
3272 2808 3464 2868 conira

182 2880 501 2954 Pyrrhum:
533 2882 708 2954 Sicut,
746 2882 944 2950 inquit,
972 2882 1331 2954 inﬂammatio
1364 2880 1753 2954 inflammatum
1793 2891 1849 2935 et
1879 2882 2304 2954 inﬂammantem
2334 2898 2519 2937 secum
2555 2884 2738 2947 infert,
2773 2893 2824 2938 et
2854 2880 3196 2954 refrigeratio
3235 2884 3469 2954 refrige-

185 2951 369 3009 ratum
402 2964 458 3009 et
492 2952 929 3026 reii'igerantetn,
961 2962 1021 3026 et
1045 2953 1181 3026 visio
1203 2952 1374 3026 visum
1402 2961 1458 3005 et
1482 2952 1778 3026 videntem,
1805 2962 1858 3026 et
1893 2951 2256 3018 intelligentia
2293 2953 2638 3026 intellectam
2663 2968 2787 3026 rem
2821 2952 3299 3026 etiinlelligentcm
3333 2951 3466 3026 (non

180 3027 331 3081 enim
360 3034 537 3095 potest
566 3023 833 3095 habit-udo
851 3023 973 3095 sine
1010 3023 1213 3095 habitis
1244 3023 1350 3075 dici
1380 3030 1473 3075 aut
1504 3020 1755 3092 intelligi)
1779 3024 1880 3095 sic,
1927 3030 1986 3075 ut
2013 3036 2355 3090 consequens
2402 3034 2485 3077 est
2507 3063 2521 3087 ,
2554 3023 2829 3078 deificatio
2872 3020 3188 3077 deiiicatum
3226 3035 3282 3079 et
3315 3020 3470 3079 deiti-

180 3091 410 3150 cantein
439 3109 625 3149 secum
653 3094 881 3148 inducit.
915 3091 1061 3149 Idem
1097 3109 1109 3143 :
1141 3092 1462 3162 Oportebat,
1489 3104 1546 3146 ut
1584 3107 1711 3146 vere
1738 3091 1946 3156 dicam,
1982 3106 2107 3145 eum
2139 3096 2229 3160 qui
2258 3102 2341 3148 est
2380 3105 2576 3149 auctor
2604 3109 2792 3149 eorum
2822 3110 2942 3162 qua:
2973 3095 3270 3148 secundum
3304 3107 3468 3149 natu-

184 3182 306 3219 ram
331 3176 488 3230 sunt,
521 3179 644 3218 esse
667 3165 836 3217 etiam
864 3175 1145 3219 auctorem
1176 3163 1539 3218 deificationis
1571 3164 1868 3233 secundum
1896 3164 2153 3232 gratiam.
2188 3163 2332 3218 Idem
2384 3166 2581 3220 iterum
2608 3179 2621 3213 :
2660 3163 3065 3227 Deiiionstravi,
3101 3165 3299 3233 inquit,
3324 3166 3467 3219 divi—

184 3252 316 3289 nam
346 3235 668 3306 pntentiaui,
701 3250 821 3305 quae
856 3250 1020 3303 supra
1061 3234 1424 3289 substantiam
1453 3245 1558 3298 est,
1594 3232 1811 3289 eﬂicere
1842 3233 2246 3306 deilicationem
2288 3248 2478 3306 eorum
2510 3237 2601 3304 qui
2645 3242 2939 3289 secundum
2969 3232 3200 3303 gratiam
3231 3238 3467 3291 deiiicati

182 3303 771 3373 suntINonnunquani
804 3306 969 3360 etiam
1000 3306 1165 3359 latius
1196 3305 1430 3359 sumitur
1455 3306 1754 3368 deiiicatio,
1787 3315 1845 3357 ut
1872 3320 1902 3375 a
1928 3303 2193 3374 Gregorio
2233 3305 2482 3375 tlieologo
2513 3303 2562 3358 in
2591 3305 2839 3359 oratione
2873 3317 3154 3374 postquam
3190 3306 3365 3362 factus
3384 3318 3469 3361 est

182 3380 517 3448 presbyter:
553 3376 941 3440 Solitudinem,
971 3378 1165 3445 inquit,
1200 3378 1435 3429 maxime
1464 3376 1705 3448 omnium
1742 3374 2021 3444 amplexus
2047 3391 2189 3439 sum,
2226 3385 2280 3428 et
2320 3385 2579 3445 tanquam
2626 3377 2949 3444 adiutricem
2980 3387 3034 3431 ct
3078 3389 3359 3446 parentem
3386 3381 3469 3432 di-

182 3449 299 3501 vini
334 3447 634 3509 ascensus;
660 3457 717 3501 et
748 3448 995 3503 deificani
1026 3448 1379 3501 vehementer
1406 3447 1709 3499 admiratus
1733 3463 1873 3503 sum.

270 3566 400 3621 Vide
431 3568 613 3624 Schoi.
650 3570 711 3625 S.
744 3568 970 3624 Maximi
993 3576 1040 3619 et
1068 3564 1336 3635 Paraphr.
1375 3562 1634 3634 Pachyni.
1662 3565 1719 3618 in
1743 3559 1972 3631 Epistol.
2007 3563 2062 3624 2,
2100 3576 2227 3615 tum.
2264 3561 2352 3615 11.

1024 3729 1231 3742 —

597 3859 1169 3947 ΕΠΙΣΤΟΛΗ
1242 3859 1311 3944 Γ
1350 3924 1371 3943 .
1832 3872 1873 3926 Β

657 4004 742 4073 Tn
821 4011 865 4055 Α,
882 4004 1013 4072 rm
1070 4004 1272 4071 me.

2265 3864 2845 3957 EPISTOLA
2923 3872 3111 3958 111.

2440 4003 2685 4059 EIDEM
2724 4005 2917 4062 CAIO.

1452 4157 1787 4214 SYNOPSIS
1820 4158 2206 4217 EPISTOLE.

432 4301 577 4366 Quid
607 4301 866 4371 signiﬁcet
899 4316 995 4355 vox
1024 4298 1305 4370 ἐξαίφνης,
1338 4315 1429 4353 seu
1464 4309 1708 4370 repente,
1738 4307 1787 4351 cl
1816 4314 1976 4366 quam
2007 4300 2108 4353 vim
2139 4299 2330 4353 habeat
2358 4300 2422 4355 de
2450 4299 2819 4355 incarnatione
2848 4314 3215 4368 pronuntiata.

269 4447 568 4516 Ἕξαίφνης
608 4446 726 4498 ἐστὶ
760 4445 823 4497 τὸ
861 4446 992 4515 παρ’
1030 4443 1253 4508 ἐλπίδα,
1297 4444 1389 4496 καὶ
1416 4443 1482 4496 ὲκ
1523 4441 1611 4496 τοῦ
1644 4442 1783 4504 τέως

179 4541 433 4614 ἀφανοῦς
451 4542 494 4572 ¹⁹
523 4542 602 4602 εἰς
632 4539 693 4592 τὸ
712 4533 964 4608 ’ἐμφανὲς
980 4537 1025 4567 ²⁰
1057 4536 1401 4607 ἐξαγόμενον.
1448 4537 1571 4589 Ἐπὶ
1593 4537 1650 4589 δὲ
1679 4537 1779 4607 τῆς

1964 4439 2209 4509 [tepente
2239 4451 2357 4506 est,
2395 4441 2540 4512 quod
2583 4454 2782 4511 prater
2811 4458 2987 4512 spem,
3013 4455 3070 4500 et
3109 4461 3173 4499 ex
3210 4463 3275 4503 eo
3319 4454 3469 4520 qnnd

1890 4534 2172 4602 hucusque
2202 4534 2496 4589 obscurum
2542 4546 2703 4600 erat,
2734 4537 3015 4604 profertur
3064 4540 3115 4592 in
3164 4540 3362 4597 lucem.
3410 4546 3468 4600 in

181 4634 335 4689 κατὰ
381 4630 614 4703 Χριστὸν
658 4626 1100 4699 φιλανθρωπίας,
1144 4628 1239 4679 καὶ
1279 4625 1436 4679 τοῦτο
1473 4623 1625 4697 οἶμαι
1679 4626 1775 4698 τὴν

183 4722 472 4790 θεολογίαν
502 4716 834 4772 αἰνίττεσθαι
854 4717 921 4784 “,
952 4716 1012 4769 τὸ
1039 4720 1105 4770 ὲκ
1124 4716 1218 4770 τοῦ
1248 4718 1478 4789 κρυφίου
1499 4718 1589 4770 τὸν
1613 4719 1781 4789 ὑπερ-

180 4817 375 4871 ούσιον
408 4815 489 4875 είς
517 4812 615 4883 τὴν
638 4811 759 4864 καθ’
788 4813 937 4882 ἡμᾶς
966 4811 1267 4881 ἐμφάνειαν
1300 4810 1663 4882 ἀνθρωπικῶς
1692 4813 1782 4863 οὐ-

185 4904 461 4959 σιωθέντα
494 4900 993 4974 προεληλυθέναι²².
1020 4901 1266 4973 Κρύφιος
1293 4902 1351 4955 δέ
1380 4904 1612 4957 ἐστικαὶ
1646 4903 1782 4974 μετὰ

178 4998 290 5069 τὴν
320 4994 601 5064 ἒκφανσιν,
627 4992 683 5065 ἢ,
715 4994 801 5047 ἵνα
829 4993 891 5045 τὸ
919 4992 1186 5064 θειότερον
1206 4994 1362 5058 εἴπω,
1396 4994 1490 5046 καὶ
1509 4994 1565 5047 ἐν
1595 4996 1660 5063 τῇ
1687 4996 1781 5047 ὲκ-

184 5090 407 5159 φάνσει·
434 5080 535 5139 καὶ
566 5085 726 5139 τοῦτο
758 5084 868 5157 γὰρ
916 5084 1092 5157 Ἰησοῦ
1126 5085 1450 5157 κέκρυπται,
1487 5086 1581 5138 καὶ
1612 5085 1785 5139 οὐδενὶ

182 5182 337 5252 λόγῳ
365 5178 489 5233 οὗτε
522 5178 597 5250 νῷ
626 5179 686 5231 τὸ
710 5182 830 5232 κατ’
850 5179 1013 5232 αὑτὸν
1035 5177 1257 5250 ὲξῆκται
1291 5180 1610 5250 μυστήριον,
1649 5178 1785 5233 ἀλλὰ

182 5276 287 5328 καὶ
334 5271 625 5341 λεγόμενον
658 5270 897 5343 ἄρρητον
950 5270 1119 5341 μένει,
1160 5270 1253 5323 καὶ
1285 5269 1572 5343 νοούμενον
1605 5271 1783 5339 ἄγνω-

185 5382 342 5418 στον.

264 5531 293 5571 ει
330 5521 476 5577 Psal.
512 5540 700 5588 Lxxxr,
739 5522 791 5575 6.

1888 4622 2094 4680 Christi
2130 4637 2309 4681 autem
2341 4627 2708 4693 humanitate,
2738 4630 2978 4685 arbitror
3022 4631 3126 4687 hoc
3156 4635 3322 4687 etiam
3351 4652 3471 4691 scr-

1885 4732 2101 4772 nionem
2129 4718 2372 4773 divinum
2396 4719 2632 4776 voluisse
2676 4722 2980 4788 insinuare,
3026 4738 3090 4779 ex
3146 4727 3334 4782 abdito
3378 4745 3471 4783 suo

1884 4811 2407 4879 prasubstautiajem
2440 4814 2592 4868 illum
2625 4814 3056 4883 inconspectum
3087 4830 3330 4874 nostrum
3368 4822 3469 4875 liti-

1887 4904 2128 4958 manitus
2152 4904 2575 4961 substantialum
2607 4907 2896 4976 prodiisse.
2930 4910 3181 4963 Attamen
3219 4915 3467 4967 occultus

1887 4995 2059 5049 etiam
2080 5005 2165 5049 est
2186 5006 2311 5066 post
2334 4996 2503 5065 ipsam
2537 4996 3071 5065 manifestationent;
3106 5010 3222 5065 aut,
3239 5013 3297 5055 ut
3324 5002 3466 5057 divi-

1888 5088 2011 5141 nius
2035 5087 2238 5152 dicam,
2263 5087 2315 5140 in
2345 5088 2456 5157 ipsa
2474 5088 2915 5145 manifestatione
2942 5110 2955 5143 :
2980 5095 3182 5146 etenim
3209 5094 3312 5147 hoc
3337 5093 3467 5148 Jesu

1889 5180 2211 5249 mysterium
2231 5180 2502 5235 occultum
2522 5192 2629 5246 est,
2653 5198 2750 5238 nec
2778 5183 2887 5237 ullo
2916 5200 3169 5239 sermone
3198 5187 3281 5238 vel
3304 5188 3469 5240 intel-

1888 5270 2028 5326 lectu
2063 5287 2419 5341 expressum;
2463 5275 2707 5343 quinimo
2759 5277 2884 5331 dttm
2957 5279 3253 5348 profertur,
3314 5294 3465 5335 arca-

1892 5382 2050 5430 num;
2084 5375 2138 5420 et
2160 5369 2285 5421 dum
2311 5366 2653 5436 intelligitur,
2690 5369 2936 5438 ignotum
2968 5382 3171 5426 manet.

1495 5676 1727 5733 νΑΒιΑΞ
1782 5676 2184 5735 LECTIONES.

279 5843 325 5875 ¹⁶
354 5846 468 5907 τοῖς
500 5842 810 5913 θεουμὲνοις
844 5843 934 5896 καὶ
970 5840 1391 5913 ᾁγαθυνομένοις
1412 5882 1425 5904 ,
1465 5841 1524 5895 1).

163 5918 237 5996 δι’
270 5918 341 5971 ὲκ
370 5914 471 5969 τοῦ
504 5909 802 5979 οἷοντέως,
840 5914 942 5969 (lli.
973 5909 1034 5969 1).
1069 5909 1309 5983 ἀφανῶς,
1348 5916 1403 5970 5.

1618 5843 1657 5869 ¹⁷
1691 5843 1718 5893 ὁ
1750 5841 2047 5913 ἀμίμητος,
2085 5841 2145 5897 Ρ.
2191 5845 2219 5896 ὁ
2262 5842 2515 5913 ἄμικτος,
2555 5846 2654 5900 Ch.

1479 5914 1522 5944 ³ο
1558 5912 1810 5979 ὲκφπνές,
1849 5912 1927 5973 8.
1952 5915 2011 5970 1).
2041 5914 2143 5970 Ch.
2219 5916 2261 5946 “
2299 5912 2621 5977 αἰνίττεται,
2695 5921 2737 5952 ²²
2776 5919 3262 5992 προσεληλυθέναι,
3300 5923 3363 5976 ὃ.

2733 5847 2775 5879 ¹⁸
2818 5848 2926 5899 τῶν
2973 5866 3077 5901 nuit
3124 5850 3283 5903 Italici.
3308 5849 3367 5902 1).
3400 5847 3459 5901 S.
