3892 6232
292 308 430 365 1075
1711 312 1813 366 EPI

1923 313 2038 369 )LA
2078 316 2140 371 ν.
3344 322 3484 378 107ςί

290 425 432 492 quod
464 440 529 478 ex
559 424 867 480 hominibus
910 434 1089 491 natus,
1132 426 1378 481 homines
1406 425 1560 495 longe
1591 437 1894 497 superaret,
1922 437 1976 483 et
1999 442 2160 496 supra
2220 428 2493 485 hominem
2558 445 2685 488 vere
2716 434 2878 487 homo
2912 435 3086 489 factus
3154 435 3243 489 sit.
3302 436 3481 490 Caete-

292 534 406 571 rum
432 518 606 571 divina
631 533 734 572 non
767 532 873 586 qua
896 518 1036 573 Deus
1067 519 1344 588 patrabat,
1386 531 1560 585 neque
1598 516 1835 571 humana
1867 527 2135 586 quatenus
2180 517 2340 573 homo
2404 521 2658 589 gerebat;
2709 523 2800 576 sed
2865 532 3136 590 quatenus
3168 534 3287 579 erat
3334 524 3478 581 Deus

288 616 344 663 et
390 610 550 664 homo
573 650 589 677 ,
618 623 809 664 novam
841 609 1125 679 quamdam
1155 610 1435 665 nobiscum
1463 611 1833 667 conversando
1870 608 2198 667 dei-virilem
2229 614 2596 682 operationem
2630 615 2939 673 exhibebat.

1425 911 1949 976 ADNOTATIONES
1999 918 2337 975 CORDERII.

352 1058 487 1113 Nota
520 1058 716 1126 primo.
751 1059 1022 1115 Christum
1057 1075 1161 1114 non
1195 1062 1273 1116 sic
1304 1062 1576 1116 hominem
1613 1062 1741 1127 dici,
1771 1062 1910 1115 sicut
1952 1061 2004 1114 in
2041 1060 2242 1113 Divinis
2276 1061 2567 1129 nominibus
2600 1060 2764 1114 Deum
2801 1063 3012 1115 vocavit
3048 1066 3247 1124 lucem,
3282 1062 3476 1129 vitam,

284 1130 635 1198 sapientiam,
690 1140 835 1192 etc.,
882 1130 1005 1197 quia
1056 1139 1137 1182 est
1179 1140 1369 1184 auctor
1412 1131 1580 1191 lucis.
1618 1132 1773 1195 vitae,
1809 1140 1954 1195 etc.;
1992 1132 2085 1182 sed
2124 1128 2343 1196 proprie
2389 1138 2442 1181 et
2489 1130 2916 1184 substantialiter
2964 1131 3234 1184 hominem
3271 1128 3478 1196 vocari,

284 1197 951 1321 proptterzsubstagtialem
988 1207 1196 1253 natura?
1229 1201 1475 1254 humanae
1511 1201 1563 1253 in
1599 1216 1828 1269 persona
1865 1198 2023 1253 Verbi
2061 1199 2337 1252 unionem.
2372 1199 2449 1253 De
2471 1214 2575 1269 qua
2602 1201 2723 1255 vide
2756 1200 2819 1255 D.
2841 1199 3105 1254 Thomam
3154 1199 3208 1252 in
3242 1214 3303 1253 ιιι
3329 1212 3476 1268 part.

284 1281 430 1321 aums
459 1309 473 1321 .
539 1308 555 1321 .
589 1277 691 1321 art.
764 1310 778 1321 .

324 1276 473 1322 utrst.
496 1276 555 1331 2,
589 1277 691 1324 art.
726 1276 778 1325 5.

282 1281 794 1409 quﬁgiazs’ezuiiJZZ
832 1336 1107 1409 Christum
1144 1352 1172 1390 a
1215 1338 1473 1409 Dionysi,0
1507 1337 1612 1391 δῖοί
1673 1338 1946 1392 hominem
1999 1336 2577 1409 ξυβτθευδδίωηίθιθτη
2630 1339 2744 1392 Sive
2795 1338 3265 1409 supmmmmem
3293 1377 3308 1401 ’
3351 1340 3477 1408 quia

282 1406 629 1460 Subsistentia
678 1407 856 1459 divina
899 1407 1137 1475 unioque
1180 1406 1537 1475 hyposiatica,
1571 1423 1672 1475 qua
1708 1410 1936 1461 humana
1972 1406 2089 1475 ejus
2123 1414 2314 1475 natura
2338 1409 2682 1475 terminatur
2742 1416 2796 1460 et
2830 1407 3092 1468 Subsistit,
3127 1422 3339 1461 omnem
3368 1406 3478 1461 “na-

286 1488 423 1529 tura:
449 1475 694 1597 olrdinem
733 1473 1087 1531 transcendit.
1114 1473 1268 1532 Unde
1297 1477 1549 1531 Christus
1580 1473 1793 1546 quoque
1827 1473 2235 1547 magis‘proprie
2259 1473 2635 1543 θεάνθρωπος,
2672 1477 2722 1531 id
2754 1486 2836 1531 est
2871 1475 3214 1541 Deus—homo,
3251 1478 3476 1542 dicitur,

286 1559 444 1597 uuam
496 1559 658 1597 nomo.

324 1560 444 1595 nam
479 1559 658 1597 nomo.

281 1559 728 1685 φιᾶῐοὶῑὲὶῖῒτῗξο,
766 1614 909 1685 quod
974 1617 1214 1669 actiones
1248 1630 1461 1684 quoque
1494 1615 1734 1679 Christi,
1770 1614 2048 1684 dignitatis
2080 1620 2206 1685 suat
2238 1611 2360 1685 plus
2406 1628 2567 1685 quam
2604 1620 2854 1685 humanae
2886 1614 2994 1685 imo
3027 1614 3316 1682 angelicas,
3350 1615 3478 1685 quia

283 1691 409 1736 sunt
440 1683 704 1753 suppositi
742 1682 933 1746 divini,
965 1694 1019 1738 et
1065 1680 1402 1751 merito‘eju's
1427 1700 1587 1753 opera
1625 1701 1729 1739 non
1767 1680 2001 1739 hu'mana
2037 1680 2128 1753 sed
2162 1680 2484 1753 Osav'o‘pixa,
2531 1685 2581 1736 id
2614 1694 2696 1739 est
2731 1684 2823 1736 Dei
2856 1682 3030 1736 virilia
3080 1680 3477 1752 nuncupantur.

286 1754 357 1807 De
389 1749 588 1819 quibus
616 1752 1043 1830 in_Actis__sexlze
1077 1753 1262 1830 synodi
1295 1749 1641 1830 (ecum-enices
1669 1756 1748 1807 sic
1770 1755 2048 1830 habetur;
2082 1749 2374 1830 Utriusque
2406 1762 2613 1807 natura!
2650 1762 2937 1830 utramque
2965 1749 3332 1830 operationem
3369 1754 3478 1807 sci-

282 1837 426 1891 mus,
477 1822 776 1875 naturalem
826 1822 945 1891 dico
991 1833 1047 1876 et
1090 1821 1518 1886 substantialem,
1566 1832 1620 1876 et
1652 1839 1947 1891 congruam
1996 1822 2115 1891 sine
2152 1821 2415 1891 divisione
2452 1836 2514 1875 ex
2546 1832 2806 1891 utraque,
2841 1821 3137 1891 substantia
3170 1830 3228 1891 et
3260 1831 3481 1885 natura,

281 1890 664 1961 prodeuntem,
691 1890 981 1944 secundum
1016 1892 1383 1959 Operationem
1419 1901 1471 1944 et
1507 1888 1824 1961 qualitatem
1862 1890 2183 1961 naturaliter
2216 1888 2481 1961 insitam;
2502 1902 2556 1945 et
2581 1888 2739 1961 simul
2766 1905 2940 1959 neque
2965 1890 3270 1956 partibilem
3303 1904 3480 1960 neque

279 1959 564 2012 contusam
595 1959 913 2028 alterutrius
933 1958 1254 2014 substantizr
1277 1958 1646 2028 Operationem
1673 1960 1959 2028 conjuncte
1990 1960 2290 2028 inductam,
2323 1958 2425 2011 hoc
2459 1960 2587 2014 facit
2618 1958 2977 2014 differentiam
3014 1958 3476 2027 operationum‘in

279 2028 519 2089 Christo,
553 2028 694 2098 sient
724 2036 777 2082 et
811 2026 1169 2083 diﬂ’erentiam
1204 2026 1543 2098 naturarum.
1585 2030 1682 2085 Ubi
1715 2026 1946 2084 observa
1980 2043 2100 2083 cum
2136 2026 2431 2098 Turriano,
2456 2031 2598 2098 quod
2634 2031 2775 2083 dicat
2799 2031 2913 2082 sine
2943 2026 3220 2098 divisione,
3271 2029 3480 2083 scilicet

279 2111 545 2164 personae.
587 2096 703 2151 Non
749 2097 890 2150 enim
938 2107 1156 2166 propter
1189 2096 1546 2154 diﬂ'erentiam
1593 2100 2021 2153 substantiarum
2066 2097 2347 2166 divina:_et_
2374 2096 2642 2166 humanm,
2690 2098 2898 2152 divisus
2926 2106 3007 2151 est
3047 2097 3311 2157 Christus,
3347 2099 3477 2166 quin

280 2167 458 2233 potius
486 2167 625 2220 idem
655 2175 734 2221 est
765 2164 1047 2232 perfectus
1071 2168 1210 2221 Deus
1241 2177 1294 2223 et
1326 2169 1597 2237 perlectus
1631 2169 1811 2221 homo.
1866 2169 2074 2222 Rursus
2105 2168 2218 2220 sine
2245 2164 2525 2237 divisione,
2560 2168 2685 2237 quia
2743 2168 2989 2237 Operatio
3018 2166 3213 2237 divinae
3245 2164 3476 2231 naturae,

254 2244 362 2289 est
391 2246 636 2307 operatio
671 2236 831 2307 trium
861 2251 1234 2307 personarum,
1258 2233 1487 2307 quarum
1545 2238 2006 2307 unitasaessentia:
2039 2239 2121 2304 (ut
2151 2242 2234 2288 est
2263 2233 2315 2285 in
2354 2240 2561 2303 synodo
2576 2233 3017 2302 'sexta,'actione
3042 2236 3129 2307 li)
3160 2250 3262 2291 non
3302 2245 3479 2307 potest

277 2304 495 2376 partiri,
530 2319 629 2359 nec
664 2303 1043 2376 alteriunitati
1069 2303 1330 2373 copulari,
1358 2310 1452 2359 sed
1488 2308 1668 2376 potius
1705 2306 1999 2375 singularis
2026 2303 2132 2376 est,
2168 2310 2223 2356 et
2274 2313 2427 2376 extra
2462 2320 2675 2358 omnem
2709 2320 3015 2358 numerum.
3041 2304 3192 2376 Item,
3220 2303 3479 2376 Operatio-

278 2389 392 2425 nem
421 2372 727 2445 alterutrius
756 2374 1064 2445 substantiis
1090 2376 1385 2443 conjuncta?
1415 2372 1687 2428 inductam
1714 2372 1876 2441 dicit;
1906 2376 2032 2445 quia
2061 2373 2490 2445 sicaoperabatcur
2521 2386 2751 2445 utraque
2787 2383 2982 2445 natura
3010 2372 3154 2441 quod
3200 2374 3481 2445 proprium

276 2450 417 2507 erat,
444 2453 501 2496 ut
530 2443 699 2496 altera
734 2443 893 2497 simul
929 2440 1249 2511 operaretur
1292 2446 1677 2499 convenienter
1702 2444 1826 2511 sibi,
1861 2440 2006 2499 et'ut
2038 2457 2096 2497 se
2130 2440 2532 2511 decebat._Sive
2576 2440 2719 2497 enim
2761 2440 3104 2510 operationes
3149 2440 3335 2495 essent
3368 2441 3479 2511 Deo

277 2514 687 2581 convenientes,
718 2521 775 2565 ut
808 2507 1216 2576 miraculorum,
1238 2529 1368 2568 caro
1394 2514 1749 2581 operabatur;
1787 2507 1844 2566 ut
1877 2528 2001 2567 cum
2037 2517 2313 2581 potestate
2342 2508 2521 2581 divina
2552 2507 2866 2565 remittebat
2894 2518 3146 2581 peccata,
3186 2519 3240 2564 et
3267 2525 3364 2581 ore
3388 2507 3473 2581 _di-

276 2580 468 2650 cebat:
506 2580 861 2634 Remittuntur
892 2582 985 2634 tibi
1008 2593 1217 2650 peccata
1246 2594 1335 2635 Ista
1358 2578 1442 2647 ι’;⁷
1468 2592 1521 2637 et
1557 2590 1823 2647 potestate
1856 2578 2049 2636 divina
2074 2578 2390 2635 restituebat
2439 2580 2611 2650 visum
2629 2588 2680 2646 ⁸,
2706 2578 2954 2650 etamanu
3012 2592 3068 2633 et
3097 2588 3254 2646 sputo
3287 2578 3480 2633 linibat

274 2649 464 2703 oculos
484 2651 501 2686 ί
526 2663 543 2703 :
575 2650 688 2704 sive
716 2650 1055 2717 operationes
1086 2651 1335 2705 humana:
1365 2660 1574 2706 natura:
1600 2652 1991 2714 convenirent;
2020 2660 2079 2704 ut
2102 2650 2281 2707 sitire,
2309 2649 2542 2718 esurire,
2574 2649 2855 2718 fatigari“.
2889 2649 3123 2704 Verbum
3148 2650 3478 2715 operabatur

348 2720 639 2772 rmittendo
667 2729 721 2772 et
742 2715 1009 2784 volendo;
1035 2720 1149 2774 sive
1176 2722 1524 2788 operationes
1566 2729 1745 2774 essent
1778 2722 1976 2785 mistaz,
2028 2721 2080 2772 id
2113 2729 2195 2772 est
2239 2715 2431 2788 partim
2472 2715 2700 2781 divinae;
2734 2720 2931 2787 partim
2965 2718 3233 2788 humanae,
3268 2718 3368 2788 hoc
3394 2727 3478 2770 est

355 2802 387 2857 ο
411 2789 793 2842 convenientes
811 2798 865 2840 et
890 2783 1120 2851 homini,
1153 2783 1227 2843 ut'
1246 2791 1524 2843 ambulare
1548 2804 1709 2857 super
1740 2804 1889 2842 mare
1907 2783 1968 2855 *ς’
1987 2788 2268 2841 ambulare
2299 2783 2442 2857 enim
2480 2783 3092 2857 hominiconveniebat,
3114 2800 3222 2857 non
3249 2787 3476 2857 deprimi

276 2856 602 2928 ambulando
634 2872 796 2928 super
830 2873 1002 2928 mare,
1038 2857 1202 2912 Deum
1237 2860 1495 2925 decebat;
1526 2854 1645 2927 qua:
1671 2854 2017 2927 operationes
2039 2895 2056 2923 ,
2091 2859 2169 2913 uti
2201 2867 2362 2922 supra
2394 2854 2653 2925 diximus,
2684 2856 2994 2928 θεανδρικαί
3037 2871 3069 2910 a
3113 2854 3365 2925 Dionysio
3396 2855 3479 2909 di-

273 2936 492 2990 cuntur,
518 2926 570 2980 id
605 2939 691 2981 est
722 2926 880 2980 simul
917 2927 1110 2981 divina:
1140 2937 1195 2983 et
1228 2930 1498 2983 humanas.

353 3055 483 3114 Vide
513 3058 693 3115 Schol.
725 3061 783 3117 S.
815 3061 1038 3116 Maximi
1067 3072 1115 3117 et
1142 3060 1379 3133 Pamph.
1414 3061 1668 3135 Pachyni.
1698 3064 1754 3119 in
1778 3064 2019 3135 Epistula
2043 3064 2098 3131 4,
2126 3075 2251 3119 tom.
2279 3064 2363 3120 ll.

284 3234 2992 3262 W

682 3412 1240 3498 ΕΠΙΣΤΟΛΗ
1291 3413 1415 3499 E'.
1853 3411 1901 3467 Α

641 3554 965 3624 samem
1000 3554 1435 3623 ΛΕΙΤΟΥΡΓῼ.

2316 3420 2897 3513 EPISTOLA
2961 3425 3077 3511 V.

2271 3557 2670 3615 DOROTHEO
2710 3556 3099 3614 HINISTRO.

1492 3713 1823 3773 SYNOPSIS
1868 3715 2246 3773 EPISTOLIE.

806 3848 1049 3917 Explicat
1068 3851 1194 3920 quid
1222 3853 1290 3905 sit
1314 3852 1485 3923 caligo
1522 3854 1719 3919 divina,
1756 3854 1820 3909 de
1839 3870 1945 3925 qua
1968 3855 2072 3926 egit
2101 3854 2236 3908 libro
2268 3854 2343 3908 De
2369 3853 2597 3925 mystica
2626 3850 2917 3922 theologia.

1990 4014 2180 4068 Divina
2209 4014 2381 4083 caligo
2413 4014 2505 4067 lux
2531 4023 2616 4067 est
2639 4010 2937 4077 inaccessa,
2961 4024 3122 4078 quam
3162 4006 3468 4061 inhabitare

1921 4106 2061 4160 Deus
2087 4104 2398 4174 perhibetur
2418 4116 2465 4157 ι.
2498 4104 2565 4157 Et
2597 4118 2719 4159 cum
2747 4103 2965 4171 quidem
2997 4101 3067 4156 sit
3103 4097 3464 4168 inaspectabi-

350 4008 407 4062 '0
439 4008 578 4071 θεῖος
610 4009 803 4075 γνόφος
837 4009 951 4062 ἐστὶ
968 4008 1027 4061 τὸ
1047 4009 1333 4080 ἀπρόσιτον
1366 4010 1499 4080 φῶς,
1531 4013 1587 4065 ὲν
1618 4004 1661 4078 ᾧ
1694 4029 1819 4065 κατ-

266 4101 433 4153 οικεῖν
463 4101 493 4151 ὀ
523 4098 652 4161 Θεὸς
684 4099 913 4167 λέγεται.
948 4101 1056 4153 Καὶ
1095 4100 1308 4171 ἀοράτῳ
1352 4118 1414 4169 γε
1446 4102 1557 4154 ὄντι
1599 4102 1686 4155 διὰ
1718 4103 1817 4174 τὴν

268 4190 635 4260 ὑπερέχουσαν
652 4190 694 4219 ⁸⁷
742 4190 1048 4259 φανότητα,
1084 4191 1175 4243 καὶ
1227 4191 1502 4262 ἁπροσίτῳ
1549 4192 1624 4262 τῷ
1670 4193 1816 4263 αὐτῷ

266 4281 352 4334 διὰ
381 4281 478 4351 τὴν
510 4280 808 4351 ὺπρὸολὴν
838 4282 936 4351 τῆς
968 4282 1286 4353 ὑπερουσίου
1303 4284 1347 4314 ³⁸
1380 4284 1730 4354 φωτοχυσίας,
1757 4287 1815 4338 ὲν

266 4368 435 4440 τούτῳ
465 4370 704 4438 γίγνεται
737 4372 842 4434 πᾶς
874 4373 902 4423 ὁ
933 4371 1061 4424 Θεὸν
1092 4372 1291 4441 γνῶναι
1336 4374 1431 4426 καὶ
1477 4374 1599 4427 ἰδεῖν
1632 4374 1812 4441 ἀξιού-

270 4476 424 4528 μενος
443 4500 458 4523 ,
492 4460 638 4530 αὑτῷ
668 4460 744 4530 τῷ
778 4460 851 4531 μὴ
881 4462 1013 4531 ὁρᾷν
1034 4501 1047 4524 ,
1087 4463 1219 4532 μηδὲ
1251 4462 1533 4531 γινώσκειν
1556 4506 1569 4529 ,
1604 4465 1816 4536 ἀληθῶς

264 4553 322 4601 ἐν
353 4548 431 4619 τῷ
462 4550 599 4620 ὑπὲρ
641 4551 828 4621 ὅρασιν
874 4552 966 4603 καὶ
1012 4551 1209 4618 γνῶσιν
1259 4554 1609 4624 γιγνόμενος,
1660 4555 1816 4609 τοῦτο

261 4640 394 4692 αὐτὸ
423 4640 736 4709 γιγνώσκων
758 4679 772 4705 ,
806 4642 884 4695 ὅτι
921 4642 1052 4711 μετὰ
1088 4644 1261 4697 πάντα
1309 4647 1422 4698 ἐστὶ
1468 4646 1537 4698 τὰ
1584 4646 1809 4717 αἰσθητὰ

1919 4195 2398 4265 lis,591propter
2412 4193 2796 4249 exuberantem
2809 4189 3236 4262 supernaturalis
3249 4187 3466 4241 luminis

1918 4286 2257 4347 effusionem,
2288 4285 2355 4338 ad
2380 4285 2521 4339 hanc
2546 4284 2826 4354 pertingit,
2846 4282 3088 4352 quisquis
3115 4279 3276 4331 Deum
3306 4291 3467 4331 nosse

1920 4394 1982 4432 ac
2015 4378 2200 4432 videre
2226 4377 2463 4440 meruit,
2508 4390 2685 4445 eoque
2718 4376 2832 4444 ipso
2863 4388 2970 4442 quo
2999 4386 3175 4440 neque
3198 4370 3346 4424 videt
3371 4384 3466 4422 ne-

1919 4483 2024 4538 que
2064 4470 2367 4539 cognoscit,
2401 4468 2456 4521 in
2486 4466 2575 4520 illo
2600 4480 2751 4529 vere,
2778 4466 2867 4533 qui
2898 4464 3161 4517 visionem
3195 4468 3250 4514 et
3280 4458 3465 4528 cognio

1920 4560 2121 4613 tionem
2162 4566 2403 4625 superat,
2428 4556 2609 4610 existit
2648 4556 2748 4609 hoc
2775 4554 2946 4623 ipsum
2981 4551 3197 4611 sciens,
3242 4561 3366 4600 eum
3409 4546 3462 4597 in

1914 4649 2196 4712 omnibus,
2253 4654 2361 4701 tam
2425 4646 2711 4701 sensilibus
2784 4658 2946 4713 quam
3020 4637 3461 4696 intellectilibus,

262 4730 356 4781 καὶ
398 4729 467 4781 τὰ
517 4730 717 4799 νοητὰ,
766 4732 859 4783 καὶ
906 4732 1257 4801 προφητικῶς
1305 4732 1478 4803 ὲρῶνο
1529 4735 1810 4803 Ἐθαυμα-

1923 4742 2181 4806 existere,
2210 4749 2264 4793 et
2299 4754 2421 4793 cum
2456 4738 2723 4806 Propheta
2763 4734 3159 4806 pronuntians:
3195 4728 3461 4783 Mirabilis

261 4819 456 4887 στώθη
496 4822 534 4887 ὴ
571 4822 791 4888 γνῶσίς
825 4835 939 4875 σου
974 4822 1042 4885 ἐξ
1076 4823 1217 4891 ἐμοῦ
1240 4825 1305 4887 ’³,
1328 4823 1702 4893 ἐκραταιώθη,
1739 4828 1811 4880 οὐ

255 4908 342 4977 μὴ
362 4909 619 4977 δύνωμαι
655 4910 804 4976 πρὸς
838 4912 1047 4977 αὐτήν.
1087 4914 1294 4985 ’Ὥσπερ
1324 4911 1415 4968 οὖν
1460 4918 1553 4968 καὶ
1595 4918 1623 4968 ὁ
1674 4917 1812 4980 θεῖος

260 4998 467 5062 Παῦλος
499 5000 791 5068 ἐγνωκέναι
822 5001 911 5054 τὸν
961 5002 1091 5055 Θεὸν
1142 5002 1389 5071 λέγεται,
1443 5006 1602 5073 γνοὺς
1652 5007 1812 5060 αὐτὸν

1912 4833 2053 4899 facta
2079 4840 2155 4884 est
2183 4832 2399 4884 scientia
2426 4839 2517 4882 tua
2561 4844 2625 4884 ea:
2663 4844 2767 4892 me,
2810 4826 3108 4893 confortata
3136 4831 3233 4886 est,
3265 4830 3314 4874 et
3358 4832 3462 4872 non

1912 4929 2091 4987 potero
2121 4921 2189 4972 ad
2218 4935 2331 4973 eam
2348 4928 2397 4973 Υ.
2432 4918 2893 4985 Quemadmodum
2934 4915 3097 4969 etiam
3128 4911 3280 4967 divus
3314 4908 3458 4962 Pan-

1916 5008 1999 5063 lus
2032 5008 2198 5063 Deum
2243 5010 2560 5079 cognovisse
2596 5008 2814 5074 dicitur,
2844 5006 3059 5075 quando
3101 5003 3251 5060 illum
3295 5013 3456 5068 supra

260 5089 402 5160 ὑπὲρ
434 5090 611 5142 πᾶσαν
643 5090 770 5143 ὄντα
800 5091 979 5161 νόησιν
1012 5094 1103 5145 καὶ
1134 5090 1363 5161 γνῶσιν·
1399 5095 1479 5149 διὸ
1512 5098 1605 5150 καὶ
1636 5098 1813 5164 ἀνεξι-

1923 5112 2129 5153 omuem
2156 5099 2436 5151 scientiam
2475 5106 2530 5151 et
2557 5097 2969 5167 intelligentiam
2994 5095 3227 5150 existere
3258 5105 3457 5161 cogno-

334 5254 355 5317 γ
393 5245 582 5299 Matth.
616 5260 697 5307 ιιι,
860 5254 885 5282 ⁸
908 5244 1038 5302 Luc.
1082 5264 1236 5315 ιινιιι,
1272 5249 1359 5302 42.
1440 5250 1458 5286 ί
1492 5250 1647 5306 Joan.
1683 5266 1757 5317 Ix,
1792 5252 1814 5306 ε

1923 5262 1947 5290 ιι
1979 5251 2137 5307 Joan.
2171 5270 2283 5307 xu.
2357 5263 2385 5293 ν
2422 5253 2613 5311 Matth.
2649 5268 2760 5317 xlv,
2793 5252 2888 5307 25.
2962 5264 2991 5294 ι
3023 5250 3044 5305 ι
3085 5250 3216 5306 Tim.
3250 5264 3327 5314 Vl,
3363 5249 3450 5305 l6.

260 5322 288 5361 γ
324 5314 442 5370 l’sal
496 5331 761 5382 cxxxvm,
797 5320 849 5372 6.

1544 5469 1776 5528 VARUE
1814 5469 2209 5525 LEC'l‘lONES.

328 5627 374 5662 ’τ
408 5625 753 5700 ὕπερουσίαν,
789 5628 847 5689 3.
884 5629 975 5690 Sc.
1015 5632 1059 5665 "
1090 5630 1156 5685 'o‘.’
1190 5630 1859 5705 iii-remolhvﬁmpouoiav,
1893 5630 1952 5687 D.
1980 5631 2036 5687 S.
2061 5631 2121 5687 P.
2193 5636 2234 5667 '9
2269 5633 2360 5688 ἀπ’
2394 5630 2547 5704 ἐμοῦ,
2580 5631 2680 5690 Ch.
2702 5632 2767 5689 Ι).
2791 5622 2855 5689 S.
