3892 6232
263 238 403 293 ίθῖἷ

294 396 626 417 ο----1

639 606 642 615 η
674 547 1234 634 ΕΠΙΣΤΟΛΗ
1308 553 1406 630 τῖ’.

676 688 945 742 sanna
957 690 1088 759 ΤΡῼ
1148 654 1390 742 ἰΕΡίΞί

1674 232 2005 290 EPISTOLA
2049 233 2153 289 VII.

3364 234 3519 291 107$

2308 549 2886 643 EPISTOLA
2948 554 3103 644 VI.

2278 684 2686 743 SOSIPATRO
2727 685 3161 745 SACERDOTI.

1528 839 1853 896 SYNOPSIS
1886 838 2260 915 EPISTOLE.

332 997 531 1056 Suadet
574 996 873 1067 Sosipatro,
910 1005 996 1058 ,ιιι
1042 1013 1146 1051 non
1194 1005 1304 1050 tam
1350 996 1405 1051 in
1461 996 1616 1065 falsis
1676 997 2009 1065 opinionibus
2048 998 2351 1070 arguendis,
2399 1016 2557 1071 quam
2614 998 2697 1071 in]
2724 1003 2940 1058 veritate
2997 1002 3314 1058 stabilienda
3370 1023 3421 1060 se

1756 1078 1987 1137 occupet.
2705 1076 2711 1084 ’

328 1207 419 1278 Μὴ
448 1206 606 1259 τοῦτο
636 1205 746 1258 οῐου
780 1206 955 1277 νίκην,
984 1206 1095 1277 ἱερὲ
1130 1206 1468 1276 Σωσίπατρε,
1503 1203 1563 1257 τὸ
1595 1206 1675 1267 εἰς
1708 1204 1832 1274 θρη-

254 1298 444 1353 σκείαν
476 1297 509 1367 ἢ
542 1296 698 1363 δόξαν
720 1296 957 1366 ὑϐρίσαι,
983 1296 1057 1367 μὴ
1089 1295 1295 1366 ἀγαθὴν
1329 1294 1656 1364 φαινομένην
1675 1312 1687 1322 ·
1710 1294 1832 1346 ούδὲ

250 1388 365 1459 γὰρ
394 1388 504 1440 οὐδ’
538 1389 586 1440 εί
619 1386 960 1459 κεκριμένως
1009 1388 1178 1457 αὐτὴν
1228 1384 1558 1453 ἐξελέγξεις,
1609 1385 1709 1455 ἠδη
1759 1385 1828 1438 τὰ

250 1479 606 1551 Σωσιπάτρου
652 1478 824 1532 κα.λά-
859 1479 1082 1535 δυνατδν
1129 1479 1238 1551 γὰρ
1270 1479 1363 1531 καὶ
1412 1479 1472 1531 σὲ
1501 1479 1593 1530 καὶ
1638 1476 1828 1541 ἀλλους

250 1573 315 1626 ὲν
346 1570 559 1635 πολλοῖς
590 1575 703 1635 τοῖς
733 1570 952 1640 ψεύδεσι
984 1571 1077 1625 καὶ
1124 1570 1499 1641 φαινομένοις,
1556 1567 1614 1620 ἓν
1644 1568 1703 1621 ὃν
1735 1570 1828 1621 καὶ

250 1659 481 1731 κρύφιον
530 1662 590 1715 τὸ
639 1663 837 1732 ἀληθὲς
868 1662 1170 1716 λανθάνειν.
1225 1661 1359 1715 Οὐδὲ
1404 1660 1545 1730 γὰρ,
1582 1659 1635 1712 εἴ
1661 1676 1714 1711 τι
1752 1661 1825 1730 μὴ

249 1750 501 1821 ἐρυθρὸν,
524 1753 623 1823 ἤδη
643 1752 858 1807 λευκόψ
895 1753 1036 1817 οὐδὲ,
1068 1754 1120 1805 εί
1146 1770 1229 1816 τις
1256 1751 1329 1822 μὴ
1356 1752 1537 1814 ἵππος,
1573 1749 1631 1815 ἐξ
1664 1750 1828 1817 ἀνάγ-

249 1857 356 1911 κης
387 1841 693 1913 ἄνθρωπος.
717 1842 877 1898 Οὕτω
908 1845 964 1897 δὲ
1011 1845 1274 1915 ποιήσεις,
1320 1844 1445 1914 ἐμοὶ
1478 1842 1824 1912 πειθόμενος·

245 1932 427 2005 ἀφέξῃ
479 1934 575 2004 μὲν
606 1932 699 1987 τοῦ
732 1935 854 1988 καθ’
887 1934 1089 2007 ἑτέρων
1121 1935 1302 2005 λέγειν
1322 1974 1336 1999 ,
1387 1934 1527 2006 ὑπὲρ
1572 1932 1826 2003 ἀληθείας

246 2022 309 2075 δὲ
339 2020 510 2085 οὕτως
555 2025 700 2095 ἐρεῖς
718 2024 799 2090 ⁸⁰,’
834 2024 909 2087 ὡς
942 2022 1123 2096 πάντη
1170 2020 1312 2078 εἶναι
1361 2021 1720 2091 ἀνεξέλεγκτα
1757 2020 1828 2073 τὰ

247 2112 540 2184 λεγόμενα.

2002 1204 2123 1261 Noli
2149 1208 2253 1262 hoc
2284 1214 2476 1277 putare
2502 1208 2785 1264 victoriam
2810 1250 2827 1275 ,
2858 1212 3165 1266 venerande
3189 1211 3488 1285 Sosipater.

1930 1298 2072 1369 quod
2114 1300 2165 1353 in
2199 1313 2320 1353 eam
2349 1300 2668 1369 religionem
2714 1301 2798 1355 vel
2844 1302 3151 1371 opinionem
3194 1302 3486 1366 inveheris,

1928 1408 2049 1462 qute
2075 1407 2181 1447 non
2209 1392 2351 1447 bona
2380 1391 2663 1456 videatur;
2691 1407 2864 1461 neque
2892 1393 3075 1458 enim,”
3105 1393 3152 1447 si
3178 1392 3323 1446 illam
3344 1402 3492 1448 recte

1927 1498 2230 1549 coarguas,
2284 1484 2549 1537 continuo
2593 1482 2863 1553 Sosipatri
2914 1498 3003 1537 res
3064 1484 3202 1539 bene
3256 1484 3486 1548 habent;

1924 1583 2104 1644 potest
2135 1576 2279 1630 enim
2312 1585 2418 1629 tam
2446 1582 2499 1629 te
2519 1588 2681 1643 quam
2713 1573 2871 1640 alios,
2898 1572 3045 1627 inter
3079 1573 3245 1627 multa
3272 1573 3404 1627 falsa
3433 1579 3490 1626 et

1930 1667 2246 1737 apparentia
2285 1681 2449 1720 unum
2496 1665 2624 1720 illud
2662 1674 2721 1719 et
2761 1664 3036 1728 occultum
3080 1672 3136 1719 et
3184 1678 3372 1719 verum
3417 1662 3493 1716 la-

1932 1767 2067 1816 tere.
2114 1756 2304 1826 Neque
2356 1759 2502 1813 enim
2538 1766 2598 1811 ut
2646 1755 2773 1826 quid
2823 1754 3047 1809 rutilum
3084 1768 3191 1809 non
3235 1753 3342 1819 sit,
3374 1753 3487 1820 jam

1931 1851 2189 1905 continuo
2217 1848 2396 1901 album
2430 1856 2512 1902 est
2536 1865 2552 1914 ;
2581 1860 2779 1916 neque,
2810 1846 2859 1899 si
2889 1844 3014 1914 quis
3042 1859 3149 1899 non
3172 1857 3366 1913 equus,
3388 1855 3486 1895 ue-

1931 1940 2169 1995 cessario
2203 1948 2285 1993 est
2310 1939 2494 1993 homo.
2520 1939 2612 1993 Sic
2635 1937 2838 2007 itaque,
2865 1937 2910 1991 si
2934 1950 3018 1991 me
3040 1934 3249 1998 audies,
3276 1932 3479 1995 facito;

1927 2033 2156 2088 desistes
2182 2030 2402 2100 quidem
2441 2033 2699 2085 adversus
2728 2029 2866 2085 alios
2896 2029 3095 2092 dicere,
3144 2026 3237 2083 sed
3263 2026 3486 2080 omnino

1855 2117 1901 2172 B
1929 2126 2003 2179 ita
2025 2137 2127 2193 pro
2150 2122 2382 2177 veritate
2409 2120 2579 2188 dices,
2606 2127 2668 2174 ut
2690 2126 2746 2175 et
2772 2133 2836 2174 ea
2861 2132 2980 2189 quae
3033 2118 3289 2173 dicuntur
3315 2114 3484 2169 refelli

1928 2232 2039 2271 non
2070 2215 2313 2272 valeant.

1319 2527 1478 2598 593
1516 2518 2043 2582 ADNOTATIONES
2081 2515 2429 2575 CORDERII.

323 2668 457 2723 Nota
505 2666 985 2737 prudentissimum
1010 2661 1269 2737 Dionysii
1311 2659 1590 2737 consilium
1622 2670 1727 2737 pro
1761 2655 1826 2737 iis
1853 2654 1948 2737 qui
1989 2645 3310 2737 aguntncumbaeret‘i‘cisLcu‘quu‘ibus‘nonfst
3338 2654 3482 2737 cog-.-

247 2740 483 2792 tentiose
509 2734 854 2807 'arguendum
878 2776 892 2799 ,
929 2736 1055 2807 quia
1074 2734 1150 2807 ‘id

1236 2709 2053 2793 arum-utiieves't,ijuxta'illudv
2068 2723 2135 2775 ad
2167 2721 2349 2793 Titum
2393 2736 2479 2786 ιιι,
2510 2719 2543 2772 9
2579 2734 2593 2769 :
2628 2709 2991 2793 Contentibnes
3025 2722 3074 2766 et
3109 2728 3310 2781 pugnas
3355 2709 3481 2778 legis

247 2784 1055 2869 5.3537311;‘éh‘iﬁ'iiiuléii
1072 2784 1298 2857 Prodest
1327 2810 1507 2853 autem
1535 2784 1781 2867 proferre
1800 2807 1866 2849 ac
1895 2793 2137 2848 stabilire
2169 2784 2495 2853 veritatem,
2531 2802 2638 2856 qua
2671 2784 2887 2854 εοεηίιθ
2910 2797 3170 2851 veriores
3193 2797 3298 2835 “0"
3326 2793 3483 2833 seu“

247 2892 315 2931 ac
344 2876 580 2931 tenebrae
614 2877 667 2929 in
695 2876 816 2928 luce
850 2880 1200 2928 evanescunt.

271 3019 282 3031 ο
335 2984 461 3040 Vide
498 2983 684 3041 Schol.
715 2983 775 3040 S.
805 2983 1028 3037 Maximi
1055 2990 1106 3036 et
1134 2981 1400 3051 Paraphr.
1428 2968 1679 3048 Pachym.
1723 2977 1782 3031 in
1820 2971 2050 3045 Epistol.
2080 2970 2138 3037 6,
2169 2981 2295 3039 tom.
2333 2969 2436 3023 II.‘

262 3116 3451 3163 ~——-——————-———-——————————__.__—__—-—_—

673 3204 1271 3293 EIIIZTOAH'
1308 3208 1411 3292 Z'.

536 3390 543 3395 .
611 3350 757 3400 ηυΑ
771 3344 1062 3414 nuptm
1112 3344 1472 3413 'iEPAan.

2264 3152 2849 3288 EPISTOLA
2916 3197 3137 3288 vn.

2246 3332 2681 3392 POLYCARPO
2701 3331 3129 3411 'ANTISTITI.

1488 3497 1818 3553 SYNOPSIS
1856 3496 2237 3553 EPISTOLIE.

246 3636 296 3694 I’.‘
334 3635 531 3701 Docet,
574 3637 821 3692 adversus
862 3636 1098 3705 inﬁdeles
1142 3651 1244 3705 non
1286 3651 1400 3688 esse
1442 3636 1818 3705 contentiosius
1860 3634 2158 3704 agendum,
2194 3632 2303 3705 sed
2330 3629 3049 3705 veritatem_stabiliendam,
3083 3624 3477 3705 qua-stabilita.

323 3694 532 3776 falsitas
559 3724 654 3774 per
678 3724 732 3761 se
762 3694 987 3776 corruet.
1039 3704 1102 3759 ΙΙ.
1140 3703 1381 3757 Convitia
1414 3703 1707 3776 inﬁdelium
1734 3694 1918 3776 parum
1959 3719 2071 3776 esse
2100 3694 2373 3776 curanda,
2417 3712 2464 3754 et
2507 3704 2562 3754 in
2602 3702 2742 3767 ipsos
2775 3694 3151 3776 retorquent“.
3203 3694 3269 3747 Et
3319 3694 3477 3776 simul

322 3763 631 3845 argumenta
670 3777 897 3844 suggerit
943 3774 1243 3845 Polycarpo
1268 3763 1679 3845 rquibusuconlra
1725 3763 2133 3845 Apollophanem
2170 3774 2248 3845 uti
2276 3763 2514 3845 debeat,
2547 3763 2837 3845 praesertim
2861 3784 2902 3845 ’ρ
2931 3763 3237 3845 ρτοιζὶθὶοδα
3266 3763 3477 3845 eclipsi,

319 3834 477 3913 quam
511 3834 896 3912 Apollophane:
926 3861 1030 3897 una
1046 3834 1181 3897 "cum.
1208 3834 1464 3913 Dionysio
1509 3834 2017 3911 spectavit'tempore
2046 3841 2404 3910 cruci/ixionis
2451 3834 2671 3894 Christi.
2718 3838 2804 3892 ιιι.
2850 3834 2939 3890 Eni
2966 3836 3239 3905 ipsiusmet
3270 3834 3479 3901 confes-

324 3912 470 3969 sione
499 3916 725 3969 ostendit
758 3918 927 3984 ipsum
958 3915 1059 3967 ista
1089 3913 1271 3982 eclipsi
1311 3912 1624 3967 convictum.

1796 4070 1895 4145 51

317 4206 461 4278 Ἐγὼ
493 4209 589 4281 μὲν
616 4209 716 4263 οὐκ
742 4205 855 4261 οἶδα
898 4207 1032 4280 πρὸς
1064 4208 1389 4279 ’Έλληναςῆ
1431 4209 1567 4280 πρὸς
1596 4210 1814 4281 ἐτέρους

246 4301 441 4365 εἰπὼν,
471 4304 659 4372 ἀρκεῖν
687 4301 927 4370 οἰόμενος
956 4301 1177 4368 ἀγαθοῖς
1205 4301 1457 4371 ἀνδράσιν
1476 4340 1491 4364 ,
1522 4304 1569 4354 εί
1597 4301 1656 4354 τὸ
1685 4301 1814 4371 ἀλη-

246 4395 342 4457 θὲς
374 4395 614 4461 αύτὸ·ὲφ’
646 4391 839 4445 ἐαυτοῦ
871 4393 1179 4463 δυνήσοιντο
1222 4394 1315 4446 καὶ
1359 4394 1559 4463 γνῶναι
1606 4396 1700 4447 καὶ
1736 4396 1814 4447 εἰ-

244 4489 389 4551 πεῖν,
483 4485 649 4548 ὅντως
678 4484 805 4555 ἔχει.
829 4486 1028 4538 Τούτου
1057 4486 1184 4557 γὰρ,
1216 4488 1244 4538 ὃ
1270 4503 1321 4538 τι
1352 4486 1480 4539 ποτέ
1508 4486 1644 4550 ὲστι,
1675 4485 1815 4540 κατὰ

1992 4209 2248 4276 Equidem
2267 4208 2407 4263 haud
2436 4208 2561 4263 scio-
2578 4220 2665 4262 me
2694 4210 2950 4261 adversus
2967 4206 3194 4276 gentiles
3223 4214 3315 4261 aut
3340 4206 3479 4263 alios

1922 4304 2211 4364 invectum,
2247 4308 2396 4354 ratus
2424 4301 2556 4357 viris
2586 4300 2771 4370 probis
2802 4314 2922 4354 esse
2950 4300 3103 4363 satis,
3132 4299 3177 4352 si
3214 4299 3387 4367 ipsam
3420 4300 3476 4353 in

1919 4403 1978 4444 se
2025 4390 2304 4444 veritatem
2364 4398 2418 4444 et
2472 4405 2770 4460 agnoscere
2828 4399 2883 4444 et
2927 4388 3173 4457 proferre
3244 4388 3477 4457 possint,

1918 4491 2078 4552 prout
2108 4497 2297 4537 revera
2334 4497 2395 4538 se
2419 4484 2600 4539 habet.
2640 4482 2739 4538 Ubi
2774 4483 2919 4538 enim
2952 4482 3211 4550 quidquid
3243 4492 3328 4536 est
3358 4482 3476 4552 lege

244 4580 409 4650 νόμον
437 4578 692 4653 ἀληθείας
734 4578 908 4648 ὀρθῶς
939 4578 1391 4648 ἀποδεικνυμένου
1413 4618 1426 4641 ,
1460 4578 1553 4631 καὶ
1580 4578 1817 4649 ἀκραιφ-

1928 4575 2163 4629 veritatis
2188 4576 2615 4629 demonstratum
2642 4574 2826 4638 fuerit,
2850 4575 3104 4643 clareque
3136 4574 3474 4640 constiterit,

245 4670 373 4735 νοῦς
412 4671 725 4741 ἑστηκότος,
766 4672 873 4723 πᾶν
917 4670 978 4722 τὸ
1022 4671 1222 4740 ἑτέρως
1257 4668 1399 4739 ἔχον,
1431 4669 1524 4722 καὶ
1552 4668 1649 4738 τὴν
1687 4667 1818 4738 ἀλή-

246 4764 397 4817 θειαν
427 4763 888 4834 προσποιούμενον
908 4801 922 4827 ,
953 4761 1397 4832 ἐξελεγχθήσεται
1419 4762 1460 4792 ³¹
1500 4762 1593 4814 καὶ
1633 4761 1818 4831 ἕτερον

243 4857 307 4911 ὃν
332 4855 427 4910 τοῦ
457 4857 623 4918 ὅντως
657 4854 837 4918 ὄντος,
868 4852 963 4906 καὶ
992 4854 1240 4923 ἀνόμοιον
1258 4893 1271 4917 ,
1304 4854 1397 4906 καὶ
1423 4852 1612 4905 δοκοῦν
1644 4854 1818 4904 ἐκεῖνο

254 4947 453 5019 μᾶλλον
507 4946 540 5017 ἢ
585 4945 671 4997 ὃν.
710 4945 967 5015 Περιττὸν
1010 4940 1102 4998 οὖν
1138 4945 1181 4976 ³³
1231 4946 1346 4996 ἐστι
1372 4984 1387 5009 ,
1430 4944 1522 4997 τὸν
1567 4943 1818 5013 ἀληθείας

250 5038 562 5108 ὲκφάντορα.
604 5036 740 5106 πρὸς
796 5036 1019 5099 τούτους
1064 5037 1381 5107 ἢιὲκείνους
1425 5036 1814 5107 διαμάχεσθαι·

247 5130 394 5197 λέγει
434 5128 540 5202 γὰρ
569 5125 799 5188 ἕκαστος
838 5127 998 5190 αὐτὸς
1039 5127 1180 5197 ἔχειν
1216 5128 1276 5180 τὸ
1313 5128 1549 5198 νόμισμα
1577 5128 1636 5180 τὸ
1666 5128 1817 5197 βασι-

246 5221 411 5274 λικὸν.
449 5220 541 5271 καὶ
574 5218 702 5280 ἴσως
726 5234 789 5285 γε
825 5218 938 5288 ἔχει
972 5237 1020 5271 τι
1066 5220 1253 5290 μορίου
1285 5220 1427 5282 τινὸς
1458 5219 1551 5272 τοῦ
1585 5219 1816 5289 ἀληθοῦς

245 5310 523 5379 ἀπατηλὸν
550 5309 764 5362 εἴδωλον
784 5327 797 5339 ·
827 5311 921 5363 καὶ
952 5312 998 5362 εἰ
1018 5310 1204 5363 τοῦτον
1220 5312 1263 5342 ³³
1293 5310 1556 5378 ὲλέγξεις,
1585 5313 1612 5363 ὁ
1631 5310 1814 5382 ἕτερος

248 5405 342 5457 καὶ
372 5399 527 5468 αὖθις
555 5403 583 5455 ὁ
612 5400 769 5463 ἄλλος
802 5401 929 5473 περὶ
957 5401 1054 5454 τοῦ
1088 5402 1251 5454 αὑτοῦ
1286 5402 1665 5473 φιλονεικήσει.
1706 5403 1812 5454 Τοῦ

1915 4667 2175 4735 quidquid
2203 4663 2359 4721 aliter
2378 4683 2436 4722 se
2467 4668 2653 4732 habet,
2696 4682 2758 4721 ac
2780 4668 3064 4722 veritatem
3103 4667 3348 4734 simulat,
3386 4684 3476 4723 ar-

1916 4768 2111 4829 guetur
2148 4761 2311 4813 etiam
2355 4759 2498 4813 aliud
2550 4774 2671 4814 esse
2711 4761 2779 4814 ab
2822 4773 2887 4814 eo
2923 4759 3065 4828 quod
3114 4774 3240 4815 vere
3282 4771 3384 4825 est,
3417 4771 3478 4815 et

1914 4854 2096 4923 potius
2138 4866 2256 4907 esse
2302 4852 2563 4907 dissimile
2606 4861 2662 4908 et
2708 4866 3013 4921 apparens,
3058 4867 3221 4921 quam
3280 4870 3487 4910 revera.

1916 4945 2175 5000 existens.
2210 4944 2684 5013 Supervacaneum
2731 4944 2897 5012 igitur
2929 4952 3034 5011 est,
3074 4953 3133 4999 ut
3178 4945 3223 5001 is
3254 4946 3345 5015 qui
3380 4947 3474 5001 de-

1919 5046 2187 5091 monstrat
2217 5037 2535 5103 veritatem,
2573 5036 2834 5092 adversus
2874 5038 2972 5092 hos
3015 5048 3109 5092 aut
3153 5038 3275 5094 illos
3315 5039 3476 5093 dimi-

1919 5140 2040 5192 cet;
2081 5127 2309 5197 quilibet
2337 5126 2481 5181 enim
2528 5127 2761 5181 aiiirmat
2792 5143 2849 5182 se
2879 5128 3077 5183 habere
3124 5132 3330 5199 regium
3369 5144 3475 5181 nu-

1918 5220 2134 5285 misma,
2160 5227 2216 5272 et
2248 5218 2492 5274 fortassis
2524 5219 2683 5274 habet
2715 5221 2995 5287 particulae
3028 5218 3306 5287 cujusdam
3334 5233 3474 5272 verae

1917 5309 2163 5364 fallacem
2191 5309 2424 5378 aliquam
2460 5311 2783 5379 imaginem;
2820 5326 2980 5378 quam
3014 5310 3056 5365 si
3083 5310 3470 5369 confutaveris,

1917 5402 2052 5455 alius
2098 5401 2298 5455 iterum
2344 5409 2505 5470 atque
2548 5402 2687 5456 alius
2721 5401 2788 5457 de
2814 5402 3005 5457 eadem
3053 5400 3352 5456 dimicabit.
3403 5401 3485 5455 At.

1551 5556 1780 5612 V'ARL‘E
1820 5556 2215 5614 LECTIONES.

360 5697 404 5729 ”
429 5698 598 5762 ὅντως
632 5696 793 5767 ἐρεῖς,
831 5695 889 5750 Ρ.
916 5696 975 5752 D.
1004 5695 1091 5752 Sc.
1119 5695 1236 5750 Sar.
1316 5698 1355 5729 δι
1394 5697 1792 5767 ἐλεγχθήσεται,
1832 5696 1888 5752 S,
1912 5697 1969 5751 P.
2058 5698 2099 5730 ³³
2133 5693 2223 5750 οὖν
2258 5713 2367 5754 non
2388 5706 2469 5752 est
2496 5695 2637 5751 inD.
2688 5697 2755 5769 _33
2790 5697 2835 5747 εί
2870 5695 3046 5756 τοῦτο,
3125 5696 3182 5767 ξ.
