3892 6232
450 314 586 367 ιητο

1616 319 1669 376 S.
1714 321 2013 380 DIONYSII
2045 323 2510 380 AREOPAGITIE

3529 329 3665 384 9088

448 436 491 486 si
525 449 647 487 vera
687 435 823 489 ratio
860 436 963 490 rite
993 433 1155 489 fuerit
1187 435 1448 499 stabilita.
1477 439 1797 508 cmterisque
1820 442 1998 495 omni-

2103 440 2145 494 δ’
2179 439 2409 509 ἀληθοῦς
2438 437 2604 491 αὑτοῦ
2640 438 2940 502 τεθὲντοςνδ
2977 440 3151 513 ὀρθῶς
3180 440 3372 509 λόγου,
3403 441 3496 495 καὶ
3530 443 3669 513 πρὸς

447 516 547 573 bus
592 514 983 589 irrel‘ragabiiis
1020 527 1297 590 persistat,
1337 524 1597 595 quidquid
1637 541 1757 582 cum
1789 545 1850 583 ea
1894 546 2002 588 non

444 611 633 663 eodem
663 611 822 664 mod’o
848 626 944 679 per
968 611 1150 667 omnia
1188 625 1247 667 se
1273 614 1455 679 habet,
1494 615 1546 670 id
1582 616 1752 685 ipsum
1785 635 1881 687 per
1920 636 2000 684 se,

447 700 796 769 insuperabili
832 700 949 770 ejus
988 705 1131 773 quod
1165 705 1389 761 omnino
1438 720 1625 761 verum
1666 717 1751 764 est
1798 711 2004 765 stabili-

447 800 583 854 tate,
614 792 886 862 dejicitur.
930 792 1039 848 Hoc
1074 796 1256 865 itaque
1283 812 1431 862 cum,
1465 813 1585 853 mea
1621 800 1836 869 quidem
1869 816 2000 856 sen-

448 882 656 947 tentia,
725 885 894 949 probe
943 898 1180 947 nossem,
1230 888 1452 941 minime
1499 889 1619 941 dedi
1673 904 1890 958 operam
1942 902 2002 946 ut

442 972 704 1027 advenas
732 973 961 1042 gentiles
1002 975 1517 1039 aliosve‘dicerem,
1554 978 1647 1031 sed
1685 979 1816 1034 mihi
1862 980 2003 1035 satis

442 1067 549 1124 est,
598 1060 647 1115 si
699 1060 829 1114 Inibi
878 1061 1045 1117 donet
1082 1064 1263 1129 Deus,
1311 1075 1369 1120 ιιι
1410 1065 1478 1122 de
1507 1069 1731 1123 veritate
1763 1069 1999 1137 primum

443 1150 664 1219 quidem
711 1149 862 1208 r'ecte
894 1155 1149 1220 sentiam,
1180 1171 1242 1211 ac
1269 1157 1465 1212 deinde
1508 1160 1642 1211 scite
1684 1158 1914 1228 eloquar
1944 1166 2003 1212 ut

442 1252 682 1310 oportet.

2112 532 2222 586 τῶν
2248 532 2421 586 ἀλλων
2452 532 2670 585 πάντων
2702 530 3083 598 ἀνεξελέγκτου
3124 533 3430 601 μείναντος,
3461 534 3570 585 πᾶν
3607 534 3667 585 ab

2115 622 2189 693 μὴ
2221 622 2361 675 οὕτω
2393 621 2534 676 κατά
2560 621 2737 676 πάντα
2765 621 2907 692 ἔχον,
2937 621 3068 674 αὐτὸ
3094 622 3178 690 ἐφ’
3209 622 3402 675 ἑαυτοῦ
3437 625 3505 693 τῇ
3534 625 3659 693 ἀητο

2108 717 2255 784 τήτῳ
2315 714 2497 767 στάσει
2550 712 2645 767 τοῦ
2686 713 2855 775 ὅντως
2898 712 3130 782 ἀληθοῦς
3159 712 3203 744 ³³
3252 712 3659 766 καταϐάλλεται.

2108 804 2278 857 Τοῦτο
2320 803 2417 875 μὲν
2459 800 2585 867 οὖν,
2631 804 2707 867 ὡς
2763 799 2947 873 οἶμαι,
2995 802 3174 866 καλῶς
3226 803 3514 871 ἐγνωκὼς,
3568 805 3668 857 οὐκ

2106 897 2345 950 ἔσπευσα
2373 895 2511 967 πρὸς
2550 896 2814 966 Ἕλληνας
2840 894 2873 965 ἢ
2903 895 3039 965 πρὸς
3067 894 3282 965 ἐτέρους
3315 897 3519 948 είπεῐν·
3551 896 3664 949 ἀλλ’

2105 987 2282 1041 ίκανόν
2314 1004 2436 1057 μοι,
2469 988 2564 1041 καὶ
2589 986 2744 1040 τοῦτο
2767 987 2898 1049 Θεὸς
2924 987 3070 1056 δοίηί
3106 986 3229 1057 περὶ
3259 986 3515 1056 ἀληθείας
3535 986 3663 1039 ειδό-

2103 1095 2191 1132 ναι
2221 1077 2451 1151 πριῖιτον,
2485 1078 2672 1131 ἔπειτα
2698 1077 2873 1131 είδότα
2899 1076 2975 1140 ὡς
2998 1076 3105 1148 χρὴ
3134 1076 3385 1145 λέγεινπ.

1991 1362 2020 1437 ς
2058 1362 2139 1425 ιι.

512 1500 591 1556 Τιι
648 1509 829 1557 autem
895 1503 1018 1568 ais,
1072 1502 1372 1570 sopitistam
1418 1500 1841 1573 Apollophanem
1905 1514 1993 1555 me

442 1592 763 1656 ennviciari,
800 1606 865 1647 ac
905 1592 1234 1661 parricidam
1270 1592 1569 1662 appellare,
1607 1601 1664 1648 ut
1698 1593 1789 1662 qui
1821 1592 1997 1662 genti-

443 1685 574 1738 lium
627 1684 818 1747 dictis,
886 1683 1148 1740 adversus
1207 1684 1355 1754 ipsos
1420 1698 1525 1739 non
1589 1683 1800 1738 sincere
1849 1690 1995 1739 utar.

2168 1498 2239 1552 Σὺ
2270 1498 2325 1551 δέ
2351 1499 2456 1569 φῂς
2491 1497 2840 1569 λοιδορεῖσθαί
2874 1516 2963 1569 μοι
2994 1499 3084 1552 τὸν
3119 1499 3375 1571 σοφιστὴν
3402 1502 3663 1556 Ἀπολλο-

2101 1589 2242 1660 φάνη
2266 1628 2282 1654 ,
2316 1590 2409 1642 καὶ
2444 1589 2774 1662 πατραλοίαν
2805 1590 3113 1656 ἀποκαλεῖν,
3143 1591 3217 1654 ὡς
3245 1594 3355 1655 τοῖς
3398 1590 3665 1664 Ἑλλήνων

2101 1680 2192 1733 ἐπὶ
2222 1681 2345 1742 τοὺς
2382 1679 2645 1752 Ἕλληνας
2671 1680 2769 1751 οὐχ
2794 1681 2957 1744 ὁσίως
2984 1680 3269 1752 χρωμένῳ.
3308 1682 3504 1735 Καίτοι
3532 1683 3669 1754 πρὸς

442 1771 607 1845 59‘
651 1772 819 1843 Atqui
871 1787 967 1829 nos
1043 1775 1118 1829 illi
1179 1774 1360 1830 verius
1404 1774 1640 1845 obiicere
1697 1789 1998 1846 possemus,

2103 1771 2259 1825 αὑτὸν
2287 1773 2433 1843 ἡμᾶς
2460 1766 2527 1844 ἦν
2556 1771 2914 1843 ἀληθέστερον
2949 1773 3139 1838 εἰπεῖν,
3163 1772 3239 1837 ὡς
3270 1772 3531 1843 Ἕλληνες
3556 1776 3666 1836 τοῖς

442 1862 671 1931 gentiles
721 1862 880 1929 illos,
940 1863 1199 1919 adversus
1249 1863 1428 1919 divina
1484 1862 1679 1919 divinis
1740 1864 2001 1935 sacrilege

443 1954 616 2019 abuti,
649 1952 774 2007 dum
810 1967 907 2021 per
938 1953 1031 2009 Dei
1075 1954 1422 2023 sapientiam,
1472 1954 1669 2010 divina:
1717 1953 1999 2024 religionis

440 2042 644 2096 cultum
704 2044 924 2099 abolere
982 2044 1300 2100 moliuntur.
1375 2043 1559 2114 Neque
1610 2058 1739 2101 vero
1789 2045 1879 2101 hic
1932 2046 2000 2101 de

442 2130 806 2188 multitudinis
837 2134 1090 2201 opinione
1122 2136 1333 2204 loquor,
1364 2150 1483 2204 qua:
1511 2145 1792 2204 poetarum
1828 2134 2001 2191 ﬁctio-

442 2222 600 2275 nibus
626 2223 981 2279 materialiter
1010 2227 1381 2295 tenaciterque
1409 2226 1713 2292 adhaerens,
1735 2237 2001 2282 creatura

441 2316 621 2383 potius
674 2331 838 2386 quam
895 2316 1131 2372 creatori
1196 2317 1520 2383 famulatur;
1591 2333 1779 2374 verum
1833 2320 1996 2375 etiam

442 2406 667 2474 ipsemet
689 2406 1088 2476 Apollopltanes
1135 2408 1335 2464 divinis
1387 2409 1647 2463 adversus
1680 2410 1863 2464 divina
1900 2425 1994 2465 ne-

442 2496 577 2551 l'arie
609 2500 814 2563 utitur;
851 2513 974 2553 nam
998 2513 1095 2567 per
1119 2498 1259 2552 hanc
1292 2498 1458 2568 ipsam
1484 2515 1665 2554 rerum
1688 2501 1995 2569 scientiam,

440 2602 559 2654 quae
605 2588 674 2643 ab
710 2588 826 2659 ipso
872 2599 1020 2645 recte
1073 2589 1413 2660 philagopbia
1463 2592 1681 2656 dicitur.
1727 2602 1780 2646 et
1812 2606 1841 2646 a
1872 2593 1997 2649 divo

439 2676 610 2733 Paulo
657 2678 920 2748 sapientia
950 2678 1042 2735 Dei
1080 2681 1396 2735 nominatur
1426 2682 1472 2747 ί,
1521 2684 1588 2738 ad
1626 2698 1808 2738 rerum
1850 2684 1997 2752 ipsa-

441 2783 561 2823 rum
593 2769 945 2840 scientiaque
977 2770 1122 2827 illius
1137 2781 1438 2840 auctorem,
1469 2788 1626 2829 veros
1654 2773 1999 2845 philosophos

441 2861 742 2918 ascendere
805 2864 1111 2932 oportebat.
1179 2864 1257 2919 Ac
1307 2880 1374 2920 ne
1425 2874 1623 2935 prteter
1692 2866 1994 2921 institutum

441 2967 644 3018 meum,
691 2954 921 3009 aliorum
956 2956 1136 3023 potius
1177 2970 1337 3024 quam
1376 2958 1546 3026 ipsius
1592 2960 1917 3014 sententiam
1966 2973 1996 3011 a

2101 1865 2265 1928 θείοις
2306 1865 2403 1936 οὺχ
2428 1864 2590 1926 ὁσίως
2617 1861 2711 1916 ἐπὶ
2737 1862 2806 1916 τά
2832 1862 2947 1917 θεῖα
2988 1862 3258 1933 χρῶνται,
3304 1862 3393 1915 διά
3434 1862 3540 1932 τῆς
3582 1880 3665 1915 σο-

2100 1957 2228 2025 φίας
2254 1955 2349 2010 τοῦ
2378 1954 2511 2009 Θεοῦ
2539 1956 2598 2009 τὸ
2628 1954 2769 2008 θείον
2804 1954 3085 2008 ἐκϐάλλειν
3126 1952 3454 2025 πειρώμενοι
3483 1953 3659 2014 σέϐας.

2099 2048 2210 2101 Καὶ
2242 2047 2303 2101 οὐ
2333 2046 2432 2121 τὴν
2458 2046 2566 2099 τῶν
2594 2045 2801 2099 πολλῶν
2828 2044 3002 2113 ἐγωγέ
3035 2061 3175 2115 φημι
3214 2044 3388 2109 δόξαν,
3419 2047 3536 2107 τοῖς
3561 2045 3663 2097 τῶν

2099 2138 2333 2209 ποιητῶν
2362 2137 2643 2206 προσύλως
2673 2136 2766 2189 καὶ
2792 2134 3052 2205 ἐμπαθῶς
3077 2136 3544 2205 ἐναπομενόντων,
3574 2136 3661 2189 καὶ

2098 2230 2164 2299 τῇ
2203 2228 2374 2281 κτίσει
2407 2228 2555 2299 παρά
2582 2228 2671 2281 τὸν
2708 2227 2965 2280 κτίσαντα
2986 2226 3377 2298 λατρευόντων,
3407 2227 3548 2279 ἀλλά
3569 2228 3659 2281 καὶ

2099 2319 2259 2381 αὐτὸς
2299 2318 2699 2388 Ἀπολλοφάνης
2735 2316 2832 2387 οὐχ
2880 2317 3042 2380 ὁσίως
3096 2319 3207 2381 τοῖς
3260 2316 3423 2379 θείοις
3475 2317 3571 2369 ἐπὶ
3597 2318 3666 2369 τὰ

2099 2408 2215 2463 θεῖα
2249 2408 2475 2480 χρῆται·
2510 2411 2577 2479 τῇ
2617 2408 2726 2480 γὰρ
2759 2407 2865 2461 τῶν
2896 2407 3063 2461 όντων
3099 2407 3321 2477 γνώσει,
3353 2406 3541 2469 καλῶς
3580 2407 3662 2459 λε-

2098 2503 2303 2575 γομένῃ
2323 2541 2339 2566 ,
2379 2502 2514 2574 πρὸς
2546 2499 2707 2553 αὑτοῦ
2749 2499 3066 2569 φιλοσοφίᾳ,
3104 2499 3199 2552 καὶ
3228 2497 3363 2567 πρὸς
3390 2496 3486 2549 τοῦ
3519 2497 3667 2550 θείου

2100 2593 2311 2645 Παύλου
2341 2592 2500 2663 σοφίᾳ
2531 2590 2665 2643 Θεοῦ
2695 2589 3005 2661 κεκλημένη
3028 2629 3043 2654 ,
3083 2589 3219 2659 πρὸς
3243 2588 3331 2640 τὸν
3361 2582 3539 2641 αίτιον
3573 2588 3669 2641 καὶ

2098 2683 2275 2736 αὐτῶν
2319 2682 2428 2735 τῶν
2472 2683 2641 2735 όντων
2686 2682 2781 2733 καὶ
2828 2680 2928 2750 τῆς
2971 2677 3221 2747 γνώσεως
3262 2677 3439 2731 αὐτῶν
3500 2678 3664 2747 ἐχρῆν

2098 2774 2391 2843 ἀνάγεσθαι
2419 2773 2543 2835 τοὺς
2574 2772 2791 2843 ἀληθείς
2817 2771 3150 2841 φιλοσόφους.
3181 2770 3288 2822 Καὶ
3320 2770 3407 2822 ἵνα
3440 2767 3523 2839 μὴ
3570 2768 3663 2837 τὴν

2098 2866 2205 2919 τῶν
2231 2865 2403 2921 ἀλλων
2424 2864 2465 2895 ³⁷
2508 2863 2542 2934 ἢ
2588 2862 2684 2935 τὴν
2712 2860 2875 2915 αὐτοῦ
2905 2860 3056 2931 παρά
3084 2859 3143 2912 τὸ
3173 2858 3363 2912 δοκοῦν
3392 2857 3675 2926 ἐξελέγχοι

2103 2973 2191 3026 μοι
2223 2955 2409 3020 δόξαν,
2449 2953 2554 3009 ἔδει
2589 2954 2816 3006 συνιδεῖν
2857 2949 3253 3021 Ἀπολλοφάνη,
3303 2948 3461 3017 σοφὸν
3503 2948 3663 3010 ὄντα,

441 3045 672 3098 veritate
687 3042 970 3101 deﬂectere
996 3050 1334 3111 convincam,
1358 3048 1499 3103 scire
1528 3048 1757 3104 debebat
1780 3051 1993 3120 Apollo-

2107 3046 2179 3117 μὴ
2207 3045 2273 3099 ἂν
2303 3045 2476 3107 ἄλλως
2512 3045 2641 3097 ποτὲ
2668 3043 2954 3113 δυνηθῆναι
2983 3041 3080 3112 τῆς
3109 3040 3361 3145 οὐρανίας
3398 3056 3449 3091 τι
3468 3055 3665 3145 ’παρα-

442 3135 672 3201 phanes,
702 3150 823 3190 cum
857 3137 1074 3206 sapiens
1107 3147 1273 3203 esset,
1319 3137 1455 3192 nihil
1489 3154 1725 3208 unquam
1766 3141 1999 3198 cmlestis

443 3224 654 3277 ordinis
704 3238 770 3278 ac
817 3233 997 3279 motus
1046 3224 1320 3279 immutari
1373 3224 1486 3279 ullo
1530 3226 1690 3281 modo
1736 3227 1996 3296 potuisse,

444 3314 562 3368 sine
597 3314 858 3369 instinctu
912 3315 1151 3371 auctoris
1204 3314 1309 3380 sui,
1358 3330 1387 3369 a
1416 3329 1523 3385 quo
1555 3324 1608 3369 et
1642 3325 1700 3369 ut
1743 3325 1885 3371 esset
1917 3333 2001 3372 ac-

442 3407 605 3474 cepit,
649 3414 701 3459 et
749 3404 903 3474 cujus
946 3407 1184 3476 potentia
1231 3421 1605 3474 conservatur,
1652 3410 1769 3480 qui,
1806 3426 2000 3465 secun-

442 3495 568 3547 dum
616 3493 912 3562 Scriptura:
964 3497 1337 3551 testimonium
1369 3539 1385 3562 ,
1444 3510 1637 3556 cuncta
1685 3502 1892 3571 perlicit
1934 3517 2000 3558 ac

443 3595 637 3642 mutat.
671 3586 780 3641 Cur
813 3587 979 3656 igitur
1012 3604 1114 3643 non
1150 3590 1281 3644 colit
1314 3606 1469 3658 eum,
1516 3608 1675 3661 quem
1713 3594 1835 3648 hinc
1867 3610 2000 3663 quo-

442 3692 548 3746 que
576 3678 926 3747 cognovimus
960 3680 1226 3734 veraciter
1260 3694 1379 3735 esse
1407 3685 1647 3737 omnium
1672 3684 1860 3749 Deum,
1901 3687 1997 3740 ad-

442 3768 694 3822 mirando
732 3754 869 3836 eius,
904 3785 933 3823 a
958 3786 1064 3841 quo
1098 3782 1293 3828 cuncta
1346 3775 1662 3840 subsistunt,
1711 3776 1999 3831 admirabi-

443 3860 547 3916 lem
602 3863 957 3931 potestatem?
1016 3862 1459 3934 Quandoquidem
1514 3870 1579 3922 ab
1642 3868 1758 3937 ipso
1808 3869 1887 3922 sol
1946 3877 1998 3923 et

441 3949 591 4019 luna,
636 3954 875 4021 potentia
924 3961 1176 4023 statuque
1222 3956 1477 4023 mirabili,
1514 3957 1670 4011 simul
1730 3972 1850 4011 cum
1899 3960 2000 4013 hac

444 4056 625 4096 rerum
659 4043 1029 4111 universitate,
1058 4046 1122 4099 ad
1156 4045 1525 4101 omnimodam
1562 4048 1995 4103 immobilitatem

446 4134 665 4188 redacta
699 4135 842 4199 sint,
888 4151 987 4190 nec
1022 4152 1125 4191 non
1162 4137 1227 4191 ad
1261 4137 1455 4207 integri
1496 4140 1601 4193 diei
1649 4141 1907 4210 spatium,
1946 4144 1998 4195 in

446 4222 640 4277 iisdem
672 4224 923 4279 universa
957 4224 1125 4296 signis
1154 4228 1531 4293 constiterint;
1568 4229 1674 4293 vel,
1705 4231 1847 4299 quod
1880 4247 1998 4285 am-

444 4314 588 4385 plius
618 4324 721 4377 est,
749 4317 912 4371 etiam
942 4318 1156 4373 eunetis
1186 4320 1410 4375 orbibus
1441 4320 1736 4390 primariis,
1768 4325 1857 4390 qui
1892 4338 1999 4378 ea:-

2100 3136 2373 3207 τραπῆναι
2398 3135 2603 3199 τάξεως
2633 3133 2727 3187 καὶ
2768 3134 3030 3203 κινήσεως
3049 3170 3064 3195 ,
3098 3133 3145 3183 εί
3182 3128 3257 3201 μὴ
3287 3130 3376 3181 τὸν
3403 3127 3502 3180 τοῦ
3533 3124 3668 3180 εἶναι

2101 3226 2267 3297 αὐτὴν
2296 3227 2388 3279 καὶ
2418 3225 2678 3295 συνοχέα,
2722 3224 2816 3277 καὶ
2856 3223 3025 3277 αἴτιον
3067 3222 3223 3292 ἔσχεν
3260 3224 3339 3284 εἰς
3378 3220 3545 3273 τοῦτο
3590 3238 3669 3272 κι-

2101 3317 2320 3381 νοῦντα,
2376 3316 2465 3369 τὸν
2510 3315 2765 3369 ποιοῦντα
2815 3312 2883 3366 τά
2927 3313 3133 3377 πάντα,
3180 3312 3273 3364 καὶ
3327 3312 3671 3381 μετασκευά-

2102 3406 2259 3470 ζοντα
2279 3448 2292 3471 ,
2328 3407 2467 3459 κατὰ
2494 3407 2584 3459 τὸν
2624 3406 2767 3477 ἱερὸν
2793 3405 2969 3472 λόγον.
3004 3403 3128 3466 Πῶς
3158 3399 3251 3456 οὖν
3282 3403 3343 3456 οὐ
3387 3403 3541 3455 σέϐει
3580 3402 3671 3455 et»

2100 3499 2434 3567 ἐγνωσμένον
2474 3501 2605 3569 ἡμῖν
2651 3499 2758 3551 κάκ
2778 3496 2964 3549 τούτου
2986 3536 3001 3559 ,
3041 3495 3137 3548 καὶ
3176 3494 3341 3557 ὅντως
3383 3493 3520 3548 ὅντα
3562 3494 3673 3547 τῶν

2099 3590 2233 3643 ὅλων
2260 3590 2389 3643 Θεὸν
2408 3630 2423 3654 ,
2457 3590 2726 3659 ἀγάμενος
2752 3588 2910 3640 αὑτὸν
2937 3586 3036 3656 τῆς
3062 3585 3343 3639 παναιτίου
3374 3585 3470 3637 καὶ
3508 3586 3666 3655 ὑπερο

2100 3684 2337 3754 αρρήτου
2377 3681 2693 3751 δυνάμεως
2725 3680 2853 3733 ὅταν
2884 3680 3033 3749 ἥλιος
3054 3678 3100 3710 ⁸⁸
3132 3677 3223 3729 ὑπ’
3257 3675 3419 3728 αὐτοῦ
3449 3676 3554 3728 καὶ
3581 3692 3670 3728 σε-

2099 3774 2268 3845 λήνη,
2319 3773 2460 3827 κατά
2513 3772 2737 3842 δύναμιν
2796 3772 2889 3824 καὶ
2951 3769 3138 3823 στάσιν
3188 3767 3666 3837 ὐπρφυεπάτην,

2101 3866 2216 3936 ἅμα
2246 3864 2322 3936 τῷ
2343 3866 2501 3919 παντὶ
2529 3864 2663 3935 πρὸς
2680 3862 2741 3915 τὺ
2762 3864 2935 3933 πάντη
2961 3862 3212 3934 ἀκίνητον
3231 3857 3547 3929 ὀρίζωνται,
3578 3858 3673 3911 καὶ

2099 3959 2176 4019 είς
2214 3956 2407 4027 μέτρον
2457 3955 2667 4025 ἡμέρας
2706 3955 2833 4023 ὅλης
2866 3954 2957 4006 ἐπὶ
2998 3951 3106 4005 τῶν
3156 3951 3332 4005 αὐτῶν
3379 3951 3574 4002 ἑστᾶσι
3605 3949 3672 4000 τὰ

2101 4048 2277 4100 πάντα
2310 4046 2576 4116 σημείων’
2612 4045 2644 4115 ἢ
2678 4046 2738 4097 τὸ
2778 4045 2963 4097 τούτου
2991 4059 3053 4111 γε
3098 4042 3312 4105 πλεῖον,
3344 4038 3530 4109 εἴπερ,
3564 4039 3671 4091 τῶν

2100 4138 2235 4192 όλων
2257 4139 2350 4193 καὶ
2376 4138 2483 4192 τῶν
2512 4138 2831 4209 κρειττόνων
2851 4137 2943 4190 καὶ
2961 4135 3313 4207 περιεχόντων
3329 4132 3373 4163 ³⁹
3394 4130 3546 4184 οὕτω
3573 4148 3671 4200 φε-

2105 4233 2369 4303 ρομένων,
2400 4232 2459 4285 οὐ
2485 4232 2884 4302 συμπεριήγετο
2907 4227 2976 4280 τά
2994 4224 3349 4297 περιεχόμενα
3366 4238 3382 4253 ο
3413 4224 3514 4275 καὶ
3547 4224 3672 4276 ὅταν

2102 4322 2234 4392 άλλη
2267 4338 2350 4386 τις
2381 4322 2561 4393 ἡμέρα
2590 4320 2731 4375 κατά
2763 4318 3038 4390 συνέχειαν
3068 4316 3250 4387 σχεδὸν
3272 4312 3673 4388 τριπλασιάξη-

445 4415 595 4460 teros
632 4404 915 4473 complexu
958 4419 1056 4460 suo
1086 4406 1391 4472 continent,
1429 4421 1579 4460 more
1624 4421 1724 4461 suo
1756 4408 1998 4477 gyranti-

2103 4428 2223 4477 ται,
2272 4413 2365 4466 καὶ
2412 4414 2470 4466 tv
2509 4412 2678 4465 εἴκοσι
2721 4413 2841 4474 ταῖς
2878 4409 3080 4471 πάσαις
3126 4407 3329 4478 ὥραις,
3368 4406 3403 4476 ἢ
3449 4405 3519 4458 τὸ
3565 4407 3671 4458 πᾶν

443 4494 567 4561 bus,
596 4510 660 4552 ea
692 4510 812 4565 quae
843 4495 1056 4551 illorum
1092 4497 1379 4565 complexu
1406 4498 1855 4563 continebantur,
1889 4512 1997 4553 non

444 4598 550 4637 una
594 4582 647 4638 in
691 4585 878 4640 orbem
924 4584 1239 4639 circumlata
1280 4586 1417 4652 sint;
1450 4587 1580 4656 quin
1623 4594 1676 4641 et
1706 4586 1843 4641 alius
1885 4590 2003 4657 qui-

446 4674 569 4727 dam
598 4675 712 4731 dies
744 4677 1149 4733 continuatione
1170 4677 1283 4733 fere
1317 4677 1475 4747 triplo
1508 4677 1716 4749 longior
1747 4679 1999 4746 eﬂ‘ectus,

446 4772 501 4816 et
537 4764 663 4818 tetis
694 4765 884 4834 viginti
936 4765 1120 4831 horis,
1170 4766 1484 4820 universum
1538 4767 1727 4837 aequali
1779 4770 1999 4824 omnino

450 4853 710 4921 temporis
755 4856 949 4923 spatio,
986 4870 1135 4914 metu
1179 4858 1454 4913 contrario
1521 4870 1846 4930 supraquam
1901 4861 1999 4915 ad-

449 4943 707 4998 mirandis
742 4950 1265 5018 retrogyrationibus
1303 4959 1689 5019 retrogressum
1717 4966 1781 5008 ac
1816 4967 1999 5007 rever-

450 5048 568 5087 sum
594 5033 665 5091 sit
689 5053 704 5089 :
730 5034 810 5089 vel
841 5032 956 5105 ipse
982 5040 1063 5094 sol
1095 5038 1149 5094 in
1182 5056 1344 5097 cursu
1378 5057 1497 5110 suo,
1530 5043 1998 5113 quinquel‘ormem

597 5196 616 5234 ί
651 5196 673 5250 Ι
702 5196 828 5251 Cor.
866 5213 926 5263 tt,
960 5200 1011 5254 7.

2102 4505 2353 4558 τοσούτου
2386 4504 2575 4575 χρόνου
2610 4502 2779 4575 φορὰς
2807 4500 3051 4563 ἐναντίας
3088 4495 3382 4569 ἀναποδίζῃ
3408 4497 3506 4549 καὶ
3538 4496 3671 4547 ἐπα-

2102 4595 2377 4667 ναστρέφῃ
2405 4597 2523 4657 ταῖς
2553 4593 2726 4656 οὕτως
2766 4592 2906 4660 ἀγαν
2938 4587 3405 4657 ὑπερφυεστάταις
3442 4586 3674 4639 ἀντιπε-

2108 4689 2439 4757 ριαγωγαίς·
2496 4686 2528 4754 ἢ
2558 4686 2585 4737 ό
2616 4684 2784 4754 ἣλιος,
2821 4684 2878 4735 ἐν
2899 4682 2945 4713 ⁵⁸
2980 4682 3095 4751 ἰδίῳ
3124 4680 3308 4751 δρόμῳ
3336 4678 3441 4745 τὴν
3472 4677 3670 4730 πεντά-

2103 4792 2300 4846 τροπον
2334 4776 2495 4829 αὑτοῦ
2535 4775 2744 4845 κίνησιν
2774 4775 2831 4825 tv
2862 4770 3031 4842 ὥραις
3066 4770 3196 4822 δέκα
3242 4766 3498 4832 συνελὼν,
3537 4767 3671 4819 ἀνα-

2106 4865 2335 4929 λυτικῶς
2366 4862 2516 4927 αὖθις
2545 4865 2671 4933 ὃλην
2703 4864 2868 4935 αὐτὴν
2899 4864 2956 4915 tv
2984 4863 3105 4924 ταῖς
3140 4860 3351 4927 ἑτέραις
3380 4858 3513 4910 δέκα
3545 4872 3669 4908 και-

2106 4958 2201 5027 νήν
2236 4974 2359 5011 τινα
2395 4957 2595 5027 τρίϐων
2626 4956 2741 5008 ὁδὸν
2785 4952 3111 5025 ἀναποδίζῃ·
3156 4949 3314 5002 τοῦτο
3351 4947 3420 5018 δὴ
3469 4946 3532 5000 τδ
3574 4956 3667 4999 και

2108 5046 2474 5111 Βαϐυλωνίους
2505 5046 2723 5110 είκότως
2755 5044 3046 5114 ἐκπλῆξαν,
3074 5043 3167 5097 καὶ
3200 5041 3379 5114 μάχης
3405 5041 3565 5103 ἐκτὸς
3590 5036 3665 5108 τῷ

1733 5360 1964 5415 VARUE
2005 5361 2400 5418 LECTIONES.

516 5527 560 5561 “
588 5531 679 5583 καὶ
699 5530 791 5608 τοῦ
800 5530 1042 5608 ἀληθοῦς
1064 5534 1233 5608 αυτοῦ.
1248 5536 1636 5608 προτεθέντος,
1676 5541 1734 5590 D.
1761 5540 1817 5594 S.
1903 5538 1946 5568 ³⁵
1979 5539 2070 5591 τοῦ
2104 5539 2269 5601 ὅντως
2299 5539 2449 5601 όντος
2482 5538 2729 5608 ἀληθοῦς,
2767 5538 2828 5592 D.
2910 5537 2955 5608 "3
2985 5536 3064 5608 th;
3094 5536 3258 5606 ὲχρῆν
3277 5573 3292 5596 ,
3480 5531 3524 5561 ³’

453 5613 558 5679 non
596 5610 681 5652 est
710 5602 760 5653 ir.
800 5600 1064 5679 D._S.hP.B
1077 5603 1120 5634 ³⁸
1152 5608 1179 5658 ὁ
1210 5600 1376 5673 ἥλιος.
1416 5606 1473 5660 S.
1547 5600 1595 5642 δέ
1626 5610 1783 5679 εἴπερ
1816 5609 1913 5663 καὶ
1945 5609 2053 5662 τῶν
2084 5609 2223 5663 ὅλων
2251 5600 2353 5663 καὶ
2384 5600 2490 5662 τῶν
2523 5600 2844 5679 κρειττόνων
2877 5607 2969 5661 καὶ
3000 5606 3108 5661 τῶν
3125 5600 3521 5674 ’περιεχόντων,
3589 5600 3649 5653 υ.

452 5667 502 5697 δ”
532 5670 593 5721 ἐν
624 5684 729 5723 non
763 5673 920 5725 estin
943 5672 1001 5728 S.
1031 5671 1090 5725 Ρ.
