3892 6232
290 310 422 365 1081

1662 310 1991 366 EPISTULA
2028 309 2137 364 VII.

3364 313 3501 366 1032

284 429 505 501 Ἐζεκίᾳ
536 429 951 496 καθυποτάξαν,
984 432 1059 495 ὡς
1091 432 1158 489 ἂν
1202 430 1393 501 ίσοθέῳ
1424 430 1527 482 τινὶ
1558 429 1651 482 καὶ
1691 432 1834 499 ὑπερ

1956 429 2117 481 istum
2152 434 2352 482 metum
2397 427 2463 480 ad
2493 426 2678 481 decem
2713 425 2878 480 horas
2926 433 3294 493 contractum,
3327 430 3505 486 denuo

282 519 459 590 έχοντι
490 521 616 584 τοὺς
647 519 986 591 ἀνθρώπους.
1016 524 1125 575 Καὶ
1169 523 1228 575 οὐ
1267 522 1436 593 δήπου
1467 523 1607 592 φημὶ
1647 521 1746 585 τάς
1790 524 1848 575 ἐν

280 612 540 682 Αἰγύπτῳ
575 614 1006 684 μεγαλουργίας,
1043 613 1074 683 ἥ
1107 614 1271 678 ἄλλας
1299 614 1452 677 τινάς
1478 614 1707 686 ἀλλαχοῦ
1741 617 1850 671 θεο-

283 704 514 773 σημείας
543 703 943 773 γεγενημένας,
979 704 1113 758 ἀλλά
1150 704 1219 758 τά
1258 704 1412 758 κοινά
1457 706 1549 758 καὶ
1592 706 1845 777 οὐράνια,

280 794 376 846 καὶ
408 795 464 845 ἐν
506 794 583 864 τῷ
614 795 775 847 πανιιὴ¹
807 793 901 848 καὶ
934 794 1065 848 πᾶσι
1095 794 1543 865 θριαμϐευθέντα.
1574 797 1709 867 Φησὶ
1728 797 1785 849 δὲ
1803 797 1844 829 ⁸⁸

280 888 499 949 πάντως
564 885 963 955 Ἀπολλοφάνης
983 926 997 949 ,
1062 886 1161 939 οὐκ
1216 881 1353 939 εἷναι
1402 885 1573 939 ταῦτα
1638 887 1843 958 ἀληθῆ·

284 976 514 1046 μάλιστα
578 978 675 1047 μὲν
731 971 825 1030 οῦν
878 976 1034 1029 τοῦτο
1075 976 1195 1039 ταῖς
1260 976 1483 1047 Περσῶν
1550 977 1848 1048 ίερατικαίς

280 1066 576 1138 ἐμφέρεται
610 1069 816 1138 φήμαις
839 1107 854 1130 ,
889 1068 983 1121 καὶ
1014 1066 1179 1119 εἰσέτι
1213 1067 1377 1137 μάγοι
1416 1066 1485 1120 τά
1532 1066 1847 1138 μνημόσυνα

277 1158 371 1210 τοῦ
403 1158 719 1229 τριπλασίου
763 1157 969 1229 Μίθρου
1001 1156 1262 1210 τελοῦσιν.
1296 1157 1436 1211 Ἀλλ’
1467 1157 1667 1222 ἐξέστω
1698 1159 1845 1231 αὕτῴ

276 1249 486 1311 τούτοις
523 1248 610 1301 διὰ
641 1248 740 1319 τὴν
775 1248 995 1316 ἄγνοιαν
1035 1248 1068 1319 ἢ
1101 1248 1197 1319 τὴν
1228 1249 1481 1321 ἀπειρίαν
1498 1250 1542 1280 ⁵⁸
1576 1252 1841 1304 ἀπιστεῖν.

276 1337 413 1390 Είπὲ
442 1337 499 1389 δὲ
531 1336 710 1407 αὐτῷ·
754 1336 818 1389 Τί
850 1336 1025 1405 λέγεις
1070 1338 1200 1409 περὶ
1239 1337 1336 1408 τῆς
1380 1340 1438 1391 ἐν
1480 1338 1556 1409 τῷ
1596 1338 1845 1410 σωτηρίῳ

275 1426 496 1499 σταυρῷ
525 1426 807 1495 γεγονυίας
839 1426 1165 1495 ὲκλείψεωςς
1216 1428 1508 1499 ἀμφοτέρω
1553 1428 1660 1500 γάρ
1702 1429 1842 1493 τότε,

272 1516 417 1570 κατά
460 1516 790 1572 Ἡλιούπολιν
807 1517 851 1549 ⁸⁸
880 1518 996 1587 ἅμα
1037 1517 1267 1589 παρόντε
1297 1534 1356 1571 τε
1396 1520 1489 1572 καὶ
1522 1519 1840 1585 συνεστῶτε,

274 1607 591 1678 παραδόξως
610 1608 686 1679 τῷ
701 1608 835 1680 ἡλίῳ
864 1609 962 1679 τὴν
995 1608 1225 1680 σελήνην
1256 1609 1629 1680 ἐμπίπτουσαν
1662 1610 1843 1682 empti)-

278 1711 378 1764 μεν
412 1696 503 1766 (οὺ
548 1696 657 1767 γάρ
699 1694 765 1768 ἦν
812 1698 1026 1750 συνόδου
1072 1697 1326 1770 καιρός)ο
1375 1695 1529 1763 αὖθίς
1566 1716 1625 1753 τε
1675 1700 1843 1772 αὐτὴν

273 1762 382 1839 ἀπὸ
418 1762 517 1857 τῆς
816 1787 965 1859 ὥρας
1002 1788 1130 1859 ἄχρι
1168 1762 1285 1859 τῆς,
1313 1789 1549 1861 ἑσπέρας
1589 1792 1669 1854 είς
1698 1792 1759 1845 τὸ
1794 1762 1842 1824 λδ
1871 1762 1913 1819 Β

268 1875 366 1928 τοῦ
390 1876 538 1947 ἡλίου
560 1878 845 1948 διάμετρον
868 1879 1160 1949 ὑπερφυῶς
1181 1878 1669 1934 ἀντικαταστᾶσαν.
1696 1880 1844 1935 ’Δνάο

274 1984 476 2037 μνηστν
519 1968 577 2021 δέ
621 1986 673 2021 τι
715 1971 809 2022 καὶ
852 1970 1035 2041 ’ἐτερον
1081 1970 1274 2025 αὐτόν·
1309 1969 1415 2025 οῐδε
1448 1972 1575 2043 γὰρ,
1624 1974 1704 2027 ὅτι
1749 1975 1843 2029 καὶ

268 2056 369 2125 τὴν
400 2058 678 2127 ἔμπτωσιν
721 2059 886 2131 αὐτὴν
917 2060 976 2127 ἐξ
1006 2060 1279 2118 ἀνατολῶν
1312 2064 1635 2135 ἑωράκαμεν
1675 2064 1843 2135 ἀρξα-

273 2146 473 2216 μένην,
524 2150 617 2201 καὶ
666 2150 826 2221 μέχρι
867 2150 959 2203 τοῦ
1007 2152 1229 2221 ἡλιακοῦ
1276 2154 1508 2225 πέρατος
1548 2155 1837 2223 ἐλθοῦσαν,

270 2232 389 2289 εἶτα
419 2238 835 2306 ἀναποδίσασαν,
871 2243 963 2295 καὶ
995 2239 1149 2307 αὖθις
1191 2246 1289 2297 οὐκ
1329 2246 1394 2299 ἐκ
1423 2245 1517 2299 τοῦ
1546 2246 1710 2299 αὑτοῦ
1737 2249 1831 2301 καὶ

266 2324 368 2397 τὴν
412 2327 691 2397 ἔμπτωσιν
732 2332 826 2384 καὶ
869 2333 969 2403 τὴν
1015 2334 1416 2408 ἀνακάθαρσιν,
1470 2335 1584 2388 ἀλλ’
1631 2337 1695 2389 ἐκ
1738 2336 1832 2390 τοῦ

270 2417 411 2469 κατὰ
437 2418 722 2491 διάμετρον
754 2422 995 2476 ἐναντίου
1025 2427 1413 2496 γεγενημένην.
1443 2426 1693 2480 Τοσαῦτά
1717 2429 1832 2481 ἐστι

266 2506 364 2559 τοῦ
390 2509 507 2561 τότε
544 2512 735 2582 καιροῦ
779 2511 848 2566 τά
891 2515 1140 2586 ὑπερφυῆ
1169 2518 1264 2569 καὶ
1311 2517 1454 2587 μόνῳ
1498 2518 1715 2589 Χριστῷ
1752 2518 1830 2591 τῷ

268 2602 537 2671 παναιτίῳ
564 2598 761 2656 δυνατά
784 2642 798 2665 ,
827 2603 905 2674 τῷ
942 2605 1181 2661 ποιοῦντι
1211 2606 1420 2679 μεγάλα
1458 2610 1552 2661 καὶ
1580 2608 1788 2674 ἐξαίσια
1810 2649 1827 2675 ,

269 2684 345 2743 ὧν
373 2694 470 2745 οὐκ
495 2695 639 2747 ἐστιν
665 2694 913 2766 ἀριθμός.

1949 518 2117 587 gradu
2176 517 2528 585 retrogrado,
2577 516 2696 570 aliis
2729 517 2856 571 item
2888 518 3072 572 decem
3127 518 3277 573 horis
3308 535 3503 574 novam

1948 607 2234 677 quamdam
2278 608 2522 661 semitam
2560 608 2815 672 ineundo,
2864 608 3181 677 reperierit;
3219 610 3363 678 quod
3397 610 3503 663 uti-

1946 710 2051 765 que
2092 696 2418 768 Babylonios
2455 696 2581 764 jure
2625 699 2823 753 merito
2876 700 3267 765 consternavit,
3308 708 3369 755 et
3408 715 3505 754 eos

1947 789 2190 844 Ezechia:
2228 800 2483 858 tanquam
2521 790 2630 844 Deo
2671 791 2888 859 suppari
2924 791 3176 855 similive,
3212 800 3373 860 atque
3407 792 3504 845 ho-

1947 882 2183 937 minibus
2216 881 2616 949 prmstantiori,
2650 882 2767 935 sine
2810 896 2987 951 pugna
3031 883 3265 951 subegit.
3301 883 3507 938 Omitto

1945 988 2066 1042 qum
2099 974 2151 1026 in
2175 971 2411 1043 Egypto
2460 973 2750 1038 magnifice
2802 983 2951 1043 gesta
3004 982 3152 1035 sunt,
3187 984 3353 1041 atque
3398 974 3501 1028 alia

1944 1068 2187 1136 quaedam
2223 1068 2410 1136 signa,
2466 1080 2585 1134 qua:
2632 1066 2757 1119 alibi
2792 1065 3050 1119 divinitus
3104 1076 3313 1133 patrata
3354 1076 3500 1131 sunt;

1944 1158 2060 1213 haec
2096 1167 2304 1213 tantum
2350 1164 2592 1214 memoro
2624 1172 2747 1228 quae
2782 1165 2910 1212 sunt
2941 1156 3095 1211 obvia
3128 1157 3498 1227 cmlestiaque,

1944 1258 1999 1304 et
2040 1263 2136 1319 per
2168 1249 2480 1303 universum
2531 1248 2719 1304 orbem
2780 1248 2847 1301 ab
2896 1247 3147 1302 omnibus
3201 1248 3497 1305 celebrata.

1944 1339 2048 1394 Sed
2082 1339 2303 1394 omnino
2345 1339 2488 1392 dicet
2529 1338 2952 1408 Apollophanes,
2988 1339 3089 1390 ista
3125 1338 3344 1391 minime
3373 1354 3500 1394 vera

1943 1444 2097 1497 esse;
2135 1438 2369 1485 attamen
2404 1430 2453 1484 id
2485 1429 2564 1483 vel
2612 1430 2844 1483 maxime
2890 1428 3050 1498 595
3100 1429 3272 1483 sacris
3308 1428 3501 1483 Persa-

1941 1535 2060 1574 rum
2128 1519 2487 1573 monumentis
2554 1518 2899 1581 celebratur,
2971 1527 3143 1586 atque
3201 1518 3500 1572 etiamnum

1944 1610 2084 1681 magi
2109 1609 2336 1679 triplicis
2356 1608 2556 1673 Mithri,
2579 1609 2693 1662 sive
2720 1607 2868 1672 solis,
2895 1608 3207 1662 memoriam
3230 1607 3496 1661 recolunt.

1943 1702 2144 1757 Verum
2194 1700 2271 1756 illl
2321 1700 2484 1756 liceat
2531 1700 2648 1754 sive
2685 1713 2783 1767 per
2829 1699 3209 1768 ignorantiam,
3260 1697 3373 1752 sive
3405 1713 3500 1766 per

1943 1770 2241 1854 inscitiam,
2278 1787 2399 1842 istis
2444 1788 2603 1842 ﬁdem
2643 1787 2934 1857 derogare;
2971 1788 3063 1841 sed
3098 1787 3185 1841 dic
3225 1787 3296 1842 illi
3324 1811 3336 1843 ;
3360 1787 3498 1853 Quid

1944 1878 2113 1932 sentis
2144 1878 2211 1932 de
2245 1877 2335 1932 illa
2364 1876 2492 1931 solis
2518 1876 2844 1941 defectione,
2872 1891 2994 1944 quae
3029 1877 3223 1931 accidit
3257 1877 3309 1930 iu
3336 1892 3505 1932 cruce

1941 1969 2211 2025 salutari?
2241 1968 2391 2023 Tunc
2425 1969 2573 2023 enim
2620 1970 2780 2023 ambo
2808 1969 2963 2037 juxta
2998 1969 3318 2039 Heliopolitn
3354 1985 3496 2038 pra:-

1943 2069 2122 2118 sentes
2155 2059 2312 2116 simul
2345 2069 2397 2115 et
2430 2070 2693 2126 astantes,
2727 2062 2961 2115 mirabili
3014 2062 3223 2115 ratione
3271 2061 3369 2115 soli
3418 2061 3498 2114 lu-

1942 2168 2068 2207 nam
2096 2152 2405 2206 coincirlere
2448 2152 2801 2205 cernebamus
2831 2152 3029 2221 (neque
3064 2161 3241 2207 tamen
3288 2162 3500 2221 tempus

1935 2244 2329 2314 coniunctionis
2379 2245 2542 2311 erat),
2580 2244 2862 2313 ipsamque
2913 2260 3124 2310 rursus,
3159 2248 3258 2300 sub
3304 2246 3497 2299 horam

1940 2350 2138 2390 nonam
2176 2334 2565 2403 vespertinam,
2599 2333 2862 2389 diametro
2905 2336 3003 2390 soli
3035 2336 3278 2406 opposito
3308 2350 3497 2406 super-

1941 2426 2259 2481 naturaliter
2310 2426 2542 2481 restitui.
2591 2425 2729 2491 Quin
2763 2426 2928 2481 etiam
2981 2428 3033 2481 in
3072 2428 3385 2481 memoriam
3422 2426 3493 2479 illi

1938 2532 2134 2573 revoca
2182 2518 2444 2586 quiddam
2487 2517 2665 2584 aliud;
2701 2517 2807 2571 scit
2837 2518 3004 2584 enim,
3049 2520 3316 2587 quomodo
3345 2518 3497 2573 vide-

1936 2608 2105 2664 rimus
2156 2609 2304 2664 illum
2356 2610 2496 2665 luna:
2544 2624 2832 2664 occursum
2886 2610 2955 2664 ab
2982 2610 3195 2666 oriente
3239 2611 3497 2679 caepisse,

1934 2709 1989 2754 et
2019 2714 2188 2768 usque
2214 2700 2281 2753 ad
2324 2700 2453 2755 solis
2487 2702 2890 2757 extremitatem
2922 2701 3257 2769 pervenisse,
3283 2716 3347 2754 ac
3381 2710 3491 2753 tum

268 2783 481 2836 demum
518 2785 790 2849 resiliisse,
819 2797 875 2840 et
904 2800 1137 2852 rursum,
1178 2801 1285 2843 non
1326 2802 1393 2843 ex
1437 2789 1628 2845 eadem
1661 2798 1814 2859 parte
1844 2803 2136 2846 occursum
2172 2788 2321 2844 illum
2360 2800 2416 2843 et
2447 2803 2720 2845 recessum
2762 2790 3061 2851 exstitisse,
3112 2790 3207 2845 sed
3264 2803 3331 2844 ex
3394 2789 3496 2843 ad-

270 2888 429 2927 verso
455 2875 725 2932 diametri.
760 2878 865 2931 Ista
894 2888 1042 2945 sunt,
1073 2893 1194 2949 qua:
1223 2886 1350 2935 tunc
1387 2896 1549 2952 supra
1584 2892 1836 2936 naturam
1866 2882 2088 2939 omnino
2121 2882 2488 2953 contigerunt,
2523 2893 2577 2937 et
2610 2895 2639 2935 a
2694 2880 2814 2938 solo
2847 2897 3029 2937 rerum
3062 2883 3303 2937 omnium
3368 2897 3495 2935 cou-

271 2966 446 3019 ditore
488 2966 703 3023 Christo
737 2968 855 3025 ﬁeri
901 2980 1126 3039 possunt
1154 3011 1171 3038 ,
1217 2972 1310 3043 qui
1354 2972 1486 3029 facit
1529 2989 1724 3045 magna
1748 2988 1814 3032 ac
1846 2974 2119 3045 stupenda
2152 2990 2383 3045 quorum
2408 2990 2514 3028 non
2541 2983 2625 3030 est
2649 2990 2931 3037 numerus.

1792 3132 1825 3209 ς
1868 3131 1985 3195 ιιι.

337 3261 518 3314 Ταῦτα
542 3300 557 3326 ,
599 3263 651 3316 εἴ
690 3281 773 3317 σοι
819 3265 1036 3338 θεμιτὸν
1060 3308 1075 3331 ,
1122 3270 1279 3335 εἰπὲ,
1326 3265 1454 3335 καὶ,
1498 3274 1544 3328 εί
1582 3274 1824 3343 δυνπὼν,

1998 3278 2158 3345 Ηωο,
2195 3279 2242 3334 si
2282 3276 2366 3334 fas
2393 3291 2511 3343 est,
2551 3280 2603 3336 ei
2635 3281 2825 3348 dicito,
2884 3292 3045 3351 tuque
3090 3284 3493 3355 Apollophanes

266 3353 690 3423 Ἀπολλόφανες,
735 3357 980 3429 ἐξέλεγχε
1010 3360 1055 3391 ⁸⁵
1099 3363 1192 3416 καὶ
1242 3363 1379 3435 πρὸς
1421 3365 1522 3435 ἐμὲ
1567 3365 1658 3423 τὸν
1705 3381 1824 3423 τοτε

267 3446 361 3497 καὶ
394 3448 744 3519 συμπαρόντα
775 3467 878 3516 σοι,
911 3452 1004 3504 καὶ
1034 3456 1433 3527 συνεωρακότα,
1464 3459 1558 3511 καὶ
1591 3476 1823 3514 συνανα-

265 3538 523 3607 κρίναντα
552 3540 729 3594 πάντα
749 3580 763 3606 ,
792 3544 885 3596 καὶ
916 3545 1304 3617 ωναγάμενον.
1334 3549 1549 3621 Ἀμέλει
1577 3553 1668 3605 καὶ
1690 3570 1825 3624 μαν-

262 3628 412 3690 τείας
438 3629 577 3695 τότε,
605 3633 705 3685 οὐκ
732 3629 825 3686 οἷδ’
855 3634 997 3702 ὅθεν,
1030 3638 1474 3712 ὁἈπολλοφάνης
1496 3642 1821 3715 ἀπάρχεται,

264 3719 357 3769 καὶ
389 3720 522 3807 πρὸς
552 3723 671 3792 ἐμὲ,
700 3723 886 3799 ὥσπερ
908 3727 978 3780 τὰ
1008 3730 1295 3802 γιγνόμενα
1325 3734 1663 3805 συμϐάλλων,
1699 3738 1822 3807 ἔφη·

262 3809 466 3875 Ταῦτα,
497 3806 541 3865 ὦ
569 3816 699 3868 καλὲ
728 3818 985 3881 Διονύσιε,
1015 3820 1172 3874 θείων
1196 3824 1420 3894 ἀμοιϐαὶ
1447 3806 1821 3898 πραγμάτων.

260 3901 509 3957 Τοσαῦτα
552 3905 627 3969 ὠς
666 3909 785 3961 κατ’
828 3911 1113 3983 ἐπιστολὴν
1154 3916 1286 3983 ἡμῖν
1330 3917 1586 3986 είρήσθω.
1648 3919 1719 3972 Σὺ
1766 3919 1823 3973 δὲ

262 3992 446 4058 ἱκανὸς
500 3997 595 4049 καὶ
636 3998 705 4051 τά
750 4000 1058 4055 ἐλλείποντα
1103 4006 1673 4079 προσαναπληρῶσαι,
1729 4012 1823 4065 καὶ

261 4092 625 4156 προσαγαγεῖν
664 4090 859 4155 τελέως
907 4093 983 4162 τῷ
1030 4094 1144 4166 Θεῷ
1186 4097 1275 4149 τὸν
1322 4098 1489 4169 ἄνδρα
1508 4141 1523 4164 ,
1560 4102 1720 4171 σοφὸν
1752 4102 1820 4155 τά

257 4172 423 4229 πολλά
464 4178 626 4245 ὄντα,
687 4184 780 4235 καὶ
834 4184 960 4247 ίσως
1014 4188 1112 4239 οὐκ
1166 4187 1542 4253 ἀπαξιώσοντα
1602 4192 1821 4263 πραέως

254 4266 449 4409 ἕεαθεῖν
494 4270 592 4343 τὴν
639 4273 943 4345 ὑπέρσοφον
987 4277 1086 4348 τῆς
1132 4278 1425 4349 θρησκείας
1480 4282 1634 4352 ἡμῶν
1686 4284 1818 4357 ἀλή-

320 4375 422 4409 ιαν.

320 4375 422 4413 ιαν.

1929 3372 2118 3429 refelle
2147 3374 2192 3427 si
2220 3380 2395 3443 potes,
2423 3374 2582 3441 idque
2618 3372 2907 3427 adversum
2940 3388 3047 3439 tne,
3081 3376 3172 3444 qui
3204 3386 3328 3432 tunc
3352 3394 3491 3446 prte-

1927 3479 2052 3518 sens
2086 3479 2187 3519 una
2220 3473 2395 3519 tecum
2427 3462 2593 3528 adfui,
2620 3472 2676 3517 et
2700 3464 2858 3517 simul
2888 3467 3093 3534 aspexi,
3122 3475 3177 3520 et
3201 3468 3486 3522 observavi

1926 3555 2107 3609 omnia
2142 3570 2262 3608 cum
2295 3554 2673 3610 admiratione.
2730 3556 2970 3626 Denique
3010 3566 3135 3612 tunc
3166 3561 3345 3614 nescio
3378 3577 3492 3630 quo

1927 3648 2116 3715 spiritu
2149 3645 2379 3711 afﬂatUS,
2414 3647 2464 3699 in
2498 3648 2886 3702 divinationem
2920 3664 3132 3717 quoque
3155 3651 3485 3720 Apollopha-

1926 3750 2022 3789 nes
2047 3738 2309 3805 prorupit,
2339 3744 2392 3789 et
2418 3737 2484 3789 ad
2515 3751 2598 3791 me
2627 3752 2922 3792 conversus
2953 3756 2965 3791 :
3006 3739 3149 3805 Istae,
3185 3741 3484 3810 inquiebat,

1923 3840 1956 3878 0
1987 3825 2247 3893 praeclare
2285 3824 2528 3896 Dionysi,
2568 3828 2871 3881 divinarum
2919 3840 3045 3883 sunt
3083 3832 3484 3887 vicissitudines

1924 3932 2126 3971 rerum.
2179 3915 2302 3971 Haec
2338 3934 2367 3971 a
2400 3920 2557 3974 nobis
2587 3932 2839 3989 tanquam
2882 3936 2979 3990 per
3006 3922 3291 3991 epistolam
3335 3925 3485 3978 dicta

1923 4008 2032 4061 sint
2066 4009 2220 4064 satis.
2283 4010 2448 4067 Potes
2478 4027 2643 4082 porro
2682 4013 2796 4081 ipse
2836 4014 3085 4082 supplere
3116 4029 3232 4083 qua».
3264 4014 3481 4076 desunt,

1920 4112 1973 4156 et
2004 4102 2069 4155 ad
2100 4104 2264 4156 Deum
2301 4104 2540 4172 perfecte
2580 4107 2756 4160 virum
2800 4106 3088 4168 adducere,
3126 4105 3311 4161 multis
3346 4122 3486 4161 sane

1920 4196 1974 4249 in
2018 4198 2179 4250 rebus
2223 4199 2554 4265 sapientem;
2607 4213 2783 4268 neque
2829 4198 3061 4254 fortasse
3095 4199 3478 4269 dedignabitur

1919 4297 2200 4342 mansuete
2223 4303 2285 4342 ac
2310 4289 2586 4343 humiliter
2614 4290 2822 4344 discere
2849 4290 3130 4359 plusquam
3176 4292 3481 4360 sapientem

1919 4379 2199 4449 religionis
2225 4392 2422 4437 nostra:
2445 4385 2753 4440 veritatem.

1410 4684 1934 4745 ADNOTATIONES
1970 4691 2310 4749 CORDERII.

323 4805 351 4877 ᾗ
396 4804 441 4860 1.
482 4806 658 4889 μοῑιι,
692 4811 989 4892 epistolam
1040 4814 1175 4895 hanc
1225 4818 1481 4885 scriptam
1540 4834 1728 4879 sancto
1776 4825 2111 4896 Polycarpo,
2163 4826 2253 4882 Sm
2301 4842 2410 4881 rnze
2458 4829 2510 4883 in
2556 4828 2682 4883 Asia
2713 4827 2984 4897 episcopo,
3032 4829 3204 4882 sancti
3244 4825 3474 4883 Joannis

323 4877 596 4951 angeltsta:
652 4881 947 4948 discipulo,
1000 4900 1152 4951 cujus
1204 4895 1382 4942 exstat
1418 4888 1652 4951 EDistola
1706 4896 1772 4949 ad
1812 4894 2199 4951 Philiubeuses.
2258 4844 2392 4951 {luic
2434 4900 2615 4951 itaque
2657 4912 2882 4951 sanetus
2926 4898 3207 4951 Dionvsins
3243 4902 3460 4951 modum

248 4877 610 4964 evangelistaa
652 4877 947 4964 discipulo,
1000 4884 1152 4964 cujus
1204 4877 1382 4964 exstat
1418 4877 1661 4964 Epistola
1706 4877 2199 4964 ad_Pliilippeitses.

2309 4899 2392 4950 uic
2434 4900 2615 4968 itaque
2657 4912 2882 4952 sanetus
2926 4898 3207 4968 Dionysius
3243 4902 3460 4951 modum

247 4947 957 5036 ριὲξςςιιιίιμξιβριιιιίίειηη.
990 4947 1356 5036 Αροιορίιιιιιθ
1395 4947 1770 5036 philosopho
1803 4947 2224 5036 asiguaes‘r.
2258 4947 3467 5036 ’ἐιίέεξςέιῖιιῖῗιυῖὖὲιὲ’ζ’ἶιιιῖοίέ⁴ριιιιοείοβιῖιῖέζ

249 5024 484 5069 maxime
497 5027 801 5136 [putaretur
842 5024 1173 5105 capiendus,
1216 5035 1270 5077 et
1298 5024 1539 5104 suaviter
1568 5024 1905 5088 inducendus
1930 5024 1999 5088 ad
2030 5038 2186 5090 fidem
2217 5024 3013 5107 cathii‘l'icam'amplectmulam.

321 5082 348 5136 ε
392 5083 453 5136 ΙΙ.
570 5087 687 5136 divo
725 5087 896 5136 Paulo
926 5105 1180 5136 sanmnlzn
1215 5094 1305 5136 Dn
1340 5098 1642 5136 υηηιὶηηιηυ
1696 5103 1911 5136 Quium.-
1946 5104 2086 5136 [Puta-
2144 5104 2255 5136 ln.t
2294 5106 2518 5136 οτι-ξηιλ
2576 5123 2672 5136 ...ηι
2732 5122 2768 5136 .-
2826 5107 2856 5136 ¹¹1
2911 5106 2999 5136 ..Ιιι

570 5087 687 5177 givmo
721 5087 1180 5177 ﬂuuio-sapientia
1211 5094 1307 5177 Dei
1339 5098 1662 5177 nominatur.
1696 5087 2545 5174 δειιιεειΕριέῐξιέὲιὰόί-ιίιῖῐῖ.
2565 5087 2792 5174 ἰὶῤ
2826 5087 3101 5177 ibiibi—ait
3130 5122 3145 5137 ·
3178 5105 3463 5177 Loquimur

804 5151 1071 5246 mysterio,
1100 5179 1217 5243 qum
1246 5165 1552 5246 abscondita
1574 5151 1679 5246 ῥά,
1835 5151 2258 5246 ξ’νοῖεὲἷᾞυὶξιιῖ
2284 5151 2694 5243 sZ'p'ié'ui'i'énTi'n'
2718 5151 3155 5245 uiis-teriurs'i've

240 5224 448 5312 δυίξξςςι
465 5226 650 5312 illas";
683 5226 824 5312 illini
855 5224 910 5308 ἐμ
941 5224 1123 5312 arcani
1154 5234 1375 5312 consilii
1394 5236 1460 5290 de
1494 5224 1863 5312 redemptione
2718 5224 2973 5245 mpm"
2997 5224 3013 5241 ν
3041 5224 3152 5230 --ἡ
3187 5224 3410 5281 mih":

313 5292 746 5385 Q'ffhifmndm
786 5295 1073 5367 δανίρωτιυ
1113 5304 1489 5361 ιεδιίηιοηίαηι.
1531 5292 1873 5367 Όίιηῗιῖί
1896 5292 2761 5385 THJIJFzEﬁierZ$725111“:,
2805 5314 3060 5385 transfert
3102 5331 3261 5385 regna
3305 5324 3458 5385 atque

240 5363 531 5417 constituit.

1493 5470 1728 5529 VARllE
1763 5474 2055 5533 LECTION
2062 5478 2162 5533 ES.

380 5591 421 5622 “
458 5593 618 5662 φήσει
648 5594 725 5660 δέ,
762 5596 824 5652 D.
860 5596 921 5652 Ρ.

350 5598 421 5671 f‘
458 5598 618 5662 φήσει
648 5598 725 5660 δέ,
762 5598 824 5652 D.
860 5598 921 5652 P.
1038 5598 1083 5632 "
1114 5599 1364 5673 ἀπορίαν,
1424 5604 1477 5662 5,

244 5658 295 5692 ⁵⁸
322 5658 526 5733 ἔλεγχε.

1587 5610 1632 5641 ⁸⁸
1666 5610 1807 5665 κατά
1849 5611 1949 5683 τὴν
2006 5612 2362 5680 Ἡλιούπολιν,
2412 5614 2466 5671 D.
2518 5612 2667 5686 ἡλίου
2696 5609 2874 5682 πόλιν,
2905 5609 2966 5668 Ρ.

3075 5608 3452 5674 “sulcas.
