3892 6232
401 320 537 375 i087

1526 321 1584 379 S.
1624 320 1923 377 DIONYSII
1958 320 2441 376 AREOI‘AGlT/E.

3507 323 3659 379 1098

398 442 540 495 xerit
570 450 617 503 ',
652 449 952 509 cunctaque
991 439 1119 493 velit
1162 438 1263 492 sibi
1313 453 1530 508 semper
1579 452 1699 492 esse
1747 438 1965 502 similia,

2072 438 2193 507 εἰκῆ
2227 434 2706 505 κατεγκαλούντων
2737 436 3018 507 ἀνέχεται,
3049 436 3142 490 xui
3171 435 3329 499 αὐτὸς
3360 436 3657 506 ἀπολογεῖ-

398 542 451 583 ct
483 545 581 599 pro
620 529 881 597 cujusque
930 537 1087 597 captu
1140 525 1586 581 communicare?
1648 525 1785 592 Quid
1823 525 1965 593 quod

398 640 428 678 a
459 638 518 677 se
544 620 863 675 deficientes
908 633 1094 672 amore
1126 626 1511 687 prosequatur,
1563 616 1966 684 contendatque

396 728 460 766 ac
498 719 674 778 roget,
710 724 776 763 ne
812 708 1169 777 dedignentur
1217 720 1433 759 amores
1463 707 1517 771 t;
1569 706 1700 775 quin
1751 713 1805 758 et
1833 705 1969 758 deli-

398 802 580 857 ciosos
609 802 754 871 ipsos
790 814 852 852 ac
886 808 1086 853 temere
1120 806 1476 867 provocantes
1518 797 1769 859 sustinet,
1805 806 1969 865 atque

398 896 628 958 ipsemet
677 898 924 957 excusat,
962 904 1136 959 eoque
1170 891 1341 958 magis
1379 904 1438 943 se
1474 888 1669 958 recipit
1711 888 1833 941 illos
1874 903 1970 941 cu-

398 994 664 1046 raturum,
720 981 959 1051 ipsisque
1009 979 1121 1048 jam
1164 978 1340 1033 adhuc
1395 978 1746 1043 distantibus,
1809 977 1968 1033 simul

398 1086 579 1128 tamen
612 1073 1031 1126 adventantibus
1077 1072 1319 1125 occurrit
1367 1079 1420 1125 et
1456 1072 1680 1137 obviat,
1712 1079 1968 1139 totusque

401 1175 542 1220 totos
578 1165 911 1233 amplectens
954 1164 1257 1229 osculatur,
1298 1180 1469 1233 neque
1500 1164 1565 1219 de
1598 1165 1843 1234 pristinis
1874 1178 1967 1218 eos

399 1258 597 1329 arguit,
631 1258 724 1312 sed
755 1257 929 1327 diligit
959 1258 1267 1326 praesentia,
1314 1258 1617 1327 festumque
1644 1257 1786 1311 diem
1831 1259 1965 1327 agit,

396 1366 460 1405 ac
489 1359 751 1405 convocat
780 1351 1008 1411 amicos.
1034 1349 1285 1404 videlicet
1318 1352 1510 1412 bonos,
1546 1358 1603 1402 ut
1630 1350 1700 1403 sit
1724 1350 1965 1403 omnium

397 1441 693 1495 laetantium
728 1441 994 1495 habitatio
1020 1453 1067 1496 ιι.
1103 1441 1272 1495 Porro
1297 1440 1663 1511 Demophilus,
1690 1442 1813 1495 etsi
1844 1443 1967 1510 quis

397 1534 537 1587 alius
592 1532 750 1587 bonis
817 1533 1155 1599 adversatur,
1210 1530 1333 1599 jure
1384 1532 1576 1586 merito
1634 1531 1963 1600 corripitur,

396 1628 646 1697 bonaque
693 1627 920 1681 docetur
969 1638 1025 1681 ut
1068 1629 1409 1681 emendetur.
1472 1627 1753 1693 Quomodo
1793 1628 1963 1694 enim,

399 1720 593 1788 inquit,
622 1734 726 1773 non
755 1719 1039 1789 oportebat
1067 1734 1189 1773 eum
1216 1722 1309 1789 qui
1338 1719 1511 1775 bonus
1541 1729 1647 1783 est,
1678 1720 1745 1775 de
1773 1735 1961 1773 eorum

396 1810 489 1879 qui
533 1810 810 1877 perierant
850 1810 1048 1877 salute,
1082 1825 1181 1866 nec
1228 1827 1332 1865 non
1378 1826 1565 1865 eorum
1603 1812 1693 1880 qui
1723 1810 1964 1867 defuncti

397 1908 557 1953 erant
600 1900 710 1953 vita
765 1898 990 1953 hetari?
1054 1899 1333 1970 Siquidem
1383 1900 1550 1956 etiam
1613 1903 1666 1958 in
1714 1904 1967 1958 humeros

366 1992 541 2045 'tollit
577 1991 796 2046 vixdum
831 1994 897 2046 ab
933 2008 1123 2047 errore
1174 2009 1521 2060 conversum,
1566 2003 1621 2047 et
1654 1995 1828 2050 bonos
1871 2010 1969 2049 an-

398 2081 547 2150 gelos
586 2081 650 2134 ad
697 2081 939 2135 lretitiatn
988 2082 1213 2145 excitat,
1269 2084 1402 2153 quin
1454 2093 1510 2137 et
1554 2084 1784 2156 ingratis
1815 2084 1970 2139 benl-

398 2186 536 2240 guns
566 2172 772 2239 existit,
803 2182 849 2227 et
879 2174 1009 2225 oriri
1051 2173 1181 2241 facit
1232 2176 1395 2228 solem
1439 2190 1592 2227 suum
1622 2191 1779 2243 super
1807 2177 1968 2229 bonos

395 2272 444 2316 et
478 2262 645 2317 malos
667 2271 718 2328 ν,
754 2270 914 2332 atque
945 2261 1118 2332 ipsam
1149 2278 1301 2317 suam
1332 2263 1567 2318 animam
1600 2280 1699 2335 pro
1729 2264 1969 2338 profugis

397 2353 550 2421 ponit
572 2360 623 2409 ι.
649 2351 729 2406 Τιι
758 2367 909 2416 vero,
941 2364 1000 2407 ut
1030 2362 1132 2406 tua:
1157 2354 1354 2407 littcrzc
1382 2354 1681 2421 declarant,
1715 2358 1968 2411 acciden-

401 2455 511 2501 tem
559 2444 855 2512 sacerdoti,
896 2446 1045 2498 illum
1079 2460 1239 2514 quem
1290 2445 1511 2516 impium
1545 2461 1609 2502 ac
1632 2458 1968 2516 peccatorem

401 2536 571 2601 dicis,
616 2536 802 2590 nescio
846 2537 1121 2604 quomodo
1164 2546 1346 2604 perte
1389 2552 1627 2606 praesens
1670 2538 1965 2607 repuleris;

401 2635 513 2685 tum
536 2625 623 2679 ille
644 2625 862 2694 quidem
880 2625 1271 2694 deprecabatur
1296 2637 1351 2682 et
1373 2626 1643 2683 fatebatur
1672 2643 1731 2683 se
1761 2631 1827 2683 ad
1857 2644 1969 2683 ma-

401 2717 576 2772 lorum
608 2717 929 2772 medicinam
955 2717 1257 2785 advenisse;
1280 2728 1334 2775 tu
1361 2728 1561 2787 autem,
1583 2720 1717 2776 nihil
1745 2722 1969 2788 veritus,

400 2810 601 2865 bonum
634 2811 855 2880 insuper
884 2812 1220 2872 sacerdotem
1256 2828 1377 2868 cum
1407 2816 1641 2884 quadam
1685 2816 1972 2871 insolentia

400 2901 738 2957 conviciatus
784 2903 1052 2972 es,quod
1105 2904 1397 2960 miseratus
1445 2917 1591 2961 esset
1634 2907 1972 2976 paenitentis,

401 3002 564 3062 atque
619 2993 842 3062 impium
879 2993 1268 3064 justitlcasset;
1324 3012 1389 3053 ac
1448 2997 1709 3063 tandem,
1759 3000 1967 3067 «Exin

2070 547 2161 583 ται
2189 546 2203 593 ;
2249 530 2343 582 καὶ
2389 528 2585 599 μᾶλλον
2627 528 3013 596 ἐπαγγέλλεται
3042 526 3417 599 θεραπεύσειν,
3448 529 3543 581 καὶ
3572 529 3657 581 ἔτι

2070 620 2253 683 αὐτοῖς
2282 619 2595 690 ἀπέχουσιν,
2626 620 2777 689 ὅμως
2806 618 3089 689 προσιοῦσι
3105 618 3150 650 ⁸⁸
3191 618 3515 690 προστρέχει
3558 620 3659 671 καὶ

2071 713 2315 783 ὑπαντᾷ,
2346 713 2440 765 xui
2470 711 2590 776 ὅλος
2620 711 2777 774 ὅλους
2804 712 3038 783 περιφὺς
3066 710 3397 774 ἀσπάζεται,
3429 710 3525 762 xui
3552 708 3658 762 οὐκ

2070 803 2291 872 ἐγκαλεῖ
2328 802 2455 873 περὶ
2492 802 2599 855 τῶν
2645 802 2958 873 προτέρων,
2992 800 3125 854 ἀλλά
3165 802 3351 871 ἀγαπᾷ
3390 800 3459 853 τὰ
3501 817 3657 870 παρ-

2068 896 2198 949 όντα
2221 936 2235 958 ,
2284 895 2378 948 καὶ
2408 894 2600 965 ἑορτὴν
2636 894 2784 962 ἄγει,
2811 894 2903 947 xui
2922 892 3177 961 συγκαλεῖ
3197 893 3243 924 ⁸⁸
3271 892 3399 954 τοὺς
3424 890 3651 960 φίλους,

2068 986 2269 1057 δηλαδὴ
2304 986 2431 1047 τοὺς
2460 984 2732 1052 ἀγαθοὺς,
2768 985 2854 1037 ἵνα
2954 984 3169 1037 πάντων
3205 982 3655 1054 εὐφραινομένων

2068 1079 2103 1147 ἡ
2145 1077 2418 1130 κατοικία.
2457 1076 2761 1146 Δημόφιλος
2792 1075 2849 1127 δὲ
2872 1115 2886 1139 ,
2922 1075 3015 1128 καὶ
3042 1075 3094 1127 ετ
3126 1090 3209 1137 τις
3238 1073 3394 1136 ἀλλος
3425 1072 3655 1140 ἀγαθοῖς

2068 1167 2427 1238 ἀπεχθάνεται
2450 1205 2464 1231 ,
2498 1168 2588 1220 xui
2618 1166 2737 1220 λίαν
2765 1166 2986 1229 ἐνδίκως
3014 1165 3347 1235 ἐπιτιμᾶται,
3384 1164 3479 1216 xui
3506 1164 3658 1215 ἐκδι-

2068 1258 2324 1312 δάσκεται
2369 1257 2439 1312 τά
2480 1258 2653 1322 καλά,
2700 1259 2793 1311 xui
2840 1257 3192 1325 ἀγαθύνεται.
3227 1255 3351 1318 Πῶς
3390 1254 3501 1325 γάρ
3553 1255 3656 1306 οὐκ

2068 1349 2204 1414 ἔδει,
2250 1351 2414 1422 φησὶ,
2456 1350 2549 1402 τὸν
2597 1349 2802 1417 ἀγαθὸν
2834 1350 2926 1401 ἐπὶ
2957 1346 3197 1419 σωτηρίᾳ
3225 1346 3331 1399 τῶν
3376 1344 3659 1398 ἀπολωλό-

2066 1457 2176 1494 των
2221 1440 2639 1512 εὐφραίνεσθαι,
2685 1441 2778 1493 xui
2832 1439 2947 1510 ζωῇ
2989 1438 3098 1491 τῶν
3151 1437 3653 1506 τεθανατωμένων;

2080 1531 2294 1603 Ἀμέλει
2331 1533 2422 1585 xui
2456 1534 2551 1585 ἐπ’
2582 1531 2747 1602 ῶμων
2776 1532 2984 1603 αῐρει⁶³
3011 1530 3073 1584 τὸ
3102 1529 3249 1601 μόλις
3292 1529 3403 1581 ἀπὸ
3443 1528 3658 1598 πλάνης

2067 1626 2398 1697 ἐπιστραφέν
2415 1626 2481 1690 ⁸⁸,
2510 1625 2603 1677 xui
2630 1624 2756 1687 τοὺς
2783 1621 3025 1691 ἀγαθοὺς
3059 1621 3323 1689 ἀγγέλους
3346 1621 3428 1682 είς
3456 1619 3659 1689 εὐφρο-

2073 1720 2239 1790 σύνην
2277 1718 2477 1788 ἐγείρει
2497 1757 2511 1780 ,
2537 1717 2631 1769 xui
2661 1715 2895 1786 χρηστός
2932 1716 3078 1765 ἐστιν
3094 1713 3137 1743 ⁸⁷
3166 1711 3259 1765 ἐπὶ
3297 1711 3424 1773 τοὺς
3452 1709 3659 1779 ἀχαρί-

2072 1827 2247 1873 στους,
2268 1809 2363 1863 καὶ
2379 1806 2696 1863 ἀνατέλλει
2707 1805 2814 1858 τὸν
2828 1804 3008 1874 ἣλιον
3032 1803 3217 1859 αὑτοῦ
3234 1802 3333 1855 ἐπὶ
3348 1801 3659 1868 πονηροὺς

2068 1903 2163 1956 καὶ
2182 1901 2460 1971 ἀγαθοὺς,
2476 1900 2567 1953 xui
2580 1899 2746 1970 αὐτὴν
2776 1898 2873 1969 τὴν
2893 1897 3071 1969 ψυχὴν
3090 1894 3255 1950 αὑτοῦ
3278 1893 3491 1964 τίθησιν
3514 1893 3662 1963 ὑπὲρ

2067 1996 2174 2048 τῶν
2218 1992 2634 2063 ἀποφευγόντων
2651 1992 2715 2043 ⁸⁸.
2758 1990 2830 2043 Σὺ
2858 1989 2949 2053 δὲ,
2988 1988 3065 2051 ὡς
3102 1986 3172 2041 τά
3210 1984 3518 2057 γράμματά
3561 2001 3660 2036 σου

2067 2084 2245 2155 δηλοῖ,
2278 2085 2373 2137 xui
2402 2081 2777 2153 προσπεσόντα
2804 2080 2883 2150 τῷ
2914 2080 3081 2150 ἱερεῖ,
3111 2078 3203 2131 τὸν
3232 2077 3308 2140 ὠς
3342 2078 3452 2148 φῂς
3479 2075 3661 2145 ἀσεόἧ

2069 2178 2163 2229 xui
2206 2174 2549 2246 ἁμαρτωλὸν,
2585 2174 2686 2226 οὐκ
2722 2168 2827 2227 οἷδ’
2866 2172 3017 2233 ὅπως
3056 2168 3185 2223 καθ’
3222 2169 3415 2222 ἑαυτοῦ

2070 2267 2466 2329 ἀπελάκτισαςο
2516 2259 2634 2317 εἶτα
2653 2303 2669 2327 ,
2709 2264 2739 2317 ό
2798 2263 2894 2334 μὲν
2954 2260 3124 2313 ἐδεῖτο
3155 2261 3199 2293 ⁸⁸
3242 2259 3338 2312 xui
3375 2258 3656 2328 ὡμολόγει

2070 2360 2207 2429 πρὸς
2239 2358 2481 2429 ἰατρείαν
2509 2354 2693 2410 κακῶν
2723 2352 3059 2424 ἐληλυθέναι,
3098 2351 3161 2403 σὺ
3190 2350 3247 2403 δὲ
3273 2351 3372 2403 οὐκ
3403 2350 3659 2420 ἔφριξας,

2069 2450 2207 2504 ἀλλά
2234 2449 2329 2503 καὶ
2359 2448 2450 2501 τὸν
2478 2446 2685 2518 ἀγαθὸν
2713 2446 2861 2519 ἱερέα
2906 2444 3042 2517 μετά
3082 2442 3317 2515 θράσους
3335 2444 3378 2471 ⁷⁵
3415 2458 3664 2513 προεπη-

2069 2542 2322 2605 λάκιζες,
2362 2539 2582 2613 ἐλεητὸν
2624 2536 2764 2593 εῖναι
2797 2535 3192 2610 μετανοοῦντα,
3236 2533 3450 2589 καὶτὸν
3481 2534 3666 2605 ἀσεεῆ

2068 2631 2463 2689 δικαιώσαντα·
2506 2633 2602 2686 xui
2632 2631 2817 2695 τέλος,
2852 2649 2871 2682 ι
2913 2626 3109 2694 Ἐξιθι,
3150 2646 3169 2678 ι
3215 2625 3351 2696 ἔφης
3376 2626 3458 2697 τῷ
3489 2628 3657 2696 ἱερεῖ,

2074 2727 2212 2799 μετά
2252 2728 2362 2779 τῶν
2403 2725 2603 2795 ὁμοίων
2641 2723 2735 2777 καὶ
2775 2720 3168 2791 είσεπήδησας,
3196 2718 3297 2771 οὐκ
3322 2717 3476 2779 ὄντος
3500 2716 3661 2787 θεμι-

2070 2817 2166 2871 τοῦ
2187 2858 2202 2883 ,
2241 2818 2377 2890 πρὸς
2406 2817 2475 2870 τὰ
2507 2815 2697 2879 ἄδυτα,
2728 2814 2823 2866 καὶ
2848 2812 2918 2864 τά
2950 2811 3115 2878 Ἅγια
3147 2808 3255 2862 τῶν
3286 2808 3461 2876 ἁγίων
3492 2809 3659 2861 συνέ-

2076 2907 2289 2971 στειλας
2308 2945 2323 2969 ,
2355 2906 2449 2959 καὶ
2479 2903 2710 2976 γράφεις
2751 2903 2903 2972 ἡμῖν,
2931 2900 3014 2953 ὅτι
3058 2898 3319 2969 μέλλοντα
3351 2896 3665 2967 διαφθαρῆ-

2074 3015 2162 3051 ναι
2190 2998 2258 3051 τά
2292 2995 2414 3070 ίερά
2455 2991 2827 3067 προνοητικῶς
2857 2990 3117 3045 ἀπέσωοα
3135 3029 3151 3053 ,
3184 2989 3277 3041 καὶ
3303 2986 3382 3040 ἔτι
3410 2987 3661 3057 ἄκραντα

402 3083 659 3152 inquiens
681 3085 987 3152 sacerdoti,
1026 3083 1189 3157 599
1220 3103 1341 3141 cum
1376 3088 1451 3143 tui
1480 3088 1747 3144 similibus
1780 3100 1969 3145 contra

2073 3090 2435 3160 διαφυλάττω.
2478 3085 2594 3141 Νῦν
2634 3081 2728 3138 οὖν
2759 3082 2924 3137 ἀκουε
2966 3080 3073 3134 τῶν
3101 3079 3383 3151 ἡμετέρων
3405 3094 3421 3108 ο
3457 3079 3531 3131 Οὐ
3566 3077 3661 3129 θε-

402 3170 486 3229 fas
530 3175 584 3228 in
616 3175 777 3246 adyta
816 3175 1079 3245 irrupisti,
1118 3192 1181 3231 ac
1208 3178 1406 3233 Sancta
1440 3190 1750 3235 sanctorum
1779 3192 1972 3237 conta-

401 3266 644 3335 mioasti,
690 3277 745 3323 et
786 3269 983 3324 scribis
1028 3269 1187 3324 nobis
1232 3280 1288 3324 te
1319 3280 1534 3337 sancta,
1575 3287 1697 3327 cum
1724 3274 1971 3329 violanda

401 3370 603 3422 essent,
634 3372 843 3412 summa
866 3373 995 3413 cura
1022 3359 1472 3430 providentiaque
1514 3377 1779 3428 servasse,
1802 3377 1974 3433 eaque

404 3447 670 3504 hactenus
716 3449 925 3505 illibata
977 3450 1282 3508 custodire.
1345 3450 1501 3507 Nunc
1549 3467 1680 3524 ergo
1721 3452 1847 3507 audi
1880 3468 1976 3507 no-

403 3545 572 3590 stram
615 3540 942 3592 sententiam
978 3554 993 3593 :
1026 3538 1186 3594 Nefas
1218 3549 1303 3594 est
1337 3542 1679 3595 Sacerdotem
1732 3557 1761 3594 a
1797 3549 1851 3596 te
1888 3541 1974 3595 di-

406 3629 685 3696 gnioribus
726 3630 1018 3694 ministris,
1062 3630 1208 3684 tuive
1254 3630 1465 3684 ordinis
1513 3632 1799 3687 monachis
1852 3646 1976 3687 cor-

407 3720 549 3787 ripi,
606 3720 955 3787 quantumvis
1024 3720 1075 3773 in
1130 3720 1315 3773 divina
1373 3721 1569 3790 impius
1617 3724 1881 3787 videatur,
1925 3731 1979 3778 ct

406 3812 624 3867 etiamsi
672 3812 802 3880 quid
838 3810 1007 3866 aliud
1070 3812 1295 3866 vetitum
1360 3814 1537 3883 egisse
1597 3814 1973 3869 convincatur.

408 3902 542 3957 Nam
587 3902 630 3957 si
667 3902 1036 3958 distinctionis
1080 3905 1395 3975 ordinisque
1438 3906 1711 3969 c0nl'usio,
1746 3907 1977 3960 divinis-

2077 3182 2229 3253 μιτὸν
2262 3179 2413 3251 ἱερέα
2454 3177 2591 3249 πρὸς
2628 3174 2738 3228 τῶν
2786 3174 2925 3244 ὑπὲρ
2971 3172 3031 3226 σέ
3072 3170 3396 3241 λειτουργῶν
3416 3210 3431 3234 ,
3474 3169 3507 3238 ἦ
3547 3168 3662 3221 τῶν

2072 3271 2356 3344 ὁμοταγῶν
2380 3285 2463 3322 σοι
2485 3269 2528 3299 ⁷⁸
2565 3264 2915 3338 θεραπευτῶν
2943 3260 3279 3323 εὐθύνεσθαι,
3308 3259 3410 3313 κᾶν
3436 3258 3661 3313 ἀσεϐεῖν

2072 3366 2153 3426 είς
2196 3361 2267 3415 τά
2310 3360 2430 3413 θεῖα
2481 3358 2646 3428 δοκῇ,
2698 3356 2801 3411 κᾶν
2846 3354 2975 3410 ἀλλο
3026 3371 3081 3408 τι
3123 3352 3233 3405 τῶν
3267 3350 3663 3421 ἀπειρημένων

2074 3454 2409 3523 ἐξελέγχοιτο
2446 3450 2668 3521 δράσας.
2701 3448 2764 3501 El
2790 3447 2901 3517 γάρ
2922 3444 3163 3515 ἀκοσμία
3186 3444 3282 3497 καὶ
3311 3441 3510 3506 ἀταξία
3548 3442 3664 3492 τῶν

2074 3545 2363 3599 θειοτάτων
2405 3543 2522 3596 ἐστὶ
2557 3541 2652 3595 xui
2683 3540 2825 3611 ὅρων
2857 3539 2952 3593 καὶ
2996 3537 3213 3607 θεσμῶν
3246 3534 3503 3599 ἔκϐασις,
3553 3534 3663 3585 οὐκ

2074 3638 2187 3708 ἔχει
2217 3636 2371 3705 λόγον
2399 3635 2540 3705 ὑπὲρ
2566 3632 2702 3687 Θεοῦ
2726 3632 2772 3663 ⁷³
2798 3630 2895 3701 τὴν
2926 3629 3323 3700 θεοπαράδοτον
3353 3626 3665 3695 ἀνατρέπε-

2078 3728 2201 3783 σθαι
2247 3726 2419 3793 τάξιν.
2466 3726 2541 3779 Οὐ
2587 3724 2697 3796 γάρ
2742 3723 2842 3793 ἐφ’
2878 3721 3071 3775 ἑαυτὸν
3102 3722 3131 3773 ὁ
3160 3719 3293 3781 Θεὸς
3341 3715 3660 3789 ἐμερίσθη·

2076 3820 2194 3883 πῶς
2226 3818 2335 3891 γάρ
2366 3817 2691 3888 σταθήσεται
2729 3818 2763 3886 ἡ
2801 3813 3047 3884 βασιλεία
3092 3810 3289 3874 αὐτοῦ;
3332 3810 3445 3862 Καὶ
3476 3809 3525 3860 εί
3567 3807 3669 3860 τοῦ

2075 3911 2209 3964 Θεοῦ
2236 3913 2403 3973 ἐστιν,
2438 3909 2512 3972 ὡς
2538 3908 2607 3961 τὰ
2635 3908 2789 3976 λόγιά
2819 3906 3060 3977 φησιν,ἡ
3090 3904 3268 3974 κρίσις
3286 3943 3302 3968 ,
3327 3901 3377 3953 οἱ
3405 3899 3467 3953 δὲ
3494 3901 3668 3970 ἱερεῖς

2076 4003 2294 4072 ἄγγελοι
2338 4002 2431 4055 xui
2464 4000 2741 4069 ὑποφῆται
2780 3996 2917 4068 μετὰ
2960 3998 3084 4058 τοὺς
3125 3992 3380 4064 ἱεράρχας
3412 3992 3521 4043 εἰσὶ
3554 3990 3669 4043 τῶν

408 4098 527 4154 cst;
567 4089 713 4143 nulla
747 4100 896 4145 certe
947 4091 1085 4145 ratio
1123 4100 1206 4147 est
1250 4103 1473 4162 propter
1500 4092 1666 4148 Deum
1720 4094 1969 4147 traditum

2079 4096 2238 4149 θείων
2284 4094 2595 4166 χριμάτων,
2630 4091 2768 4163 πρὸς
2800 4088 2976 4143 αὐτῶν
3003 4087 3073 4139 τά
3112 4085 3229 4138 θεῖα
3269 4082 3671 4155 προσηκόντως

410 4182 671 4237 divinitus
701 4184 946 4238 ordinem
988 4186 1401 4241 intervertendi.
1446 4185 1632 4255 Neque
1662 4188 1807 4241 enim
1839 4188 1888 4240 in
1920 4201 1969 4241 se

2081 4205 2160 4241 σοι
2197 4186 2288 4241 διά
2331 4187 2508 4257 μέσων
2533 4185 2576 4215 ⁷³
2608 4184 2716 4236 τῶν
2761 4180 3129 4250 λειτουργῶν,
3174 4179 3298 4230 ὅταν
3428 4176 3670 4245 καιρὸς,

412 4275 554 4329 Deus
580 4275 786 4331 divisus
820 4286 927 4342 est,
964 4276 1201 4346 alioquin
1238 4280 1505 4347 quomodo
1547 4280 1716 4334 stabit
1752 4295 1969 4350 regnum

2079 4278 2425 4341 ἐκδιδάσκου,
2453 4278 2519 4329 δι’
2548 4268 2622 4329 ὧν
2654 4276 2749 4329 xui
2779 4274 2841 4327 τὸ
2872 4268 3008 4326 εἶναι
3036 4269 3370 4342 θεραπευτὴς
3396 4265 3665 4336 eadem.

410 4364 527 4433 ejus
559 4377 588 4417 γ
616 4367 638 4419 ?
662 4368 728 4421 Et
756 4368 801 4422 si
832 4368 923 4423 Dei
962 4378 1045 4424 est
1084 4368 1377 4435 judicium,
1412 4381 1471 4424 ιιι
1502 4371 1728 4439 Eloquia
1777 4382 1969 4427 testan-

2085 4371 2156 4423 Ἦ
2188 4371 2307 4441 οὐχὶ
2338 4371 2433 4423 xui
2472 4368 2543 4422 τά
2596 4368 2715 4439 ίερά
2769 4365 3011 4437 σύμϐολα
3045 4364 3202 4415 τοῦτο
3243 4361 3372 4431 βοᾷς
3422 4360 3521 4411 xui
3554 4357 3673 4428 γὰρ

410 4467 501 4511 :ur
533 4468 576 4522 ι,
614 4462 926 4515 sacerdotes
952 4470 1130 4515 autem
1177 4463 1354 4533 angeli
1405 4472 1532 4518 sunt
1561 4476 1611 4528 α,
1647 4474 1702 4519 et
1730 4472 1846 4534 post
1880 4480 1969 4518 an-

2079 4463 2177 4532 οὐχ
2204 4461 2387 4524 άπλῶς
2408 4459 2658 4514 ἀπάντων
2688 4458 2785 4528 μὲν
2803 4456 3059 4527 ἐξῄρηται
3069 4454 3138 4507 τά
3151 4454 3315 4520 Ἅγια
3332 4449 3443 4503 τῶν
3467 4450 3537 4517 ἀγ
3546 4449 3665 4501 ίων·

411 4546 608 4601 tistites
658 4548 966 4603 divinorum
1028 4550 1357 4620 interpretes
1399 4552 1754 4622 iudiciorum,
1792 4554 1862 4609 ab
1909 4555 1969 4609 iis

2086 4554 2372 4625 πλησιάζει
2400 4553 2457 4605 δέ
2493 4551 2689 4625 μᾶλλον
2717 4552 2899 4611 αὐτοῖς
2932 4550 2960 4600 ὁ
2994 4547 3101 4599 τῶν
3138 4542 3515 4616 ίεροτελεστῶν
3547 4540 3671 4592 διά-

408 4636 621 4703 ordine,
653 4649 811 4709 prout
840 4650 891 4696 te
914 4641 1092 4705 decet,
1124 4644 1485 4698 mediantibus
1533 4646 1822 4711 ministris,
1846 4647 1969 4700 dum

2085 4662 2320 4715 κοσμος,
2352 4642 2471 4699 εἶτα
2500 4644 2608 4698 τῶν
2643 4642 2831 4715 ἱερέων
2873 4643 2905 4711 ἡ
2942 4639 3299 4708 διακόσμησις
3320 4676 3336 4703 ,
3380 4632 3671 4701 ἑπομένως

408 4731 513 4783 erit
536 4741 922 4801 opportunum,
958 4736 1139 4789 divina
1170 4738 1342 4801 disce,
1389 4751 1486 4805 per
1511 4752 1650 4806 quos
1692 4738 1884 4805 etiam,
1916 4749 1969 4792 ut

2084 4737 2142 4789 δέ
2185 4737 2395 4800 τούτοις
2439 4739 2472 4807 ἡ
2516 4735 2623 4789 τῶν
2670 4730 3026 4805 λειτουργῶν·
3066 4733 3179 4792 τοῖς
3209 4728 3265 4780 δὲ
3308 4723 3672 4794 τεταγμένοις

410 4823 709 4876 monachus
768 4838 939 4890 esses,
965 4825 1225 4880 habuisti.
1273 4826 1357 4879 An
1385 4841 1518 4881 vero
1556 4842 1662 4881 non
1708 4827 1759 4881 id
1800 4828 1969 4897 ipsum

2088 4829 2445 4901 θεραπευταῖς
2465 4829 2521 4882 ui
2546 4827 2712 4880 πύλαι
2736 4825 2843 4878 τῶν
2864 4823 3071 4876 ἀδύτων
3098 4821 3233 4873 είσὶν
3262 4814 3670 4887 ἀφωρισμέναι,

407 4921 563 4963 sacra
610 4911 761 4981 signa
804 4913 1182 4983 proclamant?
1238 4930 1415 4986 neque
1468 4916 1614 4971 enim
1657 4916 1969 4987 simpliciter

2087 4920 2210 4974 καθ’
2227 4921 2294 4985 ἃς
2324 4923 2418 4975 xui
2446 4919 2720 4974 τελοῦνται
2746 4918 2839 4970 καὶ
2866 4915 3221 4987 παρεστᾶσιν.
3239 4910 3300 4963 οὐ
3323 4909 3461 4980 πρὸς
3495 4905 3671 4975 φυλα-

411 5001 611 5056 Sancta
691 5014 1000 5060 sanctorum
1049 5008 1117 5061 ab
1170 5010 1422 5065 omnibus
1476 5016 1759 5080 segregata
1811 5017 1967 5073 sunt;

2076 5014 2180 5082 κὴν
2206 5012 2415 5077 αὐτῶν,
2444 5010 2579 5064 ἀλλὰ
2613 5009 2749 5079 πρὸς
2779 5006 2929 5074 τάξιν
2976 5006 3072 5058 xui
3114 5003 3405 5072 ἐπίγνωσιν
3452 4994 3673 5051 ἑαυτῶν

409 3997 670 4051 simarum
729 3999 1181 4053 constitutionum
1250 3999 1538 4069 legumque
1612 4000 1977 4069 transgressio

485 5191 507 5220 '
542 5182 694 5238 JOan.
727 5197 765 5246 ι,
798 5183 835 5237 2
912 5185 931 5219 ί
968 5182 1156 5239 Matth.
1191 5200 1266 5239 xi.
1340 5198 1369 5225 ιι
1400 5185 1531 5240 Luc.
1588 5200 1678 5241 xv.
1754 5194 1781 5219 '
1814 5186 1966 5244 Mattl

2071 5204 2096 5246 '.
2146 5190 2234 5244 45.
2317 5203 2341 5230 ι
2374 5186 2533 5243 Joan.
2587 5205 2643 5246 ι.
2700 5189 2785 5244 Η.
2863 5195 2892 5235 1
2926 5185 3118 5240 Matth.
3166 5198 3265 5244 xu,
3318 5175 3392 5230 25
3496 5184 3521 5211 ⁸
3555 5173 3669 5229 lsai

2317 5203 2341 5230 ι
2374 5186 2533 5243 Joan.
2587 5205 2643 5255 ι,
2700 5189 2785 5244 ll.
2863 5195 2892 5235 I
2926 5185 3118 5240 Matth.
3166 5198 3265 5244 xu,
3318 5175 3392 5230 35

410 5269 542 5319 xxx,
582 5256 667 5316 l8;
705 5253 865 5310 Itoni.
902 5269 963 5317 ll,
994 5253 1082 5308 l6.
1155 5266 1184 5297 ι
1208 5255 1440 5312 Malach.
1476 5271 1538 5320 ιι,
1574 5256 1625 5311 7.

1754 5194 1781 5219 '
1814 5186 2007 5244 Matth.
2044 5202 2096 5253 ν,
2146 5190 2234 5244 45.

1712 5411 1948 5467 VARUE
1986 5408 2384 5466 LECTlONES.

522 5600 569 5632 ⁸³
601 5599 872 5670 προϊοῦσι,
909 5598 967 5654 8.
1009 5597 1055 5628 ⁸⁵
1088 5589 1186 5649 καὶ
1231 5593 1605 5663 συγκαλεῖται,
1641 5590 1703 5646 1).
1731 5590 1789 5645 S.
1816 5590 1877 5645 P.
1956 5591 1999 5623 ⁸⁸
2023 5590 2208 5714 1φέρει,
2246 5589 2304 5643 S.
2384 5590 2429 5621 ⁶⁶
2463 5589 2810 5662 ἐπιστρέφον,
2934 5587 2991 5641 P.
3033 5649 3046 5659 .
3094 5586 3137 5614 ⁸⁸⁷
3173 5585 3268 5639 xui
3300 5583 3669 5668 χρηστότατός

522 5688 582 5714 ιν,
620 5672 719 5714 Lh-
755 5672 812 5714 ιι-
848 5669 905 5714 Ρ-
984 5670 1029 5700 οδ
1061 5666 1467 5714 ἀποωυνόντων.
1505 5665 1561 5714 S.
1638 5664 1687 5697 θ’
1716 5662 1911 5714 ἠδεῖτο.
1938 5661 1995 5714 S.
2073 5703 2085 5714 .
2167 5663 2209 5695 ⁷ο
2244 5661 2494 5714 θάρσους.
2574 5663 2614 5693 ⁷¹
2651 5662 2937 5714 όιιοταγων
2971 5654 3166 5714 σου.8.
3242 5657 3286 5688 ⁷³
3324 5670 3389 5708 εκ
3416 5653 3579 5714 Θεου,
3605 5658 3665 5707 δ.

417 5653 719 5792 ﬁatﬁat?
846 5653 906 5723 ί).
962 5670 1029 5792 1;“
1054 5653 1467 5791 ἓποφυγόντων,
1505 5665 1561 5720 S.
1594 5653 1601 5656 ⁷
1638 5664 1687 5697 θ’
1716 5662 1911 5733 ἠδεῖτο,
1938 5661 1995 5717 S.
2023 5653 2120 5716 PX
2167 5663 2209 5695 ⁷ο
2244 5661 2494 5733 θάρσους.
2574 5653 2937 5730 ⁷νόμω-ταγῶν
2971 5653 3166 5721 σου,8.
3242 5657 3286 5688 ⁷³
3324 5653 3579 5715 ἐκθεοῦ,
3605 5655 3665 5707 ὃ.

503 5757 564 5793 συ
635 5760 647 5792 -.
725 5755 923 5809 μςσων,
1010 5778 1021 5792 .
1101 5778 1111 5790 .
