3892 6232
255 328 396 383 1089

1636 326 1974 385 EPISTOLA
1994 328 2144 400 vui.

3396 338 3536 398 1090

254 443 456 517 μᾶλλον
482 444 561 516 τῷ
600 444 716 515 λαῷ
746 446 898 518 παρὰ
934 449 1060 512 τοὺς
1106 446 1417 519 ίερατικοὺς
1440 447 1486 477 ⁷⁵
1518 446 1847 517 πλησιάζον-

1955 462 2146 503 verum
2190 447 2258 503 ad
2297 447 2413 505 haec
2458 449 2710 521 proxime
2751 449 2965 507 accedit
3009 451 3148 508 ordo
3195 452 3535 522 pontiﬁcum,

254 554 362 601 τες.
402 537 563 591 Ὀθεν
595 539 762 609 ἡτῶν
793 539 951 611 ίερῶν
996 541 1127 609 ἁγία
1167 539 1461 611 ταξιαρχίαι
1494 538 1847 611 μεταλαμϐά-

254 644 365 680 νειν
398 629 594 692 αὐτοὺς
625 629 885 699 ίεροθετεί
910 630 1018 684 τῶν
1054 631 1233 694 θείων,
1264 630 1469 702 ἑτέροις
1501 631 1701 703 δηλαδὴ
1735 636 1848 697 τοῖς

251 721 553 793 ὲνδοτέροις
589 721 769 776 αὐτῶν
801 722 899 794 τὴν
934 723 1219 794 μετάδοσιν
1248 723 1620 795 ὲγχειρήσασα
1641 724 1685 755 ⁷⁸
1706 740 1720 755 ο
1754 726 1851 778 καὶ

252 815 364 886 γὰρ
388 817 437 868 οί
472 832 538 867 πε
549 816 601 886 pi.
628 816 689 869 τὸ
716 815 857 869 θεῖον
885 816 1231 888 συμϐολικῶς
1262 816 1348 869 ἀεὶ
1374 816 1781 887 παρεστηκότες
1801 819 1849 851 ⁷⁸

252 906 664 981 θυσιαστήριον,
697 908 869 980 ὁρῶσι
903 910 999 963 καὶ
1027 908 1287 962 ἀκούουσι
1317 908 1384 961 τὰ
1415 908 1532 961 θεῖα
1560 907 1847 979 τηλαυγῶς

251 1000 437 1064 αὐτοῖς
480 1001 1001 1074 ἀνακαλυπτόμενα,
1047 1001 1142 1055 καὶ
1187 1000 1470 1073 προϊόντες
1517 1001 1849 1069 ἀγαθοειδῶς

254 1095 350 1148 ἐπὶ
381 1095 451 1148 τά
481 1095 587 1160 ἔξω
614 1095 723 1149 τῶν
761 1095 921 1150 θείων
965 1095 1484 1167 παραπετασμάτων
1508 1138 1524 1158 ,
1558 1098 1672 1158 τοῖς
1702 1096 1847 1168 6m]—

253 1186 406 1250 κὸοις
440 1186 803 1258 θεραπευταῖς
826 1229 840 1254 ,
872 1188 968 1241 καὶ
1002 1188 1081 1259 τῷ
1118 1188 1249 1261 ἱερῷ
1281 1188 1392 1259 λαῷ
1412 1231 1427 1255 ,
1463 1189 1557 1242 καὶ
1586 1193 1708 1253 ταῖς
1745 1209 1842 1244 κα-

255 1278 612 1351 θαιρομέναις
643 1279 882 1348 τάξεσιν,
917 1281 1237 1350 ἐκφαίνουσι
1265 1283 1385 1335 κατ’
1418 1281 1576 1346 ἀξίαν
1606 1281 1677 1336 τά
1706 1285 1848 1356 ίερά,

253 1371 324 1424 τὰ
354 1370 535 1434 καλῶς
562 1372 807 1443 ἄχραντα
840 1371 1266 1443 διαφυλαχθέντα
1285 1417 1300 1442 ,
1347 1377 1541 1448 μέχρις
1582 1378 1669 1431 ὅτε
1692 1420 1709 1446 ,
1752 1396 1848 1432 τυ-

258 1464 529 1535 ραννικῶς
571 1466 755 1529 αὐτοῖς
802 1468 1212 1539 ὲπεισπηδήσας
1235 1508 1250 1536 ,
1280 1469 1733 1541 ἐκπομπευθῆναί
1767 1488 1849 1526 σοι

254 1558 328 1611 τὰ
374 1560 543 1627 ’Ἅγια
588 1560 696 1613 τῶν
730 1560 901 1628 ἁγίων
941 1562 1261 1631 ἠνάγκασας
1301 1563 1401 1617 οὐκ
1442 1563 1711 1618 ἐθέλοντα·
1757 1567 1851 1620 καὶ

256 1650 402 1721 ἔχειν
432 1652 540 1722 φῂς
571 1653 639 1705 τά
674 1652 797 1724 ίερά
834 1652 927 1707 καὶ
962 1654 1364 1724 διαφυλάττειν,
1392 1656 1570 1710 καίτοι
1608 1655 1732 1709 οὔτε
1773 1653 1851 1710 εἶ-

257 1744 381 1811 δες,
416 1744 540 1797 οὔτε
573 1745 815 1816 ἤκουσας
840 1786 855 1811 ,
898 1746 1023 1801 οὔτε
1060 1748 1205 1819 ἔχεις
1239 1767 1292 1801 τι
1322 1750 1432 1804 τῶν
1465 1750 1849 1823 προσηκόντων

1951 541 2154 596 deinde
2184 540 2466 597 distinctio
2505 542 2880 607 sacerdotum,
2911 559 3054 613 quos
3076 544 3332 614 deinceps
3373 548 3539 603 mini-

1951 645 2190 691 strorum
2230 636 2435 705 gradus
2465 636 2760 706 sequitur;
2813 638 3087 694 ordinatis
3116 648 3299 695 autem
3348 656 3538 698 mona-

1950 726 2069 782 cbis
2120 725 2413 798 adytorum
2463 734 2649 796 postes
2694 737 2823 782 sunt
2869 729 3181 798 assignatas,
3219 732 3377 800 juxta
3406 748 3542 802 quas

1951 817 2116 870 etiam
2152 816 2441 871 initiantur
2476 824 2533 871 et
2577 826 2783 882 astant,
2831 834 2942 874 non
2984 820 3051 875 ad
3096 824 3403 879 custodiam
3453 841 3541 880 ea-

1952 909 2226 976 rumdem,
2259 913 2352 965 sed
2386 920 2447 965 ut
2484 921 2784 982 agnoscant
2829 922 2941 967 tam
2982 929 3042 969 se
3079 930 3243 985 quam
3288 918 3540 975 ordinem

1950 1018 2108 1057 suum
2150 1004 2323 1074 magis
2354 1005 2557 1075 p0pulo
2584 1021 2696 1075 prae
2735 1008 3115 1064 sacerdotibus
3150 1011 3539 1081 propinquare.

1951 1092 2110 1149 Unde
2156 1109 2445 1150 sacrormn
2496 1110 2655 1149 sacer
2701 1095 2911 1151 ordinis
2949 1097 3311 1167 principatus,
3356 1115 3540 1154 rerum

1950 1202 2045 1241 eos
2077 1186 2384 1241 divinarum
2416 1187 2715 1256 participes
2750 1188 2903 1243 reddi
2945 1201 3137 1245 sancte
3167 1194 3383 1258 statuit,
3417 1191 3542 1246 aliis

1951 1278 2232 1343 videlicet,
2283 1280 2378 1347 qui
2421 1280 2491 1335 iis
2535 1279 2832 1337 interiores
2887 1292 3038 1347 sunt,
3086 1284 3403 1338 earumdem
3453 1286 3543 1339 ad-

1952 1369 2415 1426 ministrationem
2443 1372 2680 1439 cedens;
2716 1373 2790 1427 illi
2826 1375 3088 1444 siquidem
3115 1376 3208 1444 qui
3242 1376 3541 1447 symbolice

1952 1478 2169 1533 semper
2212 1460 2454 1515 divinum
2504 1464 2675 1519 altare
2723 1464 3109 1534 circumstant,
3162 1467 3458 1522 intuentur
3485 1479 3542 1524 et

1952 1554 2181 1608 audiunt
2207 1554 2393 1608 divina
2428 1554 2577 1609 clare
2618 1555 2720 1611 sibi
2766 1556 3033 1623 revelata,
3069 1560 3541 1629 procedentesque

1950 1647 2213 1703 benevole
2254 1647 2322 1704 ad
2363 1663 2580 1719 ea-quae
2631 1659 2762 1704 sunt
2802 1661 2956 1706 extra
2997 1652 3182 1707 divina
3210 1652 3536 1721 velamenta,

1953 1743 2242 1815 morigeris
2294 1745 2586 1816 religiosis,
2642 1761 2912 1817 sacroque
2962 1747 3185 1819 populo,
3237 1757 3293 1804 et
3345 1749 3413 1804 iis
3441 1748 3537 1818 qui

255 1839 371 1899 τοῖς
411 1836 675 1908 ἱερεῦσιν,
719 1837 908 1911 ὥσπερ
948 1840 1069 1893 οὐδὲ
1101 1840 1199 1913 τὴν
1231 1840 1485 1914 ἀλήθειαν
1516 1842 1623 1895 τῶν
1655 1843 1847 1912 λογίων

1956 1848 2285 1908 purgantur,
2323 1840 2634 1906 ordinibus,
2677 1856 2835 1897 sacra
2881 1842 3146 1912 mysteria
3196 1858 3296 1912 pro
3330 1843 3539 1897 meritis

258 1927 511 1996 ἔγνωκας
532 1971 548 1997 ,
585 1931 824 2004 ἑκάστης
853 1931 1070 2004 ἡμέρας
1101 1932 1242 1987 αὐτὰ
1268 1934 1589 2007 λογομαχῶν
1618 1936 1711 1989 ἐπὶ
1746 1954 1849 1991 κα-

255 2024 539 2093 ταστροφῇ
571 2022 680 2076 τῶν
710 2025 1042 2080 ἀκουόντων.
1085 2025 1197 2081 Καὶ
1240 2029 1287 2081 εί
1329 2028 1429 2099 μὲν
1458 2029 1722 2101 ὲθναρχία
1766 2046 1852 2094 τις

258 2114 606 2188 ἐνεχείρησεν
625 2118 669 2148 ⁷⁷
703 2117 765 2171 οὐ
798 2116 1273 2190 προστεταγμένον
1317 2120 1465 2191 αὑτῷ
1513 2121 1664 2193 παρά
1700 2120 1853 2191 βασι-

258 2208 427 2274 λέως,
475 2210 699 2274 ἑώίκως
724 2211 1081 2282 ἐτιμωρεῖτο·
1127 2212 1222 2266 καὶ¹
1253 2212 1302 2265 εί
1352 2211 1445 2265 τὸν
1486 2213 1725 2284 ἄρχοντα
1769 2213 1851 2268 δι-

258 2300 525 2356 καιοῦντά
550 2318 704 2365 τινας
738 2302 771 2372 ἢ
824 2298 1284 2368 καταδικάζοντα,
1318 2303 1607 2375 παρεστώς
1633 2322 1719 2369 τις
1742 2305 1851 2360 τῶν

260 2392 364 2447 ὑπ’
384 2393 534 2465 αὐτῷ
556 2394 923 2465 ταττομένων,
939 2396 1318 2468 ὲπανακρίνειν
1340 2397 1638 2469 ἐτόλμησεν
1666 2396 1853 2468 (οὔπω

258 2485 372 2557 γάρ
412 2504 556 2558 φημι
591 2487 1091 2560 προπηλακίζεινο)
1142 2488 1260 2560 ἅμα
1286 2488 1381 2543 καὶ
1411 2489 1513 2559 τῆς
1549 2489 1727 2562 ἀρχῆς
1761 2492 1854 2545 ὲκ-

260 2577 476 2633 εάλλειν
505 2577 652 2644 ἔδοξε
674 2579 758 2646 ⁷⁸;
806 2579 1002 2647 Σὺλδὲ,
1045 2579 1335 2651 ἄνθρωπε,
1382 2579 1527 2635 οὕτω
1581 2580 1854 2655 τολμηρὸς

257 2665 311 2723 εἷ
343 2671 486 2724 κατὰ
514 2671 610 2725 τοῦ
642 2672 821 2743 πράου
854 2670 950 2726 καὶ
988 2672 1196 2742 ἀγαθοῦ
1219 2714 1236 2740 ,
1265 2674 1361 2727 καὶ
1397 2672 1501 2745 τῆς
1530 2675 1851 2747 ίεραρχικῆς

257 2762 423 2815 αὐτοῦ
466 2762 838 2834 θεσμοθεσίας.
897 2765 1008 2818 Ka‘t
1049 2764 1227 2820 ταῦτα
1264 2766 1432 2837 ἐχρῆν
1467 2768 1663 2834 εἰπεῖν,
1697 2769 1847 2836 ὅταν,

258 2853 403 2927 ὑπὲρ
428 2853 583 2919 ἀξίαν
611 2872 696 2920 τις
721 2856 1011 2929 ἐγχειρῶν,
1041 2857 1192 2928 ὅμως
1219 2858 1410 2912 εἰκότα
1448 2859 1710 2931 πράττειν
1738 2860 1853 2915 ἐδό-

258 2962 346 2999 κει
370 2962 386 2977 '
417 2947 514 3001 καὶ
543 2946 654 3020 γὰρ
679 2949 803 3003 οὐδὲ
829 2949 988 3003 τοῦτο
1016 2950 1239 3019 ἐφικτὸν
1264 2950 1461 3004 οὐδενί.
1497 2953 1563 3005 Τί
1592 2951 1702 3024 γὰρ
1729 2954 1852 3008 ἄτο-

259 3058 360 3095 πον
400 3040 584 3106 Ὀζίας
609 3042 819 3105 ἐποίει,
851 3040 1063 3113 θυμιῶν
1091 3041 1169 3112 τῷ
1197 3041 1317 3114 Θεῷ
1336 3044 1381 3076 ⁷⁸
1403 3059 1418 3109 ;
1443 3044 1509 3096 Τί
1534 3043 1590 3097 δὲ
1614 3045 1644 3096 6
1675 3044 1849 3100 Σαοὺλ

1954 1933 2237 2000 pandunt;
2294 1950 2417 2003 quae
2464 1937 2712 2006 profecto
2765 1936 2872 1989 rite
2929 1934 3277 1990 immaculata
3349 1936 3539 1991 tandiu

1953 2031 2172 2079 servata
2202 2033 2354 2091 sunt,
2378 2024 2553 2082 donec
2596 2027 2711 2097 ipse
2749 2027 3042 2098 tyrannice
3087 2026 3140 2080 in
3172 2041 3237 2080 ea
3268 2024 3537 2096 irrupisti,

1954 2126 2009 2172 et
2031 2118 2232 2173 Sancta
2261 2126 2579 2172 sanctorum
2607 2118 2687 2173 vel
2708 2119 2872 2173 invita
2905 2117 2999 2172 tibi
3030 2116 3297 2187 publicari
3327 2118 3542 2187 coegis-

1956 2208 2030 2274 ti,
2060 2217 2117 2264 et
2156 2207 2359 2265 habere
2400 2208 2651 2279 tejactas
2690 2220 2748 2265 et
2784 2209 3071 2264 custodire
3102 2223 3287 2274 sacra,
3315 2223 3439 2263 cum
3471 2222 3537 2264 ea

1954 2313 2131 2370 neque
2182 2300 2410 2367 videris,
2465 2315 2643 2371 neque
2695 2301 2967 2369 audieris,
2996 2311 3197 2367 tneque
3239 2298 3540 2367 quidquam

1954 2392 2157 2448 habeas
2205 2408 2395 2451 eorum
2439 2409 2562 2464 quas
2612 2394 2956 2449 sacerdotem
3008 2392 3227 2460 decent,
3263 2390 3539 2460 siquidem

1953 2498 2022 2539 ne
2068 2484 2351 2540 veritatem
2410 2485 2628 2554 quidem
2691 2484 3104 2554 Scripturarum
3162 2483 3362 2551 nosti,
3411 2497 3539 2542 cum

1952 2590 2051 2631 eas
2106 2576 2357 2643 quotidie
2425 2574 2610 2630 verbis
2660 2574 2951 2644 impugnes
3004 2574 3073 2630 ad
3131 2573 3540 2629 subversionetn

1952 2668 2313 2724 audientium.
2361 2667 2586 2726 Etenim.
2626 2668 2673 2724 si
2705 2667 2831 2739 quis
2883 2667 3144 2736 gentilem
3172 2666 3541 2737 principatum

1953 2773 1983 2813 a
2023 2774 2151 2831 rege
2213 2758 2317 2814 sibi
2361 2774 2708 2830 nequaquam
2741 2758 2915 2830 600
2946 2757 3338 2814 demandatqu
3380 2774 3544 2815 usur-

1956 2856 2135 2919 paret,
2170 2847 2297 2917 jure
2346 2850 2545 2906 merito
2594 2850 2905 2918 puniretur.
2969 2848 3116 2916 Quid
3170 2849 3241 2915 si,
3289 2849 3542 2918 principe

1948 2939 2263 3009 quempiam
2317 2939 2401 2995 vel
2449 2938 2764 2994 absolvente
2796 2938 2882 2994 vel
2915 2939 3235 3008 damnante,
3268 2939 3539 3010 quispiam

1949 3047 2019 3088 ex
2052 3031 2359 3089 astantibus
2392 3032 2630 3088 subditis
2659 3040 3016 3101 praesumeret
3052 3030 3219 3087 latam
3248 3047 3277 3086 a
3307 3032 3542 3088 Domino

258 3134 439 3199 θύων;
472 3135 536 3187 Τί
571 3134 628 3187 δὲ
660 3135 710 3188 οἱ
751 3135 1065 3207 τυραννικοὶ
1096 3135 1349 3206 δαίμονες
1368 3177 1383 3202 ,
1414 3135 1631 3207 ἀληθῶς
1671 3136 1847 3191 θεολο-

1952 3125 2287 3178 sententiam
2346 3132 2698 3187 retractare,
2745 3122 2944 3176 nedum
2988 3120 3171 3177 dicam
3219 3122 3543 3191 proculcare

1958 3226 2017 3232 --_
2059 3213 2113 3232 λ.-
2143 3211 2447 3232 __:_,-=__._-
2496 3210 2783 3232 .._.___..-_-
3013 3212 3191 3232 ---με
3219 3211 3296 3232 ηε--
3494 3231 3504 3232 ,

258 3225 484 3295 γοῦντες
523 3226 614 3281 τὸν
650 3225 891 3299 Ἰησοῢν;
936 3225 1079 3279 Ἀλλ’
1119 3227 1461 3299 ὲκκήρυκτος
1501 3230 1568 3300 τῇ
1603 3227 1847 3303 θεολογίᾳ

1953 3226 2020 3267 ac
2049 3213 2118 3267 de
2141 3211 2450 3281 principatu
2491 3210 2787 3266 deturbare
2826 3210 2976 3266 visus
3007 3212 3191 3267 esset?
3219 3211 3299 3266 Tu
3327 3224 3539 3281 autem,

258 3319 369 3382 πᾶς
400 3319 430 3371 6
456 3316 1077 3391 ano'rptocquaxonoc“.
1097 3323 1189 3375 καὶ
1225 3320 1456 3384 ἕκαστος
1494 3321 1554 3373 ὲν
1598 3324 1664 3393 τῇ
1698 3320 1851 3387 τάξει

258 3410 359 3479 τῆς
385 3408 724 3480 λειτουργίας
738 3409 904 3464 αὐτοῦ
925 3409 1097 3477 ἔσται,
1115 3411 1210 3464 καὶ
1228 3412 1387 3483 μόνος
1402 3414 1430 3465 6
1448 3413 1739 3485 ἀρχιερεὺς
1773 3417 1854 3479 εἰς

258 3501 330 3556 τὰ
348 3503 514 3571 Ἅγια
532 3502 642 3556 τῶν
671 3502 841 3571 ἀγίων
861 3503 1242 3569 εἰσελεύσεται,
1264 3505 1359 3558 καὶ
1378 3506 1527 3571 ἅπαξ
1544 3505 1638 3560 τοῦ
1668 3508 1851 3562 ἐνιαυ-

259 3593 356 3648 τοῦ
378 3637 392 3661 ,
428 3596 523 3649 καὶ
561 3594 722 3649 τοῦτο
768 3597 826 3649 ὲν
867 3596 1018 3668 πάσῃ
1061 3599 1129 3668 τῇ
1178 3597 1322 3651 κατά
1363 3596 1527 3669 νόμον
1562 3600 1849 3672 ἱεραρχικῇ

261 3685 615 3758 καθαρότητι.
645 3687 759 3741 Καὶ
784 3690 833 3742 οἱ
858 3689 902 3721 ⁸¹
938 3691 1104 3761 ἱερεῖς
1131 3688 1541 3760 περιστέλλουσι
1566 3690 1636 3744 τὰ
1664 3692 1849 3760 Ἅγια,

261 3778 358 3830 καὶ
401 3780 450 3831 οί
503 3779 714 3833 λευῖται
761 3780 821 3833 οὐ
868 3781 943 3852 μὴ
991 3780 1218 3852 ἅψονται
1254 3781 1364 3838 τῶν
1406 3783 1610 3852 ἁγίων,
1649 3785 1736 3839 ἵνα
1776 3785 1850 3859 μὴ

260 3868 595 3928 ἀποθάνωσι,
629 3872 739 3925 Καὶ
777 3871 1024 3944 ὠργίσθη
1077 3872 1235 3945 θυμῷ
1262 3874 1469 3947 Κύριος
1496 3876 1590 3929 ἐπὶ
1616 3879 1682 3948 τῇ
1716 3894 1851 3949 προ-

261 3961 453 4032 πετείᾳ
488 3962 636 4026 Ὀζία
655 4002 669 4025 ,
698 3964 793 4017 καὶ
824 3966 1057 4036 Μαριὰμ
1076 3964 1368 4038 λεπροῢται
1389 3969 1457 4031 ⁸⁸,
1481 3966 1556 4038 τῷ
1586 3967 1850 4042 νομοθέτῃ

262 4050 606 4122 θεσμοθετείν
635 4056 1007 4127 ἐγχειρήσασα
1026 4073 1038 4086 ·
1071 4059 1167 4111 καὶ
1209 4059 1303 4112 ἐπὶ
1333 4060 1462 4124 τοὺς
1496 4062 1677 4114 Σκευᾶ
1702 4061 1850 4125 υἱοὺς

261 4143 498 4215 ἑφήλατο
517 4146 564 4178 ⁸³
589 4146 659 4199 τά
687 4147 935 4218 δαιμόνια
954 4189 969 4215 ,
998 4149 1093 4203 καὶ
1109 4190 1123 4213 ,
1178 4152 1300 4205 οὐκ
1329 4152 1714 4207 ἀπέστελλον
1740 4154 1848 4207 αὐ-

259 4233 436 4300 τοὺς,
466 4234 592 4305 ἔφη,
636 4237 734 4289 καὶ
763 4238 929 4291 αὐτοὶ
966 4239 1237 4310 ἔτρεχον,
1277 4243 1392 4307 καὶ,
1422 4245 1544 4297 Οὐκ
1585 4242 1849 4298 ἐλάλουν

254 4328 405 4393 πρὸς
423 4324 665 4391 αὐτοὺς,
688 4326 784 4380 καὶ
812 4327 981 4381 αὐτοὶ
1015 4330 1447 4399 προεφήτευον,
1478 4333 1595 4400 καὶ,
1622 4334 1679 4387 Ὀ
1711 4335 1834 4388 ἀσε-

254 4415 378 4485 ϐὴς,
395 4417 423 4467 6
441 4415 582 4469 θύων
605 4435 693 4488 μοι
718 4417 934 4489 μόσχον,
960 4420 1035 4483 ὼς
1065 4423 1094 4475 6
1121 4423 1459 4478 ἀποκτείνων
1473 4426 1520 4457 ⁸⁸
1537 4425 1693 4480 κύνα.
1719 4428 1830 4481 Καὶ

1954 3321 1990 3363 o
2023 3308 2226 3372 homo,
2282 3306 2359 3362 ita
2408 3305 2739 3363 temerarius
2771 3318 2832 3359 es
2872 3304 2928 3358 in
2978 3304 3047 3361 iis
3089 3319 3211 3374 quae
3252 3305 3540 3361 clementis

1951 3395 2280 3468 benignique
2326 3395 2468 3467 (Dei)
2502 3405 2651 3461 sunt,
2684 3404 2740 3451 et
2767 3394 3107 3465 pontiﬁcium
3157 3395 3329 3466 ipsius
3373 3396 3535 3452 insti-

1954 3498 2129 3543 tutum
2159 3489 2453 3559 attingunt.
2479 3489 2660 3558 Atque
2688 3488 2803 3542 haec
2826 3486 3047 3557 quidem
3070 3484 3296 3540 dicenda
3329 3494 3537 3556 essent,

1952 3578 1997 3635 si
2024 3575 2169 3649 quis,
2206 3593 2333 3634 cum
2363 3578 2575 3649 majora
2618 3576 2833 3632 meritis
2864 3575 2980 3630 suis
3009 3583 3335 3641 attentaret,
3381 3591 3540 3646 aqua

1954 3681 2136 3729 tamen
2175 3672 2280 3727 sibi
2318 3669 2518 3729 afferre
2557 3670 2871 3737 videretur;
2905 3685 3032 3724 nam
3064 3683 3242 3739 neque
3273 3671 3381 3725 boc
3411 3671 3537 3727 cui-

1950 3782 2115 3837 quam
2146 3767 2230 3823 t‘as
2259 3775 2364 3823 est.
2388 3765 2533 3832 Quid
2575 3766 2722 3821 enim
2752 3764 2974 3820 absurdi
3000 3763 3166 3821 Ozias
3192 3765 3383 3835 gessit,
3412 3780 3536 3820 cum

1951 3860 2232 3917 incensum
2265 3859 2373 3915 Deo
2402 3852 2701 3913 obtulit”?
2735 3855 2873 3924 Quid
2907 3854 3059 3924 Saul,
3090 3856 3220 3911 dum
3257 3857 3542 3912 sacriﬁca-

1950 3952 2127 4007 vitc?
2168 3949 2314 4016 Quid
2364 3947 2658 4004 truculenti
2709 3948 3008 4011 daemones,
3055 3963 3179 4003 cum
3214 3946 3402 4005 Jesum
3442 3949 3536 4004 Dei

1950 4044 2146 4099 Filium
2174 4042 2458 4098 verissime
2488 4041 2857 4111 praedicarunt
2886 4039 2958 4093 d?
2996 4039 3193 4096 Verum
3238 4041 3290 4095 in
3323 4040 3534 4096 theolo-

1949 4136 2037 4206 gia
2068 4135 2369 4203 ejiciendus
2409 4133 2589 4189 omnis
2617 4134 2711 4203 qui
2760 4132 2935 4188 aliena
2986 4142 3217 4201 spectat,
3250 4134 3343 4189 sed
3374 4133 3537 4203 quili-

1947 4231 2040 4285 bet
2070 4229 2282 4284 ordinis
2312 4228 2394 4283 sui
2437 4221 2757 4283 ministeriis
2792 4227 3011 4281 vacabit
3038 4237 3085 4292 ε,
3111 4226 3369 4296 solusque
3402 4241 3533 4295 pon-

1950 4322 2079 4377 til'ex
2111 4322 2163 4377 in
2196 4337 2339 4377 armo
2370 4321 2542 4376 semel
2577 4322 2645 4376 ad
2675 4322 2874 4377 Sancta
2904 4330 3222 4375 sanctorum
3255 4320 3532 4385 introibit,

1948 4417 2113 4487 idque
2159 4433 2283 4473 cum
2335 4417 2484 4472 omni
2524 4431 2693 4487 quam
2736 4417 2821 4472 lex
2874 4414 3182 4485 prwscribit
3231 4414 3532 4485 pontificali

252 4509 441 4573 ἁπλῶς
468 4512 663 4575 εἰπεῖν,
686 4511 937 4581 ἀνέχεται
958 4512 1009 4579 ,⁸⁵
1026 4513 1134 4566 τῶν
1156 4517 1488 4585 παρανόμων
1509 4520 1543 4589 η
1565 4520 1831 4593 παντελὴς

1951 4511 2192 4580 puritate
2234 4509 2281 4564 ί.
2328 4509 2660 4565 Sacerdotes
2706 4523 2837 4564 vero
2869 4508 3069 4562 Sancta
3105 4507 3531 4578 circumtegunt,

250 4601 345 4655 τοῦ
380 4600 515 4655 Θεοῦ
556 4602 890 4675 δικαιοσύνιγ
928 4603 1193 4673 λεγόντων
1224 4606 1281 4659 δὲ
1324 4608 1527 4674 αὐτῶν,
1571 4611 1705 4665 Ἐπὶ
1749 4612 1830 4677 τῷ

249 4695 497 4763 ὀνόματί
522 4710 640 4749 σου
664 4694 946 4766 δυνάμεις
973 4699 1210 4764 πολλὰς
1233 4699 1625 4771 ἐποιήσαμεν,
1648 4706 1741 4759 καὶ
1760 4707 1827 4770 ⁸⁸⁸,

250 4788 375 4840 Οὐκ
400 4783 534 4841 οῖδα
558 4788 736 4857 ὑμᾶς,
765 4790 1155 4862 ἀποκρίνεται,
1188 4792 1517 4859 πορεύεσθε
1546 4794 1649 4849 ἀπ’
1682 4795 1829 4864 ἐμοῦ

256 4869 541 4937 πάντεςοὶ
549 4872 788 4945 ἐργάται
798 4876 908 4945 τῆς
917 4878 1188 4947 ἀνομίας.
1197 4881 1358 4933 ’Ὥστε
1368 4883 1430 4935 οὺ
1444 4882 1683 4954 θεμιτὸν,
1696 4886 1849 4950 ὡςτά

258 4961 381 5035 ιερά
397 4963 551 5034 λόγιά
568 4984 752 5038 φησιν,
771 4968 892 5023 οὐδὲ
908 4967 980 5023 τὰ
997 4969 1180 5025 δίκαια
1204 4972 1278 5044 μὴ
1300 4976 1420 5027 κατ’
1439 4974 1594 5049 ἀξίαν
1612 4976 1844 5032 διώκειν.

333 5121 442 5202 ιλιι,
470 5122 923 5202 ΡειιιιΙ.-ιινι,
1032 5139 1055 5167 ο
1092 5128 1112 5184 l
1146 5128 1279 5202 Reg.
1331 5148 1451 5197 xm,
1504 5134 1605 5200 10;
1644 5152 1734 5201 xv,
1774 5138 1859 5191 1'2.

1950 4617 2139 4655 verum
2202 4601 2383 4657 levita
2431 4617 2500 4656 ne
2551 4611 2741 4656 sancta
2815 4599 3034 4668 quidem
3095 4600 3411 4670 attingunt,
3465 4612 3535 4653 ne

1951 4697 2260 4752 moriantur
2290 4697 2337 4749 ε.
2367 4694 2433 4748 Ει
2459 4695 2631 4749 iratus
2662 4694 2764 4749 fuit
2790 4692 2978 4749 furore
3004 4691 3263 4747 Dominus
3290 4692 3362 4747 ob
3388 4690 3535 4748 Olim

1952 4789 2321 4844 temeritatem
2346 4789 2396 4852 ιι,
2457 4787 2735 4856 Mariaque
2768 4787 2984 4855 leprosa
3011 4785 3093 4850 lit,
3128 4784 3424 4854 legislatori
3456 4785 3534 4840 le-

1952 4898 2073 4952 gem
2108 4896 2312 4952 ponere
2339 4891 2539 4936 conata
2569 4880 2585 4920 ί
2612 4898 2629 4935 :
2658 4890 2712 4936 et
2742 4879 2797 4935 in
2828 4879 2970 4935 filios
2998 4878 3189 4935 Sceva:
3223 4878 3534 4934 insilierunt

1952 4974 2229 5029 daemonia
2258 4975 2310 5040 ιι,
2352 4982 2445 5029 et:
2498 4973 2624 5029 Non
2666 4972 2935 5028 mittebam
2991 4996 3114 5040 eos,
3161 4972 3313 5038 dicit,
3350 4980 3396 5025 et
3430 4969 3535 5039 ipsi

1963 5135 1990 5173 ά
2028 5136 2194 5191 Marc.
2258 5152 2341 5201 tn,
2380 5130 2469 5187 ια.
2551 5145 2574 5172 ο
2608 5133 2624 5186 l
2659 5133 2785 5189 Cor.
2822 5147 2934 5195 xrv,
2971 5132 3063 5186 25.
3146 5133 3166 5172 f
3204 5130 3380 5187 Lavit.
3415 5145 3528 5198 xvt,

254 5190 311 5255 3;
349 5191 514 5248 Hebr.
550 5210 627 5259 ιι,
662 5196 718 5250 7.
797 5200 822 5238 ⁸
856 5198 1015 5255 Num.
1056 5216 1133 5265 ιν,
1162 5190 1257 5256 ἓν
1288 5202 1315 5241 ῒι
1351 5204 1393 5257 ll
1429 5190 1605 5259 l’aral:
1642 5190 1790 5271 Xxvt,
1829 5209 1847 5260 l

2002 5209 2017 5247 ί
2060 5190 2221 5262 Nutu.
2259 5190 2358 5272 xit,
2395 5204 2485 5259 10.
2566 5205 2588 5243 ¹ι
2626 5206 2749 5258 Act.
2789 5190 3037 5268 1mm“.

1575 5427 1810 5483 VARI/ﬁ
1847 5425 2251 5482 LECTlONES.

322 5598 510 5675 "fret;
558 5601 889 5675 ἱερατικοῖς,
927 5603 985 5659 S.
1023 5606 1083 5663 D.
1157 5605 1201 5635 ⁷⁸
1235 5606 1590 5675 ἐγχειρίσασα
1613 5646 1627 5669 ,
1676 5607 1744 5661 D.

253 5668 316 5725 Ι).
369 5668 794 5748 ὲθναρ-χίάςην.
851 5668 1337 5748 ἐπεχείρησεν,λέ’ξ

1849 5608 1895 5639 ⁷⁸
1929 5608 2273 5679 συμῦολικῶς
2317 5610 2492 5662 εἰπεῖν
2537 5606 2862 5679 ἑστηκότες,
3000 5605 3059 5662 Ρ.
3100 5602 3526 5679 ῌ⁷⁷Αεθναρχιαῇ

1419 5717 1433 5730 .
1507 5676 1556 5709 ⁷⁸
1588 5676 1735 5744 ἔδοξε
1800 5693 1906 5732 non
1952 5676 2037 5732 est
2067 5680 2119 5731 in
2166 5681 2266 5733 Cli.
2314 5679 2375 5735 D.

252 5757 475 5820 σκοποί,
694 5745 723 5795 6
758 5763 873 5820 non
895 5742 985 5820 est
1008 5742 1059 5800 In
1214 5745 1257 5776 ⁸⁸
1291 5748 1339 5820 oi
1375 5763 1483 5820 nqn
1514 5756 1596 5820 est
1630 5742 1767 5820 iul).
1795 5749 2191 5820 περιστελοῦσι,
2212 5749 2311 5804 Cll.
2352 5750 2412 5806 Ι).
2437 5751 2496 5806 S.
2573 5742 2621 5782 ⁵³
2667 5750 2679 5767 ’

2447 5681 2493 5713 ⁷³
2525 5677 2604 5749 τῷ
2636 5675 2847 5777 Κυρίῳ,
2899 5677 3001 5732 Cit.
3094 5676 3142 5710 “
3189 5675 3527 5748 ἀλλοτριεπίο

2447 5751 2472 5777 2
2573 5751 2621 5777 II
2667 5750 2722 5777 ’ίὶ
2763 5749 2792 5777 ἕ
2843 5747 2882 5777 n
2941 5748 3125 5777 ιι..-Ι-
3161 5746 3496 5777 ἸρῚᾹ-ιηᾼοαι

2682 5746 2815 5820 Οζᾶ,
2843 5747 2904 5805 D.
2941 5748 3130 5820 Μαρία
3161 5746 3520 5820 λελέπρωται,

250 5814 351 5865 ιλιι.
422 5812 468 5843 ⁸³
494 5813 743 5879 ἐσήλατο.
836 5817 883 5849 ⁸⁸
916 5816 1279 5881 ἀποκτέννων,
1318 5818 1377 5873 D.
1416 5816 1473 5875 S.
1512 5817 1574 5884 P,
1651 5820 1696 5851 ⁸⁵
1730 5812 2008 5891 legendum
2043 5820 2142 5874 οὐκ
2174 5820 2446 5892 ἀνέχεται.
2525 5820 2571 5853 ⁸⁸
2604 5819 2696 5874 καί
2733 5812 2840 5875 non
2874 5830 2958 5877 est
2992 5812 3052 5877 iu
3082 5819 3141 5877 S.
3176 5818 3239 5874 P.
3279 5812 3342 5874 DZ
