3892 6232
420 389 551 446 9091
1595 386 1648 440 S.
1692 384 1986 441 DIONYSII
2017 386 2479 441 AREOPAGlTAS
3523 387 3661 440 Im}!

418 501 736 564 currebant;
774 510 831 553 et
891 511 994 553 non
1046 499 1295 567 loquebar
1356 500 1423 549 ad
1471 514 1579 561 eos,
1632 510 1679 552 et
1728 499 1827 565 ipsi
1869 515 1967 567 pro

2093 501 2381 570 Προσέχειν
2413 502 2468 551 δὲ
2499 501 2725 552 ἕκαστον
2758 498 2935 567 ἑαυτῷ
2957 500 3059 569 χρὴ
3083 540 3098 563 ,
3129 500 3223 551 καὶ
3255 499 3328 569 μὴ
3355 499 3426 552 τά
3453 500 3661 569 ὑψηλό-

418 594 700 661 phetabant
729 588 775 658 1;
804 600 879 656 et,
911 590 1111 659 Impius
1156 590 1244 658 qui
1282 590 1410 643 mihi
1458 589 1698 645 immolat
1731 590 1967 644 vitulum.

2087 609 2219 662 τερα
2261 594 2352 645 καὶ
2392 591 2661 661 βαθύτερα
2688 594 2921 656 ἐννοεῖν,
2952 591 3271 643 διανοεῖσθαι
3310 592 3368 643 δὲ
3413 593 3555 662 μόνα
3590 592 3661 644 τὲ

421 685 561 738 sicut
605 685 696 753 qui
744 684 939 737 occidit
984 696 1177 737 canem
1218 689 1279 733 ’³.
1325 681 1526 749 Atque,
1562 690 1619 733 ut
1665 680 1967 749 simplicitel

2091 686 2211 734 κατ’
2248 684 2401 746 ἀξίαν
2434 682 2581 752 αὐτῷ
2615 682 3072 753 προστεταγμένα.

420 776 619 837 dicam,
668 790 771 828 non
820 774 1017 826 tolerat
1066 772 1246 841 legum
1294 772 1600 825 violatores
1652 769 1889 841 perfecta
1937 769 2029 822 Dei
2057 771 2290 839 justitia,
2335 772 2745 837 dicentibusque
2779 769 2925 825 illis:
2971 769 3035 821 In
3077 770 3283 822 nomine
3315 783 3406 822 tuo
3435 774 3658 824 rirtutes

420 865 613 918 multa:
664 866 917 933 fecimus,
968 865 1299 933 resptndet:
1352 855 1542 917 Nescio
1584 879 1715 927 eos,
1768 856 1993 913 recedile
2039 876 2073 913 α
2122 880 2204 917 me
2252 875 2429 915 omnes
2480 862 2712 931 operarii
2766 858 3063 928 iniquitatis
3129 871 3178 915 η.
3227 860 3391 915 Nefas
3445 863 3669 929 itaque,‘

418 959 495 1011 ati
539 972 694 1010 sacra
743 965 1013 1009 testantur
1054 955 1295 1021 eioquia,
1336 967 1399 1006 ea
1442 950 1609 1006 etiam
1660 960 1784 1014 qua:
1824 944 1970 1014 justa
2006 960 2155 1011 sunt,
2203 964 2307 1004 non
2349 952 2648 1006 secundum
2698 950 3012 1021 dignitatem
3062 954 3356 1020 exscqui'.
3420 953 3647 1023 Oporzet

419 1058 600 1102 autem
652 1063 1098 1117 unumquemque
1147 1048 1249 1102 sibi
1294 1048 1395 1117 ipsi
1459 1039 1781 1100 attendere,
1827 1053 1895 1093 ne
1944 1054 2002 1094 se
2059 1042 2255 1100 altiora
2299 1043 2765 1117 profundioraqne
2802 1045 3016 1113 sapiat,
3058 1046 3344 1116 solumque
3398 1047 3653 1104 intendat

418 1144 488 1198 iis
516 1158 635 1213 quae
662 1143 829 1211 ipsius
866 1143 1071 1198 meritis
1100 1143 1301 1197 fuerint
1333 1139 1648 1198 coordinata
1674 1143 1721 1186 Ρ.

1956 1300 1987 1372 5
2033 1296 2118 1357 ιι.

488 1442 629 1509 QuiJ
687 1441 1138 1512 igitur,inquis,
1201 1456 1308 1495 non
1368 1451 1580 1511 oportet
1639 1444 1971 1509 sacerdotes,

415 1536 507 1605 qui
549 1534 634 1588 vel
677 1536 840 1604 impie
868 1534 954 1589 vel
996 1548 1285 1605 perperam
1336 1533 1535 1603 aliquid
1579 1536 1757 1589 facere
1788 1536 1979 1602 depre-

2152 1438 2215 1491 Τί
2253 1433 2366 1498 οὖν,
2406 1437 2546 1507 φῂς,
2586 1438 2646 1489 οὐ
2678 1436 2781 1508 χρὴ
2828 1440 2953 1500 τοὺς
3002 1438 3178 1507 ἱερέας
3220 1436 3588 1501 ἀσεϐοῦντας,
3620 1441 3655 1509 ἢ

2077 1532 2204 1586 ἄλλο
2228 1548 2279 1583 τι
2302 1529 2409 1583 τῶν
2439 1530 2651 1582 ἀτόπιιιν
2681 1529 3145 1599 ἐξελεγχομένους,
3181 1529 3518 1592 εὐθύνεσθαι,
3560 1534 3657 1602 μό-

416 1625 567 1679 hensi
605 1623 827 1689 fuerint,
860 1625 1082 1694 corrigi,
1117 1625 1358 1694 solisque
1396 1622 1581 1680 licebit
1615 1625 1967 1696 gloriantibus

2076 1639 2187 1685 νοις
2226 1622 2282 1675 δέ
2323 1621 2536 1685 ἐξέσται
2576 1624 2689 1683 τοῖς
2729 1622 3100 1691 καυχωμένοις
3130 1623 3189 1672 ἐν
3228 1622 3374 1692 νόμῳ
3420 1623 3508 1675 διὰ
3552 1624 3658 1693 τῆς

414 1730 467 1770 ιιι
514 1716 629 1786 lege
674 1732 771 1786 per
802 1716 1307 1787 praevaricationem
1352 1717 1490 1787 legis
1530 1719 1695 1773 Deum
1743 1719 1972 1773 inhono-

414 1810 625 1864 rareq?
655 1820 711 1863 et
750 1809 1020 1879 quomodo
1069 1809 1378 1863 sacerdotes
1403 1808 1495 1864 Dei
1535 1821 1660 1864 sunt
1706 1810 1969 1877 interpret

412 1900 539 1952 tesl
606 1913 714 1967 quo
772 1900 918 1954 enim
986 1908 1149 1968 pacto
1222 1898 1436 1952 divinas
1488 1900 1688 1969 populo
1743 1900 1973 1953 virtutes

409 1990 721 2052 enuntiant,
750 2004 871 2043 cum
899 1993 1213 2045 earumdem
1254 1992 1361 2044 vim
1409 1991 1655 2060 ignorent
1678 1990 1701 2042 ί
1724 1990 1805 2043 vel
1837 2005 1971 2059 quo-

380 2079 573 2131 -modo
622 2078 1008 2132 illuminahunt
1053 2080 1146 2147 qui
1198 2089 1326 2133 sunt
1367 2078 1752 2133 obtenebrati?
1798 2093 1971 2147 quave

2075 1712 2436 1785 παραϐάσεως
2463 1712 2556 1764 τοῦ
2591 1713 2755 1782 νόμου
2785 1713 2876 1765 τὸν
2904 1713 3035 1765 Θεὸν
3060 1713 3376 1781 ἀτιμάζειν;
3410 1715 3501 1766 καὶ
3534 1716 3657 1777 πῶς

2072 1808 2119 1859 oi
2148 1808 2309 1877 ἱερεῖς
2333 1806 2659 1875 ἐκφάντορές
2688 1807 2791 1857 εἰσι
2823 1804 2917 1857 τοῦ
2946 1804 3108 1869 Θεοῦ;
3142 1805 3256 1869 πῶς
3281 1806 3389 1875 γάρ
3420 1807 3654 1874 ἐξαγγε-

2071 1897 2284 1950 λοῦσιν
2314 1898 2390 1968 τῷ
2433 1897 2546 1967 λαῷ
2588 1898 2687 1961 τὰς
2726 1897 2874 1957 θείας
2920 1898 3159 1967 ἀρετὰς,
3206 1899 3303 1951 οὐκ
3346 1900 3657 1965 ἐγνωκότες

2071 1988 2247 2042 αὐτῶν
2276 1991 2373 2060 τὴν
2414 1988 2638 2059 δύναμιν
2664 2005 2678 2053 ;
2713 1988 2745 2058 ἢ
2785 1988 2901 2050 πῶς
2928 1989 3219 2057 φωιοῦσιν
3252 1992 3299 2041 oi
3328 1990 3656 2058 ἐσκοτισμέ-

2070 2097 2149 2132 νοι
2172 2097 2185 2143 ;
2228 2079 2344 2143 πῶς
2371 2080 2427 2132 δὲ
2454 2079 2547 2132 τοῦ
2577 2080 2720 2132 θείου
2754 2078 3117 2148 μεταδώσουσι
3145 2081 3461 2148 Πνεύματος
3480 2122 3494 2143 ,
3526 2080 3652 2132 οὔτε

410 2168 629 2223 ratione
654 2168 896 2223 divinum
928 2167 1191 2237 Spiritum
1242 2170 1645 2235 impertientur,
1676 2171 1767 2238 qui
1801 2183 1967 2237 neque

2076 2173 2122 2223 εί
2152 2172 2264 2223 ἐστι
2298 2170 2520 2241 Πνεῦμα
2548 2172 2703 2238 ἅγιον
2747 2172 2858 2234 ἔξει
2900 2172 2992 2224 καὶ
3032 2170 3256 2241 ἀληθείᾳ
3285 2172 3653 2223 πεπιστευκό-

407 2256 600 2311 ιιίῐεοιιι
648 2274 822 2328 neque
862 2262 1095 2314 veritate
1136 2261 1393 2329 Spiritum
1436 2269 1681 2313 sanctum
1728 2261 1971 2315 credide-

410 2360 538 2404 runt
579 2350 649 2402 ’ἓ
705 2352 786 2405 Ad
838 2354 954 2407 haec
1015 2354 1112 2407 tibi
1172 2355 1286 2422 ipse
1334 2352 1670 2421 respondebo
1733 2350 1970 2420 :Neque

403 2443 563 2513 θοι
597 2446 741 2497 enim
777 2434 1027 2499 inimicus
1066 2444 1413 2514 DemOphilus
1465 2454 1578 2507 est,
1637 2458 1812 2514 neque
1878 2459 1970 2511 pa-

378 2536 516 2585 tiar
558 2543 619 2586 te
665 2550 694 2587 a
743 2534 965 2603 Satana‘
998 2536 1406 2591 circumveniri.
1470 2536 1683 2590 Etenim
1740 2534 1970 2604 quilibet

403 2624 552 2678 circa
587 2624 777 2678 Deum-
807 2628 1139 2682 versantium
1197 2628 1332 2683 ordo
1354 2668 1369 2693 ,
1405 2628 1719 2683 deiformior
1766 2637 1852 2682 est
1904 2641 1970 2681 eo

404 2716 496 2784 qui
541 2716 714 2785 magis
751 2717 951 2783 distat;
986 2732 1086 2774 nec
1117 2735 1221 2775 non
1263 2718 1528 2775 lucidiora
1560 2720 1717 2773 simul
1750 2728 1877 2772 sunt
1907 2732 1971 2772 ac

406 2807 758 2861 luculentiora
780 2848 795 2872 ,
831 2824 952 2877 qum
991 2825 1134 2865 vera:
1174 2810 1277 2865 luci
1312 2813 1483 2881 magis
1513 2811 1966 2879 appropinquant.

404 2895 580 2951 Nolim
626 2906 803 2951 autem
845 2911 913 2951 ex
964 2898 1081 2953 loco
1120 2915 1304 2955 sumas
1346 2901 1825 2971 propinquitatem,
1873 2896 1968 2953 sed

403 3003 469 3042 ex
498 2990 803 3057 capacitate
843 2991 1141 3060 recipiendi
1172 2994 1359 3048 Deum.
1412 2993 1564 3059 Quod
1595 2993 1641 3046 si
1678 2997 1860 3061 itaque
1883 3006 1970 3045 sa-

405 3084 684 3136 cerdotum
730 3084 864 3138 or-lo
899 3084 1205 3139 illustrandi
1244 3086 1350 3138 vim
1385 3084 1568 3150 habet,
1604 3084 1844 3153 profecto
1879 3098 1971 3149 pe-

403 3172 545 3226 nitus
596 3173 856 3227 abhorret
910 3189 939 3226 a
974 3174 1318 3229 sacerdotum
1368 3174 1561 3229 ordine
1592 3190 1656 3228 ac
1688 3173 1966 3236 facultate,

401 3266 651 3336 quisquis
697 3266 999 3319 illustrandi
1044 3266 1097 3320 vi
1150 3266 1336 3331 caret;
1392 3266 1667 3333 multoque
1722 3265 1891 3333 magis
1924 3266 1970 3320 is

401 3356 490 3422 qui
528 3356 756 3409 necdum
792 3357 1103 3411 illustratus
1136 3365 1237 3411 est.
1281 3356 1357 3411 Ac
1394 3356 1523 3411 mihi
1558 3358 1772 3425 quidem
1809 3358 1967 3411 nimis

404 3447 724 3501 temerarius
756 3448 971 3501 videtur
1006 3446 1346 3514 huiusmodi,
1382 3447 1427 3501 si
1462 3448 1818 3502 sacerdotalia
1864 3447 1963 3502 sibi

401 3537 657 3602 vindicet,
692 3552 867 3607 neque
902 3548 1043 3591 metu
1080 3553 1257 3606 neque
1290 3539 1490 3607 pudore
1523 3554 1551 3592 a
1575 3540 1773 3594 divinis
1804 3555 1964 3607 supra

378 3628 713 3696 dignitatem
765 3644 918 3683 suam
966 3631 1346 3685 consectandis
1400 3639 1669 3693 arceatur,
1705 3640 1964 3701 putetque

400 3734 462 3774 ea
499 3719 668 3773 latere
705 3719 893 3786 Deum,
926 3736 1157 3790 quorum
1192 3722 1296 3775 sibi
1333 3722 1448 3792 ipse
1480 3724 1735 3778 conscius
1767 3725 1877 3790 sit;
1910 3735 1965 3781 et

401 3828 461 3866 se
496 3813 659 3866 Deum
696 3813 882 3868 fallere
915 3814 1218 3880 existimat,
1252 3830 1411 3885 quem
1447 3816 1584 3872 falso
1619 3818 1838 3871 nomine
1870 3833 1965 3887 ap-

2071 2279 2195 2327 τες;
2230 2262 2372 2330 Ἐγὼ
2398 2263 2453 2316 δέ
2482 2262 2887 2332 ἀπολογήσομαί
2918 2280 2998 2315 σοι
3026 2263 3159 2333 πρὸς
3182 2262 3352 2315 ταῦτα
3374 2278 3389 2290 ·
3422 2263 3515 2313 καὶ
3543 2263 3654 2327 γὰο

2070 2356 2169 2409 οὐκ
2197 2356 2387 2426 ἐχθρὸς
2412 2356 2440 2407 6
2468 2354 2796 2425 Δημόφιλος,
2818 2355 2937 2407 οὐδὲ
2956 2351 3215 2423 ἀνέξομαί
3244 2370 3301 2405 σε
3322 2353 3656 2411 πλεονεκτη-

2067 2446 2227 2515 θῆναι
2272 2445 2350 2515 τῷ
2372 2446 2625 2516 Σατανᾷ’
2672 2448 2764 2498 καὶ
2811 2446 2917 2516 γάρ
2950 2446 3150 2515 ἐκάστη
3191 2444 3299 2496 τῶν
3344 2445 3473 2514 πρ).
3514 2444 3657 2501 Εεέν

2069 2536 2427 2607 διακόσμησις
2486 2537 2851 2606 θεοειδεστέρα
2887 2538 2985 2607 τῆς
3032 2537 3227 2607 μᾶλλον
3269 2532 3666 2605 ἀφεστηκυίας

2072 2629 2219 2681 ἐστί’
2271 2631 2363 2683 καὶ
2409 2632 2770 2699 φαντεινότερα
2811 2631 2924 2700 ἅμα
2963 2631 3057 2683 καὶ
3093 2628 3541 2699 φωτιστικὼτερα
3584 2628 3655 2681 τὰ

2074 2720 2270 2791 μᾶλλον
2301 2721 2378 2792 τῷ
2411 2722 2598 2792 ἀληθεῖ
2626 2723 2764 2791 φωτὶ
2782 2722 2827 2753 ⁸⁸
2858 2721 3230 2790 πλησιαίτερα.
3278 2720 3385 2773 Καὶ
3433 2719 3505 2789 μὴ
3556 2736 3651 2770 το-

2071 2813 2243 2877 πικῶς
2276 2814 2556 2877 ἐκλάϐοις,
2586 2813 2719 2866 ἀλλά
2751 2812 2891 2867 κατά
2919 2813 3017 2881 τὴν
3055 2812 3297 2880 θεοδόχον
3338 2809 3645 2879 ἐπιτηδειό-

2068 2922 2241 2977 τητα,
2279 2906 2370 2959 τὸν
2399 2906 2756 2977 πλησιασμόν.
2793 2906 2855 2957 El
2887 2904 3117 2972 τοίνυνὴ
3148 2902 3253 2954 τῶν
3297 2902 3486 2972 ἱερέων
3524 2901 3653 2952 διαέ

2070 2998 2335 3069 κόσμησίς
2368 3000 2512 3050 ἐστιν
2543 2999 2575 3067 ἡ
2607 2994 2927 3064 φωτιστικὴ,
2958 2992 3233 3055 παντελῶς
3274 2992 3649 3048 ἀποπέπτωκε

2069 3092 2168 3163 τῆς
2201 3091 2478 3163 ἱερατικῆς
2518 3088 2720 3152 τάξεως
2752 3086 3154 3155 καὶδυνάμεως
3195 3086 3223 3136 6
3272 3082 3345 3153 μὴ
3388 3098 3651 3149 φωτιστιι-

2070 3184 2197 3247 κός·
2243 3179 2279 3253 ἦ
2326 3182 2427 3234 πού
2473 3198 2537 3248 γε
2584 3179 2780 3250 μᾶλλον
2815 3181 2843 3230 6
2877 3176 3199 3244 ἀφώτιστος.
3233 3176 3341 3226 Καὶ
3370 3172 3651 3242 τολμηρὸς

2070 3275 2257 3345 ἔμοιγε
2290 3273 2436 3326 δοκεί
2466 3274 2577 3333 τοῖς
2618 3288 2676 3323 τε
2712 3272 3003 3340 ἱερατικοῖς
3029 3270 3057 3320 6
3084 3267 3320 3329 τοιοῦτος
3351 3264 3648 3334 ἐγχειρῶν,

2069 3366 2163 3419 καὶ
2190 3366 2250 3417 οὐ
2287 3365 2520 3417 δέδοικεν
2558 3363 2678 3415 οὺδέ
2710 3360 3021 3429 αἰσχύνεται
3062 3360 3131 3412 τά
3175 3360 3294 3413 θεῖα
3341 3358 3494 3429 παρά
3540 3359 3648 3428 τὴν

2070 3457 2224 3521 ἀξίαν
2250 3455 2477 3517 διώκων,
2509 3455 2603 3506 καὶ
2634 3454 2875 3522 οίὸμενος
2902 3451 3032 3503 Θεὸν
3053 3452 3283 3517 ἀγνοεῖν,
3310 3451 3451 3519 ᾶπερ
3479 3450 3650 3513 αὐτὸς

2068 3547 2246 3617 ἐαυτῷ
2278 3534 2610 3613 συνέγνωκε,
2644 3546 2738 3597 καὶ
2772 3544 2983 3612 ἀπατᾷν
3010 3540 3217 3611 νομίζει
3249 3540 3338 3592 τὸν
3368 3540 3649 3608 ψευδωνύ-

2070 3655 2185 3708 μως
2226 3637 2316 3690 ὑπ’
2346 3636 2508 3708 αὐτοῦ
2548 3634 2765 3705 Πατέρα
2802 3632 3151 3701 καλούμενον,
3196 3631 3289 3683 καὶ
3332 3629 3505 3699 τολμᾷ
3544 3630 3649 3693 τάς

2066 3730 2279 3796 ἐναγεῖς
2314 3724 2478 3780 αὐτοῦ
2504 3723 2811 3794 δυσφημίας
2831 3724 2873 3754 ⁸⁸
2904 3721 2993 3792 (οὐ
3022 3720 3131 3791 γάρ
3163 3718 3370 3788 εἴποιμι
3410 3734 3652 3787 προσευ-

2066 3818 2221 3889 χάςν)
2274 3820 2371 3871 ἐπὶ
2414 3816 2483 3869 τὰ
2517 3814 2637 3870 θεῖα
2669 3814 2910 3885 σύμὸολα
2956 3810 3302 3883 χριστοειδῶς
3347 3808 3646 3875 ἐπιλέγειν.

402 3902 601 3970 pellant
658 3901 898 3967 Patrem,
963 3905 1231 3973 audetque
1290 3905 1548 3961 scelestas
1603 3908 1963 3976 blasphemias

2076 3912 2183 3965 υύκ
2213 3910 2359 3963 ἐστιν
2391 3903 2547 3971 οὗτος
2580 3908 2787 3978 ἱερεὺς,
2817 3906 2917 3959 οὐκ
2948 3906 3115 3966 ἐστιν,
3158 3902 3292 3956 ἀλλά
3333 3901 3647 3971 δυσμενὴς,

400 4010 527 4049 suas
561 3995 779 4064 (neque
812 3996 957 4049 enim
992 4010 1183 4065 preces
1216 3996 1486 4065 dixerim)
1536 3999 1587 4052 in
1622 3999 1819 4053 divinis
1853 4015 1963 4069 my-

2076 4001 2265 4067 δόλιος,
2299 4001 2609 4071 ἐμπαίκτης
2652 3997 2845 4052 ἐαυτοῦ
2867 4036 2882 4059 ,
2922 3996 3017 4050 καὶ
3061 3994 3220 4056 λύκος
3258 3994 3352 4046 ἐπὶ
3376 3992 3472 4044 τὸν
3500 3992 3651 4044 θεῖον

400 4088 584 4141 steriis
634 4086 1091 4142 Christil‘ormiter
1138 4090 1516 4159 pronuntiare.
1565 4090 1681 4145 Non
1729 4100 1812 4146 est
1860 4092 1965 4146 iste

2076 4092 2185 4145 .abv
2218 4092 2295 4162 τῷ
2323 4093 2367 4124 ⁹⁰
2398 4091 2576 4161 κωδίῳ
2608 4089 3073 4159 καθωπλισμένος.
3646 4102 3649 4107 ·

400 4176 678 4239 sacerdos,
748 4192 854 4232 non
918 4186 1029 4242 est,
1080 4179 1172 4232 sed
1225 4176 1498 4243 inimicus,
1549 4178 1792 4245 dolosus,
1841 4178 2031 4235 illusor
2064 4182 2180 4247 sui,
2228 4190 2283 4235 et
2334 4180 2492 4250 lupus
2536 4181 2589 4234 in
2655 4179 2992 4234 Dominicum
3040 4190 3258 4246 gregem
3308 4175 3473 4229 ovina
3507 4174 3652 4241 pelle

399 4279 639 4325 armatus
660 4279 707 4325 ⁸.

1939 4346 1967 4419 §
2006 4342 2112 4403 ιιι.

470 4465 539 4518 At
567 4462 883 4535 Demophilo
936 4464 1017 4518 fas
1048 4479 1155 4520 non
1210 4472 1297 4519 est
1329 4463 1432 4518 ista
1463 4464 1762 4534 corrigere.
1821 4462 1953 4517 Nam

400 4554 446 4625 si
478 4554 692 4609 divinus
718 4568 896 4610 sermo
920 4554 1068 4625 justa
1120 4554 1260 4623 juste
1308 4555 1560 4623 prosequi
1613 4554 1768 4621 jubet
1796 4552 1958 4623 (juste

2076 4554 2171 4625 γάρ
2191 4556 2223 4624 ἡ
2241 4551 2483 4620 θεολογία
2507 4548 2727 4611 δικαίως
2752 4547 2821 4599 τὰ
2840 4547 3019 4599 δίκαια
3044 4543 3252 4598 κελεύει
3286 4541 3651 4613 μεταδιώκειν

399 4628 531 4698 vero
560 4645 831 4713 prosequi,
870 4632 957 4700 est
986 4645 1276 4723 unicuique
1334 4644 1476 4714 quod
1522 4660 1675 4698 suum
1713 4654 1797 4699 est
1860 4659 1959 4714 pro

2076 4646 2266 4718 [δίκαια
2292 4646 2347 4698 δέ
2382 4646 2497 4697 ἐστι
2530 4639 2902 4713 μεταδιώκειν,
2924 4640 3050 4691 ὅταν
3084 4636 3374 4705 ἀπονέμειν
3396 4634 3574 4687 ἐθέλοι
3602 4637 3667 4683 ἰ.

402 4735 613 4789 meritis
636 4736 908 4807 reddere),
919 4736 1063 4806 iuste
1091 4737 1217 4790 illud
1238 4737 1489 4792 omnibus
1515 4741 1966 4806 prosequendum,

2076 4756 2154 4801 τις
2186 4736 2398 4806 ἐκάστῳ
2423 4734 2490 4787 τὰ
2507 4735 2624 4787 κατ’
2653 4732 2806 4797 ἀξίαν
2893 4728 3115 4790 δικαίως
3140 4728 3295 4779 τοῦτο
3328 4728 3465 4779 πᾶσι
3486 4742 3651 4795 μετα-

403 4839 510 4878 non
543 4835 739 4894 praeter
778 4842 932 4882 suam
973 4827 1290 4897 dignitatem
1323 4835 1416 4881 aut
1444 4828 1726 4892 ordinem;
1760 4844 1883 4883 nam
1908 4839 1963 4886 et

2076 4827 2337 4890 Ξιωκτέον,
2364 4827 2422 4879 ού
2454 4824 2604 4895 παρὰ
2638 4825 2735 4893 τὴν
2773 4822 2978 4875 ἑαυτῶν
3030 4819 3186 4885 ἀξίαν
3230 4818 3264 4888 ἢ
3297 4818 3489 4883 τάξιν
3520 4817 3650 4868 ἐπεὶ

405 4910 614 4984 angelis
657 4915 865 4985 justum
899 4927 985 4972 est
1006 4917 1179 4971 ollicia
1211 4919 1504 4973 secundum
1534 4919 1727 4975 merita
1776 4920 1959 4981 tribui,

2076 4922 2157 4973 καὶ
2191 4918 2439 4986 ἀγγέλοις
2472 4916 2677 4969 δίκαιον
2706 4911 3073 4981 ἀπονέμεσθαι
3102 4911 3172 4963 τὰ
3192 4910 3313 4963 κατ’
3339 4908 3520 4972 ἀξίαν,
3546 4910 3647 4960 καὶ

354 5050 355 5053 η
406 5020 471 5059 ac
513 5006 750 5074 deliniri,
786 5023 892 5062 non
929 5017 1108 5063 tamen
1137 5024 1168 5063 a
1220 5010 1393 5074 nobis,
1430 5024 1462 5063 ο
1501 5009 1843 5081 DemOphile,
1869 5012 1962 5065 sed

2076 5006 2418 5079 ἀφορίζεσθαι
2441 5006 2486 5037 θ’
2508 5044 2522 5066 ,
2550 5003 2684 5074 πλὴν
2710 5004 2769 5057 ού
2794 5003 2929 5072 πρὸς
2958 5000 3136 5070 ἡμῶν,
3167 4993 3212 5051 ὧ
3247 4996 3547 5068 Δημόφιλε,
3573 4996 3647 5049 δι’

405 5110 500 5164 per
526 5111 622 5153 eos
654 5097 808 5152 nobis
833 5113 901 5153 ex
934 5098 1061 5162 Deo,
1095 5094 1150 5153 et
1203 5099 1332 5169 ipsis
1384 5101 1457 5155 ab
1486 5101 1692 5170 angelis
1720 5101 1967 5170 superio-

2076 5099 2243 5153 zt'me
2267 5098 2324 5151 δέ
2353 5098 2481 5167 ἡμῖν
2500 5096 2564 5148 ἐκ
2592 5095 2745 5157 Θεοῦ,
2772 5096 2864 5148 καί¹
2886 5096 3068 5156 αὐτοῖς
3104 5090 3192 5144 διὰ
3222 5091 3331 5143 τῶν
3360 5090 3440 5142 ἔτι
3470 5089 3645 5159 πρού-

407 5189 578 5245 ribus.
642 5193 721 5246 Ac
777 5189 1094 5260 simpliciter
1112 5191 1399 5261 loquendo,
1433 5191 1486 5246 in
1514 5193 1767 5248 omnibus
1802 5194 1965 5246 rebus

2076 5189 2268 5261 χόντων
2308 5188 2573 5256 ἀγγέλων.
2622 5187 2730 5239 Καὶ
2770 5184 2957 5247 ἁπλῶς
3013 5184 3205 5245 εἰπεῖν,
3254 5182 3313 5232 ἐν
3364 5180 3499 5233 πᾶσι
3531 5179 3646 5239 τοῖς

2147 4460 2282 4515 Ἀλλ’
2320 4460 2381 4513 οὐ
2432 4456 2721 4530 Δημοφίλῳ
2763 4455 2933 4509 ταῦτα
2990 4453 3207 4524 θεμιτὸν
3256 4451 3521 4505 εὐθύνειν.
3582 4454 3651 4505 Εἰ

590 5340 610 5381 ί
644 5346 755 5403 Jer.
790 5362 948 5410 xxttt,
982 5346 1071 5400 21.
1149 5353 1185 5375 ¹¹
1220 5344 1344 5399 lsai.
1379 5360 1528 5405 var.
1565 5346 1617 5399 5.
1698 5354 1725 5381 η
1760 5343 1954 5397 Matth.

2076 5383 2087 5407 ,
2119 5343 2209 5397 25.
2289 5341 2354 5394 ⁸1
2389 5340 2521 5409 Reg.
2560 5355 2648 5402 xv,
2688 5337 2776 5393 22.
2883 5347 2911 5387 ι)
2946 5336 3101 5392 Rom.
3140 5352 3214 5399 ιι,
3266 5335 3358 5401 20;
3394 5352 3495 5391 xu.
3546 5335 3602 5389 5.

408 5429 438 5472 tl
469 5421 624 5475 Rom.
660 5434 720 5483 tt,
753 5418 845 5473 25.
924 5427 948 5453 ι
981 5416 1101 5470 Act.
1139 5430 1251 5479 xIx,
1286 5416 1341 5468 2.
1418 5426 1439 5454 ι
1477 5415 1668 5469 Matth.
1706 5430 1803 5478 vn,
1844 5414 1929 5467 15.

1700 5568 1931 5623 VARle
1972 5564 2369 5621 LECTIONES.

515 5709 560 5743 "'
593 5710 987 5778 ἐξαγγέλλουσι,
1024 5708 1081 5778 S_.
1119 5707 1177 5778 Ρ.
1255 5704 1409 5778 ⁸⁸-τῷ
1442 5703 1675 5778 ἀληθινῷ
1708 5702 1949 5778 φωτί,,5.
1986 5701 2055 5778 Ri
2123 5702 2167 5731 "’
2204 5698 2571 5778 βλασφημίας,
2606 5698 2665 5754 C.
2742 5698 2787 5729 ὀ
2802 5695 2874 5766 τῷ
2900 5710 3005 5754 non
3040 5704 3126 5752 est
3159 5698 3214 5752 in
3249 5693 3308 5750 S.
3380 5694 3421 5728 ⁹¹
3459 5692 3633 5755 ἐθέὶῃς

415 5781 477 5834 1).
580 5770 859 5841 ⁹¹’δί’καιος
890 5776 1239 5847 ἀφορίζεσθαι
1270 5774 1338 5828 τὰ
1371 5770 1489 5827 κατ’
1525 5770 1700 5840 ἀξίαν,
1726 5770 1827 5825 καὶ
1860 5772 2194 5841 ἀφορίζεται,
2237 5770 2274 5822 S
