3892 6232
237 370 263 423 Ι
275 370 378 425 093

1665 362 2005 419 EPISTOLA
2034 361 2168 417 VIII.

3381 363 3517 439 1094

229 487 351 545 οὖσι
378 489 465 544 διὰ
489 488 598 543 τῶν
636 500 868 560 πρωτων
905 491 1016 551 τοῖς
1039 488 1310 559 δευτέροις
1340 487 1669 558 ἀπονέμεται
1686 488 1732 517 ³³
1753 486 1815 539 τὰ

1927 498 2024 554 per
2058 482 2264 551 primas
2292 480 2567 545 secundis,
2594 496 2624 534 a
2651 489 2801 535 recta
2828 477 3250 549 mquissimaque
3273 481 3515 536 omnium

229 585 352 639 κατ’
376 583 533 648 ἀξίαν
561 582 668 635 ὑπὸ
693 584 793 652 τῆς
826 582 1044 635 πάντων
1076 581 1340 635 εὐτάκτου
1364 581 1458 634 καὶ
1476 579 1823 650 δικαιοτάτης

228 676 487 748 προνοίας
514 692 527 705 ο
564 678 612 728 oi
651 676 750 746 μὲν
776 670 868 729 οῦν
895 676 988 728 καὶ
1020 674 1197 729 ἄλλων
1226 675 1488 745 ἐπάρχειν
1520 673 1644 726 ὑπὸ
1685 672 1821 726 Θεοῦ

225 768 521 839 ταχθέντες
545 767 887 837 ἀπονείμωσι
911 768 960 798 ⁸⁸
1019 766 1139 837 μεθ’
1164 767 1389 828 ἑαυτοὺς
1422 766 1517 818 καὶ
1544 768 1658 829 τοῖς
1681 765 1823 836 ὑπη-

226 863 377 924 κόοις
406 862 475 914 τά
513 863 634 914 κατ’
672 860 851 924 ἀξίαν.
899 861 1207 931 Δημόφιλος
1244 859 1301 912 δέ
1336 859 1478 931 λόγῳ
1519 871 1614 914 και
1644 860 1819 931 θυμῷ,

228 953 326 1008 καὶ
355 952 621 1025 ἐπιθυμίᾳ
637 953 706 1006 τὰ
743 953 864 1007 κατ’
886 952 1046 1019 ἀξίαν
1090 952 1425 1025 ἀφοριζέτω,
1476 954 1571 1007 καὶ
1604 953 1678 1024 μὴ
1710 953 1823 1006 ἀδι-

228 1048 398 1101 κείτω
426 1048 526 1119 τὴν
564 1042 760 1101 ἐαυτοῦ
797 1046 976 1113 τάξιν,
1036 1046 1151 1100 ἀλλ’
1197 1045 1487 1118 ἐωρχέτω
1530 1045 1640 1099 τῶν
1665 1047 1821 1114 ὑφει-

232 1141 408 1211 μένων
437 1141 464 1192 ό
502 1140 901 1211 ὑπερκείμενος
954 1139 1134 1208 λόγος.
1188 1140 1252 1193 Ei
1310 1139 1420 1211 γὰρ
1467 1141 1557 1191 ἐπ’
1614 1140 1822 1210 ἀγορᾶς

232 1232 431 1295 ἰδόντες
458 1233 502 1264 9⁵
534 1232 750 1302 οἰκέτην
770 1231 1023 1305 δεσπότῃ,
1052 1232 1147 1286 καὶ
1168 1231 1523 1303 πρεσϐυτέρῳ
1540 1231 1819 1303 νεώτερον,

227 1320 264 1390 ἢ
302 1321 398 1373 καὶ
427 1321 541 1373 υίὸν
566 1322 734 1399 πατρὶ
747 1319 1266 1391 διαλοιδορούμενον,
1296 1321 1411 1392 ἅμα
1433 1323 1529 1375 καὶ
1571 1322 1818 1385 ἐπιόντα,

228 1415 325 1467 καὶ
378 1414 594 1485 πληγὰς
623 1413 936 1468 ἐπιτιθέντα
964 1416 1032 1481 ⁸⁸,
1064 1416 1157 1469 καὶ
1186 1415 1405 1468 ἀσεϐεῖν
1432 1415 1741 1487 ἐδοκοῦμεν,
1770 1419 1820 1470 εί

223 1506 331 1577 μή,
350 1508 463 1570 τοῖς
494 1506 801 1579 κρείττοσιν
828 1506 1240 1577 ἐπιδραμόντες,
1273 1507 1671 1579 ἐϐοηθήσαμεν,
1698 1509 1821 1562 καί·

226 1610 314 1649 τοι
336 1613 399 1664 γε
433 1597 561 1661 ἴσως
595 1598 791 1651 ἐκεῖνοι
823 1599 1184 1671 προηδίκηντο
1212 1616 1225 1629 ο
1262 1598 1381 1663 πῶς
1409 1600 1507 1653 οὐκ
1532 1601 1823 1671 αἰσχυνθηι-

231 1690 442 1761 σόμεθα
484 1690 847 1762 παρορῶντες
892 1692 998 1746 ὑπὸ
1020 1692 1195 1764 θυμοῦ
1224 1695 1318 1748 καὶ
1362 1694 1660 1765 ἐπιθυμίας
1707 1695 1821 1749 ἀδι-

224 1782 499 1853 κούμενον
532 1782 711 1851 λόγον,
740 1784 833 1838 καὶ
887 1785 985 1856 τῆς
1032 1787 1098 1839 ἐκ
1155 1786 1291 1839 Θεοῦ
1349 1786 1597 1858 δοθείσης
1648 1789 1821 1860 ἀρχῆς

1925 577 2292 648 providentia,
2327 577 2527 646 cuique
2577 576 2730 646 justa
2785 591 2888 647 pio
2923 575 3516 643 meritistribuuntur,

1925 678 1985 722 ut
2025 670 2282 722 nimirum
2330 669 2366 722 ii
2396 668 2487 737 qui
2534 684 2564 723 a
2613 671 2723 724 Deo
2779 668 3021 724 ordinati
3073 678 3201 724 sunt
3252 669 3516 738 praesides

1924 763 2178 828 aliorum,
2220 762 2573 818 inferioribus
2605 779 2825 834 quoque
2873 764 3220 834 subditisque
3248 766 3363 819 suis
3409 779 3511 833 pro

1925 854 2138 909 meritis
2175 854 2527 911 distribuant.
2568 855 2923 925 Demophilus
2953 856 3138 926 itaque
3169 857 3409 911 sermoni
3442 872 3514 913 ac

1922 946 2099 1002 furori
2136 948 2708 1018 concupiscentiaeque
2740 964 2875 1011 suae,
2901 949 3043 1004 sicut
3068 951 3247 1017 decet,
3296 950 3516 1005 modum

1925 1049 2155 1105 statuat,
2206 1053 2400 1108 neque.
2426 1040 2673 1095 ordinem
2703 1041 2895 1105 violet,
2926 1041 3019 1096 sed
3081 1040 3226 1095 ratio
3259 1042 3517 1111 superior

1924 1133 2281 1189 inferioribus
2310 1133 2645 1189 dominetur.
2691 1132 2827 1188 Nam
2857 1134 2927 1195 si,
2958 1148 3080 1187 cum
3114 1134 3168 1187 in
3196 1133 3314 1188 loro
3364 1134 3519 1189 vide-

1924 1243 2044 1283 mus
2074 1226 2334 1281 l'amulum
2364 1227 2612 1292 domino,
2642 1226 2848 1282 seniori
2871 1225 3370 1291 adolescentulum,
3397 1227 3517 1284 sive

1924 1318 2089 1374 etiam
2147 1316 2316 1370 lilium
2372 1315 2516 1385 patri
2576 1315 2941 1378 maledicere,
2982 1314 3256 1384 simulque
3303 1317 3512 1385 impetu

1924 1409 2075 1465 facto
2108 1408 2294 1479 plagas
2328 1406 2555 1472 inferre,
2604 1407 2863 1476 pietatem
2891 1406 3095 1462 violare
3115 1407 3383 1473 videmur,
3408 1408 3512 1464 nisi

1924 1511 2297 1568 accurrentes,
2322 1501 2800 1570 praestantioribus
2816 1515 2974 1570 opem
2994 1500 3143 1557 lerre
3166 1484 3509 1567 studeamus,

1922 1593 2321 1665 quantumlibet
2352 1591 2427 1647 illi
2466 1590 2702 1659 fortasse
2733 1591 2884 1662 prius
2914 1590 3507 1660 intulerintinjuriam:

1922 1704 2020 1743 cur
2051 1703 2157 1742 non
2188 1685 2589 1749 erubescimus,
2623 1686 2716 1755 qui
2768 1686 3035 1740 rationem
3065 1687 3134 1740 ab
3168 1685 3247 1740 ira
3270 1693 3328 1738 et
3375 1701 3509 1740 con-

1924 1777 2260 1847 cupiscentia
2295 1775 2513 1839 violari,
2556 1786 2613 1829 et
2640 1790 2671 1830 a
2698 1775 2897 1829 tradito
2925 1774 3030 1830 sibi
3066 1775 3326 1830 divinitus
3353 1776 3508 1845 prin-

227 1873 651 1945 ἐκϐαλλόμενον,
722 1877 817 1930 καὶ
865 1877 925 1930 ἐν
984 1876 1196 1941 ἑαυτοῖς
1266 1878 1439 1949 ἀσεϐῆ
1483 1878 1579 1933 καὶ
1628 1879 1814 1933 ἄδικον
1848 1926 1889 1949 η
1918 1867 2097 1936 είρθιυ
2131 1867 2289 1938 delia
2314 1868 2559 1924 Videmus
2579 1877 2742 1938 διςυθ
2776 1866 3124 1937 negligimus:
3156 1878 3321 1938 atque
3362 1868 3508 1922 imm

224 1964 478 2030 ἀταξίαν,
507 1968 600 2019 καὶ
633 1968 840 2031 στάσιν,
870 1968 963 2021 καὶ
988 1968 1262 2039 ἀκοσμίαν
1285 1970 1588 2042 ἐγείροντες
1613 1988 1627 2035 ;
1656 1972 1815 2025 Εἰκό-

225 2073 337 2123 τως
368 2060 396 2111 ό
430 2060 698 2132 μακάριος
724 2061 884 2132 ἡμῶν
932 2064 996 2115 ἐκ
1031 2063 1166 2116 Θεοῦ
1192 2062 1486 2136 νομοθέτης
1542 2067 1643 2120 οὐκ
1674 2066 1817 2133 ἀξιοῖ

224 2150 327 2219 τῆς
364 2151 689 2223 Ἐκκλησίας
723 2151 816 2206 τοῦ
858 2153 992 2207 Θεοῦ
1043 2154 1403 2225 προΐστασθαι
1464 2156 1556 2210 τὸν
1616 2158 1690 2229 μὴ
1718 2158 1813 2212 τοῦ

231 2241 363 2295 ἰδίου
389 2241 538 2296 οἴκου
563 2242 744 2307 καλῶς
770 2245 871 2315 ἥδη
900 2246 1280 2316 προεστηκότα
1300 2263 1313 2275 ο
1342 2248 1436 2300 καὶ
1466 2246 1576 2318 γὰρ
1604 2248 1814 2315 ότάξας

227 2333 420 2387 ἑαυτὸν
444 2337 537 2388 καὶ
571 2335 756 2406 ἓτερον
778 2337 929 2403 τάξει
954 2354 968 2367 ·
999 2338 1092 2390 καὶ
1119 2338 1147 2389 ό
1177 2338 1365 2409 ἕτερον
1390 2339 1483 2392 καὶ
1507 2334 1652 2392 οἷκον
1676 2356 1690 2369 '
1718 2341 1812 2393 καὶ

225 2426 257 2477 ὁ
283 2421 431 2479 οἷκον
458 2428 552 2480 κα)⁵
576 2427 729 2480 πόλιν
754 2445 766 2457 ·
797 2430 892 2481 καὶ
925 2429 954 2480 ό
985 2429 1139 2483 πόλιν
1169 2429 1263 2483 καὶ
1295 2430 1446 2493 ἔθνος
1469 2446 1481 2459 °
1502 2432 1596 2484 καὶ
1625 2429 1813 2494 ἁπλῶς

228 2519 425 2582 εἰπεῖν,
449 2519 524 2583 ὡς
550 2519 618 2572 τὰ
647 2520 805 2589 λόγιά
830 2539 1014 2592 φησιν,
1043 2525 1072 2576 ό
1093 2524 1150 2575 ἐν
1186 2522 1351 2594 ὀλίγῳ
1376 2520 1595 2586 πιστὸς,
1631 2524 1726 2576 καὶ
1755 2526 1814 2578 ἐν

228 2611 412 2682 πολλῷ
446 2612 635 2676 πιστός
692 2614 845 2667 ἐστι’
880 2615 975 2668 καὶ
996 2616 1102 2669 όέν
1146 2615 1311 2687 ὀλίγῳ
1364 2615 1723 2685 ἄπιστος,καὶ
1754 2621 1813 2675 ἐν

436 2705 662 2770 ἄπιστός
703 2708 871 2760 ἐστιν.

1924 1960 2309 2030 nosmetipsos,
2337 1960 2504 2031 602
2532 1960 2757 2030 impiam
2797 1959 3171 2035 iniustamque
3220 1959 3509 2016 temerita-

1924 2062 2030 2107 tem
2082 2067 2146 2108 ac
2213 2053 2536 2107 seditionem
2601 2051 3095 2121 contusioncmque
3154 2052 3511 2108 excitamus?

1921 2145 2120 2201 Merito
2158 2161 2291 2201 sane
2342 2144 2562 2200 divinus
2622 2155 2809 2199 noster
2852 2144 3060 2213 legifer,
3116 2143 3377 2200 Ecclesiae
3414 2146 3509 2200 Dei

1919 2236 2124 2304 praeﬁci
2172 2237 2425 2306 prohibet
2470 2252 2593 2291 eum
2620 2238 2639 2273 ι
2675 2239 2765 2306 qui
2799 2248 2965 2292 antea
3014 2239 3200 2293 domui
3244 2254 3357 2293 sua:
3401 2252 3507 2292 nou

1917 2328 2058 2383 bene
2108 2327 2422 2397 praefuit“:
2468 2328 2734 2399 quienim
2784 2330 3025 2398 seipsum
3077 2345 3267 2399 regere
3334 2331 3507 2394 novit,

1920 2429 1976 2474 et
1996 2420 2230 2475 alterum
2264 2430 2454 2489 reget;
2484 2420 2577 2490 qui
2613 2421 2869 2490 alterum,
2925 2423 3095 2482 etiam
3120 2422 3378 2486 domum;
3415 2422 3510 2492 qui

1922 2514 2164 2576 domum,
2195 2513 2361 2566 etiam
2391 2512 2715 2577 civitatem;
2755 2519 2809 2569 et
2851 2512 2952 2582 qui
3008 2512 3312 2574 civitatem,
3343 2514 3508 2567 etiam

1922 2613 2173 2673 gentem;
2220 2613 2406 2673 atque,
2435 2612 2494 2657 ut
2526 2604 2842 2658 summatim
2885 2602 3089 2693 dicamJ
3117 2603 3272 2673 juxta
3318 2619 3508 2658 vocem

1924 2696 2211 2762 Veritatis,
2253 2698 2345 2766 qui
2372 2697 2423 2749 in
2456 2696 2673 2751 modico
2708 2694 2883 2751 ﬁdelis
2911 2704 3018 2761 est,
3051 2696 3218 2751 etiam
3251 2696 3304 2751 in
3337 2695 3510 2750 multo

1925 2790 2105 2849 ﬁdelis
2133 2791 2278 2855 erit;
2307 2800 2363 2843 et
2393 2789 2507 2859 qui.
2534 2790 2589 2842 in
2637 2787 2855 2844 modico
2881 2788 3140 2855 inlidelis,
3168 2800 3223 2845 et
3250 2789 3303 2845 in
3339 2788 3509 2843 multo

1923 2899 2141 2956 qquue
2173 2881 2408 2939 inﬁdelis
2436 2882 2543 2936 erit
2572 2889 2651 2947 νη
3155 2873 3157 2875 .

1792 3044 1821 3120 §
1865 3044 1977 3106 1v.

301 3190 473 3255 Αὐτὸς
516 3192 613 3262 μὲν
650 3186 744 3246 οῦν
782 3192 1068 3265 ἐπιθυμίᾳ,
1098 3188 1193 3246 καὶ
1229 3190 1408 3262 θυμῷ,
1444 3192 1540 3246 καὶ
1565 3191 1710 3263 λόγῳ
1746 3190 1815 3244 τὰ

1992 3188 2111 3259 Ipse
2136 3202 2268 3258 ergo
2298 3185 2581 3256 cupiditati
2620 3198 2687 3243 ac
2718 3183 2914 3251 furori,
2944 3187 3242 3257 rationique
3275 3181 3349 3237 uti
3407 3195 3506 3265 par

228 3286 355 3336 κατ’
393 3283 551 3350 ἀξίαν
589 3285 839 3356 ἀφόριζε,
882 3286 964 3337 σοὶ
1002 3284 1059 3338 δέ
1100 3286 1147 3337 oi
1188 3284 1321 3338 θεῖοι
1359 3284 1690 3357 λειτουργοὶ,
1722 3286 1816 3338 καὶ

226 3375 440 3439 τούτοις
478 3378 525 3429 οί
566 3378 750 3447 ἱερεῖς,
784 3378 1032 3449 ίεράρχαι
1063 3378 1119 3431 δέ
1156 3380 1269 3441 τοῖς
1299 3377 1523 3449 ἱερεῦσι,
1575 3378 1669 3430 καὶ
1704 3380 1816 3442 τοῖς

230 3464 519 3535 ἱεράρχαις
555 3467 604 3518 οἱ
644 3466 953 3530 ἀπόστολοι,
990 3468 1085 3520 κα)⁴
1122 3469 1170 3520 οἱ
1198 3467 1307 3521 τῶν
1344 3467 1659 3521 ἀποστόλων
1697 3468 1814 3520 διὰ-

227 3554 395 3626 δοχοι.
438 3556 548 3609 Καὶ
562 3556 616 3609 εἴ
633 3557 734 3610 πού
754 3575 838 3622 τις
861 3560 918 3611 ἐν
936 3558 1161 3621 ἐκείνοις
1183 3559 1275 3611 τοῦ
1297 3560 1666 3630 προσήκοντος
1681 3559 1817 3611 ἀπο-

231 3646 483 3717 σφαλείη,
497 3648 649 3719 παρά
670 3648 778 3702 τῶν
792 3650 1077 3719 ὁμοταγῶν
1090 3649 1261 3718 ἁγίων
1282 3647 1811 3719 ἐπανορθωθήσεται,

228 3740 327 3792 καὶ
341 3740 399 3791 οὐ
419 3743 916 3813 περιστραφήσεται
932 3740 1084 3807 τάξις
1099 3743 1189 3793 ἐπὶ
1201 3739 1492 3806 τάξιν,άλλ’
1512 3741 1739 3804 ἕκαστος
1756 3743 1815 3795 ἐν

226 3835 296 3902 τῇ
314 3832 463 3897 τάξει
478 3834 642 3887 αὑτοῦ
660 3838 753 3888 καὶ
772 3835 829 3887 ἐν
841 3837 905 3905 τῇ
924 3835 981 3887 λε
990 3852 1097 3887 ιτου
1104 3836 1233 3907 ργία
1252 3834 1415 3888 αὑτοῦ
1430 3835 1599 3889 ἐσται.
1617 3834 1817 3890 Τοσαῦ·

224 3923 299 3976 τά
321 3940 400 3976 σοι
421 3927 547 3995 παρ’
565 3927 597 3997 ἡ
606 3925 720 3995 μῶν
748 3928 887 3998 ὑπὲρ
902 3927 995 3979 τοῦ
1024 3928 1219 3981 εἰδέναι
1235 3928 1329 3981 καὶ
1352 3930 1481 4000 δρᾷν
1501 3928 1571 3982 τὰ
1599 3927 1810 3981 ἐαυτοῦ.

229 4017 368 4087 Περὶ
406 4017 461 4070 δὲ
489 4019 588 4089 τῆς
623 4021 702 4081 είς
726 4019 818 4071 τὸν
870 4019 1038 4091 ἄνδρα
1066 4021 1179 4084 τὸν,
1230 4020 1304 4084 ὡς
1344 4023 1468 4095 φῂς,
1508 4022 1679 4094 ἀσεϐῆ
1719 4023 1814 4075 καὶ

226 4108 509 4181 ἀλιτήριον
539 4112 954 4183 ἀπανθρωπίας,
988 4115 1087 4167 οὐκ
1145 4109 1242 4168 οἷδ’
1272 4116 1421 4178 ὅπως
1440 4116 1483 4147 ⁹⁷
1506 4114 1811 4184 κλαύσομαι

224 4200 290 4252 τὸ
333 4199 645 4273 σύντριμμα
673 4201 768 4255 τοῦ
809 4204 1094 4275 ἀγαπητοῦ
1137 4222 1238 4277 μου
1261 4221 1276 4235 ⁸
1315 4204 1462 4268 τινος
1499 4206 1609 4277 γὰρ
1646 4204 1731 4278 οἵῃ
1767 4208 1813 4239 ⁸⁸

226 4290 575 4364 θεραπευτής
614 4294 704 4363 ὑφ’
729 4294 884 4366 ήμῶν
922 4295 1189 4367 ταχθῆναι
1210 4314 1223 4363 ;
1248 4299 1342 4352 καὶ
1372 4297 1501 4369 γὰρ.
1532 4301 1579 4351 εί
1618 4298 1692 4370 μὴ
1716 4300 1810 4353 τοῦ

225 4386 455 4454 ἀγαθοῦ,
484 4388 703 4451 πάντως
740 4389 833 4441 τοῦ
873 4390 966 4443 καὶ
1005 4390 1161 4460 ήμῶν
1204 4391 1417 4463 ἀνάγκη
1460 4409 1519 4445 σε
1551 4389 1686 4447 εἶναι
1719 4392 1813 4446 καὶ

222 4478 330 4549 τῆς
355 4477 474 4532 καθ’
501 4480 649 4551 ἡμᾶς
679 4478 975 4552 θεραπείας
1001 4481 1129 4553 ὅλης
1156 4481 1451 4555 ἀλλότριον,
1474 4485 1566 4538 καὶ
1586 4482 1703 4556 ὥρα
1730 4502 1810 4537 σοι

1920 3289 2023 3345 est,
2057 3296 2152 3336 sua
2194 3281 2393 3351 cuique
2421 3280 2604 3334 munia
2636 3279 2955 3350 praescribe,
2995 3278 3089 3331 tibi
3134 3277 3353 3333 interim
3411 3277 3511 3332 da-

1919 3376 2069 3437 coni,
2096 3384 2151 3430 et
2176 3375 2261 3428 IIIS
2283 3376 2620 3440 sacerdotes,
2650 3374 2911 3444 praesules
2934 3387 3067 3428 vero
3096 3372 3508 3431 sacerdotibus,

1920 3480 2081 3540 atque
2108 3470 2434 3539 praesulibus
2468 3469 2727 3539 apostoli,
2759 3481 3218 3536 successoresque
3272 3474 3499 3537 aposto—_

1918 3561 2112 3618 lorum.
2152 3565 2289 3618 Αιδί
2323 3565 2444 3633 quis
2485 3564 2624 3619 forte
2651 3562 2816 3617 etiam
2862 3561 3006 3614 inter
3054 3559 3173 3614 illos
3215 3575 3244 3613 a
3304 3559 3507 3615 decoro

1917 3657 2209 3721 aberrarit,
2250 3657 2298 3712 is
2343 3671 2372 3710 a
2402 3656 2610 3711 sanctis
2658 3656 2741 3709 sui
2782 3652 2994 3708 ordinis
3046 3651 3377 3720 corrigatur,
3417 3653 3501 3704 sic

1918 3765 2094 3820 neque
2125 3750 2260 3803 ordo
2288 3748 2465 3803 ordini
2500 3746 2945 3817 permiscebitur,
2992 3758 3183 3798 verum
3218 3744 3269 3796 in
3301 3741 3507 3809 ordine

1917 3843 2145 3913 quisque
2173 3856 2273 3896 suo
2321 3851 2371 3895 et
2407 3840 2586 3896 olIicio
2618 3838 2950 3895 versabitur.
2987 3837 3165 3905 Atque
3218 3835 3334 3890 haec
3378 3834 3504 3904 qui-

1917 3937 2038 3990 dem
2075 3936 2167 3990 tibi
2212 3950 2239 3989 a
2277 3933 2436 3989 nobis
2487 3935 2631 3989 dicta
2659 3940 2806 3997 sunt,
2851 3939 2910 3984 ut
2951 3939 3007 3983 et
3063 3929 3207 3983 scias
3249 3937 3303 3981 et
3334 3925 3506 3980 facias

1916 4040 2037 4095 qua:
2069 4027 2144 4081 tui
2194 4036 2322 4081 sunt
2356 4025 2619 4080 muneris.
2676 4023 2849 4080 Porro
2886 4023 2952 4077 de
2985 4020 3075 4075 illa
3126 4021 3178 4073 in
3207 4020 3506 4087 virumtut

1917 4117 2022 4188 ais)
2056 4118 2282 4188 impium
2340 4132 2404 4173 ac
2433 4117 2708 4187 perditum
2759 4113 3123 4179 immanitate,
3180 4111 3368 4165 nescio
3399 4123 3508 4177 quo

1914 4210 2045 4266 ﬂetu
2071 4211 2329 4281 plangam
2375 4209 2759 4264 contritionem
2809 4204 3148 4261 dilectissimi
3191 4202 3320 4264 mei,
3348 4199 3506 4270 cujus

1915 4304 2130 4360 scilicet
2154 4304 2424 4359 cultorem
2458 4310 2510 4356 te
2544 4300 2837 4356 arbitraris
2870 4315 2913 4354 a.
2935 4298 3093 4354 nobis
3142 4295 3504 4351 constitutum

1915 4411 2059 4461 esse,
2118 4398 2219 4452 nisi
2280 4404 2431 4452 certe
2459 4395 2604 4451 illius
2632 4393 2831 4447 summi
2880 4391 3008 4447 boni
3043 4389 3221 4446 cultor
3257 4403 3352 4451 es,
3378 4400 3508 4456 pro-

1916 4487 2063 4544 fecto
2110 4499 2165 4544 et
2195 4506 2223 4542 a
2260 4490 2442 4552 nobis,
2493 4485 2720 4542 omnino
2754 4495 2809 4540 et
2854 4486 2925 4539 ab
2985 4483 3137 4538 omni
3169 4492 3373 4535 nostrae
3424 4493 3505 4532 reo

226 4572 325 4625 καὶ
349 4572 480 4625 Θεὸν
500 4573 752 4643 ζητῆσαι,
795 4575 888 4628 καὶ
909 4574 1092 4647 ἱερέας
1127 4574 1365 4649 ἐτέρους,
1394 4580 1487 4632 καὶ
1517 4581 1649 4651 παρ’
1670 4578 1814 4633 ἐκεί-

1920 4580 2135 4651 ligionis
2183 4582 2329 4637 cultu
2371 4582 2582 4637 alienus
2632 4581 2706 4637 sis
2743 4592 2969 4635 necesse
2990 4588 3104 4643 est;
3143 4575 3348 4645 tibique
3388 4571 3503 4641 jam

224 4682 342 4728 νοις
379 4665 713 4737 θηριωθῆναι
756 4668 955 4737 μᾶλλον
990 4669 1022 4739 ἢ
1062 4668 1400 4741 τελεσθῆναι,
1424 4675 1519 4727 καὶ
1556 4669 1695 4728 εἶναι
1714 4676 1813 4747 τῆς

225 4755 391 4825 φίλης
427 4756 825 4826 ἀπανθρωπίας
846 4758 1161 4829 ἀμείλικτον
1199 4760 1499 4834 ὑπηρέτην.
1539 4759 1685 4835 Ἀρα
1704 4765 1813 4839 γὰρ

224 4851 390 4920 ἡμεῖς
430 4850 581 4903 αὐτοὶ
634 4851 770 4921 πρὸς
806 4851 870 4903 τὸ
907 4852 1081 4924 πάντη
1125 4853 1277 4922 ἅγιον
1319 4855 1810 4928 ἀποτετελέσμεθα,

222 4941 326 4993 καὶ
349 4942 407 4993 οὐ
445 4940 677 5013 δεόμεθα
692 4944 793 5010 τῆς
832 4943 981 5008 θείας
1019 4945 1104 5014 ἐφ’
1133 4946 1346 5011 ἑαυτοῖς
1366 4947 1811 5021 φιλανθρωπίας;

223 5034 260 5105 ἢ
300 5032 398 5104 τὴν
433 5033 624 5104 διπλῆν
669 5036 983 5107 ἁμαρτίαν,
1022 5038 1098 5102 ὡς
1134 5038 1203 5093 τὰ
1246 5038 1405 5110 λόγιά
1453 5060 1607 5114 φησι,
1666 5044 1810 5100 κατὰ

222 5127 355 5190 τοὺς
389 5128 605 5193 ἀσεϐεῖς
628 5129 1032 5202 ἁμαρτάνομεν,
1067 5133 1168 5186 οὐκ
1220 5134 1420 5199 εἰδότες
1449 5138 1507 5189 ἐν
1538 5137 1643 5191 τίνι
1661 5158 1823 5209 προσ-

228 5209 515 5288 κόπτομεν
543 5257 558 5281 ,
624 5217 758 5271 ἀλλὰ
821 5219 915 5271 καὶ
988 5220 1321 5286 δικαιοῦντες
1384 5225 1642 5289 ἑαυτοὺς,
1713 5228 1809 5282 καὶ

224 5316 461 5379 οιόμενοι
496 5308 731 5380 βλέπειν,
764 5310 979 5383 ἀληθῶς
1015 5312 1073 5366 δὲ
1106 5313 1166 5366 οὐ
1205 5314 1531 5385 βλέποντες;
1587 5318 1808 5392 Ἐξέστη

222 5403 256 5454 ό
311 5400 539 5472 οὐρανὸς
599 5403 691 5456 ἐπὶ
747 5403 947 5475 τούτῳ,
989 5404 1084 5459 καὶ
1147 5405 1343 5479 ἔφριξα
1379 5410 1510 5480 ἐγὼ,
1562 5411 1657 5466 καὶ
1695 5414 1811 5467 δια-

322 5560 344 5594 ¹
382 5559 398 5613 l
434 5559 577 5616 Tim.
614 5576 675 5627 tt,
707 5563 762 5617 2‘.
857 5562 1025 5618 Ill'Tit.
1058 5582 1105 5621 i.
1175 5574 1203 5604 ν
1237 5565 1368 5624 Luc.
1406 5585 1517 5633 xvi,
1557 5571 1641 5625 l0.

1920 4673 2063 4731 Deus
2100 4674 2242 4731 alius
2290 4676 2614 4745 quazrendus
2643 4684 2748 4739 est,
2805 4682 2967 4744 atque
3019 4667 3504 4730 aliisacerdotcs,

1921 4781 1981 4825 ut
2023 4770 2167 4840 apud
2191 4769 2312 4825 illos
2332 4768 2576 4825 cli'ereris
2599 4769 2781 4839 potius
2809 4782 2972 4837 quam
2998 4763 3256 4827 initieris,
3284 4759 3506 4816 evadas-

1922 4877 2027 4932 que
2059 4862 2249 4916 amicae
2282 4861 2378 4915 tibi
2410 4859 2754 4925 crudelitatis
2805 4857 3063 4914 minister
3114 4853 3501 4923 implaCabilis.

1923 4954 2143 5008 Scilicet
2179 4968 2277 5008 nos
2309 4953 2405 5022 ipsi
2452 4953 2611 5023 plane
2655 4951 2830 5008 sancti
2855 4960 2910 5005 et
2939 4947 3167 5020 perfecti
3208 4961 3419 5009 sumus,
3447 4954 3503 4999 et

1922 5045 2119 5099 divina:
2148 5043 2453 5099 clementiae
2486 5046 2712 5100 minime
2737 5057 2982 5116 egemus.
3015 5039 3270 5109 Nunquid
3303 5038 3501 5110 duplici

1920 5147 2147 5208 peccato
2179 5139 2261 5208 (ut
2296 5138 2515 5193 oracula
2556 5138 2878 5209 loquuntur)
2904 5136 3197 5208 impiorum
3232 5149 3383 5191 more
3409 5134 3504 5187 de-

1916 5229 2236 5301 linquimus,
2270 5230 2398 5306 dum
2435 5230 2743 5286 nescientes
2767 5229 2821 5284 in
2853 5244 2961 5299 quo
2989 5228 3339 5290 oll'endim‘us,
3372 5239 3501 5279 nos-

1916 5325 2176 5394 metipsos
2221 5325 2845 5396 insuperjustiticamus,
2868 5333 3238 5394 putamusque
3258 5312 3263 5316 ’
3286 5333 3388 5373 nos
3420 5318 3500 5370 vi-

1918 5416 2085 5484 dere,
2132 5433 2255 5473 cum
2296 5419 2519 5473 minime
2572 5416 2910 5473 videamus?
2954 5412 3245 5484 Obstupuit
3296 5411 3496 5467 emittm

1534 5687 1771 5745 VARI/IS
1813 5689 2215 5747 LECTIONES.

409 5793 690 5868 ἀπονέμει,
740 5795 798 5853 S.

906 5800 948 5831 ⁸³
986 5798 1319 5871 ἀπονέμωσι,
1360 5798 1414 5855 S.

224 5861 273 5894 "
313 5863 431 5930 aiat,
468 5866 530 5923 Β.
582 5861 595 5868 ”
678 5861 684 5863 Ἴ
879 5872 884 5874 ’

1526 5802 1571 5836 ⁸⁵
1605 5804 1824 5871 εἰδότες,
1876 5806 1932 5863 S.
1976 5808 2033 5863 1⁷³.

2140 5810 2185 5841 ⁹⁶
2229 5808 2507 5875 ἐπιθέντα,
2561 5806 2618 5862 S.
2668 5805 2727 5861 P.
2836 5803 2879 5836 θ’
2933 5804 3032 5858 οὐκ
3076 5800 3192 5860 οῖδα
3242 5808 3387 5872 τῦκ,
3439 5808 3481 5863 D
