3892 6232
424 364 565 422 I'O’JB

1602 367 1665 424 ε.
1704 368 2004 427 υιοΝιειι
2042 370 2505 428 ΛΠΕΟΡΑΟΙΤᾸΞ

3566 368 3717 431 1096

424 496 587 549 super
618 478 743 548 boc,
770 488 827 536 et
846 478 1109 536 exhorrui
1140 492 1266 548 ego,
1297 477 1544 550 mihique
1569 480 1669 551 ipsi
1701 482 1793 536 vis
1814 484 2001 539 credo.

2108 486 2285 539 πιστῶ
2342 484 2581 557 ἐμαυτῷ.
2624 487 2732 539 Καὶ
2775 487 2824 538 εί
2866 486 2941 557 μὴ
2995 486 3107 549 τοῖς
3165 487 3274 549 σοῖς
3312 487 3592 557 ἐνέτυχυν,
3634 486 3714 551 ὡς

424 571 673 640 llludque
708 572 807 627 tibi
874 581 1087 627 certum
1148 571 1259 633 sit,
1304 571 1409 625 nisi
1451 580 1575 628 tuas
1633 573 1749 643 ipse
1800 574 2011 630 litteras

429 667 681 736 legissem
714 668 877 738 (quas
909 669 1116 723 utinam
1164 666 1427 723 vidissem
1493 669 1798 737 nunquam)
1847 682 2012 725 nemo

429 775 563 816 sane
598 760 732 815 ullis
781 761 1121 831 argumentis
1208 764 1278 821 de
1331 775 1387 823 te
1436 764 1492 821 id
1554 760 1689 818 mihi
1780 774 2013 830 persua-

422 852 608 917 sisset,
635 862 694 908 ut
718 854 994 909 crederem
1016 852 1392 923 Demophilum
1422 867 1527 907 non
1553 851 1815 906 arbitrari
1843 852 2009 906 Deum

422 959 593 1012 super
621 945 804 1000 omnia
846 946 924 1016 (in
953 946 1164 1013 omnes)
1206 944 1406 999 bonum
1428 952 1486 999 et
1516 944 1809 1014 benignum
1865 959 2009 1008 esse,

424 1036 641 1105 sibique
673 1045 866 1105 putare
899 1036 993 1091 Dei
1029 1036 1344 1091 miserantis
1384 1043 1480 1089 aut
1524 1035 1790 1092 salvantis
1825 1038 2006 1105 gratia

421 1142 530 1181 non
587 1142 724 1197 Oplls
771 1144 936 1193 esse;
988 1131 1236 1198 qninimo
1305 1128 1625 1185 sacerdotes
1680 1130 2007 1200 degradare,

420 1221 511 1288 qui
550 1231 869 1276 meruerunt
900 1239 1000 1292 pro
1031 1239 1125 1277 sua
1170 1221 1504 1292 benignitate
1538 1222 1711 1292 plebis
1747 1222 2012 1293 ignoran-

421 1316 526 1368 tias
561 1314 821 1380 tolerare,
867 1316 1034 1383 probe
1065 1325 1482 1385 cognoscentes,
1511 1314 1770 1384 quoniam
1800 1322 1854 1368 et
1889 1316 1991 1383 ipsi

413 1406 741 1460 circumdati
770 1418 902 1461 sunt
937 1407 1275 1463 inﬁrmitate.
1332 1409 1400 1461 At.
1461 1408 2006 1481 divino-principalis

419 1497 509 1553 ille
545 1499 791 1569 pontifex
825 1499 985 1572 longe
1026 1502 1188 1555 aliam
1226 1502 1364 1555 viam
1397 1502 1559 1574 603
1583 1505 1867 1575 ingressus
1897 1518 2008 1569 est,

420 1590 582 1661 idque
612 1608 759 1655 cum,
805 1602 864 1646 ut
901 1609 1057 1648 sacra
1098 1603 1369 1649 testantur
1416 1597 1655 1665 eloquia,
1690 1607 2010 1667 segregatus

415 1692 560 1737 esset
602 1698 630 1736 a
658 1686 1036 1752 peccatoribus
1070 1699 1119 1752 ι,
1149 1696 1203 1741 et
1252 1688 1355 1742 hoc
1401 1688 1619 1742 eximia:
1665 1704 1793 1757 erga
1831 1703 1891 1743 se
1921 1688 2007 1740 dio

415 1774 671 1829 lectionis
697 1786 1080 1846 argumentum
1112 1781 1323 1844 statuit,
1354 1780 1398 1834 si
1430 1795 1565 1835 oves
1595 1778 1713 1848 ejus
1756 1797 2010 1836 mansue-

2112 579 2214 633 οῦκ
2250 579 2491 649 ὠφελονὲ
2532 573 2591 631 εῦ
2648 577 3153 650 ῐσθι,γράμμασιν,
3196 577 3296 630 οὐκ
3339 576 3405 631 ἂν
3450 577 3715 639 ἔπεισαν,

2112 667 2275 740 εἴπερ
2316 667 2466 722 ἄλλοι
2509 668 2576 738 μέ
2618 685 2766 732 τινες
2804 670 2933 740 περὶ
2990 667 3082 721 σοῦ
3124 668 3332 721 πείθειν
3361 667 3594 737 ἠξίουν,
3630 668 3718 720 ὅτι

2113 760 2418 832 Δημόφιλος
2456 761 2626 815 οἴεται
2664 760 2756 815 τὸν
2786 760 2987 829 ἀγαθὸν
3025 761 3119 814 ἐπὶ
3154 761 3393 814 πάντα’⁹
3432 758 3576 813 Θεὸν
3614 760 3719 812 οῦκ

2114 847 2253 907 εῖναι
2308 854 2403 907 καὶ
2462 852 2845 925 φιλάνθρωπον
2904 853 2971 884 ¹⁰⁰
2997 892 3013 918 ,
3053 851 3178 905 οὔτε
3244 850 3436 904 ἑαυτὸν
3492 851 3716 905 δεῖσθαι

2111 938 2207 991 τοῦ
2244 938 2521 1005 ἐλεοῦντος
2560 939 2592 1011 ἦ
2642 940 2904 1006 σώζοντος
2940 943 2956 972 ⁸
2990 957 3004 971 ·
3044 940 3183 995 ἀλλά
3217 940 3313 993 καὶ
3360 940 3489 1004 τοῦς
3537 942 3715 1011 ἱερεῖς·

2112 1034 2518 1104 ἀποχειροτονεί
2545 1035 2667 1097 τοὺς
2700 1033 3036 1103 ἠξιωμένους
3072 1032 3366 1103 ἀγαθότητι
3408 1032 3605 1104 φέρειν
3643 1032 3714 1087 τὲ

2111 1126 2439 1197 ἀγνοήματα
2488 1125 2584 1179 τοῦ
2615 1126 2767 1191 λαοῦ,
2796 1126 2891 1180 καὶ
2942 1122 3000 1179 εῦ
3029 1126 3234 1188 εἰδότας
3255 1127 3298 1189 ¹,
3322 1126 3405 1178 ὅτι
3428 1126 3525 1178 καὶ
3554 1126 3715 1177 αὐτοὶ

2112 1218 2449 1289 περίκεινται
2467 1219 2767 1272 ἀσθένειαν.
2804 1218 2944 1272 Ἀλλ’
2964 1220 2992 1272 ό
3013 1219 3298 1290 θεαρχικὸς
3325 1218 3713 1288 ἱεροτελεστὴς

2112 1308 2305 1380 ἑτέραν
2318 1309 2648 1380 πεπόρευται
2674 1328 2686 1340 ·
2713 1309 2985 1364 καὶταῦτα
3009 1309 3115 1363 τῶν
3144 1308 3504 1380 ἁμαρτωλῶν,
3534 1309 3617 1372 Co;
3644 1306 3715 1360 τά

2114 1400 2235 1471 ἱερά
2266 1400 2421 1470 λόγιά
2442 1418 2628 1471 φησιν,
2652 1401 3035 1472 ἀφωρισμένος
3065 1442 3080 1466 ,
3136 1402 3231 1455 καὶ
3254 1401 3353 1471 τῆς
3394 1403 3478 1464 εἰς
3510 1399 3712 1453 ἑαυτὸν

2112 1493 2334 1563 ἀγάπης
2364 1492 2642 1558 ἀπόδειξιν
2679 1497 2908 1545 ποιεῖται
2946 1494 3045 1565 τὴν
3075 1493 3181 1545 τῶν
3207 1492 3497 1563 προϐάτων
3526 1494 3713 1543 ἐπιει-

2112 1583 2382 1651 κεστάτην
2419 1584 2803 1655 ποιμαντικήν.
2846 1584 2953 1636 Καὶ
2990 1582 3223 1654 πονηρὸν
3279 1584 3375 1653 μὲν
3428 1582 3713 1636 ἀποκαλεῖ

2110 1673 2201 1725 τὸν
2236 1673 2310 1744 μὴ
2334 1673 2536 1742 ἀφέντα
2564 1674 2642 1745 τῷ
2669 1676 2950 1748 συνοικέτη
2984 1676 3083 1746 τὴν
3105 1674 3343 1746 ὀφειλὴν,
3372 1676 3513 1746 μήτε
3552 1693 3713 1745 μερι-

2113 1766 2224 1830 κῶς
2266 1766 2562 1837 μεταδόντα
2611 1768 2632 1798 ³
2670 1768 2769 1837 τῆς
2813 1765 3149 1839 δωρηθείσης
3186 1767 3333 1837 αὐτῷ
3369 1766 3711 1837 παμπόλλης

416 1866 623 1920 tissima
652 1868 1057 1937 gubernatione
1106 1885 1396 1941 pascamus
1428 1880 1480 1925 Υ.
1533 1873 1713 1942 Atque
1765 1887 2000 1941 nequam

2110 1860 2446 1933 ἀγαθότητος
2468 1878 2479 1890 ·
2504 1862 2702 1914 δικαιοῖ
2721 1861 2777 1914 δὲ
2795 1860 2901 1915 τῶν
2924 1861 3139 1914 οἰκείων
3159 1858 3454 1913 ἀπολαύειν
3471 1860 3642 1914 αὑτὸν
3665 1860 3707 1925 ’⁵,

418 1971 541 2012 sum
564 1961 821 2028 appellat,
873 1963 966 2032 qui
1012 1978 1285 2019 conservo
1322 1982 1421 2019 suo
1478 1967 1721 2021 debitum
1782 1967 2006 2021 minime

415 2048 771 2115 dimiserat",
810 2068 986 2122 neque
1056 2054 1109 2107 in
1134 2064 1341 2123 partem
1396 2057 1588 2109 saltem
1639 2056 1860 2110 indulta:
1898 2057 2003 2110 sibi

416 2140 734 2209 largissimae
806 2144 1157 2215 benignitatis
1216 2147 1320 2201 sibi
1384 2148 1573 2202 venire
1631 2150 2004 2217 permiserat;

408 2231 667 2303 justeque
703 2250 827 2289 eum
868 2239 1102 2305 propriis
1132 2246 1457 2293 contentum
1490 2253 1615 2295 esse
1638 2238 1813 2309 jubet,
1860 2244 2007 2309 quod

412 2338 467 2380 et
519 2326 653 2380 milii
701 2328 867 2382 etiam
919 2328 1244 2399 Demopliilo
1307 2340 1555 2385 metuere
1621 2347 1849 2387 necesse
1894 2343 1998 2385 est.

413 2418 623 2486 Quippe
669 2419 787 2473 suis
832 2420 999 2474 etiam
1040 2421 1379 2476 occisuribus
1426 2421 1681 2479 Christus
1724 2422 2000 2493 passionis

414 2520 656 2579 tempore
709 2512 925 2565 veniam
974 2527 1004 2565 a
1057 2514 1219 2569 Patre
1271 2515 1597 2585 precabatur
1617 2527 1667 2582 ι,
1703 2515 1999 2583 discipulos

414 2615 547 2657 vero
582 2602 917 2672 increpabat,
948 2608 1093 2675 quod
1143 2617 1538 2678 persequentes
1588 2624 1648 2665 se
1688 2608 1995 2663 Samarita—

2104 1956 2241 2027 ὅπερ
2269 1955 2565 2023 ἀναγκαῖον
2591 1954 2953 2026 εὐλαϐηθῆναι
2982 1954 3076 2007 καὶ
3110 1954 3207 2024 ἐμὲ
3231 1953 3327 2006 καί
3360 1953 3707 2025 Δημόφιλον.

2106 2048 2215 2102 Καὶ
2253 2048 2363 2120 γάρ
2391 2050 2483 2101 καὶ
2527 2051 2641 2112 τοῖς
2685 2050 2765 2111 εὶς
2806 2048 2967 2100 αὐτὸν
3002 2045 3289 2100 ἀσεϐοῦσιν
3328 2049 3386 2098 ὲν
3432 2046 3589 2118 αὐτῷ
3630 2048 3708 2117 τῷ

2107 2142 2336 2212 πάσχειν
2365 2142 2559 2210 ἄφεσιν
2611 2143 2843 2213 προάγει
2880 2141 3031 2213 παρὰ
3059 2140 3155 2195 τοῦ
3195 2141 3439 2212 Πατρός,
3470 2143 3709 2212 ἐπιτιμᾷ

2106 2233 2163 2286 δὲ
2190 2235 2283 2287 καὶ
2326 2236 2438 2297 τοῖς
2472 2234 2758 2305 μαθηταῖς,
2785 2234 2866 2287 ὅτι
2895 2236 2990 2287 καὶ
3016 2231 3273 2297 ἀσεϐείας
3300 2232 3554 2304 ἀνηλεῶς
3586 2233 3708 2302 ﬂii-

2107 2347 2254 2383 ωσαν
2293 2331 2472 2398 κρῖναι
2520 2330 2644 2391 τοὺς
2678 2327 3063 2389 ὲκδεδιωκότας
3119 2326 3281 2379 αὑτὸν
3321 2325 3703 2397 Σαμαρείτας.

2106 2420 2279 2475 Τοῦτο
2301 2420 2365 2491 δὴ
2390 2419 2451 2472 τὸ
2482 2419 2831 2490 μυριόλεκτόν
2863 2436 2956 2473 σου
2975 2418 3072 2490 τῆς
3101 2417 3357 2491 θρασείας
3376 2417 3705 2487 ἐπιπολῆς,

2107 2517 2221 2571 ἀνω
2241 2514 2351 2585 γὰρ
2381 2514 2473 2568 καί
2498 2513 2648 2567 κάτω
2668 2511 2935 2583 θρυλλείς,
2966 2512 3040 2576 ὡς
3064 2513 3162 2583 οὐχ
3190 2512 3403 2572 ἑαυτὸν,
3428 2510 3574 2563 ἀλλά
3614 2510 3709 2562 τὸν

2106 2608 2239 2661 Θεδν
2274 2606 2591 2678 ὲξεδίκησας
2611 2620 2624 2634 ·
2641 2605 2661 2635 ³
2685 2603 2773 2658 διὰ
2798 2605 3017 2668 κακίας,
3037 2604 3158 2657 εἰπέ
3188 2621 3297 2675 μοι,
3330 2603 3421 2656 τὸν
3454 2603 3667 2672 ἀγαθόν
3689 2617 3705 2665 ;

416 2712 517 2751 nos
567 2697 862 2767 impietatis
890 2701 1187 2756 crudeliter
1212 2703 1567 2757 condemnari
1632 2703 1959 2773 petivissent
2010 2700 2061 2754 ιι.
2102 2700 2220 2755 Hoc
2270 2699 2455 2769 utique
2487 2699 2683 2754 millies
2732 2700 2785 2753 in
2825 2695 3125 2766 impudenti
3177 2698 3279 2751 ista
3340 2697 3579 2765 epistola
3613 2709 3702 2751 tua

413 2790 741 2855 inculcatur,
768 2792 894 2847 dum
933 2807 1134 2863 susque
1172 2793 1350 2865 deque
1398 2796 1623 2865 repetis,
1688 2803 1743 2850 te
1794 2811 1902 2851 non
1941 2806 1994 2848 te
2033 2794 2234 2863 ipsum,
2300 2793 2395 2849 sed
2456 2794 2621 2848 Deum
2660 2792 2831 2847 ultum
2876 2805 3020 2845 esse.
3080 2790 3279 2845 Verum
3326 2789 3418 2844 dic
3470 2790 3704 2850 amabo,

324 2910 337 2921 -
414 2898 513 2952 per
564 2884 822 2939 malitiam
880 2900 1003 2941 eum
1051 2886 1150 2956 qui
1210 2902 1427 2943 summe
1477 2888 1656 2943 bonus
1696 2897 1782 2943 est
1830 2886 2138 2942 vindicas?

1971 3044 2109 3119 δι’.

485 3188 665 3254 Absit,
719 3205 824 3242 non
866 3188 1118 3243 habemus
1155 3188 1457 3257 pontiﬁcem
1478 3189 1570 3261 qui
1615 3191 1846 3253 compati
1896 3206 1997 3244 non
2028 3204 2070 3262 C

407 3282 573 3350 possit
610 3280 1015 3349 inﬁrmitatibus
1041 3282 1235 3334 nostris
1256 3291 1307 3342 θ,
1341 3282 1435 3336 sed
1457 3292 1513 3336 et
1550 3281 1815 3337 innocens
1838 3282 2000 3336 mise-

413 3372 585 3427 ricors
614 3380 719 3426 est.
753 3370 877 3426 Non
912 3372 1211 3436 contendet,
1253 3388 1416 3440 neque
1460 3373 1714 3428 clamabit
1746 3373 1813 3440 τις
1844 3375 1997 3444 atqui

413 3463 531 3532 ipse
563 3462 713 3517 mitis
741 3473 849 3527 est,
880 3462 989 3517 imo
1033 3462 1145 3532 ipse
1175 3474 1253 3518 est
1283 3466 1591 3533 propitiatio
1633 3481 1727 3535 pro
1766 3468 1999 3534 peccetis

411 3549 1036 3621 nostrismNequaquam
1116 3552 1301 3623 itaque
1367 3555 1717 3623 probabimus
1775 3557 1999 3612 minime

413 3638 670 3694 selandos
696 3651 926 3696 conatus
966 3651 1109 3708 tuos,
1136 3644 1353 3699 etiamsi
1385 3644 1581 3700 millies
1631 3644 1893 3703 Pltineem
1942 3658 2001 3704 et

413 3728 619 3784 lleliam
643 3729 903 3798 jactites:
934 3733 1053 3788 haec
1083 3734 1229 3789 enim
1262 3733 1411 3797 Jesu,
1437 3750 1468 3791 a
1523 3736 1806 3807 discipulis
1842 3754 1999 3793 man-

415 3826 559 3880 sueti
591 3828 771 3882 adbuc
818 3828 1166 3900 benigneque
1232 3830 1460 3900 spiritus
1509 3833 1847 3902 expertibus,
1901 3848 1999 3888 au—

414 3918 583 3974 dienti
628 3920 852 3975 minime
887 3922 1230 3992 placuerunt.
1289 3922 1429 3989 Quin
1489 3933 1547 3979 et
1577 3934 1763 3980 noster
1785 3940 1999 3995 quoque

413 4012 785 4068 divinissimus
813 4014 1124 4085 Praeceptor
1153 4015 1206 4069 in
1246 4018 1669 4072 mansuetudine
1697 4019 1859 4073 docet
1895 4032 1993 4073 eos

412 4104 509 4174 qui
561 4104 653 4161 Dei
704 4107 969 4164 doctrinae
1016 4108 1377 4164 adversantur
1425 4106 1447 4146 ί
1500 4122 1515 4160 :
1565 4108 1747 4163 doceri
1794 4110 1996 4178 quippe

2180 3192 2416 3259 Ἄπαγε,
2442 3190 2543 3245 οὐκ
2570 3189 2765 3260 ἔχομεν
2801 3188 3065 3260 ἀρχιερέα
3107 3188 3182 3259 μὴ
3218 3186 3519 3257 δυνάμενον
3564 3204 3706 3257 συμ-

2104 3283 2345 3355 παθῆσαι
2375 3285 2494 3348 ταῖς
2518 3283 2826 3346 ἀσθενείαις
2851 3282 3029 3353 ημῶν,
3056 3280 3191 3335 ἀλλὰ
3218 3282 3313 3333 καὶ
3345 3279 3558 3343 ᾶκακός
3580 3281 3705 3332 ἐστι

2100 3377 2367 3447 ἐλεήμων.
2423 3377 2538 3430 Οὐκ
2582 3376 2753 3447 ἐρίσει
2821 3374 2942 3428 οὐδὲ
2992 3374 3334 3446 κραυγάσει,
3379 3374 3482 3427 καὶ
3531 3373 3707 3439 αὐτὸς

2101 3471 2309 3543 πραῢς,
2346 3469 2439 3525 καὶ
2477 3468 2641 3532 αὐτὸς
2682 3466 2905 3538 ἱλασμός
2942 3468 3057 3519 ἐστι
3093 3468 3223 3537 περὶ
3255 3465 3363 3520 τῶν
3402 3465 3704 3537 ἁμαρτιῶν

2100 3563 2279 3634 ⁴ἡμῶν.
2324 3564 2485 3615 Ὥστε
2522 3562 2621 3614 οὐκ
2679 3557 3053 3629 ἀποδεξόμεθά
3100 3574 3194 3609 σου
3234 3555 3334 3620 τάς
3367 3556 3703 3625 ἀζηλὼτους

2098 3656 2297 3727 ὁρμάς,
2336 3655 2445 3708 οὐδ’
2473 3656 2522 3707 εί
2555 3654 2813 3724 μυριάκις
2850 3650 3142 3712 ἀναλάϐοις
3164 3651 3184 3681 ⁶
3220 3649 3313 3701 τὸν
3358 3651 3559 3715 Φινεὲς
3598 3641 3707 3703 καὶ

2101 3752 2192 3804 τὸν
2250 3749 2474 3804 Ἠλίαν·
2514 3746 2689 3800 ταῦτα
2726 3745 2837 3817 γὰρ
2878 3743 3147 3799 ἀκούοντα
3182 3742 3277 3797 τὸν
3329 3742 3546 3812 Ἰησοῦν
3595 3745 3700 3795 οὐκ

2097 3843 2355 3913 ἤρεσκον,
2377 3841 2425 3893 οἱ
2462 3838 2556 3892 τοῦ
2597 3838 2802 3909 πραέος
2838 3836 2959 3890 τότε
2999 3836 3092 3889 καὶ
3129 3833 3333 3903 ἀγαθοῦ
3373 3831 3702 3903 πνεύματος

2097 3927 2350 3998 ἀμέτοχοι
2393 3923 2649 3996 μαθηταί.
2715 3923 2827 3977 Καὶ
2872 3921 2983 3994 γάρ
3020 3922 3115 3975 καὶ
3147 3924 3175 3975 ό
3213 3919 3494 3982 θειότατος
3533 3917 3702 3989 ἡμῶν

2098 4019 2374 4092 ίεροθέτης
2423 4018 2482 4071 έν
2532 4016 2803 4089 πραότητι
2852 4014 3095 4067 διδάσκει
3140 4013 3267 4075 τοὺς
3304 4010 3699 4080 ἀντιδιαθεμέ-

2096 4132 2221 4178 νους
2242 4116 2261 4146 ⁷
2281 4116 2348 4185 τῇ
2371 4111 2690 4182 διδασκαλίᾳ
2700 4110 2795 4164 τοῦ
2822 4109 2956 4163 Θεοῦ
2977 4126 2989 4139 ⁵
3011 4106 3354 4162 διδάσκεσθαι
3372 4105 3511 4173 γὰρ,
3532 4105 3599 4157 οὐ
3619 4120 3703 4154 τι-

412 4197 634 4267 ignaros
662 4200 835 4266 decet,
870 4215 977 4255 non
1014 4200 1296 4271 suppliciis
1328 4199 1502 4268 allici;
1529 4199 1989 4268 quemadmodum

2108 4205 2400 4279 μωρεῖσθαι
2429 4204 2534 4276 χρὴ
2562 4206 2691 4266 τοὺς
2723 4202 3077 4272 ἀγνοοῦντας,
3106 4198 3299 4269 ῶσπερ
3323 4198 3422 4250 καὶ
3451 4196 3698 4265 τυφλοὺς

410 4296 462 4341 et
501 4305 675 4345 caecos
715 4292 940 4346 minime
980 4292 1314 4355 cruciamus,
1360 4292 1453 4347 sed
1504 4306 1669 4347 manu
1716 4290 1991 4347 ducimus.

2108 4297 2157 4349 >ὺ
2211 4295 2530 4366 κολάζομεν,
2574 4295 2709 4348 ἀλλά
2749 4294 2844 4349 καὶ
2881 4291 3349 4366 χειραγωγοῦμεν.
3393 4290 3470 4343 Σὺ
3505 4290 3565 4343 δὲ
3599 4289 3699 4343 καὶ

408 4372 614 4430 Contra
667 4393 798 4432 vero
850 4390 905 4432 tu
940 4382 1061 4435 viro
1096 4383 1370 4453 respirare
1401 4384 1457 4439 in
1494 4383 1671 4438 lucem
1719 4383 1992 4438 incboanti

2108 4385 2378 4441 ἀνανεύειν
2404 4387 2496 4439 ἐπὶ
2514 4386 2575 4439 τὸ
2602 4384 2717 4454 φῶς
2747 4385 3035 4455 ἀρχομένῳ
3069 4382 3256 4453 τάνδρὶ
3278 4378 3423 4433 κατά
3444 4380 3549 4450 τῆς
3570 4380 3697 4451 κόρ-

406 4464 697 4535 colapbum
761 4470 1113 4541 impingendo
1166 4476 1472 4542 obstitisti,
1535 4474 1993 4545 accedentemqne

2108 4478 2201 4547 ρης
2239 4476 2414 4538 διδοὺς
2452 4476 2731 4539 ἀντώθεις,
2772 4476 2868 4529 καὶ
2890 4474 3025 4545 μετά
3050 4472 3249 4543 πολλῆς
3288 4470 3480 4535 αἰδοῦς
3518 4487 3695 4542 προπ-

413 4573 625 4612 summa
660 4560 1008 4628 verecundia,
1045 4566 1333 4621 temerarie
1365 4566 1614 4637 repulisti
1642 4561 1991 4634 illutn,quetn

2108 4566 2245 4619 ιόντα
2260 4564 2506 4637 θρασέως
2528 4563 2889 4629 ἀπελάκτιζες
2914 4565 2927 4618 l
2960 4562 3138 4635 (τοῦτο
3158 4562 3221 4633 δὴ
3246 4562 3307 4615 τὸ
3328 4561 3540 4632 πολλῆς
3575 4560 3694 4632 φρί-

412 4648 580 4713 (quod
647 4651 877 4709 borrore
912 4654 1138 4723 dignum
1170 4658 1292 4715 estl
1322 4658 1573 4713 Christus
1630 4657 1682 4712 in
1718 4656 1993 4712 montibus

2108 4674 2203 4729 κης
2237 4656 2417 4722 ἀξιονί
2447 4658 2465 4728 )
2504 4657 2563 4710 ὃν
2611 4660 2639 4710 ό
2678 4656 2909 4728 Χριστὸς
2932 4697 2948 4719 ,
2988 4656 3192 4725 ἀγαθὸς
3222 4655 3319 4720 ὢν,
3354 4656 3453 4708 ἐπὶ
3483 4655 3552 4707 τά
3586 4655 3688 4726 ὅρη

411 4741 776 4798 errabundum
809 4745 1219 4819 fugientemque
1253 4755 1493 4816 revocat,
1540 4751 1742 4822 vixque
1800 4763 1993 4820 reper-

2108 4750 2447 4821 πλανώμενον
2462 4749 2724 4820 ἐπιζητεῖ,
2743 4750 2838 4802 καὶ⁵
2850 4748 3249 4817 ἀποφεύγοντα,
3268 4747 3685 4819 προσκαλεῖται,

414 4838 524 4884 ιιιιιι
556 4832 607 4887 in
656 4837 915 4895 humeros
956 4841 1095 4899 tollit
1122 4845 1169 4897 ⁸.
1203 4841 1303 4907 Ne,
1342 4857 1547 4912 quaeso,
1577 4852 1689 4899 tam
1724 4842 1865 4897 male
1900 4859 1995 4898 no-

2108 4844 2189 4896 ιιαὶ
2220 4842 2509 4914 εὑρεθέντα
2544 4840 2693 4912 μόλις
2726 4841 2818 4892 ἐπὶ
2848 4839 2954 4893 τῶν
2986 4838 3150 4910 ὤμων
3181 4837 3346 4909 αἴρει.
3379 4838 3477 4908 Μὴ
3509 4854 3687 4909 παρα-

412 4923 495 4979 bis
530 4923 664 4996 ipsis
687 4930 1058 5000 consulamus,
1080 4949 1257 5005 neque
1281 4936 1520 5005 gladium
1551 4937 1602 4990 in
1626 4936 1989 5005 nosmetipsos

2108 4936 2245 4991 ιιαλῶ
2268 4977 2283 5002 ,
2322 4936 2396 5008 μὴ
2429 4934 2614 4999 κακῶς
2644 4934 2787 4987 οῦτω
2836 4933 2968 5003 περὶ
2999 4930 3209 4985 έαυτῶν
3255 4928 3645 5001 βουλευώμεθα
3666 4968 3683 4994 ,

2624 5198 2651 5225 ι
2686 5186 2814 5239 Luc.
2851 5199 3007 5243 util.
3040 5183 3133 5243 34.
3231 5181 3260 5220 δ
3293 5180 3432 5235 Luc.
3469 5195 3547 5243 ix,
3586 5177 3675 5233 54.

485 5176 511 5225 i
555 5182 720 5241 llebr.
745 5201 845 5250 vn,
879 5187 971 5243 26.
1049 5197 1077 5237 γ
1110 5186 1270 5242 Joan.
1308 5202 1363 5251 ιι,
1398 5184 1486 5251 μς
1523 5184 1656 5251 L_uc.
1694 5200 1785 5248 av,
1823 5184 1877 5238 6.
1959 5196 1979 5222 ι
2018 5183 2208 5239 Matth.
2244 5201 2401 5250 mn,
2437 5185 2528 5240 54.

2532 5255 2550 5295 ί
2612 5255 2635 5310 ι
2670 5259 2809 5313 'lim.
2867 5272 2907 5322 ι,
2945 5257 3038 5313 10.
3118 5255 3145 5293 ⁸
3178 5250 3311 5307 Luc.
3347 5267 3442 5312 xv,
3467 5247 3521 5304 5.

477 5254 645 5311 llebr.
690 5272 767 5323 tv,
803 5249 893 5313 i5.
958 5258 989 5300 ἀ
1024 5259 1217 5314 Matth.
1254 5249 1355 5324 ιιι,
1392 5249 1507 5325 ι9’;
1550 5249 1659 5309 lsa.
1712 5268 1845 5320 aut,
1890 5254 1948 5310 2.
1984 5260 2005 5283 ⁸

2108 5254 2253 5310 loan.
2290 5270 2350 5319 ιι,
2375 5258 2432 5311 2.

1714 5408 1952 5466 VABUE
1992 5408 2396 5467 LECTIONES.

481 5548 527 5579 ”
561 5550 639 5612 εἰς
674 5550 752 5607 πά
813 5568 900 5614 ας.
981 5551 1049 5582 ⁸⁸⁸
1085 5551 1177 5604 καί
1210 5566 1318 5607 non
1352 5557 1436 5605 est
1469 5549 1522 5603 in
1557 5548 1622 5604 D.
1698 5548 1715 5579 ¹
1750 5549 1845 5602 καὶ
1878 5544 2162 5613 σώζοντος,
2200 5546 2265 5600 D.
2343 5547 2365 5578 ³
2398 5547 2491 5601 καὶ
2526 5546 2864 5611 ἱλάσκεσθαι,
2896 5547 3001 5604 Cb.
3044 5547 3110 5604 Ι).
3143 5547 3221 5611 ὡς
3252 5545 3312 5603 εὖ
3349 5546 3577 5609 εἰδότας,
3606 5546 3663 5599 D.

330 5642 331 5645 η
414 5614 435 5691 f
472 5618 836 5687 μεταδιδόντα,
873 5622 931 5676 S.
1008 5620 1031 5652 ⁸
1061 5620 1262 5684 αὐτῶν,
1295 5620 1395 5675 Cli.
1458 5620 1479 5691 ἐ
1514 5618 1664 5676 Finis
1696 5628 1789 5691 est
1812 5619 2139 5691 sententiae,
2163 5626 2557 5691 punctumque
2591 5620 3011 5691 subjiciendum,
3046 5629 3112 5691 ut
3143 5630 3267 5691 post
3302 5618 3664 5691 bipedanei:

416 5688 811 5807 uterrggandi,
844 5702 899 5747 et
932 5693 1116 5750 statim
1152 5702 1413 5763 sequatur
1444 5690 1645 5760 ἄπαγε.
1684 5690 1777 5748 Sic
1811 5689 2017 5747 habent
2047 5686 2487 5747 bouicodices.‘
2511 5747 2526 5755 ,
2562 5691 2585 5724 ⁸
2617 5686 3001 5756 ἐπαναλάϐοις,
3039 5690 3099 5746 S.
3143 5686 3197 5723 ’⁷
3232 5686 3665 5756 ἀντιδιατιθεμέο

480 5772 560 5807 υς.
639 5804 651 5807 -

480 5772 560 5817 υς,
595 5772 653 5817 ¹’.
