  <div class='ocr_page' id='page_1' title='image "/cluster/home/n/w/nwhite01/storage/ocr_20150623/3/nnc1.0046978666/606.png"; bbox 0 0 3892 6232; ppageno 0'>
   <div class='ocr_carea' id='block_1_1' title="bbox 191 364 330 420">
    <p class='ocr_par' dir='ltr' id='par_1_1' title="bbox 191 364 330 420">
     <span class='ocr_line' id='line_1_1' title="bbox 191 364 330 420; baseline -0.014 -1"><span class='ocrx_word' id='word_1_1' title='bbox 191 364 330 420; x_wconf 72' lang='grc'><strong>1097</strong></span> 
     </span>
    </p>
   </div>
   <div class='ocr_carea' id='block_1_2' title="bbox 1631 335 2143 402">
    <p class='ocr_par' dir='ltr' id='par_1_2' title="bbox 1631 335 2143 402">
     <span class='ocr_line' id='line_1_2' title="bbox 1631 335 2143 402; baseline -0.023 -2"><span class='ocrx_word' id='word_1_2' title='bbox 1631 336 1970 402; x_wconf 69' lang='lat' dir='ltr'><strong>EPISTULA</strong></span> <span class='ocrx_word' id='word_1_3' title='bbox 2010 335 2143 391; x_wconf 82' lang='grc' dir='ltr'>νιιι.</span> 
     </span>
    </p>
   </div>
   <div class='ocr_carea' id='block_1_3' title="bbox 3346 329 3484 385">
    <p class='ocr_par' dir='ltr' id='par_1_3' title="bbox 3346 329 3484 385">
     <span class='ocr_line' id='line_1_3' title="bbox 3346 329 3484 385; baseline 0 0"><span class='ocrx_word' id='word_1_4' title='bbox 3346 329 3484 385; x_wconf 79' lang='grc'><strong>1098</strong></span> 
     </span>
    </p>
   </div>
   <div class='ocr_carea' id='block_1_4' title="bbox 190 446 1790 550">
    <p class='ocr_par' dir='ltr' id='par_1_4' title="bbox 190 463 1790 550">
     <span class='ocr_line' id='line_1_4' title="bbox 190 463 1790 550; baseline -0.011 -18"><span class='ocrx_word' id='word_1_5' title='bbox 190 478 327 550; x_wconf 83' lang='grc' dir='ltr'>μηδὲ</span> <span class='ocrx_word' id='word_1_6' title='bbox 363 476 444 541; x_wconf 65' lang='lat' dir='ltr'><strong>et;</strong></span> <span class='ocrx_word' id='word_1_7' title='bbox 478 474 706 538; x_wconf 72' lang='grc' dir='ltr'>ἑαυτοὺς</span> <span class='ocrx_word' id='word_1_8' title='bbox 736 464 1061 543; x_wconf 82' lang='grc' dir='ltr'>ὼθῶμεν,τδ</span> <span class='ocrx_word' id='word_1_9' title='bbox 1094 468 1281 539; x_wconf 81' lang='grc' dir='ltr'><strong>ξίφος·</strong></span> <span class='ocrx_word' id='word_1_10' title='bbox 1318 471 1368 522; x_wconf 78' lang='lat' dir='ltr'><strong>oi</strong></span> <span class='ocrx_word' id='word_1_11' title='bbox 1405 468 1503 539; x_wconf 80' lang='grc' dir='ltr'>μὲν</span> <span class='ocrx_word' id='word_1_12' title='bbox 1528 465 1638 537; x_wconf 83' lang='grc' dir='ltr'>γὰρ</span> <span class='ocrx_word' id='word_1_13' title='bbox 1676 463 1790 517; x_wconf 88' lang='grc' dir='ltr'>ἀδι-</span> 
     </span>
    </p>
   </div>
   <div class='ocr_carea' id='block_1_5' title="bbox 1899 446 3482 550">
    <p class='ocr_par' dir='ltr' id='par_1_5' title="bbox 1899 446 3482 527">
     <span class='ocr_line' id='line_1_5' title="bbox 1899 446 3482 527; baseline -0.003 -16"><span class='ocrx_word' id='word_1_14' title='bbox 1899 454 2243 527; x_wconf 86' lang='lat' dir='ltr'><strong>impellamus</strong></span> <span class='ocrx_word' id='word_1_15' title='bbox 2271 468 2284 504; x_wconf 89' lang='lat'>:</span> <span class='ocrx_word' id='word_1_16' title='bbox 2316 448 2585 519; x_wconf 87' lang='lat' dir='ltr'><strong>siquidem</strong></span> <span class='ocrx_word' id='word_1_17' title='bbox 2617 449 2709 519; x_wconf 87' lang='lat' dir='ltr'><strong>qui</strong></span> <span class='ocrx_word' id='word_1_18' title='bbox 2733 447 2878 506; x_wconf 84' lang='lat' dir='ltr'><strong>alios</strong></span> <span class='ocrx_word' id='word_1_19' title='bbox 2909 446 3130 518; x_wconf 84' lang='lat' dir='ltr'><strong>injuriis</strong></span> <span class='ocrx_word' id='word_1_20' title='bbox 3165 447 3371 507; x_wconf 83' lang='lat' dir='ltr'><strong>violare</strong></span> <span class='ocrx_word' id='word_1_21' title='bbox 3396 451 3482 506; x_wconf 88' lang='lat' dir='ltr'><strong>vel</strong></span> 
     </span>
    </p>
   </div>
   <div class='ocr_carea' id='block_1_6' title="bbox 180 557 1787 634">
    <p class='ocr_par' dir='ltr' id='par_1_6' title="bbox 180 557 1787 634">
     <span class='ocr_line' id='line_1_6' title="bbox 180 557 1787 634; baseline -0.004 -18"><span class='ocrx_word' id='word_1_22' title='bbox 180 569 301 620; x_wconf 85' lang='grc' dir='ltr'>κεῖν</span> <span class='ocrx_word' id='word_1_23' title='bbox 334 566 357 598; x_wconf 78' lang='grc'><strong><em>⁸</em></strong></span> <span class='ocrx_word' id='word_1_24' title='bbox 394 581 567 629; x_wconf 86' lang='grc' dir='ltr'>τινας,</span> <span class='ocrx_word' id='word_1_25' title='bbox 601 563 636 634; x_wconf 82' lang='grc' dir='ltr'>ἢ</span> <span class='ocrx_word' id='word_1_26' title='bbox 669 562 978 617; x_wconf 81' lang='grc' dir='ltr'>τούναντίον</span> <span class='ocrx_word' id='word_1_27' title='bbox 1024 561 1332 632; x_wconf 80' lang='grc' dir='ltr'>εὐεργετεῖν</span> <span class='ocrx_word' id='word_1_28' title='bbox 1364 557 1787 630; x_wconf 79' lang='grc' dir='ltr'>ἐπιχειροῦντες,</span> 
     </span>
    </p>
   </div>
   <div class='ocr_carea' id='block_1_7' title="bbox 182 647 1790 724">
    <p class='ocr_par' dir='ltr' id='par_1_7' title="bbox 182 647 1790 724">
     <span class='ocr_line' id='line_1_7' title="bbox 182 647 1790 724; baseline -0.006 -15"><span class='ocrx_word' id='word_1_29' title='bbox 182 655 431 718; x_wconf 73' lang='grc' dir='ltr'>ἐκείνους</span> <span class='ocrx_word' id='word_1_30' title='bbox 467 654 568 724; x_wconf 87' lang='grc' dir='ltr'><strong>μὲν</strong></span> <span class='ocrx_word' id='word_1_31' title='bbox 588 651 649 705; x_wconf 86' lang='grc' dir='ltr'><strong>οὐ</strong></span> <span class='ocrx_word' id='word_1_32' title='bbox 672 652 890 714; x_wconf 88' lang='grc' dir='ltr'>πάντως</span> <span class='ocrx_word' id='word_1_33' title='bbox 912 649 1145 721; x_wconf 80' lang='grc' dir='ltr'>ἔδρασαν</span> <span class='ocrx_word' id='word_1_34' title='bbox 1180 649 1325 721; x_wconf 74' lang='grc' dir='ltr'>άπερ</span> <span class='ocrx_word' id='word_1_35' title='bbox 1356 647 1650 719; x_wconf 77' lang='grc' dir='ltr'>ήθέλησαν,</span> <span class='ocrx_word' id='word_1_36' title='bbox 1672 647 1790 700; x_wconf 76' lang='grc' dir='ltr'>ἐαυ-</span> 
     </span>
    </p>
   </div>
   <div class='ocr_carea' id='block_1_8' title="bbox 180 739 1788 814">
    <p class='ocr_par' dir='ltr' id='par_1_8' title="bbox 180 739 1788 814">
     <span class='ocr_line' id='line_1_8' title="bbox 180 739 1788 814; baseline -0.004 -14"><span class='ocrx_word' id='word_1_37' title='bbox 180 750 299 812; x_wconf 82' lang='grc' dir='ltr'>τοῖς</span> <span class='ocrx_word' id='word_1_38' title='bbox 330 745 390 800; x_wconf 80' lang='grc' dir='ltr'>δὲ</span> <span class='ocrx_word' id='word_1_39' title='bbox 424 744 625 801; x_wconf 79' lang='grc' dir='ltr'>κακίαν</span> <span class='ocrx_word' id='word_1_40' title='bbox 656 743 690 813; x_wconf 81' lang='grc' dir='ltr'>ἢ</span> <span class='ocrx_word' id='word_1_41' title='bbox 715 742 1026 814; x_wconf 86' lang='grc' dir='ltr'>ἀγαθότητα</span> <span class='ocrx_word' id='word_1_42' title='bbox 1056 742 1473 812; x_wconf 86' lang='grc' dir='ltr'>συνοικήσαντες</span> <span class='ocrx_word' id='word_1_43' title='bbox 1493 742 1537 805; x_wconf 75' lang='grc'>⁸,</span> <span class='ocrx_word' id='word_1_44' title='bbox 1559 739 1594 811; x_wconf 79' lang='grc' dir='ltr'>ἢ</span> <span class='ocrx_word' id='word_1_45' title='bbox 1628 739 1788 794; x_wconf 80' lang='grc' dir='ltr'>θείων</span> 
     </span>
    </p>
   </div>
   <div class='ocr_carea' id='block_1_9' title="bbox 183 829 1789 909">
    <p class='ocr_par' dir='ltr' id='par_1_9' title="bbox 183 829 1789 909">
     <span class='ocr_line' id='line_1_9' title="bbox 183 829 1789 909; baseline -0.004 -19"><span class='ocrx_word' id='word_1_46' title='bbox 183 838 424 907; x_wconf 81' lang='grc' dir='ltr'>ἀρετῶν,</span> <span class='ocrx_word' id='word_1_47' title='bbox 455 836 489 909; x_wconf 79' lang='grc' dir='ltr'>ἢ</span> <span class='ocrx_word' id='word_1_48' title='bbox 519 835 830 890; x_wconf 87' lang='grc' dir='ltr'>ἀτιθάσσων</span> <span class='ocrx_word' id='word_1_49' title='bbox 862 834 1149 905; x_wconf 84' lang='grc' dir='ltr'>ἐμπλεοι¹⁰</span> <span class='ocrx_word' id='word_1_50' title='bbox 1190 832 1382 888; x_wconf 91' lang='grc' dir='ltr'>παθῶν</span> <span class='ocrx_word' id='word_1_51' title='bbox 1410 833 1645 887; x_wconf 73' lang='grc' dir='ltr'>ἔσονται.</span> <span class='ocrx_word' id='word_1_52' title='bbox 1676 829 1789 885; x_wconf 80' lang='grc' dir='ltr'>Καὶ</span> 
     </span>
    </p>
   </div>
   <div class='ocr_carea' id='block_1_10' title="bbox 182 922 1786 1001">
    <p class='ocr_par' dir='ltr' id='par_1_10' title="bbox 182 922 1786 1001">
     <span class='ocr_line' id='line_1_10' title="bbox 182 922 1786 1001; baseline -0.004 -19"><span class='ocrx_word' id='word_1_53' title='bbox 182 922 333 983; x_wconf 68' lang='grc' dir='ltr'>οὗτοι</span> <span class='ocrx_word' id='word_1_54' title='bbox 368 931 467 1001; x_wconf 77' lang='grc' dir='ltr'>μὲν</span> <span class='ocrx_word' id='word_1_55' title='bbox 495 928 745 999; x_wconf 87' lang='grc' dir='ltr'>ἀγγέλων</span> <span class='ocrx_word' id='word_1_56' title='bbox 787 927 1010 997; x_wconf 83' lang='grc' dir='ltr'>ἀγαθῶν</span> <span class='ocrx_word' id='word_1_57' title='bbox 1040 926 1231 981; x_wconf 74' lang='grc' dir='ltr'>ὀπαδοὶ</span> <span class='ocrx_word' id='word_1_58' title='bbox 1272 926 1365 981; x_wconf 77' lang='grc' dir='ltr'><strong>καὶ</strong></span> <span class='ocrx_word' id='word_1_59' title='bbox 1396 924 1786 996; x_wconf 85' lang='grc' dir='ltr'>ξυνοδοιπόροι,</span> 
     </span>
    </p>
   </div>
   <div class='ocr_carea' id='block_1_11' title="bbox 183 1018 1789 1094">
    <p class='ocr_par' dir='ltr' id='par_1_11' title="bbox 183 1018 1789 1094">
     <span class='ocr_line' id='line_1_11' title="bbox 183 1018 1789 1094; baseline -0.005 -17"><span class='ocrx_word' id='word_1_60' title='bbox 183 1024 281 1077; x_wconf 77' lang='grc' dir='ltr'>καὶ</span> <span class='ocrx_word' id='word_1_61' title='bbox 312 1021 502 1076; x_wconf 86' lang='grc' dir='ltr'>ἐνθάδε</span> <span class='ocrx_word' id='word_1_62' title='bbox 536 1022 631 1076; x_wconf 73' lang='grc' dir='ltr'><strong>καὶ</strong></span> <span class='ocrx_word' id='word_1_63' title='bbox 660 1022 777 1075; x_wconf 88' lang='grc' dir='ltr'>ἐκεῖ</span> <span class='ocrx_word' id='word_1_64' title='bbox 808 1022 905 1075; x_wconf 84' lang='grc' dir='ltr'><strong>σὺν</strong></span> <span class='ocrx_word' id='word_1_65' title='bbox 948 1020 1100 1094; x_wconf 83' lang='grc' dir='ltr'>πάσῃ</span> <span class='ocrx_word' id='word_1_66' title='bbox 1133 1021 1326 1094; x_wconf 79' lang='grc' dir='ltr'>εἰρήνῃ</span> <span class='ocrx_word' id='word_1_67' title='bbox 1356 1019 1451 1073; x_wconf 71' lang='grc' dir='ltr'><strong>καὶ</strong></span> <span class='ocrx_word' id='word_1_68' title='bbox 1503 1018 1789 1089; x_wconf 74' lang='grc' dir='ltr'>ἐλευθερίᾳ</span> 
     </span>
    </p>
   </div>
   <div class='ocr_carea' id='block_1_12' title="bbox 183 1111 1791 1184">
    <p class='ocr_par' dir='ltr' id='par_1_12' title="bbox 183 1111 1791 1184">
     <span class='ocr_line' id='line_1_12' title="bbox 183 1111 1791 1184; baseline -0.003 -16"><span class='ocrx_word' id='word_1_69' title='bbox 183 1116 408 1170; x_wconf 85' lang='grc' dir='ltr'>πάντων</span> <span class='ocrx_word' id='word_1_70' title='bbox 438 1115 646 1179; x_wconf 84' lang='grc' dir='ltr'>κακῶν,</span> <span class='ocrx_word' id='word_1_71' title='bbox 680 1117 761 1178; x_wconf 87' lang='grc' dir='ltr'><strong>είς</strong></span> <span class='ocrx_word' id='word_1_72' title='bbox 788 1112 879 1169; x_wconf 80' lang='grc' dir='ltr'><strong>τὸν</strong></span> <span class='ocrx_word' id='word_1_73' title='bbox 907 1116 993 1168; x_wconf 75' lang='grc' dir='ltr'><strong>ἀεὶ</strong></span> <span class='ocrx_word' id='word_1_74' title='bbox 1022 1115 1151 1168; x_wconf 77' lang='grc' dir='ltr'>ὅντα</span> <span class='ocrx_word' id='word_1_75' title='bbox 1180 1113 1353 1168; x_wconf 76' lang='grc' dir='ltr'>αἰῶνα</span> <span class='ocrx_word' id='word_1_76' title='bbox 1380 1111 1478 1175; x_wconf 83' lang='grc' dir='ltr'><strong>τὰς</strong></span> <span class='ocrx_word' id='word_1_77' title='bbox 1512 1128 1791 1184; x_wconf 80' lang='grc' dir='ltr'>μακαριω-</span> 
     </span>
    </p>
   </div>
   <div class='ocr_carea' id='block_1_13' title="bbox 182 1202 1785 1279">
    <p class='ocr_par' dir='ltr' id='par_1_13' title="bbox 182 1202 1785 1279">
     <span class='ocr_line' id='line_1_13' title="bbox 182 1202 1785 1279; baseline -0.004 -18"><span class='ocrx_word' id='word_1_78' title='bbox 182 1209 356 1272; x_wconf 88' lang='grc' dir='ltr'>τάτας</span> <span class='ocrx_word' id='word_1_79' title='bbox 416 1206 907 1279; x_wconf 86' lang='grc' dir='ltr'>άποκληρώσονται</span> <span class='ocrx_word' id='word_1_80' title='bbox 966 1207 1168 1279; x_wconf 82' lang='grc' dir='ltr'>λήξεις,</span> <span class='ocrx_word' id='word_1_81' title='bbox 1202 1206 1296 1260; x_wconf 76' lang='grc' dir='ltr'><strong>καὶ</strong></span> <span class='ocrx_word' id='word_1_82' title='bbox 1329 1204 1467 1277; x_wconf 87' lang='grc' dir='ltr'><strong>μετά</strong></span> <span class='ocrx_word' id='word_1_83' title='bbox 1528 1202 1664 1257; x_wconf 87' lang='grc' dir='ltr'>Θεοῦ</span> <span class='ocrx_word' id='word_1_84' title='bbox 1699 1203 1785 1256; x_wconf 75' lang='grc' dir='ltr'><strong>ἀεὶ</strong></span> 
     </span>
    </p>
   </div>
   <div class='ocr_carea' id='block_1_14' title="bbox 182 1289 1787 1371">
    <p class='ocr_par' dir='ltr' id='par_1_14' title="bbox 182 1289 1787 1371">
     <span class='ocr_line' id='line_1_14' title="bbox 182 1289 1787 1371; baseline -0.004 -17"><span class='ocrx_word' id='word_1_85' title='bbox 182 1300 402 1355; x_wconf 71' lang='grc' dir='ltr'>ἔσονται</span> <span class='ocrx_word' id='word_1_86' title='bbox 423 1302 500 1365; x_wconf 82' lang='lat'><strong>“,</strong></span> <span class='ocrx_word' id='word_1_87' title='bbox 527 1300 589 1354; x_wconf 83' lang='grc' dir='ltr'><strong>τὸ</strong></span> <span class='ocrx_word' id='word_1_88' title='bbox 618 1301 839 1354; x_wconf 87' lang='grc' dir='ltr'>πάντων</span> <span class='ocrx_word' id='word_1_89' title='bbox 884 1299 1105 1369; x_wconf 83' lang='grc' dir='ltr'>ἀγαθῶν</span> <span class='ocrx_word' id='word_1_90' title='bbox 1139 1299 1425 1371; x_wconf 79' lang='grc' dir='ltr'>μέγιστον’</span> <span class='ocrx_word' id='word_1_91' title='bbox 1523 1289 1671 1352; x_wconf 70' lang='grc' dir='ltr'>οὗτοι</span> <span class='ocrx_word' id='word_1_92' title='bbox 1730 1294 1787 1348; x_wconf 82' lang='grc' dir='ltr'>δὲ</span> 
     </span>
    </p>
   </div>
   <div class='ocr_carea' id='block_1_15' title="bbox 183 1389 1785 1466">
    <p class='ocr_par' dir='ltr' id='par_1_15' title="bbox 183 1389 1785 1466">
     <span class='ocr_line' id='line_1_15' title="bbox 183 1389 1785 1466; baseline -0.005 -18"><span class='ocrx_word' id='word_1_93' title='bbox 183 1393 595 1449; x_wconf 66' lang='grc' dir='ltr'>ἀππεσοῦνται</span> <span class='ocrx_word' id='word_1_94' title='bbox 622 1394 723 1466; x_wconf 84' lang='grc' dir='ltr'>τῆς</span> <span class='ocrx_word' id='word_1_95' title='bbox 753 1394 903 1457; x_wconf 85' lang='grc' dir='ltr'>θείας</span> <span class='ocrx_word' id='word_1_96' title='bbox 930 1392 1049 1465; x_wconf 85' lang='grc' dir='ltr'>ἆμα</span> <span class='ocrx_word' id='word_1_97' title='bbox 1069 1394 1164 1447; x_wconf 73' lang='grc' dir='ltr'>καὶ</span> <span class='ocrx_word' id='word_1_98' title='bbox 1191 1393 1289 1463; x_wconf 75' lang='grc' dir='ltr'>τῆς</span> <span class='ocrx_word' id='word_1_99' title='bbox 1315 1391 1525 1447; x_wconf 77' lang='grc' dir='ltr'>ἑαυτῶν</span> <span class='ocrx_word' id='word_1_100' title='bbox 1539 1389 1785 1459; x_wconf 79' lang='grc' dir='ltr'>είρήνης,</span> 
     </span>
    </p>
   </div>
   <div class='ocr_carea' id='block_1_16' title="bbox 183 1481 1788 1559">
    <p class='ocr_par' dir='ltr' id='par_1_16' title="bbox 183 1481 1788 1559">
     <span class='ocr_line' id='line_1_16' title="bbox 183 1481 1788 1559; baseline -0.009 -17"><span class='ocrx_word' id='word_1_101' title='bbox 183 1488 282 1541; x_wconf 76' lang='grc' dir='ltr'>καὶ</span> <span class='ocrx_word' id='word_1_102' title='bbox 311 1486 498 1541; x_wconf 86' lang='grc' dir='ltr'>ἐνθάδε</span> <span class='ocrx_word' id='word_1_103' title='bbox 522 1488 617 1541; x_wconf 78' lang='grc' dir='ltr'><strong>καὶ</strong></span> <span class='ocrx_word' id='word_1_104' title='bbox 650 1486 790 1559; x_wconf 85' lang='grc' dir='ltr'>μετὰ</span> <span class='ocrx_word' id='word_1_105' title='bbox 819 1485 1049 1540; x_wconf 88' lang='grc' dir='ltr'>θάνατον</span> <span class='ocrx_word' id='word_1_106' title='bbox 1069 1483 1187 1557; x_wconf 68' lang='grc' dir='ltr'>ἄμα</span> <span class='ocrx_word' id='word_1_107' title='bbox 1206 1490 1320 1551; x_wconf 83' lang='grc' dir='ltr'>τοῖς</span> <span class='ocrx_word' id='word_1_108' title='bbox 1352 1484 1655 1558; x_wconf 82' lang='grc' dir='ltr'>ἀνημέροις</span> <span class='ocrx_word' id='word_1_109' title='bbox 1671 1481 1788 1514; x_wconf 79' lang='grc'>¹²·¹³</span> 
     </span>
    </p>
   </div>
   <div class='ocr_carea' id='block_1_17' title="bbox 182 1574 1785 1651">
    <p class='ocr_par' dir='ltr' id='par_1_17' title="bbox 182 1574 1785 1651">
     <span class='ocr_line' id='line_1_17' title="bbox 182 1574 1785 1651; baseline -0.004 -16"><span class='ocrx_word' id='word_1_110' title='bbox 182 1580 437 1651; x_wconf 79' lang='grc' dir='ltr'>δαίμοσιν</span> <span class='ocrx_word' id='word_1_111' title='bbox 465 1580 700 1636; x_wconf 78' lang='grc' dir='ltr'>ἔσονται.</span> <span class='ocrx_word' id='word_1_112' title='bbox 734 1574 810 1634; x_wconf 74' lang='grc' dir='ltr'>Οὗ</span> <span class='ocrx_word' id='word_1_113' title='bbox 838 1579 902 1651; x_wconf 81' lang='grc' dir='ltr'>δὴ</span> <span class='ocrx_word' id='word_1_114' title='bbox 937 1579 1100 1633; x_wconf 73' lang='grc' dir='ltr'>ἕνεκα</span> <span class='ocrx_word' id='word_1_115' title='bbox 1137 1578 1268 1649; x_wconf 89' lang='grc' dir='ltr'>ήμῖν</span> <span class='ocrx_word' id='word_1_116' title='bbox 1296 1578 1329 1649; x_wconf 91' lang='grc' dir='ltr'><strong>ή</strong></span> <span class='ocrx_word' id='word_1_117' title='bbox 1380 1576 1548 1648; x_wconf 83' lang='grc' dir='ltr'>πολλὴ</span> <span class='ocrx_word' id='word_1_118' title='bbox 1582 1575 1785 1648; x_wconf 83' lang='grc' dir='ltr'>σπουδὴ</span> 
     </span>
    </p>
   </div>
   <div class='ocr_carea' id='block_1_18' title="bbox 186 1663 1783 1745">
    <p class='ocr_par' dir='ltr' id='par_1_18' title="bbox 186 1663 1783 1745">
     <span class='ocr_line' id='line_1_18' title="bbox 186 1663 1783 1745; baseline -0.004 -18"><span class='ocrx_word' id='word_1_119' title='bbox 186 1673 332 1745; x_wconf 85' lang='grc' dir='ltr'>μετὰ</span> <span class='ocrx_word' id='word_1_120' title='bbox 359 1673 494 1727; x_wconf 89' lang='grc' dir='ltr'><strong>Θεοῦ</strong></span> <span class='ocrx_word' id='word_1_121' title='bbox 517 1672 611 1727; x_wconf 77' lang='grc' dir='ltr'>τοῦ</span> <span class='ocrx_word' id='word_1_122' title='bbox 644 1670 851 1742; x_wconf 79' lang='grc' dir='ltr'>ἀγαθοῦ</span> <span class='ocrx_word' id='word_1_123' title='bbox 881 1669 1217 1740; x_wconf 53' lang='grc' dir='ltr'>γενέσθαιίδ,</span> <span class='ocrx_word' id='word_1_124' title='bbox 1250 1668 1344 1723; x_wconf 75' lang='grc' dir='ltr'><strong>καὶ</strong></span> <span class='ocrx_word' id='word_1_125' title='bbox 1370 1663 1512 1722; x_wconf 73' lang='grc' dir='ltr'>εἶναι</span> <span class='ocrx_word' id='word_1_126' title='bbox 1543 1668 1640 1722; x_wconf 83' lang='grc' dir='ltr'><strong>σὺν</strong></span> <span class='ocrx_word' id='word_1_127' title='bbox 1671 1668 1783 1720; x_wconf 84' lang='grc' dir='ltr'><strong>Κυ-</strong></span> 
     </span>
    </p>
   </div>
   <div class='ocr_carea' id='block_1_19' title="bbox 183 1759 1784 1837">
    <p class='ocr_par' dir='ltr' id='par_1_19' title="bbox 183 1759 1784 1837">
     <span class='ocr_line' id='line_1_19' title="bbox 183 1759 1784 1837; baseline -0.006 -17"><span class='ocrx_word' id='word_1_128' title='bbox 183 1767 291 1837; x_wconf 85' lang='grc' dir='ltr'>ρίῳ</span> <span class='ocrx_word' id='word_1_129' title='bbox 327 1766 582 1830; x_wconf 88' lang='grc' dir='ltr'>πάντοτε,</span> <span class='ocrx_word' id='word_1_130' title='bbox 616 1767 711 1819; x_wconf 73' lang='grc' dir='ltr'>καὶ</span> <span class='ocrx_word' id='word_1_131' title='bbox 742 1764 815 1837; x_wconf 82' lang='grc' dir='ltr'>μὴ</span> <span class='ocrx_word' id='word_1_132' title='bbox 845 1766 957 1827; x_wconf 82' lang='grc' dir='ltr'>τοῖς</span> <span class='ocrx_word' id='word_1_133' title='bbox 988 1764 1179 1825; x_wconf 85' lang='grc' dir='ltr'>κακοῖς</span> <span class='ocrx_word' id='word_1_134' title='bbox 1207 1763 1274 1815; x_wconf 87' lang='grc' dir='ltr'><strong>ἐκ</strong></span> <span class='ocrx_word' id='word_1_135' title='bbox 1298 1760 1392 1815; x_wconf 75' lang='grc' dir='ltr'>τοῦ</span> <span class='ocrx_word' id='word_1_136' title='bbox 1424 1759 1716 1815; x_wconf 81' lang='grc' dir='ltr'>δικαιωτοῦ</span> <span class='ocrx_word' id='word_1_137' title='bbox 1741 1761 1784 1791; x_wconf 83' lang='grc'>¹³</span> 
     </span>
    </p>
   </div>
   <div class='ocr_carea' id='block_1_20' title="bbox 1896 538 3485 612">
    <p class='ocr_par' dir='ltr' id='par_1_20' title="bbox 1896 538 3485 612">
     <span class='ocr_line' id='line_1_20' title="bbox 1896 538 3485 612; baseline -0.006 -9"><span class='ocrx_word' id='word_1_138' title='bbox 1896 557 2088 603; x_wconf 90' lang='lat' dir='ltr'><strong>contra</strong></span> <span class='ocrx_word' id='word_1_139' title='bbox 2120 545 2310 599; x_wconf 77' lang='lat' dir='ltr'><strong>fovere</strong></span> <span class='ocrx_word' id='word_1_140' title='bbox 2342 541 2624 597; x_wconf 81' lang='lat' dir='ltr'><strong>beneﬁciis</strong></span> <span class='ocrx_word' id='word_1_141' title='bbox 2656 541 2928 608; x_wconf 86' lang='lat' dir='ltr'><strong>nituntur,</strong></span> <span class='ocrx_word' id='word_1_142' title='bbox 2963 540 3010 596; x_wconf 87' lang='lat' dir='ltr'><strong>si</strong></span> <span class='ocrx_word' id='word_1_143' title='bbox 3031 538 3174 599; x_wconf 80' lang='lat' dir='ltr'><strong>forte</strong></span> <span class='ocrx_word' id='word_1_144' title='bbox 3225 556 3349 612; x_wconf 72' lang='lat' dir='ltr'><strong>qua:</strong></span> <span class='ocrx_word' id='word_1_145' title='bbox 3385 559 3485 602; x_wconf 81' lang='lat' dir='ltr'><strong>vo.</strong></span> 
     </span>
    </p>
   </div>
   <div class='ocr_carea' id='block_1_21' title="bbox 1894 633 3483 703">
    <p class='ocr_par' dir='ltr' id='par_1_21' title="bbox 1894 633 3483 703">
     <span class='ocr_line' id='line_1_21' title="bbox 1894 633 3483 703; baseline -0.001 -10"><span class='ocrx_word' id='word_1_146' title='bbox 1894 638 2116 701; x_wconf 89' lang='lat' dir='ltr'><strong>lueriut,</strong></span> <span class='ocrx_word' id='word_1_147' title='bbox 2148 634 2336 690; x_wconf 82' lang='lat' dir='ltr'><strong>facere</strong></span> <span class='ocrx_word' id='word_1_148' title='bbox 2370 633 2738 703; x_wconf 88' lang='lat' dir='ltr'><strong>nequiverint,</strong></span> <span class='ocrx_word' id='word_1_149' title='bbox 2791 634 2896 688; x_wconf 84' lang='lat' dir='ltr'><strong>sibi</strong></span> <span class='ocrx_word' id='word_1_150' title='bbox 2954 642 3139 689; x_wconf 90' lang='lat' dir='ltr'><strong>tamen</strong></span> <span class='ocrx_word' id='word_1_151' title='bbox 3198 643 3295 689; x_wconf 89' lang='lat' dir='ltr'><strong>aut</strong></span> <span class='ocrx_word' id='word_1_152' title='bbox 3328 637 3483 691; x_wconf 82' lang='lat' dir='ltr'><strong>mali-</strong></span> 
     </span>
    </p>
   </div>
   <div class='ocr_carea' id='block_1_22' title="bbox 1895 726 3480 796">
    <p class='ocr_par' dir='ltr' id='par_1_22' title="bbox 1895 726 3480 796">
     <span class='ocr_line' id='line_1_22' title="bbox 1895 726 3480 796; baseline -0.001 -11"><span class='ocrx_word' id='word_1_153' title='bbox 1895 732 2051 796; x_wconf 91' lang='lat' dir='ltr'><strong>tiam,</strong></span> <span class='ocrx_word' id='word_1_154' title='bbox 2098 727 2394 783; x_wconf 90' lang='lat' dir='ltr'><strong>secundum</strong></span> <span class='ocrx_word' id='word_1_155' title='bbox 2423 726 2763 796; x_wconf 83' lang='lat' dir='ltr'><strong>preposilum</strong></span> <span class='ocrx_word' id='word_1_156' title='bbox 2820 740 3012 791; x_wconf 91' lang='lat' dir='ltr'><strong>suum,</strong></span> <span class='ocrx_word' id='word_1_157' title='bbox 3054 735 3151 781; x_wconf 90' lang='lat' dir='ltr'><strong>aut</strong></span> <span class='ocrx_word' id='word_1_158' title='bbox 3181 727 3480 784; x_wconf 78' lang='lat' dir='ltr'><strong>bonitatem</strong></span> 
     </span>
    </p>
   </div>
   <div class='ocr_carea' id='block_1_23' title="bbox 1893 820 3458 891">
    <p class='ocr_par' dir='ltr' id='par_1_23' title="bbox 1893 820 3458 891">
     <span class='ocr_line' id='line_1_23' title="bbox 1893 820 3458 891; baseline -0.003 -10"><span class='ocrx_word' id='word_1_159' title='bbox 1893 820 2515 891; x_wconf 85' lang='lat' dir='ltr'><strong>consciscunt,adeoque</strong></span> <span class='ocrx_word' id='word_1_160' title='bbox 2539 820 2621 876; x_wconf 86' lang='lat' dir='ltr'><strong>vel</strong></span> <span class='ocrx_word' id='word_1_161' title='bbox 2652 820 2946 875; x_wconf 85' lang='lat' dir='ltr'><strong>virtutibus</strong></span> <span class='ocrx_word' id='word_1_162' title='bbox 2973 820 3193 885; x_wconf 90' lang='lat' dir='ltr'><strong>divinis,</strong></span> <span class='ocrx_word' id='word_1_163' title='bbox 3228 822 3314 877; x_wconf 86' lang='lat' dir='ltr'><strong>vel</strong></span> <span class='ocrx_word' id='word_1_164' title='bbox 3341 820 3458 877; x_wconf 82' lang='lat' dir='ltr'><strong>fero</strong></span> 
     </span>
    </p>
   </div>
   <div class='ocr_carea' id='block_1_24' title="bbox 1893 910 3482 985">
    <p class='ocr_par' dir='ltr' id='par_1_24' title="bbox 1893 910 3482 985">
     <span class='ocr_line' id='line_1_24' title="bbox 1893 910 3482 985; baseline -0.003 -14"><span class='ocrx_word' id='word_1_165' title='bbox 1893 916 2049 970; x_wconf 84' lang='lat' dir='ltr'><strong>cibus</strong></span> <span class='ocrx_word' id='word_1_166' title='bbox 2102 911 2452 985; x_wconf 89' lang='lat' dir='ltr'><strong>passionibus</strong></span> <span class='ocrx_word' id='word_1_167' title='bbox 2502 910 2893 983; x_wconf 89' lang='lat' dir='ltr'><strong>implebuutur.</strong></span> <span class='ocrx_word' id='word_1_168' title='bbox 2946 912 3126 982; x_wconf 87' lang='lat' dir='ltr'><strong>Atque</strong></span> <span class='ocrx_word' id='word_1_169' title='bbox 3162 912 3237 968; x_wconf 92' lang='lat' dir='ltr'><strong>illi</strong></span> <span class='ocrx_word' id='word_1_170' title='bbox 3264 914 3482 983; x_wconf 85' lang='lat' dir='ltr'><strong>quidem</strong></span> 
     </span>
    </p>
   </div>
   <div class='ocr_carea' id='block_1_25' title="bbox 1893 1006 3483 1077">
    <p class='ocr_par' dir='ltr' id='par_1_25' title="bbox 1893 1006 3483 1077">
     <span class='ocr_line' id='line_1_25' title="bbox 1893 1006 3483 1077; baseline 0.001 -16"><span class='ocrx_word' id='word_1_171' title='bbox 1893 1017 2211 1063; x_wconf 85' lang='lat' dir='ltr'><strong>sanctorum</strong></span> <span class='ocrx_word' id='word_1_172' title='bbox 2247 1006 2565 1077; x_wconf 77' lang='lat' dir='ltr'><strong>angelorum</strong></span> <span class='ocrx_word' id='word_1_173' title='bbox 2601 1013 2904 1061; x_wconf 87' lang='lat' dir='ltr'><strong>sectatores</strong></span> <span class='ocrx_word' id='word_1_174' title='bbox 2943 1020 3007 1061; x_wconf 91' lang='lat' dir='ltr'><strong>ac</strong></span> <span class='ocrx_word' id='word_1_175' title='bbox 3037 1008 3271 1062; x_wconf 83' lang='lat' dir='ltr'><strong>comites</strong></span> <span class='ocrx_word' id='word_1_176' title='bbox 3302 1016 3359 1064; x_wconf 89' lang='lat' dir='ltr'><strong>et</strong></span> <span class='ocrx_word' id='word_1_177' title='bbox 3391 1007 3483 1063; x_wconf 87' lang='lat' dir='ltr'><strong>hic</strong></span> 
     </span>
    </p>
   </div>
   <div class='ocr_carea' id='block_1_26' title="bbox 1890 1098 3483 1169">
    <p class='ocr_par' dir='ltr' id='par_1_26' title="bbox 1890 1098 3483 1169">
     <span class='ocr_line' id='line_1_26' title="bbox 1890 1098 3483 1169; baseline 0.002 -15"><span class='ocrx_word' id='word_1_178' title='bbox 1890 1110 1947 1155; x_wconf 78' lang='lat' dir='ltr'><strong>et</strong></span> <span class='ocrx_word' id='word_1_179' title='bbox 1977 1100 2053 1155; x_wconf 90' lang='lat' dir='ltr'><strong>ibi</strong></span> <span class='ocrx_word' id='word_1_180' title='bbox 2083 1114 2206 1153; x_wconf 89' lang='lat' dir='ltr'><strong>cum</strong></span> <span class='ocrx_word' id='word_1_181' title='bbox 2227 1099 2377 1154; x_wconf 89' lang='lat' dir='ltr'><strong>omni</strong></span> <span class='ocrx_word' id='word_1_182' title='bbox 2405 1107 2741 1169; x_wconf 90' lang='lat' dir='ltr'><strong>pace,atque</strong></span> <span class='ocrx_word' id='word_1_183' title='bbox 2770 1114 2799 1153; x_wconf 91' lang='lat' dir='ltr'><strong>a</strong></span> <span class='ocrx_word' id='word_1_184' title='bbox 2836 1098 2995 1155; x_wconf 87' lang='lat' dir='ltr'><strong>malls</strong></span> <span class='ocrx_word' id='word_1_185' title='bbox 3029 1100 3285 1155; x_wconf 88' lang='lat' dir='ltr'><strong>omnibus</strong></span> <span class='ocrx_word' id='word_1_186' title='bbox 3318 1100 3483 1157; x_wconf 54' lang='lat' dir='ltr'><strong>liber-</strong></span> 
     </span>
    </p>
   </div>
   <div class='ocr_carea' id='block_1_27' title="bbox 1909 1189 3482 1258">
    <p class='ocr_par' dir='ltr' id='par_1_27' title="bbox 1909 1189 3482 1258">
     <span class='ocr_line' id='line_1_27' title="bbox 1909 1189 3482 1258; baseline 0.003 -16"><span class='ocrx_word' id='word_1_187' title='bbox 1909 1197 2058 1257; x_wconf 90' lang='lat' dir='ltr'><strong>tate,</strong></span> <span class='ocrx_word' id='word_1_188' title='bbox 2090 1189 2145 1244; x_wconf 90' lang='lat' dir='ltr'><strong>in</strong></span> <span class='ocrx_word' id='word_1_189' title='bbox 2187 1189 2522 1258; x_wconf 85' lang='lat' dir='ltr'><strong>sempiterno</strong></span> <span class='ocrx_word' id='word_1_190' title='bbox 2545 1189 2744 1244; x_wconf 62' lang='lat' dir='ltr'><strong>saeculo</strong></span> <span class='ocrx_word' id='word_1_191' title='bbox 2777 1190 3153 1246; x_wconf 87' lang='lat' dir='ltr'><strong>beatissimam</strong></span> <span class='ocrx_word' id='word_1_192' title='bbox 3208 1191 3355 1246; x_wconf 90' lang='lat' dir='ltr'><strong>illam</strong></span> <span class='ocrx_word' id='word_1_193' title='bbox 3391 1208 3482 1248; x_wconf 50' lang='lat' dir='ltr'><strong>re.</strong></span> 
     </span>
    </p>
   </div>
   <div class='ocr_carea' id='block_1_28' title="bbox 1889 1281 3484 1355">
    <p class='ocr_par' dir='ltr' id='par_1_28' title="bbox 1889 1281 3484 1355">
     <span class='ocr_line' id='line_1_28' title="bbox 1889 1281 3484 1355; baseline 0.002 -20"><span class='ocrx_word' id='word_1_194' title='bbox 1889 1282 2074 1350; x_wconf 89' lang='lat' dir='ltr'><strong>quiem</strong></span> <span class='ocrx_word' id='word_1_195' title='bbox 2121 1281 2547 1345; x_wconf 74' lang='lat' dir='ltr'><strong>hmredltabunt,</strong></span> <span class='ocrx_word' id='word_1_196' title='bbox 2575 1281 2743 1354; x_wconf 63' lang='grc'><strong>604</strong></span> <span class='ocrx_word' id='word_1_197' title='bbox 2772 1284 3031 1353; x_wconf 88' lang='lat' dir='ltr'><strong>quodque</strong></span> <span class='ocrx_word' id='word_1_198' title='bbox 3065 1283 3366 1355; x_wconf 77' lang='lat' dir='ltr'><strong>maximum</strong></span> <span class='ocrx_word' id='word_1_199' title='bbox 3396 1294 3484 1339; x_wconf 91' lang='lat' dir='ltr'><strong>est</strong></span> 
     </span>
    </p>
   </div>
   <div class='ocr_carea' id='block_1_29' title="bbox 1894 1376 3481 1446">
    <p class='ocr_par' dir='ltr' id='par_1_29' title="bbox 1894 1376 3481 1446">
     <span class='ocr_line' id='line_1_29' title="bbox 1894 1376 3481 1446; baseline 0.004 -17"><span class='ocrx_word' id='word_1_200' title='bbox 1894 1376 2154 1430; x_wconf 90' lang='lat' dir='ltr'><strong>bonorum</strong></span> <span class='ocrx_word' id='word_1_201' title='bbox 2174 1376 2445 1438; x_wconf 89' lang='lat' dir='ltr'><strong>omnium,</strong></span> <span class='ocrx_word' id='word_1_202' title='bbox 2469 1390 2595 1430; x_wconf 91' lang='lat' dir='ltr'><strong>cum</strong></span> <span class='ocrx_word' id='word_1_203' title='bbox 2627 1376 2739 1429; x_wconf 91' lang='lat' dir='ltr'><strong>Deo</strong></span> <span class='ocrx_word' id='word_1_204' title='bbox 2767 1387 3199 1446; x_wconf 88' lang='lat' dir='ltr'><strong>sempererunt;</strong></span> <span class='ocrx_word' id='word_1_205' title='bbox 3239 1378 3292 1433; x_wconf 87' lang='lat' dir='ltr'><strong>bi</strong></span> <span class='ocrx_word' id='word_1_206' title='bbox 3326 1394 3481 1445; x_wconf 84' lang='lat' dir='ltr'><strong>vero,</strong></span> 
     </span>
    </p>
   </div>
   <div class='ocr_carea' id='block_1_30' title="bbox 1891 1466 3483 1539">
    <p class='ocr_par' dir='ltr' id='par_1_30' title="bbox 1891 1466 3483 1539">
     <span class='ocr_line' id='line_1_30' title="bbox 1891 1466 3483 1539; baseline 0.006 -19"><span class='ocrx_word' id='word_1_207' title='bbox 1891 1468 1983 1537; x_wconf 87' lang='lat' dir='ltr'><strong>qui</strong></span> <span class='ocrx_word' id='word_1_208' title='bbox 2014 1483 2041 1519; x_wconf 92' lang='lat' dir='ltr'><strong>a</strong></span> <span class='ocrx_word' id='word_1_209' title='bbox 2077 1468 2257 1522; x_wconf 89' lang='lat' dir='ltr'><strong>divina</strong></span> <span class='ocrx_word' id='word_1_210' title='bbox 2276 1466 2435 1523; x_wconf 88' lang='lat' dir='ltr'><strong>simul</strong></span> <span class='ocrx_word' id='word_1_211' title='bbox 2462 1482 2525 1523; x_wconf 91' lang='lat' dir='ltr'><strong>ac</strong></span> <span class='ocrx_word' id='word_1_212' title='bbox 2543 1482 2638 1522; x_wconf 85' lang='lat' dir='ltr'><strong>sua</strong></span> <span class='ocrx_word' id='word_1_213' title='bbox 2660 1482 2792 1537; x_wconf 85' lang='lat' dir='ltr'><strong>pace</strong></span> <span class='ocrx_word' id='word_1_214' title='bbox 2811 1469 3088 1536; x_wconf 85' lang='lat' dir='ltr'><strong>decidunt,</strong></span> <span class='ocrx_word' id='word_1_215' title='bbox 3109 1485 3234 1526; x_wconf 92' lang='lat' dir='ltr'><strong>cum</strong></span> <span class='ocrx_word' id='word_1_216' title='bbox 3254 1472 3483 1539; x_wconf 88' lang='lat' dir='ltr'><strong>hic,tum</strong></span> 
     </span>
    </p>
   </div>
   <div class='ocr_carea' id='block_1_31' title="bbox 1893 1560 3485 1630">
    <p class='ocr_par' dir='ltr' id='par_1_31' title="bbox 1893 1560 3485 1630">
     <span class='ocr_line' id='line_1_31' title="bbox 1893 1560 3485 1630; baseline 0.006 -18"><span class='ocrx_word' id='word_1_217' title='bbox 1893 1569 2020 1630; x_wconf 84' lang='lat' dir='ltr'><strong>post</strong></span> <span class='ocrx_word' id='word_1_218' title='bbox 2050 1569 2283 1613; x_wconf 90' lang='lat' dir='ltr'><strong>mortem</strong></span> <span class='ocrx_word' id='word_1_219' title='bbox 2317 1576 2439 1615; x_wconf 91' lang='lat' dir='ltr'><strong>cum</strong></span> <span class='ocrx_word' id='word_1_220' title='bbox 2485 1560 2764 1616; x_wconf 87' lang='lat' dir='ltr'><strong>atrocibus</strong></span> <span class='ocrx_word' id='word_1_221' title='bbox 2796 1561 2922 1616; x_wconf 89' lang='lat' dir='ltr'><strong>istis</strong></span> <span class='ocrx_word' id='word_1_222' title='bbox 2950 1560 3290 1620; x_wconf 65' lang='lat' dir='ltr'><strong>daemonibus</strong></span> <span class='ocrx_word' id='word_1_223' title='bbox 3310 1566 3485 1621; x_wconf 82' lang='lat' dir='ltr'><strong>l&#39;uturi</strong></span> 
     </span>
    </p>
   </div>
   <div class='ocr_carea' id='block_1_32' title="bbox 1891 1651 3483 1719">
    <p class='ocr_par' dir='ltr' id='par_1_32' title="bbox 1891 1651 3483 1719">
     <span class='ocr_line' id='line_1_32' title="bbox 1891 1651 3483 1719; baseline 0.004 -14"><span class='ocrx_word' id='word_1_224' title='bbox 1891 1660 2038 1706; x_wconf 88' lang='lat' dir='ltr'><strong>sunt.</strong></span> <span class='ocrx_word' id='word_1_225' title='bbox 2069 1651 2432 1719; x_wconf 84' lang='lat' dir='ltr'><strong>Quamobrem</strong></span> <span class='ocrx_word' id='word_1_226' title='bbox 2475 1652 2635 1708; x_wconf 88' lang='lat' dir='ltr'><strong>nobis</strong></span> <span class='ocrx_word' id='word_1_227' title='bbox 2692 1667 2908 1708; x_wconf 89' lang='lat' dir='ltr'><strong>summo</strong></span> <span class='ocrx_word' id='word_1_228' title='bbox 2940 1652 3122 1711; x_wconf 88' lang='lat' dir='ltr'><strong>studio</strong></span> <span class='ocrx_word' id='word_1_229' title='bbox 3173 1658 3483 1713; x_wconf 88' lang='lat' dir='ltr'><strong>curandum</strong></span> 
     </span>
    </p>
   </div>
   <div class='ocr_carea' id='block_1_33' title="bbox 1890 1741 3486 1814">
    <p class='ocr_par' dir='ltr' id='par_1_33' title="bbox 1890 1741 3486 1814">
     <span class='ocr_line' id='line_1_33' title="bbox 1890 1741 3486 1814; baseline 0.002 -17"><span class='ocrx_word' id='word_1_230' title='bbox 1890 1751 1995 1808; x_wconf 90' lang='lat' dir='ltr'><strong>est,</strong></span> <span class='ocrx_word' id='word_1_231' title='bbox 2025 1750 2084 1797; x_wconf 92' lang='lat' dir='ltr'><strong>ut</strong></span> <span class='ocrx_word' id='word_1_232' title='bbox 2112 1741 2256 1797; x_wconf 92' lang='lat' dir='ltr'><strong>bono</strong></span> <span class='ocrx_word' id='word_1_233' title='bbox 2280 1741 2389 1797; x_wconf 93' lang='lat' dir='ltr'><strong>Deo</strong></span> <span class='ocrx_word' id='word_1_234' title='bbox 2419 1742 2821 1809; x_wconf 62' lang='lat' dir='ltr'><strong>adhaereamus,</strong></span> <span class='ocrx_word' id='word_1_235' title='bbox 2860 1757 3188 1814; x_wconf 88' lang='lat' dir='ltr'><strong>semperque</strong></span> <span class='ocrx_word' id='word_1_236' title='bbox 3222 1759 3347 1800; x_wconf 93' lang='lat' dir='ltr'><strong>cum</strong></span> <span class='ocrx_word' id='word_1_237' title='bbox 3378 1744 3486 1799; x_wconf 86' lang='lat' dir='ltr'><strong>Do-</strong></span> 
     </span>
    </p>
   </div>
   <div class='ocr_carea' id='block_1_34' title="bbox 184 1821 1790 1931">
    <p class='ocr_par' dir='ltr' id='par_1_34' title="bbox 184 1821 1785 1931">
     <span class='ocr_line' id='line_1_34' title="bbox 184 1821 1785 1931; baseline -0.003 -20"><span class='ocrx_word' id='word_1_238' title='bbox 184 1821 654 1931; x_wconf 68' lang='grc' dir='ltr'>συναφορισθῆναι</span> <span class='ocrx_word' id='word_1_239' title='bbox 708 1821 815 1911; x_wconf 60' lang='grc' dir='ltr'><strong>τά¹</strong></span> <span class='ocrx_word' id='word_1_240' title='bbox 845 1821 979 1911; x_wconf 75' lang='grc' dir='ltr'>κατ’</span> <span class='ocrx_word' id='word_1_241' title='bbox 1037 1821 1194 1921; x_wconf 74' lang='grc' dir='ltr'>ἀξίαν</span> <span class='ocrx_word' id='word_1_242' title='bbox 1254 1854 1316 1920; x_wconf 75' lang='grc' dir='ltr'><strong>ἐξ</strong></span> <span class='ocrx_word' id='word_1_243' title='bbox 1386 1853 1595 1908; x_wconf 78' lang='grc' dir='ltr'>ἑαυτῶν</span> <span class='ocrx_word' id='word_1_244' title='bbox 1652 1854 1785 1906; x_wconf 83' lang='grc' dir='ltr'>ὑπο-</span> 
     </span>
    </p>
   </div>
   <div class='ocr_carea' id='block_1_35' title="bbox 1899 1821 3485 1931">
    <p class='ocr_par' dir='ltr' id='par_1_35' title="bbox 1899 1833 3485 1905">
     <span class='ocr_line' id='line_1_35' title="bbox 1899 1833 3485 1905; baseline 0.004 -20"><span class='ocrx_word' id='word_1_245' title='bbox 1899 1834 2043 1887; x_wconf 90' lang='lat' dir='ltr'><strong>mino</strong></span> <span class='ocrx_word' id='word_1_246' title='bbox 2076 1848 2380 1901; x_wconf 86' lang='lat' dir='ltr'><strong>versemur,</strong></span> <span class='ocrx_word' id='word_1_247' title='bbox 2413 1842 2469 1889; x_wconf 93' lang='lat' dir='ltr'><strong>et</strong></span> <span class='ocrx_word' id='word_1_248' title='bbox 2499 1849 2607 1889; x_wconf 91' lang='lat' dir='ltr'><strong>non</strong></span> <span class='ocrx_word' id='word_1_249' title='bbox 2640 1848 2766 1889; x_wconf 91' lang='lat' dir='ltr'><strong>cum</strong></span> <span class='ocrx_word' id='word_1_250' title='bbox 2827 1833 2988 1890; x_wconf 85' lang='lat' dir='ltr'><strong>malis</strong></span> <span class='ocrx_word' id='word_1_251' title='bbox 3037 1833 3351 1905; x_wconf 77' lang='lat' dir='ltr'><strong>iustissimo</strong></span> <span class='ocrx_word' id='word_1_252' title='bbox 3386 1835 3485 1892; x_wconf 90' lang='lat' dir='ltr'><strong>Dei</strong></span> 
     </span>
    </p>
   </div>
   <div class='ocr_carea' id='block_1_36' title="bbox 184 1946 1788 2024">
    <p class='ocr_par' dir='ltr' id='par_1_36' title="bbox 184 1946 1788 2024">
     <span class='ocr_line' id='line_1_36' title="bbox 184 1946 1788 2024; baseline -0.004 -18"><span class='ocrx_word' id='word_1_253' title='bbox 184 1952 473 2023; x_wconf 83' lang='grc' dir='ltr'>μένοντας,</span> <span class='ocrx_word' id='word_1_254' title='bbox 499 1953 636 2024; x_wconf 83' lang='grc' dir='ltr'>ὅπερ</span> <span class='ocrx_word' id='word_1_255' title='bbox 669 1950 781 2021; x_wconf 87' lang='grc' dir='ltr'>ἐγὼ</span> <span class='ocrx_word' id='word_1_256' title='bbox 814 1951 1032 2004; x_wconf 85' lang='grc' dir='ltr'>πάντων</span> <span class='ocrx_word' id='word_1_257' title='bbox 1055 1952 1098 1982; x_wconf 79' lang='grc'>¹⁶</span> <span class='ocrx_word' id='word_1_258' title='bbox 1130 1946 1671 2021; x_wconf 67' lang='grc' dir='ltr'>μάλισταξφοϐοῢμαι</span> <span class='ocrx_word' id='word_1_259' title='bbox 1692 1947 1788 2001; x_wconf 76' lang='grc' dir='ltr'>καὶ</span> 
     </span>
    </p>
   </div>
   <div class='ocr_carea' id='block_1_37' title="bbox 182 2040 1789 2117">
    <p class='ocr_par' dir='ltr' id='par_1_37' title="bbox 182 2040 1789 2117">
     <span class='ocr_line' id='line_1_37' title="bbox 182 2040 1789 2117; baseline -0.002 -20"><span class='ocrx_word' id='word_1_260' title='bbox 182 2044 414 2117; x_wconf 71' lang='grc' dir='ltr'>εὔχομαι</span> <span class='ocrx_word' id='word_1_261' title='bbox 454 2042 593 2100; x_wconf 80' lang='grc' dir='ltr'>εἶναι</span> <span class='ocrx_word' id='word_1_262' title='bbox 632 2045 851 2100; x_wconf 86' lang='grc' dir='ltr'>πάντων</span> <span class='ocrx_word' id='word_1_263' title='bbox 885 2043 1071 2099; x_wconf 87' lang='grc' dir='ltr'>κακῶν</span> <span class='ocrx_word' id='word_1_264' title='bbox 1106 2044 1391 2115; x_wconf 82' lang='grc' dir='ltr'>ἀμέτοχος.</span> <span class='ocrx_word' id='word_1_265' title='bbox 1424 2042 1535 2096; x_wconf 79' lang='grc' dir='ltr'>Καὶ</span> <span class='ocrx_word' id='word_1_266' title='bbox 1574 2042 1623 2094; x_wconf 89' lang='grc' dir='ltr'><strong>εί</strong></span> <span class='ocrx_word' id='word_1_267' title='bbox 1664 2040 1789 2111; x_wconf 76' lang='grc' dir='ltr'>βούσ-</span> 
     </span>
    </p>
   </div>
   <div class='ocr_carea' id='block_1_38' title="bbox 175 2134 1785 2212">
    <p class='ocr_par' dir='ltr' id='par_1_38' title="bbox 175 2134 1785 2212">
     <span class='ocr_line' id='line_1_38' title="bbox 175 2134 1785 2212; baseline -0.004 -19"><span class='ocrx_word' id='word_1_268' title='bbox 175 2142 303 2201; x_wconf 75' lang='grc' dir='ltr'>λει,</span> <span class='ocrx_word' id='word_1_269' title='bbox 338 2141 433 2194; x_wconf 77' lang='grc' dir='ltr'><strong>καὶ</strong></span> <span class='ocrx_word' id='word_1_270' title='bbox 461 2139 612 2203; x_wconf 89' lang='grc' dir='ltr'>θείας</span> <span class='ocrx_word' id='word_1_271' title='bbox 657 2139 900 2212; x_wconf 81' lang='grc' dir='ltr'>ὁράσεως</span> <span class='ocrx_word' id='word_1_272' title='bbox 942 2138 1096 2207; x_wconf 82' lang='grc' dir='ltr'>ἁγίου</span> <span class='ocrx_word' id='word_1_273' title='bbox 1147 2136 1293 2200; x_wconf 81' lang='grc' dir='ltr'>τινὸς</span> <span class='ocrx_word' id='word_1_274' title='bbox 1329 2134 1521 2207; x_wconf 79' lang='grc' dir='ltr'>ἀνδρὸς</span> <span class='ocrx_word' id='word_1_275' title='bbox 1551 2134 1785 2206; x_wconf 63' lang='grc' dir='ltr'>ἐπιμνηα</span> 
     </span>
    </p>
   </div>
   <div class='ocr_carea' id='block_1_39' title="bbox 185 2228 1600 2305">
    <p class='ocr_par' dir='ltr' id='par_1_39' title="bbox 185 2228 1600 2305">
     <span class='ocr_line' id='line_1_39' title="bbox 185 2228 1600 2305; baseline -0.003 -22"><span class='ocrx_word' id='word_1_276' title='bbox 185 2230 463 2303; x_wconf 85' lang='grc' dir='ltr'>σθήσομαι</span> <span class='ocrx_word' id='word_1_277' title='bbox 488 2250 500 2263; x_wconf 89' lang='grc'><strong>·</strong></span> <span class='ocrx_word' id='word_1_278' title='bbox 539 2232 741 2304; x_wconf 74' lang='grc' dir='ltr'>καὶ⁴μὴ</span> <span class='ocrx_word' id='word_1_279' title='bbox 772 2231 1030 2305; x_wconf 79' lang='grc' dir='ltr'>γελάσῃς,</span> <span class='ocrx_word' id='word_1_280' title='bbox 1062 2228 1234 2301; x_wconf 80' lang='grc' dir='ltr'>ἀληθῆ</span> <span class='ocrx_word' id='word_1_281' title='bbox 1267 2228 1377 2299; x_wconf 84' lang='grc' dir='ltr'><strong>γάρ</strong></span> <span class='ocrx_word' id='word_1_282' title='bbox 1399 2229 1440 2259; x_wconf 86' lang='grc'><strong>¹⁷</strong></span> <span class='ocrx_word' id='word_1_283' title='bbox 1472 2228 1600 2299; x_wconf 84' lang='grc' dir='ltr'>ἐρῶ.</span> 
     </span>
    </p>
   </div>
   <div class='ocr_carea' id='block_1_40' title="bbox 1889 1925 3485 1999">
    <p class='ocr_par' dir='ltr' id='par_1_40' title="bbox 1889 1925 3485 1999">
     <span class='ocr_line' id='line_1_40' title="bbox 1889 1925 3485 1999; baseline 0.002 -19"><span class='ocrx_word' id='word_1_284' title='bbox 1889 1925 2098 1994; x_wconf 90' lang='lat' dir='ltr'><strong>judicio</strong></span> <span class='ocrx_word' id='word_1_285' title='bbox 2126 1940 2494 1997; x_wconf 69' lang='lat' dir='ltr'><strong>scgregemur,</strong></span> <span class='ocrx_word' id='word_1_286' title='bbox 2541 1936 2704 1996; x_wconf 88' lang='lat' dir='ltr'><strong>atque</strong></span> <span class='ocrx_word' id='word_1_287' title='bbox 2757 1942 2823 1983; x_wconf 87' lang='lat' dir='ltr'><strong>ex</strong></span> <span class='ocrx_word' id='word_1_288' title='bbox 2870 1928 3029 1984; x_wconf 92' lang='lat' dir='ltr'><strong>nobis</strong></span> <span class='ocrx_word' id='word_1_289' title='bbox 3087 1927 3224 1999; x_wconf 82' lang='lat' dir='ltr'><strong>ipsis</strong></span> <span class='ocrx_word' id='word_1_290' title='bbox 3290 1943 3485 1999; x_wconf 71' lang='lat' dir='ltr'><strong>poenas</strong></span> 
     </span>
    </p>
   </div>
   <div class='ocr_carea' id='block_1_41' title="bbox 1896 2018 3485 2088">
    <p class='ocr_par' dir='ltr' id='par_1_41' title="bbox 1896 2018 3485 2088">
     <span class='ocr_line' id='line_1_41' title="bbox 1896 2018 3485 2088; baseline 0.001 -14"><span class='ocrx_word' id='word_1_291' title='bbox 1896 2018 2107 2074; x_wconf 87' lang='lat' dir='ltr'><strong>debitas</strong></span> <span class='ocrx_word' id='word_1_292' title='bbox 2129 2019 2444 2082; x_wconf 88' lang='lat' dir='ltr'><strong>subeamus,</strong></span> <span class='ocrx_word' id='word_1_293' title='bbox 2469 2019 2613 2088; x_wconf 91' lang='lat' dir='ltr'><strong>quod</strong></span> <span class='ocrx_word' id='word_1_294' title='bbox 2636 2034 2736 2088; x_wconf 86' lang='lat' dir='ltr'><strong>ego</strong></span> <span class='ocrx_word' id='word_1_295' title='bbox 2760 2019 2995 2075; x_wconf 82' lang='lat' dir='ltr'><strong>maxime</strong></span> <span class='ocrx_word' id='word_1_296' title='bbox 3022 2020 3269 2076; x_wconf 90' lang='lat' dir='ltr'><strong>omnium</strong></span> <span class='ocrx_word' id='word_1_297' title='bbox 3293 2021 3485 2086; x_wconf 91' lang='lat' dir='ltr'><strong>timeo,</strong></span> 
     </span>
    </p>
   </div>
   <div class='ocr_carea' id='block_1_42' title="bbox 1896 2112 3488 2186">
    <p class='ocr_par' dir='ltr' id='par_1_42' title="bbox 1896 2112 3488 2186">
     <span class='ocr_line' id='line_1_42' title="bbox 1896 2112 3488 2186; baseline 0.001 -19"><span class='ocrx_word' id='word_1_298' title='bbox 1896 2112 2279 2182; x_wconf 88' lang='lat' dir='ltr'><strong>malorumque</strong></span> <span class='ocrx_word' id='word_1_299' title='bbox 2322 2113 2565 2167; x_wconf 91' lang='lat' dir='ltr'><strong>omnium</strong></span> <span class='ocrx_word' id='word_1_300' title='bbox 2599 2128 2792 2169; x_wconf 81' lang='lat' dir='ltr'><strong>exsors</strong></span> <span class='ocrx_word' id='word_1_301' title='bbox 2837 2128 2960 2170; x_wconf 90' lang='lat' dir='ltr'><strong>esse</strong></span> <span class='ocrx_word' id='word_1_302' title='bbox 3009 2115 3293 2186; x_wconf 86' lang='lat' dir='ltr'><strong>percupio.</strong></span> <span class='ocrx_word' id='word_1_303' title='bbox 3328 2114 3488 2182; x_wconf 85' lang='lat' dir='ltr'><strong>Quod</strong></span> 
     </span>
    </p>
   </div>
   <div class='ocr_carea' id='block_1_43' title="bbox 1894 2202 3491 2273">
    <p class='ocr_par' dir='ltr' id='par_1_43' title="bbox 1894 2202 3491 2273">
     <span class='ocr_line' id='line_1_43' title="bbox 1894 2202 3491 2273; baseline 0.001 -17"><span class='ocrx_word' id='word_1_304' title='bbox 1894 2203 1939 2256; x_wconf 90' lang='lat' dir='ltr'><strong>si</strong></span> <span class='ocrx_word' id='word_1_305' title='bbox 1972 2203 2167 2273; x_wconf 80' lang='lat' dir='ltr'><strong>placet,</strong></span> <span class='ocrx_word' id='word_1_306' title='bbox 2202 2202 2443 2258; x_wconf 87' lang='lat' dir='ltr'><strong>divinam</strong></span> <span class='ocrx_word' id='word_1_307' title='bbox 2476 2218 2697 2273; x_wconf 90' lang='lat' dir='ltr'><strong>quoque</strong></span> <span class='ocrx_word' id='word_1_308' title='bbox 2729 2204 2905 2258; x_wconf 90' lang='lat' dir='ltr'><strong>sancti</strong></span> <span class='ocrx_word' id='word_1_309' title='bbox 2935 2202 3220 2273; x_wconf 89' lang='lat' dir='ltr'><strong>cujusdam</strong></span> <span class='ocrx_word' id='word_1_310' title='bbox 3271 2204 3374 2258; x_wconf 91' lang='lat' dir='ltr'><strong>viri</strong></span> <span class='ocrx_word' id='word_1_311' title='bbox 3402 2203 3491 2257; x_wconf 82' lang='lat' dir='ltr'><strong>vi-</strong></span> 
     </span>
    </p>
   </div>
   <div class='ocr_carea' id='block_1_44' title="bbox 1892 2295 3487 2365">
    <p class='ocr_par' dir='ltr' id='par_1_44' title="bbox 1892 2295 3487 2365">
     <span class='ocr_line' id='line_1_44' title="bbox 1892 2295 3487 2365; baseline 0.003 -16"><span class='ocrx_word' id='word_1_312' title='bbox 1892 2295 2103 2349; x_wconf 88' lang='lat' dir='ltr'><strong>sionem</strong></span> <span class='ocrx_word' id='word_1_313' title='bbox 2130 2295 2450 2350; x_wconf 89' lang='lat' dir='ltr'><strong>memorabo</strong></span> <span class='ocrx_word' id='word_1_314' title='bbox 2485 2312 2500 2349; x_wconf 90' lang='lat'><strong>:</strong></span> <span class='ocrx_word' id='word_1_315' title='bbox 2533 2309 2707 2365; x_wconf 90' lang='lat' dir='ltr'><strong>neque</strong></span> <span class='ocrx_word' id='word_1_316' title='bbox 2748 2308 2879 2350; x_wconf 89' lang='lat' dir='ltr'><strong>vero</strong></span> <span class='ocrx_word' id='word_1_317' title='bbox 2920 2296 3123 2361; x_wconf 89' lang='lat' dir='ltr'><strong>rideas,</strong></span> <span class='ocrx_word' id='word_1_318' title='bbox 3182 2311 3308 2352; x_wconf 91' lang='lat' dir='ltr'><strong>vera</strong></span> <span class='ocrx_word' id='word_1_319' title='bbox 3337 2297 3487 2352; x_wconf 90' lang='lat' dir='ltr'><strong>enim</strong></span> 
     </span>
    </p>
   </div>
   <div class='ocr_carea' id='block_1_45' title="bbox 1890 2389 2091 2445">
    <p class='ocr_par' dir='ltr' id='par_1_45' title="bbox 1890 2389 2091 2445">
     <span class='ocr_line' id='line_1_45' title="bbox 1890 2389 2091 2445; baseline 0.01 -2"><span class='ocrx_word' id='word_1_320' title='bbox 1890 2389 2091 2445; x_wconf 88' lang='lat' dir='ltr'><strong>dicam.</strong></span> 
     </span>
    </p>
   </div>
   <div class='ocr_carea' id='block_1_46' title="bbox 1741 2551 1909 2625">
    <p class='ocr_par' dir='ltr' id='par_1_46' title="bbox 1741 2551 1909 2625">
     <span class='ocr_line' id='line_1_46' title="bbox 1741 2551 1909 2625; baseline 0.012 -14"><span class='ocrx_word' id='word_1_321' title='bbox 1741 2551 1909 2625; x_wconf 63' lang='grc' dir='ltr'>ενι.</span> 
     </span>
    </p>
   </div>
   <div class='ocr_carea' id='block_1_47' title="bbox 260 2691 1793 2765">
    <p class='ocr_par' dir='ltr' id='par_1_47' title="bbox 260 2691 1793 2765">
     <span class='ocr_line' id='line_1_47' title="bbox 260 2691 1793 2765; baseline -0.003 -17"><span class='ocrx_word' id='word_1_322' title='bbox 260 2694 556 2765; x_wconf 86' lang='grc' dir='ltr'>Γενόμενόν</span> <span class='ocrx_word' id='word_1_323' title='bbox 590 2693 657 2765; x_wconf 89' lang='grc' dir='ltr'><strong>μέ</strong></span> <span class='ocrx_word' id='word_1_324' title='bbox 688 2708 819 2746; x_wconf 87' lang='grc' dir='ltr'>ποτε</span> <span class='ocrx_word' id='word_1_325' title='bbox 864 2692 1007 2747; x_wconf 78' lang='grc' dir='ltr'>κατὰ</span> <span class='ocrx_word' id='word_1_326' title='bbox 1056 2693 1155 2764; x_wconf 83' lang='grc' dir='ltr'>τὴν</span> <span class='ocrx_word' id='word_1_327' title='bbox 1190 2694 1437 2765; x_wconf 79' lang='grc' dir='ltr'>Κρήτην,</span> <span class='ocrx_word' id='word_1_328' title='bbox 1468 2694 1496 2745; x_wconf 86' lang='grc' dir='ltr'><strong>ὁ</strong></span> <span class='ocrx_word' id='word_1_329' title='bbox 1536 2691 1681 2763; x_wconf 81' lang='grc' dir='ltr'>ἱερὸς</span> <span class='ocrx_word' id='word_1_330' title='bbox 1732 2693 1793 2744; x_wconf 84' lang='grc' dir='ltr'>ἐ-</span> 
     </span>
    </p>
   </div>
   <div class='ocr_carea' id='block_1_48' title="bbox 190 2783 1785 2858">
    <p class='ocr_par' dir='ltr' id='par_1_48' title="bbox 190 2783 1785 2858">
     <span class='ocr_line' id='line_1_48' title="bbox 190 2783 1785 2858; baseline -0.004 -16"><span class='ocrx_word' id='word_1_331' title='bbox 190 2787 549 2858; x_wconf 82' lang='grc' dir='ltr'>ξεναγώγησε</span> <span class='ocrx_word' id='word_1_332' title='bbox 579 2785 829 2857; x_wconf 87' lang='grc' dir='ltr'>Κάρπος,</span> <span class='ocrx_word' id='word_1_333' title='bbox 853 2786 1123 2857; x_wconf 79' lang='grc' dir='ltr'>ἀνὴρ,καὶ</span> <span class='ocrx_word' id='word_1_334' title='bbox 1143 2786 1195 2838; x_wconf 85' lang='grc' dir='ltr'><strong>εῐ</strong></span> <span class='ocrx_word' id='word_1_335' title='bbox 1215 2802 1300 2849; x_wconf 89' lang='grc' dir='ltr'><strong>τις</strong></span> <span class='ocrx_word' id='word_1_336' title='bbox 1331 2784 1509 2848; x_wconf 76' lang='grc' dir='ltr'>ἄλλος,</span> <span class='ocrx_word' id='word_1_337' title='bbox 1538 2783 1627 2837; x_wconf 87' lang='grc' dir='ltr'>διὰ</span> <span class='ocrx_word' id='word_1_338' title='bbox 1656 2783 1785 2837; x_wconf 85' lang='grc' dir='ltr'>πολ-</span> 
     </span>
    </p>
   </div>
   <div class='ocr_carea' id='block_1_49' title="bbox 183 2877 1785 2953">
    <p class='ocr_par' dir='ltr' id='par_1_49' title="bbox 183 2877 1785 2953">
     <span class='ocr_line' id='line_1_49' title="bbox 183 2877 1785 2953; baseline -0.003 -19"><span class='ocrx_word' id='word_1_339' title='bbox 183 2881 287 2953; x_wconf 83' lang='grc' dir='ltr'>λὴν</span> <span class='ocrx_word' id='word_1_340' title='bbox 317 2880 665 2951; x_wconf 80' lang='grc' dir='ltr'>καθαρότητα</span> <span class='ocrx_word' id='word_1_341' title='bbox 692 2877 785 2931; x_wconf 77' lang='grc' dir='ltr'>νοῦ</span> <span class='ocrx_word' id='word_1_342' title='bbox 820 2878 956 2949; x_wconf 84' lang='grc' dir='ltr'>πρὸς</span> <span class='ocrx_word' id='word_1_343' title='bbox 1002 2877 1289 2932; x_wconf 86' lang='grc' dir='ltr'>θεοπτείαν</span> <span class='ocrx_word' id='word_1_344' title='bbox 1328 2877 1785 2949; x_wconf 85' lang='grc' dir='ltr'>ἐπιτηδειότατος.</span> 
     </span>
    </p>
   </div>
   <div class='ocr_carea' id='block_1_50' title="bbox 187 2969 1790 3041">
    <p class='ocr_par' dir='ltr' id='par_1_50' title="bbox 187 2969 1790 3041">
     <span class='ocr_line' id='line_1_50' title="bbox 187 2969 1790 3041; baseline -0.004 -14"><span class='ocrx_word' id='word_1_345' title='bbox 187 2974 303 3027; x_wconf 75' lang='grc' dir='ltr'><strong>Καὶ</strong></span> <span class='ocrx_word' id='word_1_346' title='bbox 329 2972 459 3041; x_wconf 81' lang='grc' dir='ltr'>γοῦν</span> <span class='ocrx_word' id='word_1_347' title='bbox 505 2971 627 3025; x_wconf 78' lang='grc' dir='ltr'>οὐδὲ</span> <span class='ocrx_word' id='word_1_348' title='bbox 656 2973 776 3034; x_wconf 83' lang='grc' dir='ltr'>ταῖς</span> <span class='ocrx_word' id='word_1_349' title='bbox 805 2970 991 3039; x_wconf 80' lang='grc' dir='ltr'>ἁγίαις</span> <span class='ocrx_word' id='word_1_350' title='bbox 1021 2970 1129 3023; x_wconf 91' lang='grc' dir='ltr'><strong>τῶν</strong></span> <span class='ocrx_word' id='word_1_351' title='bbox 1174 2971 1491 3041; x_wconf 86' lang='grc' dir='ltr'>μυστηρίων</span> <span class='ocrx_word' id='word_1_352' title='bbox 1543 2969 1790 3033; x_wconf 80' lang='grc' dir='ltr'>τελεταῖς</span> 
     </span>
    </p>
   </div>
   <div class='ocr_carea' id='block_1_51' title="bbox 1972 2690 3491 2762">
    <p class='ocr_par' dir='ltr' id='par_1_51' title="bbox 1972 2690 3491 2762">
     <span class='ocr_line' id='line_1_51' title="bbox 1972 2690 3491 2762; baseline 0.001 -13"><span class='ocrx_word' id='word_1_353' title='bbox 1972 2693 2106 2749; x_wconf 88' lang='lat' dir='ltr'><strong>Cum</strong></span> <span class='ocrx_word' id='word_1_354' title='bbox 2156 2690 2448 2762; x_wconf 91' lang='lat' dir='ltr'><strong>aliquando</strong></span> <span class='ocrx_word' id='word_1_355' title='bbox 2508 2691 2561 2746; x_wconf 94' lang='lat' dir='ltr'><strong>in</strong></span> <span class='ocrx_word' id='word_1_356' title='bbox 2608 2690 2830 2749; x_wconf 87' lang='lat' dir='ltr'><strong>Cretam</strong></span> <span class='ocrx_word' id='word_1_357' title='bbox 2887 2695 3204 2761; x_wconf 88' lang='lat' dir='ltr'><strong>venissem,</strong></span> <span class='ocrx_word' id='word_1_358' title='bbox 3266 2706 3491 2751; x_wconf 85' lang='lat' dir='ltr'><strong>sanctus</strong></span> 
     </span>
    </p>
   </div>
   <div class='ocr_carea' id='block_1_52' title="bbox 1900 2783 3492 2859">
    <p class='ocr_par' dir='ltr' id='par_1_52' title="bbox 1900 2783 3492 2859">
     <span class='ocr_line' id='line_1_52' title="bbox 1900 2783 3492 2859; baseline -0.001 -17"><span class='ocrx_word' id='word_1_359' title='bbox 1900 2786 2110 2855; x_wconf 85' lang='lat' dir='ltr'><strong>Carpus</strong></span> <span class='ocrx_word' id='word_1_360' title='bbox 2140 2800 2226 2841; x_wconf 90' lang='lat' dir='ltr'><strong>me</strong></span> <span class='ocrx_word' id='word_1_361' title='bbox 2256 2783 2492 2855; x_wconf 89' lang='lat' dir='ltr'><strong>hospitio</strong></span> <span class='ocrx_word' id='word_1_362' title='bbox 2520 2785 2754 2855; x_wconf 79' lang='lat' dir='ltr'><strong>excepit,</strong></span> <span class='ocrx_word' id='word_1_363' title='bbox 2790 2787 2894 2853; x_wconf 83' lang='lat' dir='ltr'><strong>vir,</strong></span> <span class='ocrx_word' id='word_1_364' title='bbox 2950 2787 2996 2843; x_wconf 90' lang='lat' dir='ltr'><strong>si</strong></span> <span class='ocrx_word' id='word_1_365' title='bbox 3052 2788 3177 2859; x_wconf 90' lang='lat' dir='ltr'><strong>quis</strong></span> <span class='ocrx_word' id='word_1_366' title='bbox 3202 2786 3364 2853; x_wconf 86' lang='lat' dir='ltr'><strong>alius,</strong></span> <span class='ocrx_word' id='word_1_367' title='bbox 3420 2789 3492 2841; x_wconf 88' lang='lat' dir='ltr'><strong>ob</strong></span> 
     </span>
    </p>
   </div>
   <div class='ocr_carea' id='block_1_53' title="bbox 1900 2879 3491 2952">
    <p class='ocr_par' dir='ltr' id='par_1_53' title="bbox 1900 2879 3491 2952">
     <span class='ocr_line' id='line_1_53' title="bbox 1900 2879 3491 2952; baseline 0 -18"><span class='ocrx_word' id='word_1_368' title='bbox 1900 2880 2168 2951; x_wconf 76' lang='lat' dir='ltr'><strong>insignem</strong></span> <span class='ocrx_word' id='word_1_369' title='bbox 2202 2880 2401 2937; x_wconf 89' lang='lat' dir='ltr'><strong>mentis</strong></span> <span class='ocrx_word' id='word_1_370' title='bbox 2444 2880 2761 2952; x_wconf 89' lang='lat' dir='ltr'><strong>puritatem,</strong></span> <span class='ocrx_word' id='word_1_371' title='bbox 2794 2880 2865 2935; x_wconf 91' lang='lat' dir='ltr'><strong>ad</strong></span> <span class='ocrx_word' id='word_1_372' title='bbox 2920 2879 3018 2935; x_wconf 86' lang='lat' dir='ltr'><strong>Dei</strong></span> <span class='ocrx_word' id='word_1_373' title='bbox 3073 2879 3491 2950; x_wconf 52' lang='lat' dir='ltr'><strong>contemplatio.</strong></span> 
     </span>
    </p>
   </div>
   <div class='ocr_carea' id='block_1_54' title="bbox 1902 2972 3487 3045">
    <p class='ocr_par' dir='ltr' id='par_1_54' title="bbox 1902 2972 3487 3045">
     <span class='ocr_line' id='line_1_54' title="bbox 1902 2972 3487 3045; baseline -0.001 -16"><span class='ocrx_word' id='word_1_374' title='bbox 1902 2987 2025 3029; x_wconf 89' lang='lat' dir='ltr'><strong>nem</strong></span> <span class='ocrx_word' id='word_1_375' title='bbox 2071 2972 2413 3042; x_wconf 89' lang='lat' dir='ltr'><strong>aptissimus.</strong></span> <span class='ocrx_word' id='word_1_376' title='bbox 2459 2973 2646 3045; x_wconf 79' lang='lat' dir='ltr'><strong>Neque</strong></span> <span class='ocrx_word' id='word_1_377' title='bbox 2672 2976 2820 3031; x_wconf 89' lang='lat' dir='ltr'><strong>enim</strong></span> <span class='ocrx_word' id='word_1_378' title='bbox 2868 2988 3059 3031; x_wconf 88' lang='lat' dir='ltr'><strong>sacros</strong></span> <span class='ocrx_word' id='word_1_379' title='bbox 3092 2974 3487 3045; x_wconf 86' lang='lat' dir='ltr'><strong>mysteriorum</strong></span> 
     </span>
    </p>
   </div>
   <div class='ocr_carea' id='block_1_55' title="bbox 189 3064 1790 3140">
    <p class='ocr_par' dir='ltr' id='par_1_55' title="bbox 189 3064 1787 3139">
     <span class='ocr_line' id='line_1_55' title="bbox 189 3064 1787 3139; baseline -0.002 -19"><span class='ocrx_word' id='word_1_380' title='bbox 189 3067 480 3139; x_wconf 71' lang='grc' dir='ltr'>ἐνεχείρει,</span> <span class='ocrx_word' id='word_1_381' title='bbox 519 3066 594 3138; x_wconf 81' lang='grc' dir='ltr'>μὴ</span> <span class='ocrx_word' id='word_1_382' title='bbox 628 3065 894 3137; x_wconf 83' lang='grc' dir='ltr'>πρότερον</span> <span class='ocrx_word' id='word_1_383' title='bbox 941 3064 1091 3136; x_wconf 86' lang='grc' dir='ltr'><strong>αὑτῷ</strong></span> <span class='ocrx_word' id='word_1_384' title='bbox 1124 3064 1266 3118; x_wconf 86' lang='grc' dir='ltr'><strong>κατά</strong></span> <span class='ocrx_word' id='word_1_385' title='bbox 1297 3064 1397 3129; x_wconf 83' lang='grc' dir='ltr'><strong>τὰς</strong></span> <span class='ocrx_word' id='word_1_386' title='bbox 1437 3064 1787 3137; x_wconf 82' lang='grc' dir='ltr'>προτελείους</span> 
     </span>
    </p>
   </div>
   <div class='ocr_carea' id='block_1_56' title="bbox 1899 3064 3490 3140">
    <p class='ocr_par' dir='ltr' id='par_1_56' title="bbox 1900 3066 3490 3140">
     <span class='ocr_line' id='line_1_56' title="bbox 1900 3066 3490 3140; baseline -0.001 -18"><span class='ocrx_word' id='word_1_387' title='bbox 1900 3066 2041 3122; x_wconf 87' lang='lat' dir='ltr'><strong>ritus</strong></span> <span class='ocrx_word' id='word_1_388' title='bbox 2068 3067 2479 3137; x_wconf 87' lang='lat' dir='ltr'><strong>auspicabatur,</strong></span> <span class='ocrx_word' id='word_1_389' title='bbox 2513 3068 2618 3123; x_wconf 90' lang='lat' dir='ltr'><strong>nisi</strong></span> <span class='ocrx_word' id='word_1_390' title='bbox 2648 3070 2801 3140; x_wconf 82' lang='lat' dir='ltr'><strong>prius</strong></span> <span class='ocrx_word' id='word_1_391' title='bbox 2834 3068 2937 3139; x_wconf 91' lang='lat' dir='ltr'><strong>ipsi</strong></span> <span class='ocrx_word' id='word_1_392' title='bbox 2966 3069 3109 3123; x_wconf 90' lang='lat' dir='ltr'><strong>inter</strong></span> <span class='ocrx_word' id='word_1_393' title='bbox 3151 3074 3490 3138; x_wconf 64' lang='lat' dir='ltr'><strong>praeparato-</strong></span> 
     </span>
    </p>
   </div>
   <div class='ocr_carea' id='block_1_57' title="bbox 188 3133 1790 3233">
    <p class='ocr_par' dir='ltr' id='par_1_57' title="bbox 188 3133 1786 3232">
     <span class='ocr_line' id='line_1_57' title="bbox 188 3133 1786 3232; baseline -0.003 -17"><span class='ocrx_word' id='word_1_394' title='bbox 188 3133 693 3232; x_wconf 40' lang='grc' dir='ltr'>εὐχάςίερὰςξκαί</span> <span class='ocrx_word' id='word_1_395' title='bbox 744 3133 1012 3229; x_wconf 79' lang='grc' dir='ltr'>εὐμενοῦς</span> <span class='ocrx_word' id='word_1_396' title='bbox 1038 3133 1282 3230; x_wconf 83' lang='grc' dir='ltr'>ὁράσεως</span> <span class='ocrx_word' id='word_1_397' title='bbox 1337 3133 1786 3228; x_wconf 80' lang='grc' dir='ltr'>ἐπιφαινομένης.</span> 
     </span>
    </p>
   </div>
   <div class='ocr_carea' id='block_1_58' title="bbox 1899 3133 3492 3233">
    <p class='ocr_par' dir='ltr' id='par_1_58' title="bbox 1900 3158 3492 3233">
     <span class='ocr_line' id='line_1_58' title="bbox 1900 3158 3492 3233; baseline 0 -22"><span class='ocrx_word' id='word_1_398' title='bbox 1900 3159 2010 3215; x_wconf 88' lang='lat' dir='ltr'><strong>rias</strong></span> <span class='ocrx_word' id='word_1_399' title='bbox 2038 3160 2316 3216; x_wconf 91' lang='lat' dir='ltr'><strong>orationes</strong></span> <span class='ocrx_word' id='word_1_400' title='bbox 2343 3172 2501 3216; x_wconf 87' lang='lat' dir='ltr'><strong>sacra</strong></span> <span class='ocrx_word' id='word_1_401' title='bbox 2520 3162 2774 3233; x_wconf 69' lang='lat' dir='ltr'><strong>quaedam</strong></span> <span class='ocrx_word' id='word_1_402' title='bbox 2798 3170 2852 3216; x_wconf 90' lang='lat' dir='ltr'><strong>et</strong></span> <span class='ocrx_word' id='word_1_403' title='bbox 2884 3160 3118 3232; x_wconf 83' lang='lat' dir='ltr'><strong>propitia</strong></span> <span class='ocrx_word' id='word_1_404' title='bbox 3152 3158 3294 3214; x_wconf 91' lang='lat' dir='ltr'><strong>visio</strong></span> <span class='ocrx_word' id='word_1_405' title='bbox 3317 3175 3492 3229; x_wconf 80' lang='lat' dir='ltr'><strong>appa-</strong></span> 
     </span>
    </p>
   </div>
   <div class='ocr_carea' id='block_1_59' title="bbox 194 3250 1791 3324">
    <p class='ocr_par' dir='ltr' id='par_1_59' title="bbox 194 3250 1791 3324">
     <span class='ocr_line' id='line_1_59' title="bbox 194 3250 1791 3324; baseline -0.004 -15"><span class='ocrx_word' id='word_1_406' title='bbox 194 3256 424 3324; x_wconf 82' lang='grc' dir='ltr'>Ἐλεγεν</span> <span class='ocrx_word' id='word_1_407' title='bbox 455 3250 573 3319; x_wconf 76' lang='grc' dir='ltr'>οὖν,</span> <span class='ocrx_word' id='word_1_408' title='bbox 604 3255 687 3307; x_wconf 85' lang='grc' dir='ltr'><strong>ὅτι</strong></span> <span class='ocrx_word' id='word_1_409' title='bbox 738 3253 1105 3323; x_wconf 78' lang='grc' dir='ltr'>λελυπηκότος</span> <span class='ocrx_word' id='word_1_410' title='bbox 1136 3252 1299 3307; x_wconf 80' lang='grc' dir='ltr'>αὐτόν</span> <span class='ocrx_word' id='word_1_411' title='bbox 1327 3269 1459 3305; x_wconf 88' lang='grc' dir='ltr'>ποτε</span> <span class='ocrx_word' id='word_1_412' title='bbox 1510 3252 1619 3305; x_wconf 90' lang='grc' dir='ltr'><strong>τῶν</strong></span> <span class='ocrx_word' id='word_1_413' title='bbox 1660 3252 1791 3305; x_wconf 88' lang='grc' dir='ltr'>ἀπί-</span> 
     </span>
    </p>
   </div>
   <div class='ocr_carea' id='block_1_60' title="bbox 192 3342 1792 3420">
    <p class='ocr_par' dir='ltr' id='par_1_60' title="bbox 192 3342 1792 3420">
     <span class='ocr_line' id='line_1_60' title="bbox 192 3342 1792 3420; baseline -0.005 -16"><span class='ocrx_word' id='word_1_414' title='bbox 192 3366 337 3403; x_wconf 74' lang='grc' dir='ltr'>στων</span> <span class='ocrx_word' id='word_1_415' title='bbox 376 3348 522 3412; x_wconf 87' lang='grc' dir='ltr'>τινός</span> <span class='ocrx_word' id='word_1_416' title='bbox 544 3366 558 3380; x_wconf 79' lang='grc'><em>’</em></span> <span class='ocrx_word' id='word_1_417' title='bbox 584 3348 618 3420; x_wconf 78' lang='grc' dir='ltr'><strong>ή</strong></span> <span class='ocrx_word' id='word_1_418' title='bbox 652 3347 794 3419; x_wconf 81' lang='grc' dir='ltr'>λύπη</span> <span class='ocrx_word' id='word_1_419' title='bbox 816 3347 873 3400; x_wconf 85' lang='grc' dir='ltr'>δὲ</span> <span class='ocrx_word' id='word_1_420' title='bbox 904 3342 993 3417; x_wconf 78' lang='grc' dir='ltr'>ἦν,</span> <span class='ocrx_word' id='word_1_421' title='bbox 1012 3347 1093 3399; x_wconf 85' lang='grc' dir='ltr'>ὅτι</span> <span class='ocrx_word' id='word_1_422' title='bbox 1123 3346 1223 3418; x_wconf 81' lang='grc' dir='ltr'>τῆς</span> <span class='ocrx_word' id='word_1_423' title='bbox 1254 3345 1551 3418; x_wconf 77' lang='grc' dir='ltr'>ἐκκλησίας</span> <span class='ocrx_word' id='word_1_424' title='bbox 1584 3345 1792 3408; x_wconf 84' lang='grc' dir='ltr'>ἐκεῖνός</span> 
     </span>
    </p>
   </div>
   <div class='ocr_carea' id='block_1_61' title="bbox 188 3438 1789 3514">
    <p class='ocr_par' dir='ltr' id='par_1_61' title="bbox 188 3438 1789 3514">
     <span class='ocr_line' id='line_1_61' title="bbox 188 3438 1789 3514; baseline -0.002 -20"><span class='ocrx_word' id='word_1_425' title='bbox 188 3458 317 3497; x_wconf 83' lang='grc' dir='ltr'>τινα</span> <span class='ocrx_word' id='word_1_426' title='bbox 348 3442 487 3514; x_wconf 71' lang='grc' dir='ltr'>πρὸς</span> <span class='ocrx_word' id='word_1_427' title='bbox 513 3442 575 3495; x_wconf 86' lang='grc' dir='ltr'><strong>τὸ</strong></span> <span class='ocrx_word' id='word_1_428' title='bbox 612 3443 771 3497; x_wconf 84' lang='grc' dir='ltr'>ἄθεον</span> <span class='ocrx_word' id='word_1_429' title='bbox 809 3440 1194 3511; x_wconf 85' lang='grc' dir='ltr'>άπεπλάνησεν</span> <span class='ocrx_word' id='word_1_430' title='bbox 1216 3481 1230 3504; x_wconf 94' lang='grc'><strong>,</strong></span> <span class='ocrx_word' id='word_1_431' title='bbox 1285 3439 1366 3493; x_wconf 78' lang='grc' dir='ltr'><strong>ἔτι</strong></span> <span class='ocrx_word' id='word_1_432' title='bbox 1422 3439 1530 3493; x_wconf 89' lang='grc' dir='ltr'><strong>τῶν</strong></span> <span class='ocrx_word' id='word_1_433' title='bbox 1565 3438 1789 3511; x_wconf 86' lang='grc' dir='ltr'>ίλαρίων</span> 
     </span>
    </p>
   </div>
   <div class='ocr_carea' id='block_1_62' title="bbox 190 3530 1789 3607">
    <p class='ocr_par' dir='ltr' id='par_1_62' title="bbox 190 3530 1789 3607">
     <span class='ocr_line' id='line_1_62' title="bbox 190 3530 1789 3607; baseline -0.002 -20"><span class='ocrx_word' id='word_1_434' title='bbox 190 3535 417 3607; x_wconf 81' lang='grc' dir='ltr'>ἡμερῶν</span> <span class='ocrx_word' id='word_1_435' title='bbox 440 3533 588 3606; x_wconf 79' lang='grc' dir='ltr'>αὐτῷ</span> <span class='ocrx_word' id='word_1_436' title='bbox 620 3533 988 3604; x_wconf 84' lang='grc' dir='ltr'>τελουμένων’</span> <span class='ocrx_word' id='word_1_437' title='bbox 1040 3532 1159 3585; x_wconf 82' lang='grc' dir='ltr'>δέον</span> <span class='ocrx_word' id='word_1_438' title='bbox 1204 3532 1533 3604; x_wconf 75' lang='grc' dir='ltr'>ἀμφοτέρων</span> <span class='ocrx_word' id='word_1_439' title='bbox 1586 3530 1789 3601; x_wconf 86' lang='grc' dir='ltr'>ἀγαθο-</span> 
     </span>
    </p>
   </div>
   <div class='ocr_carea' id='block_1_63' title="bbox 194 3626 1793 3703">
    <p class='ocr_par' dir='ltr' id='par_1_63' title="bbox 194 3626 1793 3703">
     <span class='ocr_line' id='line_1_63' title="bbox 194 3626 1793 3703; baseline -0.003 -20"><span class='ocrx_word' id='word_1_440' title='bbox 194 3630 428 3703; x_wconf 77' lang='grc' dir='ltr'>πρεπῶς</span> <span class='ocrx_word' id='word_1_441' title='bbox 458 3626 885 3701; x_wconf 77' lang='grc' dir='ltr'>ὑπερεύξασθαι,</span> <span class='ocrx_word' id='word_1_442' title='bbox 907 3629 1001 3681; x_wconf 75' lang='grc' dir='ltr'><strong>καὶ</strong></span> <span class='ocrx_word' id='word_1_443' title='bbox 1029 3627 1161 3681; x_wconf 84' lang='grc' dir='ltr'>Θεὸν</span> <span class='ocrx_word' id='word_1_444' title='bbox 1194 3629 1416 3699; x_wconf 84' lang='grc' dir='ltr'>σωτῆρα</span> <span class='ocrx_word' id='word_1_445' title='bbox 1446 3626 1793 3698; x_wconf 83' lang='grc' dir='ltr'>συλλήπτορα</span> 
     </span>
    </p>
   </div>
   <div class='ocr_carea' id='block_1_64' title="bbox 191 3718 1795 3795">
    <p class='ocr_par' dir='ltr' id='par_1_64' title="bbox 191 3718 1795 3795">
     <span class='ocr_line' id='line_1_64' title="bbox 191 3718 1795 3795; baseline -0.006 -16"><span class='ocrx_word' id='word_1_446' title='bbox 191 3725 452 3789; x_wconf 77' lang='grc' dir='ltr'>λαϐόντα,</span> <span class='ocrx_word' id='word_1_447' title='bbox 488 3724 578 3778; x_wconf 76' lang='grc' dir='ltr'><strong>τὸν</strong></span> <span class='ocrx_word' id='word_1_448' title='bbox 614 3724 712 3795; x_wconf 82' lang='grc' dir='ltr'><strong>μὲν</strong></span> <span class='ocrx_word' id='word_1_449' title='bbox 741 3720 1089 3795; x_wconf 72' lang='grc' dir='ltr'>ἐπιπρέψαι,</span> <span class='ocrx_word' id='word_1_450' title='bbox 1120 3721 1211 3773; x_wconf 83' lang='grc' dir='ltr'><strong>τὸν</strong></span> <span class='ocrx_word' id='word_1_451' title='bbox 1239 3720 1295 3774; x_wconf 83' lang='grc' dir='ltr'>δὲ</span> <span class='ocrx_word' id='word_1_452' title='bbox 1322 3718 1619 3789; x_wconf 87' lang='grc' dir='ltr'>ἀγαθότητι</span> <span class='ocrx_word' id='word_1_453' title='bbox 1647 3718 1795 3789; x_wconf 82' lang='grc' dir='ltr'>νικῆ-</span> 
     </span>
    </p>
   </div>
   <div class='ocr_carea' id='block_1_65' title="bbox 190 3808 1791 3886">
    <p class='ocr_par' dir='ltr' id='par_1_65' title="bbox 190 3808 1791 3886">
     <span class='ocr_line' id='line_1_65' title="bbox 190 3808 1791 3886; baseline -0.006 -16"><span class='ocrx_word' id='word_1_454' title='bbox 190 3835 284 3870; x_wconf 69' lang='grc' dir='ltr'><strong>σαι</strong></span> <span class='ocrx_word' id='word_1_455' title='bbox 306 3833 320 3847; x_wconf 71' lang='grc' dir='ltr'><strong><em>ο</em></strong></span> <span class='ocrx_word' id='word_1_456' title='bbox 358 3817 451 3869; x_wconf 80' lang='grc' dir='ltr'><strong>καὶ</strong></span> <span class='ocrx_word' id='word_1_457' title='bbox 487 3814 561 3886; x_wconf 84' lang='grc' dir='ltr'>μὴ</span> <span class='ocrx_word' id='word_1_458' title='bbox 580 3812 849 3868; x_wconf 76' lang='grc' dir='ltr'>διαλιπεῖν</span> <span class='ocrx_word' id='word_1_459' title='bbox 892 3810 1250 3866; x_wconf 76' lang='grc' dir='ltr'>νουθετοῦντα</span> <span class='ocrx_word' id='word_1_460' title='bbox 1301 3810 1390 3863; x_wconf 85' lang='grc' dir='ltr'>διὰ</span> <span class='ocrx_word' id='word_1_461' title='bbox 1424 3809 1538 3880; x_wconf 86' lang='grc' dir='ltr'>βίου</span> <span class='ocrx_word' id='word_1_462' title='bbox 1570 3808 1791 3872; x_wconf 87' lang='grc' dir='ltr'>παντὸς,</span> 
     </span>
    </p>
   </div>
   <div class='ocr_carea' id='block_1_66' title="bbox 191 3897 1791 3980">
    <p class='ocr_par' dir='ltr' id='par_1_66' title="bbox 191 3897 1791 3980">
     <span class='ocr_line' id='line_1_66' title="bbox 191 3897 1791 3980; baseline -0.009 -18"><span class='ocrx_word' id='word_1_463' title='bbox 191 3906 357 3980; x_wconf 83' lang='grc' dir='ltr'>ἄχρις</span> <span class='ocrx_word' id='word_1_464' title='bbox 412 3900 473 3961; x_wconf 75' lang='grc' dir='ltr'>οὗ</span> <span class='ocrx_word' id='word_1_465' title='bbox 500 3905 562 3959; x_wconf 82' lang='grc' dir='ltr'><strong>τὸ</strong></span> <span class='ocrx_word' id='word_1_466' title='bbox 620 3905 883 3977; x_wconf 87' lang='grc' dir='ltr'>σήμερον,</span> <span class='ocrx_word' id='word_1_467' title='bbox 918 3904 1013 3956; x_wconf 75' lang='grc' dir='ltr'><strong>καὶ</strong></span> <span class='ocrx_word' id='word_1_468' title='bbox 1041 3902 1216 3965; x_wconf 77' lang='grc' dir='ltr'>οὓτως</span> <span class='ocrx_word' id='word_1_469' title='bbox 1253 3901 1346 3953; x_wconf 79' lang='grc' dir='ltr'><strong>ἐπὶ</strong></span> <span class='ocrx_word' id='word_1_470' title='bbox 1377 3898 1476 3971; x_wconf 84' lang='grc' dir='ltr'>τὴν</span> <span class='ocrx_word' id='word_1_471' title='bbox 1509 3897 1659 3951; x_wconf 86' lang='grc' dir='ltr'>θείαν</span> <span class='ocrx_word' id='word_1_472' title='bbox 1691 3897 1791 3950; x_wconf 80' lang='grc' dir='ltr'>αὐ-</span> 
     </span>
    </p>
   </div>
   <div class='ocr_carea' id='block_1_67' title="bbox 187 3986 1795 4063">
    <p class='ocr_par' dir='ltr' id='par_1_67' title="bbox 187 3986 1795 4063">
     <span class='ocr_line' id='line_1_67' title="bbox 187 3986 1795 4063; baseline -0.006 -15"><span class='ocrx_word' id='word_1_473' title='bbox 187 3996 324 4058; x_wconf 82' lang='grc' dir='ltr'>τοὺς</span> <span class='ocrx_word' id='word_1_474' title='bbox 362 3994 591 4063; x_wconf 82' lang='grc' dir='ltr'>ἀγαγεῖν</span> <span class='ocrx_word' id='word_1_475' title='bbox 625 3992 851 4063; x_wconf 89' lang='grc' dir='ltr'>γνῶσιν,</span> <span class='ocrx_word' id='word_1_476' title='bbox 884 3991 961 4055; x_wconf 84' lang='grc' dir='ltr'>ὡς</span> <span class='ocrx_word' id='word_1_477' title='bbox 989 3991 1055 4045; x_wconf 83' lang='grc' dir='ltr'>ἂν</span> <span class='ocrx_word' id='word_1_478' title='bbox 1089 3991 1189 4061; x_wconf 73' lang='grc' dir='ltr'>ἤδη</span> <span class='ocrx_word' id='word_1_479' title='bbox 1224 3990 1320 4043; x_wconf 72' lang='grc' dir='ltr'><strong>καὶ</strong></span> <span class='ocrx_word' id='word_1_480' title='bbox 1377 3988 1486 4042; x_wconf 91' lang='grc' dir='ltr'><strong>τῶν</strong></span> <span class='ocrx_word' id='word_1_481' title='bbox 1516 3986 1795 4058; x_wconf 76' lang='grc' dir='ltr'>ἀμφισϐη-</span> 
     </span>
    </p>
   </div>
   <div class='ocr_carea' id='block_1_68' title="bbox 190 4080 1794 4158">
    <p class='ocr_par' dir='ltr' id='par_1_68' title="bbox 190 4080 1794 4158">
     <span class='ocr_line' id='line_1_68' title="bbox 190 4080 1794 4158; baseline -0.005 -18"><span class='ocrx_word' id='word_1_482' title='bbox 190 4087 445 4158; x_wconf 87' lang='grc' dir='ltr'>τησίμων</span> <span class='ocrx_word' id='word_1_483' title='bbox 478 4088 665 4150; x_wconf 84' lang='grc' dir='ltr'>αὐτοῖς</span> <span class='ocrx_word' id='word_1_484' title='bbox 695 4084 1054 4157; x_wconf 87' lang='grc' dir='ltr'>κρινομένων,</span> <span class='ocrx_word' id='word_1_485' title='bbox 1090 4084 1185 4137; x_wconf 76' lang='grc' dir='ltr'><strong>καὶ</strong></span> <span class='ocrx_word' id='word_1_486' title='bbox 1214 4082 1324 4135; x_wconf 90' lang='grc' dir='ltr'><strong>τῶν</strong></span> <span class='ocrx_word' id='word_1_487' title='bbox 1351 4081 1563 4151; x_wconf 85' lang='grc' dir='ltr'>ἀλόγως</span> <span class='ocrx_word' id='word_1_488' title='bbox 1591 4080 1794 4152; x_wconf 91' lang='grc' dir='ltr'>θρασυ-</span> 
     </span>
    </p>
   </div>
   <div class='ocr_carea' id='block_1_69' title="bbox 188 4173 1790 4252">
    <p class='ocr_par' dir='ltr' id='par_1_69' title="bbox 188 4173 1790 4252">
     <span class='ocr_line' id='line_1_69' title="bbox 188 4173 1790 4252; baseline -0.007 -17"><span class='ocrx_word' id='word_1_489' title='bbox 188 4180 437 4252; x_wconf 84' lang='grc' dir='ltr'>νομένων</span> <span class='ocrx_word' id='word_1_490' title='bbox 498 4178 708 4251; x_wconf 85' lang='grc' dir='ltr'>ἐννόμῳ</span> <span class='ocrx_word' id='word_1_491' title='bbox 752 4177 875 4249; x_wconf 86' lang='grc' dir='ltr'>δίκῃ</span> <span class='ocrx_word' id='word_1_492' title='bbox 938 4178 1234 4248; x_wconf 82' lang='grc' dir='ltr'>σωφρονεῖν</span> <span class='ocrx_word' id='word_1_493' title='bbox 1294 4173 1752 4245; x_wconf 80' lang='grc' dir='ltr'>ἀναγκαζομένων</span> <span class='ocrx_word' id='word_1_494' title='bbox 1778 4190 1790 4202; x_wconf 85' lang='grc'><strong>·</strong></span> 
     </span>
    </p>
   </div>
   <div class='ocr_carea' id='block_1_70' title="bbox 192 4258 1795 4341">
    <p class='ocr_par' dir='ltr' id='par_1_70' title="bbox 192 4258 1795 4341">
     <span class='ocr_line' id='line_1_70' title="bbox 192 4258 1795 4341; baseline -0.006 -15"><span class='ocrx_word' id='word_1_495' title='bbox 192 4271 314 4326; x_wconf 78' lang='grc' dir='ltr'>ἀλλ’</span> <span class='ocrx_word' id='word_1_496' title='bbox 361 4271 419 4324; x_wconf 90' lang='grc' dir='ltr'><strong>ἐν</strong></span> <span class='ocrx_word' id='word_1_497' title='bbox 465 4269 643 4341; x_wconf 86' lang='grc' dir='ltr'>ἐαυτῷ</span> <span class='ocrx_word' id='word_1_498' title='bbox 693 4268 768 4340; x_wconf 83' lang='grc' dir='ltr'>μὴ</span> <span class='ocrx_word' id='word_1_499' title='bbox 820 4266 1084 4339; x_wconf 89' lang='grc' dir='ltr'>πρότερον</span> <span class='ocrx_word' id='word_1_500' title='bbox 1130 4267 1287 4320; x_wconf 80' lang='grc' dir='ltr'>τοῦτο</span> <span class='ocrx_word' id='word_1_501' title='bbox 1321 4264 1531 4329; x_wconf 88' lang='grc' dir='ltr'>παθὼν,</span> <span class='ocrx_word' id='word_1_502' title='bbox 1566 4265 1665 4317; x_wconf 78' lang='grc' dir='ltr'><strong>οὐκ</strong></span> <span class='ocrx_word' id='word_1_503' title='bbox 1697 4258 1795 4316; x_wconf 79' lang='grc' dir='ltr'>οἶδ’</span> 
     </span>
    </p>
   </div>
   <div class='ocr_carea' id='block_1_71' title="bbox 192 4355 1797 4431">
    <p class='ocr_par' dir='ltr' id='par_1_71' title="bbox 192 4355 1797 4431">
     <span class='ocr_line' id='line_1_71' title="bbox 192 4355 1797 4431; baseline -0.006 -15"><span class='ocrx_word' id='word_1_504' title='bbox 192 4364 353 4426; x_wconf 86' lang='grc' dir='ltr'>ὁπως</span> <span class='ocrx_word' id='word_1_505' title='bbox 384 4361 529 4425; x_wconf 86' lang='grc' dir='ltr'>τότε,</span> <span class='ocrx_word' id='word_1_506' title='bbox 566 4358 770 4431; x_wconf 87' lang='grc' dir='ltr'>πολλήν</span> <span class='ocrx_word' id='word_1_507' title='bbox 802 4374 925 4411; x_wconf 89' lang='grc' dir='ltr'>τινα</span> <span class='ocrx_word' id='word_1_508' title='bbox 956 4356 1055 4429; x_wconf 79' lang='grc' dir='ltr'>τὴν</span> <span class='ocrx_word' id='word_1_509' title='bbox 1083 4355 1408 4428; x_wconf 84' lang='grc' dir='ltr'>δυσμένειαν</span> <span class='ocrx_word' id='word_1_510' title='bbox 1448 4357 1541 4409; x_wconf 76' lang='grc' dir='ltr'><strong>καὶ</strong></span> <span class='ocrx_word' id='word_1_511' title='bbox 1572 4355 1672 4426; x_wconf 87' lang='grc' dir='ltr'>τὴν</span> <span class='ocrx_word' id='word_1_512' title='bbox 1706 4370 1797 4407; x_wconf 86' lang='grc' dir='ltr'>πι-</span> 
     </span>
    </p>
   </div>
   <div class='ocr_carea' id='block_1_72' title="bbox 190 4446 1797 4528">
    <p class='ocr_par' dir='ltr' id='par_1_72' title="bbox 190 4446 1797 4528">
     <span class='ocr_line' id='line_1_72' title="bbox 190 4446 1797 4528; baseline -0.007 -19"><span class='ocrx_word' id='word_1_513' title='bbox 190 4455 361 4528; x_wconf 81' lang='grc' dir='ltr'>κρίαν</span> <span class='ocrx_word' id='word_1_514' title='bbox 387 4454 430 4486; x_wconf 65' lang='grc'><strong>’⁸</strong></span> <span class='ocrx_word' id='word_1_515' title='bbox 459 4452 709 4525; x_wconf 80' lang='grc' dir='ltr'>ἐντήξας,</span> <span class='ocrx_word' id='word_1_516' title='bbox 737 4450 1030 4523; x_wconf 88' lang='grc' dir='ltr'>ἐκοιμήθη,</span> <span class='ocrx_word' id='word_1_517' title='bbox 1079 4448 1385 4521; x_wconf 90' lang='grc' dir='ltr'>κατεδάρθη</span> <span class='ocrx_word' id='word_1_518' title='bbox 1420 4448 1462 4480; x_wconf 81' lang='grc'><strong>¹⁹</strong></span> <span class='ocrx_word' id='word_1_519' title='bbox 1501 4449 1620 4519; x_wconf 79' lang='grc' dir='ltr'>μὲν,</span> <span class='ocrx_word' id='word_1_520' title='bbox 1654 4446 1797 4499; x_wconf 77' lang='grc' dir='ltr'>οὕτω</span> 
     </span>
    </p>
   </div>
   <div class='ocr_carea' id='block_1_73' title="bbox 193 4537 1784 4617">
    <p class='ocr_par' dir='ltr' id='par_1_73' title="bbox 193 4537 1784 4617">
     <span class='ocr_line' id='line_1_73' title="bbox 193 4537 1784 4617; baseline -0.006 -16"><span class='ocrx_word' id='word_1_521' title='bbox 193 4544 393 4610; x_wconf 84' lang='grc' dir='ltr'>κακῶς</span> <span class='ocrx_word' id='word_1_522' title='bbox 424 4544 587 4617; x_wconf 75' lang='grc' dir='ltr'>ἔχων,</span> <span class='ocrx_word' id='word_1_523' title='bbox 622 4543 857 4616; x_wconf 78' lang='grc' dir='ltr'>(ἑσπέρα</span> <span class='ocrx_word' id='word_1_524' title='bbox 890 4542 1000 4615; x_wconf 86' lang='grc' dir='ltr'>γὰρ</span> <span class='ocrx_word' id='word_1_525' title='bbox 1041 4537 1166 4613; x_wconf 80' lang='grc' dir='ltr'><strong>ἦν’)</strong></span> <span class='ocrx_word' id='word_1_526' title='bbox 1220 4542 1349 4613; x_wconf 72' lang='grc' dir='ltr'>περὶ</span> <span class='ocrx_word' id='word_1_527' title='bbox 1381 4541 1436 4594; x_wconf 89' lang='grc' dir='ltr'>δὲ</span> <span class='ocrx_word' id='word_1_528' title='bbox 1472 4543 1642 4612; x_wconf 86' lang='grc' dir='ltr'>μέσας</span> <span class='ocrx_word' id='word_1_529' title='bbox 1699 4539 1784 4593; x_wconf 78' lang='grc' dir='ltr'><strong>νύ-</strong></span> 
     </span>
    </p>
   </div>
   <div class='ocr_carea' id='block_1_74' title="bbox 194 4630 1798 4705">
    <p class='ocr_par' dir='ltr' id='par_1_74' title="bbox 194 4630 1798 4705">
     <span class='ocr_line' id='line_1_74' title="bbox 194 4630 1798 4705; baseline -0.002 -20"><span class='ocrx_word' id='word_1_530' title='bbox 194 4649 357 4697; x_wconf 83' lang='grc' dir='ltr'>κτας,</span> <span class='ocrx_word' id='word_1_531' title='bbox 390 4631 717 4705; x_wconf 85' lang='grc' dir='ltr'>(είώθειγὰρ</span> <span class='ocrx_word' id='word_1_532' title='bbox 750 4633 830 4695; x_wconf 82' lang='grc' dir='ltr'>εἰς</span> <span class='ocrx_word' id='word_1_533' title='bbox 861 4631 1009 4684; x_wconf 86' lang='grc' dir='ltr'>τόνδε</span> <span class='ocrx_word' id='word_1_534' title='bbox 1038 4631 1128 4683; x_wconf 78' lang='grc' dir='ltr'><strong>τὸν</strong></span> <span class='ocrx_word' id='word_1_535' title='bbox 1156 4631 1346 4702; x_wconf 78' lang='grc' dir='ltr'>καιρὸν</span> <span class='ocrx_word' id='word_1_536' title='bbox 1367 4630 1528 4694; x_wconf 81' lang='grc' dir='ltr'>αὐτὸς</span> <span class='ocrx_word' id='word_1_537' title='bbox 1559 4632 1645 4699; x_wconf 82' lang='grc' dir='ltr'><strong>ἐφ’</strong></span> <span class='ocrx_word' id='word_1_538' title='bbox 1669 4632 1798 4685; x_wconf 81' lang='grc' dir='ltr'>ἐαυ-</span> 
     </span>
    </p>
   </div>
   <div class='ocr_carea' id='block_1_75' title="bbox 192 4725 1797 4802">
    <p class='ocr_par' dir='ltr' id='par_1_75' title="bbox 192 4725 1797 4802">
     <span class='ocr_line' id='line_1_75' title="bbox 192 4725 1797 4802; baseline -0.001 -23"><span class='ocrx_word' id='word_1_539' title='bbox 192 4726 295 4780; x_wconf 80' lang='grc' dir='ltr'>τοῦ</span> <span class='ocrx_word' id='word_1_540' title='bbox 318 4728 456 4802; x_wconf 81' lang='grc' dir='ltr'>πρὸς</span> <span class='ocrx_word' id='word_1_541' title='bbox 487 4728 613 4791; x_wconf 75' lang='grc' dir='ltr'>τοὺς</span> <span class='ocrx_word' id='word_1_542' title='bbox 651 4728 829 4790; x_wconf 85' lang='grc' dir='ltr'>θείους</span> <span class='ocrx_word' id='word_1_543' title='bbox 863 4726 1063 4797; x_wconf 76' lang='grc' dir='ltr'>ὕμνους</span> <span class='ocrx_word' id='word_1_544' title='bbox 1091 4725 1500 4797; x_wconf 87' lang='grc' dir='ltr'>ἐγρηγορέναι),</span> <span class='ocrx_word' id='word_1_545' title='bbox 1527 4725 1797 4779; x_wconf 84' lang='grc' dir='ltr'>διανίστα-</span> 
     </span>
    </p>
   </div>
   <div class='ocr_carea' id='block_1_76' title="bbox 193 4815 1793 4887">
    <p class='ocr_par' dir='ltr' id='par_1_76' title="bbox 193 4815 1793 4887">
     <span class='ocr_line' id='line_1_76' title="bbox 193 4815 1793 4887; baseline -0.003 -14"><span class='ocrx_word' id='word_1_546' title='bbox 193 4837 289 4874; x_wconf 85' lang='grc' dir='ltr'><strong>ται</strong></span> <span class='ocrx_word' id='word_1_547' title='bbox 326 4819 425 4887; x_wconf 81' lang='grc' dir='ltr'><strong>μὲν</strong></span> <span class='ocrx_word' id='word_1_548' title='bbox 464 4819 584 4872; x_wconf 80' lang='grc' dir='ltr'>οὐδὲ</span> <span class='ocrx_word' id='word_1_549' title='bbox 614 4818 722 4872; x_wconf 90' lang='grc' dir='ltr'><strong>τῶν</strong></span> <span class='ocrx_word' id='word_1_550' title='bbox 768 4818 950 4871; x_wconf 77' lang='grc' dir='ltr'>ὕπνων</span> <span class='ocrx_word' id='word_1_551' title='bbox 1007 4815 1209 4881; x_wconf 83' lang='grc' dir='ltr'>αὐτῶν,</span> <span class='ocrx_word' id='word_1_552' title='bbox 1267 4816 1477 4876; x_wconf 87' lang='grc' dir='ltr'>πολλῶν</span> <span class='ocrx_word' id='word_1_553' title='bbox 1509 4833 1573 4885; x_wconf 93' lang='grc' dir='ltr'><strong>γε</strong></span> <span class='ocrx_word' id='word_1_554' title='bbox 1604 4815 1793 4877; x_wconf 73' lang='grc' dir='ltr'>ὄντων,</span> 
     </span>
    </p>
   </div>
   <div class='ocr_carea' id='block_1_77' title="bbox 196 4907 1797 4984">
    <p class='ocr_par' dir='ltr' id='par_1_77' title="bbox 196 4907 1797 4984">
     <span class='ocr_line' id='line_1_77' title="bbox 196 4907 1797 4984; baseline -0.004 -17"><span class='ocrx_word' id='word_1_555' title='bbox 196 4914 298 4968; x_wconf 72' lang='grc' dir='ltr'><strong>καὶ</strong></span> <span class='ocrx_word' id='word_1_556' title='bbox 330 4914 418 4966; x_wconf 72' lang='grc' dir='ltr'><strong>ἀεὶ</strong></span> <span class='ocrx_word' id='word_1_557' title='bbox 447 4912 867 4984; x_wconf 88' lang='grc' dir='ltr'>ἐγκοπτομένων</span> <span class='ocrx_word' id='word_1_558' title='bbox 888 4912 955 4976; x_wconf 72' lang='grc'><strong>’⁸,</strong></span> <span class='ocrx_word' id='word_1_559' title='bbox 1006 4910 1110 4977; x_wconf 77' lang='grc' dir='ltr'><strong>ἔξω</strong></span> <span class='ocrx_word' id='word_1_560' title='bbox 1130 4909 1375 4981; x_wconf 86' lang='grc' dir='ltr'>ταραχῆς</span> <span class='ocrx_word' id='word_1_561' title='bbox 1436 4907 1797 4981; x_wconf 82' lang='grc' dir='ltr'>παραπολαύ-</span> 
     </span>
    </p>
   </div>
   <div class='ocr_carea' id='block_1_78' title="bbox 200 5007 1799 5082">
    <p class='ocr_par' dir='ltr' id='par_1_78' title="bbox 200 5007 1799 5082">
     <span class='ocr_line' id='line_1_78' title="bbox 200 5007 1799 5082; baseline -0.003 -17"><span class='ocrx_word' id='word_1_562' title='bbox 200 5029 343 5075; x_wconf 87' lang='grc' dir='ltr'>σας·</span> <span class='ocrx_word' id='word_1_563' title='bbox 416 5011 586 5075; x_wconf 83' lang='grc' dir='ltr'>ἑστὼς</span> <span class='ocrx_word' id='word_1_564' title='bbox 637 5010 694 5065; x_wconf 80' lang='grc' dir='ltr'>δὲ</span> <span class='ocrx_word' id='word_1_565' title='bbox 738 5011 889 5082; x_wconf 83' lang='grc' dir='ltr'>ὅμως</span> <span class='ocrx_word' id='word_1_566' title='bbox 947 5012 1027 5074; x_wconf 87' lang='grc' dir='ltr'><strong>είς</strong></span> <span class='ocrx_word' id='word_1_567' title='bbox 1073 5011 1172 5081; x_wconf 79' lang='grc' dir='ltr'>τὴν</span> <span class='ocrx_word' id='word_1_568' title='bbox 1227 5009 1377 5062; x_wconf 89' lang='grc' dir='ltr'>θείαν</span> <span class='ocrx_word' id='word_1_569' title='bbox 1434 5007 1649 5080; x_wconf 87' lang='grc' dir='ltr'>ὁμιλίαν</span> <span class='ocrx_word' id='word_1_570' title='bbox 1698 5009 1799 5061; x_wconf 83' lang='grc' dir='ltr'><strong>οὐκ</strong></span> 
     </span>
    </p>
   </div>
   <div class='ocr_carea' id='block_1_79' title="bbox 198 5098 1800 5174">
    <p class='ocr_par' dir='ltr' id='par_1_79' title="bbox 198 5098 1800 5174">
     <span class='ocr_line' id='line_1_79' title="bbox 198 5098 1800 5174; baseline -0.002 -15"><span class='ocrx_word' id='word_1_571' title='bbox 198 5103 421 5173; x_wconf 78' lang='grc' dir='ltr'>εὐαγῶς</span> <span class='ocrx_word' id='word_1_572' title='bbox 463 5104 656 5174; x_wconf 84' lang='grc' dir='ltr'>ήνιᾶτο</span> <span class='ocrx_word' id='word_1_573' title='bbox 689 5142 703 5165; x_wconf 95' lang='grc'><strong>,</strong></span> <span class='ocrx_word' id='word_1_574' title='bbox 753 5104 847 5155; x_wconf 82' lang='grc' dir='ltr'><strong>καὶ</strong></span> <span class='ocrx_word' id='word_1_575' title='bbox 903 5101 1315 5173; x_wconf 82' lang='grc' dir='ltr'>ἐδυσχέραινεν,</span> <span class='ocrx_word' id='word_1_576' title='bbox 1373 5102 1473 5155; x_wconf 75' lang='grc' dir='ltr'><strong>οὐκ</strong></span> <span class='ocrx_word' id='word_1_577' title='bbox 1537 5098 1677 5155; x_wconf 79' lang='grc' dir='ltr'>εἶναι</span> <span class='ocrx_word' id='word_1_578' title='bbox 1722 5102 1800 5155; x_wconf 89' lang='grc' dir='ltr'>δί-</span> 
     </span>
    </p>
   </div>
   <div class='ocr_carea' id='block_1_80' title="bbox 198 5193 1796 5267">
    <p class='ocr_par' dir='ltr' id='par_1_80' title="bbox 198 5193 1796 5267">
     <span class='ocr_line' id='line_1_80' title="bbox 198 5193 1796 5267; baseline -0.005 -12"><span class='ocrx_word' id='word_1_579' title='bbox 198 5216 361 5256; x_wconf 86' lang='grc' dir='ltr'>καιον</span> <span class='ocrx_word' id='word_1_580' title='bbox 417 5198 611 5267; x_wconf 90' lang='grc' dir='ltr'>λέγων,</span> <span class='ocrx_word' id='word_1_581' title='bbox 660 5199 709 5250; x_wconf 86' lang='grc' dir='ltr'><strong>εί</strong></span> <span class='ocrx_word' id='word_1_582' title='bbox 763 5195 901 5267; x_wconf 79' lang='grc' dir='ltr'>ζῷεν</span> <span class='ocrx_word' id='word_1_583' title='bbox 945 5194 1135 5267; x_wconf 78' lang='grc' dir='ltr'>ἄνδρες</span> <span class='ocrx_word' id='word_1_584' title='bbox 1190 5194 1359 5258; x_wconf 85' lang='grc' dir='ltr'>ἄθεοι,</span> <span class='ocrx_word' id='word_1_585' title='bbox 1401 5195 1496 5249; x_wconf 73' lang='grc' dir='ltr'><strong>καὶ</strong></span> <span class='ocrx_word' id='word_1_586' title='bbox 1543 5193 1796 5266; x_wconf 83' lang='grc' dir='ltr'>διαστρέ-</span> 
     </span>
    </p>
   </div>
   <div class='ocr_carea' id='block_1_81' title="bbox 199 5287 1795 5362">
    <p class='ocr_par' dir='ltr' id='par_1_81' title="bbox 199 5287 1795 5362">
     <span class='ocr_line' id='line_1_81' title="bbox 199 5287 1795 5362; baseline -0.004 -16"><span class='ocrx_word' id='word_1_587' title='bbox 199 5310 401 5362; x_wconf 76' lang='grc' dir='ltr'>φοντες</span> <span class='ocrx_word' id='word_1_588' title='bbox 431 5290 532 5355; x_wconf 86' lang='grc' dir='ltr'>τὰς</span> <span class='ocrx_word' id='word_1_589' title='bbox 563 5291 717 5353; x_wconf 82' lang='grc' dir='ltr'>ὁδοὺς</span> <span class='ocrx_word' id='word_1_590' title='bbox 768 5289 974 5360; x_wconf 85' lang='grc' dir='ltr'>Κυρίου</span> <span class='ocrx_word' id='word_1_591' title='bbox 1008 5287 1107 5350; x_wconf 82' lang='grc' dir='ltr'>τὰς</span> <span class='ocrx_word' id='word_1_592' title='bbox 1157 5287 1389 5350; x_wconf 81' lang='grc' dir='ltr'>εὐθείας.</span> <span class='ocrx_word' id='word_1_593' title='bbox 1439 5289 1547 5341; x_wconf 74' lang='grc' dir='ltr'>Καὶ</span> <span class='ocrx_word' id='word_1_594' title='bbox 1622 5287 1795 5340; x_wconf 84' lang='grc' dir='ltr'>ταῦτα</span> 
     </span>
    </p>
   </div>
   <div class='ocr_carea' id='block_1_82' title="bbox 1827 4602 1874 4658">
    <p class='ocr_par' dir='ltr' id='par_1_82' title="bbox 1827 4602 1874 4658">
     <span class='ocr_line' id='line_1_82' title="bbox 1827 4602 1874 4658; baseline 0 -2"><span class='ocrx_word' id='word_1_595' title='bbox 1827 4602 1874 4658; x_wconf 89' lang='lat' dir='ltr'><strong>D</strong></span> 
     </span>
    </p>
   </div>
   <div class='ocr_carea' id='block_1_83' title="bbox 1896 3250 3493 3325">
    <p class='ocr_par' dir='ltr' id='par_1_83' title="bbox 1896 3250 3493 3325">
     <span class='ocr_line' id='line_1_83' title="bbox 1896 3250 3493 3325; baseline -0.002 -17"><span class='ocrx_word' id='word_1_596' title='bbox 1896 3253 2118 3309; x_wconf 88' lang='lat' dir='ltr'><strong>ruisset.</strong></span> <span class='ocrx_word' id='word_1_597' title='bbox 2153 3250 2333 3320; x_wconf 85' lang='lat' dir='ltr'><strong>Ipsum</strong></span> <span class='ocrx_word' id='word_1_598' title='bbox 2362 3268 2493 3325; x_wconf 82' lang='lat' dir='ltr'><strong>ergo</strong></span> <span class='ocrx_word' id='word_1_599' title='bbox 2540 3253 2643 3324; x_wconf 91' lang='lat' dir='ltr'><strong>(uti</strong></span> <span class='ocrx_word' id='word_1_600' title='bbox 2704 3252 3001 3324; x_wconf 83' lang='lat' dir='ltr'><strong>referebat)</strong></span> <span class='ocrx_word' id='word_1_601' title='bbox 3054 3250 3290 3307; x_wconf 82' lang='lat' dir='ltr'><strong>inﬁdelis</strong></span> <span class='ocrx_word' id='word_1_602' title='bbox 3339 3253 3493 3322; x_wconf 88' lang='lat' dir='ltr'><strong>quis-</strong></span> 
     </span>
    </p>
   </div>
   <div class='ocr_carea' id='block_1_84' title="bbox 1896 3342 3489 3416">
    <p class='ocr_par' dir='ltr' id='par_1_84' title="bbox 1896 3342 3489 3416">
     <span class='ocr_line' id='line_1_84' title="bbox 1896 3342 3489 3416; baseline -0.002 -19"><span class='ocrx_word' id='word_1_603' title='bbox 1896 3342 2041 3413; x_wconf 86' lang='lat' dir='ltr'><strong>piam</strong></span> <span class='ocrx_word' id='word_1_604' title='bbox 2073 3344 2496 3399; x_wconf 84' lang='lat' dir='ltr'><strong>contristaverat</strong></span> <span class='ocrx_word' id='word_1_605' title='bbox 2544 3344 2862 3414; x_wconf 87' lang='lat' dir='ltr'><strong>aliquando,</strong></span> <span class='ocrx_word' id='word_1_606' title='bbox 2897 3342 3266 3416; x_wconf 62' lang='lat' dir='ltr'><strong>,tristitizeque</strong></span> <span class='ocrx_word' id='word_1_607' title='bbox 3318 3356 3489 3397; x_wconf 88' lang='lat' dir='ltr'><strong>causa</strong></span> 
     </span>
    </p>
   </div>
   <div class='ocr_carea' id='block_1_85' title="bbox 1897 3435 3493 3508">
    <p class='ocr_par' dir='ltr' id='par_1_85' title="bbox 1897 3435 3493 3508">
     <span class='ocr_line' id='line_1_85' title="bbox 1897 3435 3493 3508; baseline -0.001 -17"><span class='ocrx_word' id='word_1_608' title='bbox 1897 3447 2040 3503; x_wconf 89' lang='lat' dir='ltr'><strong>erat,</strong></span> <span class='ocrx_word' id='word_1_609' title='bbox 2067 3438 2211 3508; x_wconf 90' lang='lat' dir='ltr'><strong>quod</strong></span> <span class='ocrx_word' id='word_1_610' title='bbox 2237 3437 2327 3493; x_wconf 88' lang='lat' dir='ltr'><strong>ille</strong></span> <span class='ocrx_word' id='word_1_611' title='bbox 2366 3439 2438 3495; x_wconf 90' lang='lat' dir='ltr'><strong>ab</strong></span> <span class='ocrx_word' id='word_1_612' title='bbox 2470 3437 2720 3494; x_wconf 84' lang='lat' dir='ltr'><strong>Ecclesia</strong></span> <span class='ocrx_word' id='word_1_613' title='bbox 2752 3439 3043 3508; x_wconf 87' lang='lat' dir='ltr'><strong>quemdam</strong></span> <span class='ocrx_word' id='word_1_614' title='bbox 3089 3436 3156 3491; x_wconf 89' lang='lat' dir='ltr'><strong>ad</strong></span> <span class='ocrx_word' id='word_1_615' title='bbox 3191 3435 3493 3490; x_wconf 81' lang='lat' dir='ltr'><strong>inﬁdelita-</strong></span> 
     </span>
    </p>
   </div>
   <div class='ocr_carea' id='block_1_86' title="bbox 1902 3529 3493 3595">
    <p class='ocr_par' dir='ltr' id='par_1_86' title="bbox 1902 3529 3493 3595">
     <span class='ocr_line' id='line_1_86' title="bbox 1902 3529 3493 3595; baseline 0.001 -11"><span class='ocrx_word' id='word_1_616' title='bbox 1902 3533 1969 3586; x_wconf 86' lang='lat' dir='ltr'><strong>tis</strong></span> <span class='ocrx_word' id='word_1_617' title='bbox 2020 3546 2264 3586; x_wconf 89' lang='lat' dir='ltr'><strong>errorem</strong></span> <span class='ocrx_word' id='word_1_618' title='bbox 2319 3530 2628 3586; x_wconf 83' lang='lat' dir='ltr'><strong>seduxisset</strong></span> <span class='ocrx_word' id='word_1_619' title='bbox 2671 3548 2685 3595; x_wconf 93' lang='lat'><strong>;</strong></span> <span class='ocrx_word' id='word_1_620' title='bbox 2732 3547 2857 3586; x_wconf 90' lang='lat' dir='ltr'><strong>cum</strong></span> <span class='ocrx_word' id='word_1_621' title='bbox 2924 3530 3104 3585; x_wconf 84' lang='lat' dir='ltr'><strong>adhuc</strong></span> <span class='ocrx_word' id='word_1_622' title='bbox 3151 3529 3493 3586; x_wconf 86' lang='lat' dir='ltr'><strong>celebritatis</strong></span> 
     </span>
    </p>
   </div>
   <div class='ocr_carea' id='block_1_87' title="bbox 1898 3622 3488 3696">
    <p class='ocr_par' dir='ltr' id='par_1_87' title="bbox 1898 3622 3488 3696">
     <span class='ocr_line' id='line_1_87' title="bbox 1898 3622 3488 3696; baseline -0.003 -16"><span class='ocrx_word' id='word_1_623' title='bbox 1898 3642 2019 3696; x_wconf 66' lang='lat' dir='ltr'><strong>qua:</strong></span> <span class='ocrx_word' id='word_1_624' title='bbox 2070 3626 2138 3682; x_wconf 89' lang='lat' dir='ltr'><strong>ab</strong></span> <span class='ocrx_word' id='word_1_625' title='bbox 2169 3625 2445 3680; x_wconf 80' lang='lat' dir='ltr'><strong>hilaritate</strong></span> <span class='ocrx_word' id='word_1_626' title='bbox 2497 3639 2695 3679; x_wconf 91' lang='lat' dir='ltr'><strong>nomen</strong></span> <span class='ocrx_word' id='word_1_627' title='bbox 2756 3622 2989 3694; x_wconf 85' lang='lat' dir='ltr'><strong>accepit,</strong></span> <span class='ocrx_word' id='word_1_628' title='bbox 3017 3623 3135 3678; x_wconf 89' lang='lat' dir='ltr'><strong>dies</strong></span> <span class='ocrx_word' id='word_1_629' title='bbox 3170 3633 3488 3693; x_wconf 77' lang='lat' dir='ltr'><strong>agerentur.</strong></span> 
     </span>
    </p>
   </div>
   <div class='ocr_carea' id='block_1_88' title="bbox 1898 3716 3494 3789">
    <p class='ocr_par' dir='ltr' id='par_1_88' title="bbox 1898 3716 3494 3789">
     <span class='ocr_line' id='line_1_88' title="bbox 1898 3716 3494 3789; baseline -0.002 -17"><span class='ocrx_word' id='word_1_630' title='bbox 1898 3722 1978 3773; x_wconf 84' lang='lat' dir='ltr'><strong>Ac</strong></span> <span class='ocrx_word' id='word_1_631' title='bbox 2012 3734 2112 3789; x_wconf 93' lang='lat' dir='ltr'><strong>pro</strong></span> <span class='ocrx_word' id='word_1_632' title='bbox 2144 3720 2389 3789; x_wconf 90' lang='lat' dir='ltr'><strong>utrisque</strong></span> <span class='ocrx_word' id='word_1_633' title='bbox 2438 3717 2703 3775; x_wconf 88' lang='lat' dir='ltr'><strong>benevole</strong></span> <span class='ocrx_word' id='word_1_634' title='bbox 2733 3716 2877 3772; x_wconf 90' lang='lat' dir='ltr'><strong>Deus</strong></span> <span class='ocrx_word' id='word_1_635' title='bbox 2937 3716 3131 3771; x_wconf 80' lang='lat' dir='ltr'><strong>fuisset</strong></span> <span class='ocrx_word' id='word_1_636' title='bbox 3179 3718 3494 3771; x_wconf 83' lang='lat' dir='ltr'><strong>exorandus</strong></span> 
     </span>
    </p>
   </div>
   <div class='ocr_carea' id='block_1_89' title="bbox 1902 3805 3492 3877">
    <p class='ocr_par' dir='ltr' id='par_1_89' title="bbox 1902 3805 3492 3877">
     <span class='ocr_line' id='line_1_89' title="bbox 1902 3805 3492 3877; baseline -0.002 -14"><span class='ocrx_word' id='word_1_637' title='bbox 1902 3819 1960 3863; x_wconf 91' lang='lat' dir='ltr'><strong>nt</strong></span> <span class='ocrx_word' id='word_1_638' title='bbox 1986 3809 2188 3864; x_wconf 86' lang='lat' dir='ltr'><strong>auxilio</strong></span> <span class='ocrx_word' id='word_1_639' title='bbox 2214 3807 2440 3864; x_wconf 92' lang='lat' dir='ltr'><strong>salutari</strong></span> <span class='ocrx_word' id='word_1_640' title='bbox 2463 3807 2698 3863; x_wconf 91' lang='lat' dir='ltr'><strong>alterum</strong></span> <span class='ocrx_word' id='word_1_641' title='bbox 2753 3806 2974 3877; x_wconf 90' lang='lat' dir='ltr'><strong>quidem</strong></span> <span class='ocrx_word' id='word_1_642' title='bbox 3004 3805 3073 3861; x_wconf 92' lang='lat' dir='ltr'><strong>ab</strong></span> <span class='ocrx_word' id='word_1_643' title='bbox 3123 3820 3311 3862; x_wconf 83' lang='lat' dir='ltr'><strong>errore</strong></span> <span class='ocrx_word' id='word_1_644' title='bbox 3356 3819 3492 3861; x_wconf 84' lang='lat' dir='ltr'><strong>con-</strong></span> 
     </span>
    </p>
   </div>
   <div class='ocr_carea' id='block_1_90' title="bbox 1899 3900 3493 3969">
    <p class='ocr_par' dir='ltr' id='par_1_90' title="bbox 1899 3900 3493 3969">
     <span class='ocr_line' id='line_1_90' title="bbox 1899 3900 3493 3969; baseline -0.001 -13"><span class='ocrx_word' id='word_1_645' title='bbox 1899 3913 2159 3969; x_wconf 81' lang='lat' dir='ltr'><strong>verteret,</strong></span> <span class='ocrx_word' id='word_1_646' title='bbox 2183 3902 2417 3957; x_wconf 90' lang='lat' dir='ltr'><strong>alterum</strong></span> <span class='ocrx_word' id='word_1_647' title='bbox 2446 3915 2577 3957; x_wconf 88' lang='lat' dir='ltr'><strong>vero</strong></span> <span class='ocrx_word' id='word_1_648' title='bbox 2634 3900 2880 3956; x_wconf 86' lang='lat' dir='ltr'><strong>bonitate</strong></span> <span class='ocrx_word' id='word_1_649' title='bbox 2928 3908 3257 3969; x_wconf 89' lang='lat' dir='ltr'><strong>superaret;</strong></span> <span class='ocrx_word' id='word_1_650' title='bbox 3312 3913 3493 3969; x_wconf 87' lang='lat' dir='ltr'><strong>neque</strong></span> 
     </span>
    </p>
   </div>
   <div class='ocr_carea' id='block_1_91' title="bbox 1900 3991 3494 4062">
    <p class='ocr_par' dir='ltr' id='par_1_91' title="bbox 1900 3991 3494 4062">
     <span class='ocr_line' id='line_1_91' title="bbox 1900 3991 3494 4062; baseline -0.003 -12"><span class='ocrx_word' id='word_1_651' title='bbox 1900 3996 2273 4053; x_wconf 71' lang='lat' dir='ltr'><strong>dcs‘Stendum</strong></span> <span class='ocrx_word' id='word_1_652' title='bbox 2301 3993 2495 4051; x_wconf 83' lang='lat' dir='ltr'><strong>fuisset</strong></span> <span class='ocrx_word' id='word_1_653' title='bbox 2526 3993 2595 4049; x_wconf 88' lang='lat' dir='ltr'><strong>ab</strong></span> <span class='ocrx_word' id='word_1_654' title='bbox 2624 4007 2814 4049; x_wconf 85' lang='lat' dir='ltr'><strong>eorum</strong></span> <span class='ocrx_word' id='word_1_655' title='bbox 2850 4006 2946 4062; x_wconf 91' lang='lat' dir='ltr'><strong>per</strong></span> <span class='ocrx_word' id='word_1_656' title='bbox 2980 4002 3147 4046; x_wconf 90' lang='lat' dir='ltr'><strong>totam</strong></span> <span class='ocrx_word' id='word_1_657' title='bbox 3180 3992 3346 4046; x_wconf 89' lang='lat' dir='ltr'><strong>vitam</strong></span> <span class='ocrx_word' id='word_1_658' title='bbox 3390 3991 3494 4045; x_wconf 82' lang='lat' dir='ltr'><strong>ad-</strong></span> 
     </span>
    </p>
   </div>
   <div class='ocr_carea' id='block_1_92' title="bbox 1902 4083 3489 4154">
    <p class='ocr_par' dir='ltr' id='par_1_92' title="bbox 1902 4083 3489 4154">
     <span class='ocr_line' id='line_1_92' title="bbox 1902 4083 3489 4154; baseline -0.004 -12"><span class='ocrx_word' id='word_1_659' title='bbox 1902 4089 2230 4154; x_wconf 89' lang='lat' dir='ltr'><strong>monitione,</strong></span> <span class='ocrx_word' id='word_1_660' title='bbox 2261 4088 2434 4143; x_wconf 91' lang='lat' dir='ltr'><strong>donec</strong></span> <span class='ocrx_word' id='word_1_661' title='bbox 2464 4088 2681 4144; x_wconf 91' lang='lat' dir='ltr'><strong>tandem</strong></span> <span class='ocrx_word' id='word_1_662' title='bbox 2713 4085 2876 4142; x_wconf 88' lang='lat' dir='ltr'><strong>hodie</strong></span> <span class='ocrx_word' id='word_1_663' title='bbox 2906 4085 2990 4139; x_wconf 93' lang='lat' dir='ltr'><strong>vel</strong></span> <span class='ocrx_word' id='word_1_664' title='bbox 3023 4084 3102 4139; x_wconf 90' lang='lat' dir='ltr'><strong>sic</strong></span> <span class='ocrx_word' id='word_1_665' title='bbox 3137 4084 3207 4139; x_wconf 86' lang='lat' dir='ltr'><strong>ad</strong></span> <span class='ocrx_word' id='word_1_666' title='bbox 3246 4083 3489 4139; x_wconf 81' lang='lat' dir='ltr'><strong>divinam</strong></span> 
     </span>
    </p>
   </div>
   <div class='ocr_carea' id='block_1_93' title="bbox 1900 4174 3492 4251">
    <p class='ocr_par' dir='ltr' id='par_1_93' title="bbox 1900 4174 3492 4251">
     <span class='ocr_line' id='line_1_93' title="bbox 1900 4174 3492 4251; baseline -0.004 -16"><span class='ocrx_word' id='word_1_667' title='bbox 1900 4180 2270 4251; x_wconf 79' lang='lat' dir='ltr'><strong>cognitionem</strong></span> <span class='ocrx_word' id='word_1_668' title='bbox 2311 4187 2785 4250; x_wconf 87' lang='lat' dir='ltr'><strong>promoverentur,</strong></span> <span class='ocrx_word' id='word_1_669' title='bbox 2831 4185 3055 4246; x_wconf 90' lang='lat' dir='ltr'><strong>tumque</strong></span> <span class='ocrx_word' id='word_1_670' title='bbox 3102 4176 3319 4231; x_wconf 87' lang='lat' dir='ltr'><strong>demum</strong></span> <span class='ocrx_word' id='word_1_671' title='bbox 3379 4174 3492 4230; x_wconf 88' lang='lat' dir='ltr'><strong>illis</strong></span> 
     </span>
    </p>
   </div>
   <div class='ocr_carea' id='block_1_94' title="bbox 1900 4272 3487 4344">
    <p class='ocr_par' dir='ltr' id='par_1_94' title="bbox 1900 4272 3487 4344">
     <span class='ocr_line' id='line_1_94' title="bbox 1900 4272 3487 4344; baseline -0.003 -17"><span class='ocrx_word' id='word_1_672' title='bbox 1900 4290 2022 4344; x_wconf 77' lang='lat' dir='ltr'><strong>quae</strong></span> <span class='ocrx_word' id='word_1_673' title='bbox 2074 4272 2325 4344; x_wconf 80' lang='lat' dir='ltr'><strong>ambigua</strong></span> <span class='ocrx_word' id='word_1_674' title='bbox 2363 4272 2688 4329; x_wconf 89' lang='lat' dir='ltr'><strong>videbantur</strong></span> <span class='ocrx_word' id='word_1_675' title='bbox 2728 4281 2783 4325; x_wconf 91' lang='lat' dir='ltr'><strong>et</strong></span> <span class='ocrx_word' id='word_1_676' title='bbox 2811 4272 3085 4336; x_wconf 89' lang='lat' dir='ltr'><strong>obscura,</strong></span> <span class='ocrx_word' id='word_1_677' title='bbox 3118 4277 3487 4339; x_wconf 90' lang='lat' dir='ltr'><strong>patescerent,</strong></span> 
     </span>
    </p>
   </div>
   <div class='ocr_carea' id='block_1_95' title="bbox 1900 4361 3493 4435">
    <p class='ocr_par' dir='ltr' id='par_1_95' title="bbox 1900 4361 3493 4435">
     <span class='ocr_line' id='line_1_95' title="bbox 1900 4361 3493 4435; baseline -0.001 -17"><span class='ocrx_word' id='word_1_678' title='bbox 1900 4376 1955 4418; x_wconf 91' lang='lat' dir='ltr'><strong>et</strong></span> <span class='ocrx_word' id='word_1_679' title='bbox 1987 4365 2054 4419; x_wconf 91' lang='lat' dir='ltr'><strong>ab</strong></span> <span class='ocrx_word' id='word_1_680' title='bbox 2090 4365 2158 4419; x_wconf 91' lang='lat' dir='ltr'><strong>iis</strong></span> <span class='ocrx_word' id='word_1_681' title='bbox 2193 4380 2315 4435; x_wconf 73' lang='lat' dir='ltr'><strong>qua:</strong></span> <span class='ocrx_word' id='word_1_682' title='bbox 2345 4375 2543 4435; x_wconf 81' lang='lat' dir='ltr'><strong>praeter</strong></span> <span class='ocrx_word' id='word_1_683' title='bbox 2564 4364 2834 4419; x_wconf 89' lang='lat' dir='ltr'><strong>rationem</strong></span> <span class='ocrx_word' id='word_1_684' title='bbox 2869 4361 3163 4419; x_wconf 87' lang='lat' dir='ltr'><strong>temerarie</strong></span> <span class='ocrx_word' id='word_1_685' title='bbox 3200 4361 3493 4416; x_wconf 84' lang='lat' dir='ltr'><strong>commise-</strong></span> 
     </span>
    </p>
   </div>
   <div class='ocr_carea' id='block_1_96' title="bbox 1900 4453 3489 4527">
    <p class='ocr_par' dir='ltr' id='par_1_96' title="bbox 1900 4453 3489 4527">
     <span class='ocr_line' id='line_1_96' title="bbox 1900 4453 3489 4527; baseline -0.003 -17"><span class='ocrx_word' id='word_1_686' title='bbox 1900 4465 2047 4521; x_wconf 88' lang='lat' dir='ltr'><strong>rant,</strong></span> <span class='ocrx_word' id='word_1_687' title='bbox 2077 4455 2407 4525; x_wconf 87' lang='lat' dir='ltr'><strong>resipiscere</strong></span> <span class='ocrx_word' id='word_1_688' title='bbox 2456 4453 2698 4526; x_wconf 80' lang='lat' dir='ltr'><strong>legitima</strong></span> <span class='ocrx_word' id='word_1_689' title='bbox 2728 4454 2960 4507; x_wconf 89' lang='lat' dir='ltr'><strong>veritate</strong></span> <span class='ocrx_word' id='word_1_690' title='bbox 2991 4461 3359 4527; x_wconf 80' lang='lat' dir='ltr'><strong>cogerentur;</strong></span> <span class='ocrx_word' id='word_1_691' title='bbox 3391 4466 3489 4505; x_wconf 86' lang='lat' dir='ltr'><strong>ne-</strong></span> 
     </span>
    </p>
   </div>
   <div class='ocr_carea' id='block_1_97' title="bbox 1901 4545 3495 4617">
    <p class='ocr_par' dir='ltr' id='par_1_97' title="bbox 1901 4545 3495 4617">
     <span class='ocr_line' id='line_1_97' title="bbox 1901 4545 3495 4617; baseline -0.004 -12"><span class='ocrx_word' id='word_1_692' title='bbox 1901 4548 2016 4605; x_wconf 90' lang='lat' dir='ltr'><strong>scio</strong></span> <span class='ocrx_word' id='word_1_693' title='bbox 2046 4562 2153 4617; x_wconf 92' lang='lat' dir='ltr'><strong>quo</strong></span> <span class='ocrx_word' id='word_1_694' title='bbox 2176 4555 2360 4617; x_wconf 90' lang='lat' dir='ltr'><strong>pacto,</strong></span> <span class='ocrx_word' id='word_1_695' title='bbox 2388 4560 2511 4601; x_wconf 90' lang='lat' dir='ltr'><strong>cum</strong></span> <span class='ocrx_word' id='word_1_696' title='bbox 2555 4545 2608 4600; x_wconf 91' lang='lat' dir='ltr'><strong>id</strong></span> <span class='ocrx_word' id='word_1_697' title='bbox 2633 4545 2709 4600; x_wconf 92' lang='lat' dir='ltr'><strong>illi</strong></span> <span class='ocrx_word' id='word_1_698' title='bbox 2737 4555 2895 4600; x_wconf 90' lang='lat' dir='ltr'><strong>antea</strong></span> <span class='ocrx_word' id='word_1_699' title='bbox 2949 4559 3224 4614; x_wconf 89' lang='lat' dir='ltr'><strong>nunquam</strong></span> <span class='ocrx_word' id='word_1_700' title='bbox 3280 4546 3495 4601; x_wconf 86' lang='lat' dir='ltr'><strong>evenis-</strong></span> 
     </span>
    </p>
   </div>
   <div class='ocr_carea' id='block_1_98' title="bbox 1904 4639 3494 4709">
    <p class='ocr_par' dir='ltr' id='par_1_98' title="bbox 1904 4639 3494 4709">
     <span class='ocr_line' id='line_1_98' title="bbox 1904 4639 3494 4709; baseline -0.003 -11"><span class='ocrx_word' id='word_1_701' title='bbox 1904 4650 2007 4707; x_wconf 89' lang='lat' dir='ltr'><strong>set,</strong></span> <span class='ocrx_word' id='word_1_702' title='bbox 2058 4649 2189 4695; x_wconf 90' lang='lat' dir='ltr'><strong>tunc</strong></span> <span class='ocrx_word' id='word_1_703' title='bbox 2236 4639 2549 4695; x_wconf 87' lang='lat' dir='ltr'><strong>vehementi</strong></span> <span class='ocrx_word' id='word_1_704' title='bbox 2583 4640 2820 4709; x_wconf 87' lang='lat' dir='ltr'><strong>quadam</strong></span> <span class='ocrx_word' id='word_1_705' title='bbox 2852 4639 3228 4709; x_wconf 80' lang='lat' dir='ltr'><strong>indignatione</strong></span> <span class='ocrx_word' id='word_1_706' title='bbox 3253 4648 3308 4695; x_wconf 89' lang='lat' dir='ltr'><strong>et</strong></span> <span class='ocrx_word' id='word_1_707' title='bbox 3337 4655 3494 4694; x_wconf 70' lang='lat' dir='ltr'><strong>ama~</strong></span> 
     </span>
    </p>
   </div>
   <div class='ocr_carea' id='block_1_99' title="bbox 1908 4729 3489 4803">
    <p class='ocr_par' dir='ltr' id='par_1_99' title="bbox 1908 4729 3489 4803">
     <span class='ocr_line' id='line_1_99' title="bbox 1908 4729 3489 4803; baseline 0.002 -20"><span class='ocrx_word' id='word_1_708' title='bbox 1908 4729 2148 4787; x_wconf 87' lang='lat' dir='ltr'><strong>ritudine</strong></span> <span class='ocrx_word' id='word_1_709' title='bbox 2179 4739 2439 4800; x_wconf 90' lang='lat' dir='ltr'><strong>concepta</strong></span> <span class='ocrx_word' id='word_1_710' title='bbox 2478 4731 2850 4785; x_wconf 88' lang='lat' dir='ltr'><strong>obdormierat</strong></span> <span class='ocrx_word' id='word_1_711' title='bbox 2882 4732 3101 4801; x_wconf 78' lang='lat' dir='ltr'><strong>(veSper</strong></span> <span class='ocrx_word' id='word_1_712' title='bbox 3145 4730 3292 4786; x_wconf 90' lang='lat' dir='ltr'><strong>enim</strong></span> <span class='ocrx_word' id='word_1_713' title='bbox 3322 4734 3489 4803; x_wconf 88' lang='lat' dir='ltr'><strong>erat);</strong></span> 
     </span>
    </p>
   </div>
   <div class='ocr_carea' id='block_1_100' title="bbox 1907 4820 3492 4893">
    <p class='ocr_par' dir='ltr' id='par_1_100' title="bbox 1907 4820 3492 4893">
     <span class='ocr_line' id='line_1_100' title="bbox 1907 4820 3492 4893; baseline 0.001 -16"><span class='ocrx_word' id='word_1_714' title='bbox 1907 4824 2053 4878; x_wconf 88' lang='lat' dir='ltr'><strong>circa</strong></span> <span class='ocrx_word' id='word_1_715' title='bbox 2079 4820 2312 4877; x_wconf 90' lang='lat' dir='ltr'><strong>mediam</strong></span> <span class='ocrx_word' id='word_1_716' title='bbox 2339 4836 2466 4878; x_wconf 91' lang='lat' dir='ltr'><strong>vero</strong></span> <span class='ocrx_word' id='word_1_717' title='bbox 2498 4831 2737 4887; x_wconf 91' lang='lat' dir='ltr'><strong>noctem,</strong></span> <span class='ocrx_word' id='word_1_718' title='bbox 2771 4837 2878 4890; x_wconf 91' lang='lat' dir='ltr'><strong>quo</strong></span> <span class='ocrx_word' id='word_1_719' title='bbox 2910 4831 3152 4893; x_wconf 91' lang='lat' dir='ltr'><strong>tempore</strong></span> <span class='ocrx_word' id='word_1_720' title='bbox 3180 4823 3250 4877; x_wconf 91' lang='lat' dir='ltr'><strong>ad</strong></span> <span class='ocrx_word' id='word_1_721' title='bbox 3274 4823 3492 4879; x_wconf 86' lang='lat' dir='ltr'><strong>divinos</strong></span> 
     </span>
    </p>
   </div>
   <div class='ocr_carea' id='block_1_101' title="bbox 1909 4913 3491 4988">
    <p class='ocr_par' dir='ltr' id='par_1_101' title="bbox 1909 4913 3491 4988">
     <span class='ocr_line' id='line_1_101' title="bbox 1909 4913 3491 4988; baseline 0.004 -20"><span class='ocrx_word' id='word_1_722' title='bbox 1909 4916 2145 4986; x_wconf 84' lang='lat' dir='ltr'><strong>hymnos</strong></span> <span class='ocrx_word' id='word_1_723' title='bbox 2174 4913 2435 4985; x_wconf 77' lang='lat' dir='ltr'><strong>evigilare</strong></span> <span class='ocrx_word' id='word_1_724' title='bbox 2461 4924 2847 4976; x_wconf 88' lang='lat' dir='ltr'><strong>consueverat,</strong></span> <span class='ocrx_word' id='word_1_725' title='bbox 2871 4929 3235 4984; x_wconf 82' lang='lat' dir='ltr'><strong>experrectus</strong></span> <span class='ocrx_word' id='word_1_726' title='bbox 3267 4919 3491 4988; x_wconf 89' lang='lat' dir='ltr'><strong>quidem</strong></span> 
     </span>
    </p>
   </div>
   <div class='ocr_carea' id='block_1_102' title="bbox 1905 5006 3460 5080">
    <p class='ocr_par' dir='ltr' id='par_1_102' title="bbox 1905 5006 3460 5080">
     <span class='ocr_line' id='line_1_102' title="bbox 1905 5006 3460 5080; baseline 0.001 -18"><span class='ocrx_word' id='word_1_727' title='bbox 1905 5008 2099 5080; x_wconf 77' lang='lat' dir='ltr'><strong>surgit,</strong></span> <span class='ocrx_word' id='word_1_728' title='bbox 2131 5022 2255 5063; x_wconf 92' lang='lat' dir='ltr'><strong>cum</strong></span> <span class='ocrx_word' id='word_1_729' title='bbox 2285 5022 2510 5063; x_wconf 89' lang='lat' dir='ltr'><strong>somnos</strong></span> <span class='ocrx_word' id='word_1_730' title='bbox 2565 5022 2759 5078; x_wconf 90' lang='lat' dir='ltr'><strong>parum</strong></span> <span class='ocrx_word' id='word_1_731' title='bbox 2807 5006 3022 5078; x_wconf 88' lang='lat' dir='ltr'><strong>quietos</strong></span> <span class='ocrx_word' id='word_1_732' title='bbox 3064 5010 3374 5080; x_wconf 88' lang='lat' dir='ltr'><strong>crebroque</strong></span> <span class='ocrx_word' id='word_1_733' title='bbox 3405 5010 3460 5064; x_wconf 95' lang='lat' dir='ltr'><strong>in</strong></span> 
     </span>
    </p>
   </div>
   <div class='ocr_carea' id='block_1_103' title="bbox 1906 5100 3459 5171">
    <p class='ocr_par' dir='ltr' id='par_1_103' title="bbox 1906 5100 3459 5171">
     <span class='ocr_line' id='line_1_103' title="bbox 1906 5100 3459 5171; baseline 0 -16"><span class='ocrx_word' id='word_1_734' title='bbox 1906 5108 2204 5171; x_wconf 87' lang='lat' dir='ltr'><strong>terruptos,</strong></span> <span class='ocrx_word' id='word_1_735' title='bbox 2230 5114 2331 5155; x_wconf 89' lang='lat' dir='ltr'><strong>nec</strong></span> <span class='ocrx_word' id='word_1_736' title='bbox 2356 5101 2564 5169; x_wconf 89' lang='lat' dir='ltr'><strong>absque</strong></span> <span class='ocrx_word' id='word_1_737' title='bbox 2596 5100 3011 5168; x_wconf 87' lang='lat' dir='ltr'><strong>perturbatione</strong></span> <span class='ocrx_word' id='word_1_738' title='bbox 3040 5102 3311 5171; x_wconf 87' lang='lat' dir='ltr'><strong>cepisset;</strong></span> <span class='ocrx_word' id='word_1_739' title='bbox 3334 5110 3459 5156; x_wconf 89' lang='lat' dir='ltr'><strong>stan</strong></span> 
     </span>
    </p>
   </div>
   <div class='ocr_carea' id='block_1_104' title="bbox 1904 5193 3462 5264">
    <p class='ocr_par' dir='ltr' id='par_1_104' title="bbox 1904 5193 3462 5264">
     <span class='ocr_line' id='line_1_104' title="bbox 1904 5193 3462 5264; baseline 0.001 -15"><span class='ocrx_word' id='word_1_740' title='bbox 1904 5205 2087 5251; x_wconf 89' lang='lat' dir='ltr'><strong>tamen</strong></span> <span class='ocrx_word' id='word_1_741' title='bbox 2140 5194 2209 5249; x_wconf 88' lang='lat' dir='ltr'><strong>ad</strong></span> <span class='ocrx_word' id='word_1_742' title='bbox 2266 5195 2449 5250; x_wconf 88' lang='lat' dir='ltr'><strong>divina</strong></span> <span class='ocrx_word' id='word_1_743' title='bbox 2496 5193 2814 5264; x_wconf 86' lang='lat' dir='ltr'><strong>colloquia,</strong></span> <span class='ocrx_word' id='word_1_744' title='bbox 2876 5210 2983 5251; x_wconf 91' lang='lat' dir='ltr'><strong>non</strong></span> <span class='ocrx_word' id='word_1_745' title='bbox 3061 5196 3195 5251; x_wconf 87' lang='lat' dir='ltr'><strong>satis</strong></span> <span class='ocrx_word' id='word_1_746' title='bbox 3241 5194 3462 5264; x_wconf 79' lang='lat' dir='ltr'><strong>religios</strong></span> 
     </span>
    </p>
   </div>
   <div class='ocr_carea' id='block_1_105' title="bbox 1906 5285 3483 5356">
    <p class='ocr_par' dir='ltr' id='par_1_105' title="bbox 1906 5285 3483 5356">
     <span class='ocr_line' id='line_1_105' title="bbox 1906 5285 3483 5356; baseline -0.001 -15"><span class='ocrx_word' id='word_1_747' title='bbox 1906 5287 2249 5353; x_wconf 86' lang='lat' dir='ltr'><strong>tristabatur,</strong></span> <span class='ocrx_word' id='word_1_748' title='bbox 2283 5286 2635 5356; x_wconf 78' lang='lat' dir='ltr'><strong>graviterque</strong></span> <span class='ocrx_word' id='word_1_749' title='bbox 2673 5287 2940 5352; x_wconf 79' lang='lat' dir='ltr'><strong>ierebat,’</strong></span> <span class='ocrx_word' id='word_1_750' title='bbox 2978 5286 3223 5356; x_wconf 92' lang='lat' dir='ltr'><strong>iniquum</strong></span> <span class='ocrx_word' id='word_1_751' title='bbox 3256 5300 3380 5342; x_wconf 70' lang='lat' dir='ltr'><strong>esse</strong></span> <span class='ocrx_word' id='word_1_752' title='bbox 3409 5285 3483 5341; x_wconf 35' lang='lat' dir='ltr'><strong>dit</strong></span> 
     </span>
    </p>
   </div>
   <div class='ocr_carea' id='block_1_106' title="bbox 1503 5463 2189 5521">
    <p class='ocr_par' dir='ltr' id='par_1_106' title="bbox 1503 5463 2189 5521">
     <span class='ocr_line' id='line_1_106' title="bbox 1503 5463 2189 5521; baseline -0.006 -1"><span class='ocrx_word' id='word_1_753' title='bbox 1503 5463 1737 5521; x_wconf 71' lang='lat' dir='ltr'><strong>VARIAE</strong></span> <span class='ocrx_word' id='word_1_754' title='bbox 1781 5463 2189 5519; x_wconf 78' lang='lat' dir='ltr'><strong>LECTIONES.</strong></span> 
     </span>
    </p>
   </div>
   <div class='ocr_carea' id='block_1_107' title="bbox 272 5602 2618 5671">
    <p class='ocr_par' dir='ltr' id='par_1_107' title="bbox 272 5602 2618 5671">
     <span class='ocr_line' id='line_1_107' title="bbox 272 5602 2618 5671; baseline -0 -10"><span class='ocrx_word' id='word_1_755' title='bbox 272 5611 295 5641; x_wconf 80' lang='grc'>⁸</span> <span class='ocrx_word' id='word_1_756' title='bbox 328 5604 642 5670; x_wconf 74' lang='grc' dir='ltr'>ἀδικοῦντες</span> <span class='ocrx_word' id='word_1_757' title='bbox 666 5646 681 5670; x_wconf 92' lang='grc'><strong>,</strong></span> <span class='ocrx_word' id='word_1_758' title='bbox 718 5605 780 5659; x_wconf 82' lang='grc'><strong>1).</strong></span> <span class='ocrx_word' id='word_1_759' title='bbox 856 5606 877 5635; x_wconf 74' lang='grc'>⁸</span> <span class='ocrx_word' id='word_1_760' title='bbox 914 5604 1027 5671; x_wconf 82' lang='lat' dir='ltr'><strong>lege</strong></span> <span class='ocrx_word' id='word_1_761' title='bbox 1063 5602 1495 5669; x_wconf 79' lang='grc' dir='ltr'>συνοικίσαντες,</span> <span class='ocrx_word' id='word_1_762' title='bbox 1535 5616 1592 5657; x_wconf 85' lang='grc' dir='ltr'><strong>ιιι</strong></span> <span class='ocrx_word' id='word_1_763' title='bbox 1627 5606 1792 5661; x_wconf 86' lang='lat' dir='ltr'><strong>habet</strong></span> <span class='ocrx_word' id='word_1_764' title='bbox 1828 5606 1887 5660; x_wconf 84' lang='grc' dir='ltr'><strong>Ι).</strong></span> <span class='ocrx_word' id='word_1_765' title='bbox 1970 5606 2012 5636; x_wconf 78' lang='grc' dir='ltr'><strong>⁸ο</strong></span> <span class='ocrx_word' id='word_1_766' title='bbox 2047 5604 2300 5667; x_wconf 86' lang='grc' dir='ltr'>ἕκπλεοι,</span> <span class='ocrx_word' id='word_1_767' title='bbox 2358 5603 2418 5659; x_wconf 89' lang='lat' dir='ltr'><strong>S.</strong></span> <span class='ocrx_word' id='word_1_768' title='bbox 2456 5602 2516 5658; x_wconf 85' lang='lat' dir='ltr'><strong>P.</strong></span> <span class='ocrx_word' id='word_1_769' title='bbox 2554 5604 2618 5660; x_wconf 90' lang='lat' dir='ltr'><strong>D.</strong></span> 
     </span>
    </p>
   </div>
   <div class='ocr_carea' id='block_1_108' title="bbox 206 5672 1841 5744">
    <p class='ocr_par' dir='ltr' id='par_1_108' title="bbox 206 5672 1841 5744">
     <span class='ocr_line' id='line_1_108' title="bbox 206 5672 1841 5744; baseline -0.005 -9"><span class='ocrx_word' id='word_1_770' title='bbox 206 5683 273 5735; x_wconf 86' lang='lat' dir='ltr'><strong>D.</strong></span> <span class='ocrx_word' id='word_1_771' title='bbox 304 5672 695 5744; x_wconf 79' lang='grc' dir='ltr'>¹¹⁶¹³άνιέροις,</span> <span class='ocrx_word' id='word_1_772' title='bbox 725 5676 777 5730; x_wconf 88' lang='lat' dir='ltr'><strong>in</strong></span> <span class='ocrx_word' id='word_1_773' title='bbox 811 5675 875 5731; x_wconf 88' lang='lat' dir='ltr'><strong>D.</strong></span> <span class='ocrx_word' id='word_1_774' title='bbox 908 5674 967 5732; x_wconf 88' lang='lat' dir='ltr'><strong>S.</strong></span> <span class='ocrx_word' id='word_1_775' title='bbox 1002 5674 1220 5744; x_wconf 78' lang='lat' dir='ltr'><strong>legitur.</strong></span> <span class='ocrx_word' id='word_1_776' title='bbox 1288 5675 1331 5712; x_wconf 66' lang='lat'>“</span> <span class='ocrx_word' id='word_1_777' title='bbox 1369 5676 1645 5744; x_wconf 82' lang='grc' dir='ltr'>γίνεσθαι,</span> <span class='ocrx_word' id='word_1_778' title='bbox 1684 5677 1742 5731; x_wconf 91' lang='lat' dir='ltr'><strong>S.</strong></span> <span class='ocrx_word' id='word_1_779' title='bbox 1781 5674 1841 5728; x_wconf 80' lang='grc' dir='ltr'>Ρ.</span> 
     </span>
    </p>
   </div>
   <div class='ocr_carea' id='block_1_109' title="bbox 1176 5743 3493 5817">
    <p class='ocr_par' dir='ltr' id='par_1_109' title="bbox 1176 5743 3493 5817">
     <span class='ocr_line' id='line_1_109' title="bbox 1176 5743 3493 5817; baseline -0 -19"><span class='ocrx_word' id='word_1_780' title='bbox 1176 5743 1217 5799; x_wconf 79' lang='lat'><strong>5.</strong></span> <span class='ocrx_word' id='word_1_781' title='bbox 1318 5743 1559 5817; x_wconf 60' lang='lat' dir='ltr'><strong>&quot;prius</strong></span> <span class='ocrx_word' id='word_1_782' title='bbox 1605 5748 1833 5803; x_wconf 86' lang='lat' dir='ltr'><strong>verbum</strong></span> <span class='ocrx_word' id='word_1_783' title='bbox 1880 5761 1985 5802; x_wconf 92' lang='lat' dir='ltr'><strong>non</strong></span> <span class='ocrx_word' id='word_1_784' title='bbox 2031 5758 2114 5802; x_wconf 87' lang='lat' dir='ltr'><strong>est</strong></span> <span class='ocrx_word' id='word_1_785' title='bbox 2167 5748 2218 5802; x_wconf 92' lang='lat' dir='ltr'><strong>in</strong></span> <span class='ocrx_word' id='word_1_786' title='bbox 2270 5747 2333 5799; x_wconf 85' lang='grc' dir='ltr'><strong>ι).</strong></span> <span class='ocrx_word' id='word_1_787' title='bbox 2385 5746 2533 5815; x_wconf 86' lang='lat' dir='ltr'><strong>P.;in</strong></span> <span class='ocrx_word' id='word_1_788' title='bbox 2579 5745 2637 5799; x_wconf 87' lang='lat' dir='ltr'><strong>S.</strong></span> <span class='ocrx_word' id='word_1_789' title='bbox 2684 5744 2959 5812; x_wconf 78' lang='lat' dir='ltr'><strong>glossema</strong></span> <span class='ocrx_word' id='word_1_790' title='bbox 3006 5754 3092 5800; x_wconf 88' lang='lat' dir='ltr'><strong>est</strong></span> <span class='ocrx_word' id='word_1_791' title='bbox 3143 5743 3493 5814; x_wconf 71' lang='lat' dir='ltr'><strong>posterioris.</strong></span> 
     </span>
    </p>
   </div>
   <div class='ocr_carea' id='block_1_110' title="bbox 205 5744 1217 5815">
    <p class='ocr_par' dir='ltr' id='par_1_110' title="bbox 205 5744 1217 5815">
     <span class='ocr_line' id='line_1_110' title="bbox 205 5744 1217 5815; baseline -0.006 -11"><span class='ocrx_word' id='word_1_792' title='bbox 205 5750 309 5804; x_wconf 83' lang='lat' dir='ltr'><strong>Cb.</strong></span> <span class='ocrx_word' id='word_1_793' title='bbox 363 5749 423 5801; x_wconf 82' lang='grc' dir='ltr'><strong>Ι).</strong></span> <span class='ocrx_word' id='word_1_794' title='bbox 529 5744 571 5780; x_wconf 77' lang='grc'><strong>’⁸</strong></span> <span class='ocrx_word' id='word_1_795' title='bbox 604 5749 698 5800; x_wconf 73' lang='grc' dir='ltr'><strong>καὶ</strong></span> <span class='ocrx_word' id='word_1_796' title='bbox 741 5746 838 5815; x_wconf 84' lang='grc' dir='ltr'><strong>τὴν</strong></span> <span class='ocrx_word' id='word_1_797' title='bbox 882 5747 1119 5815; x_wconf 82' lang='grc' dir='ltr'>πικράν,</span> <span class='ocrx_word' id='word_1_798' title='bbox 1157 5744 1217 5799; x_wconf 85' lang='lat' dir='ltr'><strong>S.</strong></span> 
     </span>
    </p>
   </div>
   <div class='ocr_carea' id='block_1_111' title="bbox 209 5814 1062 5889">
    <p class='ocr_par' dir='ltr' id='par_1_111' title="bbox 209 5814 1062 5889">
     <span class='ocr_line' id='line_1_111' title="bbox 209 5814 1062 5889; baseline -0.008 -14"><span class='ocrx_word' id='word_1_799' title='bbox 209 5823 256 5853; x_wconf 76' lang='lat'><strong>&quot;</strong></span> <span class='ocrx_word' id='word_1_800' title='bbox 293 5819 727 5889; x_wconf 81' lang='grc' dir='ltr'>ἐκκοπτομὲνων,</span> <span class='ocrx_word' id='word_1_801' title='bbox 764 5814 863 5870; x_wconf 75' lang='lat' dir='ltr'><strong>Ch.</strong></span> <span class='ocrx_word' id='word_1_802' title='bbox 902 5816 960 5869; x_wconf 88' lang='lat' dir='ltr'><strong>S.</strong></span> <span class='ocrx_word' id='word_1_803' title='bbox 997 5814 1062 5868; x_wconf 88' lang='lat' dir='ltr'><strong>P.</strong></span> 
     </span>
    </p>
   </div>
   <div class='ocr_carea' id='block_1_112' title="bbox 495 5911 1075 5975">
    <p class='ocr_par' dir='ltr' id='par_1_112' title="bbox 495 5911 1075 5975">
     <span class='ocr_line' id='line_1_112' title="bbox 495 5911 1075 5975; baseline 0.002 -1"><span class='ocrx_word' id='word_1_804' title='bbox 495 5915 769 5974; x_wconf 73' lang='lat' dir='ltr'><strong>PATROL.</strong></span> <span class='ocrx_word' id='word_1_805' title='bbox 809 5914 905 5975; x_wconf 73' lang='lat' dir='ltr'><strong>Gn</strong></span> <span class='ocrx_word' id='word_1_806' title='bbox 963 5911 1075 5975; x_wconf 85' lang='lat' dir='ltr'><strong>Ill.</strong></span> 
     </span>
    </p>
   </div>
   <div class='ocr_carea' id='block_1_113' title="bbox 2726 5601 3486 5666">
    <p class='ocr_par' dir='ltr' id='par_1_113' title="bbox 2726 5601 3486 5666">
     <span class='ocr_line' id='line_1_113' title="bbox 2726 5601 3486 5666; baseline 0.009 -12"><span class='ocrx_word' id='word_1_807' title='bbox 2726 5602 2766 5632; x_wconf 84' lang='lat'>“</span> <span class='ocrx_word' id='word_1_808' title='bbox 2804 5603 2895 5656; x_wconf 68' lang='lat' dir='ltr'><strong>xui.</strong></span> <span class='ocrx_word' id='word_1_809' title='bbox 2926 5602 3013 5655; x_wconf 84' lang='grc' dir='ltr'><strong>ἀεὶ</strong></span> <span class='ocrx_word' id='word_1_810' title='bbox 3048 5601 3291 5666; x_wconf 77' lang='grc' dir='ltr'>ἔσονται,</span> <span class='ocrx_word' id='word_1_811' title='bbox 3330 5601 3388 5658; x_wconf 93' lang='lat' dir='ltr'><strong>S.</strong></span> <span class='ocrx_word' id='word_1_812' title='bbox 3424 5602 3486 5662; x_wconf 81' lang='grc' dir='ltr'>Ρ.</span> 
     </span>
    </p>
   </div>
   <div class='ocr_carea' id='block_1_114' title="bbox 1951 5672 3488 5754">
    <p class='ocr_par' dir='ltr' id='par_1_114' title="bbox 1951 5672 3488 5754">
     <span class='ocr_line' id='line_1_114' title="bbox 1951 5672 3488 5754; baseline -0.001 -25"><span class='ocrx_word' id='word_1_813' title='bbox 1951 5677 1993 5706; x_wconf 77' lang='grc'><strong>’⁸</strong></span> <span class='ocrx_word' id='word_1_814' title='bbox 2027 5676 2417 5754; x_wconf 39' lang='grc' dir='ltr'>δικαιοτάτου,</span> <span class='ocrx_word' id='word_1_815' title='bbox 2696 5673 2737 5754; x_wconf 63' lang='grc' dir='ltr'><strong>’ξ</strong></span> <span class='ocrx_word' id='word_1_816' title='bbox 2768 5673 2896 5726; x_wconf 85' lang='grc' dir='ltr'>τῶν.</span> <span class='ocrx_word' id='word_1_817' title='bbox 2979 5673 3019 5702; x_wconf 79' lang='grc'><strong>⁸⁷</strong></span> <span class='ocrx_word' id='word_1_818' title='bbox 3053 5672 3312 5745; x_wconf 85' lang='grc' dir='ltr'>ἀλήθειαν</span> <span class='ocrx_word' id='word_1_819' title='bbox 3331 5675 3488 5754; x_wconf 62' lang='grc' dir='ltr'>γάρ,</span> 
     </span>
    </p>
   </div>
   <div class='ocr_carea' id='block_1_115' title="bbox 3090 5908 3167 5969">
    <p class='ocr_par' dir='ltr' id='par_1_115' title="bbox 3090 5908 3167 5969">
     <span class='ocr_line' id='line_1_115' title="bbox 3090 5908 3167 5969; baseline 0 -2"><span class='ocrx_word' id='word_1_820' title='bbox 3090 5908 3167 5969; x_wconf 78' lang='lat'><strong>35</strong></span> 
     </span>
    </p>
   </div>
  </div>
