3892 6232
417 340 441 391 t
454 332 557 392 099

1590 338 1645 392 S.
1694 333 1993 393 DIONYSH
2028 335 2494 394 ABEOPAGITAS

3554 344 3699 399 “00

415 470 546 512 cens
571 455 766 525 impios
800 454 979 511 adlmc
1012 448 1283 520 homines,
1319 467 1609 527 rectasque
1644 460 1857 514 Domini
1887 462 1980 515 via:

2108 461 2283 530 λέγων
2323 463 2491 515 ἐδεῖτο
2517 461 2611 516 τοῦ
2658 461 2793 514 θεοῦ
2833 461 3106 533 πρηστῆρί
3154 480 3260 514 τινι
3308 462 3410 525 τάς
3447 464 3699 533 ἀμπέ-

413 559 789 619 pervertenles
847 551 1049 606 vivere.
1125 550 1189 604 Et
1247 553 1362 606 bare
1396 553 1607 615 dicens.
1665 555 1993 622 precabatur

413 642 581 695 Deum
622 651 680 695 ut
732 642 892 696 simul
947 643 1230 696 amborum
1264 643 1431 695 vitam
1469 642 1705 712 fulgetro
1736 644 1991 713 quopiam

418 734 934 789 immisericorditer
973 735 1347 803 abrumperet.
1404 733 1499 789 llis
1553 736 1736 799 dictis,
1770 746 1993 804 repente

409 846 469 884 se
520 829 720 883 vidisse
754 827 1025 881 referebat
1070 830 1311 891 domum,
1380 829 1434 882 in
1482 844 1589 898 qua
1624 830 1979 897 consistebat,

408 918 643 988 primum
680 926 1099 985 conquassatam
1132 934 1159 970 a
1182 933 1393 973 summo
1417 918 1580 989 605
1611 921 1812 975 vertice
1844 921 1987 975 bifa-

408 1013 655 1081 riamque
688 1011 946 1077 divisam,
992 1020 1046 1065 et
1070 1012 1359 1080 quemdam
1388 1024 1513 1068 ante
1566 1028 1624 1069 se
1658 1016 1889 1085 ingentis
1917 1015 1991 1070 lu-

407 1104 571 1157 minis
625 1118 839 1172 rogum,
864 1118 1098 1172 eumque
1128 1104 1254 1173 (sub
1282 1104 1373 1158 dio
1401 1107 1546 1160 enim
1578 1106 1688 1175 jam
1713 1107 1867 1175 locus
1901 1108 1991 1163 ille

404 1196 775 1263 videbatur)e
824 1196 964 1250 ccelu
1018 1197 1086 1249 ad
1148 1212 1207 1251 se
1249 1211 1419 1266 usque
1469 1197 1751 1264 delatum;
1784 1199 1985 1253 cmlum

405 1297 587 1343 autem
622 1288 799 1358 ipsum
837 1297 1112 1357 apertum,
1142 1297 1197 1342 et
1228 1288 1281 1342 in
1338 1290 1465 1343 cmli
1511 1291 1738 1345 cardine
1797 1290 1984 1346 Jesum

403 1382 705 1435 innumeris
760 1380 833 1434 illi
892 1381 1127 1435 humana
1184 1382 1367 1451 specie
1412 1384 1621 1453 angelis
1660 1385 1985 1440 astantibus.

401 1476 580 1544 Atque
609 1476 710 1529 ista
740 1474 959 1544 quidem
992 1489 1211 1529 sursum
1252 1478 1604 1546 conspexisse
1629 1518 1643 1543 ,
1700 1479 1985 1533 miratum-

401 1586 507 1640 qne
540 1569 727 1625 fuisse.
768 1569 937 1625 Porro
980 1568 1233 1623 deorsum
1297 1571 1655 1639 respectando
1688 1571 1898 1642 Carpus
1927 1588 1987 1628 se

399 1665 604 1718 vidisse
630 1663 934 1727 asserebat,
960 1662 1135 1731 ipsum
1162 1678 1377 1732 quoque
1417 1665 1785 1731 pavimentum
1816 1666 1988 1720 instar

399 1766 571 1810 vasta:
604 1754 882 1823 cujusdam
938 1754 1554 1825 tenebricosissimmque
1572 1756 1843 1826 voraginis
1885 1756 1985 1811 dif-

2100 569 2209 622 ρων
2238 552 2471 617 εἰσάπαξ
2515 552 2756 623 ἀνηλεῶς
2804 551 3123 605 ἀποπαῦσαι
3172 552 3335 616 ζωάς.
3389 554 3588 608 Ταῦτα
3638 557 3698 609 δὲ

2095 642 2285 707 εἰπὼν,
2322 643 2473 711 ἔλεγε
2512 642 2658 707 δόξαι
2696 643 2823 695 ίδεῖν
2880 644 3032 713 ἄφνω
3083 644 3174 695 τὸν
3205 640 3352 696 οἷκον
3375 684 3390 708 ,
3426 644 3486 696 ἐν
3538 639 3697 715 ᾧπερ

2094 737 2356 808 εἱστήκει,
2386 737 2762 808 διαδονηθέντα
2794 740 3057 810 πρότερον
3078 779 3091 801 ,
3127 740 3219 791 καὶ
3251 742 3294 770 ’ί
3343 742 3411 792 ἐκ
3440 742 3544 811 τῆς
3577 741 3700 811 ὀρο-

2093 832 2200 901 φῆς
2232 834 2311 894 εἰς
2338 831 2431 884 δύο
2468 832 2629 902 μέσον
2686 832 3050 902 διαιρεθέντα,
3085 835 3177 886 καί
3219 851 3341 887 τινα
3371 833 3559 905 πυρὰν
3594 852 3695 887 πο-

2093 920 2336 991 λύφωτον
2368 922 2699 993 ἐπίπροσθεν
2729 922 2893 977 αὑτοῦ
2917 926 2960 954 ’³
2994 924 3088 975 καὶ
3124 923 3327 993 ταύτην
3348 924 3550 993 (ἐδόκει
3581 924 3695 993 γάρ

2092 1016 2277 1069 λοιπὸν
2336 1014 2602 1087 ὕπαιθρος
2648 1016 3003 1091 656710;)éx
3051 1015 3145 1068 τοῦ
3196 1017 3447 1087 οὐρανίου
3502 1017 3694 1087 χώρου

2095 1106 2288 1177 μέχρις
2316 1107 2480 1160 αὑτοῦ
2503 1108 2952 1181 καταφερομένην
2977 1126 2989 1137 ·
3025 1108 3118 1161 τὸν
3160 1108 3215 1159 δὲ
3247 1109 3475 1179 οὐρανὸν
3522 1107 3693 1161 αὐτὸν

2090 1198 2545 1271 ἀναπεπταμένον
2569 1242 2582 1265 ,
2618 1203 2711 1255 καὶ
2755 1204 2847 1254 ἐπὶ
2886 1202 2965 1272 τῷ
3003 1201 3156 1272 νώτῳ
3193 1201 3287 1255 τοῦ
3325 1202 3561 1273 οὐρανοῦ
3597 1204 3692 1255 τὸν

2105 1290 2329 1361 Ἰησοῦν,
2359 1292 2602 1364 ἀπείρων
2640 1293 3053 1365 ἀνθρωποειδῶς
3082 1294 3228 1364 αὑτῷ
3258 1297 3694 1365 παρεστηκότων

2089 1385 2355 1452 ἀγγέλων.
2394 1388 2502 1440 Καὶ
2533 1388 2704 1441 ταῦτα
2740 1388 2838 1458 μὲν
2871 1386 3076 1441 ἄνωθεν
3110 1386 3356 1457 ὁρᾶσθαι,
3382 1389 3479 1440 καὶ
3515 1388 3690 1439 αὐτὸν

2090 1475 2411 1548 θαυμάζειν.
2449 1479 2615 1531 Κάτω
2642 1480 2697 1531 δὲ
2736 1478 2914 1547 κύψας
2938 1481 2966 1531 ὁ
2998 1478 3244 1550 Κάρπος,
3284 1479 3410 1531 ἰδεῖν
3450 1480 3558 1550 ἔφη
3594 1480 3694 1532 καὶ

2087 1567 2351 1637 τοῦδαφος
2389 1570 2520 1622 αὐτὸ
2542 1570 2676 1641 πρὸς
2708 1570 2905 1640 ἀχανές
2942 1588 2995 1622 τι
3032 1571 3217 1640 χάσμα
3275 1570 3369 1622 καὶ
3408 1572 3693 1623 σκοτεινὸν

2087 1661 2501 1733 διερῤηγμένον,
2542 1663 2778 1725 καὶτοὺς
2841 1663 2938 1733 μὲν
2995 1662 3191 1733 ἀνδρας
3255 1662 3542 1727 ἐκείνους,
3606 1658 3693 1725 οἷς

2089 1755 2353 1826 ἐπηρᾶτο,
2394 1755 2501 1825 πρὸ
2529 1753 2694 1807 αὑτοῦ
2729 1754 2869 1806 κατά
2900 1755 2962 1807 τὸ
2995 1754 3212 1825 στόμιον
3255 1755 3550 1825 ἐστηκέναι
3592 1755 3692 1808 τοῦ

400 1848 615 1911 fissum,
651 1845 877 1913 illosque
904 1844 1051 1898 viros
1085 1859 1223 1913 quos
1252 1844 1385 1899 diris
1421 1846 1736 1910 devoverat,
1771 1855 1897 1901 ante
1928 1863 1980 1902 se

2089 1846 2370 1916 χάσματος
2404 1844 2765 1914 ὑποτρόμους,
2803 1843 3069 1905 ἐλεεινοὺς
3092 1884 3106 1907 ,
3147 1844 3268 1895 ὅσον
3306 1842 3461 1896 οὔπω
3510 1862 3691 1897 κατα-

397 1940 465 1993 ad
497 1953 559 1993 os
605 1937 886 2007 voraginis
936 1947 1233 1991 trementes
1284 1946 1450 2000 stare,
1500 1953 1562 1992 ac
1616 1939 1981 2006 miserabiles,

398 2042 659 2101 tanquam
684 2031 798 2100 jam
825 2028 1049 2097 jamque
1082 2043 1195 2097 pra:
1227 2028 1421 2097 pedum
1466 2029 1773 2084 lubricitate
1818 2031 1984 2085 colla-

399 2138 593 2193 psuros
630 2140 644 2175 :
681 2121 891 2175 inferne
920 2130 1101 2174 autem
1134 2135 1163 2173 e
1195 2121 1452 2186 voragine
1481 2128 1766 2188 serpentes
1805 2135 1987 2174 emer-

395 2232 525 2287 gere
574 2215 856 2279 cernebat,
921 2216 1072 2270 circa
1129 2222 1235 2267 tam
1272 2212 1463 2268 labiles
1530 2213 1746 2267 illorum
1794 2214 1983 2282 pedes,

397 2312 556 2366 modo
595 2301 815 2381 quidem
851 2310 903 2362 in
932 2322 1122 2378 gyrum
1164 2317 1338 2369 actos,
1363 2317 1417 2360 et
1478 2304 1774 2376 implicitos
1822 2307 1984 2359 simul

394 2401 797 2469 pertrahentes,
831 2401 991 2451 modo
1018 2411 1237 2466 quoque
1269 2396 1528 2451 dentibus
1580 2405 1634 2449 et
1665 2396 1854 2451 caudis
1898 2398 1982 2451 in-

394 2491 688 2545 cendentes
718 2504 782 2543 ac
806 2488 1195 2552 demulcentes,
1228 2486 1587 2556 omnibusque
1611 2489 1782 2541 modis
1805 2502 1897 2542 eos
1928 2488 1982 2542 in

393 2582 709 2651 voraginem
742 2580 1049 2650 przccipites
1071 2577 1203 2633 dare
1236 2578 1522 2633 molientes
1552 2600 1563 2633 :
1600 2577 1769 2631 fuisse
1800 2589 1982 2633 autem

391 2683 450 2728 et
476 2674 622 2727 viros
650 2670 915 2741 quosdam
968 2670 1019 2724 in
1072 2670 1272 2737 medio,
1310 2671 1402 2739 qui
1433 2671 1697 2725 adversus
1739 2683 1833 2724 eos
1873 2686 1980 2725 una

392 2779 516 2818 cum
548 2762 895 2829 serpentibus
926 2760 1186 2830 impetum
1216 2762 1833 2831 facerent,exagitando
1849 2778 1978 2827 una,

392 2862 449 2909 et
498 2853 829 2924 impellendo
879 2861 1043 2923 atque
1086 2851 1368 2918 feriendo;
1417 2855 1564 2908 visos
1630 2865 1809 2909 autem
1860 2870 1981 2910 esse

392 2953 543 3007 viros
588 2951 712 3006 illos
759 2951 931 3019 lapsui
982 2951 1446 3020 appropinquare,
1503 2952 1700 3020 partim
1750 2952 1978 3021 quidem

392 3045 613 3108 invitos,
643 3044 839 3119 partim
892 3056 1020 3097 vero
1049 3051 1260 3112 sponte,
1297 3058 1326 3096 a
1359 3043 1503 3097 malo
1548 3044 1621 3098 ita
1653 3045 1854 3099 sensim
1880 3060 1977 3099 co-

392 3147 547 3191 actos
576 3146 631 3190 et
660 3135 819 3191 simul
850 3150 1164 3204 persuasos.
1210 3134 1501 3189 Referebat
1531 3145 1712 3190 autem
1743 3134 1973 3206 Carpus,

2090 1936 2423 2007 φερομένους
2458 1934 2561 1986 ὑπὸ
2593 1933 2695 2003 τῆς
2742 1932 2849 1985 τῶν
2886 1934 3101 1986 οἰκείων
3150 1934 3327 1989 ποδῶν
3369 1935 3647 1997 ἀστασίας
3670 1952 3685 1963 °

2090 2025 2335 2079 κάτωθεν
2366 2024 2423 2077 δέ
2453 2023 2561 2076 ἀπὸ
2601 2023 2695 2076 τοῦ
2729 2024 3009 2094 χάσματος
3039 2024 3191 2093 ὄφεις
3241 2025 3537 2096 ἀνέρπειν,
3590 2027 3690 2078 καὶ

2090 2120 2220 2190 περὶ
2252 2118 2380 2180 τοὺς
2413 2115 2577 2178 πόδας
2605 2115 2782 2168 αὐτῶν
2803 2116 2849 2146 ’⁸
2883 2117 3360 2187 ὑποκινουμένους,
3411 2118 3546 2170 ποτὲ
3584 2120 3691 2187 μὲν

2088 2210 2404 2281 ἀποσύρειν,
2440 2208 2923 2279 ἐπανειλουμένους
2963 2210 3078 2280 ἅμα
3122 2211 3215 2263 καὶ
3254 2209 3687 2282 ἐπιϐαροῦντας,

2089 2305 2182 2356 καὶ
2214 2302 2693 2369 ἐπανὲλκονταςἮ
2721 2304 2850 2356 ποτὲ
2887 2302 2943 2355 δὲ
2971 2307 3085 2367 τοῖς
3116 2302 3344 2365 ὀδοῦσιν,
3379 2304 3413 2373 ἢ
3450 2307 3567 2367 τοῖς
3595 2305 3692 2357 οὐ·-

2089 2393 2263 2463 ραίοις
2326 2393 2717 2462 ὑποτύεροντας,
2770 2394 2803 2462 ἦ
2854 2391 3411 2463 ὑπογαργαλίζοντας,
3453 2394 3554 2447 καὶ
3597 2394 3688 2446 διά

2087 2487 2286 2549 παντὸς
2318 2488 2397 2549 είς
2428 2486 2488 2539 τὸ
2522 2488 2718 2556 ἀχανὲς
2755 2485 3008 2557 ἐμῦαλεῖν
3042 2486 3500 2557 μηχανωμένους·
3542 2483 3689 2540 εἶναι

2084 2578 2139 2632 δὲ
2172 2580 2265 2631 καὶ
2294 2578 2494 2649 ἄνδρας
2525 2578 2679 2641 τινὰς
2730 2579 2787 2631 ἐν
2842 2578 2992 2649 μέσῳ
3024 2581 3135 2642 τοῖς
3177 2578 3355 2646 ὄφεσι,
3391 2577 3538 2631 κατά
3573 2579 3687 2630 τῶν

2085 2670 2298 2741 ἀνδρῶν
2351 2670 2902 2741 συνεπιτιθεμένους,
2959 2668 3332 2732 διαδονΟὖντας
3410 2670 3533 2739 ἅμα
3590 2673 3691 2724 καὶ

2085 2762 2435 2825 ὑπωθοῦντας
2459 2764 2552 2816 καὶ
2573 2763 2976 2824 καταπαίοντας
3000 2779 3011 2790 ·
3032 2761 3247 2814 ἐδόκουν
3278 2761 3333 2813 δὲ
3364 2758 3506 2813 εἶναι
3544 2763 3690 2833 7:945;

2082 2856 2142 2908 τὸ
2182 2856 2623 2917 πεσεῖνέκεῖνοι,
2676 2853 2743 2905 τὰ
2788 2854 2884 2923 μὲν
2914 2852 3160 2916 ἄκοντες,
3221 2853 3288 2905 τὰ
3327 2852 3383 2905 δὲ
3431 2854 3682 2917 ἑκόντες,

2084 2947 2188 2999 ὑπὸ
2219 2946 2313 2999 τοῦ
2347 2945 2518 2999 κακοῦ
2552 2948 2675 2999 κατ’
2721 2946 2900 3014 ὀλίγον
2941 2945 3248 3017 βιαζόμενοι
3284 2948 3398 3017 ἆμα
3428 2948 3525 2999 καὶ
3560 2964 3689 3000 πει-

2083 3038 2321 3109 θόμενοι.
2357 3038 2548 3106 Ἔλεγε
2582 3038 2639 3090 δέ
2677 3041 2705 3091 ὁ
2734 3039 2980 3109 Κάρπος,
3016 3040 3207 3092 ἑαυτὸν
3246 3040 3469 3110 ἥδεσθαι
3526 3042 3687 3094 κάτω

2085 3128 2372 3199 βλέποντα,
2424 3129 2532 3182 τῶν
2566 3130 2678 3184 ἀνω
2710 3130 2766 3183 δὲ
2794 3130 3015 3201 ἀμελεῖν
3036 3148 3050 3161 ·
3095 3131 3468 3202 δυσχεραίνειν
3500 3132 3562 3184 δὲ
3586 3134 3687 3186 καὶ

391 3243 493 3294 se,
535 3229 661 3283 dum
712 3227 973 3282 inferiora
1017 3228 1350 3296 respiceret,
1402 3226 1573 3282 fuisse
1621 3228 1973 3293 delectatum,

2085 3219 2383 3291 ὀλιγωρεῖν,
2417 3220 2591 3290 ὅτιμὴ
2629 3220 2981 3274 πεπτώκασιν
3023 3222 3142 3293 ἤδη,
3175 3222 3364 3293 καὶτῷ
3387 3225 3684 3294 πράγματι

390 3321 673 3389 superiora
704 3319 1067 3389 negligenda;
1096 3336 1219 3373 cum
1246 3334 1373 3373 vero
1402 3320 1644 3389 graviter
1671 3329 1724 3374 et
1757 3320 1979 3389 indigne

390 3407 562 3462 ferret
589 3407 713 3461 illos
744 3408 973 3461 necdum
1003 3407 1299 3471 cecidisse,
1338 3416 1501 3477 atque
1550 3410 1617 3461 ad
1670 3408 1812 3463 hanc
1863 3425 1976 3464 rem

389 3513 533 3569 ωερε
563 3498 769 3553 frustra
804 3498 1168 3564 incubuisset,
1208 3500 1549 3569 indignatum
1594 3501 1661 3554 iis
1687 3510 1740 3555 et
1777 3502 1982 3573 impre-

389 3601 570 3645 catum
599 3606 741 3645 esse.
794 3592 1006 3646 Etcum
1034 3593 1125 3646 vix
1177 3590 1392 3645 tandem
1427 3594 1697 3648 revocatis
1752 3596 1819 3648 ad
1875 3610 1975 3649 su-

389 3700 559 3754 perna
593 3683 913 3747 luminibus,
937 3684 1167 3737 vidisset
1195 3683 1415 3751 quidem
1454 3683 1633 3739 denuo
1664 3685 1805 3738 sicut
1829 3686 1979 3754 prius

388 3776 611 3841 malum,
641 3774 827 3830 Jesum
858 3790 1009 3841 vero,
1042 3776 1363 3828 miscratum
1394 3776 1541 3845 quod
1590 3776 1776 3843 fiebat,
1806 3780 1975 3833 desu-

389 3885 485 3938 per
544 3869 754 3924 caelesti
810 3869 1007 3922 throno
1062 3868 1450 3931 descendisse,
1501 3880 1666 3937 atque
1715 3869 1781 3923 ad
1829 3871 1975 3940 ipsos

389 3962 738 4016 accedentem
765 3960 1057 4030 benignam
1122 3961 1188 4015 iis
1240 3976 1460 4015 manum
1508 3962 1842 4030 porrexisse,
1878 3979 1976 4017 an-

389 4054 653 4123 gelosque
686 4068 793 4106 una
818 4068 977 4120 opem
1028 4052 1396 4119 conferentes,
1441 4053 1673 4107 alterum
1730 4054 1973 4109 virorum

387 4159 457 4199 ex
502 4143 673 4197 altera
718 4152 873 4213 parte
927 4142 1246 4208 retinuisse,
1282 4142 1579 4212 Jesumque
1640 4144 1738 4213 ipsi
1795 4144 1974 4213 Carpo

386 4236 596 4291 dixisse
630 4255 643 4291 :
680 4236 838 4289 Manu
867 4234 976 4302 iam
1002 4246 1227 4289 extensa
1259 4243 1485 4304 percute
1540 4250 1645 4296 me.
1706 4236 1973 4303 siquidem

386 4330 565 4384 adhuc
602 4339 825 4399 paratus
860 4344 980 4383 sum
1020 4329 1196 4383 denuo
1228 4344 1327 4398 pro
1358 4330 1670 4384 hominibus
1696 4329 1974 4384 salvandis

384 4423 522 4493 pati,
553 4423 793 4491 illudque
823 4422 1209 4485 libentissime,
1245 4437 1311 4475 ne
1340 4422 1557 4476 demum
1596 4422 1686 4475 alii
1723 4423 1973 4477 homines

385 4525 632 4585 peccent.
683 4515 951 4569 Czeterum
1006 4514 1334 4579 considera,
1374 4530 1500 4567 num
1562 4514 1657 4569 tibi
1720 4514 1972 4583 expediat

2082 3310 2343 3372 πολλάκις
2380 3310 2702 3380 ἐπιθέμενον
2743 3312 2839 3363 καί⁵
2893 3312 3325 3383 ἀδυνατήσαντα,
3356 3315 3452 3366 καὶ
3510 3314 3683 3384 ἀχθε-

2084 3400 2277 3471 σθῆναι
2324 3400 2419 3453 καὶ
2452 3401 2853 3472 ἐπαράσασθαι.
2896 3403 3005 3455 Καὶ
3060 3404 3429 3457 ἀνανεύσαντα
3485 3404 3683 3473 μόλις,

2084 3494 2208 3547 ἰδεῖν
2240 3489 2527 3564 μέναῦθις
2572 3494 2665 3546 τὸν
2702 3494 2962 3565 οὐρανὸν,
3025 3494 3215 3567 ὥσπερ
3258 3498 3351 3549 καὶ
3404 3497 3686 3568 πρότερον

2080 3587 2335 3658 ἑωράκει,
2396 3586 2489 3639 τὸν
2511 3586 2567 3639 δὲ
2614 3586 2842 3657 Ἰησοῦν,
2876 3586 3174 3657 ἐλεήσαντα
3222 3588 3283 3639 τὸ
3321 3588 3679 3656 γιγνόμενον,

2080 3679 2437 3751 ἐξαναστῆναι
2459 3678 2553 3732 τοῦ
2588 3677 2985 3749 ὑπερουρανίου
3034 3677 3243 3747 θρόνου,
3306 3679 3400 3731 καὶ
3429 3678 3539 3740 ἕως
3572 3680 3681 3731 αὺ-

2076 3770 2186 3824 τῶν
2232 3772 2585 3835 καταϐάντα,
2642 3771 2737 3823 καὶ
2793 3772 2950 3841 χεῖρα
3004 3769 3217 3839 ἀγαθὴν
3272 3770 3527 3840 ὀρέγειν,
3582 3772 3685 3823 καί

2078 3864 2204 3928 τοὺς
2236 3864 2502 3933 ἀγγέλους
2531 3862 2679 3933 αὐτῷ
2712 3862 3364 3933 συνεπιλαμϐανομένους,
3402 3862 3565 3917 ἄλλον
3586 3864 3685 3917 ἀλ-

2077 3958 2230 4012 λοθεν
2264 3956 2581 4027 ἀντέχεσθαι
2601 3958 2712 4009 τοῖν
2750 3956 2985 4027 ἀνδροῖν,
3020 3958 3114 4009 καὶ
3149 3959 3321 4009 εἰπεῖν
3341 3956 3420 4027 τῷ
3449 3958 3681 4031 Κάρπῳ

2078 4051 2169 4104 τὸν
2211 4050 2449 4121 Ἰησοῦν·
2512 4048 2625 4118 Τῆς
2673 4048 2854 4119 χειρὸς
2914 4048 3012 4119 ήδη
3063 4049 3495 4119 προτεταμένης,
3546 4054 3683 4105 παῖε

2077 4146 2196 4197 κατ’
2238 4143 2373 4213 ἐμοῦ
2401 4142 2586 4195 λοιπόν
2616 4157 2629 4169 ·
2665 4141 2883 4211 ἐτοιμος
2920 4140 3029 4211 γάρ
3068 4143 3185 4211 εἰμι
3213 4142 3305 4193 καὶ
3336 4137 3493 4204 αὖθις
3531 4142 3683 4213 ὑπὲρ

2076 4236 2377 4308 ἀνθρώπων
2410 4233 2840 4305 ἀνασωζομένων
2872 4234 3085 4299 παθεῖν,
3126 4237 3218 4288 καὶ
3252 4235 3556 4306 προσφιλές
3585 4254 3682 4307 μοι

2074 4332 2251 4397 τοῦτο,
2306 4331 2380 4403 μὴ
2440 4331 2616 4384 ἄλλων
2681 4329 3106 4400 ἁμαρτανόντων
3146 4329 3471 4401 ἀνθρώπων.
3524 4332 3682 4402 Πλὴν

2073 4426 2175 4496 ὅρα
2226 4427 2270 4456 ³⁵
2297 4428 2345 4477 εἰ
2375 4425 2556 4489 καλῶς
2601 4424 2713 4495 ἔχει
2760 4441 2841 4476 σοι
2894 4423 2993 4493 τὴν
3055 4422 3215 4492 ἐντῷ
3271 4423 3516 4493 χάσματι
3579 4428 3681 4479 καὶ

2081 4515 2217 4587 μετά
2270 4516 2379 4569 τῶν
2428 4515 2604 4585 ὄφεων
2669 4515 2835 4586 μονὴν
2896 4512 3323 4578 ἀνταλλάξασθαι
3373 4515 3475 4585 τῆς
3533 4518 3682 4588 μετ-ἰ

386 4609 527 4661 hanc
560 4607 865 4661 istiusmodi
897 4607 1079 4660 hiatus
1109 4615 1315 4660 etcum
1347 4607 1696 4675 serpentibus
1728 4608 1968 4661 mansio-

2085 4575 2212 4662 θεοῦ
2264 4609 2357 4661 καὶ
2416 4575 2525 4661 των
2586 4575 2808 4676 ἀγάθῶν
2878 4606 2972 4658 καὶ
3032 4575 3470 4677 φιλανθρώπων.⁷
3501 4575 3680 4678 ring-

385 4717 507 4754 nem
552 4698 645 4752 Dei
686 4714 749 4753 ac
788 4700 1060 4753 bonorum
1109 4698 1775 4767 clementissimorumqne
1805 4713 1972 4769 ange-

386 4794 560 4846 lorum
594 4792 872 4845 consortio
905 4790 1187 4859 praeferre.
1220 4790 1345 4845 llaac
1369 4799 1518 4856 sunt,
1558 4806 1679 4860 qua:
1714 4806 1814 4861 ego
1844 4806 1968 4845 cum

385 4883 655 4937 audierim
714 4898 842 4937 vera
885 4897 1007 4938 esse
1034 4884 1223 4938 credo.

1996 5005 2064 5016 —

2074 4702 2201 4754 λων.
2280 4700 2465 4754 Ταῦτά
2503 4701 2653 4754 ἐστιν
2690 4698 2726 4757 ἀ
2770 4697 2881 4767 ἐγὼ
2919 4696 3176 4768 ἀκηκοὼς
3214 4699 3458 4753 πιστεύω
3488 4702 3674 4775 ἀληθῆ

2075 4788 2238 4846 εἶναι.

1481 5086 1646 5158 606
1682 5084 2217 5144 ADNOTATIONES
2254 5080 2595 5139 CORDERII.

458 5199 891 5276 §i.lleb_ra:or_um
910 5200 1295 5271 llistoriw,etc.
1326 5202 1527 5257 Alludit
1562 5204 1625 5276 ad
1672 5205 1830 5260 Num.
1882 5222 2006 5276 cap.
2055 5221 2159 5269 xu,
2209 5204 2263 5276 5,
2296 5202 2387 5257 ubi
2427 5201 2493 5257 de
2539 5198 2952 5276 mansuetudine
2995 5195 3495 5276 Moysﬁisdegitur:
3534 5201 3671 5255 Era:

388 5274 599 5342 Moyses
630 5273 707 5324 vir
740 5274 1057 5324 mitissimus
1082 5291 1240 5337 super
1271 5290 1448 5326 omnes
1484 5274 1716 5327 homines

1750 5278 1838 5344 qui
1865 5269 2215 5329 morabamur
2248 5275 2303 5327 in
2339 5283 2501 5344 terra.
2527 5274 2710 5344 Atque,
2737 5271 2877 5335 ideo,
2908 5269 3103 5344 inquit,
3131 5269 3223 5344 I_)ei
3257 5269 3667 5344 famulusnun-

392 5337 647 5413 cupatur,
682 5344 1005 5409 carterisque
1034 5346 1314 5410 prephelis
1345 5345 1561 5409 dignior
1595 5347 1660 5396 ad
1694 5337 1984 5399 videndum
2020 5346 2211 5405 Deum,
2245 5346 2321 5395 uti
2360 5343 2556 5395 ibidem
2597 5337 3181 5413 Scripturasubjungit
3209 5355 3322 5393 ver.
3352 5341 3385 5391 6
3414 5357 3429 5413 ξ
3457 5340 3515 5393 Si
3547 5344 3667 5409 quis

382 5409 543 5483 fuerit
572 5423 717 5483 inter
747 5429 839 5464 vos
870 5409 1401 5479 prop/tela’Dontini,
1429 5415 1482 5467 in
1520 5415 1718 5468 visione
1749 5418 2013 5483 apparebo
2042 5416 2111 5476 ei,
2146 5414 2221 5467 vel
2250 5414 2509 5466 somnium
2544 5412 2732 5483 loquar
2759 5412 2827 5483 ad
2872 5410 3043 5483 illum.
3074 5409 3294 5477 Ati‘uon
3331 5412 3456 5463 talis
3485 5428 3667 5465 servus

382 5479 529 5536 meus
562 5480 796 5551 Moyses,
832 5485 921 5551 qui
952 5484 1007 5535 in
1043 5486 1186 5535 omni
1220 5488 1374 5536 domo
1407 5500 1521 5537 mea
1548 5479 1891 5551 fidelissimus
1921 5496 1998 5541 est
2030 5500 2047 5538 :
2082 5500 2173 5538 ore
2202 5485 2340 5537 enim
2370 5484 2439 5535 ad
2473 5498 2527 5535 os
2560 5482 2745 5551 loquor
2773 5481 2845 5547 ei,
2877 5488 2925 5533 et
2954 5479 3154 5548 palam,
3186 5490 3234 5533 et
3264 5497 3369 5535 non
3403 5497 3496 5549 per
3537 5484 3668 5536 cessio

381 5566 560 5623 gmata
591 5563 638 5606 et
670 5555 871 5621 figuras
908 5552 1195 5606 Dominum
1227 5555 1385 5608 videt.

1678 5649 1912 5705 VARIAE
1952 5647 2353 5706 LECTIONES.

488 5737 531 5767 ⁶¹
599 5737 691 5790 καί
755 5752 861 5793 non
914 5748 998 5793 est
1056 5740 1109 5794 in
1147 5737 1203 5795 S.
1240 5738 1301 5794 P.

383 5806 504 5867 δρα,
540 5805 599 5860 S.

1336 5698 1367 5801 γ,
1414 5740 1457 5772 ²¹
1490 5698 1911 5812 anteiri-)1";
1938 5698 2352 5805 [:iv’;
2372 5737 2429 5796 S.

2516 5738 2587 5813 f‘
2617 5737 2892 5805 ἕλκοντας,
2946 5735 3011 5793 D.
3057 5734 3116 5791 S.
3192 5736 3241 5769 "
3286 5735 3429 5807 πλὴν
3496 5736 3562 5790 σὺ
3609 5736 3667 5791 δὲ
