3892 6232
390 342 531 400 “03

1567 342 1622 391 δ.
1662 339 1957 395 υιυιηγδιι
2011 336 2479 395 ΑΗΕΟΡᾹΟΙΤΑΞ

3521 336 3685 397 Iit)!

428 461 629 515 rimum
694 466 940 528 tempore
997 456 1079 512 sol
1132 455 1275 512 diem
1324 454 1627 527 longiorem
1677 465 1844 512 nocte
1888 456 2187 526 protendit.
2236 456 2314 513 De
2359 456 2445 513 bis
2494 456 2745 512 meminit
2791 454 3012 513 Flavius
3059 454 3326 527 Vopiscus
3378 456 3437 511 in
3492 461 3677 516 Aure-

417 546 562 586 tano.

464 600 620 655 Circa
649 600 880 655 inediam
920 615 1042 654 vero
1084 607 1309 665 noctem,
1353 608 1459 654 etc.
1490 597 1645 653 Unde
1682 596 1896 667 collige,
1942 611 2150 669 morem
2186 598 2361 654 fuisse
2402 597 2514 666 jam
2568 597 2694 652 inde
2728 612 2758 652 a
2784 597 2988 669 primis
3021 596 3276 652 Ecclesia:
3308 600 3675 669 temporibus.

392 683 454 727 ut
488 673 808 727 sacerdotes
843 671 909 724 de
944 677 1105 724 nocte
1159 669 1227 723 ad
1276 670 1546 724 orandum
1600 678 1909 735 surgerent.
1964 668 2175 737 Carpus
2222 670 2390 733 enim,
2427 670 2716 738 episcOpus
2768 668 2965 733 Cretae,
3017 674 3380 738 apostolorum
3425 668 3677 734 auditor,

390 743 543 799 circa
575 742 814 796 mediam
850 750 1090 811 noctem,
1125 748 1187 793 ut
1220 740 1309 795 hic
1346 742 1406 795 S.
1444 740 1737 811 Dionysius
1771 754 1981 811 memor

2103 739 2333 811 vigilare
2377 738 2583 794 solebat
2617 737 2753 810 πρὸς
2783 738 2911 811 τοῦς
2943 737 3124 811 θείους
3175 738 3397 811 ὕμνους,
3435 740 3506 792 ad
3542 743 3669 794 divi-

397 830 492 867 nos
524 814 747 883 hymnos
781 813 870 879 pie
902 823 957 865 et
992 810 1250 883 religiose
1284 812 1396 883 Deo
1428 807 1826 883 conci'nendos.
1882 807 1944 864 δ.

1998 807 2425 881 Chrysostomus
2484 811 2541 863 in
2588 807 2709 881 cap.
2762 824 2795 862 ν
2837 807 3292 881 Ιεαριεγηοιηίἡαι
3342 812 3678 880 παννυχίδας

395 878 581 963 ίεράςζ
613 878 1129 963 sacra-peruigilio;
1128 882 1289 945 diem,
1326 881 1530 963 inquit,
1566 897 1684 934 cum
1716 891 1875 963 nocte
1910 878 2241 948 copulantia.
2273 882 2406 963 Quae
2438 895 2467 933 a
2503 878 2681 935 media
2718 888 2878 963 nocte
2925 878 3176 963 inchoata
3228 879 3418 963 fuisse,
3470 878 3681 963 ibidem

398 949 483 1007 his
516 953 698 1008 verbis
732 949 1006 1023 signiﬁcat
1033 970 1046 1005 :
1087 949 1285 1006 Omnes
1308 949 1481 1005 somni
1510 952 1849 1023 tyrannidem
1879 950 2503 1023 generosarcontentione
2542 960 2874 1023 superantes,
2921 950 2987 1023 ἐκ
3024 951 3411 1023 μεσονυκτίων,
3443 967 3477 1003 a
3500 952 3682 1023 medio

396 1024 565 1077 noctis
608 1039 770 1092 usque
789 1019 873 1076 'ad
922 1022 1092 1076 lucem
1140 1019 1562 1090 perseverabant.
1599 1020 1655 1077 ld
1689 1036 1720 1076 e
1752 1019 1906 1077 fonti
1937 1020 2237 1093 apostolico
2283 1035 2570 1089 manasse,
2611 1019 2754 1077 dicit
2801 1019 3088 1091 perspicue
3120 1020 3177 1076 S.
3214 1020 3485 1077 Maximus
3527 1022 3681 1076 hunc

397 1093 576 1149 locum
609 1108 915 1163 exponens,
952 1108 1116 1162 quem
1152 1093 1277 1147 vide
1311 1093 1365 1148 in
1406 1093 1667 1148 Scholiis.

475 1205 607 1261 Vide
649 1208 835 1265 Schol.
867 1206 929 1263 S.
964 1207 1191 1263 Maximi
1222 1218 1271 1263 et
1310 1206 1581 1278 Paraphr.
1624 1208 1881 1279 Pacligni.
1910 1210 1966 1263 in
2000 1208 2172 1279 Epist.
2208 1207 2264 1275 8,
2305 1218 2435 1265 tom.
2477 1208 2564 1264 11.

786 1564 1371 1659 EPISTOLA
1426 1570 1600 1659 IX.

900 1704 1072 1761 TITU
1114 1704 1488 1762 EPISCOPO

403 1803 632 1875 Roganti
682 1818 775 1872 per
824 1800 1099 1875 epistolam
1150 1816 1270 1873 qua:
1306 1802 1389 1875 sit
1437 1801 1625 1875 domus
1677 1802 1984 1870 sapientia.

541 1876 659 1945 quis
693 1883 884 1938 crater,
914 1882 962 1927 et
1000 1872 1243 1942 quisnam
1270 1873 1413 1926 cibus
1440 1872 1555 1941 ejus
1581 1889 1644 1926 ac
1668 1885 1842 1942 potus.

2016 1562 2065 1619 A

2513 1564 3079 1651 ΕΠΙΣΤΟΛΗ
3124 1563 3247 1653 Θ’.

2602 1706 2761 1775 nm
2811 1704 2992 1760 'IEPA
3000 1708 3151 1777 ΡΧῌ

2107 1794 2505 1883 Ἐρφτήσαττι
2531 1794 2627 1883 ’δι’
2676 1796 3045 1883 ιέαιπιστοαῖᾔςι
3092 1796 3406 1883 τίςιόητῆς
3458 1798 3688 1883 σοφίας

2165 1867 2347 1933 οἶκος,
2380 1867 2474 1933 τίς
2510 1870 2543 1919 d
2570 1867 2827 1935 κρατὴρ,
2862 1867 2961 1920 καὶ
2989 1868 3123 1921 τίνα
3152 1867 3223 1921 τὰ
3252 1867 3541 1937 ,ϐρώματα
3573 1871 3687 1923 αὐ·

2175 1936 2305 2006 τῆς,
2340 1938 2438 1991 καὶ
2466 1936 2539 1991 τὰ
2572 1939 2825 2008 πόματα.

1675 2093 2009 2152 SYNOPSIS
2046 2094 2428 2153 EPISTOLA‘I.

381 2208 465 2282 sl.
485 2213 754 2274 Ostendit.
781 2215 1125 2286 sgmbolicam
1155 2213 1814 2291 theologiam_rudioribus
1845 2222 1894 2267 et
1932 2212 2131 2291 ignaris
2163 2209 2353 2291 multas
2390 2209 2651 2291 absurdos
2677 2211 2953 2291 imagines
3005 2220 3161 2291 atque
3205 2211 3579 2291 cogitationes.
3600 2212 3683 2291 in-

470 2303 761 2355 generare;
792 2279 839 2342 e't
865 2292 963 2339 hac
994 2287 1270 2340 occasione
1295 2279 1519 2353 eiempli
1548 2300 1711 2355 causa
1744 2279 2220 2352 diversa'symbola
2247 2283 2481 2355 exponit,
2520 2296 2639 2347 qua:
2668 2280 2722 2334 in
2761 2279 3054 2355 scripturis
3093 2279 3449 2355 reperiuntur.
3480 2280 3682 2334 Deinde

474 2349 792 2426 lheologiam
823 2357 1010 2410 dividit
1045 2357 1102 2409 in
1140 2356 1417 2426 mysticam
1445 2349 2026 2426 acdemonstrantem,
2054 2363 2100 2426 et
2135 2367 2253 2426 quin
2284 2350 2538 2419 cujusque
2567 2360 2762 2426 partes
2784 2353 2889 2426 sint
2930 2351 3162 2426 exponit.
3203 2349 3265 2405 Il.
3300 2350 3465 2426 Docet
3488 2368 3685 2426 ,_sgnh

475 2426 594 2479 bola
626 2420 834 2480 diversa
871 2420 1220 2480 diversimode
1251 2441 1361 2479 esse
1389 2424 1743 2493 explicanda;
1774 2436 1822 2478 et
1860 2423 2019 2477 simul
2048 2423 2310 2485 declarat,
2355 2421 2620 2493 quomodo
2653 2422 2789 2493 ignis
2835 2420 3043 2493 deuDeo
3078 2430 3128 2493 et
3173 2422 3373 2491 angelis
3416 2420 3682 2489 accipien-

473 2498 574 2551 dus
611 2498 702 2553 sit.
738 2496 875 2550 Item
905 2496 1031 2565 quid
1064 2512 1184 2550 esca
1215 2489 1589 2565 designetLJIL
1633 2493 1885 2561 Exponit,
1917 2494 2046 2563 quid
2088 2506 2258 2565 crater
2289 2489 2506 2565 mystice
2548 2489 2827 2565 signiﬁcet.
2868 2489 2958 2565 IV_._
3003 2490 3146 2565 Quid
3176 2489 3592 2565 Aci—bus‘solidus
3635 2502 3685 2544 et

476 2568 708 2638 liquidus
740 2560 997 2637 designet.
1044 2567 1105 2621 ν.
1142 2566 1282 2631 Quid
1314 2560 1437 2620 ilem
1464 2564 1563 2619 Dei
1592 2560 1841 2632 ebrietas,
1872 2560 2101 2634 quidque
2137 2563 2425 2615 discubitus
2455 2563 2725 2616 beatorum
2758 2563 2813 2615 in
2845 2562 3005 2615 ctelis.
3040 2560 3121 2619 Vl.
3162 2561 3301 2627 Quid
3333 2560 3430 2616 Dei
3462 2578 3686 2617 somnus

474 2650 521 2692 et
550 2638 844 2707 evigilatio.

476 2917 712 2975 Sanctus
734 2918 954 2990 quidem
973 2918 1319 2985 Timotheus,
1342 2918 1546 2990 Optime
1562 2916 1702 2983 Tite,
1731 2918 1915 2974 nescio
1942 2920 1987 2972 si
2023 2924 2063 2981 Β

397 3011 675 3083 quidpiam
714 3011 884 3084 eos
942 3012 1308 3083 symbolorum
1358 3011 1786 3081 theologicorum
1834 3026 1865 3066 a
1899 3026 1987 3067 me

402 3105 727 3160 traditurum
752 3120 858 3159 non
880 3104 1143 3172 audierit;
1167 3104 1422 3172 quoniam
1441 3103 1495 3158 in
1518 3106 1818 3174 ngbolica
1842 3106 1988 3160 theo-

397 3198 544 3269 logia
601 3196 860 3253 distincte
910 3197 1013 3267 ipsi
1076 3196 1472 3267 exposuimus,
1525 3213 1869 3269 quaecunque
1930 3198 1984 3252 itt

399 3290 609 3347 oraculi
658 3290 969 3361 prodigiosa
1016 3288 1267 3360 plurimis
1308 3290 1422 3343 visa
1456 3290 1525 3343 de
1556 3290 1667 3346 Deo
1695 3292 1986 3346 enuntian-

392 3392 513 3461 ltur.
540 3383 739 3439 Gravis
764 3385 966 3439 etenim
994 3386 1217 3440 absurdi
1249 3386 1488 3455 speciem
1520 3386 1718 3441 animis
1751 3385 1987 3440 rudiori-

398 3478 504 3531 bus
533 3478 853 3549 imprimunt
881 3478 1071 3535 Patres
1122 3479 1195 3533 illi
1225 3481 1317 3551 qui
1350 3495 1605 3536 arcanam
1640 3482 1862 3536 tradunt
1901 3497 1987 3537 sa-

392 3552 688 3639 pientiam,
737 3573 865 3626 dum
910 3572 1147 3627 divinam
1206 3572 1353 3629 illam
1405 3576 1688 3645 mysticam
1746 3583 1801 3629 et
1861 3589 1988 3644 pro-

402 3660 545 3715 fanis
568 3661 907 3715 inaccessam
947 3663 1235 3717 veritatem
1284 3663 1384 3719 sub
1417 3664 1634 3719 arcanis
1660 3664 1985 3734 quibusdam

402 3750 789 3806 audacioribus
834 3752 1216 3822 :enigmatibus
1276 3766 1605 3824 proponunt.
1646 3757 1986 3826 Quapropter

392 3844 566 3909 etiam
616 3844 670 3898 in
707 3845 905 3899 divinis
948 3846 1221 3915 mysteriis
1265 3847 1591 3915 quandoque
1629 3849 1810 3904 verbis
1853 3849 1986 3917 ipsis

390 3923 493 4011 :vix
524 3935 828 3997 credimus,
860 3935 986 3988 dum
1040 3935 1129 3989 illa
1162 3938 1427 3992 duntaxat
1464 3954 1561 4008 per
1597 3950 1795 4009 agnata
1833 3956 1983 4012 sym-

389 4027 523 4107 Ibola
550 4027 772 4082 sensilia
818 4028 1208 4097 conspicimus.
1243 4027 1444 4084 Verum
1492 4031 1575 4086 his
1603 4033 1828 4097 amoris,
1869 4034 1984 4103 ipsa

390 4120 454 4197 ’in
486 4120 680 4189 seipsis
720 4121 861 4173 nuda
915 4135 1157 4189 puraque
1196 4120 1459 4177 intuenda
1512 4134 1673 4189 sunt;
1721 4124 1801 4178 sic
1836 4125 1982 4179 enim

390 4206 836 4285 contemplantes
859 4212 1243 4267 venerabimur
1265 4213 1469 4268 fontem
1492 4215 1641 4279 vitaa,
1668 4214 1719 4269 in
1745 4216 1981 4285 seipsum

387 4362 566 4449 lunam
594 4396 885 4464 quamdam
921 4406 1244 4465 potestatem
1280 4398 1607 4468 simplicem,
1640 4414 1739 4468 per
1778 4414 1837 4454 se
1867 4416 1985 4455 mo-

400 4487 587 4553 bilem,
628 4503 724 4558 per
763 4504 823 4544 se
867 4498 1140 4559 agentem,
1188 4490 1421 4559 seipsam
1474 4506 1581 4543 non
1619 4492 1985 4559 deserentem,

400 4580 494 4633 sed
525 4581 802 4635 notionem
852 4584 1133 4636 notiouum
1163 4582 1430 4649 omnium,
1461 4597 1525 4637 ac
1560 4598 1773 4653 semper
1801 4600 1861 4640 se
1889 4600 1987 4656 per

399 4674 636 4742 seipsam
690 4675 1169 4745 contemplantem.
1236 4676 1563 4731 Censuimus
1633 4677 1801 4745 igitur
1868 4687 1983 4732 tum

400 4765 526 4832 ipsi,
559 4774 672 4819 tum
699 4766 841 4831 aliis,
865 4768 1043 4836 quoad
1074 4768 1190 4821 ﬁeri
1220 4777 1435 4839 poterat
1454 4808 1469 4830 ,
1494 4768 1841 4838 exponendas
1864 4784 1984 4825 esse

398 4857 579 4910 omnis
608 4860 823 4926 generis
847 4858 1070 4927 formas,
1103 4861 1416 4931 symbolica:
1461 4859 1605 4914 illius
1634 4876 1754 4931 qua:
1782 4861 1849 4915 de
1875 4862 1983 4918 Deo

390 4940 483 5002 est
512 4964 683 5002 sacra:
711 4948 1083 5019 eliigiationis;
1113 4953 1271 5022 hujus
1308 4953 1453 5007 enim
1496 4953 1789 5020 exteriora,
1819 4970 1980 5023 quam

388 5026 556 5110 'plena
583 5050 711 5094 sunt
732 5041 1066 5099 incredibilis
1087 5054 1142 5097 et
1169 5045 1527 5099 commentitii
1552 5048 1779 5100 monstri
1799 5046 1822 5099 Ἰ
1842 5062 1892 5101 v.
1926 5064 1978 5119 g.

398 5136 526 5187 dum
558 5132 615 5187 in
660 5133 1173 5202 suprasubstantiali
1220 5136 1314 5191 Dei
1364 5138 1737 5205 generatione,
1766 5147 1979 5194 uterum

390 5224 497 5297 ‘Dci
526 5239 791 5294 corporee
820 5236 1173 5294 generantem
1203 5227 1406 5298 ellingit
1432 5229 1483 5294 ιι,
1521 5237 1576 5285 et
1610 5244 1707 5284 cor
1749 5229 1983 5286 hominis

390 5300 658 5370 eructans
703 5316 930 5372 verbum
978 5318 1031 5371 in
1075 5333 1257 5373 aerem
1283 5318 1514 5375 ell'usum
1546 5321 1593 5385 ί,
1632 5330 1687 5375 et
1732 5321 1982 5390 spiritum

400 5424 467 5462 es
500 5425 597 5463 ore
632 5411 929 5480 spirantem
956 5409 1218 5467 describit
1249 5410 1299 5479 ι,
1330 5424 1395 5466 ac
1423 5411 1578 5466 sinus
1606 5410 1866 5483 deigenos
1892 5411 1985 5467 Fi-

473 5520 501 5558 ι·
536 5517 686 5575 Psal.
716 5538 828 5587 etx,
858 5523 913 5579 5.
1000 5521 1188 5588 ipsa],
1219 5540 1364 5589 κων,
1395 5525 1448 5579 i.

1543 5525 1571 5565 κ
1599 5522 1743 5582 Psal.
1770 5543 1950 5592 xxx",
1982 5530 2035 5583 6.

2176 2916 2234 2969 '0
2258 2915 2355 2986 μὲν
2375 2915 2517 2985 ἱερὸς
2542 2914 2825 2986 Τιμόθεος,
2846 2908 2892 2968 ῶ
2911 2914 3042 2968 καλὲ
3071 2914 3218 2979 Τίτε,
3246 2916 3349 2969 οὐκ
3374 2909 3497 2970 οῖδα
3525 2916 3589 2970 ετ
3608 2936 3693 2973 τις

2090 3026 2181 3073 νος
2207 3009 2315 3062 τῶν
2360 3009 2772 3079 διεγνωσμένων
2817 3026 2907 3079 μοι
2952 3008 3275 3077 θεολογικῶν
3303 3012 3350 3042 ³⁸
3398 3010 3692 3082 συμϐόλων

2091 3101 2427 3174 ἀπελήλυθεν
2454 3102 2686 3173 ἀνήκοος
2712 3118 2723 3131 ·
2760 3101 2874 3154 ἀλλ’
2902 3102 2961 3154 ὲν
2988 3104 3055 3172 τῇ
3086 3102 3432 3171 Συμϐολικῇ
3476 3107 3686 3157 θεολο-

2089 3197 2189 3266 ria
2235 3195 2739 3267 διηυκρινησάμεθα
2775 3194 2955 3257 πάσας
3000 3194 3150 3264 αὑτῷ
3190 3194 3288 3257 τὰς
3331 3195 3443 3248 τῶν
3489 3195 3691 3264 λογίων

2090 3290 2218 3359 περὶ
2246 3288 2382 3341 Θεοῦ
2409 3288 2673 3351 δοκούσας
2709 3285 2846 3341 εἶναι
2875 3291 2987 3351 τοῖς
3033 3286 3249 3351 πολλοῖς
3274 3288 3688 3360 τερατολογίας.

2090 3382 2199 3433 Καὶ
2226 3381 2335 3453 γὰρ
2362 3381 2593 3433 ἀτοπίαν
2623 3379 2799 3451 δεινὴν
2845 3380 3353 3451 ὲναπομὸργνυνται
3393 3384 3521 3444 ταῖς
3562 3382 3674 3435 ἀτε-

2088 3473 2204 3526 λέσι
2250 3473 2358 3527 τῶν
2398 3474 2608 3544 ψυχῶν,
2650 3474 2849 3527 ὁπόταν
2887 3475 2935 3526 οἱ
2984 3473 3084 3541 τῆς
3127 3474 3442 3546 ἀπορρήτου
3495 3476 3691 3544 σοφίας

2088 3566 2347 3638 πατέρες,
2380 3566 2469 3619 διὰ
2497 3567 2562 3639 δή
2593 3567 2636 3598 ’⁷
2666 3584 2827 3619 τινων
2876 3567 3121 3638 κρυφίων
3170 3569 3264 3619 καὶ
3312 3568 3687 3641 ἀποτετολμη-

2092 3659 2267 3729 μένων
2292 3660 2630 3730 αἰνιγμάτων
2660 3660 2961 3728 ὲκφαίνωσι
2990 3657 3088 3728 τὴν
3110 3658 3260 3712 θείαν
3289 3660 3385 3713 καὶ
3416 3664 3692 3735 μυστικὴν

2090 3752 2184 3804 καὶ
2214 3752 2414 3806 ἄϐατον
2443 3756 2556 3815 τοῖς
2587 3751 2835 3824 βεϐήλοις
2864 3751 3142 3823 ἀλήθειαν.
3177 3752 3270 3804 Διὸ
3298 3753 3396 3806 καὶ
3425 3755 3679 3809 ἀπιστοῦι

2090 3860 2189 3915 μεν
2219 3845 2267 3896 οἱ
2297 3844 2480 3897 πολλοὶ
2506 3847 2620 3907 τοῖς
2654 3844 2784 3917 περὶ
2810 3844 2918 3897 τῶν
2944 3843 3103 3897 θείων
3136 3845 3455 3917 μυστηρίων
3475 3846 3690 3915 λόγοις·

2086 3934 2339 4008 θεώμεθα
2354 3936 2462 4008 γὰρ
2478 3936 2635 4008 μόνον
2652 3936 2791 3989 αὐτά
2804 3936 2893 3989 διά
2907 3935 3014 3989 τῶν
3027 3938 3494 4008 προσπεφυκότων
3508 3941 3695 4005 αὐτοῖς

2086 4029 2359 4101 αἰσθητῶν
2394 4030 2696 4101 συμϐόλων.
2760 4032 2854 4082 Δεῖ
2880 4029 2937 4083 δὲ
2966 4030 3061 4084 καὶ
3096 4031 3400 4094 ἀποδύντας
3434 4033 3578 4086 αὑτά
3606 4034 3690 4103 ἐφ’

2088 4122 2297 4176 ἑαυτῶν
2328 4122 2509 4193 γυμνὰ
2537 4122 2633 4175 καὶ
2664 4122 2879 4193 καθαρά
2909 4124 3174 4194 γενόμενα
3210 4123 3367 4176 ἰδεῖν·
3401 4124 3548 4178 οῦτω
3582 4127 3691 4198 γὰρ

2086 4214 2151 4268 ἂν
2182 4215 2441 4287 θεώμενοι
2472 4215 2800 4287 σεφθείημεν
2832 4217 3017 4288 πηγὴν
3047 4217 3192 4288 ζωῆς
3222 4218 3301 4280 είς
3335 4218 3541 4291 ἑαυτὴν
3572 4238 3688 4290 χεο-

388 4274 668 4381 ξυίΐυευω,
718 4308 779 4358 et
824 4303 877 4357 in
930 4303 1112 4372 seipso
1160 4303 1552 4360 consistentem
1600 4306 1875 4372 videntes,
1932 4319 1985 4364 et

2094 4274 2410 4379 μένην,“καὶ
2437 4309 2522 4377 ἐφ’
2548 4274 2770 4378 ’ἑαυτῆς
2817 4274 3073 4361 ὲσαςέῶςὲαν⁷
3114 4274 3385 4380 ὁρῶντες,
3429 4274 3528 4363 stat:
3561 4274 3691 4381 μίαν

2086 4400 2210 4453 τινὰ
2243 4400 2491 4471 δύναμιν,
2524 4400 2721 4471 ἀπλῆν,
2752 4402 3129 4474 αὐτοκίνητον,
3160 4402 3594 4475 αὑτοενέογητον
3624 4405 3687 4469 ⁸⁸,

2090 4492 2287 4563 ἑαυτὴν
2320 4494 2420 4547 οὐκ
2453 4493 2875 4559 ἀπολείπουσαν,
2906 4494 3043 4548 ἀλλά
3085 4494 3287 4564 γνῶσιν
3317 4496 3514 4548 πασῶν
3546 4496 3688 4564 γνὼ-

2090 4602 2226 4639 σεων
2258 4586 2628 4657 ὑπάρχουσαν,
2661 4588 2754 4639 καὶ
2784 4587 2871 4639 ἀεὶ
2913 4587 2982 4640 δι’
3010 4587 3210 4656 ἑαυτῆς
3249 4587 3450 4659 ἑαυτὴν
3480 4588 3687 4659 θεωμέ-

2087 4696 2203 4749 νην.
2238 4679 2453 4749 Χρῆναι
2484 4679 2613 4747 γοῦν
2635 4678 2783 4749 αὑτῷ
2808 4696 2868 4731 τε
2899 4680 2993 4733 καὶ
3020 4679 3199 4743 ἀλλοις
3230 4681 3365 4752 παρ’
3391 4684 3425 4752 ἡ
3436 4681 3552 4751 μῶν
3583 4681 3691 4751 ᾠη-

2088 4769 2283 4840 θημεν,
2314 4771 2391 4835 ὡς
2417 4766 2528 4824 οἷόν
2555 4789 2615 4824 τε
2643 4768 2709 4843 ἦν
2742 4774 2808 4837 ’³,
2832 4774 3246 4845 ἀναπτυχθῐψαι
3275 4775 3347 4828 τά
3370 4777 3690 4829 παντοδαπά

2092 4861 2433 4932 μορφώματα
2464 4863 2564 4932 τῆς
2594 4864 2723 4934 περὶ
2750 4862 2885 4915 Θεοῦ
2912 4864 3247 4935 συμϐολικῆς
3279 4866 3685 4937 ἱεροπλαστίας·

2087 4952 2156 5004 τά
2198 4953 2307 5025 γὰρ
2334 4955 2490 5017 ἐκτὸς
2535 4955 2707 5024 αὐτῆς
2738 4955 2944 5026 ὁπόσης
2982 4956 3401 5029 ἀναπέπλησται
3429 4960 3536 5031 τῆς
3565 4962 3692 5014 ἀπι-

2089 5042 2252 5096 θάνου
2312 5046 2406 5097 κα)⁵
2460 5044 2887 5115 πλασματώδους
2928 5048 3251 5117 τερατείας;
3300 5042 3413 5103 οἷον
3454 5051 3552 5103 ἐπὶ
3592 5053 3688 5121 μὲν

2089 5136 2189 5205 τῆς
2220 5138 2543 5209 ὑπερουσίου
2577 5138 2873 5207 θεογονίας,
2906 5141 3152 5212 γαστέρα
3184 5140 3322 5194 Θεοῦ
3356 5145 3688 5215 σωματικὰς

2089 5226 2221 5281 Θεὸν
2250 5231 2525 5299 γεννῶσαν
2556 5231 3028 5304 ἀναπλαττούσης,
3078 5235 3173 5287 καὶ
3221 5234 3381 5304 λόγον
3431 5239 3516 5302 είς
3554 5239 3686 5308 ἀέρα

2088 5322 2451 5393 προχεόμενον
2471 5323 2579 5376 ἀπὸ
2597 5324 2825 5395 καρδίας
2854 5324 3115 5396 ἀνδρικῆς
3133 5327 3569 5401 ἐξερευγομένης
3593 5333 3683 5383 αὖ,

2087 5413 2198 5480 τὸν,
2234 5416 2329 5468 καὶ
2357 5414 2573 5486 πνεῦμα
2606 5417 2967 5488 ὲκπνεόμενον
2998 5418 3105 5471 ἀπὺ
3148 5420 3419 5491 στὸματος
3446 5423 3687 5493 ἀναγρα-

1727 5662 1964 5719 ΫΑΒΙΑΞ
1996 5665 2401 5722 LECTIONES.

519 5768 563 5797 "
596 5768 938 5838 θεολογικῶς,
974 5772 1033 5826 S.
1072 5771 1131 5826 Ρ.
1208 5774 1251 5803 ’τ
1287 5772 1350 5841 δή
1390 5789 1497 5829 non
1530 5786 1613 5831 est
1646 5777 1701 5833 in
1736 5777 1800 5833 D.
1879 5779 1923 5812 ⁸⁸
1958 5779 2374 5851 αὐτενέργητον,
2414 5781 2474 5835 D.
2516 5780 2571 5837 S.
2610 5781 2670 5836 P.
2752 5782 2800 5815 "
2831 5782 2907 5846 ῶς
2939 5777 3041 5837 οἷοί
3074 5800 3134 5837 τε
3169 5776 3328 5855 ἦμεν,
3366 5785 3420 5843 S.
