3892 6232
234 370 374 426 1105

1632 378 1975 438 EPISTOLA
2034 381 2123 438 IX.

3386 362 3519 448 nec

232 483 462 555 φούσης,
515 485 609 538 καὶ
659 485 892 550 κόλπους
937 486 1280 557 θεογονικοὺς
1308 489 1832 563 ὲναγκαλιζομένους

1936 493 2068 550 lium
2101 495 2196 551 Dei
2219 495 2671 565 complectentes,
2704 494 2760 550 in
2785 496 3005 552 modum
3047 500 3295 568 corporis
3321 502 3523 558 collau-

231 574 370 629 Θεοῦ
403 576 561 639 Υἱὸν,
611 579 1061 650 σωματοπρεπῶς
1092 582 1228 651 ἡμῖν
1271 580 1631 655 ὲξυμνούσης,
1664 583 1698 655 ἢ
1727 602 1829 655 φυ-

234 668 405 733 σικῶς
444 668 618 724 ταῦτα
659 671 1113 743 διαπλαττούσης,
1165 674 1260 728 καὶ
1309 675 1501 747 δένδρα
1546 675 1690 740 τινὰ,
1735 677 1831 731 καὶ

232 762 521 835 βλαστοὺς,
554 765 649 820 καὶ¹
680 766 837 835 ἄνθη,
870 769 964 819 καὶ
994 766 1148 836 ῥίζας
1168 767 1631 841 προϐαλλομένης,
1662 768 1696 841 ἢ
1724 788 1831 843 πη-

231 858 340 927 γὰς
387 859 597 914 ὑδάτων
644 860 1150 933 ἀναϐλυζούσας,ἢ
1196 863 1650 937 ἀπαυγασμάτων
1696 884 1830 938 προ-

228 953 520 1022 αγωγικὰς
564 954 919 1023 φωτογονίας,
974 953 1007 1025 ἢ
1058 954 1223 1019 ἄλλας
1280 955 1435 1021 τινὰς
1488 958 1829 1031 ύπερουσίων

232 1043 528 1111 θεολογιῶν
549 1044 951 1116 ὲκφαντορικάς
973 1046 1348 1117 ἱερογραφίας.
1369 1048 1489 1101 Ἐπὶ
1507 1048 1564 1102 δὲ
1579 1049 1687 1103 τῶν
1706 1067 1831 1122 νοη-

230 1134 340 1188 τῶν
354 1135 448 1189 τοῦ
466 1134 602 1188 Θεοῦ
616 1136 901 1205 προνοιῶν,
919 1137 951 1208 ῆ
968 1137 1206 1209 δωρεῶν,
1227 1139 1259 1211 ἢ
1276 1139 1612 1209 ὲκφάνσεων,
1630 1142 1662 1211 ἦ
1679 1142 1831 1196 δυνά-

231 1247 402 1301 μεων,
437 1227 471 1300 ἢ
515 1228 814 1301 ίδιοτήτων,
846 1230 879 1301 ἢ
912 1230 1139 1302 λήξεων,
1159 1232 1191 1303 ἢ
1215 1234 1412 1303 μονῶν,
1442 1233 1475 1305 ἢ
1510 1235 1826 1307 προόδων,ἢ

227 1322 579 1394 διακρίσεων,
610 1321 643 1393 ἢ
678 1321 944 1387 ἐνώσεων,
976 1322 1406 1395 άνδροπλαστίαν
1438 1324 1516 1397 τῷ
1547 1324 1687 1397 Θεῷ,
1733 1327 1828 1379 καὶ

225 1410 457 1484 θηρίων,
490 1412 585 1465 καὶ
615 1410 768 1477 ζώων
801 1412 997 1477 ἄλλων,
1033 1415 1125 1467 καὶ
1157 1414 1363 1483 φυτῶν,
1399 1416 1492 1468 καὶ
1524 1415 1687 1469 λίθων
1709 1434 1829 1470 ποι-

227 1504 590 1576 κιλομορφίαν
618 1505 1091 1577 περιπλαττούσης
1113 1523 1127 1537 ·
1160 1507 1254 1560 καὶ
1282 1507 1523 1579 κόσμους
1554 1508 1704 1579 αὐτῷ
1725 1526 1827 1577 γυ-

229 1597 528 1662 ναικείους,
573 1597 607 1670 ἦ
656 1597 998 1672 βαρϐαρικὰς
1052 1598 1371 1664 ὁπλοποιίας
1418 1600 1823 1673 περιτιθείσηςο

228 1690 325 1742 καὶ
353 1689 649 1760 κεραμίσιν,
686 1690 778 1743 καὶ
807 1691 1192 1761 χωνευτήριον,
1223 1690 1300 1754 ὡς
1329 1690 1397 1745 ἂν
1432 1690 1685 1762 βαναύσῳ
1717 1693 1827 1746 τινὶ

227 1766 616 1851 προστιθείσης
645 1780 692 1811 ³⁰
717 1796 730 1811 ’
764 1781 858 1834 καὶ¹
889 1781 1090 1845 ἵππους
1122 1780 1293 1852 αὐτῷ,
1325 1783 1420 1836 καὶ
1459 1782 1702 1855 ἅρματα,
1733 1786 1828 1838 καὶ

1934 588 2051 655 dat,
2091 597 2187 643 aut
2222 588 2275 643 in
2311 589 2532 643 modum
2558 589 2746 658 stirpis
2774 590 2890 646 haec
2921 591 3035 661 ipsa
3062 593 3323 665 depingit,
3355 605 3409 651 et
3433 613 3523 652 ar-

1931 681 2094 736 bores
2122 680 2419 750 quasdam,
2449 689 2508 736 et
2542 680 2811 747 surculos,
2838 690 2894 738 et
2924 681 3085 740 ﬂores
3115 692 3281 756 atque
3310 689 3523 747 radices

1931 772 2216 841 proponit;
2243 779 2335 824 aut
2359 769 2542 826 fontes
2581 772 2739 841 aquis
2779 783 3090 841 manantes,
3116 786 3212 830 aut
3244 776 3525 848 lucigenas

1933 863 2285 933 splendorum
2307 862 2696 930 fecunditates,
2720 873 2810 919 aut
2827 866 3091 935 quasdam
3115 868 3249 923 alias
3266 884 3527 940 superna-

1932 953 2136 1010 turales
2151 969 2338 1009 sacras
2358 968 2537 1009 rerum
2562 953 2867 1010 divinarum
2894 957 3300 1027 explanatorias
3318 963 3525 1016 descri-

1930 1047 2169 1116 ptiones.
2212 1045 2269 1099 ln
2309 1045 2649 1115 spiritalibus
2694 1055 2873 1101 autem
2900 1047 2994 1102 Dei
3025 1048 3409 1118 providentiis,
3437 1050 3524 1106 vel

1931 1142 2090 1197 donis
2126 1140 2210 1195 vel
2240 1139 2796 1208 manifestationibus,
2820 1142 2905 1196 vel
2936 1141 3257 1209 virtutibus,
3283 1152 3377 1198 aut
3400 1160 3526 1214 pro-

1930 1232 2275 1303 prietatibus,
2300 1240 2393 1287 aut
2418 1232 2673 1296 statibus,
2699 1240 2793 1286 aut
2826 1232 3226 1297 mansionibus,
3259 1241 3353 1286 aut
3374 1246 3526 1287 ema—

1932 1323 2270 1390 nationibus,
2292 1331 2384 1378 aut
2406 1323 2826 1388 secretionibus,
2843 1332 2939 1377 aut
2969 1325 3266 1379 unionibus
3290 1324 3521 1379 formam

1930 1417 2032 1470 viri
2056 1416 2166 1471 Deo
2187 1424 2243 1471 et
2267 1415 2533 1483 ferarum,
2559 1415 2900 1485 aliorumque
2929 1416 3289 1472 animantium
3318 1426 3374 1473 et
3397 1418 3525 1473 stir-

1931 1506 2079 1576 pium
2103 1513 2268 1576 atque
2293 1504 2531 1576 lapidum
2566 1503 3062 1562 multiformitatem
3103 1507 3336 1579 alliugit;
3389 1508 3522 1578 quin

1930 1599 2094 1654 etiam
2129 1606 2356 1653 ornatus
2381 1597 2696 1665 muliebres,
2727 1608 2785 1653 et
2816 1599 3081 1655 barbaras
3108 1611 3418 1657 armaturas
3444 1602 3521 1657 illi

1930 1689 2297 1760 circumpouit
2312 1708 2325 1743 ε
2342 1699 2399 1744 et
2421 1689 2661 1760 ﬁglinam
2681 1688 3172 1762 conﬂatoriamque
3191 1704 3391 1760 artem,
3414 1702 3525 1749 lan-

1930 1795 2093 1850 quam
2122 1779 2307 1850 opiﬁci
2334 1781 2574 1851 cuipiam
2610 1783 2935 1838 mechanico
2958 1784 3241 1847 attribuit;
3275 1796 3331 1841 et
3352 1800 3525 1849 equos

227 1871 452 1944 θρόνους
482 1872 941 1944 ύποστρωννύσης
960 1891 972 1903 ·
1007 1874 1101 1927 καὶ
1127 1873 1314 1938 δαῖτάς
1334 1876 1377 1907 ³¹
1405 1892 1557 1940 τινας
1578 1875 1825 1948 ὀψοποιη-

1936 1875 2059 1946 ipsi,
2077 1882 2364 1941 etcurrus,
2380 1886 2435 1930 et
2451 1874 2610 1929 sedes
2624 1877 2904 1947 supponit,
2923 1884 2980 1931 et
2996 1878 3245 1931 convivia
3274 1879 3521 1948 quaedam

231 1964 384 2028 τικάς
416 1965 460 1996 ³²
490 1965 980 2037 ἐπισκευαζούσης,
1009 1968 1104 2020 καὶ
1134 1968 1449 2031 πεπωκότα,
1482 1970 1576 2022 καὶ
1609 1968 1834 2040 μεθύον-

234 2074 318 2120 τα,
351 2057 446 2111 καὶ
466 2057 840 2123 ὑπνώττοντα,
865 2061 960 2113 καὶ
977 2059 1366 2131 κραιπαλῶντα
1380 2060 1830 2133 διαπλαττούσης.

226 2151 294 2205 Τί
309 2150 375 2205 ἄν
394 2167 479 2214 τις
497 2151 641 2205 εῐποι
660 2151 758 2215 τὰς
777 2152 968 2224 ὀργάς,
985 2153 1084 2217 τὰς
1104 2152 1300 2217 λύπας,
1316 2154 1443 2218 τοὺς
1466 2155 1835 2221 παντοδαποὺς

226 2243 445 2314 ὅρκους,
467 2243 567 2308 τὰς
615 2246 996 2317 μεταμελείας,
1024 2246 1123 2311 τὰς
1158 2247 1318 2318 άρὰς,
1356 2247 1455 2311 τὰς
1487 2248 1733 2320 μήνιδας,
1765 2248 1834 2301 τὰ

227 2336 481 2408 πολυειδῆ
500 2339 593 2391 καὶ
606 2338 735 2404 λοξὰ
750 2339 851 2410 τῆς
872 2340 1147 2413 ἁμαρτίας
1166 2340 1273 2394 τῶν
1290 2341 1631 2410 ἐπαγγελιῶν
1657 2342 1836 2413 σοφίσ-

225 2447 399 2503 ματα,
433 2429 532 2502 τὴν
561 2432 619 2484 ἐν
647 2435 714 2504 τῇ
746 2433 962 2486 Γενέσει
983 2434 1435 2505 γιγαντομαχίαν,
1467 2435 1588 2489 καθ’
1620 2438 1686 2507 ἢν
1716 2438 1836 2490 ἐπι-

225 2522 502 2577 ϐουλεύειν
522 2526 586 2578 ὲκ
616 2525 782 2595 φόϐου
813 2525 1032 2595 λέγεται
1060 2529 1173 2591 τοῖς
1201 2527 1448 2592 δυνατοῖς
1476 2530 1703 2593 ἐκείνοις
1735 2531 1832 2583 ἀν-

225 2619 411 2691 δράσι,
435 2620 530 2672 καὶ
556 2618 731 2672 ταῦτα
763 2620 863 2692 τὴν
895 2619 1204 2692 οἰκοδομὴν,
1228 2619 1331 2673 οὐκ
1349 2621 1436 2673 ἐπ’
1458 2621 1644 2693 ἀδικίᾳ
1672 2621 1835 2674 τινῶν

227 2712 454 2783 ἑτέρων,
477 2710 589 2764 ἀλλ’
609 2712 748 2784 ὑπὲρ
779 2712 1055 2784 σωτηρίας
1075 2712 1176 2782 τῆς
1195 2713 1403 2767 ἑαυτῶν
1438 2713 1833 2785 μεμηχανημέ-

227 2821 361 2866 νοις,
385 2804 479 2856 καὶ
506 2802 568 2856 τὸ
591 2820 653 2856 συ
661 2803 913 2874 μϐούλιον
930 2807 1104 2858 ἐκεῖνο
1124 2805 1186 2859 τὸ
1201 2806 1321 2859 κατ’
1339 2806 1568 2877 οὐρανὸν
1589 2808 1682 2860 ἐπὶ
1697 2808 1834 2879 δόλῳ

227 2897 322 2952 καὶ
349 2898 532 2970 ἀπάτῃ
564 2894 659 2951 τοῦ
703 2897 906 2969 Ἀχαὰὸ
937 2898 1333 2969 σκευαζόμενον
1352 2899 1397 2930 ³⁸
1417 2915 1430 2929 ⁸
1466 2900 1561 2952 καὶ
1587 2899 1689 2963 τὰς
1722 2899 1833 2954 τῶν

226 2989 491 3060 ᾀσμάτων
520 2989 825 3061 προσύλους
870 2991 965 3043 καὶ
1011 2991 1291 3062 ἑταιρικάς
1321 2990 1710 3057 πολυπαθείας,
1742 2993 1835 3046 καὶ

224 3085 331 3138 ὅσα
359 3084 493 3138 ἄλλα
524 3084 626 3155 τῆς
652 3085 832 3138 πάντα
859 3084 1145 3156 τολμώσης
1174 3085 1291 3138 ἐστὶ
1322 3084 1682 3149 θεοπλαστίας
1715 3085 1834 3157 ἱερὰ

1934 1967 2113 2038 epulis
2152 1968 2420 2022 instructa
2450 1978 2703 2038 apparat,
2732 1979 2900 2039 atque
2922 1971 3199 2026 bibentem
3219 1972 3522 2037 etebrium,

1935 2067 1992 2114 et
2038 2058 2515 2113 dormiturieutem
2564 2072 2629 2113 ac
2683 2058 3062 2130 crapulautem
3105 2057 3348 2114 exhibet.
3383 2057 3525 2125 Quid

1936 2149 2135 2204 attinet
2165 2148 2348 2203 dicere
2370 2148 2505 2212 iras,
2533 2146 2770 2209 dolores,
2806 2148 2956 2201 varia
2981 2147 3319 2218 iuramenta.
3353 2147 3528 2216 ι)ωοί-

1938 2242 2141 2298 tentias
2180 2240 2348 2312 609
2377 2249 2434 2294 et
2468 2238 2882 2294 maledictiones
2906 2278 2924 2305 ,
2958 2238 3073 2294 iras
3110 2238 3442 2293 inveteratas
3470 2247 3528 2292 et

1936 2332 2291 2403 multiplices,
2322 2340 2380 2388 et
2407 2332 2662 2402 obliquas
2700 2332 2940 2389 rationes
2968 2330 3267 2388 frustrandi
3292 2329 3528 2401 promis-

1936 2428 2151 2493 siones;
2188 2426 2318 2481 item
2366 2425 2514 2479 illam
2565 2426 2619 2480 in
2671 2424 2870 2481 Genesi
2913 2440 3035 2478 cum
3066 2422 3377 2495 gigantibus
3422 2438 3526 2494 pu-

1936 2535 2122 2592 gnam,
2147 2520 2201 2574 in
2220 2534 2325 2589 qua
2344 2518 2547 2574 dicitur
2570 2518 2715 2574 Deus
2744 2518 2983 2575 robustis
3009 2517 3118 2573 illis
3142 2516 3278 2572 viris
3301 2523 3527 2586 prepter

1938 2624 2142 2669 metum
2178 2613 2503 2678 insidiatus,
2538 2627 2663 2668 cum
2698 2613 2962 2683 alioquin,
3010 2628 3118 2667 non
3160 2622 3220 2667 ut
3257 2611 3395 2665 alios
3434 2610 3529 2665 la:-

1937 2709 2151 2774 derent,
2186 2707 2285 2762 sed
2318 2714 2381 2760 ut
2412 2720 2471 2761 se
2502 2706 2812 2761 incolumes
2841 2714 3155 2770 servarent,
3191 2704 3327 2760 illud
3350 2702 3527 2757 aedili-

1936 2803 2081 2857 cium
2130 2803 2302 2857 moliti
2338 2806 2525 2857 essent
2553 2817 2568 2853 :
2601 2805 2657 2853 et
2689 2796 2987 2852 concilium
3035 2796 3167 2851 illud
3194 2796 3249 2850 in
3279 2795 3424 2851 caelo
3458 2794 3527 2848 ad

1937 2891 2322 2962 decipiendum
2350 2889 2540 2944 Achab
2578 2886 2907 2941 fabricatum
2940 2882 2993 2951 l;
3025 2894 3079 2940 et
3105 2884 3227 2940 illas
3272 2884 3529 2940 Cantico-

1940 3000 2057 3038 rum
2093 2984 2262 3038 veluti
2303 2996 2602 3053 corporeas
2650 2992 2708 3035 et
2753 2979 3103 3035 meretricias
3138 2978 3424 3034 illecebras
3452 2986 3523 3035 ἐ

1935 3087 1991 3131 et
2017 3091 2359 3147 quacunque
2395 3076 2501 3131 alia
2545 3088 2704 3130 sacra
2751 3075 2906 3143 signa
2952 3073 3009 3126 in
3059 3072 3173 3127 Deo
3206 3072 3401 3126 audaci
3461 3070 3528 3125 ll-

227 3175 554 3247 συνθήματα
606 3177 904 3248 φαινόμενα
951 3177 1058 3231 τῶν
1118 3177 1364 3249 κρυφίων
1412 3176 1832 3249 προϐεϐλημένα

1938 3173 2121 3225 ctione
2141 3168 2361 3235 format,
2387 3169 2630 3236 potentia
2652 3166 2915 3233 occultis;
2946 3164 3305 3234 multiplicata
3327 3175 3383 3220 et
3403 3180 3529 3233 par-

227 3270 327 3323 καὶ
376 3240 807 3340 πεπληθυσμὲνα
833 3309 847 3333 ,
882 3268 976 3321 καὶ
1023 3240 1254 3340 μεριστά
1303 3267 1412 3323 τῶν
1457 3240 1708 3322 ’ἑνιαίωηῖ
1735 3270 1829 3324 καὶ

1939 3264 2036 3318 tita
2066 3262 2402 3331 simplicibus
2428 3270 2591 3331 atque
2622 3259 2917 3315 individuis
2962 3258 3244 3328 ﬁgurativa
3290 3269 3348 3313 et
3391 3258 3529 3312 mul-

227 3362 566 3434 ἀμερίστων,
593 3363 686 3416 καὶ
715 3360 1023 3431 τυπωτικὰ,
1054 3362 1149 3415 καὶ
1177 3360 1506 3433 πολύμορφα
1533 3361 1640 3415 τῶν
1660 3362 1832 3433 ἀμορ-

229 3452 428 3524 φώτων
460 3455 555 3508 ναὶ
582 3452 884 3509 ἁτυπώτων
903 3472 915 3484 ·
954 3447 1029 3508 ὧν
1057 3453 1112 3507 εἴ
1155 3471 1239 3519 τις
1289 3453 1414 3507 ἰδεῖν
1453 3454 1703 3528 δυνηθείη
1734 3457 1832 3529 τὴν

226 3545 384 3611 me;
416 3547 700 3619 ὰποκεκρυ
717 3546 920 3619 ιμένην
954 3547 1309 3620 εὐπρέπειαν,
1341 3548 1561 3621 εὑρήσει
1598 3550 1834 3620 μυστικά

227 3639 329 3694 καὶ
359 3639 565 3711 θεοειδῆ
593 3641 796 3704 πάντα,
826 3642 919 3694 καὶ
954 3639 1151 3694 πολλοῦ
1183 3640 1279 3694 τοῦ
1311 3640 1623 3710 θεολογικοῦ
1658 3642 1835 3712 φωτὸς

225 3731 704 3804 ὀναπεπλησμένα
756 3732 850 3805 Μὴ
879 3733 990 3805 γὰρ
1019 3732 1258 3805 οἰώμεθα
1288 3733 1358 3787 τὰ
1400 3734 1697 3806 φαινόμενα
1726 3734 1834 3789 τῶν

228 3824 596 3897 συνθημάτων
631 3827 774 3900 ὑπὲρ
804 3826 1010 3880 ἑαυτῶν
1040 3826 1477 3890 ἀναπεπλάσθαι,
1527 3827 1833 3899 προϐεϐλῆ-

230 3916 361 3970 σθαι
373 3917 429 3971 δὲ
438 3918 539 3990 τῆς
552 3918 872 3991 ἀπορρήτου
894 3920 988 3973 καὶ
1006 3918 1234 3973 ἀθεάτου
1255 3922 1369 3983 τοῖς
1383 3918 1597 3984 πολλοῖς
1615 3921 1835 3991 ἐπιστή-

231 4029 366 4087 μης,
380 4011 455 4076 ὡς
469 4010 543 4083 μὴ
559 4012 731 4085 τοῖςθδ
749 4012 997 4084 βῖδήλοις
1017 4012 1316 4085 εὐχείρωτα
1336 4008 1472 4066 εἶναι
1492 4012 1560 4066 τὰ
1579 4012 1832 4083 πανίεραν

232 4104 419 4175 μόνοις
444 4103 502 4157 δὲ
531 4104 1005 4159 ἀνακαλύπτεσθαι
1043 4108 1156 4169 τοῖς
1200 4105 1300 4176 τῆς
1331 4107 1608 4177 ὁσιότητος
1624 4106 1668 4137 ³⁸
1703 4122 1833 4176 γνη-

231 4198 372 4261 σίοις
400 4199 676 4269 ἐρασταῖς,
708 4199 783 4264 ὡς
823 4200 1003 4253 πᾶσαν
1035 4198 1132 4269 τὴν
1163 4198 1497 4272 παιδαριώδη
1534 4198 1836 4269 φαντασίαν

227 4290 451 4344 ἐπὶτῶν
471 4291 630 4362 ἱερῶν
650 4309 713 4344 συ
723 4291 934 4363 μόὗλων
956 4290 1505 4363 άποσκευαζομένοις,
1518 4292 1610 4345 καὶ
1634 4292 1837 4354 ἱκανοῖς

226 4382 531 4437 διαϐαίνειν
565 4383 829 4456 ἁπλότητι
860 4383 954 4438 νοῦ
984 4423 999 4447 ,
1047 4384 1139 4437 καὶ
1165 4384 1523 4456 ’θεωρητικῆς
1554 4383 1837 4456 δυνάμεως

229 4476 659 4547 ἐπιτηδειότητι,
673 4477 810 4548 πρὸς
830 4476 929 4549 τὴν
949 4475 1146 4547 άπλῆν,
1162 4478 1257 4530 κα)⁹
1274 4477 1550 4549 ὑπερφυῆ,
1568 4477 1663 4531 xal.
1679 4478 1837 4548 ὑπερ-

1938 3354 2218 3421 tiformia,
2263 3355 2450 3425 ligurze
2494 3353 2798 3421 formaeque
2844 3351 3163 3422 expertibus
3208 3349 3524 3416 obducens;

1935 3462 2168 3518 quorum
2199 3447 2663 3517 pulchritudinem
2708 3447 2857 3500 intus
2892 3447 3151 3501 latentem
3186 3444 3233 3500 si
3273 3444 3397 3513 quis
3445 3445 3526 3498 in-

1939 3538 2077 3592 tueri
2122 3537 2315 3608 possit,
2352 3539 2590 3607 reperiet
2629 3538 2813 3592 omnia
2864 3537 3096 3605 mystica
3146 3544 3202 3589 et
3249 3536 3433 3589 divina
3472 3545 3529 3590 et

1938 3630 2112 3687 multo
2141 3630 2351 3685 lumine
2379 3628 2686 3697 theologica
2713 3632 2941 3700 repleta.
2968 3627 3154 3697 Neque
3177 3642 3308 3683 vero
3337 3628 3529 3682 existi-

1938 3735 2153 3777 memus
2198 3721 2353 3792 signa
2404 3720 2705 3776 formarum
2745 3722 3126 3791 apparentium
3175 3734 3276 3774 sua
3318 3728 3526 3773 tantum

1938 3827 2102 3869 causa
2146 3823 2205 3868 et
2238 3812 2456 3867 ratione
2504 3810 2682 3867 ellicta
2736 3826 2879 3881 esse,
2934 3813 3030 3866 sed
3082 3811 3260 3881 potius
3314 3810 3530 3881 integu-

1939 3916 2126 3962 menta
2158 3921 2285 3963 esse
2327 3906 2576 3962 scientia:
2618 3919 2875 3970 arcanae,
2925 3914 2982 3958 et
3032 3903 3192 3975 vulgo
3243 3902 3527 3958 hominum

1938 4001 2187 4067 occulta},
2214 4009 2276 4056 ut
2297 4014 2362 4055 ea
2390 4015 2511 4070 qua:
2537 3999 2886 4056 sanctissima
2933 4009 3080 4062 sunt,
3114 4011 3223 4052 non
3259 3998 3371 4051 sint
3402 4010 3530 4067 pro—

1938 4095 2083 4151 fanis
2133 4094 2319 4151 facilia
2371 4094 2439 4149 ad
2490 4092 2933 4163 intelligendum;
2989 4090 3087 4147 sed
3127 4100 3340 4145 tantum
3402 4105 3532 4145 vere

1938 4188 2200 4244 studiosis
2251 4187 2567 4243 sanctitatis
2602 4185 2969 4256 .aperiantur,
3021 4194 3211 4254 utpote
3255 4183 3531 4249 expeditis

1939 4284 2008 4338 ab
2038 4282 2188 4337 omni
2221 4280 2417 4350 puerili
2455 4279 2794 4351 cogitatione
2830 4278 2886 4332 in
2929 4278 3103 4333 sacris
3150 4276 3436 4348 symbolis,
3475 4287 3532 4334 et

1939 4374 2032 4444 qui
2067 4373 2412 4444 acie_mentis
2444 4381 2499 4427 et
2525 4370 2731 4441 ingenii
2754 4369 3017 4426 facultate
3047 4370 3117 4424 ad
3146 4368 3528 4440 contemplan-

1940 4469 2069 4524 dum
2102 4467 2323 4530 idonea,
2356 4466 2644 4520 veritatem
2685 4463 3023 4534 simplicem,
3066 4471 3122 4518 et
3165 4478 3331 4533 supra
3367 4473 3533 4518 natu-

236 4571 357 4644 ιδρυ
365 4571 531 4642 μένην
546 4571 653 4626 τῶν
672 4570 953 4641 συμϐόλων
973 4569 1247 4639 ἀλήθειαν.
1268 4568 1474 4633 Ἀλλως
1491 4585 1551 4622 τε
1570 4568 1832 4623 καὶτοῦτο

1943 4577 2063 4616 ram
2089 4558 2459 4632 symbolorum
2507 4556 2859 4622 collocatam,
2902 4556 3123 4627 assequi
3152 4557 3386 4624 possint.
3412 4558 3531 4613 Cae-

232 4663 490 4734 ὲννοῆσαι
523 4663 650 4737 χρὴ,
683 4663 745 4717 τὸ
775 4663 955 4737 διττὴν
988 4658 1125 4715 εἶναι
1156 4661 1254 4733 τὴν
1281 4662 1389 4715 τῶν
1419 4660 1684 4728 θεολόγων
1726 4679 1833 4715 πα-

235 4756 476 4829 ράδοσιν,
509 4757 609 4828 τὴν
658 4757 759 4828 μὲν
806 4756 1120 4830 ἀπόρρητον
1167 4757 1261 4809 καὶ
1315 4754 1605 4826 μυστικὴν,
1647 4753 1746 4825 τὴν
1776 4752 1833 4806 δὲ

236 4849 462 4919 ἐμφανῆ
490 4851 586 4903 καὶ
615 4848 1044 4923 γνωριμωτέραν
1064 4865 1077 4878 ο
1114 4848 1209 4901 καὶ
1239 4846 1337 4919 τὴν
1370 4847 1468 4917 μὲν
1503 4843 1835 4917 συμϐολικὴν

232 4944 333 4999 καὶ
354 4939 694 5011 τελεστικὴν.
728 4942 828 5013 τὴν
856 4941 913 4995 δὲ
958 4940 1244 5012 φιλόσοφον
1286 4939 1381 4993 καὶ
1425 4937 1832 5009 άποδεικτικὴν,

230 5033 334 5087 καὶ
367 5032 778 5105 συμπέπλεκται
806 5033 883 5105 τῷ
917 5033 1068 5105 ῥητῷ
1110 5033 1172 5087 τὸ
1216 5032 1472 5105 ἄρρητον.
1504 5030 1614 5083 Καὶ
1642 5030 1703 5082 τὸ
1738 5030 1836 5100 μὲν

235 5124 416 5179 πείθει
450 5124 544 5179 καὶ
576 5125 889 5180 καταδεῖται
920 5125 1028 5181 τῶν
1072 5125 1378 5197 λεγομένων
1410 5126 1509 5197 τὴν
1553 5122 1833 5195 ἀλήθειαν,

228 5217 297 5271 τὸ
325 5216 383 5272 δὲ
426 5218 530 5290 δρᾷ
570 5219 664 5271 καὶ
696 5218 929 5291 ὲνιδρύει
956 5218 1020 5289 τᾷ
1063 5217 1181 5290 Θεῷ
1225 5221 1346 5282 ταῖς
1376 5216 1680 5280 ἀδιδάκτοις
1730 5233 1833 5286 μυ-

234 5311 598 5381 σταγωγίαις.
629 5313 739 5365 Καὶ
774 5310 880 5384 μὴν
908 5310 1028 5364 οὐδὲ
1060 5310 1200 5368 κατὰ
1242 5310 1342 5375 τὰς
1368 5310 1476 5365 τῶν
1511 5308 1828 5379 ἁγιωτάτων

320 5514 340 5550 ι
372 5508 442 5564 ΙΙΙ
466 5508 603 5583 Reg.
633 5526 788 5565 xxxx.
866 5519 903 5545 ω
936 5511 1091 5564 Cant.
1130 5525 1178 5563 tv
1207 5517 1261 5563 et
1293 5524 1344 5563 v.

1945 4664 2122 4708 terum
2152 4653 2255 4707 hoc
2279 4650 2678 4706 advertendum
2733 4657 2836 4717 est,
2872 4648 3144 4717 duplicem
3187 4664 3311 4706 esse
3358 4650 3532 4705 tradi-

1943 4747 2151 4802 tionem
2203 4744 2618 4816 theologorum,
2663 4759 2833 4799 unam
2878 4742 3097 4813 quidem
3164 4758 3424 4799 arcanam
3473 4754 3529 4801 et

1943 4837 2253 4908 mysticam,
2279 4836 2508 4892 alteram
2532 4850 2662 4892 vero
2690 4846 2944 4907 apertam
2973 4844 3030 4891 et
3057 4837 3527 4903 manifestiorem;

1944 4928 2093 4982 illam
2134 4929 2353 4998 quidem
2404 4928 2763 5001 symbolicam
2815 4939 2873 4986 et
2925 4929 2994 4984 ad
3046 4932 3309 5000 mysteria
3362 4930 3531 5001 perti-

1950 5033 2191 5090 nentem,
2231 5022 2371 5077 hanc
2422 5038 2555 5079 vero
2588 5023 3020 5095 philosophicam
3049 5039 3114 5081 ac
3141 5024 3529 5081 demonstrau-

1947 5123 2084 5182 tem;
2113 5124 2307 5186 estque
2335 5130 2593 5171 arcanum
2618 5132 2743 5172 cum
2771 5126 2965 5185 aperto
2989 5132 3321 5173 connexum.
3349 5120 3527 5187 Atque

1943 5210 2048 5265 hoc
2076 5210 2294 5280 quidem
2340 5208 2501 5264 ﬁdem
2545 5208 2701 5277 facit,
2728 5221 2785 5265 et
2825 5210 3081 5282 astringit
3112 5211 3400 5266 veritatem
3428 5225 3525 5264 eo-

1939 5320 2056 5361 rum
2083 5318 2207 5374 qua:
2243 5303 2525 5371 dicuntur,
2565 5303 2694 5359 illud
2718 5318 2852 5360 vero
2879 5302 3044 5360 eﬂicit
3072 5313 3128 5360 et
3178 5304 3232 5358 in
3278 5304 3410 5368 Deo,
3456 5302 3526 5357 iis

1560 5622 1795 5679 VARIJE
1836 5620 2229 5681 LECTIONES.

348 5771 394 5804 ⁸⁰
425 5770 801 5843 προτιθείσης,
836 5769 900 5823 1).
943 5770 1001 5825 8.
1043 5769 1101 5843 Ρ.
1259 5768 1298 5800 ³¹
1335 5768 1569 5837 διαίτας,
1618 5771 1675 5829 S.

237 5844 302 5900 Ι).
420 5841 587 5911 ³⁸’τῆς
619 5841 897 5912 θεότητος,
938 5843 995 5898 S.
1046 5841 1107 5896 Ρ.

1791 5773 1833 5805 ³³
1861 5772 2129 5842 ὀψοιῖκάς,
2159 5770 2216 5827 S.
2252 5770 2310 5827 Ρ.

2450 5770 2493 5804 ³³
2523 5767 3082 5838 κατασκευαζόμενον.
3194 5766 3237 5796 ³³
3260 5762 3392 5831 μηδὲ
3418 5761 3523 5822 τοῖς
