  <div class='ocr_page' id='page_1' title='image "/cluster/home/n/w/nwhite01/storage/ocr_20150623/3/nnc1.0046978666/611.png"; bbox 0 0 3892 6232; ppageno 0'>
   <div class='ocr_carea' id='block_1_1' title="bbox 399 340 3683 437">
    <p class='ocr_par' dir='ltr' id='par_1_1' title="bbox 399 340 3683 437">
     <span class='ocr_line' id='line_1_1' title="bbox 399 340 3683 437; baseline 0.012 -40"><span class='ocrx_word' id='word_1_1' title='bbox 399 340 533 397; x_wconf 78' lang='grc' dir='ltr'><strong>11οἳ</strong></span> <span class='ocrx_word' id='word_1_2' title='bbox 1576 351 1628 407; x_wconf 92' lang='lat' dir='ltr'><strong>S.</strong></span> <span class='ocrx_word' id='word_1_3' title='bbox 1669 353 1968 412; x_wconf 73' lang='lat' dir='ltr'><strong>DIONYSH</strong></span> <span class='ocrx_word' id='word_1_4' title='bbox 2006 360 2469 420; x_wconf 61' lang='lat' dir='ltr'><strong>AREOPAGITzE</strong></span> <span class='ocrx_word' id='word_1_5' title='bbox 3541 379 3683 437; x_wconf 83' lang='grc'><strong>1108</strong></span> 
     </span>
    </p>
   </div>
   <div class='ocr_carea' id='block_1_2' title="bbox 395 457 1932 565">
    <p class='ocr_par' dir='ltr' id='par_1_2' title="bbox 395 457 1932 543">
     <span class='ocr_line' id='line_1_2' title="bbox 395 457 1932 543; baseline 0.013 -33"><span class='ocrx_word' id='word_1_6' title='bbox 395 472 517 528; x_wconf 75' lang='lat' dir='ltr'><strong>qua:</strong></span> <span class='ocrx_word' id='word_1_7' title='bbox 541 471 646 512; x_wconf 90' lang='lat' dir='ltr'><strong>non</strong></span> <span class='ocrx_word' id='word_1_8' title='bbox 676 457 970 526; x_wconf 90' lang='lat' dir='ltr'><strong>docentur,</strong></span> <span class='ocrx_word' id='word_1_9' title='bbox 1005 460 1435 520; x_wconf 88' lang='lat' dir='ltr'><strong>institutionibus</strong></span> <span class='ocrx_word' id='word_1_10' title='bbox 1465 466 1666 526; x_wconf 84' lang='lat' dir='ltr'><strong>ﬁrmat.</strong></span> <span class='ocrx_word' id='word_1_11' title='bbox 1689 471 1852 543; x_wconf 95' lang='lat' dir='ltr'><strong>Atqui</strong></span> <span class='ocrx_word' id='word_1_12' title='bbox 1881 492 1932 531; x_wconf 72' lang='lat' dir='ltr'><strong>nt</strong></span> 
     </span>
    </p>
   </div>
   <div class='ocr_carea' id='block_1_3' title="bbox 2151 457 3688 565">
    <p class='ocr_par' dir='ltr' id='par_1_3' title="bbox 2151 486 3688 565">
     <span class='ocr_line' id='line_1_3' title="bbox 2151 486 3688 565; baseline 0.02 -33"><span class='ocrx_word' id='word_1_13' title='bbox 2151 486 2401 556; x_wconf 76' lang='grc' dir='ltr'>ιστηρίων</span> <span class='ocrx_word' id='word_1_14' title='bbox 2429 487 2668 551; x_wconf 77' lang='grc' dir='ltr'>τελετὰς,</span> <span class='ocrx_word' id='word_1_15' title='bbox 2703 489 2752 541; x_wconf 76' lang='grc' dir='ltr'><strong>οἱ</strong></span> <span class='ocrx_word' id='word_1_16' title='bbox 2780 490 2877 561; x_wconf 79' lang='grc' dir='ltr'>τῆς</span> <span class='ocrx_word' id='word_1_17' title='bbox 2909 490 3029 543; x_wconf 78' lang='grc' dir='ltr'>καθ’</span> <span class='ocrx_word' id='word_1_18' title='bbox 3051 493 3218 562; x_wconf 77' lang='grc' dir='ltr'>ἡμᾶς,</span> <span class='ocrx_word' id='word_1_19' title='bbox 3249 491 3282 561; x_wconf 75' lang='grc' dir='ltr'>ἦ</span> <span class='ocrx_word' id='word_1_20' title='bbox 3441 495 3688 565; x_wconf 77' lang='grc' dir='ltr'>νομικῆς</span> 
     </span>
    </p>
   </div>
   <div class='ocr_carea' id='block_1_4' title="bbox 394 549 1931 656">
    <p class='ocr_par' dir='ltr' id='par_1_4' title="bbox 394 549 1931 630">
     <span class='ocr_line' id='line_1_4' title="bbox 394 549 1931 630; baseline 0.015 -30"><span class='ocrx_word' id='word_1_21' title='bbox 394 549 450 601; x_wconf 93' lang='lat' dir='ltr'><strong>in</strong></span> <span class='ocrx_word' id='word_1_22' title='bbox 484 549 850 605; x_wconf 69' lang='lat' dir='ltr'><strong>sanctissimis</strong></span> <span class='ocrx_word' id='word_1_23' title='bbox 877 553 1152 621; x_wconf 83' lang='lat' dir='ltr'><strong>mysteriis</strong></span> <span class='ocrx_word' id='word_1_24' title='bbox 1197 558 1373 611; x_wconf 82' lang='lat' dir='ltr'><strong>sancti</strong></span> <span class='ocrx_word' id='word_1_25' title='bbox 1407 562 1654 630; x_wconf 74' lang='lat' dir='ltr'><strong>magistri</strong></span> <span class='ocrx_word' id='word_1_26' title='bbox 1693 565 1812 620; x_wconf 84' lang='lat' dir='ltr'><strong>sive</strong></span> <span class='ocrx_word' id='word_1_27' title='bbox 1873 582 1931 623; x_wconf 72' lang='lat' dir='ltr'><strong>nc</strong></span> 
     </span>
    </p>
   </div>
   <div class='ocr_carea' id='block_1_5' title="bbox 2152 549 3689 656">
    <p class='ocr_par' dir='ltr' id='par_1_5' title="bbox 2152 549 3689 656">
     <span class='ocr_line' id='line_1_5' title="bbox 2152 549 3689 656; baseline 0.009 -30"><span class='ocrx_word' id='word_1_28' title='bbox 2152 549 2437 646; x_wconf 62' lang='grc' dir='ltr'>ιραϐοσεως</span> <span class='ocrx_word' id='word_1_29' title='bbox 2485 549 2976 650; x_wconf 53' lang='grc' dir='ltr'>ἱερομῦσται,’τῶν</span> <span class='ocrx_word' id='word_1_30' title='bbox 3024 549 3342 655; x_wconf 76' lang='grc' dir='ltr'>θεοπρεπῶν</span> <span class='ocrx_word' id='word_1_31' title='bbox 3372 549 3689 656; x_wconf 56' lang='grc' dir='ltr'>απὲαχοντζ</span> 
     </span>
    </p>
   </div>
   <div class='ocr_carea' id='block_1_6' title="bbox 395 639 1932 746">
    <p class='ocr_par' dir='ltr' id='par_1_6' title="bbox 395 639 1932 722">
     <span class='ocr_line' id='line_1_6' title="bbox 395 639 1932 722; baseline 0.014 -28"><span class='ocrx_word' id='word_1_32' title='bbox 395 647 523 694; x_wconf 75' lang='lat' dir='ltr'><strong>stra:</strong></span> <span class='ocrx_word' id='word_1_33' title='bbox 536 639 651 698; x_wconf 83' lang='lat' dir='ltr'><strong>sive</strong></span> <span class='ocrx_word' id='word_1_34' title='bbox 669 639 926 698; x_wconf 66' lang='lat' dir='ltr'><strong>Mosaicae</strong></span> <span class='ocrx_word' id='word_1_35' title='bbox 952 645 1250 716; x_wconf 69' lang='lat' dir='ltr'><strong>disciplinae</strong></span> <span class='ocrx_word' id='word_1_36' title='bbox 1281 663 1311 703; x_wconf 87' lang='lat' dir='ltr'><strong>a</strong></span> <span class='ocrx_word' id='word_1_37' title='bbox 1342 653 1604 722; x_wconf 87' lang='lat' dir='ltr'><strong>symbolis</strong></span> <span class='ocrx_word' id='word_1_38' title='bbox 1639 656 1748 711; x_wconf 91' lang='lat' dir='ltr'><strong>Deo</strong></span> <span class='ocrx_word' id='word_1_39' title='bbox 1776 673 1932 716; x_wconf 78' lang='lat' dir='ltr'><strong>convt</strong></span> 
     </span>
    </p>
   </div>
   <div class='ocr_carea' id='block_1_7' title="bbox 2154 639 3691 746">
    <p class='ocr_par' dir='ltr' id='par_1_7' title="bbox 2158 639 3691 746">
     <span class='ocr_line' id='line_1_7' title="bbox 2158 639 3691 746; baseline 0.009 -27"><span class='ocrx_word' id='word_1_40' title='bbox 2158 639 2370 737; x_wconf 79' lang='grc' dir='ltr'>μϐόλων</span> <span class='ocrx_word' id='word_1_41' title='bbox 2389 687 2399 699; x_wconf 92' lang='grc'><strong>·</strong></span> <span class='ocrx_word' id='word_1_42' title='bbox 2419 639 2571 724; x_wconf 10' lang='lat' dir='ltr'><strong>iam</strong></span> <span class='ocrx_word' id='word_1_43' title='bbox 2603 639 2713 726; x_wconf 50' lang='grc' dir='ltr'>’καὶ</span> <span class='ocrx_word' id='word_1_44' title='bbox 2758 639 2883 737; x_wconf 74' lang='grc' dir='ltr'>τοὺς</span> <span class='ocrx_word' id='word_1_45' title='bbox 2931 639 3363 746; x_wconf 61' lang='grc' dir='ltr'>πανιεριιίτάτους</span> <span class='ocrx_word' id='word_1_46' title='bbox 3410 639 3691 746; x_wconf 62' lang='grc' dir='ltr'>ἀγγέλους</span> 
     </span>
    </p>
   </div>
   <div class='ocr_carea' id='block_1_8' title="bbox 395 733 1932 842">
    <p class='ocr_par' dir='ltr' id='par_1_8' title="bbox 395 733 1932 815">
     <span class='ocr_line' id='line_1_8' title="bbox 395 733 1932 815; baseline 0.013 -27"><span class='ocrx_word' id='word_1_47' title='bbox 395 733 700 799; x_wconf 87' lang='lat' dir='ltr'><strong>nientibus,</strong></span> <span class='ocrx_word' id='word_1_48' title='bbox 734 736 1158 805; x_wconf 85' lang='lat' dir='ltr'><strong>abstinuerunt;</strong></span> <span class='ocrx_word' id='word_1_49' title='bbox 1193 743 1324 812; x_wconf 90' lang='lat' dir='ltr'><strong>quin</strong></span> <span class='ocrx_word' id='word_1_50' title='bbox 1365 746 1543 815; x_wconf 88' lang='lat' dir='ltr'><strong>potius</strong></span> <span class='ocrx_word' id='word_1_51' title='bbox 1589 749 1838 807; x_wconf 85' lang='lat' dir='ltr'><strong>videmus</strong></span> <span class='ocrx_word' id='word_1_52' title='bbox 1883 769 1932 808; x_wconf 77' lang='lat' dir='ltr'><strong>at</strong></span> 
     </span>
    </p>
   </div>
   <div class='ocr_carea' id='block_1_9' title="bbox 2149 733 3686 842">
    <p class='ocr_par' dir='ltr' id='par_1_9' title="bbox 2179 763 3686 842">
     <span class='ocr_line' id='line_1_9' title="bbox 2179 763 3686 842; baseline 0.007 -29"><span class='ocrx_word' id='word_1_53' title='bbox 2179 763 2516 832; x_wconf 70' lang='grc' dir='ltr'><strong>αἰνιγμάτων</strong></span> <span class='ocrx_word' id='word_1_54' title='bbox 2544 765 2611 817; x_wconf 79' lang='grc' dir='ltr'>τὰ</span> <span class='ocrx_word' id='word_1_55' title='bbox 2633 765 2750 818; x_wconf 89' lang='grc' dir='ltr'>θεῖα</span> <span class='ocrx_word' id='word_1_56' title='bbox 2777 768 3052 837; x_wconf 77' lang='grc' dir='ltr'><strong>μυστικῶς</strong></span> <span class='ocrx_word' id='word_1_57' title='bbox 3074 769 3413 839; x_wconf 82' lang='grc' dir='ltr'>προάγοντας</span> <span class='ocrx_word' id='word_1_58' title='bbox 3432 772 3547 842; x_wconf 72' lang='grc' dir='ltr'>ὁρῶ</span> <span class='ocrx_word' id='word_1_59' title='bbox 3556 790 3686 842; x_wconf 89' lang='grc' dir='ltr'>μεν,</span> 
     </span>
    </p>
   </div>
   <div class='ocr_carea' id='block_1_10' title="bbox 391 829 1928 932">
    <p class='ocr_par' dir='ltr' id='par_1_10' title="bbox 391 829 1928 914">
     <span class='ocr_line' id='line_1_10' title="bbox 391 829 1928 914; baseline 0.01 -31"><span class='ocrx_word' id='word_1_60' title='bbox 391 829 542 899; x_wconf 83' lang='lat' dir='ltr'><strong>gelos</strong></span> <span class='ocrx_word' id='word_1_61' title='bbox 591 831 740 886; x_wconf 90' lang='lat' dir='ltr'><strong>omni</strong></span> <span class='ocrx_word' id='word_1_62' title='bbox 791 834 1086 890; x_wconf 82' lang='lat' dir='ltr'><strong>sanctitate</strong></span> <span class='ocrx_word' id='word_1_63' title='bbox 1132 835 1360 905; x_wconf 87' lang='lat' dir='ltr'><strong>plenos,</strong></span> <span class='ocrx_word' id='word_1_64' title='bbox 1405 854 1503 908; x_wconf 92' lang='lat' dir='ltr'><strong>per</strong></span> <span class='ocrx_word' id='word_1_65' title='bbox 1550 847 1838 914; x_wconf 76' lang='lat' dir='ltr'><strong>azuigmata</strong></span> <span class='ocrx_word' id='word_1_66' title='bbox 1890 863 1928 901; x_wconf 74' lang='grc' dir='ltr'><strong>τι</strong></span> 
     </span>
    </p>
   </div>
   <div class='ocr_carea' id='block_1_11' title="bbox 2148 829 3685 932">
    <p class='ocr_par' dir='ltr' id='par_1_11' title="bbox 2148 854 3685 932">
     <span class='ocr_line' id='line_1_11' title="bbox 2148 854 3685 932; baseline 0.009 -28"><span class='ocrx_word' id='word_1_67' title='bbox 2148 854 2178 905; x_wconf 71' lang='grc' dir='ltr'><strong>εἰ</strong></span> <span class='ocrx_word' id='word_1_68' title='bbox 2226 856 2388 908; x_wconf 80' lang='grc' dir='ltr'>αὑτὸν</span> <span class='ocrx_word' id='word_1_69' title='bbox 2431 857 2474 888; x_wconf 77' lang='grc'>⁸⁸</span> <span class='ocrx_word' id='word_1_70' title='bbox 2522 859 2727 928; x_wconf 86' lang='grc' dir='ltr'>Ἰησοῦν</span> <span class='ocrx_word' id='word_1_71' title='bbox 2775 861 2835 913; x_wconf 84' lang='grc' dir='ltr'>ὲν</span> <span class='ocrx_word' id='word_1_72' title='bbox 2899 861 3232 932; x_wconf 87' lang='grc' dir='ltr'>παραϐολαῖς</span> <span class='ocrx_word' id='word_1_73' title='bbox 3291 862 3685 932; x_wconf 80' lang='grc' dir='ltr'>θεολογοῦντα,</span> 
     </span>
    </p>
   </div>
   <div class='ocr_carea' id='block_1_12' title="bbox 393 923 1930 1028">
    <p class='ocr_par' dir='ltr' id='par_1_12' title="bbox 393 923 1930 1005">
     <span class='ocr_line' id='line_1_12' title="bbox 393 923 1930 1005; baseline 0.012 -29"><span class='ocrx_word' id='word_1_74' title='bbox 393 923 611 977; x_wconf 86' lang='lat' dir='ltr'><strong>divinas</strong></span> <span class='ocrx_word' id='word_1_75' title='bbox 637 926 866 994; x_wconf 82' lang='lat' dir='ltr'><strong>mystice</strong></span> <span class='ocrx_word' id='word_1_76' title='bbox 893 941 1166 994; x_wconf 89' lang='lat' dir='ltr'><strong>promere,</strong></span> <span class='ocrx_word' id='word_1_77' title='bbox 1194 939 1250 984; x_wconf 92' lang='lat' dir='ltr'><strong>et</strong></span> <span class='ocrx_word' id='word_1_78' title='bbox 1278 929 1465 986; x_wconf 81' lang='lat' dir='ltr'><strong>Jesum</strong></span> <span class='ocrx_word' id='word_1_79' title='bbox 1493 933 1546 987; x_wconf 86' lang='lat' dir='ltr'><strong>iu</strong></span> <span class='ocrx_word' id='word_1_80' title='bbox 1581 937 1883 1005; x_wconf 84' lang='lat' dir='ltr'><strong>parabolis,</strong></span> <span class='ocrx_word' id='word_1_81' title='bbox 1913 956 1930 994; x_wconf 87' lang='lat'><strong>(</strong></span> 
     </span>
    </p>
   </div>
   <div class='ocr_carea' id='block_1_13' title="bbox 2148 923 3685 1028">
    <p class='ocr_par' dir='ltr' id='par_1_13' title="bbox 2148 923 3685 1028">
     <span class='ocr_line' id='line_1_13' title="bbox 2148 923 3685 1028; baseline 0.007 -28"><span class='ocrx_word' id='word_1_82' title='bbox 2148 949 2175 1000; x_wconf 70' lang='grc' dir='ltr'>εὶ</span> <span class='ocrx_word' id='word_1_83' title='bbox 2207 949 2273 1001; x_wconf 75' lang='grc' dir='ltr'>τὰ</span> <span class='ocrx_word' id='word_1_84' title='bbox 2307 949 2539 1021; x_wconf 78' lang='grc' dir='ltr'>θεουργά</span> <span class='ocrx_word' id='word_1_85' title='bbox 2572 923 2841 1026; x_wconf 80' lang='grc' dir='ltr'>μυστήρια</span> <span class='ocrx_word' id='word_1_86' title='bbox 2874 923 3232 1026; x_wconf 70' lang='grc' dir='ltr'>παραδιδόντα</span> <span class='ocrx_word' id='word_1_87' title='bbox 3252 956 3340 1010; x_wconf 77' lang='grc' dir='ltr'>διὰ</span> <span class='ocrx_word' id='word_1_88' title='bbox 3368 923 3616 1028; x_wconf 75' lang='grc' dir='ltr'>τυπικῆς</span> <span class='ocrx_word' id='word_1_89' title='bbox 3639 923 3685 990; x_wconf 51' lang='grc'><strong>³1</strong></span> 
     </span>
    </p>
   </div>
   <div class='ocr_carea' id='block_1_14' title="bbox 392 1014 1929 1123">
    <p class='ocr_par' dir='ltr' id='par_1_14' title="bbox 392 1014 1920 1098">
     <span class='ocr_line' id='line_1_14' title="bbox 392 1014 1920 1098; baseline 0.009 -28"><span class='ocrx_word' id='word_1_90' title='bbox 392 1014 597 1070; x_wconf 87' lang='lat' dir='ltr'><strong>divinis</strong></span> <span class='ocrx_word' id='word_1_91' title='bbox 627 1015 797 1088; x_wconf 87' lang='lat' dir='ltr'><strong>loqui,</strong></span> <span class='ocrx_word' id='word_1_92' title='bbox 850 1032 915 1073; x_wconf 85' lang='lat' dir='ltr'><strong>ac</strong></span> <span class='ocrx_word' id='word_1_93' title='bbox 966 1019 1161 1076; x_wconf 81' lang='lat' dir='ltr'><strong>deitica</strong></span> <span class='ocrx_word' id='word_1_94' title='bbox 1210 1036 1558 1082; x_wconf 83' lang='lat' dir='ltr'><strong>sacramenta</strong></span> <span class='ocrx_word' id='word_1_95' title='bbox 1605 1042 1704 1097; x_wconf 86' lang='lat' dir='ltr'><strong>per</strong></span> <span class='ocrx_word' id='word_1_96' title='bbox 1738 1030 1920 1098; x_wconf 89' lang='lat' dir='ltr'><strong>typicu</strong></span> 
     </span>
    </p>
   </div>
   <div class='ocr_carea' id='block_1_15' title="bbox 2156 1014 3693 1123">
    <p class='ocr_par' dir='ltr' id='par_1_15' title="bbox 2156 1014 3693 1123">
     <span class='ocr_line' id='line_1_15' title="bbox 2156 1014 3693 1123; baseline 0.007 -30"><span class='ocrx_word' id='word_1_97' title='bbox 2156 1014 2499 1108; x_wconf 39' lang='lat' dir='ltr'><strong>azagtbs&#39;suigl</strong></span> <span class='ocrx_word' id='word_1_98' title='bbox 2537 1014 2645 1099; x_wconf 79' lang='lat' dir='ltr'><strong>Kal</strong></span> <span class='ocrx_word' id='word_1_99' title='bbox 2825 1044 2892 1119; x_wconf 76' lang='grc' dir='ltr'>ἦν</span> <span class='ocrx_word' id='word_1_100' title='bbox 2922 1014 3087 1112; x_wconf 80' lang='grc' dir='ltr'>είκὸς,</span> <span class='ocrx_word' id='word_1_101' title='bbox 3135 1050 3196 1103; x_wconf 79' lang='grc' dir='ltr'>οὐ</span> <span class='ocrx_word' id='word_1_102' title='bbox 3233 1051 3389 1122; x_wconf 82' lang='grc' dir='ltr'>μόνον</span> <span class='ocrx_word' id='word_1_103' title='bbox 3426 1014 3693 1123; x_wconf 66' lang='grc' dir='ltr'>ἄκραντα</span> 
     </span>
    </p>
   </div>
   <div class='ocr_carea' id='block_1_16' title="bbox 389 1118 1926 1212">
    <p class='ocr_par' dir='ltr' id='par_1_16' title="bbox 389 1118 1926 1189">
     <span class='ocr_line' id='line_1_16' title="bbox 389 1118 1926 1189; baseline 0.008 -23"><span class='ocrx_word' id='word_1_104' title='bbox 389 1124 594 1168; x_wconf 69' lang='lat' dir='ltr'><strong>mense</strong></span> <span class='ocrx_word' id='word_1_105' title='bbox 626 1123 953 1182; x_wconf 86' lang='lat' dir='ltr'><strong>apparatum</strong></span> <span class='ocrx_word' id='word_1_106' title='bbox 991 1119 1230 1172; x_wconf 83' lang='lat' dir='ltr'><strong>tradere.</strong></span> <span class='ocrx_word' id='word_1_107' title='bbox 1267 1118 1372 1175; x_wconf 86' lang='lat' dir='ltr'><strong>Par</strong></span> <span class='ocrx_word' id='word_1_108' title='bbox 1401 1121 1545 1176; x_wconf 92' lang='lat' dir='ltr'><strong>enim</strong></span> <span class='ocrx_word' id='word_1_109' title='bbox 1594 1133 1734 1189; x_wconf 90' lang='lat' dir='ltr'><strong>erat,</strong></span> <span class='ocrx_word' id='word_1_110' title='bbox 1767 1134 1828 1178; x_wconf 95' lang='lat' dir='ltr'><strong>ut</strong></span> <span class='ocrx_word' id='word_1_111' title='bbox 1872 1139 1926 1179; x_wconf 80' lang='lat' dir='ltr'><strong>nt</strong></span> 
     </span>
    </p>
   </div>
   <div class='ocr_carea' id='block_1_17' title="bbox 2152 1118 3689 1212">
    <p class='ocr_par' dir='ltr' id='par_1_17' title="bbox 2152 1136 3689 1212">
     <span class='ocr_line' id='line_1_17' title="bbox 2152 1136 3689 1212; baseline 0.007 -26"><span class='ocrx_word' id='word_1_112' title='bbox 2152 1138 2194 1198; x_wconf 81' lang='grc' dir='ltr'><strong>[ς</strong></span> <span class='ocrx_word' id='word_1_113' title='bbox 2231 1136 2443 1202; x_wconf 80' lang='grc' dir='ltr'><strong>πολλοῖς</strong></span> <span class='ocrx_word' id='word_1_114' title='bbox 2472 1139 2853 1194; x_wconf 78' lang='grc' dir='ltr'>ἀποσεσῶσθαι</span> <span class='ocrx_word' id='word_1_115' title='bbox 2885 1141 2952 1194; x_wconf 74' lang='grc' dir='ltr'>τὰ</span> <span class='ocrx_word' id='word_1_116' title='bbox 2984 1143 3151 1210; x_wconf 72' lang='grc' dir='ltr'>’Ἅγια</span> <span class='ocrx_word' id='word_1_117' title='bbox 3182 1144 3289 1195; x_wconf 90' lang='grc' dir='ltr'><strong>τῶν</strong></span> <span class='ocrx_word' id='word_1_118' title='bbox 3320 1143 3516 1212; x_wconf 75' lang='grc' dir='ltr'>ἁγίων,</span> <span class='ocrx_word' id='word_1_119' title='bbox 3542 1144 3689 1197; x_wconf 74' lang='grc' dir='ltr'>ἀλλὰ</span> 
     </span>
    </p>
   </div>
   <div class='ocr_carea' id='block_1_18' title="bbox 389 1205 1926 1308">
    <p class='ocr_par' dir='ltr' id='par_1_18' title="bbox 389 1205 1926 1290">
     <span class='ocr_line' id='line_1_18' title="bbox 389 1205 1926 1290; baseline 0.01 -31"><span class='ocrx_word' id='word_1_120' title='bbox 389 1205 565 1260; x_wconf 83' lang='lat' dir='ltr'><strong>solum</strong></span> <span class='ocrx_word' id='word_1_121' title='bbox 591 1205 795 1262; x_wconf 87' lang='lat' dir='ltr'><strong>Sancta</strong></span> <span class='ocrx_word' id='word_1_122' title='bbox 827 1220 1144 1267; x_wconf 87' lang='lat' dir='ltr'><strong>sanctorum</strong></span> <span class='ocrx_word' id='word_1_123' title='bbox 1174 1229 1531 1272; x_wconf 80' lang='lat' dir='ltr'><strong>servarentur</strong></span> <span class='ocrx_word' id='word_1_124' title='bbox 1565 1219 1722 1290; x_wconf 82' lang='lat' dir='ltr'><strong>vulgo</strong></span> <span class='ocrx_word' id='word_1_125' title='bbox 1748 1223 1926 1276; x_wconf 57' lang='lat' dir='ltr'><strong>intem:</strong></span> 
     </span>
    </p>
   </div>
   <div class='ocr_carea' id='block_1_19' title="bbox 2149 1205 3686 1308">
    <p class='ocr_par' dir='ltr' id='par_1_19' title="bbox 2149 1205 3686 1308">
     <span class='ocr_line' id='line_1_19' title="bbox 2149 1205 3686 1308; baseline 0.007 -29"><span class='ocrx_word' id='word_1_126' title='bbox 2149 1230 2177 1280; x_wconf 64' lang='grc' dir='ltr'><strong>μὶ</strong></span> <span class='ocrx_word' id='word_1_127' title='bbox 2227 1228 2358 1282; x_wconf 76' lang='grc' dir='ltr'>αὐτὸ</span> <span class='ocrx_word' id='word_1_128' title='bbox 2407 1231 2504 1302; x_wconf 76' lang='grc' dir='ltr'>τὴν</span> <span class='ocrx_word' id='word_1_129' title='bbox 2540 1231 2584 1263; x_wconf 84' lang='grc'><strong>³⁸</strong></span> <span class='ocrx_word' id='word_1_130' title='bbox 2634 1233 2977 1305; x_wconf 78' lang='grc' dir='ltr'><strong>ἀνθρωπίνην</strong></span> <span class='ocrx_word' id='word_1_131' title='bbox 3028 1205 3172 1306; x_wconf 66' lang='grc' dir='ltr'>ζωὴν</span> <span class='ocrx_word' id='word_1_132' title='bbox 3219 1205 3513 1308; x_wconf 75' lang='grc' dir='ltr'>ἀμέριπον</span> <span class='ocrx_word' id='word_1_133' title='bbox 3564 1238 3686 1307; x_wconf 74' lang='grc' dir='ltr'>ἅμα</span> 
     </span>
    </p>
   </div>
   <div class='ocr_carea' id='block_1_20' title="bbox 390 1301 1927 1400">
    <p class='ocr_par' dir='ltr' id='par_1_20' title="bbox 390 1301 1924 1381">
     <span class='ocr_line' id='line_1_20' title="bbox 390 1301 1924 1381; baseline 0.01 -29"><span class='ocrx_word' id='word_1_134' title='bbox 390 1305 554 1361; x_wconf 85' lang='lat' dir='ltr'><strong>rata,</strong></span> <span class='ocrx_word' id='word_1_135' title='bbox 615 1301 713 1355; x_wconf 91' lang='lat' dir='ltr'><strong>sed</strong></span> <span class='ocrx_word' id='word_1_136' title='bbox 768 1311 828 1356; x_wconf 95' lang='lat' dir='ltr'><strong>ut</strong></span> <span class='ocrx_word' id='word_1_137' title='bbox 875 1302 989 1372; x_wconf 90' lang='lat' dir='ltr'><strong>ipsa</strong></span> <span class='ocrx_word' id='word_1_138' title='bbox 1025 1305 1131 1357; x_wconf 89' lang='lat' dir='ltr'><strong>vita</strong></span> <span class='ocrx_word' id='word_1_139' title='bbox 1183 1306 1460 1376; x_wconf 88' lang='lat' dir='ltr'><strong>humana,</strong></span> <span class='ocrx_word' id='word_1_140' title='bbox 1508 1327 1628 1381; x_wconf 69' lang='lat' dir='ltr'><strong>qum</strong></span> <span class='ocrx_word' id='word_1_141' title='bbox 1697 1315 1924 1369; x_wconf 80' lang='lat' dir='ltr'><strong>individt</strong></span> 
     </span>
    </p>
   </div>
   <div class='ocr_carea' id='block_1_21' title="bbox 2146 1301 3683 1400">
    <p class='ocr_par' dir='ltr' id='par_1_21' title="bbox 2146 1301 3683 1400">
     <span class='ocr_line' id='line_1_21' title="bbox 2146 1301 3683 1400; baseline 0.007 -29"><span class='ocrx_word' id='word_1_142' title='bbox 2146 1320 2176 1371; x_wconf 76' lang='lat' dir='ltr'><strong>:l</strong></span> <span class='ocrx_word' id='word_1_143' title='bbox 2212 1301 2475 1392; x_wconf 80' lang='grc' dir='ltr'>μεριστὴν</span> <span class='ocrx_word' id='word_1_144' title='bbox 2504 1301 2875 1396; x_wconf 82' lang='grc' dir='ltr'>ὑπάρχουσαν,</span> <span class='ocrx_word' id='word_1_145' title='bbox 2909 1301 3139 1392; x_wconf 66' lang='grc' dir='ltr'><strong>οἰκείως⁷</strong></span> <span class='ocrx_word' id='word_1_146' title='bbox 3172 1301 3344 1400; x_wconf 36' lang='lat' dir='ltr'><strong>Ean-:17}.</strong></span> <span class='ocrx_word' id='word_1_147' title='bbox 3383 1329 3481 1392; x_wconf 75' lang='grc' dir='ltr'>τὰς</span> <span class='ocrx_word' id='word_1_148' title='bbox 3529 1301 3683 1392; x_wconf 76' lang='grc' dir='ltr'>θείας</span> 
     </span>
    </p>
   </div>
   <div class='ocr_carea' id='block_1_22' title="bbox 389 1387 1926 1495">
    <p class='ocr_par' dir='ltr' id='par_1_22' title="bbox 389 1392 1926 1474">
     <span class='ocr_line' id='line_1_22' title="bbox 389 1392 1926 1474; baseline 0.01 -27"><span class='ocrx_word' id='word_1_149' title='bbox 389 1392 552 1448; x_wconf 83' lang='lat' dir='ltr'><strong>simul</strong></span> <span class='ocrx_word' id='word_1_150' title='bbox 603 1401 659 1450; x_wconf 90' lang='lat' dir='ltr'><strong>et</strong></span> <span class='ocrx_word' id='word_1_151' title='bbox 705 1394 922 1450; x_wconf 90' lang='lat' dir='ltr'><strong>dividua</strong></span> <span class='ocrx_word' id='word_1_152' title='bbox 977 1411 1097 1465; x_wconf 87' lang='lat' dir='ltr'><strong>est,</strong></span> <span class='ocrx_word' id='word_1_153' title='bbox 1149 1400 1324 1455; x_wconf 90' lang='lat' dir='ltr'><strong>lucem</strong></span> <span class='ocrx_word' id='word_1_154' title='bbox 1389 1403 1585 1458; x_wconf 74' lang='lat' dir='ltr'><strong>divina:</strong></span> <span class='ocrx_word' id='word_1_155' title='bbox 1651 1408 1926 1474; x_wconf 85' lang='lat' dir='ltr'><strong>cognition</strong></span> 
     </span>
    </p>
   </div>
   <div class='ocr_carea' id='block_1_23' title="bbox 2150 1387 3687 1495">
    <p class='ocr_par' dir='ltr' id='par_1_23' title="bbox 2150 1387 3687 1495">
     <span class='ocr_line' id='line_1_23' title="bbox 2150 1387 3687 1495; baseline 0.012 -29"><span class='ocrx_word' id='word_1_156' title='bbox 2150 1387 2453 1484; x_wconf 73' lang='grc' dir='ltr'>λάμπεσθαι</span> <span class='ocrx_word' id='word_1_157' title='bbox 2487 1387 2744 1486; x_wconf 34' lang='grc' dir='ltr'>γνώσευῖςο</span> <span class='ocrx_word' id='word_1_158' title='bbox 2780 1387 2871 1474; x_wconf 84' lang='lat' dir='ltr'><strong>xal</strong></span> <span class='ocrx_word' id='word_1_159' title='bbox 2902 1423 2962 1474; x_wconf 86' lang='grc' dir='ltr'><strong>τὺ</strong></span> <span class='ocrx_word' id='word_1_160' title='bbox 2997 1387 3687 1495; x_wconf 31' lang='grc' dir='ltr'><strong>μνγάπαθὲςιτῆςὶιυχῆςῖ</strong></span> 
     </span>
    </p>
   </div>
   <div class='ocr_carea' id='block_1_24' title="bbox 389 1487 1926 1584">
    <p class='ocr_par' dir='ltr' id='par_1_24' title="bbox 389 1487 1926 1571">
     <span class='ocr_line' id='line_1_24' title="bbox 389 1487 1926 1571; baseline 0.01 -31"><span class='ocrx_word' id='word_1_161' title='bbox 389 1487 782 1544; x_wconf 79' lang='lat' dir='ltr'><strong>convenienter</strong></span> <span class='ocrx_word' id='word_1_162' title='bbox 812 1490 916 1546; x_wconf 90' lang='lat' dir='ltr'><strong>sibi</strong></span> <span class='ocrx_word' id='word_1_163' title='bbox 951 1502 1207 1563; x_wconf 83' lang='lat' dir='ltr'><strong>caperet;</strong></span> <span class='ocrx_word' id='word_1_164' title='bbox 1247 1505 1300 1549; x_wconf 89' lang='lat' dir='ltr'><strong>et</strong></span> <span class='ocrx_word' id='word_1_165' title='bbox 1348 1510 1410 1550; x_wconf 90' lang='lat' dir='ltr'><strong>ea</strong></span> <span class='ocrx_word' id='word_1_166' title='bbox 1465 1512 1592 1564; x_wconf 87' lang='lat' dir='ltr'><strong>pars</strong></span> <span class='ocrx_word' id='word_1_167' title='bbox 1633 1500 1828 1554; x_wconf 66' lang='lat' dir='ltr'><strong>animm</strong></span> <span class='ocrx_word' id='word_1_168' title='bbox 1859 1517 1926 1571; x_wconf 91' lang='lat' dir='ltr'><strong>qu</strong></span> 
     </span>
    </p>
   </div>
   <div class='ocr_carea' id='block_1_25' title="bbox 2155 1487 3692 1584">
    <p class='ocr_par' dir='ltr' id='par_1_25' title="bbox 2155 1503 3692 1584">
     <span class='ocr_line' id='line_1_25' title="bbox 2155 1503 3692 1584; baseline 0.007 -27"><span class='ocrx_word' id='word_1_169' title='bbox 2155 1521 2163 1564; x_wconf 70' lang='grc' dir='ltr'><em>ξ</em></span> <span class='ocrx_word' id='word_1_170' title='bbox 2194 1503 2260 1557; x_wconf 74' lang='grc' dir='ltr'><strong>τὰ</strong></span> <span class='ocrx_word' id='word_1_171' title='bbox 2294 1506 2441 1559; x_wconf 81' lang='grc' dir='ltr'>ἁπλᾶ</span> <span class='ocrx_word' id='word_1_172' title='bbox 2473 1509 2566 1560; x_wconf 79' lang='grc' dir='ltr'>καὶ</span> <span class='ocrx_word' id='word_1_173' title='bbox 2613 1509 2869 1562; x_wconf 80' lang='grc' dir='ltr'>ἐνδότατα</span> <span class='ocrx_word' id='word_1_174' title='bbox 2907 1512 3015 1564; x_wconf 89' lang='grc' dir='ltr'><strong>τῶν</strong></span> <span class='ocrx_word' id='word_1_175' title='bbox 3053 1511 3297 1565; x_wconf 81' lang='grc' dir='ltr'>θεοειδῶν</span> <span class='ocrx_word' id='word_1_176' title='bbox 3343 1514 3692 1584; x_wconf 76' lang='grc' dir='ltr'><strong>ἀγαλμάτων</strong></span> 
     </span>
    </p>
   </div>
   <div class='ocr_carea' id='block_1_26' title="bbox 389 1576 1926 1680">
    <p class='ocr_par' dir='ltr' id='par_1_26' title="bbox 389 1576 1926 1660">
     <span class='ocr_line' id='line_1_26' title="bbox 389 1576 1926 1660; baseline 0.014 -32"><span class='ocrx_word' id='word_1_177' title='bbox 389 1590 419 1628; x_wconf 78' lang='lat' dir='ltr'><strong>a</strong></span> <span class='ocrx_word' id='word_1_178' title='bbox 454 1576 700 1645; x_wconf 89' lang='lat' dir='ltr'><strong>patiendi</strong></span> <span class='ocrx_word' id='word_1_179' title='bbox 755 1582 1084 1638; x_wconf 86' lang='lat' dir='ltr'><strong>necessitate</strong></span> <span class='ocrx_word' id='word_1_180' title='bbox 1140 1585 1311 1640; x_wconf 87' lang='lat' dir='ltr'><strong>libera</strong></span> <span class='ocrx_word' id='word_1_181' title='bbox 1364 1596 1482 1654; x_wconf 92' lang='lat' dir='ltr'><strong>est,</strong></span> <span class='ocrx_word' id='word_1_182' title='bbox 1533 1591 1876 1660; x_wconf 83' lang='lat' dir='ltr'><strong>simplicibus</strong></span> <span class='ocrx_word' id='word_1_183' title='bbox 1925 1627 1926 1630; x_wconf 60' lang='grc' dir='ltr'><strong>η</strong></span> 
     </span>
    </p>
   </div>
   <div class='ocr_carea' id='block_1_27' title="bbox 2162 1576 3699 1680">
    <p class='ocr_par' dir='ltr' id='par_1_27' title="bbox 2162 1593 3699 1676">
     <span class='ocr_line' id='line_1_27' title="bbox 2162 1593 3699 1676; baseline 0.007 -28"><span class='ocrx_word' id='word_1_184' title='bbox 2162 1597 2339 1667; x_wconf 87' lang='grc' dir='ltr'>ορίσαι</span> <span class='ocrx_word' id='word_1_185' title='bbox 2388 1599 2672 1670; x_wconf 71' lang='grc' dir='ltr'><strong>θεάματα⁹</strong></span> <span class='ocrx_word' id='word_1_186' title='bbox 2709 1593 2784 1655; x_wconf 73' lang='grc' dir='ltr'>’τὺ</span> <span class='ocrx_word' id='word_1_187' title='bbox 2835 1603 3134 1674; x_wconf 74' lang='grc' dir='ltr'>παθητικὸν</span> <span class='ocrx_word' id='word_1_188' title='bbox 3179 1604 3233 1657; x_wconf 82' lang='grc' dir='ltr'><strong>δὲ</strong></span> <span class='ocrx_word' id='word_1_189' title='bbox 3285 1606 3480 1676; x_wconf 76' lang='grc' dir='ltr'>αὐτῆς,</span> <span class='ocrx_word' id='word_1_190' title='bbox 3543 1623 3699 1676; x_wconf 70' lang='grc' dir='ltr'>συμ-</span> 
     </span>
    </p>
   </div>
   <div class='ocr_carea' id='block_1_28' title="bbox 389 1667 1926 1766">
    <p class='ocr_par' dir='ltr' id='par_1_28' title="bbox 389 1667 1918 1756">
     <span class='ocr_line' id='line_1_28' title="bbox 389 1667 1918 1756; baseline 0.012 -36"><span class='ocrx_word' id='word_1_191' title='bbox 389 1667 600 1726; x_wconf 89' lang='lat' dir='ltr'><strong>intimis</strong></span> <span class='ocrx_word' id='word_1_192' title='bbox 623 1668 934 1727; x_wconf 88' lang='lat' dir='ltr'><strong>divinarum</strong></span> <span class='ocrx_word' id='word_1_193' title='bbox 970 1674 1266 1745; x_wconf 83' lang='lat' dir='ltr'><strong>imaginum</strong></span> <span class='ocrx_word' id='word_1_194' title='bbox 1295 1680 1582 1748; x_wconf 85' lang='lat' dir='ltr'><strong>speciebus</strong></span> <span class='ocrx_word' id='word_1_195' title='bbox 1611 1686 1918 1756; x_wconf 82' lang='lat' dir='ltr'><strong>contempla</strong></span> 
     </span>
    </p>
   </div>
   <div class='ocr_carea' id='block_1_29' title="bbox 2156 1667 3693 1766">
    <p class='ocr_par' dir='ltr' id='par_1_29' title="bbox 2160 1683 3693 1766">
     <span class='ocr_line' id='line_1_29' title="bbox 2160 1683 3693 1766; baseline 0.006 -25"><span class='ocrx_word' id='word_1_196' title='bbox 2160 1688 2235 1753; x_wconf 86' lang='grc' dir='ltr'><strong>ῶς</strong></span> <span class='ocrx_word' id='word_1_197' title='bbox 2265 1691 2589 1762; x_wconf 77' lang='grc' dir='ltr'>θεραπεύειν</span> <span class='ocrx_word' id='word_1_198' title='bbox 2609 1683 2739 1766; x_wconf 55' lang='grc' dir='ltr'>’ἃμα</span> <span class='ocrx_word' id='word_1_199' title='bbox 2771 1698 2866 1748; x_wconf 84' lang='lat' dir='ltr'><strong>xal</strong></span> <span class='ocrx_word' id='word_1_200' title='bbox 2898 1698 3194 1750; x_wconf 86' lang='grc' dir='ltr'>ἁνατείνειν</span> <span class='ocrx_word' id='word_1_201' title='bbox 3227 1698 3318 1749; x_wconf 67' lang='grc' dir='ltr'><strong>ἐπὶ</strong></span> <span class='ocrx_word' id='word_1_202' title='bbox 3363 1697 3431 1749; x_wconf 72' lang='grc' dir='ltr'><strong>τὰ</strong></span> <span class='ocrx_word' id='word_1_203' title='bbox 3464 1698 3693 1751; x_wconf 76' lang='grc' dir='ltr'>θειότα-</span> 
     </span>
    </p>
   </div>
   <div class='ocr_carea' id='block_1_30' title="bbox 389 1759 1926 1864">
    <p class='ocr_par' dir='ltr' id='par_1_30' title="bbox 389 1759 1926 1843">
     <span class='ocr_line' id='line_1_30' title="bbox 389 1759 1926 1843; baseline 0.013 -29"><span class='ocrx_word' id='word_1_204' title='bbox 389 1759 475 1816; x_wconf 87' lang='lat' dir='ltr'><strong>dis</strong></span> <span class='ocrx_word' id='word_1_205' title='bbox 526 1762 916 1832; x_wconf 86' lang='lat' dir='ltr'><strong>destinaretur,</strong></span> <span class='ocrx_word' id='word_1_206' title='bbox 953 1769 1044 1822; x_wconf 91' lang='lat' dir='ltr'><strong>illa</strong></span> <span class='ocrx_word' id='word_1_207' title='bbox 1100 1785 1231 1826; x_wconf 86' lang='lat' dir='ltr'><strong>vero</strong></span> <span class='ocrx_word' id='word_1_208' title='bbox 1278 1787 1398 1842; x_wconf 80' lang='lat' dir='ltr'><strong>quae</strong></span> <span class='ocrx_word' id='word_1_209' title='bbox 1450 1775 1798 1843; x_wconf 90' lang='lat' dir='ltr'><strong>passionibus</strong></span> <span class='ocrx_word' id='word_1_210' title='bbox 1851 1779 1926 1834; x_wconf 88' lang='lat' dir='ltr'><strong>sul</strong></span> 
     </span>
    </p>
   </div>
   <div class='ocr_carea' id='block_1_31' title="bbox 2132 1759 3669 1864">
    <p class='ocr_par' dir='ltr' id='par_1_31' title="bbox 2132 1787 3669 1862">
     <span class='ocr_line' id='line_1_31' title="bbox 2132 1787 3669 1862; baseline 0.006 -27"><span class='ocrx_word' id='word_1_211' title='bbox 2132 1801 2169 1846; x_wconf 87' lang='grc' dir='ltr'><strong>ι,</strong></span> <span class='ocrx_word' id='word_1_212' title='bbox 2203 1787 2317 1847; x_wconf 91' lang='grc' dir='ltr'>τοῖς</span> <span class='ocrx_word' id='word_1_213' title='bbox 2351 1803 2749 1859; x_wconf 78' lang='grc' dir='ltr'>προμεμηχανη</span> <span class='ocrx_word' id='word_1_214' title='bbox 2761 1790 2942 1859; x_wconf 88' lang='grc' dir='ltr'>μένοις</span> <span class='ocrx_word' id='word_1_215' title='bbox 2970 1789 3078 1843; x_wconf 92' lang='grc' dir='ltr'><strong>τῶν</strong></span> <span class='ocrx_word' id='word_1_216' title='bbox 3123 1791 3365 1844; x_wconf 89' lang='grc' dir='ltr'>τυπικῶν</span> <span class='ocrx_word' id='word_1_217' title='bbox 3394 1793 3436 1822; x_wconf 73' lang='grc'><strong>³⁸</strong></span> <span class='ocrx_word' id='word_1_218' title='bbox 3468 1792 3669 1862; x_wconf 73' lang='grc' dir='ltr'>συμϐό-</span> 
     </span>
    </p>
   </div>
   <div class='ocr_carea' id='block_1_32' title="bbox 389 1863 1926 1966">
    <p class='ocr_par' dir='ltr' id='par_1_32' title="bbox 389 1863 1926 1937">
     <span class='ocr_line' id='line_1_32' title="bbox 389 1863 1926 1937; baseline 0.012 -28"><span class='ocrx_word' id='word_1_219' title='bbox 389 1863 533 1920; x_wconf 81' lang='lat' dir='ltr'><strong>lecta</strong></span> <span class='ocrx_word' id='word_1_220' title='bbox 570 1864 680 1922; x_wconf 86' lang='lat' dir='ltr'><strong>est,</strong></span> <span class='ocrx_word' id='word_1_221' title='bbox 715 1867 774 1913; x_wconf 91' lang='lat' dir='ltr'><strong>ut</strong></span> <span class='ocrx_word' id='word_1_222' title='bbox 807 1871 1018 1916; x_wconf 78' lang='lat' dir='ltr'><strong>natura:</strong></span> <span class='ocrx_word' id='word_1_223' title='bbox 1038 1863 1205 1935; x_wconf 75' lang='grc' dir='ltr'><strong>διο</strong></span> <span class='ocrx_word' id='word_1_224' title='bbox 1226 1865 1344 1930; x_wconf 86' lang='lat' dir='ltr'><strong>ejus</strong></span> <span class='ocrx_word' id='word_1_225' title='bbox 1376 1870 1658 1937; x_wconf 83' lang='lat' dir='ltr'><strong>convenit,</strong></span> <span class='ocrx_word' id='word_1_226' title='bbox 1694 1884 1926 1927; x_wconf 86' lang='lat' dir='ltr'><strong>curareu</strong></span> 
     </span>
    </p>
   </div>
   <div class='ocr_carea' id='block_1_33' title="bbox 2156 1863 3693 1966">
    <p class='ocr_par' dir='ltr' id='par_1_33' title="bbox 2156 1877 3693 1954">
     <span class='ocr_line' id='line_1_33' title="bbox 2156 1877 3693 1954; baseline 0.008 -29"><span class='ocrx_word' id='word_1_227' title='bbox 2156 1893 2190 1928; x_wconf 74' lang='lat' dir='ltr'><strong>iV</strong></span> <span class='ocrx_word' id='word_1_228' title='bbox 2238 1877 2636 1950; x_wconf 85' lang='grc' dir='ltr'>ἀναπλασμοῖς,</span> <span class='ocrx_word' id='word_1_229' title='bbox 2683 1882 2758 1944; x_wconf 85' lang='grc' dir='ltr'>ὡς</span> <span class='ocrx_word' id='word_1_230' title='bbox 2803 1882 3040 1952; x_wconf 79' lang='grc' dir='ltr'>συγγενῆ</span> <span class='ocrx_word' id='word_1_231' title='bbox 3093 1883 3160 1936; x_wconf 80' lang='grc' dir='ltr'>τὰ</span> <span class='ocrx_word' id='word_1_232' title='bbox 3210 1883 3428 1936; x_wconf 88' lang='grc' dir='ltr'>τοιαῦτα</span> <span class='ocrx_word' id='word_1_233' title='bbox 3462 1886 3693 1954; x_wconf 62' lang='grc' dir='ltr'>πέφυκε</span> 
     </span>
    </p>
   </div>
   <div class='ocr_carea' id='block_1_34' title="bbox 389 1947 1926 2050">
    <p class='ocr_par' dir='ltr' id='par_1_34' title="bbox 389 1947 1926 2036">
     <span class='ocr_line' id='line_1_34' title="bbox 389 1947 1926 2036; baseline 0.012 -35"><span class='ocrx_word' id='word_1_234' title='bbox 389 1947 575 2014; x_wconf 79' lang='lat' dir='ltr'><strong>simul,</strong></span> <span class='ocrx_word' id='word_1_235' title='bbox 611 1959 668 2005; x_wconf 85' lang='lat' dir='ltr'><strong>et</strong></span> <span class='ocrx_word' id='word_1_236' title='bbox 700 1950 753 2006; x_wconf 93' lang='lat' dir='ltr'><strong>in</strong></span> <span class='ocrx_word' id='word_1_237' title='bbox 789 1953 1163 2013; x_wconf 84' lang='lat' dir='ltr'><strong>divinissimas</strong></span> <span class='ocrx_word' id='word_1_238' title='bbox 1197 1975 1287 2015; x_wconf 90' lang='lat' dir='ltr'><strong>res</strong></span> <span class='ocrx_word' id='word_1_239' title='bbox 1321 1974 1418 2029; x_wconf 89' lang='lat' dir='ltr'><strong>per</strong></span> <span class='ocrx_word' id='word_1_240' title='bbox 1471 1963 1649 2033; x_wconf 89' lang='lat' dir='ltr'><strong>typica</strong></span> <span class='ocrx_word' id='word_1_241' title='bbox 1699 1966 1926 2036; x_wconf 79' lang='lat' dir='ltr'><strong>symbol:</strong></span> 
     </span>
    </p>
   </div>
   <div class='ocr_carea' id='block_1_35' title="bbox 2162 1947 3699 2050">
    <p class='ocr_par' dir='ltr' id='par_1_35' title="bbox 2171 1972 3699 2049">
     <span class='ocr_line' id='line_1_35' title="bbox 2171 1972 3699 2049; baseline 0.004 -25"><span class='ocrx_word' id='word_1_242' title='bbox 2171 1972 2587 2044; x_wconf 87' lang='grc' dir='ltr'>ραπετὰσματα,</span> <span class='ocrx_word' id='word_1_243' title='bbox 2626 1977 2721 2030; x_wconf 86' lang='lat' dir='ltr'><strong>xal</strong></span> <span class='ocrx_word' id='word_1_244' title='bbox 2752 1977 3001 2047; x_wconf 77' lang='grc' dir='ltr'><strong>δηλοῦσιν</strong></span> <span class='ocrx_word' id='word_1_245' title='bbox 3045 1980 3183 2040; x_wconf 84' lang='grc' dir='ltr'>ὅσοι,</span> <span class='ocrx_word' id='word_1_246' title='bbox 3217 1979 3311 2031; x_wconf 76' lang='grc' dir='ltr'>καὶ</span> <span class='ocrx_word' id='word_1_247' title='bbox 3357 1979 3699 2049; x_wconf 84' lang='grc' dir='ltr'>προκαλυμ-</span> 
     </span>
    </p>
   </div>
   <div class='ocr_carea' id='block_1_36' title="bbox 389 2042 1926 2139">
    <p class='ocr_par' dir='ltr' id='par_1_36' title="bbox 389 2042 1926 2120">
     <span class='ocr_line' id='line_1_36' title="bbox 389 2042 1926 2120; baseline 0.012 -26"><span class='ocrx_word' id='word_1_248' title='bbox 389 2042 472 2095; x_wconf 88' lang='lat' dir='ltr'><strong>eis</strong></span> <span class='ocrx_word' id='word_1_249' title='bbox 504 2042 802 2100; x_wconf 83' lang='lat' dir='ltr'><strong>artiﬁciose</strong></span> <span class='ocrx_word' id='word_1_250' title='bbox 835 2047 1075 2104; x_wconf 86' lang='lat' dir='ltr'><strong>abducta</strong></span> <span class='ocrx_word' id='word_1_251' title='bbox 1107 2054 1546 2120; x_wconf 90' lang='lat' dir='ltr'><strong>protenderetur,</strong></span> <span class='ocrx_word' id='word_1_252' title='bbox 1572 2067 1629 2110; x_wconf 97' lang='lat' dir='ltr'><strong>ut</strong></span> <span class='ocrx_word' id='word_1_253' title='bbox 1661 2059 1747 2112; x_wconf 92' lang='lat' dir='ltr'><strong>cui</strong></span> <span class='ocrx_word' id='word_1_254' title='bbox 1787 2059 1926 2112; x_wconf 74' lang='lat' dir='ltr'><strong>istiu:</strong></span> 
     </span>
    </p>
   </div>
   <div class='ocr_carea' id='block_1_37' title="bbox 2160 2042 3697 2139">
    <p class='ocr_par' dir='ltr' id='par_1_37' title="bbox 2160 2066 3697 2139">
     <span class='ocr_line' id='line_1_37' title="bbox 2160 2066 3697 2139; baseline 0.006 -26"><span class='ocrx_word' id='word_1_255' title='bbox 2160 2079 2274 2115; x_wconf 76' lang='grc' dir='ltr'>ιτων</span> <span class='ocrx_word' id='word_1_256' title='bbox 2307 2066 2464 2129; x_wconf 78' lang='grc' dir='ltr'>ἐκτὸς</span> <span class='ocrx_word' id='word_1_257' title='bbox 2493 2067 2770 2136; x_wconf 83' lang='grc' dir='ltr'><strong>θεολογίας</strong></span> <span class='ocrx_word' id='word_1_258' title='bbox 2802 2070 3005 2138; x_wconf 63' lang='grc' dir='ltr'>σαφοῦς</span> <span class='ocrx_word' id='word_1_259' title='bbox 3039 2071 3351 2139; x_wconf 76' lang='grc' dir='ltr'>ἀκηκοότες,</span> <span class='ocrx_word' id='word_1_260' title='bbox 3371 2071 3428 2122; x_wconf 79' lang='grc' dir='ltr'>ἐν</span> <span class='ocrx_word' id='word_1_261' title='bbox 3460 2071 3697 2127; x_wconf 77' lang='grc' dir='ltr'>ἑαυτοῖς</span> 
     </span>
    </p>
   </div>
   <div class='ocr_carea' id='block_1_38' title="bbox 391 2132 1928 2234">
    <p class='ocr_par' dir='ltr' id='par_1_38' title="bbox 391 2132 1928 2234">
     <span class='ocr_line' id='line_1_38' title="bbox 391 2132 1928 2234; baseline 0.014 -50"><span class='ocrx_word' id='word_1_262' title='bbox 588 2133 958 2208; x_wconf 79' lang='lat' dir='ltr'><strong>integumenta</strong></span> <span class='ocrx_word' id='word_1_263' title='bbox 1025 2154 1258 2213; x_wconf 88' lang='lat' dir='ltr'><strong>cognata</strong></span> <span class='ocrx_word' id='word_1_264' title='bbox 1323 2145 1470 2214; x_wconf 88' lang='lat' dir='ltr'><strong>siut,</strong></span> <span class='ocrx_word' id='word_1_265' title='bbox 1515 2152 1928 2218; x_wconf 70' lang='lat' dir='ltr'><strong>quemadmodu:</strong></span> 
     </span>
    </p>
   </div>
   <div class='ocr_carea' id='block_1_39' title="bbox 2153 2132 3690 2234">
    <p class='ocr_par' dir='ltr' id='par_1_39' title="bbox 2153 2155 3690 2234">
     <span class='ocr_line' id='line_1_39' title="bbox 2153 2155 3690 2234; baseline 0.006 -26"><span class='ocrx_word' id='word_1_266' title='bbox 2153 2155 2482 2212; x_wconf 83' lang='grc' dir='ltr'>απλάττουσι</span> <span class='ocrx_word' id='word_1_267' title='bbox 2511 2161 2682 2213; x_wconf 79' lang='grc' dir='ltr'>τύπον</span> <span class='ocrx_word' id='word_1_268' title='bbox 2712 2162 2834 2215; x_wconf 71' lang='grc' dir='ltr'>τινὰ</span> <span class='ocrx_word' id='word_1_269' title='bbox 2868 2163 3003 2232; x_wconf 83' lang='grc' dir='ltr'>πρὸς</span> <span class='ocrx_word' id='word_1_270' title='bbox 3021 2162 3118 2233; x_wconf 80' lang='grc' dir='ltr'><strong>τὴν</strong></span> <span class='ocrx_word' id='word_1_271' title='bbox 3146 2162 3329 2234; x_wconf 83' lang='grc' dir='ltr'>νόησιν</span> <span class='ocrx_word' id='word_1_272' title='bbox 3357 2163 3560 2225; x_wconf 76' lang='grc' dir='ltr'>αὐτοὺς</span> <span class='ocrx_word' id='word_1_273' title='bbox 3582 2163 3690 2232; x_wconf 76' lang='grc' dir='ltr'><strong>τῆς</strong></span> 
     </span>
    </p>
   </div>
   <div class='ocr_carea' id='block_1_40' title="bbox 390 2221 1927 2328">
    <p class='ocr_par' dir='ltr' id='par_1_40' title="bbox 390 2221 1927 2328">
     <span class='ocr_line' id='line_1_40' title="bbox 390 2221 1927 2328; baseline 0.015 -54"><span class='ocrx_word' id='word_1_274' title='bbox 390 2221 690 2328; x_wconf 77' lang='lat' dir='ltr'><strong>declarant,</strong></span> <span class='ocrx_word' id='word_1_275' title='bbox 727 2227 892 2284; x_wconf 90' lang='lat' dir='ltr'><strong>etiam</strong></span> <span class='ocrx_word' id='word_1_276' title='bbox 947 2231 1064 2300; x_wconf 88' lang='lat' dir='ltr'><strong>qui,</strong></span> <span class='ocrx_word' id='word_1_277' title='bbox 1103 2234 1289 2288; x_wconf 91' lang='lat' dir='ltr'><strong>audita</strong></span> <span class='ocrx_word' id='word_1_278' title='bbox 1324 2249 1514 2306; x_wconf 78' lang='lat' dir='ltr'><strong>aperta</strong></span> <span class='ocrx_word' id='word_1_279' title='bbox 1549 2239 1814 2311; x_wconf 81' lang='lat' dir='ltr'><strong>theologia</strong></span> <span class='ocrx_word' id='word_1_280' title='bbox 1850 2243 1927 2298; x_wconf 88' lang='lat' dir='ltr'><strong>sin</strong></span> 
     </span>
    </p>
   </div>
   <div class='ocr_carea' id='block_1_41' title="bbox 1638 2221 3175 2328">
    <p class='ocr_par' dir='ltr' id='par_1_41' title="bbox 1638 2221 3175 2326">
     <span class='ocr_line' id='line_1_41' title="bbox 1638 2221 3175 2326; baseline 0.009 -31"><span class='ocrx_word' id='word_1_281' title='bbox 1638 2240 1814 2311; x_wconf 89' lang='lat' dir='ltr'><strong>ologia</strong></span> <span class='ocrx_word' id='word_1_282' title='bbox 1850 2243 1970 2300; x_wconf 88' lang='lat' dir='ltr'><strong>sine</strong></span> <span class='ocrx_word' id='word_1_283' title='bbox 2077 2249 2374 2321; x_wconf 77' lang='grc' dir='ltr'>εἰρημένης</span> <span class='ocrx_word' id='word_1_284' title='bbox 2407 2251 2684 2321; x_wconf 76' lang='grc' dir='ltr'>θεολογίας</span> <span class='ocrx_word' id='word_1_285' title='bbox 2712 2221 3175 2326; x_wconf 66' lang='grc' dir='ltr'>χειραγωγοῦντα.</span> 
     </span>
    </p>
   </div>
   <div class='ocr_carea' id='block_1_42' title="bbox 389 2318 3682 2422">
    <p class='ocr_par' dir='ltr' id='par_1_42' title="bbox 389 2318 3682 2422">
     <span class='ocr_line' id='line_1_42' title="bbox 389 2318 3682 2422; baseline 0.009 -50"><span class='ocrx_word' id='word_1_286' title='bbox 389 2318 707 2389; x_wconf 80' lang='lat' dir='ltr'><strong>involucris,</strong></span> <span class='ocrx_word' id='word_1_287' title='bbox 760 2323 1020 2397; x_wconf 80' lang='lat' dir='ltr'><strong>eﬂiugnnt</strong></span> <span class='ocrx_word' id='word_1_288' title='bbox 1069 2328 1122 2382; x_wconf 91' lang='lat' dir='ltr'><strong>in</strong></span> <span class='ocrx_word' id='word_1_289' title='bbox 1156 2343 1215 2386; x_wconf 77' lang='lat' dir='ltr'><strong>se</strong></span> <span class='ocrx_word' id='word_1_290' title='bbox 1249 2341 1434 2402; x_wconf 89' lang='lat' dir='ltr'><strong>typum</strong></span> <span class='ocrx_word' id='word_1_291' title='bbox 1468 2338 1795 2406; x_wconf 89' lang='lat' dir='ltr'><strong>quemdam,</strong></span> <span class='ocrx_word' id='word_1_292' title='bbox 1830 2341 1919 2409; x_wconf 90' lang='lat' dir='ltr'><strong>qui</strong></span> <span class='ocrx_word' id='word_1_293' title='bbox 1956 2341 2078 2398; x_wconf 92' lang='lat' dir='ltr'><strong>illos</strong></span> <span class='ocrx_word' id='word_1_294' title='bbox 2111 2318 2484 2414; x_wconf 69' lang='lat' dir='ltr'><strong>adpraadictze</strong></span> <span class='ocrx_word' id='word_1_295' title='bbox 2519 2318 2813 2420; x_wconf 44' lang='lat' dir='ltr'><strong>theologia;</strong></span> <span class='ocrx_word' id='word_1_296' title='bbox 2851 2318 3261 2422; x_wconf 79' lang='lat' dir='ltr'><strong>intelligentiam</strong></span> <span class='ocrx_word' id='word_1_297' title='bbox 3317 2352 3682 2406; x_wconf 83' lang='lat' dir='ltr'><strong>manuducat.</strong></span> 
     </span>
    </p>
   </div>
   <div class='ocr_carea' id='block_1_43' title="bbox 1946 2457 2095 2532">
    <p class='ocr_par' dir='ltr' id='par_1_43' title="bbox 1946 2457 2095 2532">
     <span class='ocr_line' id='line_1_43' title="bbox 1946 2457 2095 2532; baseline 0 -15"><span class='ocrx_word' id='word_1_298' title='bbox 1946 2460 1973 2532; x_wconf 85' lang='lat'>§</span> <span class='ocrx_word' id='word_1_299' title='bbox 2017 2457 2095 2518; x_wconf 88' lang='grc'><strong>11.</strong></span> 
     </span>
    </p>
   </div>
   <div class='ocr_carea' id='block_1_44' title="bbox 461 2593 1998 2686">
    <p class='ocr_par' dir='ltr' id='par_1_44' title="bbox 461 2593 1975 2672">
     <span class='ocr_line' id='line_1_44' title="bbox 461 2593 1975 2672; baseline 0.006 -22"><span class='ocrx_word' id='word_1_300' title='bbox 461 2593 603 2663; x_wconf 84' lang='lat' dir='ltr'><strong>Quin</strong></span> <span class='ocrx_word' id='word_1_301' title='bbox 634 2604 689 2650; x_wconf 92' lang='lat' dir='ltr'><strong>et</strong></span> <span class='ocrx_word' id='word_1_302' title='bbox 720 2595 893 2666; x_wconf 88' lang='lat' dir='ltr'><strong>ipsius</strong></span> <span class='ocrx_word' id='word_1_303' title='bbox 923 2612 1142 2669; x_wconf 86' lang='lat' dir='ltr'><strong>quoque</strong></span> <span class='ocrx_word' id='word_1_304' title='bbox 1166 2600 1352 2655; x_wconf 91' lang='lat' dir='ltr'><strong>mundi</strong></span> <span class='ocrx_word' id='word_1_305' title='bbox 1381 2603 1731 2672; x_wconf 85' lang='lat' dir='ltr'><strong>aspectabilis</strong></span> <span class='ocrx_word' id='word_1_306' title='bbox 1764 2604 1975 2659; x_wconf 75' lang='lat' dir='ltr'><strong>fabrica</strong></span> 
     </span>
    </p>
   </div>
   <div class='ocr_carea' id='block_1_45' title="bbox 2151 2593 3688 2686">
    <p class='ocr_par' dir='ltr' id='par_1_45' title="bbox 2160 2612 3688 2686">
     <span class='ocr_line' id='line_1_45' title="bbox 2160 2612 3688 2686; baseline 0.003 -22"><span class='ocrx_word' id='word_1_307' title='bbox 2160 2612 2269 2664; x_wconf 88' lang='lat' dir='ltr'><strong>Kal</strong></span> <span class='ocrx_word' id='word_1_308' title='bbox 2299 2613 2436 2685; x_wconf 66' lang='grc' dir='ltr'>αὕτη</span> <span class='ocrx_word' id='word_1_309' title='bbox 2461 2613 2516 2666; x_wconf 83' lang='grc' dir='ltr'><strong>δὲ</strong></span> <span class='ocrx_word' id='word_1_310' title='bbox 2546 2614 2645 2667; x_wconf 90' lang='grc' dir='ltr'><strong>τοῦ</strong></span> <span class='ocrx_word' id='word_1_311' title='bbox 2679 2615 3006 2685; x_wconf 74' lang='grc' dir='ltr'>φαινομένου</span> <span class='ocrx_word' id='word_1_312' title='bbox 3037 2614 3236 2678; x_wconf 73' lang='grc' dir='ltr'>παντὸς</span> <span class='ocrx_word' id='word_1_313' title='bbox 3270 2617 3303 2685; x_wconf 78' lang='grc' dir='ltr'>ἡ</span> <span class='ocrx_word' id='word_1_314' title='bbox 3334 2617 3688 2686; x_wconf 73' lang='grc' dir='ltr'>κοσμουργίο</span> 
     </span>
    </p>
   </div>
   <div class='ocr_carea' id='block_1_46' title="bbox 386 2687 1923 2780">
    <p class='ocr_par' dir='ltr' id='par_1_46' title="bbox 386 2687 1923 2763">
     <span class='ocr_line' id='line_1_46' title="bbox 386 2687 1923 2763; baseline 0.003 -18"><span class='ocrx_word' id='word_1_315' title='bbox 386 2687 756 2746; x_wconf 88' lang='lat' dir='ltr'><strong>iuvisibilibus</strong></span> <span class='ocrx_word' id='word_1_316' title='bbox 775 2690 867 2746; x_wconf 92' lang='lat' dir='ltr'><strong>Dei</strong></span> <span class='ocrx_word' id='word_1_317' title='bbox 904 2691 1142 2747; x_wconf 84' lang='lat' dir='ltr'><strong>obducta</strong></span> <span class='ocrx_word' id='word_1_318' title='bbox 1169 2703 1273 2759; x_wconf 86' lang='lat' dir='ltr'><strong>est,</strong></span> <span class='ocrx_word' id='word_1_319' title='bbox 1321 2693 1466 2750; x_wconf 89' lang='lat' dir='ltr'><strong>sicut</strong></span> <span class='ocrx_word' id='word_1_320' title='bbox 1507 2695 1712 2753; x_wconf 85' lang='lat' dir='ltr'><strong>Paulus</strong></span> <span class='ocrx_word' id='word_1_321' title='bbox 1737 2703 1809 2763; x_wconf 48' lang='lat' dir='ltr'><strong>ﬁet</strong></span> <span class='ocrx_word' id='word_1_322' title='bbox 1848 2713 1923 2751; x_wconf 77' lang='lat' dir='ltr'><strong>ve:</strong></span> 
     </span>
    </p>
   </div>
   <div class='ocr_carea' id='block_1_47' title="bbox 2150 2687 3687 2780">
    <p class='ocr_par' dir='ltr' id='par_1_47' title="bbox 2150 2706 3687 2780">
     <span class='ocr_line' id='line_1_47' title="bbox 2150 2706 3687 2780; baseline 0.002 -23"><span class='ocrx_word' id='word_1_323' title='bbox 2150 2706 2194 2757; x_wconf 58' lang='grc' dir='ltr'>ὢν</span> <span class='ocrx_word' id='word_1_324' title='bbox 2233 2708 2480 2779; x_wconf 82' lang='grc' dir='ltr'><strong>ἀοράτων</strong></span> <span class='ocrx_word' id='word_1_325' title='bbox 2518 2708 2612 2761; x_wconf 87' lang='grc' dir='ltr'><strong>τοῦ</strong></span> <span class='ocrx_word' id='word_1_326' title='bbox 2656 2709 2794 2762; x_wconf 87' lang='grc' dir='ltr'>Θεοῦ</span> <span class='ocrx_word' id='word_1_327' title='bbox 2839 2709 3224 2780; x_wconf 84' lang='grc' dir='ltr'>προϐέϐληται,</span> <span class='ocrx_word' id='word_1_328' title='bbox 3251 2707 3506 2778; x_wconf 76' lang='grc' dir='ltr'>καθάπερ</span> <span class='ocrx_word' id='word_1_329' title='bbox 3548 2712 3687 2777; x_wconf 65' lang='grc' dir='ltr'>φησὶ</span> 
     </span>
    </p>
   </div>
   <div class='ocr_carea' id='block_1_48' title="bbox 392 2781 1929 2871">
    <p class='ocr_par' dir='ltr' id='par_1_48' title="bbox 392 2781 1923 2861">
     <span class='ocr_line' id='line_1_48' title="bbox 392 2781 1923 2861; baseline 0.007 -27"><span class='ocrx_word' id='word_1_330' title='bbox 392 2781 534 2837; x_wconf 83' lang='lat' dir='ltr'><strong>ratio</strong></span> <span class='ocrx_word' id='word_1_331' title='bbox 559 2791 813 2841; x_wconf 90' lang='lat' dir='ltr'><strong>testatur.</strong></span> <span class='ocrx_word' id='word_1_332' title='bbox 839 2784 1208 2852; x_wconf 85' lang='lat' dir='ltr'><strong>Quamobrem</strong></span> <span class='ocrx_word' id='word_1_333' title='bbox 1238 2789 1402 2844; x_wconf 86' lang='lat' dir='ltr'><strong>etiam</strong></span> <span class='ocrx_word' id='word_1_334' title='bbox 1437 2791 1677 2861; x_wconf 77' lang='lat' dir='ltr'><strong>theologi</strong></span> <span class='ocrx_word' id='word_1_335' title='bbox 1724 2790 1829 2846; x_wconf 91' lang='lat' dir='ltr'><strong>alia</strong></span> <span class='ocrx_word' id='word_1_336' title='bbox 1853 2807 1923 2860; x_wconf 89' lang='lat' dir='ltr'><strong>qu</strong></span> 
     </span>
    </p>
   </div>
   <div class='ocr_carea' id='block_1_49' title="bbox 2150 2781 3687 2871">
    <p class='ocr_par' dir='ltr' id='par_1_49' title="bbox 2150 2797 3687 2871">
     <span class='ocr_line' id='line_1_49' title="bbox 2150 2797 3687 2871; baseline -0.001 -20"><span class='ocrx_word' id='word_1_337' title='bbox 2150 2798 2296 2862; x_wconf 86' lang='grc' dir='ltr'>ιῦλός</span> <span class='ocrx_word' id='word_1_338' title='bbox 2320 2815 2378 2851; x_wconf 90' lang='grc' dir='ltr'><strong>τε</strong></span> <span class='ocrx_word' id='word_1_339' title='bbox 2402 2801 2494 2853; x_wconf 75' lang='grc' dir='ltr'><strong>καὶ</strong></span> <span class='ocrx_word' id='word_1_340' title='bbox 2522 2802 2550 2854; x_wconf 84' lang='grc' dir='ltr'>ὁ</span> <span class='ocrx_word' id='word_1_341' title='bbox 2575 2799 2779 2871; x_wconf 78' lang='grc' dir='ltr'>ἀληθὴς</span> <span class='ocrx_word' id='word_1_342' title='bbox 2808 2799 2984 2868; x_wconf 85' lang='grc' dir='ltr'>λόγος.</span> <span class='ocrx_word' id='word_1_343' title='bbox 3019 2800 3111 2852; x_wconf 81' lang='grc' dir='ltr'><strong>Διὸ</strong></span> <span class='ocrx_word' id='word_1_344' title='bbox 3135 2801 3228 2852; x_wconf 76' lang='grc' dir='ltr'>καὶ</span> <span class='ocrx_word' id='word_1_345' title='bbox 3256 2801 3302 2852; x_wconf 85' lang='grc' dir='ltr'>οἱ</span> <span class='ocrx_word' id='word_1_346' title='bbox 3334 2797 3584 2866; x_wconf 73' lang='grc' dir='ltr'>θεολόγοι</span> <span class='ocrx_word' id='word_1_347' title='bbox 3616 2799 3687 2850; x_wconf 61' lang='grc' dir='ltr'>τὸ</span> 
     </span>
    </p>
   </div>
   <div class='ocr_carea' id='block_1_50' title="bbox 391 2875 1928 2964">
    <p class='ocr_par' dir='ltr' id='par_1_50' title="bbox 391 2875 1928 2951">
     <span class='ocr_line' id='line_1_50' title="bbox 391 2875 1928 2951; baseline 0.005 -21"><span class='ocrx_word' id='word_1_348' title='bbox 391 2875 512 2931; x_wconf 86' lang='lat' dir='ltr'><strong>dem</strong></span> <span class='ocrx_word' id='word_1_349' title='bbox 549 2877 788 2933; x_wconf 84' lang='lat' dir='ltr'><strong>civiliter</strong></span> <span class='ocrx_word' id='word_1_350' title='bbox 836 2879 1195 2951; x_wconf 82' lang='lat' dir='ltr'><strong>legaliterque</strong></span> <span class='ocrx_word' id='word_1_351' title='bbox 1242 2882 1624 2947; x_wconf 90' lang='lat' dir='ltr'><strong>considerant,</strong></span> <span class='ocrx_word' id='word_1_352' title='bbox 1683 2883 1789 2937; x_wconf 88' lang='lat' dir='ltr'><strong>alia</strong></span> <span class='ocrx_word' id='word_1_353' title='bbox 1843 2900 1928 2938; x_wconf 85' lang='lat' dir='ltr'><strong>vet</strong></span> 
     </span>
    </p>
   </div>
   <div class='ocr_carea' id='block_1_51' title="bbox 2148 2875 3685 2964">
    <p class='ocr_par' dir='ltr' id='par_1_51' title="bbox 2148 2891 3685 2964">
     <span class='ocr_line' id='line_1_51' title="bbox 2148 2891 3685 2964; baseline 0.001 -22"><span class='ocrx_word' id='word_1_354' title='bbox 2148 2909 2184 2944; x_wconf 77' lang='grc' dir='ltr'><strong>,ν</strong></span> <span class='ocrx_word' id='word_1_355' title='bbox 2215 2893 2507 2958; x_wconf 84' lang='grc' dir='ltr'>πολιτικῶς</span> <span class='ocrx_word' id='word_1_356' title='bbox 2549 2896 2643 2948; x_wconf 71' lang='grc' dir='ltr'>καὶ</span> <span class='ocrx_word' id='word_1_357' title='bbox 2689 2894 2930 2964; x_wconf 71' lang='grc' dir='ltr'><strong>ἐννόμως</strong></span> <span class='ocrx_word' id='word_1_358' title='bbox 2969 2892 3350 2955; x_wconf 74' lang='grc' dir='ltr'><strong>ἐπισκοποῦσι,</strong></span> <span class='ocrx_word' id='word_1_359' title='bbox 3391 2891 3458 2944; x_wconf 75' lang='grc' dir='ltr'><strong>τὰ</strong></span> <span class='ocrx_word' id='word_1_360' title='bbox 3487 2893 3550 2944; x_wconf 76' lang='grc' dir='ltr'><strong>δὲ</strong></span> <span class='ocrx_word' id='word_1_361' title='bbox 3582 2910 3685 2944; x_wconf 84' lang='grc' dir='ltr'>κα-</span> 
     </span>
    </p>
   </div>
   <div class='ocr_carea' id='block_1_52' title="bbox 390 2971 1927 3060">
    <p class='ocr_par' dir='ltr' id='par_1_52' title="bbox 390 2971 1927 3046">
     <span class='ocr_line' id='line_1_52' title="bbox 390 2971 1927 3046; baseline 0.006 -24"><span class='ocrx_word' id='word_1_362' title='bbox 390 2981 526 3036; x_wconf 83' lang='lat' dir='ltr'><strong>pure</strong></span> <span class='ocrx_word' id='word_1_363' title='bbox 567 2979 626 3024; x_wconf 91' lang='lat' dir='ltr'><strong>et</strong></span> <span class='ocrx_word' id='word_1_364' title='bbox 681 2971 1053 3038; x_wconf 84' lang='lat' dir='ltr'><strong>intetnerate;</strong></span> <span class='ocrx_word' id='word_1_365' title='bbox 1092 2983 1258 3043; x_wconf 90' lang='lat' dir='ltr'><strong>atque</strong></span> <span class='ocrx_word' id='word_1_366' title='bbox 1313 2974 1404 3029; x_wconf 91' lang='lat' dir='ltr'><strong>illa</strong></span> <span class='ocrx_word' id='word_1_367' title='bbox 1456 2977 1678 3046; x_wconf 89' lang='lat' dir='ltr'><strong>quidem</strong></span> <span class='ocrx_word' id='word_1_368' title='bbox 1727 2978 1927 3032; x_wconf 85' lang='lat' dir='ltr'><strong>human</strong></span> 
     </span>
    </p>
   </div>
   <div class='ocr_carea' id='block_1_53' title="bbox 2149 2971 3686 3060">
    <p class='ocr_par' dir='ltr' id='par_1_53' title="bbox 2154 2985 3686 3060">
     <span class='ocr_line' id='line_1_53' title="bbox 2154 2985 3686 3060; baseline -0.008 -19"><span class='ocrx_word' id='word_1_369' title='bbox 2154 2988 2351 3056; x_wconf 84' lang='grc' dir='ltr'>ρτικῶς</span> <span class='ocrx_word' id='word_1_370' title='bbox 2379 2989 2472 3041; x_wconf 77' lang='grc' dir='ltr'>καὶ</span> <span class='ocrx_word' id='word_1_371' title='bbox 2489 2989 2790 3060; x_wconf 82' lang='grc' dir='ltr'>ἁχράντως,</span> <span class='ocrx_word' id='word_1_372' title='bbox 2807 2989 2902 3042; x_wconf 88' lang='lat' dir='ltr'><strong>xal</strong></span> <span class='ocrx_word' id='word_1_373' title='bbox 2923 2988 2989 3042; x_wconf 83' lang='grc' dir='ltr'><strong>τὰ</strong></span> <span class='ocrx_word' id='word_1_374' title='bbox 3015 2991 3110 3059; x_wconf 82' lang='grc' dir='ltr'><strong>μὲν</strong></span> <span class='ocrx_word' id='word_1_375' title='bbox 3131 2988 3226 3042; x_wconf 85' lang='grc' dir='ltr'><strong>ἀνθ</strong></span> <span class='ocrx_word' id='word_1_376' title='bbox 3237 2985 3490 3059; x_wconf 83' lang='grc' dir='ltr'>ρωπιχῶς</span> <span class='ocrx_word' id='word_1_377' title='bbox 3518 2985 3567 3016; x_wconf 67' lang='grc' dir='ltr'><strong>ιθ</strong></span> <span class='ocrx_word' id='word_1_378' title='bbox 3589 2988 3686 3038; x_wconf 55' lang='grc' dir='ltr'><strong>και</strong></span> 
     </span>
    </p>
   </div>
   <div class='ocr_carea' id='block_1_54' title="bbox 391 3073 1928 3152">
    <p class='ocr_par' dir='ltr' id='par_1_54' title="bbox 391 3073 1928 3149">
     <span class='ocr_line' id='line_1_54' title="bbox 391 3073 1928 3149; baseline -0.001 -15"><span class='ocrx_word' id='word_1_379' title='bbox 391 3077 680 3146; x_wconf 84' lang='lat' dir='ltr'><strong>medioque</strong></span> <span class='ocrx_word' id='word_1_380' title='bbox 705 3076 888 3140; x_wconf 85' lang='lat' dir='ltr'><strong>modo,</strong></span> <span class='ocrx_word' id='word_1_381' title='bbox 921 3073 1037 3130; x_wconf 59' lang='lat' dir='ltr'><strong>haec</strong></span> <span class='ocrx_word' id='word_1_382' title='bbox 1062 3085 1245 3129; x_wconf 89' lang='lat' dir='ltr'><strong>autem</strong></span> <span class='ocrx_word' id='word_1_383' title='bbox 1294 3078 1728 3146; x_wconf 80' lang='lat' dir='ltr'><strong>supramundiali</strong></span> <span class='ocrx_word' id='word_1_384' title='bbox 1760 3095 1826 3134; x_wconf 90' lang='lat' dir='ltr'><strong>ac</strong></span> <span class='ocrx_word' id='word_1_385' title='bbox 1851 3095 1928 3149; x_wconf 79' lang='lat' dir='ltr'><strong>pcl</strong></span> 
     </span>
    </p>
   </div>
   <div class='ocr_carea' id='block_1_55' title="bbox 2152 3073 3689 3152">
    <p class='ocr_par' dir='ltr' id='par_1_55' title="bbox 2152 3079 3689 3152">
     <span class='ocr_line' id='line_1_55' title="bbox 2152 3079 3689 3152; baseline -0.001 -20"><span class='ocrx_word' id='word_1_386' title='bbox 2152 3081 2290 3144; x_wconf 82' lang='grc' dir='ltr'>ἱσως,</span> <span class='ocrx_word' id='word_1_387' title='bbox 2319 3082 2386 3135; x_wconf 74' lang='grc' dir='ltr'><strong>τὰ</strong></span> <span class='ocrx_word' id='word_1_388' title='bbox 2411 3082 2466 3134; x_wconf 79' lang='grc' dir='ltr'><strong>δὲ</strong></span> <span class='ocrx_word' id='word_1_389' title='bbox 2499 3082 2886 3152; x_wconf 84' lang='grc' dir='ltr'>ὑπερκοσμίως</span> <span class='ocrx_word' id='word_1_390' title='bbox 2921 3082 3014 3136; x_wconf 78' lang='lat' dir='ltr'><strong>xal</strong></span> <span class='ocrx_word' id='word_1_391' title='bbox 3043 3079 3520 3152; x_wconf 84' lang='grc' dir='ltr'>τελεσιουργικῶς.</span> <span class='ocrx_word' id='word_1_392' title='bbox 3571 3080 3689 3133; x_wconf 69' lang='grc' dir='ltr'><strong>Καὶ</strong></span> 
     </span>
    </p>
   </div>
   <div class='ocr_carea' id='block_1_56' title="bbox 389 3167 1926 3246">
    <p class='ocr_par' dir='ltr' id='par_1_56' title="bbox 389 3167 1926 3239">
     <span class='ocr_line' id='line_1_56' title="bbox 389 3167 1926 3239; baseline -0.001 -12"><span class='ocrx_word' id='word_1_393' title='bbox 389 3171 554 3227; x_wconf 61' lang='lat' dir='ltr'><strong>(ceto.</strong></span> <span class='ocrx_word' id='word_1_394' title='bbox 585 3169 766 3239; x_wconf 83' lang='lat' dir='ltr'><strong>Atque</strong></span> <span class='ocrx_word' id='word_1_395' title='bbox 795 3167 1071 3222; x_wconf 86' lang='lat' dir='ltr'><strong>interdum</strong></span> <span class='ocrx_word' id='word_1_396' title='bbox 1098 3168 1318 3236; x_wconf 88' lang='lat' dir='ltr'><strong>quidem</strong></span> <span class='ocrx_word' id='word_1_397' title='bbox 1361 3183 1426 3222; x_wconf 84' lang='lat' dir='ltr'><strong>ex</strong></span> <span class='ocrx_word' id='word_1_398' title='bbox 1465 3172 1854 3238; x_wconf 87' lang='lat' dir='ltr'><strong>apparentibus</strong></span> <span class='ocrx_word' id='word_1_399' title='bbox 1897 3173 1926 3225; x_wconf 79' lang='lat' dir='ltr'><strong>lt</strong></span> 
     </span>
    </p>
   </div>
   <div class='ocr_carea' id='block_1_57' title="bbox 2152 3167 3689 3246">
    <p class='ocr_par' dir='ltr' id='par_1_57' title="bbox 2152 3171 3689 3246">
     <span class='ocr_line' id='line_1_57' title="bbox 2152 3171 3689 3246; baseline -0.001 -20"><span class='ocrx_word' id='word_1_400' title='bbox 2152 3176 2207 3228; x_wconf 79' lang='grc' dir='ltr'>τὲ</span> <span class='ocrx_word' id='word_1_401' title='bbox 2253 3177 2350 3244; x_wconf 83' lang='grc' dir='ltr'><strong>μὲν</strong></span> <span class='ocrx_word' id='word_1_402' title='bbox 2389 3175 2497 3228; x_wconf 75' lang='grc' dir='ltr'>ἀπὸ</span> <span class='ocrx_word' id='word_1_403' title='bbox 2531 3176 2638 3227; x_wconf 89' lang='grc' dir='ltr'><strong>τῶν</strong></span> <span class='ocrx_word' id='word_1_404' title='bbox 2680 3176 2858 3246; x_wconf 86' lang='grc' dir='ltr'>νόμων</span> <span class='ocrx_word' id='word_1_405' title='bbox 2891 3175 2999 3227; x_wconf 87' lang='grc' dir='ltr'><strong>τῶν</strong></span> <span class='ocrx_word' id='word_1_406' title='bbox 3045 3175 3406 3244; x_wconf 78' lang='grc' dir='ltr'>φαινομένων,</span> <span class='ocrx_word' id='word_1_407' title='bbox 3456 3172 3586 3224; x_wconf 79' lang='grc' dir='ltr'>τοτὲ</span> <span class='ocrx_word' id='word_1_408' title='bbox 3629 3171 3689 3224; x_wconf 72' lang='grc' dir='ltr'><strong>δὲ</strong></span> 
     </span>
    </p>
   </div>
   <div class='ocr_carea' id='block_1_58' title="bbox 389 3258 1926 3358">
    <p class='ocr_par' dir='ltr' id='par_1_58' title="bbox 389 3258 1926 3334">
     <span class='ocr_line' id='line_1_58' title="bbox 389 3258 1926 3334; baseline -0.002 -18"><span class='ocrx_word' id='word_1_409' title='bbox 389 3262 570 3334; x_wconf 84' lang='lat' dir='ltr'><strong>gibus,</strong></span> <span class='ocrx_word' id='word_1_410' title='bbox 611 3259 885 3315; x_wconf 89' lang='lat' dir='ltr'><strong>interdum</strong></span> <span class='ocrx_word' id='word_1_411' title='bbox 924 3273 1055 3312; x_wconf 88' lang='lat' dir='ltr'><strong>vero</strong></span> <span class='ocrx_word' id='word_1_412' title='bbox 1099 3271 1168 3311; x_wconf 83' lang='lat' dir='ltr'><strong>ex</strong></span> <span class='ocrx_word' id='word_1_413' title='bbox 1215 3258 1448 3313; x_wconf 90' lang='lat' dir='ltr'><strong>occultis</strong></span> <span class='ocrx_word' id='word_1_414' title='bbox 1493 3261 1765 3325; x_wconf 87' lang='lat' dir='ltr'><strong>oraculis,</strong></span> <span class='ocrx_word' id='word_1_415' title='bbox 1817 3277 1926 3331; x_wconf 65' lang='lat' dir='ltr'><strong>pro:</strong></span> 
     </span>
    </p>
   </div>
   <div class='ocr_carea' id='block_1_59' title="bbox 2152 3258 3689 3358">
    <p class='ocr_par' dir='ltr' id='par_1_59' title="bbox 2152 3267 3689 3339">
     <span class='ocr_line' id='line_1_59' title="bbox 2152 3267 3689 3339; baseline -0.003 -17"><span class='ocrx_word' id='word_1_416' title='bbox 2152 3270 2193 3322; x_wconf 76' lang='grc' dir='ltr'><strong>τὸ</strong></span> <span class='ocrx_word' id='word_1_417' title='bbox 2213 3270 2321 3322; x_wconf 86' lang='grc' dir='ltr'><strong>τῶν</strong></span> <span class='ocrx_word' id='word_1_418' title='bbox 2345 3269 2565 3339; x_wconf 78' lang='grc' dir='ltr'>ἀφανῶν</span> <span class='ocrx_word' id='word_1_419' title='bbox 2599 3268 2818 3339; x_wconf 81' lang='grc' dir='ltr'>θεσμῶν</span> <span class='ocrx_word' id='word_1_420' title='bbox 2847 3268 2988 3322; x_wconf 76' lang='grc' dir='ltr'>κατὰ</span> <span class='ocrx_word' id='word_1_421' title='bbox 3009 3268 3070 3322; x_wconf 75' lang='grc' dir='ltr'>τὸ</span> <span class='ocrx_word' id='word_1_422' title='bbox 3092 3268 3367 3339; x_wconf 82' lang='grc' dir='ltr'>προσῆκον</span> <span class='ocrx_word' id='word_1_423' title='bbox 3396 3270 3514 3329; x_wconf 86' lang='grc' dir='ltr'>τοῖς</span> <span class='ocrx_word' id='word_1_424' title='bbox 3540 3267 3689 3318; x_wconf 83' lang='grc' dir='ltr'><strong>ὑπο-</strong></span> 
     </span>
    </p>
   </div>
   <div class='ocr_carea' id='block_1_60' title="bbox 387 3350 1924 3432">
    <p class='ocr_par' dir='ltr' id='par_1_60' title="bbox 387 3350 1924 3422">
     <span class='ocr_line' id='line_1_60' title="bbox 387 3350 1924 3422; baseline -0.003 -12"><span class='ocrx_word' id='word_1_425' title='bbox 387 3353 654 3422; x_wconf 83' lang='lat' dir='ltr'><strong>subjectis</strong></span> <span class='ocrx_word' id='word_1_426' title='bbox 682 3351 848 3406; x_wconf 88' lang='lat' dir='ltr'><strong>rebus</strong></span> <span class='ocrx_word' id='word_1_427' title='bbox 872 3354 1064 3406; x_wconf 78' lang='lat' dir='ltr'><strong>sacris.</strong></span> <span class='ocrx_word' id='word_1_428' title='bbox 1105 3350 1498 3420; x_wconf 87' lang='lat' dir='ltr'><strong>mentibusque</strong></span> <span class='ocrx_word' id='word_1_429' title='bbox 1529 3361 1585 3406; x_wconf 92' lang='lat' dir='ltr'><strong>et</strong></span> <span class='ocrx_word' id='word_1_430' title='bbox 1613 3353 1813 3409; x_wconf 85' lang='lat' dir='ltr'><strong>animis</strong></span> <span class='ocrx_word' id='word_1_431' title='bbox 1841 3370 1924 3408; x_wconf 84' lang='lat' dir='ltr'><strong>COI</strong></span> 
     </span>
    </p>
   </div>
   <div class='ocr_carea' id='block_1_61' title="bbox 2146 3350 3683 3432">
    <p class='ocr_par' dir='ltr' id='par_1_61' title="bbox 2156 3357 3683 3432">
     <span class='ocr_line' id='line_1_61' title="bbox 2156 3357 3683 3432; baseline -0.003 -19"><span class='ocrx_word' id='word_1_432' title='bbox 2156 3359 2358 3432; x_wconf 88' lang='grc' dir='ltr'>ιμένοις</span> <span class='ocrx_word' id='word_1_433' title='bbox 2386 3364 2550 3432; x_wconf 80' lang='grc' dir='ltr'>ἱεροῖς</span> <span class='ocrx_word' id='word_1_434' title='bbox 2574 3362 2868 3432; x_wconf 82' lang='grc' dir='ltr'>γράμμασι</span> <span class='ocrx_word' id='word_1_435' title='bbox 2894 3360 2936 3392; x_wconf 73' lang='grc' dir='ltr'><strong>δ¹</strong></span> <span class='ocrx_word' id='word_1_436' title='bbox 2961 3360 3054 3413; x_wconf 78' lang='grc' dir='ltr'><strong>καὶ</strong></span> <span class='ocrx_word' id='word_1_437' title='bbox 3086 3362 3199 3422; x_wconf 84' lang='grc' dir='ltr'>νοῖς</span> <span class='ocrx_word' id='word_1_438' title='bbox 3228 3360 3322 3411; x_wconf 74' lang='grc' dir='ltr'>καὶ</span> <span class='ocrx_word' id='word_1_439' title='bbox 3346 3357 3551 3426; x_wconf 63' lang='grc' dir='ltr'>ψυχαῖς</span> <span class='ocrx_word' id='word_1_440' title='bbox 3570 3374 3584 3386; x_wconf 92' lang='grc'><strong>·</strong></span> <span class='ocrx_word' id='word_1_441' title='bbox 3620 3361 3683 3410; x_wconf 77' lang='grc' dir='ltr'><strong>οῦ</strong></span> 
     </span>
    </p>
   </div>
   <div class='ocr_carea' id='block_1_62' title="bbox 389 3444 1926 3524">
    <p class='ocr_par' dir='ltr' id='par_1_62' title="bbox 389 3444 1926 3518">
     <span class='ocr_line' id='line_1_62' title="bbox 389 3444 1926 3518; baseline -0.001 -16"><span class='ocrx_word' id='word_1_442' title='bbox 389 3449 576 3518; x_wconf 87' lang='lat' dir='ltr'><strong>gruit;</strong></span> <span class='ocrx_word' id='word_1_443' title='bbox 603 3446 785 3502; x_wconf 90' lang='lat' dir='ltr'><strong>omnis</strong></span> <span class='ocrx_word' id='word_1_444' title='bbox 815 3445 961 3498; x_wconf 84' lang='lat' dir='ltr'><strong>enim</strong></span> <span class='ocrx_word' id='word_1_445' title='bbox 993 3458 1201 3509; x_wconf 89' lang='lat' dir='ltr'><strong>sermo,</strong></span> <span class='ocrx_word' id='word_1_446' title='bbox 1239 3445 1332 3514; x_wconf 88' lang='lat' dir='ltr'><strong>qui</strong></span> <span class='ocrx_word' id='word_1_447' title='bbox 1381 3444 1488 3498; x_wconf 92' lang='lat' dir='ltr'><strong>illis</strong></span> <span class='ocrx_word' id='word_1_448' title='bbox 1525 3446 1728 3514; x_wconf 91' lang='lat' dir='ltr'><strong>ubique</strong></span> <span class='ocrx_word' id='word_1_449' title='bbox 1777 3462 1926 3516; x_wconf 71' lang='lat' dir='ltr'><strong>propt</strong></span> 
     </span>
    </p>
   </div>
   <div class='ocr_carea' id='block_1_63' title="bbox 2152 3444 3689 3524">
    <p class='ocr_par' dir='ltr' id='par_1_63' title="bbox 2161 3450 3689 3524">
     <span class='ocr_line' id='line_1_63' title="bbox 2161 3450 3689 3524; baseline -0.003 -19"><span class='ocrx_word' id='word_1_450' title='bbox 2161 3468 2191 3523; x_wconf 90' lang='grc' dir='ltr'><strong>ρ</strong></span> <span class='ocrx_word' id='word_1_451' title='bbox 2233 3454 2474 3522; x_wconf 78' lang='grc' dir='ltr'>ἱστορίαν</span> <span class='ocrx_word' id='word_1_452' title='bbox 2513 3452 2694 3524; x_wconf 74' lang='grc' dir='ltr'>ψιλὴν,</span> <span class='ocrx_word' id='word_1_453' title='bbox 2735 3451 2869 3505; x_wconf 76' lang='grc' dir='ltr'>ἀλλὰ</span> <span class='ocrx_word' id='word_1_454' title='bbox 2913 3450 3149 3522; x_wconf 77' lang='grc' dir='ltr'>ζωτικὴν</span> <span class='ocrx_word' id='word_1_455' title='bbox 3189 3451 3300 3520; x_wconf 80' lang='grc' dir='ltr'>ἔχει</span> <span class='ocrx_word' id='word_1_456' title='bbox 3341 3450 3628 3502; x_wconf 81' lang='grc' dir='ltr'>τελείωσιν</span> <span class='ocrx_word' id='word_1_457' title='bbox 3656 3451 3689 3501; x_wconf 87' lang='grc' dir='ltr'>ὀ</span> 
     </span>
    </p>
   </div>
   <div class='ocr_carea' id='block_1_64' title="bbox 389 3534 1926 3614">
    <p class='ocr_par' dir='ltr' id='par_1_64' title="bbox 389 3534 1926 3605">
     <span class='ocr_line' id='line_1_64' title="bbox 389 3534 1926 3605; baseline -0.003 -10"><span class='ocrx_word' id='word_1_458' title='bbox 389 3541 534 3595; x_wconf 82' lang='lat' dir='ltr'><strong>situs</strong></span> <span class='ocrx_word' id='word_1_459' title='bbox 555 3548 658 3605; x_wconf 89' lang='lat' dir='ltr'><strong>est,</strong></span> <span class='ocrx_word' id='word_1_460' title='bbox 692 3553 798 3593; x_wconf 92' lang='lat' dir='ltr'><strong>non</strong></span> <span class='ocrx_word' id='word_1_461' title='bbox 819 3537 1020 3592; x_wconf 77' lang='lat' dir='ltr'><strong>exilem</strong></span> <span class='ocrx_word' id='word_1_462' title='bbox 1065 3534 1306 3605; x_wconf 89' lang='lat' dir='ltr'><strong>aliquam</strong></span> <span class='ocrx_word' id='word_1_463' title='bbox 1349 3537 1662 3601; x_wconf 81' lang='lat' dir='ltr'><strong>historiam.</strong></span> <span class='ocrx_word' id='word_1_464' title='bbox 1695 3541 1793 3593; x_wconf 88' lang='lat' dir='ltr'><strong>sed</strong></span> <span class='ocrx_word' id='word_1_465' title='bbox 1837 3540 1926 3592; x_wconf 81' lang='lat' dir='ltr'><strong>viv</strong></span> 
     </span>
    </p>
   </div>
   <div class='ocr_carea' id='block_1_65' title="bbox 2150 3534 3687 3614">
    <p class='ocr_par' dir='ltr' id='par_1_65' title="bbox 2150 3543 3687 3614">
     <span class='ocr_line' id='line_1_65' title="bbox 2150 3543 3687 3614; baseline -0.002 -19"><span class='ocrx_word' id='word_1_466' title='bbox 2150 3545 2443 3614; x_wconf 68' lang='grc' dir='ltr'>δοκείμενος</span> <span class='ocrx_word' id='word_1_467' title='bbox 2485 3546 2668 3609; x_wconf 77' lang='grc' dir='ltr'>αὐτοῖς</span> <span class='ocrx_word' id='word_1_468' title='bbox 2713 3546 2858 3608; x_wconf 81' lang='grc' dir='ltr'>ἄπας</span> <span class='ocrx_word' id='word_1_469' title='bbox 2895 3562 2953 3596; x_wconf 88' lang='grc' dir='ltr'>τε</span> <span class='ocrx_word' id='word_1_470' title='bbox 2994 3544 3087 3597; x_wconf 77' lang='grc' dir='ltr'>καὶ</span> <span class='ocrx_word' id='word_1_471' title='bbox 3126 3543 3212 3597; x_wconf 82' lang='grc' dir='ltr'>διὰ</span> <span class='ocrx_word' id='word_1_472' title='bbox 3251 3543 3469 3597; x_wconf 81' lang='grc' dir='ltr'>πάντων</span> <span class='ocrx_word' id='word_1_473' title='bbox 3495 3543 3687 3612; x_wconf 69' lang='grc' dir='ltr'>λόγος,</span> 
     </span>
    </p>
   </div>
   <div class='ocr_carea' id='block_1_66' title="bbox 390 3627 1927 3706">
    <p class='ocr_par' dir='ltr' id='par_1_66' title="bbox 390 3627 1920 3699">
     <span class='ocr_line' id='line_1_66' title="bbox 390 3627 1920 3699; baseline -0.001 -13"><span class='ocrx_word' id='word_1_474' title='bbox 390 3631 552 3687; x_wconf 72' lang='lat' dir='ltr'><strong>licam</strong></span> <span class='ocrx_word' id='word_1_475' title='bbox 579 3631 826 3686; x_wconf 91' lang='lat' dir='ltr'><strong>continet</strong></span> <span class='ocrx_word' id='word_1_476' title='bbox 841 3628 1262 3699; x_wconf 78' lang='lat' dir='ltr'><strong>perfectionem.</strong></span> <span class='ocrx_word' id='word_1_477' title='bbox 1287 3627 1471 3694; x_wconf 83' lang='lat' dir='ltr'><strong>Quare</strong></span> <span class='ocrx_word' id='word_1_478' title='bbox 1494 3631 1660 3684; x_wconf 91' lang='lat' dir='ltr'><strong>etiam</strong></span> <span class='ocrx_word' id='word_1_479' title='bbox 1686 3646 1788 3685; x_wconf 93' lang='lat' dir='ltr'><strong>nos</strong></span> <span class='ocrx_word' id='word_1_480' title='bbox 1815 3645 1920 3699; x_wconf 89' lang='lat' dir='ltr'><strong>opo</strong></span> 
     </span>
    </p>
   </div>
   <div class='ocr_carea' id='block_1_67' title="bbox 2150 3627 3687 3706">
    <p class='ocr_par' dir='ltr' id='par_1_67' title="bbox 2150 3632 3687 3706">
     <span class='ocr_line' id='line_1_67' title="bbox 2150 3632 3687 3706; baseline 0.001 -21"><span class='ocrx_word' id='word_1_481' title='bbox 2150 3632 2204 3703; x_wconf 64' lang='lat' dir='ltr'><strong>si]</strong></span> <span class='ocrx_word' id='word_1_482' title='bbox 2233 3634 2412 3686; x_wconf 80' lang='grc' dir='ltr'>τοίνυν</span> <span class='ocrx_word' id='word_1_483' title='bbox 2437 3635 2531 3686; x_wconf 84' lang='lat' dir='ltr'><strong>xal</strong></span> <span class='ocrx_word' id='word_1_484' title='bbox 2555 3636 2720 3706; x_wconf 76' lang='grc' dir='ltr'>ἡμᾶς,</span> <span class='ocrx_word' id='word_1_485' title='bbox 2759 3635 2880 3687; x_wconf 75' lang='grc' dir='ltr'>ἀντὶ</span> <span class='ocrx_word' id='word_1_486' title='bbox 2907 3634 3006 3703; x_wconf 75' lang='grc' dir='ltr'>τῆς</span> <span class='ocrx_word' id='word_1_487' title='bbox 3030 3633 3311 3704; x_wconf 73' lang='grc' dir='ltr'>δημώδους</span> <span class='ocrx_word' id='word_1_488' title='bbox 3337 3635 3466 3703; x_wconf 74' lang='grc' dir='ltr'>περὶ</span> <span class='ocrx_word' id='word_1_489' title='bbox 3493 3635 3687 3686; x_wconf 79' lang='grc' dir='ltr'>αὐτῶν</span> 
     </span>
    </p>
   </div>
   <div class='ocr_carea' id='block_1_68' title="bbox 394 3721 1931 3798">
    <p class='ocr_par' dir='ltr' id='par_1_68' title="bbox 394 3721 1931 3795">
     <span class='ocr_line' id='line_1_68' title="bbox 394 3721 1931 3795; baseline -0.003 -16"><span class='ocrx_word' id='word_1_490' title='bbox 394 3732 494 3792; x_wconf 86' lang='lat' dir='ltr'><strong>tet,</strong></span> <span class='ocrx_word' id='word_1_491' title='bbox 525 3724 732 3780; x_wconf 87' lang='lat' dir='ltr'><strong>omissa</strong></span> <span class='ocrx_word' id='word_1_492' title='bbox 764 3722 1012 3795; x_wconf 89' lang='lat' dir='ltr'><strong>populari</strong></span> <span class='ocrx_word' id='word_1_493' title='bbox 1043 3721 1110 3776; x_wconf 89' lang='lat' dir='ltr'><strong>de</strong></span> <span class='ocrx_word' id='word_1_494' title='bbox 1143 3721 1231 3776; x_wconf 88' lang='lat' dir='ltr'><strong>his</strong></span> <span class='ocrx_word' id='word_1_495' title='bbox 1261 3721 1540 3790; x_wconf 87' lang='lat' dir='ltr'><strong>opinione,</strong></span> <span class='ocrx_word' id='word_1_496' title='bbox 1564 3721 1796 3790; x_wconf 88' lang='lat' dir='ltr'><strong>ipsamet</strong></span> <span class='ocrx_word' id='word_1_497' title='bbox 1821 3737 1931 3776; x_wconf 78' lang='lat' dir='ltr'><strong>sacl</strong></span> 
     </span>
    </p>
   </div>
   <div class='ocr_carea' id='block_1_69' title="bbox 2150 3721 3687 3798">
    <p class='ocr_par' dir='ltr' id='par_1_69' title="bbox 2150 3726 3687 3798">
     <span class='ocr_line' id='line_1_69' title="bbox 2150 3726 3687 3798; baseline 0.001 -19"><span class='ocrx_word' id='word_1_498' title='bbox 2150 3727 2425 3798; x_wconf 70' lang='grc' dir='ltr'>τολήψεως,</span> <span class='ocrx_word' id='word_1_499' title='bbox 2441 3726 2572 3779; x_wconf 81' lang='grc' dir='ltr'>εἴσω</span> <span class='ocrx_word' id='word_1_500' title='bbox 2593 3727 2700 3780; x_wconf 90' lang='grc' dir='ltr'><strong>τῶν</strong></span> <span class='ocrx_word' id='word_1_501' title='bbox 2728 3727 2886 3798; x_wconf 86' lang='grc' dir='ltr'>ἱερῶν</span> <span class='ocrx_word' id='word_1_502' title='bbox 2911 3728 2953 3758; x_wconf 68' lang='grc' dir='ltr'><strong>’δ’</strong></span> <span class='ocrx_word' id='word_1_503' title='bbox 2970 3727 3251 3796; x_wconf 80' lang='grc' dir='ltr'>συμϐόλων</span> <span class='ocrx_word' id='word_1_504' title='bbox 3271 3729 3624 3798; x_wconf 79' lang='grc' dir='ltr'>ἱεροπρεπῶς</span> <span class='ocrx_word' id='word_1_505' title='bbox 3643 3732 3687 3760; x_wconf 58' lang='grc'><strong>⁸³</strong></span> 
     </span>
    </p>
   </div>
   <div class='ocr_carea' id='block_1_70' title="bbox 394 3813 1931 3887">
    <p class='ocr_par' dir='ltr' id='par_1_70' title="bbox 394 3816 1927 3886">
     <span class='ocr_line' id='line_1_70' title="bbox 394 3816 1927 3886; baseline -0.004 -14"><span class='ocrx_word' id='word_1_506' title='bbox 394 3817 572 3886; x_wconf 85' lang='lat' dir='ltr'><strong>signa,</strong></span> <span class='ocrx_word' id='word_1_507' title='bbox 599 3832 782 3881; x_wconf 88' lang='lat' dir='ltr'><strong>sacra,</strong></span> <span class='ocrx_word' id='word_1_508' title='bbox 816 3817 891 3870; x_wconf 93' lang='lat' dir='ltr'><strong>uti</strong></span> <span class='ocrx_word' id='word_1_509' title='bbox 929 3831 1032 3885; x_wconf 92' lang='lat' dir='ltr'><strong>par</strong></span> <span class='ocrx_word' id='word_1_510' title='bbox 1065 3824 1171 3882; x_wconf 89' lang='lat' dir='ltr'><strong>est,</strong></span> <span class='ocrx_word' id='word_1_511' title='bbox 1221 3816 1434 3869; x_wconf 89' lang='lat' dir='ltr'><strong>ratione</strong></span> <span class='ocrx_word' id='word_1_512' title='bbox 1461 3825 1776 3884; x_wconf 89' lang='lat' dir='ltr'><strong>penetrare,</strong></span> <span class='ocrx_word' id='word_1_513' title='bbox 1807 3829 1927 3884; x_wconf 76' lang='lat' dir='ltr'><strong>neqt</strong></span> 
     </span>
    </p>
   </div>
   <div class='ocr_carea' id='block_1_71' title="bbox 2154 3813 3691 3887">
    <p class='ocr_par' dir='ltr' id='par_1_71' title="bbox 2154 3813 3691 3887">
     <span class='ocr_line' id='line_1_71' title="bbox 2154 3813 3691 3887; baseline -0.001 -18"><span class='ocrx_word' id='word_1_514' title='bbox 2154 3817 2417 3880; x_wconf 85' lang='grc' dir='ltr'>ιϐαίνειν,</span> <span class='ocrx_word' id='word_1_515' title='bbox 2462 3817 2557 3870; x_wconf 73' lang='grc' dir='ltr'>καὶ</span> <span class='ocrx_word' id='word_1_516' title='bbox 2613 3816 2744 3887; x_wconf 82' lang='grc' dir='ltr'>μηδὲ</span> <span class='ocrx_word' id='word_1_517' title='bbox 2798 3814 3089 3886; x_wconf 75' lang='grc' dir='ltr'>ἀτιμάζειν</span> <span class='ocrx_word' id='word_1_518' title='bbox 3137 3813 3314 3878; x_wconf 73' lang='grc' dir='ltr'>αὐτὰ,</span> <span class='ocrx_word' id='word_1_519' title='bbox 3357 3815 3470 3866; x_wconf 88' lang='grc' dir='ltr'><strong>τῶν</strong></span> <span class='ocrx_word' id='word_1_520' title='bbox 3519 3815 3691 3868; x_wconf 81' lang='grc' dir='ltr'>θείων</span> 
     </span>
    </p>
   </div>
   <div class='ocr_carea' id='block_1_72' title="bbox 393 3907 1930 3982">
    <p class='ocr_par' dir='ltr' id='par_1_72' title="bbox 393 3909 1930 3978">
     <span class='ocr_line' id='line_1_72' title="bbox 393 3909 1930 3978; baseline -0.004 -13"><span class='ocrx_word' id='word_1_521' title='bbox 393 3910 590 3965; x_wconf 87' lang='lat' dir='ltr'><strong>eadem</strong></span> <span class='ocrx_word' id='word_1_522' title='bbox 615 3910 973 3975; x_wconf 89' lang='lat' dir='ltr'><strong>inbonorare,</strong></span> <span class='ocrx_word' id='word_1_523' title='bbox 999 3926 1121 3965; x_wconf 90' lang='lat' dir='ltr'><strong>cum</strong></span> <span class='ocrx_word' id='word_1_524' title='bbox 1163 3909 1346 3964; x_wconf 82' lang='lat' dir='ltr'><strong>nativa</strong></span> <span class='ocrx_word' id='word_1_525' title='bbox 1375 3909 1486 3963; x_wconf 83' lang='lat' dir='ltr'><strong>sint</strong></span> <span class='ocrx_word' id='word_1_526' title='bbox 1515 3917 1570 3962; x_wconf 88' lang='lat' dir='ltr'><strong>et</strong></span> <span class='ocrx_word' id='word_1_527' title='bbox 1591 3924 1857 3978; x_wconf 77' lang='lat' dir='ltr'><strong>expressa</strong></span> <span class='ocrx_word' id='word_1_528' title='bbox 1894 3925 1930 3962; x_wconf 76' lang='lat' dir='ltr'><strong>I‘t</strong></span> 
     </span>
    </p>
   </div>
   <div class='ocr_carea' id='block_1_73' title="bbox 2154 3907 3691 3982">
    <p class='ocr_par' dir='ltr' id='par_1_73' title="bbox 2154 3907 3691 3982">
     <span class='ocr_line' id='line_1_73' title="bbox 2154 3907 3691 3982; baseline -0.001 -18"><span class='ocrx_word' id='word_1_529' title='bbox 2154 3929 2216 3964; x_wconf 86' lang='grc' dir='ltr'><strong>τα</strong></span> <span class='ocrx_word' id='word_1_530' title='bbox 2250 3913 2616 3982; x_wconf 76' lang='grc' dir='ltr'>χαρακτήρων</span> <span class='ocrx_word' id='word_1_531' title='bbox 2659 3909 2858 3978; x_wconf 83' lang='grc' dir='ltr'>ἔκγονα</span> <span class='ocrx_word' id='word_1_532' title='bbox 2892 3911 2937 3941; x_wconf 66' lang='grc'><strong>⁸⁸</strong></span> <span class='ocrx_word' id='word_1_533' title='bbox 2978 3910 3072 3963; x_wconf 73' lang='grc' dir='ltr'>καὶ</span> <span class='ocrx_word' id='word_1_534' title='bbox 3111 3907 3557 3978; x_wconf 80' lang='grc' dir='ltr'>ἁποτυπώματα,</span> <span class='ocrx_word' id='word_1_535' title='bbox 3594 3913 3691 3963; x_wconf 73' lang='grc' dir='ltr'><strong>καὶ</strong></span> 
     </span>
    </p>
   </div>
   <div class='ocr_carea' id='block_1_74' title="bbox 395 4001 1932 4075">
    <p class='ocr_par' dir='ltr' id='par_1_74' title="bbox 395 4001 1932 4072">
     <span class='ocr_line' id='line_1_74' title="bbox 395 4001 1932 4072; baseline -0.002 -17"><span class='ocrx_word' id='word_1_536' title='bbox 395 4016 518 4055; x_wconf 86' lang='lat' dir='ltr'><strong>rum</strong></span> <span class='ocrx_word' id='word_1_537' title='bbox 547 4001 860 4056; x_wconf 88' lang='lat' dir='ltr'><strong>divinarum</strong></span> <span class='ocrx_word' id='word_1_538' title='bbox 889 4002 1205 4068; x_wconf 85' lang='lat' dir='ltr'><strong>simulacra,</strong></span> <span class='ocrx_word' id='word_1_539' title='bbox 1232 4016 1335 4056; x_wconf 91' lang='lat' dir='ltr'><strong>nec</strong></span> <span class='ocrx_word' id='word_1_540' title='bbox 1386 4016 1492 4056; x_wconf 91' lang='lat' dir='ltr'><strong>non</strong></span> <span class='ocrx_word' id='word_1_541' title='bbox 1542 4001 1808 4072; x_wconf 82' lang='lat' dir='ltr'><strong>imagines</strong></span> <span class='ocrx_word' id='word_1_542' title='bbox 1853 4015 1932 4069; x_wconf 80' lang='lat' dir='ltr'><strong>pel</strong></span> 
     </span>
    </p>
   </div>
   <div class='ocr_carea' id='block_1_75' title="bbox 2154 4001 3691 4075">
    <p class='ocr_par' dir='ltr' id='par_1_75' title="bbox 2154 4001 3691 4075">
     <span class='ocr_line' id='line_1_75' title="bbox 2154 4001 3691 4075; baseline -0.003 -17"><span class='ocrx_word' id='word_1_543' title='bbox 2154 4005 2303 4067; x_wconf 78' lang='grc' dir='ltr'>ιόνας</span> <span class='ocrx_word' id='word_1_544' title='bbox 2326 4007 2591 4075; x_wconf 71' lang='grc' dir='ltr'>ἐμφανεῖς</span> <span class='ocrx_word' id='word_1_545' title='bbox 2619 4004 2726 4056; x_wconf 89' lang='grc' dir='ltr'><strong>τῶν</strong></span> <span class='ocrx_word' id='word_1_546' title='bbox 2749 4004 3079 4074; x_wconf 74' lang='grc' dir='ltr'>ἀπορρήτων</span> <span class='ocrx_word' id='word_1_547' title='bbox 3111 4003 3202 4054; x_wconf 77' lang='grc' dir='ltr'>καὶ</span> <span class='ocrx_word' id='word_1_548' title='bbox 3235 4001 3534 4072; x_wconf 61' lang='grc' dir='ltr'>ὑπερφυῶν</span> <span class='ocrx_word' id='word_1_549' title='bbox 3570 4001 3691 4054; x_wconf 86' lang='grc' dir='ltr'>θεα-</span> 
     </span>
    </p>
   </div>
   <div class='ocr_carea' id='block_1_76' title="bbox 397 4090 1934 4166">
    <p class='ocr_par' dir='ltr' id='par_1_76' title="bbox 397 4090 1934 4162">
     <span class='ocr_line' id='line_1_76' title="bbox 397 4090 1934 4162; baseline -0.003 -16"><span class='ocrx_word' id='word_1_550' title='bbox 397 4091 603 4162; x_wconf 61' lang='lat' dir='ltr'><strong>spicum</strong></span> <span class='ocrx_word' id='word_1_551' title='bbox 629 4106 959 4146; x_wconf 90' lang='lat' dir='ltr'><strong>arcanorum</strong></span> <span class='ocrx_word' id='word_1_552' title='bbox 989 4101 1044 4146; x_wconf 90' lang='lat' dir='ltr'><strong>ct</strong></span> <span class='ocrx_word' id='word_1_553' title='bbox 1085 4092 1593 4162; x_wconf 88' lang='lat' dir='ltr'><strong>supranaturalium</strong></span> <span class='ocrx_word' id='word_1_554' title='bbox 1640 4090 1934 4161; x_wconf 62' lang='lat' dir='ltr'><strong>spectaculi</strong></span> 
     </span>
    </p>
   </div>
   <div class='ocr_carea' id='block_1_77' title="bbox 2155 4090 3692 4166">
    <p class='ocr_par' dir='ltr' id='par_1_77' title="bbox 2155 4091 3692 4166">
     <span class='ocr_line' id='line_1_77' title="bbox 2155 4091 3692 4166; baseline -0.003 -18"><span class='ocrx_word' id='word_1_555' title='bbox 2155 4099 2298 4151; x_wconf 86' lang='grc' dir='ltr'>ιτων.</span> <span class='ocrx_word' id='word_1_556' title='bbox 2330 4095 2440 4148; x_wconf 89' lang='lat' dir='ltr'><strong>Kal</strong></span> <span class='ocrx_word' id='word_1_557' title='bbox 2464 4096 2574 4166; x_wconf 83' lang='grc' dir='ltr'><strong>γὰρ</strong></span> <span class='ocrx_word' id='word_1_558' title='bbox 2601 4095 2659 4147; x_wconf 77' lang='grc' dir='ltr'><strong>οὺ</strong></span> <span class='ocrx_word' id='word_1_559' title='bbox 2697 4094 2856 4165; x_wconf 82' lang='grc' dir='ltr'>μόνον</span> <span class='ocrx_word' id='word_1_560' title='bbox 2888 4095 2931 4125; x_wconf 66' lang='grc'>⁸⁵</span> <span class='ocrx_word' id='word_1_561' title='bbox 2956 4093 3022 4146; x_wconf 73' lang='grc' dir='ltr'>τὰ</span> <span class='ocrx_word' id='word_1_562' title='bbox 3055 4091 3358 4164; x_wconf 77' lang='grc' dir='ltr'>ὑπεροῦσια</span> <span class='ocrx_word' id='word_1_563' title='bbox 3386 4091 3568 4160; x_wconf 75' lang='grc' dir='ltr'>φῶτα,</span> <span class='ocrx_word' id='word_1_564' title='bbox 3595 4094 3692 4144; x_wconf 75' lang='grc' dir='ltr'>καὶ</span> 
     </span>
    </p>
   </div>
   <div class='ocr_carea' id='block_1_78' title="bbox 399 4184 1936 4260">
    <p class='ocr_par' dir='ltr' id='par_1_78' title="bbox 399 4184 1936 4256">
     <span class='ocr_line' id='line_1_78' title="bbox 399 4184 1936 4256; baseline 0.001 -18"><span class='ocrx_word' id='word_1_565' title='bbox 399 4201 545 4244; x_wconf 82' lang='grc' dir='ltr'>ιἰιιη.</span> <span class='ocrx_word' id='word_1_566' title='bbox 574 4185 789 4242; x_wconf 86' lang='lat' dir='ltr'><strong>Etenim</strong></span> <span class='ocrx_word' id='word_1_567' title='bbox 827 4201 932 4238; x_wconf 93' lang='lat' dir='ltr'><strong>non</strong></span> <span class='ocrx_word' id='word_1_568' title='bbox 975 4185 1152 4240; x_wconf 88' lang='lat' dir='ltr'><strong>solum</strong></span> <span class='ocrx_word' id='word_1_569' title='bbox 1180 4184 1762 4256; x_wconf 89' lang='lat' dir='ltr'><strong>suprasubstantialia,</strong></span> <span class='ocrx_word' id='word_1_570' title='bbox 1794 4194 1849 4239; x_wconf 92' lang='lat' dir='ltr'><strong>et</strong></span> <span class='ocrx_word' id='word_1_571' title='bbox 1895 4186 1936 4240; x_wconf 85' lang='lat' dir='ltr'><strong>ir</strong></span> 
     </span>
    </p>
   </div>
   <div class='ocr_carea' id='block_1_79' title="bbox 2152 4184 3689 4260">
    <p class='ocr_par' dir='ltr' id='par_1_79' title="bbox 2152 4185 3689 4260">
     <span class='ocr_line' id='line_1_79' title="bbox 2152 4185 3689 4260; baseline -0.005 -16"><span class='ocrx_word' id='word_1_572' title='bbox 2152 4191 2373 4260; x_wconf 76' lang='grc' dir='ltr'>ῑνοητὰ,</span> <span class='ocrx_word' id='word_1_573' title='bbox 2413 4190 2506 4243; x_wconf 76' lang='grc' dir='ltr'>καὶ</span> <span class='ocrx_word' id='word_1_574' title='bbox 2555 4187 2740 4251; x_wconf 87' lang='grc' dir='ltr'>ἁπλῶς</span> <span class='ocrx_word' id='word_1_575' title='bbox 2782 4187 2850 4240; x_wconf 77' lang='grc' dir='ltr'><strong>τὰ</strong></span> <span class='ocrx_word' id='word_1_576' title='bbox 2891 4186 3012 4240; x_wconf 90' lang='grc' dir='ltr'>θεῖα</span> <span class='ocrx_word' id='word_1_577' title='bbox 3053 4189 3165 4250; x_wconf 87' lang='grc' dir='ltr'>τοῖς</span> <span class='ocrx_word' id='word_1_578' title='bbox 3199 4188 3529 4248; x_wconf 85' lang='grc' dir='ltr'>τυπωτικοῖς</span> <span class='ocrx_word' id='word_1_579' title='bbox 3571 4185 3689 4237; x_wconf 79' lang='grc' dir='ltr'>δια-</span> 
     </span>
    </p>
   </div>
   <div class='ocr_carea' id='block_1_80' title="bbox 398 4276 1935 4353">
    <p class='ocr_par' dir='ltr' id='par_1_80' title="bbox 398 4276 1935 4350">
     <span class='ocr_line' id='line_1_80' title="bbox 398 4276 1935 4350; baseline 0 -17"><span class='ocrx_word' id='word_1_580' title='bbox 398 4279 706 4341; x_wconf 88' lang='lat' dir='ltr'><strong>tellectilia.</strong></span> <span class='ocrx_word' id='word_1_581' title='bbox 731 4287 786 4333; x_wconf 90' lang='lat' dir='ltr'><strong>et</strong></span> <span class='ocrx_word' id='word_1_582' title='bbox 807 4276 1136 4347; x_wconf 88' lang='lat' dir='ltr'><strong>simpliciter</strong></span> <span class='ocrx_word' id='word_1_583' title='bbox 1168 4278 1351 4332; x_wconf 88' lang='lat' dir='ltr'><strong>divina</strong></span> <span class='ocrx_word' id='word_1_584' title='bbox 1381 4278 1585 4332; x_wconf 89' lang='lat' dir='ltr'><strong>lumina</strong></span> <span class='ocrx_word' id='word_1_585' title='bbox 1632 4278 1892 4350; x_wconf 88' lang='lat' dir='ltr'><strong>symbolis</strong></span> <span class='ocrx_word' id='word_1_586' title='bbox 1919 4279 1935 4332; x_wconf 79' lang='grc' dir='ltr'><strong>Ι</strong></span> 
     </span>
    </p>
   </div>
   <div class='ocr_carea' id='block_1_81' title="bbox 2152 4276 3689 4353">
    <p class='ocr_par' dir='ltr' id='par_1_81' title="bbox 2152 4278 3689 4353">
     <span class='ocr_line' id='line_1_81' title="bbox 2152 4278 3689 4353; baseline -0.006 -15"><span class='ocrx_word' id='word_1_587' title='bbox 2152 4285 2425 4338; x_wconf 62' lang='grc' dir='ltr'>νικίλλεται</span> <span class='ocrx_word' id='word_1_588' title='bbox 2458 4282 2765 4353; x_wconf 80' lang='grc' dir='ltr'>συμϐόλοις,</span> <span class='ocrx_word' id='word_1_589' title='bbox 2795 4281 2870 4344; x_wconf 83' lang='grc' dir='ltr'>ὡς</span> <span class='ocrx_word' id='word_1_590' title='bbox 2901 4281 3010 4351; x_wconf 89' lang='grc' dir='ltr'><strong>πῦρ</strong></span> <span class='ocrx_word' id='word_1_591' title='bbox 3032 4284 3060 4333; x_wconf 87' lang='grc' dir='ltr'>ὁ</span> <span class='ocrx_word' id='word_1_592' title='bbox 3088 4280 3412 4351; x_wconf 79' lang='grc' dir='ltr'>ὑπερούσιος</span> <span class='ocrx_word' id='word_1_593' title='bbox 3439 4279 3578 4341; x_wconf 72' lang='grc' dir='ltr'>Θεὸς</span> <span class='ocrx_word' id='word_1_594' title='bbox 3603 4278 3689 4330; x_wconf 86' lang='grc' dir='ltr'>λε-</span> 
     </span>
    </p>
   </div>
   <div class='ocr_carea' id='block_1_82' title="bbox 399 4371 1936 4447">
    <p class='ocr_par' dir='ltr' id='par_1_82' title="bbox 399 4373 1936 4444">
     <span class='ocr_line' id='line_1_82' title="bbox 399 4373 1936 4444; baseline 0 -16"><span class='ocrx_word' id='word_1_595' title='bbox 399 4375 606 4443; x_wconf 80' lang='lat' dir='ltr'><strong>guratis</strong></span> <span class='ocrx_word' id='word_1_596' title='bbox 627 4373 997 4442; x_wconf 81' lang='lat' dir='ltr'><strong>variegantur,</strong></span> <span class='ocrx_word' id='word_1_597' title='bbox 1025 4381 1084 4427; x_wconf 89' lang='lat' dir='ltr'><strong>ttt</strong></span> <span class='ocrx_word' id='word_1_598' title='bbox 1109 4387 1233 4427; x_wconf 91' lang='lat' dir='ltr'><strong>cum</strong></span> <span class='ocrx_word' id='word_1_599' title='bbox 1265 4373 1810 4444; x_wconf 85' lang='lat' dir='ltr'><strong>suprasubstantialis</strong></span> <span class='ocrx_word' id='word_1_600' title='bbox 1842 4375 1936 4429; x_wconf 90' lang='lat' dir='ltr'><strong>Det</strong></span> 
     </span>
    </p>
   </div>
   <div class='ocr_carea' id='block_1_83' title="bbox 2146 4371 3683 4447">
    <p class='ocr_par' dir='ltr' id='par_1_83' title="bbox 2146 4371 3683 4447">
     <span class='ocr_line' id='line_1_83' title="bbox 2146 4371 3683 4447; baseline -0.005 -19"><span class='ocrx_word' id='word_1_601' title='bbox 2146 4377 2343 4447; x_wconf 73' lang='grc' dir='ltr'>ἱμενος,</span> <span class='ocrx_word' id='word_1_602' title='bbox 2383 4377 2476 4428; x_wconf 74' lang='grc' dir='ltr'>καὶ</span> <span class='ocrx_word' id='word_1_603' title='bbox 2503 4375 2570 4428; x_wconf 83' lang='grc' dir='ltr'>τὰ</span> <span class='ocrx_word' id='word_1_604' title='bbox 2602 4373 2770 4446; x_wconf 77' lang='grc' dir='ltr'>νοητὰ</span> <span class='ocrx_word' id='word_1_605' title='bbox 2801 4373 2895 4426; x_wconf 80' lang='grc' dir='ltr'><strong>τοῦ</strong></span> <span class='ocrx_word' id='word_1_606' title='bbox 2919 4372 3054 4425; x_wconf 85' lang='grc' dir='ltr'>Θεοῦ</span> <span class='ocrx_word' id='word_1_607' title='bbox 3082 4372 3236 4437; x_wconf 73' lang='grc' dir='ltr'>λόγια</span> <span class='ocrx_word' id='word_1_608' title='bbox 3263 4371 3646 4440; x_wconf 76' lang='grc' dir='ltr'>πεπυρωμένα</span> <span class='ocrx_word' id='word_1_609' title='bbox 3671 4388 3683 4400; x_wconf 93' lang='grc'><strong>·</strong></span> 
     </span>
    </p>
   </div>
   <div class='ocr_carea' id='block_1_84' title="bbox 398 4463 1935 4538">
    <p class='ocr_par' dir='ltr' id='par_1_84' title="bbox 398 4467 1935 4538">
     <span class='ocr_line' id='line_1_84' title="bbox 398 4467 1935 4538; baseline 0 -16"><span class='ocrx_word' id='word_1_610' title='bbox 398 4467 542 4538; x_wconf 80' lang='lat' dir='ltr'><strong>ignis</strong></span> <span class='ocrx_word' id='word_1_611' title='bbox 571 4467 774 4522; x_wconf 90' lang='lat' dir='ltr'><strong>dicitur</strong></span> <span class='ocrx_word' id='word_1_612' title='bbox 797 4475 848 4533; x_wconf 74' lang='grc'><strong>³³,</strong></span> <span class='ocrx_word' id='word_1_613' title='bbox 883 4477 939 4523; x_wconf 86' lang='lat' dir='ltr'><strong>et</strong></span> <span class='ocrx_word' id='word_1_614' title='bbox 963 4482 1084 4537; x_wconf 61' lang='lat' dir='ltr'><strong>qua:</strong></span> <span class='ocrx_word' id='word_1_615' title='bbox 1119 4467 1402 4523; x_wconf 89' lang='lat' dir='ltr'><strong>intellectu</strong></span> <span class='ocrx_word' id='word_1_616' title='bbox 1433 4469 1818 4538; x_wconf 88' lang='lat' dir='ltr'><strong>percipiuntur</strong></span> <span class='ocrx_word' id='word_1_617' title='bbox 1864 4470 1935 4523; x_wconf 80' lang='grc' dir='ltr'><strong>ΕΙι</strong></span> 
     </span>
    </p>
   </div>
   <div class='ocr_carea' id='block_1_85' title="bbox 2152 4463 3689 4538">
    <p class='ocr_par' dir='ltr' id='par_1_85' title="bbox 2152 4463 3689 4534">
     <span class='ocr_line' id='line_1_85' title="bbox 2152 4463 3689 4534; baseline -0.003 -14"><span class='ocrx_word' id='word_1_618' title='bbox 2152 4468 2318 4520; x_wconf 76' lang='grc' dir='ltr'>&gt;οσέτι</span> <span class='ocrx_word' id='word_1_619' title='bbox 2348 4467 2404 4520; x_wconf 83' lang='grc' dir='ltr'>δὲ</span> <span class='ocrx_word' id='word_1_620' title='bbox 2428 4467 2523 4520; x_wconf 69' lang='grc' dir='ltr'>καὶ</span> <span class='ocrx_word' id='word_1_621' title='bbox 2554 4465 2662 4518; x_wconf 87' lang='grc' dir='ltr'><strong>τῶν</strong></span> <span class='ocrx_word' id='word_1_622' title='bbox 2692 4463 2898 4533; x_wconf 82' lang='grc' dir='ltr'>νοητῶν</span> <span class='ocrx_word' id='word_1_623' title='bbox 2932 4465 3048 4534; x_wconf 75' lang='grc' dir='ltr'>ἅμα</span> <span class='ocrx_word' id='word_1_624' title='bbox 3078 4464 3173 4516; x_wconf 75' lang='grc' dir='ltr'>καὶ</span> <span class='ocrx_word' id='word_1_625' title='bbox 3193 4463 3392 4534; x_wconf 85' lang='grc' dir='ltr'>νοερῶν</span> <span class='ocrx_word' id='word_1_626' title='bbox 3434 4463 3689 4530; x_wconf 72' lang='grc' dir='ltr'>ἀγγέλων</span> 
     </span>
    </p>
   </div>
   <div class='ocr_carea' id='block_1_86' title="bbox 399 4553 1936 4632">
    <p class='ocr_par' dir='ltr' id='par_1_86' title="bbox 399 4560 1936 4632">
     <span class='ocr_line' id='line_1_86' title="bbox 399 4560 1936 4632; baseline 0.001 -17"><span class='ocrx_word' id='word_1_627' title='bbox 399 4561 528 4630; x_wconf 83' lang='lat' dir='ltr'><strong>quia</strong></span> <span class='ocrx_word' id='word_1_628' title='bbox 559 4560 654 4614; x_wconf 91' lang='lat' dir='ltr'><strong>Dei</strong></span> <span class='ocrx_word' id='word_1_629' title='bbox 685 4561 842 4632; x_wconf 87' lang='lat' dir='ltr'><strong>ignea</strong></span> <span class='ocrx_word' id='word_1_630' title='bbox 869 4567 923 4627; x_wconf 86' lang='grc' dir='ltr'>ο,</span> <span class='ocrx_word' id='word_1_631' title='bbox 957 4561 1051 4615; x_wconf 89' lang='lat' dir='ltr'><strong>sed</strong></span> <span class='ocrx_word' id='word_1_632' title='bbox 1084 4571 1348 4630; x_wconf 70' lang='lat' dir='ltr'><strong>praeterea</strong></span> <span class='ocrx_word' id='word_1_633' title='bbox 1373 4563 1539 4616; x_wconf 90' lang='lat' dir='ltr'><strong>etiam</strong></span> <span class='ocrx_word' id='word_1_634' title='bbox 1572 4562 1740 4616; x_wconf 88' lang='lat' dir='ltr'><strong>divini</strong></span> <span class='ocrx_word' id='word_1_635' title='bbox 1763 4564 1936 4617; x_wconf 85' lang='lat' dir='ltr'><strong>ordim</strong></span> 
     </span>
    </p>
   </div>
   <div class='ocr_carea' id='block_1_87' title="bbox 2150 4553 3687 4632">
    <p class='ocr_par' dir='ltr' id='par_1_87' title="bbox 2167 4553 3687 4627">
     <span class='ocr_line' id='line_1_87' title="bbox 2167 4553 3687 4627; baseline -0.004 -15"><span class='ocrx_word' id='word_1_636' title='bbox 2167 4557 2419 4621; x_wconf 85' lang='grc' dir='ltr'>θεοειδεῖς</span> <span class='ocrx_word' id='word_1_637' title='bbox 2447 4558 2732 4627; x_wconf 85' lang='grc' dir='ltr'>διάκοσμοι</span> <span class='ocrx_word' id='word_1_638' title='bbox 2760 4555 3033 4618; x_wconf 86' lang='grc' dir='ltr'>ποικίλαις</span> <span class='ocrx_word' id='word_1_639' title='bbox 3077 4557 3311 4626; x_wconf 69' lang='grc' dir='ltr'>μορφαῖς</span> <span class='ocrx_word' id='word_1_640' title='bbox 3348 4553 3687 4626; x_wconf 54' lang='grc' dir='ltr'>διαγράφον-</span> 
     </span>
    </p>
   </div>
   <div class='ocr_carea' id='block_1_88' title="bbox 401 4648 1938 4723">
    <p class='ocr_par' dir='ltr' id='par_1_88' title="bbox 401 4651 1938 4723">
     <span class='ocr_line' id='line_1_88' title="bbox 401 4651 1938 4723; baseline 0.003 -20"><span class='ocrx_word' id='word_1_641' title='bbox 401 4651 740 4720; x_wconf 86' lang='lat' dir='ltr'><strong>angelorum,</strong></span> <span class='ocrx_word' id='word_1_642' title='bbox 781 4651 872 4721; x_wconf 91' lang='lat' dir='ltr'><strong>qui</strong></span> <span class='ocrx_word' id='word_1_643' title='bbox 899 4651 1061 4708; x_wconf 93' lang='lat' dir='ltr'><strong>simul</strong></span> <span class='ocrx_word' id='word_1_644' title='bbox 1078 4663 1205 4706; x_wconf 90' lang='lat' dir='ltr'><strong>sunt</strong></span> <span class='ocrx_word' id='word_1_645' title='bbox 1229 4652 1572 4708; x_wconf 85' lang='lat' dir='ltr'><strong>iutellectiles</strong></span> <span class='ocrx_word' id='word_1_646' title='bbox 1589 4662 1644 4708; x_wconf 89' lang='lat' dir='ltr'><strong>et</strong></span> <span class='ocrx_word' id='word_1_647' title='bbox 1669 4654 1938 4723; x_wconf 82' lang='lat' dir='ltr'><strong>intelligen</strong></span> 
     </span>
    </p>
   </div>
   <div class='ocr_carea' id='block_1_89' title="bbox 2153 4648 3690 4723">
    <p class='ocr_par' dir='ltr' id='par_1_89' title="bbox 2153 4648 3690 4719">
     <span class='ocr_line' id='line_1_89' title="bbox 2153 4648 3690 4719; baseline -0.004 -14"><span class='ocrx_word' id='word_1_648' title='bbox 2153 4671 2181 4705; x_wconf 70' lang='grc' dir='ltr'>ιι</span> <span class='ocrx_word' id='word_1_649' title='bbox 2207 4654 2301 4706; x_wconf 74' lang='grc' dir='ltr'>καὶ</span> <span class='ocrx_word' id='word_1_650' title='bbox 2327 4651 2649 4712; x_wconf 81' lang='grc' dir='ltr'>πολυειδέσι,</span> <span class='ocrx_word' id='word_1_651' title='bbox 2681 4650 2775 4702; x_wconf 71' lang='grc' dir='ltr'>καὶ</span> <span class='ocrx_word' id='word_1_652' title='bbox 2814 4649 3101 4719; x_wconf 85' lang='grc' dir='ltr'>ὲμπυρίοις</span> <span class='ocrx_word' id='word_1_653' title='bbox 3132 4651 3556 4718; x_wconf 82' lang='grc' dir='ltr'>σχηματισμοῖς.</span> <span class='ocrx_word' id='word_1_654' title='bbox 3577 4648 3690 4701; x_wconf 77' lang='grc' dir='ltr'><strong>Καὶ</strong></span> 
     </span>
    </p>
   </div>
   <div class='ocr_carea' id='block_1_90' title="bbox 403 4725 1940 4818">
    <p class='ocr_par' dir='ltr' id='par_1_90' title="bbox 403 4725 1940 4818">
     <span class='ocr_line' id='line_1_90' title="bbox 403 4725 1940 4818; baseline 0.002 -19"><span class='ocrx_word' id='word_1_655' title='bbox 403 4746 698 4808; x_wconf 83' lang='lat' dir='ltr'><strong>tes,variis</strong></span> <span class='ocrx_word' id='word_1_656' title='bbox 728 4744 919 4800; x_wconf 79' lang='lat' dir='ltr'><strong>formis</strong></span> <span class='ocrx_word' id='word_1_657' title='bbox 943 4761 1007 4800; x_wconf 91' lang='lat' dir='ltr'><strong>ac</strong></span> <span class='ocrx_word' id='word_1_658' title='bbox 1035 4745 1330 4816; x_wconf 90' lang='lat' dir='ltr'><strong>multiplici</strong></span> <span class='ocrx_word' id='word_1_659' title='bbox 1365 4725 1583 4816; x_wconf 66' lang='lat' dir='ltr'><strong>specie,</strong></span> <span class='ocrx_word' id='word_1_660' title='bbox 1607 4757 1662 4802; x_wconf 90' lang='lat' dir='ltr'><strong>et</strong></span> <span class='ocrx_word' id='word_1_661' title='bbox 1710 4748 1885 4818; x_wconf 84' lang='lat' dir='ltr'><strong>igneis</strong></span> <span class='ocrx_word' id='word_1_662' title='bbox 1925 4752 1940 4802; x_wconf 82' lang='grc' dir='ltr'><strong>Ι</strong></span> 
     </span>
    </p>
   </div>
   <div class='ocr_carea' id='block_1_91' title="bbox 2152 4725 3689 4818">
    <p class='ocr_par' dir='ltr' id='par_1_91' title="bbox 2152 4738 3689 4811">
     <span class='ocr_line' id='line_1_91' title="bbox 2152 4738 3689 4811; baseline -0.001 -18"><span class='ocrx_word' id='word_1_663' title='bbox 2152 4740 2269 4804; x_wconf 65' lang='grc' dir='ltr'>ιλως</span> <span class='ocrx_word' id='word_1_664' title='bbox 2304 4740 2402 4811; x_wconf 77' lang='grc' dir='ltr'>τὴν</span> <span class='ocrx_word' id='word_1_665' title='bbox 2442 4741 2610 4811; x_wconf 76' lang='grc' dir='ltr'>αὐτὴν</span> <span class='ocrx_word' id='word_1_666' title='bbox 2651 4738 2746 4792; x_wconf 81' lang='grc' dir='ltr'><strong>τοῦ</strong></span> <span class='ocrx_word' id='word_1_667' title='bbox 2791 4739 2961 4810; x_wconf 78' lang='grc' dir='ltr'>πυρὸς</span> <span class='ocrx_word' id='word_1_668' title='bbox 3000 4739 3182 4792; x_wconf 79' lang='grc' dir='ltr'>εἰκόνα</span> <span class='ocrx_word' id='word_1_669' title='bbox 3220 4738 3359 4791; x_wconf 78' lang='grc' dir='ltr'>κατὰ</span> <span class='ocrx_word' id='word_1_670' title='bbox 3397 4738 3495 4790; x_wconf 82' lang='grc' dir='ltr'><strong>τοῦ</strong></span> <span class='ocrx_word' id='word_1_671' title='bbox 3545 4741 3689 4810; x_wconf 79' lang='grc' dir='ltr'>ὑπὲρ</span> 
     </span>
    </p>
   </div>
   <div class='ocr_carea' id='block_1_92' title="bbox 401 4829 1938 4911">
    <p class='ocr_par' dir='ltr' id='par_1_92' title="bbox 401 4838 1938 4911">
     <span class='ocr_line' id='line_1_92' title="bbox 401 4838 1938 4911; baseline 0.002 -20"><span class='ocrx_word' id='word_1_672' title='bbox 401 4839 557 4908; x_wconf 86' lang='lat' dir='ltr'><strong>guris</strong></span> <span class='ocrx_word' id='word_1_673' title='bbox 607 4838 992 4909; x_wconf 88' lang='lat' dir='ltr'><strong>depinguntur.</strong></span> <span class='ocrx_word' id='word_1_674' title='bbox 1047 4839 1334 4910; x_wconf 90' lang='lat' dir='ltr'><strong>Aliterque</strong></span> <span class='ocrx_word' id='word_1_675' title='bbox 1381 4841 1630 4894; x_wconf 90' lang='lat' dir='ltr'><strong>eamdem</strong></span> <span class='ocrx_word' id='word_1_676' title='bbox 1692 4841 1938 4911; x_wconf 53' lang='lat' dir='ltr'><strong>imagiuel</strong></span> 
     </span>
    </p>
   </div>
   <div class='ocr_carea' id='block_1_93' title="bbox 2152 4829 3689 4911">
    <p class='ocr_par' dir='ltr' id='par_1_93' title="bbox 2152 4829 3689 4905">
     <span class='ocr_line' id='line_1_93' title="bbox 2152 4829 3689 4905; baseline 0.001 -20"><span class='ocrx_word' id='word_1_677' title='bbox 2152 4850 2278 4905; x_wconf 80' lang='grc' dir='ltr'>ιησιν</span> <span class='ocrx_word' id='word_1_678' title='bbox 2322 4834 2368 4865; x_wconf 67' lang='grc'><strong>⁸⁸</strong></span> <span class='ocrx_word' id='word_1_679' title='bbox 2400 4832 2534 4885; x_wconf 80' lang='grc' dir='ltr'>Θεοῦ</span> <span class='ocrx_word' id='word_1_680' title='bbox 2584 4830 2883 4901; x_wconf 80' lang='grc' dir='ltr'>λεγομένην</span> <span class='ocrx_word' id='word_1_681' title='bbox 2916 4830 3196 4884; x_wconf 81' lang='grc' dir='ltr'>ἐκλαϐεῖν·</span> <span class='ocrx_word' id='word_1_682' title='bbox 3230 4829 3403 4894; x_wconf 84' lang='grc' dir='ltr'>ἄλλως</span> <span class='ocrx_word' id='word_1_683' title='bbox 3443 4831 3500 4884; x_wconf 73' lang='grc' dir='ltr'><strong>δὲ</strong></span> <span class='ocrx_word' id='word_1_684' title='bbox 3545 4835 3689 4887; x_wconf 73' lang='grc' dir='ltr'>κατὰ</span> 
     </span>
    </p>
   </div>
   <div class='ocr_carea' id='block_1_94' title="bbox 404 4924 1941 5002">
    <p class='ocr_par' dir='ltr' id='par_1_94' title="bbox 404 4927 1941 5002">
     <span class='ocr_line' id='line_1_94' title="bbox 404 4927 1941 5002; baseline 0.002 -18"><span class='ocrx_word' id='word_1_685' title='bbox 404 4927 545 5002; x_wconf 88' lang='lat' dir='ltr'><strong>ignis</strong></span> <span class='ocrx_word' id='word_1_686' title='bbox 572 4931 825 4999; x_wconf 89' lang='lat' dir='ltr'><strong>accipere</strong></span> <span class='ocrx_word' id='word_1_687' title='bbox 849 4941 1088 5001; x_wconf 88' lang='lat' dir='ltr'><strong>oportet,</strong></span> <span class='ocrx_word' id='word_1_688' title='bbox 1135 4947 1259 4987; x_wconf 89' lang='lat' dir='ltr'><strong>cum</strong></span> <span class='ocrx_word' id='word_1_689' title='bbox 1293 4933 1360 4987; x_wconf 92' lang='lat' dir='ltr'><strong>de</strong></span> <span class='ocrx_word' id='word_1_690' title='bbox 1385 4931 1498 4985; x_wconf 89' lang='lat' dir='ltr'><strong>Deo</strong></span> <span class='ocrx_word' id='word_1_691' title='bbox 1536 4932 1744 4987; x_wconf 88' lang='lat' dir='ltr'><strong>dicitur</strong></span> <span class='ocrx_word' id='word_1_692' title='bbox 1767 4935 1857 5001; x_wconf 83' lang='lat' dir='ltr'><strong>qui</strong></span> <span class='ocrx_word' id='word_1_693' title='bbox 1900 4935 1941 4987; x_wconf 87' lang='lat' dir='ltr'><strong>ir</strong></span> 
     </span>
    </p>
   </div>
   <div class='ocr_carea' id='block_1_95' title="bbox 2153 4924 3690 5002">
    <p class='ocr_par' dir='ltr' id='par_1_95' title="bbox 2153 4924 3690 4999">
     <span class='ocr_line' id='line_1_95' title="bbox 2153 4924 3690 4999; baseline -0.001 -17"><span class='ocrx_word' id='word_1_694' title='bbox 2153 4930 2205 4982; x_wconf 74' lang='grc' dir='ltr'>ὺν</span> <span class='ocrx_word' id='word_1_695' title='bbox 2233 4928 2439 4999; x_wconf 84' lang='grc' dir='ltr'>νοητῶν</span> <span class='ocrx_word' id='word_1_696' title='bbox 2476 4929 2518 4958; x_wconf 67' lang='grc'><strong>⁵⁷</strong></span> <span class='ocrx_word' id='word_1_697' title='bbox 2559 4925 2722 4980; x_wconf 75' lang='grc' dir='ltr'>αὐτοῦ</span> <span class='ocrx_word' id='word_1_698' title='bbox 2765 4925 3090 4997; x_wconf 86' lang='grc' dir='ltr'>προνοιῶνῆ</span> <span class='ocrx_word' id='word_1_699' title='bbox 3122 4924 3327 4992; x_wconf 79' lang='grc' dir='ltr'><strong>λόγων⁸</strong></span> <span class='ocrx_word' id='word_1_700' title='bbox 3378 4928 3476 4979; x_wconf 75' lang='grc' dir='ltr'>καὶ</span> <span class='ocrx_word' id='word_1_701' title='bbox 3511 4927 3690 4991; x_wconf 81' lang='grc' dir='ltr'>ἄλλως</span> 
     </span>
    </p>
   </div>
   <div class='ocr_carea' id='block_1_96' title="bbox 406 5019 1943 5096">
    <p class='ocr_par' dir='ltr' id='par_1_96' title="bbox 406 5023 1934 5096">
     <span class='ocr_line' id='line_1_96' title="bbox 406 5023 1934 5096; baseline 0.001 -18"><span class='ocrx_word' id='word_1_702' title='bbox 406 5023 768 5096; x_wconf 87' lang='lat' dir='ltr'><strong>telligentiam</strong></span> <span class='ocrx_word' id='word_1_703' title='bbox 818 5035 1080 5094; x_wconf 88' lang='lat' dir='ltr'><strong>superat;</strong></span> <span class='ocrx_word' id='word_1_704' title='bbox 1125 5025 1286 5081; x_wconf 86' lang='lat' dir='ltr'><strong>aliter</strong></span> <span class='ocrx_word' id='word_1_705' title='bbox 1327 5040 1450 5080; x_wconf 91' lang='lat' dir='ltr'><strong>cum</strong></span> <span class='ocrx_word' id='word_1_706' title='bbox 1501 5026 1568 5080; x_wconf 89' lang='lat' dir='ltr'><strong>de</strong></span> <span class='ocrx_word' id='word_1_707' title='bbox 1626 5027 1934 5096; x_wconf 87' lang='lat' dir='ltr'><strong>providenti</strong></span> 
     </span>
    </p>
   </div>
   <div class='ocr_carea' id='block_1_97' title="bbox 2154 5019 3691 5096">
    <p class='ocr_par' dir='ltr' id='par_1_97' title="bbox 2154 5019 3691 5092">
     <span class='ocr_line' id='line_1_97' title="bbox 2154 5019 3691 5092; baseline -0.002 -14"><span class='ocrx_word' id='word_1_708' title='bbox 2154 5027 2191 5078; x_wconf 75' lang='grc' dir='ltr'><strong>εἰ</strong></span> <span class='ocrx_word' id='word_1_709' title='bbox 2230 5025 2336 5078; x_wconf 89' lang='grc' dir='ltr'><strong>τῶν</strong></span> <span class='ocrx_word' id='word_1_710' title='bbox 2367 5023 2631 5092; x_wconf 83' lang='grc' dir='ltr'>ἀγγέλων.</span> <span class='ocrx_word' id='word_1_711' title='bbox 2678 5022 2789 5073; x_wconf 85' lang='lat' dir='ltr'><strong>Kal</strong></span> <span class='ocrx_word' id='word_1_712' title='bbox 2830 5020 2928 5091; x_wconf 82' lang='grc' dir='ltr'><strong>τὴν</strong></span> <span class='ocrx_word' id='word_1_713' title='bbox 2975 5019 3071 5089; x_wconf 78' lang='grc' dir='ltr'><strong>μὲν</strong></span> <span class='ocrx_word' id='word_1_714' title='bbox 3110 5019 3230 5071; x_wconf 86' lang='grc' dir='ltr'>κατ’</span> <span class='ocrx_word' id='word_1_715' title='bbox 3254 5019 3456 5082; x_wconf 76' lang='grc' dir='ltr'>αἰτίαν,</span> <span class='ocrx_word' id='word_1_716' title='bbox 3504 5022 3608 5091; x_wconf 72' lang='grc' dir='ltr'>τὴν</span> <span class='ocrx_word' id='word_1_717' title='bbox 3636 5023 3691 5075; x_wconf 70' lang='grc' dir='ltr'><strong>δὲ</strong></span> 
     </span>
    </p>
   </div>
   <div class='ocr_carea' id='block_1_98' title="bbox 405 5108 1942 5189">
    <p class='ocr_par' dir='ltr' id='par_1_98' title="bbox 405 5117 1935 5189">
     <span class='ocr_line' id='line_1_98' title="bbox 405 5117 1935 5189; baseline 0.003 -18"><span class='ocrx_word' id='word_1_718' title='bbox 405 5117 543 5186; x_wconf 88' lang='lat' dir='ltr'><strong>ejus,</strong></span> <span class='ocrx_word' id='word_1_719' title='bbox 571 5132 710 5187; x_wconf 89' lang='lat' dir='ltr'><strong>quas</strong></span> <span class='ocrx_word' id='word_1_720' title='bbox 740 5117 1098 5187; x_wconf 88' lang='lat' dir='ltr'><strong>intelligentia</strong></span> <span class='ocrx_word' id='word_1_721' title='bbox 1127 5120 1480 5189; x_wconf 82' lang='lat' dir='ltr'><strong>percipimus,</strong></span> <span class='ocrx_word' id='word_1_722' title='bbox 1507 5132 1601 5176; x_wconf 85' lang='lat' dir='ltr'><strong>aut</strong></span> <span class='ocrx_word' id='word_1_723' title='bbox 1633 5123 1699 5176; x_wconf 92' lang='lat' dir='ltr'><strong>de</strong></span> <span class='ocrx_word' id='word_1_724' title='bbox 1718 5136 1935 5176; x_wconf 89' lang='lat' dir='ltr'><strong>sermon</strong></span> 
     </span>
    </p>
   </div>
   <div class='ocr_carea' id='block_1_99' title="bbox 2150 5108 3687 5189">
    <p class='ocr_par' dir='ltr' id='par_1_99' title="bbox 2150 5108 3687 5184">
     <span class='ocr_line' id='line_1_99' title="bbox 2150 5108 3687 5184; baseline -0.003 -15"><span class='ocrx_word' id='word_1_725' title='bbox 2150 5116 2221 5169; x_wconf 78' lang='grc' dir='ltr'><strong>ιϐ’</strong></span> <span class='ocrx_word' id='word_1_726' title='bbox 2249 5114 2502 5184; x_wconf 78' lang='grc' dir='ltr'>ὓπαρξιν,</span> <span class='ocrx_word' id='word_1_727' title='bbox 2522 5115 2619 5183; x_wconf 79' lang='grc' dir='ltr'><strong>τὴν</strong></span> <span class='ocrx_word' id='word_1_728' title='bbox 2646 5114 2702 5166; x_wconf 81' lang='grc' dir='ltr'>δὲ</span> <span class='ocrx_word' id='word_1_729' title='bbox 2740 5111 2882 5164; x_wconf 76' lang='grc' dir='ltr'>κατὰ</span> <span class='ocrx_word' id='word_1_730' title='bbox 2910 5108 3146 5180; x_wconf 82' lang='grc' dir='ltr'>μέθεξιν,</span> <span class='ocrx_word' id='word_1_731' title='bbox 3178 5112 3272 5164; x_wconf 72' lang='grc' dir='ltr'>καὶ</span> <span class='ocrx_word' id='word_1_732' title='bbox 3309 5111 3445 5164; x_wconf 79' lang='grc' dir='ltr'>ἄλλα</span> <span class='ocrx_word' id='word_1_733' title='bbox 3490 5112 3687 5175; x_wconf 80' lang='grc' dir='ltr'>ἄλλως,</span> 
     </span>
    </p>
   </div>
   <div class='ocr_carea' id='block_1_100' title="bbox 406 5203 1943 5282">
    <p class='ocr_par' dir='ltr' id='par_1_100' title="bbox 406 5208 1943 5282">
     <span class='ocr_line' id='line_1_100' title="bbox 406 5208 1943 5282; baseline 0.001 -18"><span class='ocrx_word' id='word_1_734' title='bbox 406 5210 539 5276; x_wconf 86' lang='lat' dir='ltr'><strong>bus;</strong></span> <span class='ocrx_word' id='word_1_735' title='bbox 571 5218 627 5264; x_wconf 88' lang='lat' dir='ltr'><strong>et</strong></span> <span class='ocrx_word' id='word_1_736' title='bbox 653 5208 812 5264; x_wconf 87' lang='lat' dir='ltr'><strong>aliter</strong></span> <span class='ocrx_word' id='word_1_737' title='bbox 842 5225 964 5264; x_wconf 90' lang='lat' dir='ltr'><strong>cum</strong></span> <span class='ocrx_word' id='word_1_738' title='bbox 1004 5210 1072 5264; x_wconf 90' lang='lat' dir='ltr'><strong>de</strong></span> <span class='ocrx_word' id='word_1_739' title='bbox 1107 5212 1334 5277; x_wconf 78' lang='lat' dir='ltr'><strong>angelis.</strong></span> <span class='ocrx_word' id='word_1_740' title='bbox 1375 5212 1555 5282; x_wconf 85' lang='lat' dir='ltr'><strong>Atque</strong></span> <span class='ocrx_word' id='word_1_741' title='bbox 1592 5211 1738 5266; x_wconf 88' lang='lat' dir='ltr'><strong>illam</strong></span> <span class='ocrx_word' id='word_1_742' title='bbox 1765 5213 1943 5282; x_wconf 76' lang='lat' dir='ltr'><strong>quidei</strong></span> 
     </span>
    </p>
   </div>
   <div class='ocr_carea' id='block_1_101' title="bbox 2152 5203 3689 5282">
    <p class='ocr_par' dir='ltr' id='par_1_101' title="bbox 2152 5203 3689 5279">
     <span class='ocr_line' id='line_1_101' title="bbox 2152 5203 3689 5279; baseline -0.005 -17"><span class='ocrx_word' id='word_1_743' title='bbox 2152 5227 2171 5272; x_wconf 81' lang='grc' dir='ltr'>ς</span> <span class='ocrx_word' id='word_1_744' title='bbox 2209 5211 2242 5279; x_wconf 83' lang='grc' dir='ltr'><strong>ἡ</strong></span> <span class='ocrx_word' id='word_1_745' title='bbox 2288 5207 2408 5260; x_wconf 79' lang='grc' dir='ltr'>κατ’</span> <span class='ocrx_word' id='word_1_746' title='bbox 2439 5205 2576 5259; x_wconf 77' lang='grc' dir='ltr'>αὐτὰ</span> <span class='ocrx_word' id='word_1_747' title='bbox 2613 5204 2815 5274; x_wconf 85' lang='grc' dir='ltr'>θεωρία</span> <span class='ocrx_word' id='word_1_748' title='bbox 2863 5205 2955 5254; x_wconf 79' lang='grc' dir='ltr'>καὶ</span> <span class='ocrx_word' id='word_1_749' title='bbox 2998 5203 3396 5274; x_wconf 82' lang='grc' dir='ltr'>ἐπιστημονικὴ</span> <span class='ocrx_word' id='word_1_750' title='bbox 3444 5204 3689 5271; x_wconf 65' lang='grc' dir='ltr'>διάταξις</span> 
     </span>
    </p>
   </div>
   <div class='ocr_carea' id='block_1_102' title="bbox 408 5298 1945 5374">
    <p class='ocr_par' dir='ltr' id='par_1_102' title="bbox 408 5301 1945 5374">
     <span class='ocr_line' id='line_1_102' title="bbox 408 5301 1945 5374; baseline 0.002 -19"><span class='ocrx_word' id='word_1_751' title='bbox 408 5304 702 5374; x_wconf 88' lang='lat' dir='ltr'><strong>imaginem</strong></span> <span class='ocrx_word' id='word_1_752' title='bbox 746 5305 890 5374; x_wconf 76' lang='lat' dir='ltr'><strong>ignis</strong></span> <span class='ocrx_word' id='word_1_753' title='bbox 915 5303 984 5358; x_wconf 86' lang='lat' dir='ltr'><strong>de</strong></span> <span class='ocrx_word' id='word_1_754' title='bbox 1027 5301 1138 5358; x_wconf 90' lang='lat' dir='ltr'><strong>Deo</strong></span> <span class='ocrx_word' id='word_1_755' title='bbox 1161 5304 1386 5371; x_wconf 90' lang='lat' dir='ltr'><strong>dictam,</strong></span> <span class='ocrx_word' id='word_1_756' title='bbox 1428 5305 1728 5361; x_wconf 90' lang='lat' dir='ltr'><strong>secundum</strong></span> <span class='ocrx_word' id='word_1_757' title='bbox 1757 5321 1945 5361; x_wconf 69' lang='lat' dir='ltr'><strong>causa:</strong></span> 
     </span>
    </p>
   </div>
   <div class='ocr_carea' id='block_1_103' title="bbox 2128 5298 3665 5374">
    <p class='ocr_par' dir='ltr' id='par_1_103' title="bbox 2132 5298 3665 5373">
     <span class='ocr_line' id='line_1_103' title="bbox 2132 5298 3665 5373; baseline -0.003 -17"><span class='ocrx_word' id='word_1_758' title='bbox 2132 5302 2356 5373; x_wconf 86' lang='grc' dir='ltr'>ροθετεῖ.</span> <span class='ocrx_word' id='word_1_759' title='bbox 2397 5301 2507 5352; x_wconf 89' lang='lat' dir='ltr'><strong>Kal</strong></span> <span class='ocrx_word' id='word_1_760' title='bbox 2543 5301 2617 5370; x_wconf 81' lang='grc' dir='ltr'>μὴ</span> <span class='ocrx_word' id='word_1_761' title='bbox 2654 5299 2728 5363; x_wconf 82' lang='grc' dir='ltr'><strong>ὼς</strong></span> <span class='ocrx_word' id='word_1_762' title='bbox 2749 5299 2904 5369; x_wconf 72' lang='grc' dir='ltr'>ἔτυχε</span> <span class='ocrx_word' id='word_1_763' title='bbox 2941 5299 3008 5352; x_wconf 78' lang='grc' dir='ltr'><strong>τὰ</strong></span> <span class='ocrx_word' id='word_1_764' title='bbox 3036 5298 3157 5368; x_wconf 74' lang='grc' dir='ltr'>ἱερὰ</span> <span class='ocrx_word' id='word_1_765' title='bbox 3195 5299 3444 5368; x_wconf 76' lang='grc' dir='ltr'>σύμϐολα</span> <span class='ocrx_word' id='word_1_766' title='bbox 3477 5300 3665 5370; x_wconf 48' lang='lat' dir='ltr'><strong>mpod</strong></span> 
     </span>
    </p>
   </div>
   <div class='ocr_carea' id='block_1_104' title="bbox 408 5442 1314 5508">
    <p class='ocr_par' dir='ltr' id='par_1_104' title="bbox 408 5442 1314 5508">
     <span class='ocr_line' id='line_1_104' title="bbox 408 5442 1314 5508; baseline 0 -10"><span class='ocrx_word' id='word_1_767' title='bbox 408 5451 438 5481; x_wconf 74' lang='grc'>³</span> <span class='ocrx_word' id='word_1_768' title='bbox 471 5443 630 5498; x_wconf 88' lang='lat' dir='ltr'><strong>Deut.</strong></span> <span class='ocrx_word' id='word_1_769' title='bbox 656 5459 730 5497; x_wconf 83' lang='lat' dir='ltr'><strong>Iv.</strong></span> <span class='ocrx_word' id='word_1_770' title='bbox 807 5451 832 5478; x_wconf 88' lang='grc' dir='ltr'><strong>ο</strong></span> <span class='ocrx_word' id='word_1_771' title='bbox 865 5442 1008 5498; x_wconf 89' lang='lat' dir='ltr'><strong>Psal.</strong></span> <span class='ocrx_word' id='word_1_772' title='bbox 1049 5459 1182 5508; x_wconf 81' lang='lat' dir='ltr'><strong>xvn,</strong></span> <span class='ocrx_word' id='word_1_773' title='bbox 1225 5444 1314 5508; x_wconf 78' lang='lat' dir='ltr'><strong>5i.</strong></span> 
     </span>
    </p>
   </div>
   <div class='ocr_carea' id='block_1_105' title="bbox 1728 5552 2400 5614">
    <p class='ocr_par' dir='ltr' id='par_1_105' title="bbox 1728 5552 2400 5614">
     <span class='ocr_line' id='line_1_105' title="bbox 1728 5552 2400 5614; baseline -0.004 0"><span class='ocrx_word' id='word_1_774' title='bbox 1728 5558 1960 5614; x_wconf 73' lang='lat' dir='ltr'><strong>VARIAS</strong></span> <span class='ocrx_word' id='word_1_775' title='bbox 1997 5552 2400 5613; x_wconf 68' lang='lat' dir='ltr'><strong>LECTIONES.</strong></span> 
     </span>
    </p>
   </div>
   <div class='ocr_carea' id='block_1_106' title="bbox 483 5675 3689 5753">
    <p class='ocr_par' dir='ltr' id='par_1_106' title="bbox 483 5675 3689 5753">
     <span class='ocr_line' id='line_1_106' title="bbox 483 5675 3689 5753; baseline -0.002 -21"><span class='ocrx_word' id='word_1_776' title='bbox 483 5680 525 5709; x_wconf 77' lang='lat'><strong>“</strong></span> <span class='ocrx_word' id='word_1_777' title='bbox 558 5683 666 5735; x_wconf 64' lang='grc' dir='ltr'><strong>τᾶν.</strong></span> <span class='ocrx_word' id='word_1_778' title='bbox 749 5683 790 5713; x_wconf 82' lang='grc'><strong>³⁷</strong></span> <span class='ocrx_word' id='word_1_779' title='bbox 825 5682 1154 5753; x_wconf 80' lang='grc' dir='ltr'>τυπωτικῆς,</span> <span class='ocrx_word' id='word_1_780' title='bbox 1193 5683 1248 5736; x_wconf 86' lang='lat' dir='ltr'><strong>S.</strong></span> <span class='ocrx_word' id='word_1_781' title='bbox 1325 5683 1368 5715; x_wconf 81' lang='grc'><strong>³⁸</strong></span> <span class='ocrx_word' id='word_1_782' title='bbox 1401 5681 1548 5742; x_wconf 74' lang='grc' dir='ltr'>αὐτὸ,</span> <span class='ocrx_word' id='word_1_783' title='bbox 1586 5681 1649 5733; x_wconf 90' lang='lat' dir='ltr'><strong>D.</strong></span> <span class='ocrx_word' id='word_1_784' title='bbox 1688 5679 1855 5750; x_wconf 70' lang='grc' dir='ltr'>αὐτὴν</span> <span class='ocrx_word' id='word_1_785' title='bbox 1886 5680 2005 5750; x_wconf 76' lang='grc' dir='ltr'>τήν,</span> <span class='ocrx_word' id='word_1_786' title='bbox 2042 5677 2146 5753; x_wconf 30' lang='lat' dir='ltr'><strong>P.‘</strong></span> <span class='ocrx_word' id='word_1_787' title='bbox 2211 5678 2254 5708; x_wconf 74' lang='grc'><strong>³³</strong></span> <span class='ocrx_word' id='word_1_788' title='bbox 2286 5675 2773 5753; x_wconf 42' lang='grc' dir='ltr'>τυττιυτικῶν,,8.-</span> <span class='ocrx_word' id='word_1_789' title='bbox 2838 5676 3292 5753; x_wconf 33' lang='grc' dir='ltr'>’δοιᾲνθρωπίν-ως.</span> <span class='ocrx_word' id='word_1_790' title='bbox 3471 5678 3511 5707; x_wconf 68' lang='grc'>⁸³</span> <span class='ocrx_word' id='word_1_791' title='bbox 3536 5679 3689 5753; x_wconf 25' lang='grc' dir='ltr'><strong>’ττιεᾲ-</strong></span> 
     </span>
    </p>
   </div>
   <div class='ocr_carea' id='block_1_107' title="bbox 413 5746 3689 5824">
    <p class='ocr_par' dir='ltr' id='par_1_107' title="bbox 413 5746 3689 5824">
     <span class='ocr_line' id='line_1_107' title="bbox 413 5746 3689 5824; baseline 0.002 -34"><span class='ocrx_word' id='word_1_792' title='bbox 413 5768 609 5819; x_wconf 40' lang='lat' dir='ltr'><strong>quia,&quot;</strong></span> <span class='ocrx_word' id='word_1_793' title='bbox 650 5755 709 5806; x_wconf 53' lang='grc' dir='ltr'><strong>υ.</strong></span> <span class='ocrx_word' id='word_1_794' title='bbox 980 5757 1025 5786; x_wconf 71' lang='grc' dir='ltr'><strong>δι</strong></span> <span class='ocrx_word' id='word_1_795' title='bbox 1059 5746 1164 5804; x_wconf 55' lang='grc' dir='ltr'><strong>τών</strong></span> <span class='ocrx_word' id='word_1_796' title='bbox 1203 5756 1564 5824; x_wconf 60' lang='grc' dir='ltr'>ἱεροπρεπιῖιν,</span> <span class='ocrx_word' id='word_1_797' title='bbox 1601 5756 1697 5806; x_wconf 66' lang='grc'><strong>(21].</strong></span> <span class='ocrx_word' id='word_1_798' title='bbox 1812 5746 1857 5781; x_wconf 41' lang='grc'>⁸³</span> <span class='ocrx_word' id='word_1_799' title='bbox 1892 5746 2072 5818; x_wconf 74' lang='grc' dir='ltr'>ἱερῶς,</span> <span class='ocrx_word' id='word_1_800' title='bbox 2309 5750 2353 5780; x_wconf 70' lang='grc'><strong>’⁸⁵⁵</strong></span> <span class='ocrx_word' id='word_1_801' title='bbox 2388 5749 2604 5817; x_wconf 78' lang='grc' dir='ltr'>ἔγγονα.</span> <span class='ocrx_word' id='word_1_802' title='bbox 2835 5821 2866 5824; x_wconf 51' lang='grc' dir='ltr'><em>Π</em></span> <span class='ocrx_word' id='word_1_803' title='bbox 2891 5748 2935 5777; x_wconf 55' lang='grc'><strong>³⁸</strong></span> <span class='ocrx_word' id='word_1_804' title='bbox 2974 5746 3130 5816; x_wconf 67' lang='grc' dir='ltr'>μονα.</span> <span class='ocrx_word' id='word_1_805' title='bbox 3340 5750 3382 5776; x_wconf 39' lang='grc' dir='ltr'><strong>δέ</strong></span> <span class='ocrx_word' id='word_1_806' title='bbox 3417 5749 3556 5800; x_wconf 69' lang='grc' dir='ltr'>κατὰ</span> 
     </span>
    </p>
   </div>
   <div class='ocr_carea' id='block_1_108' title="bbox 418 5819 2907 5889">
    <p class='ocr_par' dir='ltr' id='par_1_108' title="bbox 418 5819 2907 5889">
     <span class='ocr_line' id='line_1_108' title="bbox 418 5819 2907 5889; baseline -0.001 -12"><span class='ocrx_word' id='word_1_807' title='bbox 418 5822 742 5887; x_wconf 70' lang='grc' dir='ltr'>ὑπερνόησιν</span> <span class='ocrx_word' id='word_1_808' title='bbox 777 5825 890 5888; x_wconf 86' lang='grc' dir='ltr'>τοῦ,</span> <span class='ocrx_word' id='word_1_809' title='bbox 930 5824 989 5879; x_wconf 89' lang='lat' dir='ltr'><strong>D.</strong></span> <span class='ocrx_word' id='word_1_810' title='bbox 1029 5827 1165 5877; x_wconf 77' lang='grc' dir='ltr'>κατὰ</span> <span class='ocrx_word' id='word_1_811' title='bbox 1201 5819 1278 5884; x_wconf 63' lang='grc' dir='ltr'>τό,</span> <span class='ocrx_word' id='word_1_812' title='bbox 1317 5819 1371 5878; x_wconf 70' lang='grc'><strong>1”</strong></span> <span class='ocrx_word' id='word_1_813' title='bbox 1454 5826 1492 5855; x_wconf 75' lang='grc'><strong>⁸⁷</strong></span> <span class='ocrx_word' id='word_1_814' title='bbox 1534 5824 1671 5877; x_wconf 71' lang='grc' dir='ltr'>κατὰ</span> <span class='ocrx_word' id='word_1_815' title='bbox 1707 5823 1800 5889; x_wconf 70' lang='grc' dir='ltr'>τὴν</span> <span class='ocrx_word' id='word_1_816' title='bbox 1835 5823 1961 5885; x_wconf 84' lang='grc' dir='ltr'>τῶν,</span> <span class='ocrx_word' id='word_1_817' title='bbox 2001 5823 2058 5876; x_wconf 82' lang='lat' dir='ltr'><strong>S.</strong></span> <span class='ocrx_word' id='word_1_818' title='bbox 2097 5820 2155 5874; x_wconf 79' lang='grc' dir='ltr'><strong>Ρ.</strong></span> <span class='ocrx_word' id='word_1_819' title='bbox 2196 5822 2421 5886; x_wconf 70' lang='grc' dir='ltr'>νοητῶν,</span> <span class='ocrx_word' id='word_1_820' title='bbox 2461 5839 2564 5876; x_wconf 73' lang='lat' dir='ltr'><strong>non</strong></span> <span class='ocrx_word' id='word_1_821' title='bbox 2601 5832 2684 5876; x_wconf 81' lang='lat' dir='ltr'><strong>est</strong></span> <span class='ocrx_word' id='word_1_822' title='bbox 2721 5819 2772 5873; x_wconf 84' lang='lat' dir='ltr'><strong>in</strong></span> <span class='ocrx_word' id='word_1_823' title='bbox 2808 5821 2907 5875; x_wconf 69' lang='lat' dir='ltr'><strong>Ch.</strong></span> 
     </span>
    </p>
   </div>
  </div>
