3892 6232
201 340 228 394 l
251 342 354 395 109

1637 341 1973 400 EPISTOLA
2010 343 2097 399 IX.

3336 348 3472 406 1H0

201 473 348 527 ρειν,
394 455 529 510 ἀλλὰ
579 457 965 529 προσηκόντως
1011 457 1151 512 αὐτὰ
1184 461 1304 524 ταῖς
1339 459 1560 526 αίτίαις,
1609 461 1788 532 ἢταίς

1921 463 2151 530 ιεοῑρεινο
2201 467 2463 531 oportet;
2519 460 2682 516 aliam
2733 457 3030 516 secundum
3060 457 3470 520 exsislentiam,

203 545 531 617 ὑπάρξεσιν,
557 547 590 618 ἢ
614 550 735 611 ταῖς
757 547 1068 619 δυνάμεσιν,
1108 549 1141 618 ἢ
1173 554 1295 614 ταῖς
1336 552 1573 618 τάξεσιν,
1613 552 1647 622 ἢ
1677 556 1798 615 ταῖς

201 638 388 704 ἀξίαις
406 638 790 704 ἀναπτύσσειν,
815 632 890 692 ὧν
918 641 1012 695 καὶ
1035 642 1184 696 ἔστιν
1211 642 1577 715 ὲκφαντορικά
1604 642 1800 713 συνθή-

209 749 378 803 ματα.
407 733 517 784 Καὶ
531 732 680 796 ὅπως
700 732 774 804 μὴ
800 734 943 804 πέρα
956 735 1048 788 τοῦ
1067 735 1276 799 δέοντος
1305 734 1606 788 ἐπιστέλλοι
1614 753 1712 806 μεν
1729 737 1795 802 ‘3‘,

205 825 300 878 ἐπ’
339 825 510 895 αὐτὴν
549 823 650 895 ἤδη
689 823 788 894 τὴν
842 827 1198 896 προτεθεῖσαν
1240 828 1330 896 ὑφ’
1369 827 1525 899 ὑμῶν
1572 825 1797 899 ζήτησιν

209 917 374 970 ἰτέον.
400 917 509 970 Καὶ
532 916 781 988 λέγομεν,
805 919 888 972 ὅτι
917 922 1069 974 πᾶσα
1081 921 1252 993 τροφὴ
1276 919 1654 992 τελεσιουργός
1681 922 1797 972 ἐστι

204 1006 320 1059 τῶν
348 1008 716 1078 τρεφομένων,
749 1009 848 1081 τὴν
873 1010 1117 1063 ἀτέλειαν
1148 1011 1328 1066 αὐτῶν
1358 1012 1453 1066 καὶ
1473 1013 1574 1083 τὴν
1591 1011 1796 1066 ἔνδειαν

208 1097 628 1170 ἅποπληροῦσα,
672 1101 766 1154 καὶ
798 1101 860 1154 τὸ
887 1100 1113 1166 ἀσθενὲς
1144 1102 1541 1174 θεραπεύουσα,
1580 1103 1676 1157 καὶ
1700 1102 1798 1174 τὴν

212 1188 363 1258 ζωὴν
392 1189 571 1244 αὐτῶν
600 1192 935 1266 φρουροῦσα,
962 1194 1056 1247 καὶ
1084 1194 1402 1248 ἀναϐάλλειν
1428 1193 1675 1259 ποιοῦσα,
1706 1193 1800 1246 καὶ

211 1281 610 1349 ἀνανεάζουσα,
647 1286 739 1338 καὶ
768 1284 1005 1357 ζωτικὴν
1039 1285 1222 1348 αὐτοῖς
1261 1284 1557 1338 εὐπάθειαν
1599 1283 1802 1354 δωρου-

216 1376 379 1448 μένη,
406 1377 501 1431 καὶ
522 1377 710 1443 ἁπλῶς
737 1379 832 1431 τοῦ
859 1379 1118 1443 ἀνιῶντος
1155 1380 1250 1433 κα)⁸
1285 1379 1381 1432 τοῦ
1411 1375 1633 1440 ἀτελοῦς
1676 1375 1800 1430 ὲλά-

211 1485 393 1538 τειρα,
420 1469 518 1524 καὶ
541 1470 640 1540 τῆς
671 1470 1007 1542 εὐφροσύνης
1036 1471 1215 1525 αὐτῶν
1233 1472 1327 1525 καὶ
1350 1471 1451 1542 τῆς
1470 1470 1802 1540 τελειότητος

216 1560 479 1632 χορηγός.

1904 552 2066 606 aliam
2095 566 2226 608 vero
2250 552 2551 607 secundum
2588 551 3111 622 participationem;
3150 555 3206 603 et
3237 549 3342 603 alia
3369 548 3469 601 ali-

1903 652 2005 708 ter,
2034 652 2093 697 ut
2123 657 2313 698 eorum
2347 641 2740 711 contemplatio
2781 651 2838 696 et
2877 640 3202 695 constitutio
3238 639 3479 694 scienter

1900 733 2041 790 facta
2059 735 2380 805 praescribit.
2400 732 2512 789 Nec
2538 733 2682 787 enim
2709 740 2928 802 oportet
2953 730 3254 786 fortuitoae
3272 737 3481 784 temere

1904 829 2136 884 miscere
2150 827 2420 899 symbola,
2434 828 2527 883 sed
2542 826 2722 897 potius
2743 825 3039 896 eXplanare
3065 839 3127 880 ea
3146 837 3247 879 con
3257 821 3480 877 venien-

1901 930 1988 976 ter
2007 921 2188 976 causis
2227 929 2324 975 aut
2348 918 2704 984 exsistentiis,
2738 927 2831 972 aut
2859 916 3248 986 potestatibus,
3272 921 3366 968 aut
3395 927 3486 966 or-

1905 1014 2144 1080 dinibus,
2176 1020 2269 1066 aut
2314 1010 2697 1081 dignitatibus,
2730 1024 2852 1079 qua:
2881 1009 3064 1063 omnia
3093 1007 3267 1077 signis
3300 1004 3486 1060 decla-

1905 1115 2117 1162 rantur.
2144 1103 2413 1160 Caetcrum
2453 1120 2521 1160 ne
2559 1102 2807 1171 epistola
2857 1100 3080 1156 modum
3129 1098 3482 1159 excedamus,

1900 1199 2014 1270 jam
2041 1200 2108 1254 ad
2138 1199 2312 1268 ipsam
2345 1197 2698 1268 propositam
2723 1210 2754 1250 a
2802 1195 2960 1250 nobis
3003 1192 3360 1263 quaestionem
3387 1205 3484 1244 ve-

1907 1293 2145 1347 niamus.
2177 1289 2419 1345 Dicimus
2456 1290 2661 1358 itaque,
2695 1300 2910 1342 omnem
2941 1299 3123 1342 escam
3149 1286 3256 1339 vim
3281 1284 3486 1337 habere

1908 1383 2230 1456 perﬁciendi
2272 1382 2394 1437 illos
2434 1396 2572 1451 quos
2597 1382 2792 1448 nutrit,
2823 1382 2953 1434 dum
2980 1377 3363 1448 imperfectum
3390 1389 3486 1429 eo—

1912 1490 2031 1528 rum
2076 1484 2132 1529 et
2183 1471 2541 1544 indigentiam
2589 1469 2786 1540 replet,
2815 1477 2871 1524 et
2896 1468 3274 1524 inﬁrmitatem
3321 1465 3483 1536 611

1913 1573 2095 1631 curat,
2147 1563 2427 1630 vitamque
2475 1569 2682 1626 servat,
2739 1567 2795 1614 et
2843 1557 3200 1613 reﬁorescere
3250 1553 3384 1610 facit
3424 1568 3490 1608 ac

219 1661 474 1719 renovat,
537 1660 592 1708 et
632 1653 854 1709 vitalem
888 1655 999 1711 illis
1069 1655 1324 1712 allectum
1395 1656 1583 1723 donat,
1658 1655 2091 1728 simpliciterque
2140 1656 2421 1713 tristitiam
2459 1663 2515 1712 et
2557 1652 3030 1725 imperfectionem
3073 1650 3264 1722 abigit,
3326 1656 3490 1718 atque

219 1743 470 1801 laetitiam
501 1748 1009 1820 perfectionemque
1042 1752 1320 1825 conciliat.

1756 1871 1783 1942 ς
1826 1866 1940 1927 111.
1986 1872 1990 1876 '

296 1983 496 2048 Καλῶς
524 1978 616 2040 οῦν
639 1985 684 2019 ’⁵9
710 1989 744 2058 ή
778 1988 1086 2061 ὑπέρσοφος
1120 1991 1212 2044 καὶ
1250 1991 1428 2062 ἀγαθὴ
1477 1990 1638 2060 σοφία
1669 1990 1807 2062 πρὸς

1981 1986 2350 2054 Quamobrem
2397 1992 2549 2040 recte
2609 1993 2942 2054 supraquam
2981 1975 3204 2047 sapiens
3231 1973 3388 2043 juxta
3423 1987 3492 2028 ac

220 2076 334 2130 τῶν
359 2076 552 2146 λογίων
576 2080 846 2151 ὑμνεῖται,
889 2083 1143 2154 κρατῆρα
1174 2083 1435 2153 μυστικὸν
1467 2083 1690 2147 ίστῶσα,
1721 2085 1814 2136 καὶ

221 2167 286 2219 τὸ
325 2167 470 2239 ἱερὸν
517 2168 683 2223 αὑτοῦ
719 2171 869 2242 πόμα
908 2172 1215 2243 προχέουσα
1249 2175 1319 2238 ⁸ο,
1358 2174 1558 2244 μᾶλλον
1600 2174 1656 2226 δὲ
1707 2172 1814 2242 πρὸ

222 2262 429 2316 τούτων
473 2262 573 2328 τὰς
623 2265 851 2334 περεάς
896 2266 1106 2337 τροφὰς
1152 2266 1493 2340 προτιθεῖσα,
1536 2270 1631 2321 καὶ
1677 2268 1815 2338 μετά

225 2354 432 2426 ὑψηλοῦ
471 2356 825 2429 κηρύγματος
855 2360 991 2431 αὑτὴ
1025 2361 1132 2413 τῶν
1174 2361 1445 2432 δεομένων
1472 2361 1642 2432 αὐτῆς
1674 2362 1815 2430 ἀγα-

228 2448 518 2519 θοπρεπῶς
538 2449 835 2521 ἐφιεμένην
863 2452 930 2504 “.
961 2453 1155 2523 Διττὴν
1181 2448 1274 2506 οῦν
1303 2453 1403 2524 τὴν
1419 2453 1624 2525 τροφὴν
1640 2456 1673 2524 ἡ
1695 2453 1816 2508 θεία

232 2540 392 2608 σοφία
431 2541 738 2612 προτίθησι,
778 2542 876 2614 τὴν
923 2543 1019 2613 μὲν
1050 2544 1278 2615 στερεὰν
1305 2546 1398 2598 καὶ
1440 2546 1684 2616 μόνιμον,
1715 2544 1816 2616 τὴν

226 2632 286 2684 δὲ
307 2633 482 2703 ὑγρὰν
500 2635 593 2687 καὶ
622 2635 999 2707 προχεομένην
1017 2653 1030 2666 ·
1065 2637 1161 2690 καὶ
1191 2638 1287 2690 ἐπὶ
1325 2638 1565 2709 κρατῆρι
1591 2639 1817 2709 χορηγεῖ

229 2724 331 2788 τὰς
347 2726 710 2796 προνοητικάς
734 2727 906 2796 αὐτῆς
929 2729 1292 2800 ἀγαθότητας.
1337 2730 1394 2782 '0
1426 2731 1523 2800 μὲν
1556 2726 1648 2782 οὖν
1676 2747 1814 2802 κρα-

231 2815 359 2885 τὴρ,
405 2815 705 2889 περιφερὴς
743 2815 818 2870 ῶν
867 2819 960 2870 καὶ
1008 2819 1492 2889 ἀναπεπταμένος,
1551 2818 1815 2890 σύμϐολον

232 2905 375 2958 ἔστω
408 2909 506 2979 τῆς
542 2909 942 2981 ἀνηπλωμένης
976 2910 1092 2980 ἅμα
1119 2910 1214 2964 καὶ
1244 2911 1337 2963 ἐπὶ
1381 2911 1556 2964 πάντα
1590 2928 1817 2983 περιπο-

237 2999 536 3076 ρευομένης
564 3001 799 3073 ἀνάρχου
839 3003 932 3054 καὶ
966 3002 1323 3074 ἀτελευτήτου
1363 3003 1468 3055 τῶν
1507 3003 1643 3056 ὅλων
1681 3021 1815 3074 προ-

232 3090 398 3154 νοίας.
431 3090 574 3162 Πλὴν
612 3092 798 3163 ἐπειδὴ
832 3093 924 3146 καὶ
943 3094 1036 3146 ἐπὶ
1064 3093 1238 3146 πάντα
1266 3093 1551 3164 προϊοῦσα,
1588 3095 1736 3165 μένει
1756 3097 1814 3147 ὲν

234 3185 402 3254 ἑαυτῇ
426 3185 519 3237 καὶ
543 3184 773 3257 ἕστηκεν
807 3188 865 3238 ὲν
889 3187 1131 3258 ἀκινήτῳ
1159 3187 1469 3259 ταύτότητι,
1500 3189 1593 3242 καὶ
1615 3207 1813 3242 παντε-

233 3273 343 3338 λῶς
370 3276 744 3347 ἀνεκφοιτήτῳ
761 3278 958 3347 ἑαυτῆς
981 3278 1262 3350 ἱδρυμένη,
1294 3280 1534 3350 μονίμως
1564 3281 1657 3333 καὶ
1675 3281 1814 3352 ἀρα-

1918 2078 2153 2148 benigna
2201 2075 2469 2146 sapientia
2505 2074 2575 2144 _in
2645 2071 2880 2141 eloquiis
2919 2069 3122 2124 divinis
3170 2063 3494 2136 perhibetur

1915 2178 2186 2226 craterem
2220 2167 2512 2238 mysticum
2551 2177 2879 2235 proponere,
2912 2175 2977 2216 ac
3007 2173 3221 2216 sacram
3255 2158 3372 2228 ejus
3398 2172 3496 2226 po-

1918 2263 2118 2316 tionem
2145 2259 2461 2330 propinare,
2495 2257 2653 2327 prius
2688 2265 2867 2310 tamen
2907 2255 3060 2309 cibos
3091 2251 3292 2308 solidos
3327 2266 3496 2321 appo—

1918 2367 2070 2417 nere,
2099 2361 2265 2420 atque
2294 2351 2436 2406 elata
2467 2364 2605 2405 voce
2631 2362 2822 2403 omnes
2847 2346 2964 2416 ejus
2990 2345 3206 2414 indigos
3230 2342 3497 2398 benevole

1918 2447 2174 2502 invitare.
2208 2443 2484 2513 Duplicem
2504 2456 2637 2511 ergo
2655 2454 2836 2495 eseam
2855 2437 3036 2492 divina
3070 2435 3342 2503 sapientia
3371 2447 3499 2502 pro-

1917 2539 2094 2611 ponit,
2128 2537 2334 2593 scilicet
2354 2550 2516 2589 unam
2545 2534 2774 2588 solidam
2797 2539 2960 2600 atque
2987 2526 3317 2589 durabilem,
3336 2523 3498 2579 aliam

1914 2648 2047 2688 vero
2077 2633 2334 2702 liquidam
2369 2645 2434 2686 ac
2462 2629 2678 2684 fusilcm
2725 2628 2782 2681 in
2822 2632 3041 2681 cratere
3069 2623 3346 2691 propinat,
3377 2632 3501 2688 qum

1917 2727 2190 2782 beneﬁcas
2212 2725 2333 2795 ejus
2361 2721 2740 2793 providentias
2765 2719 3076 2788 designant.
3105 2714 3302 2769 Crater
3333 2711 3502 2782 igitur

1919 2833 2042 2873 cum
2078 2818 2151 2873 sit
2182 2815 2451 2872 rotundus
2492 2822 2548 2870 et
2599 2821 2844 2882 apertus,
2877 2808 3181 2882 symbolum
3217 2816 3302 2861 est
3337 2819 3504 2876 gene-

1917 2908 2048 2962 ralis
2071 2906 2568 2978 providentiaaqua:
2595 2901 2867 2972 principio
2893 2899 3112 2970 ﬁneque
3135 2905 3310 2964 caret,
3337 2907 3504 2966 atque

1917 3001 2102 3056 omnia
2133 2999 2377 3054 continet
2405 3004 2789 3068 penetratque.
2846 2991 2953 3048 Sed
2978 2990 3236 3062 quoniam
3272 2988 3399 3043 dum
3430 2985 3503 3039 ad

1917 3091 2100 3145 omnia
2136 3089 2409 3159 procedit,
2458 3087 2515 3141 in
2569 3085 2864 3155 semetipsa
2904 3094 3124 3152 quoque
3165 3085 3370 3141 manet,
3401 3077 3503 3131 im-

1921 3181 2130 3242 mobili.
2160 3195 2190 3233 a
2215 3195 2322 3249 qua
2352 3191 2633 3249 nunquam
2666 3175 2888 3240 excidit,
2923 3170 3210 3228 identitate
3244 3167 3504 3234 formata,

1921 3283 2103 3329 crater
2131 3273 2297 3326 etiam
2349 3276 2666 3324 constanter
2688 3267 2944 3320 immotus
2973 3261 3323 3334 persistebat.
3359 3258 3506 3314 Dici-

237 3370 408 3443 ρότως
435 3371 479 3401 ³²
502 3369 663 3440 αὐτὸς
686 3387 744 3422 τε
773 3371 801 3421 ὁ
831 3370 1043 3441 κρατὴρ
1076 3371 1324 3444 ἕστηκεν.
1358 3372 1731 3444 Οἰκοδομοῦσα
1759 3375 1816 3428 δὲ

1923 3379 2010 3422 tur
2042 3376 2222 3421 autem
2255 3363 2521 3434 sapientia
2563 3362 2668 3417 sibi
2705 3359 2923 3415 domum
2975 3355 3275 3418 aediﬁcare,
3308 3353 3364 3408 in
3397 3367 3506 3422 qua

234 3462 334 3516 καὶ
365 3464 398 3532 ή
447 3461 606 3530 σοφία
638 3462 787 3514 οἰκον
821 3463 984 3532 ἑαυτῇ
1020 3461 1254 3530 λέγεται,
1291 3463 1384 3515 καὶ
1425 3465 1482 3515 ὲν
1526 3464 1676 3535 αύτῷ
1725 3465 1821 3519 καὶ

234 3554 339 3616 τὰς
372 3553 596 3624 στέρξας
637 3554 864 3624 τροφὰς,
918 3555 1011 3608 καὶ
1042 3553 1111 3606 τὰ
1157 3555 1395 3625 πόματα,
1432 3557 1526 3610 καὶ
1558 3558 1650 3609 τὸν
1684 3575 1822 3628 κρα-

233 3647 382 3718 τῆρα
414 3647 803 3718 προτιθεμένη,
837 3649 912 3712 ὡς
944 3643 1082 3700 εἶναι
1114 3651 1227 3711 τοῖς
1256 3647 1325 3702 τὰ
1357 3649 1475 3703 θεῖα
1508 3649 1826 3721 θεοπρεπῶς

236 3741 611 3813 συμϐάλλουσι
644 3741 822 3812 δῆλον,
858 3743 939 3795 ὅτι
989 3743 1082 3795 καὶ
1117 3743 1344 3814 πρόνοια
1377 3743 1646 3815 παντελής
1679 3745 1825 3797 ἐστιν

232 3835 266 3888 ὁ
299 3834 395 3887 τοῦ
428 3828 566 3887 εἶναι
600 3836 695 3887 καὶ
725 3833 818 3887 τοῦ
852 3829 910 3887 εὖ
947 3829 1084 3886 εἶναι
1134 3835 1202 3887 τὰ
1252 3834 1428 3887 πάντα
1473 3834 1678 3902 αἴτιος,
1733 3835 1827 3888 καὶ

235 3928 338 3981 ἐπὶ
369 3929 545 3982 πάντα
578 3929 828 4001 πρόεισι,
867 3929 960 3982 καὶ
994 3930 1050 3980 ἐν
1082 3927 1161 3999 τῷ
1205 3929 1366 3981 παντὶ
1407 3929 1684 3997 γίγνεται,
1734 3930 1828 3982 καὶ

237 4022 492 4092 περιέχει
537 4020 609 4074 τὰ
646 4021 844 4083 πάντα,
895 4023 989 4073 καὶ
1020 4017 1176 4084 αὖθις
1207 4022 1235 4072 ὁ
1269 4020 1428 4082 αὐτὸς
1470 4022 1528 4073 ὲν
1570 4020 1648 4090 τῷ
1681 4021 1830 4092 αύτῷ

239 4113 368 4166 καθ’
391 4114 685 4185 ὑπεροχὴν,
717 4115 870 4167 οὐδὲν
898 4114 956 4166 ἐν
985 4114 1158 4166 οὐδενὶ
1186 4115 1305 4166 κατ’
1333 4113 1484 4166 οὐδέν
1515 4115 1681 4166 ἐστιν·
1715 4114 1829 4166 ἀλλ’

237 4205 506 4276 ἐξῄρηται
549 4206 656 4259 τῶν
699 4205 864 4269 ὅλων,
913 4206 1075 4268 αὐτὸς
1107 4207 1164 4258 ἐν
1195 4205 1375 4276 ἑαυτῷ
1414 4205 1459 4236 ³³
1492 4205 1704 4269 ταύτῶς
1737 4207 1831 4260 καὶ

237 4299 432 4363 ἁῖδίως
463 4297 568 4363 ὢν,
605 4301 698 4353 καὶ
731 4298 976 4370 ἑστηκὼς
1009 4300 1100 4352 καὶ
1146 4299 1350 4370 μένων,
1399 4299 1493 4352 καὶ
1547 4299 1636 4352 ἀεὶ
1690 4299 1834 4352 κατὰ

237 4391 417 4446 ταύτὰ
449 4394 542 4446 καὶ
571 4392 833 4455 ὡσαύτως
866 4391 1024 4462 ἔχων,
1060 4391 1154 4444 καὶ
1186 4390 1437 4462 οὐδαμῶς
1469 4389 1574 4456 ἔξω
1601 4389 1766 4444 αὑτοῦ
1786 4391 1833 4423 ⁵⁵⁵

238 4485 598 4556 γιγνόμενος,
629 4485 749 4537 οὐδὲ
785 4485 887 4555 τῆς
917 4484 1122 4546 οἰκείας
1168 4484 1329 4555 ἕδρας
1360 4485 1406 4516 ⁸³
1439 4485 1533 4538 καὶ
1574 4484 1832 4556 ἀκινήτου

245 4577 420 4650 μονῆς
451 4578 546 4631 καὶ
569 4578 750 4640 ἑστίας
782 4575 1230 4647 ἀπολειπόμενος
1267 4575 1404 4630 ἀλλὰ
1430 4577 1523 4628 καὶ
1543 4578 1599 4628 ὲν
1633 4577 1770 4648 αὐτῇ
1788 4577 1835 4608 ⁵⁸

1927 3460 2078 3516 cibos
2108 3458 2331 3522 solidos,
2373 3467 2430 3512 et
2453 3454 2672 3525 pocula,
2706 3460 3090 3518 erateremque
3131 3446 3416 3518 proponit,
3447 3451 3510 3497 ut.

1927 3550 2185 3606 omnibus
2217 3549 2404 3603 divina
2431 3547 2536 3602 rite
2567 3540 2989 3600 conferentibus
3023 3538 3377 3610 perspicuutn
3411 3535 3505 3599 sit,

1928 3660 2076 3710 eum,
2104 3644 2261 3711 cujus
2294 3652 2378 3696 est
2407 3637 2770 3711 providentia,
2791 3635 3085 3706 perfectam
3116 3645 3238 3687 esse
3258 3643 3503 3691 causam,

1929 3746 1988 3790 ut
2027 3735 2137 3789 sint
2175 3743 2228 3789 et
2267 3733 2406 3788 bene
2444 3733 2554 3787 sint
2587 3713 2768 3784 omnia
2794 3768 2810 3793 ,
2852 3737 3092 3793 eumque
3141 3725 3209 3778 ad
3249 3722 3507 3776 universa

1931 3826 2264 3896 pertingere,
2313 3834 2368 3878 et
2407 3825 2460 3878 in
2502 3823 2758 3877 omnibus
2777 3820 3068 3882 exsistere,
3116 3825 3284 3885 atque
3327 3814 3512 3868 omnia

1931 3919 2235 3980 continere,
2269 3930 2570 3989 rursusque
2597 3915 2873 3980 eumdem,
2908 3927 3030 3968 cum
3060 3911 3132 3966 sit
3154 3910 3208 3963 in
3237 3923 3296 3964 se
3324 3905 3510 3963 excel-

1931 4011 2129 4079 lenter,
2151 4010 2286 4064 nihil
2319 4009 2374 4063 in
2399 4007 2508 4062 ulla
2533 4021 2613 4075 re,
2634 4006 2739 4060 ulla
2757 4022 2825 4062 ex
2859 4014 3014 4076 parte
3036 4017 3177 4066 esse,
3203 4002 3296 4057 sed
3327 4014 3512 4056 secre-

1935 4113 2049 4158 tum
2083 4117 2208 4158 esse
2241 4103 2310 4156 ab
2335 4101 2608 4166 omnibus,
2645 4115 2768 4153 cum
2797 4099 2849 4153 in
2884 4113 2943 4152 se
2983 4098 3102 4166 ipso
3130 4097 3323 4150 eodem
3348 4104 3514 4148 aeter-

1933 4211 2114 4268 noque
2147 4195 2308 4249 modo
2337 4195 2432 4258 sit,
2467 4201 2787 4263 perstetque
2823 4199 2877 4246 et
2906 4199 3151 4254 maneat,
3177 4197 3338 4257 atque
3373 4199 3517 4240 sem-

1932 4302 2032 4358 per
2063 4287 2328 4349 idem-sit,
2358 4283 2666 4352 eodemque
2706 4281 2866 4335 modo
2916 4295 2974 4334 se
3009 4280 3232 4342 habeat,
3270 4291 3371 4329 nec
3404 4273 3518 4328 ullo

1935 4378 2097 4434 modo
2127 4392 2184 4432 se
2213 4376 2329 4447 ipse
2368 4376 2604 4440 deserat,
2635 4389 2812 4446 neque
2842 4374 3025 4428 sedem
3060 4387 3217 4426 suam
3262 4369 3520 4423 immobi-

1935 4474 2154 4544 lemque
2194 4473 2559 4535 mansionem,
2604 4478 2659 4523 et
2697 4467 2856 4537 quasi
2887 4467 3058 4520 larem
3091 4463 3386 4533 relinquat,
3421 4463 3519 4517 sed

1938 4566 1993 4620 in
2024 4582 2090 4622 ea
2113 4565 2299 4621 omnia
2338 4561 2702 4634 perfectaque
2738 4556 3104 4630 providentia:
3135 4571 3247 4611 suae
3289 4569 3519 4609 munera

239 4669 348 4733 τὰς
377 4671 505 4732 ὅλας
538 4671 630 4723 καὶ⁹
672 4669 952 4733 παντελεῖς
1000 4669 1255 4742 προνοίας
1301 4669 1688 4742 ἀγαθουργῶν,
1741 4670 1816 4723 καὶ

1938 4661 2212 4731 perﬁciat,
2241 4667 2296 4715 et
2324 4656 2586 4729 procedat
2619 4653 2686 4708 ad
2703 4653 2908 4716 omnia,
2939 4650 3066 4708 etin
3103 4664 3162 4704 se
3193 4658 3441 4713 maneat;
3466 4656 3523 4701 et

244 4760 458 4833 προῖὼν
485 4763 577 4814 ἐπὶ
606 4761 804 4825 πάντα,
841 4763 932 4817 καὶ
969 4763 1266 4832 μένων-ἐφ’
1288 4760 1507 4825 ἑαυτοῦ,
1539 4762 1632 4814 καὶ
1660 4760 1816 4824 ἑστὼς

1941 4756 2158 4810 insistat
2180 4765 2398 4822 semper
2428 4763 2494 4803 ac
2519 4753 2821 4810 moveatur;
2845 4752 3088 4811 etneque
3103 4741 3326 4796 insistat
3343 4754 3524 4808 neque

240 4855 337 4908 ἀεὶ
369 4855 464 4906 καὶ
495 4854 829 4924 κινούμενος,
852 4854 945 4907 καὶ
975 4853 1098 4906 οὔτε
1124 4853 1316 4916 ἑστὼς,
1337 4852 1462 4906 οὔτε
1495 4853 1812 4924 κινούμενος

1942 4855 2256 4912 moveatur;
2284 4842 2380 4899 sed
2403 4856 2468 4896 ac
2491 4841 2538 4896 si
2569 4839 2690 4908 quis
2725 4837 2891 4902 dicat,
2922 4845 2983 4889 ut
3006 4834 3102 4904 qui
3138 4832 3384 4887 actiones
3409 4846 3523 4885 sua:

242 4944 364 4999 ἀλλ’
383 4945 458 5007 ὡς
490 4945 555 4998 ἄν
585 4919 669 5008 τις
701 4946 834 5017 φαίη
867 4945 966 5009 τὰς
999 4944 1360 5017 προνοητικὰς
1377 4919 1665 5017 ἐνεργείας.
1687 4947 1745 4999 ὲν
1767 4949 1816 5017 τῇ

1939 4937 2297 5012 providentiae
2328 4937 2382 4990 in
2415 4930 2831 5006 perseverantia
2851 4970 2868 4998 ,
2895 4939 2951 4987 et
2973 4929 3438 5004 perseverantiam
3465 4919 3526 4978 in

249 5039 596 5110 μονιμότητι,
628 5040 721 5093 καὶ
751 5040 850 5109 τὴν
888 5038 1053 5110 μονὴν
1086 5040 1143 5092 ὲν
1175 5039 1254 5110 τῷ
1285 5041 1550 5110 προνοεῖν,
1574 5039 1816 5110 συμφυῶι

1941 5031 2284 5104 providentia
2311 5027 2769 5099 connaturaliter.
2792 5023 2957 5081 simul
2979 5039 3046 5081 ac
3074 5036 3242 5094 supra
3268 5028 3522 5076 naturam

245 5130 371 5200 ἅμα
399 5132 494 5184 καὶ
525 5130 818 5203 ὑπερφυῶς
851 5131 1008 5202 ἔχων.

1944 5128 2164 5184 habeat.

1791 5258 1820 5330 §
1865 5255 1971 5322 IV.

339 5374 498 5427 Ἀλλά
529 5373 612 5438 τίς
643 5375 678 5446 ἡ
711 5374 909 5446 στερεά
926 5376 1120 5448 τροφὴ,
1157 5377 1250 5432 xa‘t
1277 5377 1359 5441 τίς
1379 5378 1411 5448 ή
1433 5377 1607 5449 ὑγρά;
1638 5375 1838 5439 ταύτας

248 5467 364 5538 γὰρ
417 5470 450 5539 ἡ
510 5466 689 5538 ἀγαθὴ
747 5468 910 5537 σοφία
958 5469 1247 5540 δωρεῖσθαι
1286 5469 1402 5539 ἅμα
1451 5472 1544 5522 καὶ
1592 5471 1839 5540 προνοεῖν

2018 5371 2218 5430 Verum
2257 5369 2510 5442 quisnam
2552 5370 2763 5426 solidus
2801 5369 2979 5431 cibus,
3020 5377 3075 5422 et
3115 5365 3239 5434 quis
3284 5363 3523 5432 liquidus

1947 5468 2067 5524 est?
2088 5467 2188 5523 hos
2211 5467 2358 5522 enim
2390 5465 2622 5537 benigna
2647 5459 3117 5536 sapientialargiri
3139 5456 3299 5513 simul
3323 5465 3377 5513 et
3400 5469 3531 5524 pro-1

1575 5631 1808 5694 νΑῐζΙιιΕ
1849 5629 2246 5689 LECTIONES.

319 5746 364 5777 ""
398 5745 893 5818 ἐπιστέλλωμ.εν,ῡ,
973 5747 1018 5778 ’⁸³
1051 5742 1142 5801 οὖν
1178 5762 1282 5800 non
1319 5747 1484 5801 habet
1525 5748 1584 5801 D.
1650 5747 1709 5818 75°
1747 5746 2076 5816 προνάουσα,
2115 5748 2170 5804 S.
2212 5746 2269 5800 Ρ.
2307 5746 2406 5801 Ch.
2445 5745 2507 5798 D.
2585 5739 2946 5818 ⁸¹Αὲφέεμὲνην
2974 5737 3035 5792 Ι).
3065 5734 3202 5792 δοΡο
3281 5733 3326 5765 ⁵²
3361 5728 3530 5801 ἀθρῶ·

253 5832 386 5882 τως.
471 5818 517 5850 ⁵³
553 5820 609 5872 ἐν
644 5813 882 5886 αύτῷλ).
965 5819 1007 5850 ⁵⁵
1045 5819 1260 5880 ἑαυτοῦ,
1301 5819 1361 5876 ι),
1403 5819 1460 5873 S.
1540 5820 1583 5850 ⁵⁵
1624 5817 1756 5883 ἰδίας
1791 5813 2030 5885 ἑδραίας,
2069 5820 2127 5874 5.
2225 5820 2270 5850 σθ
2305 5821 2360 5870 ὲν
2397 5818 2583 5885 ἑαυτῆ,
2623 5813 2681 5870 S.
2722 5813 2782 5869 P.
