3892 6232
1571 306 1630 366 S.
1694 310 1995 371 DlONYSll
2053 319 2519 382 AREOPAGITIE

3548 346 3696 402 in:

392 411 583 469 videre
611 414 967 483 pmdicatur.
1004 413 1259 475 Arbitror
1290 422 1475 491 itaque
1497 462 1514 487 ,
1554 424 1790 481 solidum
1832 427 1953 483 illun

392 503 573 533 ηειιηηι
619 504 953 533 :..-..n--.:l:-
993 526 1053 533 --
1088 514 1494 533 _,-_--_-___.!_
1529 530 1590 533 μ,
1633 516 1673 533 4-,
1724 519 1758 533 ,α
1842 520 1855 532 ε

2091 435 2359 505 ὑμνεῖται.
2416 440 2527 513 Τὴν
2571 444 2671 514 μὲν
2714 440 2807 500 οῦν
2851 450 3077 521 στερεὰν
3131 456 3366 527 τροφὴν,
3424 460 3696 533 σύνθημα

390 503 574 559 cibum
619 504 956 565 intellectilis
990 526 1055 567 ac
1088 514 1499 583 perseverantis
1529 516 1888 585 perfectionis
1925 538 1953 578 e

392 596 697 621 :J-_.2.--:-
728 602 877 621 -!_;,,
906 619 931 621 η
978 620 983 621 ,
1042 620 1065 621 η
1152 620 1159 621 ,
1221 606 1245 621 ρ
1656 612 1668 621 .
1706 613 1717 621 .
1786 613 1797 621 .
1887 616 1899 621 -

2086 503 2274 599 φέρειν
2306 503 2606 608 οίομαίτῆς
2627 543 2821 611 νοερᾶς
2841 544 2934 597 καὶ
2950 503 3197 617 1μονίμού
3225 503 3577 621 τελεῖότητος
3592 503 3693 609 ‘1:

392 596 698 655 identitatis
725 602 939 673 signum
963 620 1077 675 prae
1108 620 1170 661 se
1217 606 1390 674 ferre,
1437 624 1547 677 quo
1588 612 1864 683 spiritales
1887 616 1953 671 ist

2085 596 2434 696 ταύτότητος,
2460 596 2579 683 καθ’
2601 596 2755 702 ἥντά
2788 633 2909 689 θεῖα
2942 596 3083 692 κατά
3096 596 3357 696 Γίὲσ-τῶσαν
3391 596 3484 698 sua“:
3521 649 3691 701 δυνα-

388 703 582 747 sensus
614 697 916 752 secundum
943 708 1289 756 constantem
1313 716 1379 758 ac
1396 705 1739 773 potissimam
1769 717 1827 763 ct
1858 709 1974 766 sin-

386 786 632 857 gularem
659 789 803 847 illam
836 791 1173 850 individuam
1200 797 1491 854 scientiam
1526 800 1712 857 divina
1740 804 1975 873 partici-

386 889 542 949 pant,
574 897 713 954 quos
757 884 1137 943 divinissimus
1163 904 1383 959 quoque
1422 890 1626 949 Paulus
1644 894 1805 951 solidi
1842 912 1974 955 vere

384 971 493 1027 cibi
520 989 550 1028 a
584 974 856 1044 sapientia
888 978 1099 1047 accepti
1134 980 1431 1051 participes
1481 982 1637 1040 facit.
1678 984 1969 1056 Liquidum

382 1076 515 1120 vero
554 1065 741 1121 cibum
776 1066 1095 1137 signiﬁcare
1136 1070 1447 1127 doctrinam
1485 1073 1636 1128 illam
1667 1075 1970 1147 profusam,

380 1171 503 1227 qua:
526 1158 651 1214 dum
677 1160 842 1235 612
874 1178 971 1233 per
997 1165 1181 1220 omnia
1214 1176 1465 1240 vagatur,
1494 1168 1655 1223 simul
1684 1172 1849 1226 etiam
1873 1187 1971 1243 per

379 1249 532 1305 varia
560 1250 653 1307 illa
685 1254 1120 1327 multipliciaque
1144 1258 1301 1330 signa
1326 1260 1395 1316 ad
1420 1260 1729 1331 simplicem
1762 1274 1818 1320 et
1838 1280 1969 1321 con-

377 1347 615 1397 stantem
648 1343 743 1400 Dei
782 1346 1175 1417 cognitionem,
1220 1363 1317 1404 eos
1351 1365 1490 1419 quos
1517 1353 1714 1420 nutrit,
1744 1368 1843 1423 per
1877 1369 1959 1409 ac-

377 1438 780 1494 commodatam
800 1440 1066 1512 cujusque
1090 1442 1274 1511 captui
1297 1444 1596 1501 bonitatem
1625 1449 1963 1507 manuducit.

378 1526 532 1585 Hanc
559 1528 629 1585 ob
657 1546 881 1588 causam
904 1534 1119 1605 eloquia
1147 1534 1235 1588 illa
1264 1535 1451 1591 divina
1484 1539 1884 1612 spiritaliaque,
1911 1553 1967 1599 et

378 1623 515 1688 rori,
534 1632 590 1679 et
610 1637 794 1694 aquze,
824 1634 881 1681 et
906 1624 1057 1688 lacti,
1082 1635 1138 1682 et
1167 1627 1297 1682 vino
1322 1643 1388 1685 ac
1419 1632 1567 1686 melli
1602 1636 1801 1689 merito
1823 1636 1965 1691 assi-

377 1716 663 1781 milantur,
695 1718 821 1788 quia
845 1718 1156 1773 viviﬁcandi
1182 1734 1248 1774 ac
1265 1719 1595 1778 fecundandi
1625 1734 1685 1779 ut
1718 1726 1770 1780 in
1796 1743 1961 1799 aqua,

376 1821 431 1866 ct
466 1811 534 1866 ad
566 1812 972 1868 incrementum
1004 1814 1342 1883 perducendi
1385 1824 1444 1871 ut
1489 1816 1542 1871 in
1595 1818 1757 1887 lacte,
1791 1831 1847 1875 et
1878 1837 1963 1876 re-

375 1904 599 1958 creandi
640 1914 702 1959 ut
740 1905 794 1960 in
842 1906 997 1972 vino,
1028 1908 1409 1979 purgandique
1440 1911 1604 1965 simul
1634 1927 1700 1967 ac
1737 1928 1965 1969 conser-

376 1996 536 2051 vandi
568 2004 627 2052 ut
662 1998 715 2051 in
746 1997 903 2055 melle
930 2000 1040 2055 vim
1071 2001 1276 2056 habent
1307 2017 1322 2053 :
1359 2002 1459 2059 ista
1494 2005 1751 2060 nimirum
1777 2006 1961 2064 divina

373 2089 641 2160 sapientia
672 2091 844 2147 donat
867 2092 981 2148 suis
1016 2092 1263 2156 asseclis,
1296 2095 1425 2150 dum
1453 2097 1879 2155 redundantium
1902 2110 1963 2158 et

374 2182 808 2239 mdellcientium
862 2184 1190 2242 deliciarum
1242 2201 1468 2243 suarum
1503 2189 1837 2247 aﬂluentiam
1877 2195 1960 2250 eis

374 2276 602 2349 prabet,
636 2287 692 2333 et
715 2279 894 2333 adhuc
920 2276 1283 2349 supereﬂlult.
1318 2278 1465 2335 Istud
1518 2297 1713 2354 nempe
1742 2287 1958 2341 veraci-

372 2380 453 2424 ter
481 2378 567 2426 est
612 2372 855 2441 epulari:
892 2384 965 2441 et,
1010 2376 1218 2431 idcirco
1260 2384 1316 2431 ut
1352 2376 1646 2432 vivificaris
1694 2378 1860 2434 simul
1902 2390 1959 2434 et

372 2464 633 2531 parvulos
666 2467 940 2529 nutriens.
990 2484 1373 2540 renovansque
1406 2485 1469 2526 ac
1500 2473 1794 2541 perliciens
1822 2474 1959 2529 cele-

372 2563 581 2616 bratur.

2081 714 2182 785 τὴν
2226 720 2321 771 καὶ
2366 721 2574 776 ἑνιαίαν
2621 726 2716 779 καὶ
2765 727 3071 801 ἀδιαίρετον
3130 735 3331 802 γνῶσιν
3385 740 3688 810 μετέχεται

2080 808 2218 879 πρὸς
2248 810 2357 865 τῶν
2388 815 2589 886 νοερῶν
2616 818 2988 894 αἰσθητηρίων
3016 827 3259 895 ἐκείνων,
3294 826 3377 893 οἷς
3406 833 3434 883 ὁ
3462 808 3673 886 ssim-

2078 916 2169 964 τος
2200 902 2412 970 Παῦλος
2428 909 2492 963 ἐκ
2521 910 2620 981 τῆς
2641 914 2833 981 σοφίας
2861 916 3119 987 εἰληφὼς,
3146 920 3244 992 τῆς
3258 922 3428 987 ὄντως
3444 928 3686 997 στερεᾶς

2077 997 2284 1090 τροφῆς
2328 1002 2673 1071 μεταδίδωσι.
2711 1008 2822 1080 Τὴν
2866 1011 2924 1063 δὲ
2974 1012 3169 1084 ὑγρὰν,
3222 1016 3323 1087 τῆς
3350 1017 3683 1090 διαχυτεκῆς

2077 1085 2195 1159 ἅμα
2229 1091 2322 1143 καὶ
2353 1092 2448 1147 ἐπὶ
2492 1096 2669 1153 πάντα
2700 1102 2950 1172 προϊέναι
2990 1085 3322 1180 σπευδούσης
3365 1085 3677 1184 ἐπιρροῆς,

2076 1180 2169 1232 καὶ
2203 1180 2284 1235 ἔτι
2316 1183 2404 1238 διὰ
2440 1189 2703 1244 ποικίλων
2734 1195 2829 1247 καὶ
2863 1195 3075 1251 πολλῶν
3108 1200 3203 1254 καὶ
3236 1180 3543 1273 μεριστῶν,
3582 1180 3681 1259 ἐπὶ

2072 1272 2173 1343 τὴν
2202 1275 2384 1348 ἁπλῆν
2417 1281 2511 1333 καὶ
2543 1282 2759 1357 ἀτρεμῆ
2793 1286 3124 1358 θεογνωσίαν
3154 1294 3198 1325 ⁸⁷
3234 1272 3363 1357 τούς
3392 1300 3675 1368 τρεφομέ-

2074 1382 2199 1431 νους
2240 1371 2458 1438 οἰκείως
2498 1378 2685 1442 αὐτοῖς
2734 1381 3051 1454 ἀγαθότητα
3109 1389 3155 1420 ⁸⁸
3201 1390 3678 1463 χειραγωγούσης-

2072 1461 2163 1514 Διὸ
2210 1466 2304 1517 καὶ
2348 1466 2525 1541 δρόσῳ
2557 1473 2651 1525 καὶ
2685 1472 2836 1527 ὕδατι
2868 1476 2938 1530 τά
2970 1476 3090 1531 θετα
3134 1480 3227 1532 καὶ
3270 1461 3439 1551 νοῃτά
3470 1461 3673 1549 λόγιὰν

2071 1556 2163 1607 καὶ
2196 1556 2449 1624 γάλακτι,
2483 1563 2579 1615 καὶ
2610 1566 2738 1637 οῐνῳ
2767 1570 2861 1621 καὶ
2897 1569 3073 1639 μέλιτι
3106 1573 3530 1644 παρεικάζεται,
3582 1574 3674 1627 διὰ

2068 1649 2167 1721 τὴν
2201 1652 2467 1721 ζωογόνον
2501 1656 2681 1713 αὐτῶν
2712 1658 2788 1723 ὡς
2819 1661 2878 1713 ἐν
2912 1661 3061 1716 ῦδατι
3093 1663 3342 1735 δύναμιν,
3379 1666 3474 1719 καὶ
3505 1666 3677 1738 αὐξηο

2068 1744 2226 1817 τικὴν
2254 1746 2331 1809 ὡς
2372 1748 2431 1801 ἐν
2474 1749 2729 1818 γάλακτι,
2776 1755 2870 1808 καὶ
2914 1756 3262 1829 ἀναζωτικὴν
3307 1759 3384 1822 ὡς
3417 1760 3477 1812 ἐν
3510 1759 3670 1830 οἴνῳ,

2073 1841 2165 1894 καὶ
2198 1842 2537 1916 καθαρτικὴν
2571 1844 2687 1917 ἅμα
2721 1848 2816 1901 καὶ
2849 1851 3223 1922 φρουρητικὴν
3255 1852 3332 1915 ὡς
3364 1855 3425 1905 ἐν
3459 1853 3667 1924 μέλιτι·

2068 1935 2241 1989 ταῦτα
2272 1936 2382 2008 γὰρ
2427 1939 2461 2009 ἡ
2506 1938 2627 1995 θεία
2672 1941 2831 2010 σοφία
2877 1943 3133 2014 δωρεῖται
3180 1948 3293 2008 τοῖς
3341 1946 3671 2018 προσιοῦσιν

2067 2028 2315 2099 ἀφθόνων
2346 2030 2550 2097 αὐτοῖς,
2586 2035 2679 2086 καὶ
2711 2035 3076 2089 ἀνεκλείπτων
3098 2038 3339 2109 εὐωχιῶν
3372 2041 3670 2111 ἐπίῤῥοιαν

2064 2124 2380 2197 χορηγοῦσα
2421 2128 2516 2181 καὶ
2560 2128 2993 2199 ὐπερὸλύξουσα.
3039 2130 3212 2185 Τοῦτο
3252 2133 3317 2205 δὴ
3349 2134 3411 2186 τὸ
3445 2132 3669 2204 ἀληθῶς

2066 2223 2292 2294 εὐωχεῖν
2325 2226 2392 2257 ⁵³·
2426 2226 2520 2279 καὶ
2555 2224 2644 2277 διὰ
2675 2224 2848 2278 ταῦτα
2880 2224 3143 2290 ζωοποιὸς
3177 2226 3293 2297 ἆμα
3325 2229 3422 2281 καὶ
3463 2242 3665 2298 κουροφ

2064 2320 2292 2391 τρύφος,
2329 2321 2424 2375 καὶ
2469 2318 2839 2391 ἀνανεωτικὴ,
2888 2321 2984 2375 καὶ
3027 2320 3404 2393 τελεσιουργὸς
3453 2322 3636 2391 ὐμνου

2069 2412 2203 2482 μένη
2214 2453 2226 2464 .

1938 2693 1965 2765 ε
2017 2690 2091 2751 v.

436 2840 809 2915 Nempejuxta
843 2846 987 2903 hanc
1024 2864 1239 2905 sacram
1269 2854 1506 2909 convivii
1548 2850 1952 2923 expositionem

368 2935 534 2993 etiam
572 2937 802 3008 ipsemet
842 2940 1110 2998 bonorum
1153 2946 1399 3000 omnium
1435 2958 1629 3003 auctor
1654 2946 1802 3003 Deus
1838 2948 1953 3003 ine-

364 3028 534 3087 briari
560 3030 778 3100 dicitur,
804 3042 1025 3103 propter
1050 3034 1447 3106 plenissimam,
1477 3048 1551 3104 et,
1585 3054 1707 3109 qua:
1730 3052 1949 3094 omnem

2135 2854 2293 2907 Κατά
2324 2854 2525 2924 ταύτην
2557 2855 2613 2907 δὲ
2646 2854 2743 2924 τὴν
2777 2854 2926 2925 ἱερὰν
2957 2854 3057 2924 τῆς
3091 2856 3324 2926 εὐωχίας
3354 2855 3665 2922 ἀνάπτυξιν

2064 2946 2156 2999 καὶ
2180 2946 2339 3010 αὐτὸς
2375 2948 2403 2998 ὁ
2435 2947 2657 3002 πάντων
2693 2948 2915 3015 ἀγαθῶν
2948 2949 3119 3012 αἴτιος
3146 2948 3279 3012 Θεὸς
3312 2949 3536 3019 μεθύειν
3573 2950 3664 3004 λέσ

2063 3056 2251 3107 γεται,
2310 3040 2400 3093 διά
2448 3041 2547 3113 τὴν
2595 3041 2921 3113 ὐπερπλήρη
2970 3042 3065 3095 καὶ
3126 3043 3268 3114 ὑπὲρ
3318 3043 3501 3113 νὰησιν
3556 3046 3663 3115 τῆς

368 3122 784 3192 intelligentiam
829 3138 1087 3199 superat,
1137 3129 1338 3185 divinae.
1386 3130 1761 3202 epulationis,
1825 3130 1948 3198 vel,

2062 3133 2313 3204 εὐωχίας,
2348 3132 2381 3205 ἢ
2412 3133 2742 3206 κυριώτερον
2762 3136 2955 3199 εἰπεῖν,
2978 3133 3190 3199 εὐεξίας
3222 3136 3314 3189 τοῦ
3346 3136 3482 3189 Θεοῦ
3518 3156 3662 3191 παν-

368 3213 544 3283 magis
570 3217 793 3285 proprie
819 3216 1115 3288 loquendo,
1145 3219 1303 3278 bonae
1336 3222 1676 3279 habitudinis
1710 3222 1803 3279 Dei
1827 3237 1953 3293 per-

366 3299 725 3363 fectissimam
778 3318 835 3364 et
885 3310 1218 3367 inell'abilem
1292 3315 1739 3372 immensitatem.
1798 3316 1954 3374 Sicut

366 3395 509 3450 enim
538 3411 601 3451 ea
633 3414 756 3469 qua:
780 3403 928 3470 apud
972 3418 1072 3459 nos
1098 3413 1187 3459 est
1214 3406 1479 3473 ebrietas,
1525 3408 1580 3461 in
1616 3408 1950 3464 deteriorem

366 3495 581 3556 partem
604 3492 846 3559 capitur,
872 3503 1064 3564 estque
1096 3495 1390 3553 immodica
1432 3498 1684 3569 repletio,
1728 3509 1952 3571 propter

366 3594 531 3648 quam
574 3591 756 3638 mente
800 3598 1081 3656 sensuque
1126 3587 1514 3656 destituimur;
1547 3591 1628 3647 sic
1667 3593 1721 3647 in
1757 3593 1865 3648 Deo
1902 3594 1947 3648 si

365 3668 649 3725 meliorem
693 3672 746 3727 in
781 3682 993 3742 partem
1023 3677 1276 3746 capiatur
1306 3680 1575 3747 ebrietas,
1618 3682 1757 3738 nihil
1798 3683 1947 3738 aliud

363 3772 445 3816 est
476 3762 852 3834 intelligenda,
874 3782 1036 3837 quam
1066 3769 1383 3839 plenissima
1407 3773 1681 3829 bonorum
1700 3777 1946 3833 omnium

363 3857 724 3926 immensitas,
769 3874 890 3930 qua:
937 3861 1065 3919 dum
1096 3874 1339 3932 emanat,
1393 3867 1447 3922 in
1494 3869 1612 3938 ipso
1641 3871 1942 3927 secundum

362 3964 582 4005 causam
603 3954 953 4021 prmexsistit.
979 3956 1117 4022 Quin
1150 3967 1205 4013 et
1232 3960 1407 4027 ipsum
1425 3975 1620 4017 sensus
1637 3978 1943 4031 excessum,

363 4040 453 4109 qui
491 4040 814 4099 ebrietatem
840 4044 1162 4115 comitatur,
1188 4050 1440 4122 accipere
1458 4063 1679 4121 oportet
1702 4070 1801 4125 pro
1838 4060 1943 4111 ista

362 4134 457 4191 Dei
496 4138 867 4205 praecellentia
919 4157 1042 4213 qua:
1080 4153 1380 4214 exsuperat
1418 4160 1637 4202 omnem
1685 4163 1943 4218 sensum,

359 4244 641 4301 perquam
674 4234 743 4289 ab
789 4234 1132 4307 intelligendi
1186 4241 1398 4295 ratione
1444 4243 1784 4309 secernitur,
1816 4260 1941 4299 cum

359 4323 432 4377 sit
456 4337 623 4395 supra
656 4326 707 4381 id
733 4330 875 4395 quod
904 4330 1160 4402 intelligit
1189 4341 1244 4387 et
1271 4333 1614 4406 intelligitur,
1647 4337 1757 4393 imo
1776 4354 1940 4408 supra

357 4418 411 4474 td
432 4422 578 4491 quod
608 4433 712 4481 est.
736 4423 804 4479 Et
826 4442 950 4481 cum
984 4426 1310 4497 simpliciter
1332 4432 1475 4488 Deus
1500 4432 1660 4488 bonis
1689 4432 1943 4488 omnibus

354 4531 476 4585 qua:
505 4526 658 4586 sunt,
690 4518 993 4577 inebriatus
1024 4536 1150 4577 esse
1189 4524 1411 4593 dicitur,
1440 4526 1736 4597 omniaque
1781 4541 1941 4585 exce-

353 4610 511 4674 dere,
544 4620 735 4681 utpote
766 4612 858 4680 qui
889 4613 970 4669 eis
1016 4615 1308 4684 omnibus,
1343 4618 1511 4675 totius
1546 4618 1941 4678 immensitatis

352 4716 466 4756 suae.
497 4705 869 4773 praecellentia
901 4722 1237 4777 supraquam
1287 4708 1479 4781 plenus
1526 4713 1632 4778 sit,
1679 4724 1737 4767 et
1780 4724 1939 4769 extra

352 4793 558 4863 omnia,
591 4805 646 4851 et
676 4811 845 4865 supra
888 4800 1073 4854 omnia
1114 4815 1336 4857 sursum
1375 4801 1590 4860 habitet
1622 4823 1637 4861 :
1670 4806 1823 4863 hisce
1861 4808 1942 4864 lo-

353 4884 559 4955 quendi
610 4889 920 4943 rationibus
975 4891 1220 4957 inducti,
1284 4904 1604 4951 sanctorum
1662 4899 1827 4953 etiam
1884 4900 1937 4956 in

353 4992 525 5048 regno
542 4979 635 5035 Dei
660 4982 932 5050 convivia,
950 4985 1140 5039 eodem
1166 4986 1326 5043 modo
1348 4990 1703 5059 accipiemus.
1729 4992 1937 5049 Trans-

352 5071 472 5126 iens
506 5073 918 5146 eni.m,iinquit,
954 5078 1069 5148 ipse
1100 5096 1219 5149 rex,
1262 5083 1430 5140 faciet
1475 5099 1572 5141 eos
1619 5087 1935 5144 discumbe-

352 5180 434 5230 re,
462 5178 519 5221 et
542 5168 870 5226 ministrabit
909 5174 1065 5241 eisp;
1092 5192 1217 5247 quze
1254 5180 1443 5249 utique
1473 5180 1756 5237 declarant
1781 5197 1934 5237 com-

352 5273 570 5315 munem
596 5267 887 5332 quamdam
919 5277 973 5321 et
1007 5274 1333 5329 concordem
1364 5283 1682 5331 sanctorum
1722 5277 1774 5331 in
1801 5277 1937 5331 divi-

431 5430 462 5474 ι’
494 5420 631 5477 Luc.
664 5439 766 5493 xu,
802 5424 893 5480 37.

2055 3225 2181 3297 τελῆ
2218 3226 2312 3279 καὶ
2356 3226 2561 3296 ἄφατον
2596 3227 2884 3299 ἀμετρίαν.
2933 3228 3020 3291 Ὧς
3049 3229 3158 3300 γὰρ
3200 3231 3284 3299 ἐφ’
3319 3231 3475 3300 ἡμῶν
3508 3231 3659 3283 κατά

2054 3318 2114 3371 τὸ
2147 3321 2327 3389 χεῖρον
2353 3321 2387 3390 ἡ
2423 3319 2561 3391 μέθη
2598 3321 2692 3374 καὶ
2725 3320 3076 3391 ἀσύμμετρος
3096 3322 3489 3394 ἀποπλήρωσίς
3510 3324 3657 3387 ἐστι,

2056 3410 2149 3461 καὶ
2174 3410 2267 3463 νοῦ
2300 3412 2393 3464 καὶ
2421 3412 2635 3483 φρενῶν
2664 3412 2939 3477 ἔκστασις·
2977 3413 3120 3467 οὕτω
3145 3414 3288 3468 κατά
3310 3416 3369 3468 τὸ
3398 3419 3658 3487 κρεῖττον

2052 3504 2147 3557 ἐπὶ
2175 3504 2310 3558 Θεοῦ
2341 3504 2440 3577 τὴν
2474 3505 2644 3577 μέθην
2669 3507 2770 3559 οὐκ
2791 3505 2919 3559 ἄλλο
2943 3523 2995 3559 τι
3020 3507 3126 3579 χρὴ
3150 3508 3477 3561 διανοεῖσθαι
3494 3509 3657 3579 παρὰ

2052 3596 2151 3669 τὴν
2180 3598 2646 3671 ὐπερπλήρη’κατ’
2673 3599 2851 3653 αἰτίαν
2880 3598 3153 3670 προοῦσαν
3185 3602 3229 3633 ⁸ο
3254 3601 3312 3653 ἐν
3335 3600 3483 3672 αὐτῷ
3512 3603 3658 3656 πάν-

2051 3709 2159 3745 των
2187 3691 2296 3745 τῶν
2324 3692 2543 3763 ἀγαθῶν
2571 3692 2859 3765 ἀμετρίαν.
2911 3691 3070 3745 Ἀλλά
3102 3694 3197 3747 καὶ
3227 3693 3325 3765 τὴν
3350 3693 3656 3747 ἐπακολουη

2051 3786 2251 3841 θοῦσαν
2284 3791 2350 3859 τῇ
2382 3788 2520 3859 μέθῃ
2552 3787 2646 3839 τοῦ
2688 3788 2903 3858 φρονεῖν
2934 3786 2977 3817 ⁶¹
3002 3786 3283 3848 ἔκστασιν,
3316 3786 3415 3855 τὴν
3446 3787 3629 3857 ὐπερο

2050 3881 2152 3953 χὴν
2172 3880 2267 3934 τοῦ
2289 3880 2424 3935 Θεοῦ
2444 3881 2544 3952 τὴν
2573 3880 2715 3950 ὐπέρ
2747 3879 2933 3951 νόησιν
2962 3880 3192 3951 οἰητέον,
3222 3879 3342 3933 καθ’
3358 3880 3427 3950 ἢν
3447 3881 3656 3951 ἐξῄρη-

2048 3991 2139 4027 ται
2170 3973 2263 4026 τοῦ
2288 3976 2429 4027 νοεῖν
2463 3975 2603 4046 ὑπὲρ
2627 3974 2688 4027 τὸ
2716 3974 2855 4027 νοεῖν
2882 3974 2978 4036 ῶν,
3011 3974 3106 4027 καὶ
3126 3974 3268 4044 ὐπέρ
3295 3974 3356 4027 τὸ
3380 3975 3655 4039 νοεῖσθαι,

2050 4067 2143 4121 καὶ
2178 4067 2319 4138 ὐπέρ
2344 4068 2474 4121 αὐτὸ
2493 4068 2555 4121 τὸ
2575 4062 2734 4129 εἶναι,
2762 4067 2855 4121 καὶ
2877 4066 3063 4130 ἁπλῶς
3084 4067 3341 4123 ἁπάντων
3371 4069 3478 4121 ὅσα
3499 4070 3656 4123 ἐστὶν

2048 4159 2229 4228 ἀγαθά
2259 4160 2667 4231 μεμεθυσμένος
2684 4160 2799 4230 ἅμα
2820 4160 2912 4212 καὶ
2931 4159 3240 4231 ἐξεστηκὼς
3262 4161 3413 4213 ἐστιν
3435 4161 3465 4212 ὁ
3492 4160 3653 4225 Θεὸς,

2045 4252 2121 4317 ὡς
2156 4253 2376 4307 πάντων
2399 4252 2578 4306 αὐτῶν
2606 4254 2725 4324 ἀμα
2744 4253 2839 4306 καὶ
2862 4252 3221 4324 ὐπερπλήρης
3250 4252 3346 4315 ῶν,
3373 4254 3655 4324 ἀμετρίας

2050 4346 2232 4418 πάσης
2277 4345 2570 4418 ὑπερϐολὴ,
2620 4346 2714 4400 καὶ
2758 4342 2913 4411 αὖθις
2956 4345 3061 4411 ἔξω
3106 4347 3198 4400 καὶ
3229 4347 3496 4401 ἐπέκεινα
3535 4347 3652 4400 τῶν

2048 4437 2186 4491 ὅλων
2206 4438 2595 4509 ἀνῳκισμένος·
2627 4439 2735 4491 ἀπὸ
2762 4438 2827 4509 δὴ
2848 4438 3053 4492 τούτων
3089 4437 3424 4511 ὁρμώμενοι,
3456 4443 3555 4494 καὶ⁵
3584 4442 3655 4497 τὰ

1972 4508 2018 4565 D
2048 4533 2106 4584 ἐν
2138 4534 2204 4603 τῇ
2251 4508 2496 4602 βασιλείᾳ
2535 4530 2628 4583 τοῦ
2667 4508 2943 4585 Θεοῦῗτῶν
2971 4508 3132 4585 ὁσίων
3174 4533 3458 4604 συμπόσια
3505 4536 3658 4589 κατὰ

2048 4625 2140 4677 τὸν
2170 4623 2331 4676 αὐτὸν
2360 4622 2707 4694 ἐκληψόμεθα
2734 4624 2956 4695 τρόπον.
2989 4624 3285 4696 Παρελθὼν
3314 4626 3425 4697 γάρ
3458 4645 3652 4698 φησιν,

2051 4717 2216 4781 αὐτὸς
2239 4718 2267 4769 ὁ
2292 4716 2544 4787 βασιλεὺς
2573 4718 2850 4773 ἀνακλινεῖ
2872 4717 2917 4748 ⁸³
2945 4712 3165 4779 αὐτοὺς,
3215 4721 3311 4773 καὶ
3339 4720 3507 4785 αὐτὸς
3531 4722 3656 4775 δια-

2049 4812 2267 4882 κονήσει
2311 4812 2524 4875 αὐτοῖς·
2559 4812 2813 4883 ἐμφαίνει
2855 4811 2913 4864 δὲ
2953 4812 3128 4866 ταῦτα
3166 4815 3356 4885 κοινήν
3384 4832 3509 4867 τινα
3555 4815 3656 4869 καὶ

2052 4904 2416 4976 ὁμονοητικὴν
2480 4904 2588 4958 τῶν
2638 4905 2807 4974 ἁγίων
2858 4906 2952 4958 ἐπὶ
3020 4908 3135 4969 τοῖς
3188 4905 3359 4971 θείοις
3417 4907 3654 4977 ἀγαθοῖς

2055 4999 2363 5062 κοινωνίαν,
2397 4999 2492 5053 καὶ
2537 4997 2867 5070 Ἐκκλησίαν
2892 4998 3254 5070 πρωτοτόκων
3283 5001 3655 5071 ἀπογεγραμ-

2055 5093 2233 5162 μένων
2262 5093 2307 5124 ⁶³
2335 5094 2391 5145 ἐν
2429 5094 2709 5162 οὐρανοῖς,
2753 5092 2848 5145 καὶ
2886 5093 3177 5162 πνεύματα
3206 5093 3432 5149 δικαίων
3482 5097 3653 5149 πᾶσιν

2052 5186 2279 5255 ἀγαθοῖς
2304 5186 2720 5258 τετελειωμένα,
2773 5187 2866 5239 καὶ
2910 5187 3129 5239 πάντων
3171 5187 3393 5255 ἀγαθῶν
3431 5188 3649 5243 ἀποπε-

2050 5279 2339 5350 πλησμένα
2370 5280 2436 5333 δ”.
2471 5280 2578 5332 Καὶ
2608 5279 2707 5351 τὴν
2743 5279 3026 5333 ἀνάκλισιν
3056 5279 3379 5334 ἀνάπαυλαν
3418 5282 3649 5353 οἰόμεθα

1662 5553 1899 5609 VARIAE
1940 5554 2339 5612 LECTIONES.

462 5658 506 5690 "
516 5659 792 5759 οθεωριίαν,
831 5662 894 5717 D.

357 5745 477 5787 σαν,
514 5727 573 5780 Ρ.

360 5798 794 5868 πεπληρωμένα,
832 5798 888 5857 Si

998 5664 1044 5746 δέ
1074 5665 1387 5750 ἀγαθότητι,
1422 5667 1487 5723 D.
1524 5669 1594 5750 Ρἱ
1666 5672 1721 5750 δέ,
1746 5672 1943 5750 ἀληθὲς
2072 5675 2245 5750 ἔχειν,
2283 5674 2382 5729 Ch.
2423 5671 2480 5729 εὐ
2516 5675 2680 5750 ἔχειν,
2720 5676 2777 5731 S.
2852 5679 2897 5708 ⁶⁰
2933 5676 3271 5750 προσοῦσαν,
3322 5676 3380 5729 S.
3420 5677 3644 5750 προ)ῖοῦ-

677 5731 691 5815 :
726 5731 1241 5822 τῶνῢφρενῶνίειι.
1301 5731 1365 5772 ’⁸³
1400 5742 1747 5808 κατακλινεῖ,
1778 5731 1846 5800 D.'
1876 5731 1935 5798 PI
2005 5746 2047 5776 ⁸³
2083 5731 2185 5801 alia
2225 5731 2385 5802 lectio
2420 5731 2719 5822 ttota'tur_in
2758 5731 3359 5820 [λάττογεγραμμένην.
3445 5731 3489 5779 ἀ
3508 5754 3641 5803 ἀπε)
