3892 6232
255 373 278 430 l
295 376 391 430 121
1539 368 1826 426 EPISTOL

1940 369 2025 426 x1.
2054 450 2063 456 ⁴
3376 378 3520 434 uas

289 499 556 555 uenatus,
585 497 635 542 et
663 497 719 542 tu
756 489 886 559 mihi
918 486 1081 557 ferme
1105 488 1337 559 cotrvus)
1359 488 1444 542 die
1485 490 1717 557 quadam
1760 499 1934 554 sexta,
1976 499 2026 544 et
2058 490 2190 543 liora
2234 490 2356 544 item
2394 491 2505 559 fere
2543 500 2711 553 sexta,
2748 490 2829 545 sol
2876 490 3222 554 horribiliter,
3268 492 3522 549 subeunte

282 578 407 624 una,
432 561 745 613 obscuratus
779 558 940 627 fuerit
972 560 1098 630 (non
1134 560 1273 628 quod
1320 558 1480 622 Deus,
1511 561 1603 613 sed
1640 561 1781 629 quod
1821 561 1916 613 Dei
1960 577 2090 628 opus
2122 559 2237 626 (66)
2266 562 2320 614 in
2362 558 2497 615 verte
2537 563 2705 629 ipsius
2735 562 2871 615 lucis
2915 560 3159 615 occubitu
3200 561 3376 617 lucere
3413 581 3520 619 non

257 630 528 703 quiverit),
569 642 783 697 tumque
802 639 940 703 exte
960 638 1342 703 percunctatus
1370 632 1491 703 sim,
1514 632 1665 703 quid
1692 632 1807 703 tibi.
1853 632 1933 685 vir
1960 631 2401 703 prudentissime,
2423 649 2581 703 super
2606 634 2704 685 hoc
2745 632 3033 703 videretur,
3075 641 3131 684 tu
3164 643 3338 685 autem
3371 634 3521 703 ejus-

258 699 402 753 modi
442 699 749 771 responsum
789 699 1019 763 dederis,
1051 700 1192 769 quod
1220 702 1380 753 menti
1404 699 1609 767 penitus
1640 702 1887 769 inﬁxum,
1920 701 2068 753 nulla
2098 718 2316 771 prorsus
2350 702 2634 763 oblivione.
2666 702 2813 754 nulla
2844 702 2919 755 vel
2954 703 3139 755 mortis
3171 699 3406 771 imagine
3429 704 3519 757 di-

196 777 221 837 ς
258 772 370 843 labi
391 774 578 839 possit.
596 770 726 843 Cum
751 771 887 822 enim
905 780 1042 843 totus
1063 771 1201 823 orbis
1220 777 1355 823 tetra
1377 772 1707 843 tenebrarum
1728 772 1954 837 caligine
1978 769 2319 843 uniformiter
2346 772 2603 826 obductus
2630 773 2841 843 fuisset,
2864 789 2925 824 ac
2940 771 3057 840 jam
3090 769 3367 839 repurgari
3391 776 3521 829 solis

256 841 443 909 globus
468 853 515 895 et
535 841 843 894 renitescere
864 842 1170 911 accepisset,
1190 851 1299 892 tum
1318 852 1589 910 assumpta
1612 840 1843 909 Philippi
1872 841 2072 896 Aridtvi
2099 841 2302 909 regula,
2324 850 2371 893 et
2397 840 2760 909 contemplatis
2778 843 2892 894 coeli
2920 843 3140 896 orbibus
3172 844 3522 911 deprehendi-

257 928 398 983 mus,
424 913 568 983 quod
585 922 696 965 erat
720 928 924 983 quoque
947 910 1093 983 alias
1111 911 1465 983 notissimum,
1492 929 1594 983 non
1617 916 1848 980 potuisse
1874 913 1931 964 id
1964 914 2210 983 temporis
2241 912 2585 979 defectionem
2610 912 2736 966 solis
2772 914 2974 964 evenire
3000 927 3019 964 :
3043 910 3245 965 deinde
3274 913 3519 969 observa-

256 980 449 1043 vimus,
480 982 663 1036 lunam
693 982 757 1034 ab
781 981 985 1035 oriente
1014 982 1181 1035 solem
1223 982 1499 1042 subivisse,
1532 980 1746 1052 eiusque
1773 983 1950 1036 radios
1974 981 2318 1045 obstruxisse,
2346 984 2509 1035 donec
2532 992 2698 1035 totum
2728 983 3011 1052 occuleret,
3038 1000 3155 1052 qute
3183 992 3353 1036 tamen
3384 984 3520 1040 alias

257 1052 323 1104 ab
355 1054 620 1107 occidente
647 1052 803 1106 solita
828 1062 957 1123 esset
986 1068 1300 1116 occurrere;
1339 1054 1465 1121 quin
1499 1051 1886 1123 illam’quoque
1915 1053 2234 1116 notavimus,
2263 1070 2379 1105 cum
2426 1052 2495 1105 ad
2522 1063 2754 1106 extrema
2786 1051 2911 1105 solis
2942 1051 3277 1120 pervenisset,
3306 1058 3520 1123 ejusque

256 1123 558 1177 universum
603 1124 777 1176 orbem
809 1122 1109 1193 obtexisset,
1155 1133 1266 1175 tum
1311 1133 1463 1193 retro
1482 1122 1734 1193 orientem
1772 1140 1947 1176 versus
1979 1124 2285 1187 recurrisse,
2316 1124 2552 1191 quamvis
2578 1124 2633 1175 id
2660 1132 2789 1176 esset
2823 1131 3045 1188 tempus,
3089 1125 3229 1193 quod
3257 1140 3349 1178 nec
3377 1122 3520 1179 luna:

254 1196 621 1260 prtesentiam,
654 1209 747 1245 nec
769 1192 898 1246 solis
937 1209 1252 1247 concursum
1291 1192 1604 1263 postularet.
1633 1192 1747 1262 Ego
1772 1193 1957 1263 igitur,
1989 1209 2018 1245 o
2059 1194 2375 1257 multiplicis
2402 1194 2717 1247 eruditionis
2748 1194 3072 1263 sacrarium,
3102 1192 3262 1247 tanti
3296 1196 3517 1263 mysteri

256 1265 465 1333 nescius
491 1281 610 1317 cum
637 1279 821 1323 essem.
854 1264 932 1316 sic
955 1273 1002 1317 te
1025 1263 1334 1333 alloquebar
1358 1278 1379 1317 :
1412 1262 1552 1327 Quid
1580 1265 1683 1316 sibi
1717 1262 1822 1317 vult
1860 1265 1957 1317 hoc
1987 1264 2061 1316 rei
2089 1304 2102 1325 ,
2131 1280 2161 1315 o
2190 1265 2448 1333 doctrina:
2490 1264 2759 1331 speculum
2800 1262 3193 1329 Apollophanes
3218 1265 3245 1317 1’
3286 1262 3518 1318 Insolita

254 1332 361 1385 ista
396 1345 639 1401 portenta
666 1348 1074 1402 ecquorumnam
1103 1332 1197 1385 tibi
1232 1335 1607 1402 mysteriorum
1640 1334 1885 1387 videntur
1916 1334 2114 1386 indicia
2140 1334 2164 1387 ?
2191 1332 2267 1385 Tu
2297 1345 2496 1399 autem,
2540 1350 2628 1386 ore
2665 1334 2840 1385 divino
2866 1332 3032 1402 magis
3064 1351 3223 1401 quam
3271 1336 3519 1389 humanae

254 1404 394 1457 vocis
419 1421 677 1475 sermone,
709 1401 741 1454 «ί
778 1401 879 1455 Hm
910 1412 1055 1470 sunt,
1089 1420 1119 1457 o
1150 1401 1554 1475 bonefDionysi,
1597 1404 1893 1475 inquiebas,
1926 1406 2227 1475 divinarum
2259 1421 2435 1457 rerum
2485 1404 2826 1457 mutationes.
2866 1421 2884 1453 ι
2935 1401 3190 1475 Denique,
3222 1420 3341 1457 cum
3379 1406 3516 1475 diem

252 1488 559 1543 annumque
582 1474 944 1537 adnotassem,
976 1483 1029 1544 et
1050 1485 1253 1542 tempus
1277 1472 1555 1526 illud'cum
1585 1472 1674 1539 eo,
1695 1474 1835 1544 quod
1862 1475 2071 1529 Paulus
2100 1474 2225 1527 mihi
2256 1477 2523 1543 quondam
2546 1476 2611 1526 ab
2643 1490 2733 1527 ore
2763 1489 2858 1544 suo
2896 1543 2901 1544 ν
2934 1474 3178 1539 pendenti
3232 1472 3520 1527 annuntia-

252 1556 422 1615 verat,
447 1542 615 1615 signis
651 1542 1108 1598 conclamantibus
1137 1546 1462 1615 concordare
1489 1542 1788 1609 sensissem,
1815 1555 1925 1599 tum
1949 1554 1996 1598 et
2027 1546 2236 1598 veritati
2264 1542 2450 1598 manus
2475 1546 2618 1605 dedi,
2645 1554 2693 1596 et
2722 1542 3086 1615 mefalsitatis
3112 1544 3334 1615 nexibus
3357 1560 3515 1615 expe-

252 1613 352 1670 dii.
382 1612 553 1679 Quam
578 1615 800 1683 proinde
826 1615 1118 1679 veritatem,
1142 1626 1189 1685 et
1216 1613 1443 1683 miriﬁce
1469 1615 1721 1683 pra'dico,
1752 1627 1798 1668 et
1826 1618 1925 1670 tibi
1948 1618 2150 1682 iugero,
2175 1632 2293 1685 qua:
2318 1624 2394 1669 est
2422 1617 2527 1669 vita
2554 1625 2600 1667 et
2627 1617 2707 1667 via
2732 1624 2778 1667 et
2806 1614 2901 1665 lux
2926 1628 3072 1685 vera,
3093 1630 3215 1685 qua:
3248 1612 3518 1668 illuminat

251 1700 475 1739 omnem
516 1684 789 1739 hominem
816 1685 1127 1738 venientem
1167 1684 1221 1738 in
1253 1686 1397 1737 hunc
1428 1687 1690 1739 umudum
1722 1688 1763 1739 ι.
1809 1685 1908 1739 Cui
1938 1695 1987 1738 et
2017 1698 2071 1738 tu
2103 1683 2338 1753 tandem,
2383 1695 2439 1738 ut
2470 1702 2586 1738 vere
2620 1687 2856 1752 sapiens,
2880 1683 3280 1737 cessisti.’Nam
3308 1686 3515 1737 cessisti

251 1757 392 1819 vitae,
439 1772 557 1808 cum
604 1764 824 1808 mortem
883 1754 1170 1810 abdicasti.
1216 1754 1522 1825 Etioptime
1566 1772 1693 1809 sane
1731 1757 1976 1825 deinceps
2017 1756 2227 1824 feceris,
2260 1757 2304 1809 si
2351 1756 2519 1809 eidem
2552 1755 2761 1809 veritati
2794 1770 3023 1825 prorsus
3066 1753 3390 1818 adhwseris;
3439 1757 3516 1807 ita

248 1826 462 1894 quidem
495 1825 644 1879 nobis
675 1827 876 1878 arctius
907 1826 1248 1894 conjungere.
1293 1824 1441 1878 Illud
1486 1828 1648 1890 enim,
1678 1826 1813 1879 illud
1857 1844 1913 1880 os
1962 1827 2232 1879 nobiscum
2282 1826 2498 1890 posthac
2545 1828 2668 1889 erit,
2717 1824 2868 1892 cujus
2900 1824 3175 1888 splendore
3218 1825 3516 1887 verborum,

250 1898 441 1947 mentis
469 1912 597 1948 mea:
624 1897 981 1964 perstringens
1002 1893 1197 1957 aciem,
1224 1896 1411 1950 solitus
1435 1911 1574 1956 eras,
1605 1898 1876 1950 accersitis
1901 1898 2021 1949 hinc
2056 1898 2179 1949 inde
2212 1896 2498 1959 coloribus,
2540 1906 2588 1949 et
2632 1896 2811 1963 fucata
2842 1893 3152 1962 eloquentia:
3187 1895 3356 1947 nitore
3384 1894 3518 1948 intiv

248 1980 361 2018 mos
397 1966 626 2033 pectoris
660 1965 828 2018 nostri
854 1980 1091 2019 recessus
1121 1977 1442 2029 pertentare,
1471 1965 1575 2018 imo
1602 1977 1651 2019 et
1680 1968 1956 2020 nonnullis
1986 1967 2255 2019 interdum
2282 1966 2663 2019 maledicentia:
2688 1964 2883 2017 aculeis
2913 1980 3008 2015 nos
3036 1966 3218 2016 acrius
3251 1964 3511 2032 fodicare.

253 2035 435 2100 Quare
481 2037 927 2105 quemadmodum
961 2038 1210 2100 antehac,
1266 2048 1322 2089 ut
1362 2046 1473 2089 tute
1516 2037 1777 2105 fatebare,
1819 2038 2078 2090 doctrina:
2109 2034 2448 2099 Cltristiante,
2499 2051 2878 2099 sacrarumque
2933 2035 3231 2087 litterarum
3276 2036 3517 2102 quamvis

160 2137 172 2149 ο
246 2107 439 2170 sapida
462 2106 825 2176 cognitiotibi
870 2122 976 2160 non
1004 2108 1265 2176 sapiebat,
1297 2106 1389 2160 sed
1420 2123 1539 2159 cum
1571 2108 1639 2158 ad
1675 2124 1791 2160 eam
1830 2107 1909 2160 vel
1941 2108 2325 2175 degustandum
2350 2115 2558 2159 tantum
2588 2109 2887 2166 accederes,
2926 2120 2957 2156 a
2986 2106 3172 2158 mentis
3206 2113 3314 2176 tua:
3335 2106 3514 2173 palato

248 2174 611 2239 resiliens,iac
640 2175 777 2228 velut
809 2174 1102 2245 dedignaris
1129 2178 1184 2231 in
1214 2191 1421 2241 pectore
1468 2187 1556 2229 tuo
1595 2183 1769 2229 sedem
1812 2174 2306 2245 ponereresistebat
2339 2193 2358 2231 :
2392 2177 2466 2229 ita
2496 2177 2651 2229 modo
2684 2188 2957 2243 postquam
2990 2191 3081 2227 cor
3118 2174 3418 2244 intelligens
3449 2190 3516 2227 ac

246 2248 529 2313 providum
564 2263 617 2299 es
657 2258 866 2310 nactus,
913 2257 1013 2301 tete
1038 2249 1108 2299 ad
1141 2263 1368 2316 superna
1397 2248 1553 2315 erige,
1593 2263 1756 2314 neque
1781 2265 1875 2315 pro
1904 2249 1969 2301 iis
1991 2264 2110 2315 qua:
2152 2262 2256 2299 non
2299 2257 2442 2313 sunt,
2472 2262 2533 2298 ea
2562 2262 2678 2315 qua:
2703 2262 2819 2298 vere
2846 2255 2965 2297 sunt
2999 2246 3237 2310 dimitte;
3280 2245 3519 2314 adeoque

244 2327 436 2369 contra
480 2333 594 2377 eos,
636 2318 810 2385 quite
846 2318 915 2370 ad
966 2316 1105 2384 falsa
1148 2318 1570 2385 provocaverint,
1621 2327 1769 2369 tanto
1806 2318 1860 2371 in
1893 2330 2160 2386 posterum
2197 2328 2307 2369 esto
2347 2318 2691 2381 pertinacior,
2735 2326 2931 2386 quanto
2974 2324 3028 2366 tu
3067 2316 3236 2377 nobis,
3275 2330 3394 2367 cum
3444 2316 3515 2367 ad

245 2387 519 2457 veritatem
556 2384 687 2457 votis
715 2387 958 2440 omnibus
990 2384 1353 2453 invitarentus,
1379 2388 1625 2440 exstitisti
1650 2384 1995 2455 pervicacior.
2030 2387 2121 2441 Sic
2141 2389 2280 2440 enim
2302 2403 2394 2457 ego
2424 2388 2480 2441 in
2514 2386 2737 2440 Domino
2759 2384 2911 2448 Iesu,
2947 2386 3056 2453 (qui
3078 2396 3151 2438 est
3181 2400 3291 2438 esse
3313 2401 3515 2440 mecum

243 2467 292 2509 et
337 2456 525 2527 vit-ere)
565 2456 719 2511 (tctus
751 2458 939 2512 dehinc
961 2458 1187 2524 moriar,
1221 2458 1648 2529 quandoquidem
1675 2468 1722 2510 et
1751 2467 1809 2511 tu
1840 2459 1899 2512 in
1926 2474 1984 2512 eo
2011 2459 2178 2511 vivas.

1470 2611 1679 2666 PETRI
1716 2612 2073 2670 LANSSELII
2106 2614 2344 2672 ΝΟΤΛΕ.

319 2750 439 2822 (64)
476 2749 713 2821 Jamjam
749 2751 821 2805 ad
868 2757 915 2803 te
958 2751 1133 2806 cordis
1162 2767 1333 2817 amor,
1360 2759 1471 2806 etc.
1507 2749 1606 2805 Illa
1650 2751 1830 2807 sancti
1859 2758 1910 2814 Α
1935 2751 2224 2821 aliquando
2248 2752 2526 2815 incidisse,
2552 2750 2643 2807 sed
2676 2765 2821 2805 nunc
2849 2750 3104 2805 eamdem
3141 2749 3511 2806 intercidisse.

245 2843 493 2914 DiOnysii
520 2843 758 2912 Epistola
781 2843 847 2897 ad
865 2843 1297 2914 Apolloplianem
1318 2844 1431 2914 jam
1454 2845 1830 2900 Christianum

246 2934 637 3006 rudiore-stylo
662 2936 918 3005 primitus
940 2950 971 2990 e
991 2934 1184 2991 Graeco
1209 2937 1262 2990 in
1288 2934 1544 2990 Latinum
1569 2952 1831 2993 conversa

245 3028 376 3092 fuit,
405 3036 465 3081 ut
492 3028 712 3096 quidem
746 3038 1174 3097 repraesentatur
1214 3028 1283 3082 ab
1327 3025 1585 3084 llilduino
1610 3029 1828 3101 abbate,

244 3120 301 3173 iu
330 3119 448 3173 Vita
490 3114 552 3172 S.
582 3122 828 3193 Dionysii
848 3120 949 3191 (α),
993 3121 1324 3192 octingentis
1351 3130 1478 3177 ante
1511 3122 1668 3177 annis
1693 3123 1830 3177 scri-

243 3219 361 3280 pta.
395 3210 460 3264 Et
482 3211 660 3281 stylus
690 3214 783 3265 vix
814 3212 1064 3281 Latinus,
1096 3228 1160 3269 ac
1188 3228 1260 3269 ne
1286 3213 1378 3268 vix
1404 3214 1626 3285 quidem
1649 3216 1832 3287 arguit

244 3319 279 3358 ε
314 3304 504 3359 Grmco
533 3320 656 3360 esse
680 3320 919 3360 versam.

317 3396 641 3469 Exemplum
684 3411 868 3454 autem
926 3398 1181 3454 Graecum
1238 3399 1457 3456 venisse
1501 3401 1719 3455 videtur
1769 3398 1828 3456 in

242 3505 443 3546 manus
488 3490 548 3546 S.
596 3492 845 3558 Maximi,
877 3492 973 3547 sed
1023 3502 1208 3563 postea
1256 3492 1542 3559 amissum,
1587 3509 1712 3549 cum
1763 3494 1830 3549 ad

244 3582 548 3652 Epistolam
595 3584 841 3656 Dionysii
886 3584 976 3647 10,
1026 3600 1145 3654 quae
1188 3594 1276 3639 est
1308 3585 1374 3639 ad
1423 3583 1710 3653 Joannem,
1750 3586 1825 3641 ita

241 3678 480 3730 scribat:
513 3676 874 3748 ’Υποθώμεθα
900 3676 955 3729 δὲ
968 3677 1058 3729 τὸν
1073 3676 1212 3730 θεῖον
1236 3677 1532 3745 Διονύσιον,
1546 3678 1633 3730 ὅτε
1649 3678 1716 3731 τὰ
1736 3680 1828 3733 ἐπὶ

243 3766 323 3838 τῷ
352 3768 571 3840 σταυρῷ
591 3768 687 3822 τοῦ
712 3770 920 3840 Κυρίου
936 3764 1095 3835 εἶδεν,
1112 3758 1251 3822 εἶναι
1280 3776 1356 3822 κε’
1378 3769 1535 3834 ἐτῶν,
1559 3769 1653 3824 ἅτε
1674 3766 1828 3843 οἶμαι

244 3860 340 3912 καὶ
376 3858 456 3912 ἔτι
485 3860 951 3929 ἀναγινώσκοντα.
991 3860 1364 3932 Supponamus
1396 3872 1595 3929 autem,
1630 3864 1825 3934 inquit,

242 3964 483 4004 sanctum
530 3952 848 4022 Dionysium
880 3993 896 4019 ,
948 3957 1161 4024 quando
1207 3954 1311 4007 ista
1359 3965 1571 4024 propter
1612 3954 1827 4011 Domini

242 4056 451 4094 crucem
504 4043 750 4113 prodigia
804 4047 1093 4109 conspexit,
1139 4042 1309 4111 fuisse
1365 4046 1548 4114 viginti
1597 4050 1825 4117 quinque

243 4148 530 4201 annorum,
559 4136 1007 4204 quemadmodum
1040 4153 1122 4191 me
1148 4138 1324 4192 adhuc
1355 4139 1540 4209 legisse
1569 4140 1819 4196 arbitror.

244 4224 336 4277 Sic
361 4225 472 4279 ille.
500 4226 636 4280 Cum
678 4237 858 4282 autem
895 4230 948 4283 id
980 4230 1184 4285 diserte
1224 4232 1279 4286 in
1320 4230 1423 4286 bac
1462 4233 1530 4286 ad
1566 4231 1821 4304 Appollo-

234 4316 481 4385 pbanem
523 4316 769 4388 Epistola
820 4335 1143 4391 expressum
1200 4325 1531 4394 reperiatur,
1592 4334 1648 4379 et
1691 4325 1821 4381 alibi

235 4421 512 4477 nusquam
543 4412 809 4468 credibile
840 4424 926 4469 est
950 4413 1246 4471 Maximum
1276 4416 1333 4471 in
1368 4432 1491 4473 eam
1522 4417 1819 4487 Epistolam

317 4568 337 4603 ι
368 4564 527 4623 Joan.
558 4583 599 4635 ι,
636 4568 695 4623 9.

304 4747 377 4872 (aq
395 4745 695 4813 Patrologia:
722 4749 903 4800 Latina:
927 4756 963 4798 t.
990 4749 1108 4809 CVI,
1135 4751 1225 4799 col.
1252 4751 1331 4799 55.

305 4817 353 4872 (o
401 4809 561 4861 Aliter
580 4812 778 4861 omnino
798 4814 1026 4872 plerique
1072 4810 1297 4864 sentiunt

1933 2846 2182 2912 Accedit,
2232 2845 2379 2915 quod
2431 2855 2540 2899 tam
2588 2852 2971 2915 argumentum
3018 2844 3193 2912 ipsius
3235 2842 3514 2913 Epistolas,

1934 2953 2098 3009 quam
2126 2938 2251 3008 styli
2277 2937 2453 2992 Gra‘ci
2482 2938 2709 3006 vestigia
2746 2936 2893 3006 (quae
2932 2936 3109 3005 magis
3140 2935 3196 2990 in
3229 2936 3351 2989 rudi
3393 2951 3518 2991 ver-

1933 3033 2089 3086 sione
2129 3032 2303 3086 notari
2337 3038 2566 3101 possunt
2610 3038 2666 3084 et
2710 3029 2911 3095 solent,
2944 3043 3107 3099 quam
3151 3028 3203 3081 in
3234 3028 3514 3099 politiore)

1931 3124 2184 3193 spiritum
2214 3132 2270 3179 et
2305 3124 2612 3180 orationem
2641 3122 2853 3193 spirent
2885 3121 3061 3176 sancti
3118 3119 3370 3191 Dionysii
3411 3119 3510 3190 (b).

2005 3215 2122 3287 (65)
2153 3215 2306 3285 Sarpe
2336 3217 2475 3271 enim
2505 3216 2600 3269 tibi
2641 3225 2688 3269 et
2719 3214 2929 3284 quidem
2972 3220 3219 3268 accurate
3261 3214 3505 3280 exposui,

1931 3316 2039 3365 etc.
2066 3307 2192 3363 Haec
2218 3308 2464 3363 indicant
2501 3307 2815 3378 frequentes
2855 3305 3099 3376 Dionysii
3133 3320 3256 3360 cum
3285 3305 3511 3375 Apollo-

1932 3400 2116 3469 phane
2154 3400 2576 3471 congressiones
2620 3408 2676 3453 et
2726 3399 3147 3467 disputationes,
3190 3399 3269 3453 uti
3314 3408 3371 3454 et
3416 3398 3511 3453 illa

1930 3506 2052 3562 quae
2080 3500 2201 3561 post
2231 3490 2419 3547 subdit
2443 3508 2456 3545 :
2490 3490 2693 3556 Quibus
2718 3491 2845 3545 mihi
2867 3506 2972 3544 non
2994 3489 3176 3555 semel,
3199 3490 3290 3545 sed
3318 3492 3513 3559 saepius

1931 3585 2269 3654 respondisti,
2299 3595 2407 3640 etc.

2002 3676 2116 3747 (66)
2150 3675 2272 3731 Non
2298 3676 2439 3747 quod
2469 3675 2636 3744 Deus,
2664 3676 2756 3730 sed
2783 3677 2927 3746 quod
2960 3675 3059 3729 Dei
3090 3691 3247 3744 opus,
3275 3683 3384 3730 etc.
3415 3674 3515 3729 Est

1930 3769 2174 3841 Dionysii
2206 3772 2272 3823 ad
2314 3770 2755 3840 Apoll0pbanem
2779 3770 3094 3840 occupatio,
3127 3783 3235 3838 qua
3267 3768 3515 3823 occurrit

1931 3862 2112 3919 tacita:
2158 3863 2475 3934 objectioni,
2503 3878 2669 3933 quam
2717 3878 2938 3918 movere
2979 3862 3249 3932 potuisset
3289 3860 3513 3930 Apollo-
3560 3896 3563 3905 -

1928 3955 2160 4026 plianes,
2177 3955 2907 4021 dicens,extraordinarium
2930 3955 3061 4010 solis
3072 3966 3128 4010 et
3153 3954 3294 4008 lunae
3311 3968 3511 4009 occur-

1929 4063 2048 4103 sum
2111 4064 2233 4103 cum
2270 4048 2457 4105 densis
2488 4049 2747 4115 tenebris,
2769 4050 2954 4103 vocari
2983 4047 3296 4101 divinarum
3330 4057 3509 4099 rerum

1930 4144 2298 4209 mutationes;
2331 4144 2460 4212 quia
2485 4142 2698 4197 scilicet
2718 4142 2801 4197 sol
2835 4150 2892 4197 et
2925 4140 3053 4195 luna
3086 4140 3161 4195 dii
3191 4141 3300 4195 sint
3328 4146 3382 4193 et
3406 4140 3511 4192 hac

1930 4234 2199 4300 beantur;
2256 4236 2484 4304 ideoque
2550 4249 2741 4289 eorum
2790 4233 3133 4304 prodigiosae
3179 4231 3510 4287 mutationes

1928 4342 2113 4382 rerum
2158 4340 2284 4383 esse
2322 4327 2631 4383 divinarum
2677 4328 3089 4384 conversiones.
3143 4326 3219 4380 De
3263 4339 3372 4395 quo
3393 4323 3508 4391 jam

1929 4420 2017 4489 egi
2044 4421 2205 4476 initio
2231 4420 2425 4491 capitis
2455 4419 2653 4477 fusius.

401 4809 561 4861 Aliter
580 4808 778 4861 omnino
798 4814 1026 4874 plerique
1072 4810 1297 4864 sentiunt
1334 4813 1554 4864 editores
1598 4814 1819 4877 Operum
1850 4808 1902 4859 S.
1928 4808 2176 4876 Dionysii.
2205 4812 2330 4866 Vide
2352 4813 2733 4876 Prolegomena,
2755 4811 2849 4859 col.
2875 4810 2954 4863 56.
2980 4809 3113 4860 Ευιτ.
3142 4809 3294 4858 Pun.
