3892 6232
374 334 515 389 Ιηῦ

376 486 1493 512 ι-ρψ

1555 320 1592 365 S
1656 317 1953 368 ltIUN\S||
2010 311 2475 362 AKI‘.')I’A(-|'l';i‘i

1580 462 3199 491 mm

903 558 1688 741 LITURGIA
1750 595 2319 729 SANCT-I
2400 592 3110 720 DIONYSII

3530 305 3671 353 ili-3

1535 816 1915 876 A'I'llENARU
1928 814 1976 867 Μ
2020 811 2328 867 EPISCOPI
2372 812 2418 881 (ί
2433 812 2470 879 ).

414 976 764 1045 (Liturgiarmu
790 969 1111 1023 Orientalium
1140 963 1365 1020 Collectlo
1389 974 1540 1023 opera
1566 968 1619 1009 et
1643 953 1984 1073 ιῗδέἑὶῗοιέἰᾶῗρ

2093 949 2385 1073 Rea-agam?
2423 950 2653 1009 Parisini,
2686 950 2808 998 edit.
2842 950 3077 1010 secunda,
3103 949 3379 1001 Frandurti
3404 953 3469 1001 ad
3515 951 3638 1004 Mte-

2104 1048 2114 1070 ,
2142 1026 2189 1073 p.
2335 1050 2343 1058 .

1767 1055 1779 1078 ,
1820 1047 1956 1064 ιυσι.
1988 1047 2025 1059 ι·
2054 1047 2114 1070 ιι,
2143 1047 2189 1073 ro
2236 1047 2343 1059 ,νι-

720 1254 967 1308 Primum
1006 1248 1192 1302 Oratio
1224 1256 1342 1299 ante
1378 1242 1593 1295 Pacem.

441 1351 727 1408 Sacerdos.
790 1346 1021 1401 Domine
1074 1344 1214 1395 Deus
1268 1339 1359 1408 qui
1413 1352 1472 1391 es
1526 1331 1793 1399 simplex,
1856 1339 1964 1378 non

369 1444 706 1513 compositus
770 1435 1237 1502 absconditusque
1294 1431 1346 1482 in
1410 1425 1647 1479 essentia
1708 1419 1968 1480 sublimi,

370 1512 512 1599 nens
552 1534 715 1587 Pater
750 1546 777 1584 a
818 1544 927 1598 quo
984 1542 1181 1580 nomen
1229 1523 1392 1575 habet
1438 1518 1618 1572 omnis
1668 1512 1971 1582 paternitas

371 1645 491 1697 qua:
524 1629 575 1681 in
605 1625 746 1679 cmlo
774 1633 859 1677 est
900 1630 954 1675 et
995 1620 1044 1672 in
1075 1628 1240 1677 terra,
1278 1613 1612 1678 Principium
1648 1604 1968 1666 divinitatis,

378 1736 571 1774 eorum
606 1719 699 1786 qui
732 1727 939 1769 naturze
974 1714 1170 1766 divina:
1204 1706 1559 1777 participant,
1600 1711 1652 1755 et
1701 1700 1973 1769 perfector

380 1827 570 1866 eorum
604 1812 693 1878 qui
729 1805 1121 1875 perfectionem
1159 1806 1574 1865 consequuntur
1611 1810 1624 1846 :
1668 1793 1845 1845 bonus
1877 1804 1973 1841 su-

386 1921 483 1974 per
520 1903 703 1955 ornuia
744 1903 885 1955 bona
930 1897 1269 1965 pulcherque
1295 1906 1460 1961 supra
1490 1888 1670 1942 omnia
1707 1884 1929 1955 pulchra
1960 1902 1969 1933 :

378 1995 749 2062 tranquillitas
780 1991 1025 2061 pacifica,
1077 1982 1518 2056 pax,concordia
1576 1993 1630 2032 et
1683 1977 1813 2030 uuio
1845 1988 1975 2027 om-

384 2095 531 2145 nium
559 2090 888 2142 animorum.
916 2082 1191 2148 Compone
1216 2077 1437 2130 dissidia
1463 2088 1585 2142 quzc
1612 2086 1710 2124 nos
1742 2069 1977 2121 invicem

391 2180 665 2241 dividunt,
686 2186 739 2229 et
764 2176 931 2227 reduc
959 2188 1019 2224 ca
1036 2171 1101 2223 ad
1125 2171 1377 2222 unionem
1403 2162 1709 2225 charitatis,
1728 2174 1851 2229 qua:
1878 2157 1981 2211 ali-

378 2288 543 2341 quam
563 2266 816 2324 essentia:
836 2276 937 2318 tua:
962 2263 1209 2317 sublimis
1232 2258 1649 2314 similitudinem
1676 2255 1894 2309 habeat.
1915 2251 1982 2304 Et

381 2368 526 2419 sicut
556 2376 695 2414 unus
721 2373 780 2412 es
797 2370 959 2425 super
980 2353 1184 2413 omnia,
1209 2352 1291 2403 fac
1321 2366 1421 2403 nos
1450 2363 1637 2411 unum,
1664 2360 1764 2415 per
1780 2342 1981 2397 unani-

380 2457 626 2510 unitatem
656 2453 811 2507 bona:
840 2449 1059 2509 mentis,
1090 2455 1147 2498 ut
1177 2443 1470 2511 simplices,
1498 2450 1552 2494 et
1581 2454 1683 2492 non
1710 2437 1868 2492 divisi
1901 2435 1983 2489 in-

382 2547 670 2604 veniamur
712 2556 895 2597 coram
935 2548 986 2592 te
1028 2538 1081 2591 in
1119 2549 1364 2605 tempore
1400 2536 1497 2586 hoc
1532 2531 1776 2602 mystcrii
1822 2544 1984 2598 pera-

387 2636 581 2705 gendi:
610 2645 775 2703 utque
802 2646 899 2701 per
923 2630 1203 2698 amplexus
1232 2626 1537 2691 charitatis,
1562 2633 1616 2677 et
1649 2637 1820 2676 nexus
1850 2621 1982 2675 dile-

390 2730 612 2791 ctionis,
630 2723 989 2795 spiritualiter
1004 2737 1170 2775 unum
1188 2721 1379 2779 simus,
1399 2729 1505 2771 tam
1528 2717 1809 2770 nobiscum
1827 2714 1976 2782 ipsis,

387 2836 550 2889 quam
582 2820 648 2871 ad
684 2818 939 2877 invicem,
967 2829 1064 2880 per
1090 2828 1278 2882 paceni
1304 2812 1453 2863 illam
1487 2820 1636 2863 tuam
1662 2806 1848 2862 omnia
1882 2822 1981 2874 pa-

387 2923 627 2975 eantem,
669 2927 766 2980 per
808 2910 1040 2979 gratiam
1076 2917 1130 2960 et
1159 2904 1593 2959 misericordiam
1621 2914 1978 2967 amoremque

388 3020 516 3073 erga
548 3004 801 3056 homines
827 3000 1091 3070 uuigeniti
1124 2999 1248 3052 Filii
1289 2997 1393 3060 tui,
1452 3011 1549 3065 per
1586 3010 1747 3063 quem
1774 3002 1829 3047 et
1860 3008 1982 3046 cum

392 3113 498 3167 quo
524 3108 573 3151 te
606 3100 760 3150 decet
789 3095 985 3163 gloria,
1008 3096 1182 3148 honor
1202 3100 1255 3146 et
1280 3090 1591 3161 imperium,
1624 3103 1747 3143 cum
1774 3086 1981 3157 Spiritu

393 3205 487 3243 tuo
519 3189 889 3244 sanctissimo.

461 3282 724 3351 Populus.
759 3282 956 3336 Amen.

461 3374 747 3429 Sacerdos.
776 3373 911 3427 Pax.

461 3464 725 3531 Populus.
764 3465 828 3518 Et
864 3480 989 3517 cum
1029 3463 1222 3533 spiritu
1259 3471 1371 3517 tuo.

466 3560 756 3613 Diaconus.
794 3559 888 3612 Det
915 3572 1101 3626 pacem
1128 3557 1514 3625 unusquisque.

466 3652 729 3722 Populus.
762 3650 991 3706 Omnes.

465 3745 756 3799 Diaconus.
788 3741 938 3796 Post.

468 3835 727 3906 Populus.
757 3836 955 3888 Coram
991 3842 1042 3888 te
1074 3832 1323 3888 Domine.

467 3928 751 3984 Sacerdos.
782 3928 950 3980 Dator
976 3924 1290 3979 sanctitatis
1317 3931 1370 3978 et
1395 3923 1628 3993 largitor
1646 3924 1828 3979 omnis
1854 3923 1979 3978 bom
2009 3944 2051 3999 ρ

398 4022 650 4087 Domine,
673 4022 765 4090 qui
797 4036 1017 4074 omnem
1050 4030 1237 4075 crcatu
1253 4035 1365 4073 ram
1415 4017 1739 4074 rationalem
1772 4022 1980 4073 sancti-

399 4124 509 4168 tate
545 4128 665 4183 qua:
695 4131 724 4166 a
762 4124 812 4167 te
839 4122 943 4178 est,
978 4114 1290 4168 sanctificas
1323 4127 1337 4165 :
1366 4115 1646 4168 sanctilica
1682 4128 1779 4182 per
1810 4113 1984 4183 Spiri-

400 4218 512 4261 tum
562 4217 711 4260 tuum
750 4214 1022 4269 sanctum,
1055 4222 1154 4261 nos
1199 4222 1386 4262 servos
1433 4218 1581 4272 tuos,
1629 4208 1721 4276 qui
1752 4207 1984 4261 inclina-

399 4316 521 4353 mur
550 4315 736 4354 coram
776 4309 827 4352 te
855 4318 868 4353 :
902 4299 1074 4352 libera
1108 4314 1205 4353 nos
1238 4301 1306 4353 ab
1338 4301 1596 4354 omnibus
1629 4301 1985 4369 passionibus

400 4392 691 4446 servilibus
738 4392 971 4461 peccati,
1030 4392 1098 4445 ab
1154 4392 1389 4456 invidia,
1441 4391 1585 4455 dolo,
1640 4390 1983 4458 deceptione,

399 4484 550 4547 odio,
586 4485 910 4549 inimicitiis,
946 4495 1001 4538 et
1040 4485 1111 4537 ab
1144 4500 1208 4538 eo
1246 4485 1341 4555 qui
1382 4484 1570 4538 eadem
1622 4492 1900 4552 operatur,
1930 4494 1988 4537 ut

403 4592 710 4631 mereamur
740 4587 929 4631 sancte
959 4578 1224 4647 perlicere
1251 4577 1617 4631 ministerium
1664 4576 1860 4630 horum
1896 4592 1989 4632 sa-

400 4714 419 4737 υ
464 4707 551 4787 ,(1)
580 4707 961 4787 Αιςρορεξεὶῐειη)
1015 4709 1105 4787 hic
1150 4708 1787 4787 .lacobiteintclligunt,
1825 4726 1985 4787 quem

402 4779 569 4830 etiam
626 4779 860 4832 Arabice
921 4780 1212 4843 Baulousi,
1278 4779 1565 4834 Paulinum
1616 4792 1816 4835 vocant
1874 4783 1989 4835 sive

406 4848 561 4921 Pauli
609 4850 955 4919 discipulum.
1005 4851 1133 4917 Ejus
1175 4850 1320 4903 enim
1380 4851 1546 4903 libros
1597 4866 1694 4919 pro
1736 4853 1990 4921 germinis

407 4920 635 4991 habent,
687 4931 741 4972 et
790 4922 1023 4991 majores
1068 4936 1259 4974 eorum
1310 4920 1855 4991 lilonophysitagiqui
1889 4923 1990 4973 sub

405 4988 738 5056 Justiniano,
772 4988 915 5043 anno
951 4989 1001 5044 .l.
1036 4992 1097 5045 C.
1133 4991 1259 5055 552,
1286 4988 1758 5060 Constantinopoli
1788 4988 1855 5045 de
1885 4992 1990 5043 fide

406 5060 753 5113 collationem
802 5077 923 5114 cum
983 5064 1304 5117 orthodoxis
1356 5063 1705 5123 habuerunt,
1772 5062 1986 5113 illorum

409 5131 575 5203 primi
605 5132 936 5203 testimoniis
970 5133 1053 5185 nsi
1081 5144 1231 5196 sunt,
1259 5136 1403 5203 quod
1432 5150 1459 5185 a
1495 5134 1625 5184 viris
1644 5132 1991 5203 doctissimis

410 5202 612 5254 dudum
660 5200 764 5254 fuit
805 5202 1155 5255 observatum
1194 5200 1291 5273 (a).
1336 5202 1391 5255 ln
1427 5204 1595 5255 variis
1630 5201 1991 5255 Collectaneis

412 5273 810 5324 sententiarum
866 5288 932 5325 ex
989 5274 1227 5341 antiquis
1286 5275 1555 5337 Patribus,
1608 5276 1673 5325 ad
1716 5275 1988 5342 opinionis

412 5356 524 5395 suae
552 5342 950 5405 defensionem,
981 5355 1201 5397 exstant
1233 5346 1505 5399 nonnullie
1533 5360 1596 5397 ex
1635 5342 1898 5409 ejusmodi
1926 5345 1989 5397 li-

413 5412 527 5463 bris
561 5428 574 5463 :
606 5423 659 5485 et
687 5428 761 5485 ea
791 5414 1031 5485 ratione,
1069 5414 1358 5485 Dionysius
1393 5416 1533 5467 inter
1567 5415 1821 5468 Ecclesia:
1882 5416 1989 5469 Du-

413 5492 599 5560 ctores
625 5481 984 5560 i.n_Diptychis
1010 5481 1326 5560 frequenter
1347 5488 1990 5560 uumeratur._Atqueilla

416 5553 725 5628 verisimilis
761 5570 925 5607 causa
971 5565 1076 5617 est,
1114 5572 1213 5608 cur
1260 5558 1377 5627 ejus
1421 5560 1641 5608 nomine
1683 5555 1990 5628 Liturgiam

416 5622 744 5699 singularem
779 5628 1203 5699 composuerint,
1245 5622 1350 5680 nun
1389 5628 1547 5699 quod
1586 5627 1751 5678 multa
1800 5622 1868 5699 ad
1904 5646 1991 5699 sa-

417 5704 538 5742 crus
573 5695 711 5745 ritus
739 5698 1044 5761 spectantia
1090 5696 1375 5751 hauserint
1412 5714 1477 5749 ex
1515 5698 1671 5751 libris
1702 5699 1770 5750 de
1805 5695 1992 5752 Eccle-

482 5804 549 5865 (ιι)
590 5806 705 5853 Mor.
735 5804 801 5858 De
836 5821 961 5858 sacr.
999 5811 1106 5859 ord.
1138 5823 1180 5870 p.
1208 5814 1255 5874 2,

1986 1239 2031 1294 Α
2062 1208 2467 1282 ετηιιίριιιοτυπη
2501 1226 2920 1291 vivificantium,
2960 1240 3057 1295 per
3085 1225 3404 1293 pontificem

2066 1318 2399 1377 stemJesum
2428 1320 2709 1375 Christum
2740 1320 3081 1389 unigenitum
3117 1319 3314 1373 Filium
3352 1332 3542 1385 tuum,
3576 1335 3675 1391 per

3501 1222 3669 1276 cccle-

2072 1428 2235 1482 quem
2262 1422 2318 1465 ct
2341 1428 2464 1466 cum
2494 1427 2605 1481 quo
2645 1420 2700 1466 te
2732 1412 2889 1467 decet
2911 1410 3081 1481 gloria
3106 1419 3159 1465 et
3192 1412 3393 1467 honor.

2165 1515 2417 1587 Populus.
2453 1516 2637 1569 Amen.

2158 1617 2446 1672 Sacerdos.
2480 1617 2766 1673 Exsistens
2809 1616 3175 1671 essentialiter
3228 1626 3283 1671 et
3323 1617 3393 1670 ab
3438 1626 3676 1678 aeterno,

2075 1708 2234 1776 cujus
2264 1720 2460 1762 natura
2498 1709 3079 1779 incomprehensibilis
3108 1719 3212 1775 est,
3245 1710 3339 1778 qui
3386 1726 3566 1778 prope
3595 1725 3679 1771 es,

2077 1814 2128 1859 et
2154 1817 2392 1875 prtescns
2423 1803 2698 1867 omnibus,
2733 1802 2943 1873 absque
2996 1802 3104 1855 ulla
3156 1802 3530 1857 sublimitatis
3577 1815 3684 1857 tuae

2080 1896 2422 1951 mutatione:
2459 1895 2617 1963 cujus
2669 1894 2971 1948 bonitatem
3031 1894 3238 1963 appetit
3284 1903 3338 1948 et
3391 1895 3685 1948 desiderat

2082 1990 2445 2055 quodcunque
2500 1988 2746 2049 exsistit;
2770 1986 3140 2055 iutelligibiles
3183 1986 3404 2054 quidem
3431 1997 3492 2040 et
3523 1986 3686 2040 intel-

2088 2080 2234 2135 lectu
2271 2079 2513 2149 praedita:
2541 2087 2827 2143 creaturae,
2865 2078 3299 2147 intelligibiliter,
3332 2094 3507 2132 sensu
3552 2094 3687 2132 vero

2086 2172 2329 2243 praedita:
2353 2212 2366 2235 ,
2391 2171 2749 2226 sensibilitcr.
2792 2170 2894 2237 Qui
2923 2187 3044 2226 cum
3079 2187 3218 2226 unus
3257 2172 3330 2226 sis
3367 2172 3688 2226 essentiaiio

2088 2278 2198 2331 ter,
2252 2273 2436 2320 tamen
2494 2265 2624 2318 ades
2679 2264 2963 2318 nobiscum
3016 2274 3073 2318 et
3102 2265 3245 2319 inter
3278 2280 3400 2327 nos,
3468 2267 3526 2318 in
3583 2266 3688 2319 hac

2085 2358 2243 2423 hora,
2269 2371 2375 2425 qua
2410 2356 2475 2408 ad
2504 2354 2618 2407 hrnc
2645 2353 2902 2423 mysteria
2938 2363 3029 2405 tua
3054 2362 3242 2405 sancta
3270 2352 3485 2406 vocasti
3512 2363 3570 2407 et
3589 2354 3688 2405 ad-

2087 2449 2288 2503 duxisti
2322 2463 2419 2502 nos
2447 2461 2461 2498 :
2490 2457 2543 2500 et
2575 2445 2757 2499 standi
2791 2460 2977 2499 coram
3019 2444 3239 2499 sublimi
3276 2442 3514 2498 Throno
3566 2460 3689 2497 ma-

2082 2541 2301 2609 iestatis
2352 2548 2455 2593 tua:
2504 2538 2699 2608 dignos
2757 2537 2957 2601 fecisti,
2998 2544 3163 2603 atque
3230 2537 3511 2589 tractandi
3555 2552 3690 2589 vasa

2087 2644 2277 2690 sancta
2305 2632 2595 2687 ministerii
2626 2631 2700 2685 tui
2728 2630 2981 2685 manibus
3006 2630 3211 2685 nostris
3235 2630 3491 2700 impuris.
3516 2630 3694 2685 Aufer

2086 2739 2272 2782 autem
2332 2743 2362 2781 a
2423 2727 2602 2792 nobis,
2650 2725 2901 2790 Domine,
2952 2732 3163 2777 vestem
3217 2722 3535 2790 iniquitatis
3584 2739 3692 2793 qua

2088 2818 2276 2872 amicti
2333 2832 2525 2872 smnus
2555 2856 2569 2881 ,
2616 2825 2673 2869 ut
2722 2830 2750 2868 a
2800 2812 2926 2869 Jesu
2963 2813 3074 2867 filio
3116 2811 3349 2867 Josedek
3392 2814 3695 2867 sacerdote

2089 2926 2285 2980 magno
2330 2909 2658 2963 vestimenta
2705 2906 2927 2961 sordida
2977 2904 3255 2959 abstulisti
3306 2921 3319 2955 :
3372 2913 3429 2957 et
3479 2904 3695 2974 pietate

2089 3013 2254 3072 atque
2278 3002 2490 3071 justitia
2537 3015 2743 3055 exorna
2778 3014 2901 3062 nos,
2946 2999 3089 3053 sicut
3133 2997 3282 3051 illum
3340 2997 3696 3052 vestimento

2090 3095 2279 3165 gloriae
2314 3095 2560 3160 ornasti;
2600 3103 2659 3145 ut
2696 3101 2749 3148 te
2781 3090 2896 3146 solo
2936 3100 3195 3160 tanquam
3245 3098 3583 3157 tegumento
3614 3090 3670 3143 in

2093 3189 2232 3253 duti,
2268 3197 2322 3241 et
2352 3187 2495 3240 sicut
2522 3184 2721 3254 templa
2765 3192 3027 3238 coronata
3048 3182 3217 3252 gloria
3247 3182 3615 3246 exsistentes,
3645 3193 3698 3236 te

2094 3281 2303 3344 absque
2352 3278 2619 3332 velamine
2665 3276 2971 3341 videamus,
3015 3285 3196 3330 mente
3238 3273 3511 3328 divinitus
3566 3275 3699 3328 illu-

2094 3382 2363 3435 strata,ct
2404 3372 2471 3425 ad
2502 3384 2745 3424 mensam
2778 3371 2928 3436 regni
2962 3368 3037 3421 lui
3069 3367 3377 3438 epulemur,
3413 3366 3551 3420 dum
3590 3367 3696 3420 hoc

2097 3465 2374 3521 sacrificio
2422 3478 2608 3517 coram
2662 3460 2819 3515 nobis
2875 3459 3157 3529 proposito
3209 3459 3697 3512 communicantes

2098 3558 2467 3629 perfruemur.
2503 3568 2559 3609 et
2596 3554 2900 3609 referemus
2944 3553 3040 3607 tibi
3085 3552 3316 3621 gloriam
3352 3561 3413 3607 et
3444 3550 3696 3606 laudem.

2166 3650 2423 3720 Populus.
2456 3651 2649 3702 Amen.

2165 3744 2454 3797 Diaconus.
2486 3741 2705 3796 Stemus
2737 3738 3016 3793 decenter.

2169 3838 2425 3909 Populus.
2457 3834 2847 3890 Misericordiae
2877 3833 2993 3888 Dei.

2159 3932 2438 3986 Sacerdos.
2481 3929 2753 3988 Charitas.

2164 4022 2423 4091 Populus.
2454 4020 2518 4073 Et
2546 4036 2668 4073 cum
2694 4020 2890 4088 spiritu
2918 4028 3034 4073 tuo.

2164 4115 2449 4169 Sacerdos.
2482 4114 2714 4165 Sursum
2747 4113 2935 4167 corda.

2164 4206 2424 4275 Populus.
2460 4204 2739 4259 Habemus
2773 4205 2840 4257 ad
2872 4204 3182 4258 Dominum.

2164 4301 2447 4357 Sacerdos.
2475 4299 2699 4354 Gratias
2733 4314 2961 4367 agamus
2992 4297 3243 4351 Domino.

2162 4390 2428 4460 Populus.
2469 4390 2697 4458 Dignum
2726 4388 3005 4454 etjustutn
3035 4397 3137 4443 est.

2164 4486 2427 4541 Sacerdos
2459 4483 2769 4536 inclinatus.
2803 4480 2943 4536 Vere
2972 4482 3119 4536 enim
3148 4480 3369 4546 mentis,
3404 4481 3694 4537 sermonis

2092 4588 2147 4635 et
2174 4578 2525 4649 cogitationis
2558 4576 2703 4630 vires
2724 4574 2941 4631 excedit
2966 4572 3262 4629 celebratio
3291 4570 3690 4626 beneficiorum

2090 4717 2307 4771 siastica
2348 4713 2685 4773 lucrare/riu;
2752 4727 2880 4764 nam
2925 4720 3194 4779 quantum
3229 4707 3295 4779 ad
3337 4707 3687 4777 disciplinam

2094 4787 2521 4839 eucharisttcam
2574 4792 2806 4850 spectat,
2843 4778 3211 4848 vix’unquam
3243 4778 3463 4850 illorum
3493 4780 3687 4834 memi-

2094 4862 2312 4908 nerunt.
2352 4854 2556 4907 Eodem
2605 4849 2827 4906 nomine
2870 4853 3013 4906 edita
3048 4861 3132 4903 cst
3179 4852 3233 4903 in
3282 4849 3489 4902 Missali
3530 4850 3692 4902 Chal-

2092 4927 2249 4979 daico
2282 4924 2548 4993 Liturgia,
2592 4924 2687 4977 sed
2730 4938 2852 4992 qua:
2900 4934 3101 4993 praner
3148 4919 3368 4993 titulum
3412 4934 3547 4993 cuin
3586 4924 3685 4972 ista

2093 5010 2383 5048 commune
2435 4991 2569 5046 nihil
2623 4991 2809 5056 habet,
2866 5010 2992 5047 cum
3051 4992 3104 5045 in
3160 4991 3363 5045 Missali
3413 4991 3689 5042 tribuatur

2102 5067 2371 5133 Dionysio
2404 5064 2671 5117 Barsalibi
2709 5067 2968 5133 episcopo
3001 5062 3275 5116 Amideno
3310 5060 3583 5133 Jacobita:
3613 5060 3691 5133 [εῖτ

2097 5130 2439 5199 ιιιοδιέδίιιιυ,
2480 5136 2547 5187 de
2589 5150 2695 5203 quo
2734 5130 2948 5189 dicetur
3001 5136 3051 5187 iu
3090 5131 3577 5186 observationibus
3623 5130 3686 5181 ad

2093 5208 2341 5260 emmlem
2370 5205 2695 5272 Liturgiain,
2719 5215 2773 5258 et
2803 5205 3008 5275 passim
3039 5204 3165 5257 alibi
3191 5204 3396 5257 dictum
3424 5212 3538 5275 est,
3566 5214 3684 5254 cum

2096 5278 2240 5330 illius
2270 5278 2593 5329 testimoniis
2635 5280 2685 5329 in
2722 5274 2835 5330 toto
2874 5278 2979 5328 hoc
3006 5289 3173 5341 opere
3221 5274 3531 5342 sepissime
3563 5282 3682 5342 uta-

2102 5365 2243 5401 mur.
2279 5348 2465 5415 Neque
2494 5349 2632 5399 ullus
2664 5358 2746 5401 est
2787 5347 3136 5415 ambiguitati
3168 5341 3345 5409 locus,
3375 5354 3478 5397 aut
3509 5341 3675 5415 su5pi-

2101 5420 2247 5474 cioni
2279 5424 2344 5471 de
2378 5413 2587 5468 incuria
2623 5413 2979 5471 librariorum
3007 5431 3021 5470 :
3047 5431 3171 5469 cum
3207 5417 3260 5469 in
3308 5418 3503 5471 iisdem
3536 5413 3683 5466 codi-

2096 5490 2253 5542 cibus
2288 5498 2517 5554 utraque
2540 5486 2783 5559 Liturgia
2814 5502 2959 5556 saepe
2987 5486 3312 5559 reperiatur.
3342 5486 3394 5539 In
3432 5489 3535 5539 ista
3562 5496 3681 5559 vero

2096 5574 2268 5627 pauca
2296 5570 2597 5614 occurrunt
2626 5555 2745 5632 qui:
2775 5555 3018 5631 aliquam
3065 5558 3496 5629 explicationem
3543 5555 3682 5610 desi-

2096 5636 2307 5689 derent.

1345 5813 1384 5861 ιλ
1419 5813 1630 5873 Lauuoj'.
1674 5814 1737 5863 De
1764 5813 1945 5868 duobus
1972 5818 2172 5877 Dianas.
