3892 6232
252 345 379 400 1125

1695 336 2045 392 LlTURGlA.

3351 336 3491 393 1126

247 467 486 521 tuorum,
521 456 765 522 Domine,
810 469 986 526 neque
1015 454 1292 509 sufﬁciunt
1314 469 1494 509 omnia
1527 467 1643 516 ora,
1671 466 1822 504 mcn-
1852 460 1896 514 Α
2000 448 2222 501 Elevaus
2253 463 2442 502 vocem.
2469 446 2569 512 Qui
2603 455 2914 515 conceptus,
2951 446 3214 501 formatus
3244 459 3299 503 et
3323 452 3495 507 conﬁ-

251 562 336 604 tes
357 564 569 611 omnes,
601 558 655 602 et
682 547 899 615 linguae,
933 549 998 601 ad
1031 557 1104 612 te,
1138 557 1196 600 ut
1224 549 1442 616 dignum
1476 553 1577 609 est,
1607 547 1815 615 gloriﬁ-

248 641 505 695 candum.
537 639 712 694 Verbo
741 640 886 692 enim
915 649 1007 692 tuo
1036 641 1166 693 facti
1199 649 1327 693 sunt
1347 640 1495 703 cmli,
1526 649 1581 695 et
1621 643 1818 710 spiritu

247 737 359 788 oris
393 734 467 786 tui
503 748 698 786 omnes
722 731 960 784 virtutes
986 746 1236 798 supernze
1267 748 1278 783 :
1315 732 1600 785 luminaria
1635 734 1819 787 omnia

245 839 366 892 qua:
399 824 450 876 in
485 823 832 875 ﬁrmamento
859 831 1007 887 sunt,
1045 823 1126 876 sol
1155 833 1209 876 et
1242 822 1389 889 luna,
1417 839 1567 878 mare
1598 824 1820 879 etarida

245 923 302 968 et
335 929 687 982 quascumque
719 916 769 968 in
801 915 880 970 eis
905 925 1052 969 sunt.
1083 917 1210 982 Quae
1242 931 1428 971 vocem
1459 934 1565 971 non
1593 917 1818 981 habent,

245 1004 480 1057 silentiis
510 1006 624 1058 suis
651 1021 666 1060 :
705 1019 824 1072 qum
850 1019 1104 1059 sermone
1129 1007 1360 1074 praedita
1393 1017 1540 1072 sunt,
1575 1009 1817 1074 vocibus,

245 1096 590 1149 sermonibus
637 1105 689 1148 et
738 1096 954 1165 hymnis
996 1106 1262 1166 perpetuo
1310 1099 1405 1152 tibi
1452 1099 1814 1165 benedicunt;

244 1187 374 1256 quia
410 1196 464 1239 tu
495 1202 554 1241 es
583 1199 773 1240 natura
809 1188 1000 1252 bonus,
1035 1198 1088 1242 et
1110 1204 1272 1259 supra
1298 1205 1488 1245 omnes
1519 1191 1726 1257 laudes,
1762 1193 1817 1246 in

244 1278 482 1331 essentia
512 1285 600 1330 tua
633 1278 1264 1347 incomprehensibiliter
1290 1282 1580 1338 exsistens.

316 1364 542 1418 Elevans
573 1382 765 1418 vocem.
795 1366 870 1420 Te
909 1367 1096 1420 laudat
1123 1375 1376 1421 creatura
1429 1369 1544 1422 lucc
1591 1368 1820 1423 visibilis

243 1466 301 1510 ct
329 1471 485 1510 sensu
512 1459 756 1525 praedita,
787 1458 1036 1524 Domine,
1071 1468 1131 1514 ut
1155 1461 1318 1513 etiam
1355 1460 1445 1513 illa
1480 1461 1821 1514 intellectua-

243 1545 337 1612 lis,
365 1558 418 1600 et
459 1563 621 1616 supra
656 1563 915 1602 sensuum
965 1550 1334 1604 conditionem
1366 1551 1561 1620 posita.
1610 1551 1817 1606 leum

243 1647 300 1690 et
338 1647 480 1691 terra
528 1647 579 1692 te
610 1639 944 1710 gloriﬁcant,
978 1657 1128 1695 mare
1155 1651 1208 1694 et
1254 1657 1348 1697 aer
1395 1654 1445 1696 te
1489 1644 1816 1711 praedicant;

253 1729 338 1782 sol
391 1730 444 1782 in
496 1747 656 1785 cursu
694 1747 790 1786 suo
825 1745 874 1787 te
915 1733 1142 1790 laudat:
1183 1735 1306 1788 luna
1345 1737 1397 1789 in
1429 1737 1820 1790 mutationibus

1928 549 2160 608 guratus
2194 555 2222 589 a
2257 537 2464 605 Spiritu
2505 546 2716 600 sancto,
2749 547 2805 590 ct
2837 552 2902 590 ex
2942 539 3208 608 sanguine
3247 540 3495 609 virgineo

1927 629 2163 698 Virginis
2212 638 2413 682 sancta:
2469 627 2770 682 Genitricis
2816 628 2909 682 Dei
2959 628 3142 682 Mariae
3201 640 3365 684 natus
3413 640 3498 686 est

1921 722 2139 790 quidem
2171 721 2352 782 homo,
2388 726 2443 771 ct
2469 733 2534 772 ex
2560 734 2789 786 corpore
2814 719 3052 785 ejusdem
3084 735 3220 788 puro
3245 731 3302 775 et
3357 731 3495 770 san-

1911 809 2450 880 ctissimo,princeps
2493 811 2642 876 vitm,
2695 809 3111 879 suscipiensque
3155 811 3494 866 divinitatem

1923 903 1976 955 in
2009 917 2194 964 carne,
2229 902 2567 956 conservatis
2591 910 2796 954 natura:
2825 901 2940 971 lege
2966 913 3022 956 et
3044 903 3493 972 proprietatibus,

1923 996 2016 1049 sed
2047 995 2206 1047 modo
2249 1009 2412 1062 supra
2449 1003 2736 1060 naturam;
2780 997 3103 1065 agnitusque
3141 1005 3223 1050 est
3265 996 3407 1052 Deus
3438 997 3494 1050 in

1922 1087 2146 1154 Spiritu,
2177 1095 2230 1138 et
2259 1086 2419 1139 homo
2457 1085 2508 1138 in
2550 1100 2732 1138 carne.
2780 1087 2959 1154 Atque
3000 1088 3052 1140 in
3081 1098 3343 1156 quantum
3375 1096 3496 1141 erat

1923 1171 2156 1226 Verbum
2187 1181 2311 1225 ante
2339 1173 2557 1238 smcula,
2587 1189 2653 1226 ex
2677 1184 2728 1227 te
2760 1181 2817 1227 ut
2847 1174 2956 1228 Deo
2984 1175 3203 1244 dignum
3227 1185 3368 1240 erat,
3396 1193 3494 1230 na-

1924 1270 2008 1316 tus
2041 1271 2142 1326 est,
2165 1271 2217 1316 et
2248 1262 2549 1317 virtutibus
2579 1273 2742 1332 atque
2773 1263 3078 1330 miraculis,
3100 1265 3280 1334 qualia
3308 1263 3493 1334 opiﬁci

1919 1353 2161 1406 omnium
2188 1352 2611 1418 conveniebant,
2654 1354 2816 1407 talem
2853 1371 2912 1409 sc
2942 1370 3060 1410 esse
3095 1364 3328 1409 testatus
3359 1367 3443 1411 est
3475 1373 3490 1410 :

1923 1451 2034 1494 tum
2069 1443 2234 1496 etiam
2266 1447 2412 1512 quod
2453 1445 2799 1500 sanationem
2855 1447 3181 1514 absolutam,
3235 1449 3495 1503 salutem-

1920 1549 2025 1601 que
2084 1533 2380 1602 perfcctam
2425 1536 2681 1589 universo
2731 1537 2913 1604 generi
2963 1538 3204 1591 humano
3262 1539 3493 1608 largitus

1921 1634 2022 1678 est.
2051 1623 2108 1678 lu
2145 1625 2251 1678 ﬁne
2277 1633 2456 1678 autem
2485 1634 2539 1678 et
2569 1625 3043 1679 consummatione
3070 1626 3494 1693 dispensationis

1925 1730 2060 1780 sum,
2092 1726 2314 1784 propter
2339 1731 2456 1781 nos,
2479 1725 2534 1770 et
2562 1725 2690 1770 ante
2735 1732 2950 1770 crucem
2983 1733 3134 1771 suam
3173 1717 3493 1780 salutarem,

245 1821 360 1875 suis
385 1830 437 1875 te
457 1833 750 1878 veneratur
777 1844 788 1878 :
819 1834 1014 1878 turma:
1039 1827 1582 1896 archangelorum,et
1604 1829 1817 1897 agmina

1928 1811 2131 1874 accepit
2164 1824 2357 1876 panem
2392 1809 2443 1861 in
2477 1825 2669 1864 manus
2724 1825 2851 1864 suas
2879 1826 3047 1878 puras
3077 1819 3130 1864 et
3165 1822 3408 1876 sanctas,
3439 1821 3498 1866 et

243 1914 588 1982 angelorum,
619 1917 849 1969 virtutes
879 1915 982 1970 illm
1025 1918 1224 1970 mundo
1254 1929 1306 1972 et
1326 1919 1524 1973 mentis
1567 1919 1821 1975 facultate

244 2005 615 2072 sublimiores,
643 2008 1054 2064 benedictiones
1084 2011 1149 2064 ad
1186 2011 1460 2080 regionem
1497 2023 1641 2066 tuam
1691 2013 1816 2065 mit-

243 2109 385 2152 tunt.
415 2099 571 2153 Radii
602 2100 739 2156 lucis
761 2103 1077 2156 excellentis
1115 2112 1170 2156 et
1194 2105 1550 2168 absconditae,
1577 2106 1821 2159 sanctiﬁ-

241 2192 487 2244 cationes
513 2190 694 2260 gloriae
733 2201 838 2246 tua}
869 2193 1190 2259 demittunt;
1224 2193 1558 2261 principatus
1585 2205 1638 2248 et
1667 2196 1818 2248 ordi-

243 2295 343 2334 nes
370 2290 420 2334 te
465 2298 585 2335 cum
636 2281 807 2350 iubilo
852 2284 1108 2350 laudant;
1137 2292 1452 2354 'potcstates
1483 2294 1536 2338 et
1572 2283 1821 2339 domina-

241 2371 424 2426 tiones
472 2382 524 2425 te
573 2384 943 2435 venerantur;
998 2373 1269 2438 virtutes,
1321 2373 1497 2426 throni
1549 2383 1604 2427 et
1665 2377 1819 2429 sedes

241 2463 651 2520 inaccessibiles
685 2476 735 2519 te
766 2462 1025 2528 exaltant,
1060 2464 1380 2533 splendores
1404 2464 1540 2521 lucis
1577 2477 1818 2533 aeternae,

239 2555 462 2624 specola
498 2557 616 2609 sine
648 2555 882 2620 macula,
925 2556 1245 2610 substantia:
1270 2567 1490 2621 sancta},
1525 2561 1820 2628 susceptri—

240 2661 336 2700 ces
381 2647 665 2716 sapientia:
697 2645 974 2711 sublimis,
1015 2661 1125 2715 pra:
1174 2647 1426 2702 omnibus
1469 2651 1820 2704 scrutatriccs

239 2738 547 2791 voluntatis
595 2738 662 2791 ab
710 2737 962 2791 omnibus
1010 2738 1367 2799 absconditae,
1415 2739 1654 2794 motibus
1683 2755 1820 2809 pra:-

240 2829 409 2884 claris
443 2839 696 2884 tonorum
745 2829 1190 2896 inimitabilium,
1257 2831 1585 2900 vocibusque
1643 2834 1820 2902 dignis

236 2932 496 2977 creatura
543 2922 799 2979 rationali
839 2941 852 2978 :
889 2924 1174 2978 cherubim
1221 2925 1518 2980 multioculi
1543 2967 1557 2991 ,
1591 2942 1819 2994 quorum

243 3025 427 3071 motus
482 3017 849 3080 subtilissimi,
887 3026 937 3071 te
987 3015 1354 3071 benedicunt:
1403 3017 1678 3086 seraphin:
1733 3020 1819 3072 in-

242 3113 436 3163 μισ-ιη·ῑί
471 3127 569 3164 sex
604 3109 707 3162 alis
747 3109 1019 3178 implexis,
1052 3111 1304 3180 plenique
1331 3109 1552 3178 plumis,
1582 3121 1631 3166 te
1690 3123 1820 3164 san-

1924 1904 2135 1969 aspexit
2166 1903 2233 1955 ad
2291 1911 2343 1955 te
2386 1901 2528 1957 Deus
2573 1901 2756 1967 Pater,
2794 1904 2996 1972 gratias
3027 1919 3193 1971 agens
3239 1902 3279 1973 -ι-
3335 1905 3496 1958 bene-

1927 1994 2062 2046 dixit
2090 1993 2525 2062 1-,sanctilicavit
2553 1996 2614 2063 -ξκ
2673 1994 2859 2064 fregit,
2892 1997 3160 2065 'deditque
3213 1996 3497 2063 discipulis

1929 2085 2045 2139 Suis
2076 2085 2336 2155 apostolis
2380 2088 2608 2151 sanctis,
2635 2089 2854 2142 dicens:
2887 2089 3127 2158 Accipite
3162 2099 3217 2144 et
3263 2091 3491 2144 mandu-

1922 2186 2041 2230 cate
2070 2192 2135 2230 cx
2169 2193 2255 2242 eo,
2290 2188 2345 2232 et
2378 2180 2586 2234 credite
2622 2182 2766 2249 quod
2812 2197 3008 2251 corpus
3054 2199 3232 2237 meum
3276 2195 3358 2238 est
3393 2183 3492 2254 (2),

1922 2267 2052 2321 illud
2089 2271 2260 2338 ipsum
2289 2271 2429 2338 quod
2459 2269 2559 2338 pro
2584 2273 2740 2325 vobis
2781 2283 2834 2326 et
2867 2288 2966 2341 pro
2997 2273 3182 2328 multis
3225 2275 3496 2343 frangitur

1921 2370 1975 2414 et
2003 2361 2186 2427 datur,
2227 2362 2295 2414 ad
2325 2363 2691 2430 expiationem
2734 2363 3078 2430 delictorum,
3119 2366 3494 2421 remissionem

1920 2463 2266 2522 peccatorum
2306 2463 2362 2508 et
2400 2454 2562 2509 vitam
2596 2463 2878 2510 mternam.

1994 2545 2257 2612 Populus.
2289 2547 2482 2602 Amen.

1993 2637 2276 2691 Sacerdos.
2324 2639 2527 2693 Eodem
2559 2648 2741 2695 autem
2775 2643 2936 2697 modo
2978 2651 3034 2697 et
3074 2659 3237 2711 super
3271 2643 3493 2699 calicem

1921 2743 2082 2797 quem
2113 2730 2331 2783 miscuit
2363 2733 2486 2785 vino
2513 2740 2568 2784 et
2613 2749 2773 2802 aqua,
2826 2738 3030 2804 gratias
3057 2739 3169 2807 egit
3214 2737 3277 2808 1-,
3327 2741 3494 2793 bene—

1923 2822 2064 2875 dixit
2093 2821 2158 2891 1-,
2196 2823 2560 2878 sanctiticavit
2588 2825 2627 2893 ἰ·
2650 2865 2664 2887 ,
2694 2835 2747 2880 et
2784 2827 2932 2880 dedit
2975 2829 3168 2883 iisdem
3219 2831 3497 2898 discipulis

1921 2913 2037 2966 suis
2068 2922 2124 2967 et
2163 2913 2424 2981 apostolis
2469 2916 2695 2980 sanctis,
2728 2917 2918 2972 dicens
2951 2937 2964 2972 :
3004 2921 3251 2988 Accipite
3277 2960 3292 2984 ,
3326 2922 3496 2976 bibite

1924 3019 1992 3058 ex
2023 3022 2090 3060 eo
2121 3021 2215 3061 vos
2241 3023 2453 3072 omnes,
2494 3018 2548 3062 et
2593 3009 2802 3063 credite
2838 3015 2981 3079 quod
3013 3012 3099 3065 hic
3143 3023 3230 3066 est
3264 3015 3492 3083 sanguis

1923 3114 2076 3153 meus
2098 3099 2434 3153 Testamenti
2464 3099 2620 3165 Novi,
2653 3103 2742 3170 qui
2773 3117 2873 3172 pro
2903 3105 3057 3158 vobis
3085 3114 3137 3158 et
3168 3119 3267 3173 pro
3304 3107 3497 3161 multis

235 3194 501 3264 ctificant,
529 3200 605 3255 illi
637 3199 761 3267 ipsi,
795 3174 885 3270 qui
934 3203 1034 3257 alis
1052 3174 1187 3258 suis
1215 3174 1403 3258 ufacies
1440 3174 1568 3258 suas
1610 3212 1815 3273 tegunt,

1928 3189 2222 3244 effunditur
2259 3201 2314 3245 et
2335 3192 2509 3260 ,datur
2531 3193 2597 3245 ad
2629 3195 2998 3262 eapiationcm
3045 3197 3390 3264 delictorum,
3416 3213 3497 3254 re-

242 3289 548 3356 pennisque
586 3291 750 3358 pedes
787 3305 915 3345 suos
939 3294 1144 3360 velant,
1177 3306 1230 3349 et
1259 3299 1613 3366 undequaquc
1640 3297 1820 3350 volan-

245 3388 328 3430 tes
356 3388 412 3431 et
438 3380 758 3449 plaudentes
785 3383 886 3438 alis
919 3385 1057 3440 alter
1084 3389 1149 3440 ad
1183 3388 1434 3454 alterum,
1463 3397 1522 3440 ut
1551 3403 1655 3441 non
1685 3388 1814 3441 adu-

242 3479 438 3521 rantur
463 3472 529 3524 ab
557 3472 680 3540 igne
713 3483 806 3526 tuo
838 3474 1155 3539 devorante,
1183 3488 1377 3531 cantus
1406 3494 1626 3542 suaves,
1667 3488 1722 3532 ct
1749 3479 1818 3533 ab

241 3562 396 3613 Omni
429 3565 658 3616 materia
704 3579 893 3633 puros,
936 3568 1130 3635 aequali
1165 3571 1406 3622 omnium
1454 3572 1817 3624 consonantia

239 3663 486 3716 canunt,
546 3654 643 3708 tibi
696 3655 923 3724 gloriam
981 3665 1237 3711 azternam
1301 3660 1642 3729 referentes,
1711 3679 1818 3718 uno

241 3743 447 3812 hymno
477 3744 584 3798 Deo
617 3745 780 3815 digno
811 3746 1106 3800 clamantes
1133 3757 1187 3801 et
1217 3747 1479 3804 dicentes.

317 3832 574 3902 Populus.
604 3836 858 3901 Sanctus,
893 3838 1146 3904 Sanctus,
1175 3839 1427 3895 Sanctus.

319 3924 577 3981 Sacerdos
603 3930 906 3983 inclinatus.
941 3931 1175 3986 Sanctus
1202 3948 1280 3997 es,
1311 3933 1450 3986 Deus
1472 3932 1632 3989 Pater
1651 3938 1820 3992 omni-

239 4026 456 4086 potens,
485 4023 664 4090 opifex
692 4031 745 4076 et
772 4035 992 4078 creator
1023 4025 1200 4078 omnis
1225 4035 1486 4080 creatura:
1511 4028 1816 4096 invisibilis,

237 4120 302 4164 et
328 4112 577 4177 visibilis,
618 4122 782 4182 atque
813 4116 1112 4169 sensibilis.
1156 4115 1390 4170 Sanctus
1420 4133 1495 4182 es,
1528 4119 1667 4174 Deus
1701 4123 1821 4176 uni-

239 4204 459 4269 genitus
489 4205 676 4268 Filius,
703 4206 876 4260 virtus
899 4217 948 4261 et
977 4206 1248 4276 sapientia
1289 4207 1490 4276 Patris,
1521 4211 1749 4266 Domine
1768 4220 1823 4267 et

241 4294 504 4352 Salvator
531 4307 720 4352 noster
740 4297 867 4352 Jesu
891 4297 1128 4353 Christe.
1167 4299 1399 4355 Sanctus
1426 4318 1504 4367 es,
1538 4301 1678 4358 Deus
1706 4305 1824 4372 Spi-

242 4392 386 4446 ritus
405 4400 614 4453 sancte,
652 4390 925 4459 perfector
967 4399 1020 4444 et
1059 4391 1434 4446 sanctiﬁcator
1477 4405 1814 4452 sanctorum.

1923 3287 2235 3339 missionem
2262 3297 2636 3354 peccatorum,
2672 3295 2728 3342 et
2760 3287 2928 3341 vitam
2954 3297 3240 3344 aeternam.

1993 3378 2253 3448 Populus.
2277 3383 2468 3436 Amen.

1995 3469 2277 3523 Sacerdos.
2325 3471 2444 3537 Ipse
2500 3471 2669 3526 etiam
2715 3481 3049 3542 prmceptum
3093 3475 3191 3528 toti
3228 3475 3393 3528 coetui
3439 3484 3495 3530 et

1921 3563 2328 3629 congregationi
2361 3565 2595 3617 fidelium
2637 3579 2733 3632 per
2762 3568 2982 3621 eosdem
3027 3566 3310 3634 apostolos
3361 3582 3492 3622 san-

1921 3663 2039 3708 ctos
2076 3655 2257 3720 dedit,
2296 3656 2523 3710 dicens:
2568 3656 2678 3711 lloc
2702 3658 2864 3710 facite
2906 3659 2958 3711 in
3006 3661 3112 3712 mei
3151 3675 3490 3723 memoriam,

1920 3747 2353 3816 quotiescunque
2395 3749 2802 3803 manducabitis
2817 3765 3014 3819 panem
3039 3751 3182 3805 hunc
3197 3762 3249 3804 et
3273 3753 3492 3806 mistqu

1929 3839 2074 3906 quod
2129 3839 2182 3892 in
2217 3838 2318 3892 hoc
2356 3839 2530 3894 calice
2567 3850 2650 3896 est
2679 3842 2898 3904 bibetis,
2936 3849 2990 3896 et
3040 3842 3144 3895 hoc
3186 3843 3490 3896 convivium

1923 3930 2290 3996 celebrabitis,
2331 3933 2524 3989 mortis
2571 3949 2700 3990 mea:
2732 3935 3300 3990 commemorationem
3323 3938 3494 4005 agetis

1923 4021 2095 4075 donec
2122 4023 2355 4076 veniam.

1998 4113 2258 4181 Populus.
2289 4114 2476 4169 Mortis
2511 4113 2887 4181 tum,Domine,
2921 4115 3236 4168 memoriam
3262 4114 3488 4184 agimus.

1994 4204 2274 4258 Sacerdos.
2325 4205 2602 4275 Prmcepto
2647 4209 2814 4276 igitur
2852 4206 3140 4260 Dominico
3191 4215 3284 4260 tuo
3329 4206 3492 4261 obse-

1929 4308 2183 4366 quentes,
2214 4301 2792 4354 commemorationem
2823 4301 3016 4354 mortis
3049 4308 3105 4353 et
3137 4298 3494 4352 resurrectio.

1921 4393 2008 4444 nis
2039 4399 2144 4444 tum
2168 4406 2268 4460 per
2293 4391 2618 4446 sacriﬁcium
2655 4393 2756 4446 hoc
2779 4403 3041 4461 perpetuo
3074 4391 3493 4446 celebrantesin

240 4483 486 4539 Trinitas
514 4491 704 4538 sancta
737 4491 791 4536 et
821 4483 1077 4549 indivisa,
1114 4485 1817 4558 consubstantialis,a3qua-
1850 4513 1894 4567 Β
1925 4483 2183 4552 mysterio
2209 4501 2222 4536 :
2247 4491 2628 4550 exspectamus
2656 4500 2871 4554 quoque
2903 4489 3193 4539 adventum
3225 4492 3371 4537 tuum
3407 4497 3494 4537 se-

241 4574 424 4641 lisque
455 4573 682 4643 gloriae:
715 4573 870 4640 cujus
908 4575 1283 4628 misericordia
1317 4589 1444 4645 erga
1480 4592 1652 4647 genus
1710 4593 1814 4633 no-

242 4677 420 4722 strum
447 4665 775 4720 etfusissima
806 4675 912 4720 est.
936 4665 1015 4720 Tu
1042 4677 1262 4721 sanctus
1292 4683 1350 4722 es
1385 4679 1440 4724 et
1468 4670 1823 4727 sanctiﬁcans

239 4758 428 4813 omnia
464 4777 479 4814 :
536 4759 628 4827 qui
678 4774 784 4812 non
820 4759 1090 4828 reliquisti
1121 4759 1252 4813 illud
1300 4760 1480 4828 ipsum
1515 4776 1688 4831 genus
1719 4778 1821 4817 no.

241 4866 421 4909 strum
453 4855 507 4908 in
531 4853 722 4907 exsilio
743 4868 809 4907 ex
833 4855 1110 4923 paradiso,
1139 4869 1263 4908 cum
1292 4854 1498 4909 interea
1522 4858 1668 4910 omni
1695 4872 1820 4926 pec-

239 4945 355 5000 cati
381 4960 578 5014 genere
613 4958 760 5002 esset
792 4946 1141 5015 implicitum,
1178 4947 1272 5001 sed
1317 4947 1396 5000 illi
1437 4949 1819 5004 manifestatus

241 5049 308 5088 es
334 5049 430 5104 per
454 5035 680 5089 verbum
721 5037 867 5104 quod
913 5051 1098 5090 coram
1135 5038 1334 5092 mundo
1364 5047 1656 5105 egestatem
1689 5056 1817 5109 pas-

240 5143 366 5182 sum
412 5137 498 5182 est
540 5147 554 5183 :
597 5129 772 5197 ipsum
819 5143 951 5183 vero
1003 5130 1197 5198 (genus
1246 5130 1565 5201 humanum)
1607 5134 1818 5199 accepit

241 5217 434 5285 (Deus)
487 5215 770 5281 Verbum,
841 5216 897 5269 in
955 5216 1208 5269 omnibus
1278 5215 1380 5284 ipsi
1444 5216 1813 5281 assimilatus,

242 5318 474 5378 excepto
507 5317 752 5376 peccato,
797 5316 856 5361 ut
904 5314 1271 5376 praeparatum
1310 5321 1433 5360 eum
1476 5305 1718 5362 efﬁceret
1746 5311 1814 5362 ad

241 5402 614 5468 sanctitatem,
642 5401 1075 5470 dispositumque
1107 5401 1176 5454 ad
1208 5399 1520 5456 convivium
1547 5401 1650 5456 hoc
1679 5401 1816 5455 vivi-

241 5495 426 5548 ficum.

319 5628 398 5697 (ἓ)
434 5630 537 5684 lsta
574 5645 676 5683 vox
709 5629 893 5683 addita
940 5628 1124 5682 verbis
1155 5627 1357 5682 Christi
1391 5636 1498 5680 tam
1533 5628 1586 5682 in
1631 5625 1809 5697 forma

241 5701 418 5763 panis,
447 5714 606 5768 quam
647 5700 698 5751 in
743 5699 910 5768 altera
940 5699 1128 5752 calicis
1172 5697 1550 5768 consecrandi,
1597 5696 1809 5750 nullum

236 5770 297 5821 in
331 5766 552 5824 vetustis
576 5769 778 5824 Graecis
806 5767 1061 5838 Liturgiis
1088 5766 1393 5835 exemplum
1425 5767 1600 5831 habet,
1638 5775 1696 5820 ut
1720 5778 1808 5820 ne«

1927 4577 2188 4641 cundum,
2214 4578 2622 4633 renovationem
2672 4579 2891 4647 generis
2933 4577 3129 4640 nostri,
3155 4587 3212 4631 et
3245 4575 3496 4631 viviﬁca-

1927 4665 2133 4718 tionem
2186 4666 2544 4721 mortalitatis
2570 4676 2786 4720 nostrae.
2828 4665 2942 4718 Non
2975 4664 3118 4719 enim
3151 4665 3491 4733 simpliciter,

1923 4760 2017 4812 sed
2043 4773 2167 4812 cum
2201 4759 2372 4828 gloria
2407 4761 2518 4814 Deo
2551 4760 2730 4829 digna,
2759 4759 2812 4812 in
2846 4756 3054 4826 Spiritu
3092 4754 3353 4810 ineffabili
3386 4765 3494 4810 ter-

1924 4847 2156 4902 ribiliter
2183 4849 2462 4914 advenies,
2491 4859 2549 4904 et
2579 4863 2745 4914 super
2771 4848 3030 4901 thronum
3062 4844 3340 4900 excelsum
3378 4859 3495 4898 ma-

1917 4937 2134 5007 iestatis
2190 4949 2294 4996 tua:
2352 4942 2570 5007 sedens,
2619 4940 2952 5010 agnitionem
3008 4938 3171 5008 regiae
3205 4939 3492 5007 potestatis

1921 5040 2028 5085 tua:
2048 5033 2118 5087 ab
2148 5032 2399 5086 omnibus
2428 5033 2655 5097 creatis,
2684 5040 2736 5085 et
2766 5030 2925 5086 factis
2951 5031 3173 5099 exiges;
3207 5031 3491 5084 ultionem-

1920 5136 2028 5190 que
2057 5122 2312 5192 imaginis
2339 5133 2466 5185 tute,
2510 5125 2578 5178 ab
2631 5124 2698 5177 iis
2727 5122 2820 5191 qui
2867 5138 2967 5192 per
3001 5122 3170 5176 malas
3208 5123 3492 5189 passiones

1917 5226 2039 5266 eam
2090 5222 2476 5283 corruperunt,
2531 5213 2682 5281 juste
2731 5212 2924 5268 facies.
2961 5212 3308 5268 Sacriﬁcium
3367 5212 3490 5274 hoc,

1919 5306 2032 5360 illic
2062 5307 2422 5372 celebratum,
2472 5307 2568 5361 tibi
2616 5320 3127 5368 commemoramus,
3162 5303 3412 5367 Domine,
3439 5309 3492 5353 et

1915 5397 2202 5465 passiones
2241 5411 2376 5466 quas
2400 5411 2500 5464 pro
2533 5397 2692 5452 nobis
2723 5395 3028 5451 sustinuisti
3056 5395 3109 5448 in
3138 5407 3326 5448 cruce.
3351 5390 3487 5445 Pro-

1915 5489 2087 5557 pitius
2115 5500 2252 5556 esto,
2286 5505 2320 5544 o
2366 5491 2512 5546 bone
2560 5497 2615 5545 et
2669 5498 2885 5544 amator
2933 5487 3234 5548 hominum,
3266 5485 3317 5537 in
3348 5484 3483 5537 hora

1915 5623 2545 5750 guelinAlexandrinis,
2576 5623 2672 5682 sed
2714 5630 2921 5679 tantum
2952 5621 3008 5679 in
3048 5635 3152 5675 una
3193 5625 3283 5674 aut
3315 5617 3482 5670 altera

1959 5709 2021 5750 vr
2043 5707 2175 5750 acts.

1955 5707 2175 5763 yrtacts.
