3892 6232
448 348 589 403 “27

1621 350 1676 405 S.
1714 347 2013 406 DlONYSll
2051 345 2517 406 ΑΒΕΟΡΑΟΙΤᾸΞ

3600 348 3722 406 1128

447 460 537 517 illa
571 461 733 533 plena
770 464 1009 533 timoris,
1050 473 1106 521 et
1151 466 1561 537 trepidationis,
1614 470 2035 539 congregationi
2067 477 2113 529 Α
2142 478 2496 540 peccatorum
2541 474 2597 521 et
2644 465 2813 520 vitam
2870 472 3130 520 etei-nam
3187 477 3251 518 ea
3302 459 3726 531 suscipientibuso

446 556 577 611 huic
636 558 988 616 adorantium
1038 571 1110 628 te,
1168 572 1226 617 et
1278 563 1539 618 omnibus
1593 563 1722 619 ﬁliis
1786 566 2047 622 Ecclesiae

445 660 654 705 sanctas
698 654 998 723 redempta:
1040 656 1307 724 sanguine
1332 657 1575 725 pretioso
1605 666 1719 711 tuo.
1749 658 2043 727 Depellan-

444 754 538 799 tur
569 747 842 801 carbones
876 747 1017 817 ignis
1045 749 1114 803 ab
1166 749 1272 804 illis
1298 750 1394 820 qui
1433 752 1585 806 tincti
1614 762 1743 807 sunt
1771 755 2045 821 sanguine

445 850 561 901 tuo,
607 848 664 895 et
684 838 885 908 signati
926 838 1300 898 Sacramentis
1334 845 1440 898 tuis
1465 845 1566 915 (3),
1594 846 1647 899 in
1686 848 1909 903 nomine
1950 858 2043 903 tuo

442 942 657 999 sancto,
688 933 840 989 velut
872 934 1006 989 olim
1033 934 1252 993 ﬁamma
1280 938 1639 1010 Babylonica,
1672 956 1701 994 a
1736 943 1920 1011 pueris
1944 944 2043 1000 do-

441 1039 564 1080 mus
591 1024 876 1081 llananiae.
904 1025 1093 1095 Neque
1117 1028 1264 1083 enim
1294 1028 1431 1084 alios
1461 1039 1663 1100 praeter
1685 1040 1736 1087 te
1766 1033 2039 1099 novimus,

441 1117 608 1185 Deus,
644 1133 821 1188 neque
853 1120 909 1173 in
945 1120 1059 1175 alio
1105 1135 1258 1188 spem
1310 1122 1580 1177 habemus
1624 1124 1816 1180 salutis
1844 1141 2040 1181 conse-

438 1212 699 1284 quendte,
748 1214 793 1267 si
839 1215 1065 1283 quidem
1099 1214 1419 1278 auxiliator,
1458 1227 1513 1269 et
1548 1217 1789 1273 salvator
1815 1220 2037 1288 generis

438 1307 613 1359 nostri
654 1314 708 1360 tu
748 1320 829 1363 es.
866 1306 933 1361 Et
966 1316 1261 1376 eapropter
1281 1310 1501 1378 sapiens
1527 1309 1769 1365 Ecclesia
1800 1321 1916 1374 tua,
1941 1326 2038 1380 per

436 1413 533 1452 ora
562 1409 616 1454 et
645 1398 859 1468 linguas
910 1400 1158 1453 omnium
1200 1410 1450 1453 nostrum
1504 1401 1834 1471 deprecatur
1879 1412 1953 1469 te,
1981 1414 2037 1460 et

436 1507 537 1561 per
564 1502 635 1557 te,
667 1502 723 1547 et
752 1502 928 1547 tecum
967 1493 1185 1547 Patrem
1222 1502 1397 1551 tuum.
1435 1494 1665 1551 dicens:

510 1583 773 1651 Papulas.
810 1585 1094 1641 Miserere.

507 1679 795 1734 Sacerdos.
833 1677 944 1732 Nos
980 1692 1224 1747 quoque.

506 1770 799 1825 Diaconus.
827 1770 999 1837 Quam
1028 1770 1269 1825 timenda
1296 1779 1381 1826 est
1415 1770 1532 1827 haec
1562 1772 1720 1829 hora.

396 1882 699 1945 ,Saccrdos
755 1884 1053 1939 inclinatus
1106 1886 1239 1938 dicit
1292 1883 1606 1940 Orationem
1662 1885 2029 1945 Invocationis

1000 1953 1242 2022 Spiritus
1273 1957 1469 2010 sancti.

501 2041 581 2100 Te
613 2046 831 2112 invoco,
864 2044 1010 2099 Deus
1038 2044 1240 2101 Pater:
1275 2046 1540 2103 miserere
1564 2050 1761 2116 nostri,
1792 2059 1847 2105 et
1874 2051 2032 2107 ablue

433 2152 533 2208 per
556 2139 794 2207 gratiam
822 2149 996 2203 tuam,
1053 2138 1461 2193 immunditiam
1508 2155 1737 2211 Operum
1784 2158 2030 2199 meorum

435 2232 725 2298 malorum;
761 2230 906 2296 dele,
939 2245 1037 2300 per
1068 2230 1507 2286 misericordiam
1550 2243 1727 2301 tuam,
1751 2251 1875 2305 quae
1904 2238 2031 2292 odio

432 2325 591 2393 digna
618 2323 895 2379 commisi.
938 2321 1159 2378 Etenim
1202 2337 1310 2378 non
1338 2326 1578 2379 extendo
1617 2327 1685 2380 ad
1722 2337 1774 2383 te
1812 2344 1937 2384 cum
1969 2332 2033 2384 li-

430 2418 590 2471 ducia
625 2430 820 2470 manus
862 2429 1040 2480 meas;
1079 2430 1256 2484 neque
1291 2418 1440 2471 enim
1488 2432 1709 2488 possum
1744 2420 1797 2475 in
1830 2422 2030 2479 caelum

429 2510 697 2579 aspicere.
754 2516 983 2577 propter
1013 2507 1426 2563 multitudinem
1478 2510 1834 2579 iniquitatum
1882 2531 2030 2570 mea-

430 2616 573 2667 rum,
606 2610 661 2654 et
684 2600 1012 2669 spurcitiam
1040 2598 1357 2656 facinorum
1394 2616 1667 2658 meorum.
1705 2604 1815 2661 Sed
1850 2609 1903 2662 itt
1929 2608 2026 2663 be-

429 2694 717 2766 nignitate,
771 2696 947 2762 gratia
1023 2701 1080 2748 et
1135 2692 1558 2764 longanimitate
1614 2707 1730 2765 tua,
1786 2701 2027 2757 animum

429 2785 784 2851 conﬁrmans,
812 2785 1082 2855 Spiritum
1111 2793 1265 2839 tuum
1292 2796 1542 2842 sanctum
1569 2799 1725 2858 peto,
1755 2802 1815 2845 ut
1840 2794 2029 2849 mittas

427 2897 554 2935 eum
592 2894 759 2948 super
791 2894 898 2944 me,
937 2890 993 2934 et
1023 2893 1191 2948 super
1223 2878 1327 2933 has
1357 2878 1664 2936 oblationes
1691 2887 2024 2954 propositas,

428 2973 801 3043 populumque
837 2980 991 3026 tuum
1019 2970 1252 3025 ﬁdelem.

500 3064 780 3120 Sacerdos.
809 3063 1019 3118 Exaudi
1050 3078 1159 3131 me,
1191 3064 1445 3121 Domine.

2223 561 2484 630 Populus.
2515 560 2715 614 Amen.

2225 652 2513 708 Sacerdos.
2561 648 2875 705 Secundum
2908 658 3091 703 autem
3122 647 3466 703 traditionem
3510 657 3567 704 et
3592 662 3725 704 com-

2149 743 2561 799 mendationem
2594 740 2835 797 divinam
2869 753 3084 802 eorum,
3126 739 3218 806 qui
3252 748 3588 807 spectatores
3616 740 3719 793 fue-

2149 846 2283 891 runt
2300 836 2692 908 mysteriorum
2719 842 2958 896 tuorum,
2976 841 3033 886 et
3059 830 3385 901 interpretes
3410 831 3719 885 mirabiliutn

2150 940 2394 995 tuorum,
2444 925 2841 983 eucharistiam
2894 926 3035 979 banc
3083 922 3365 979 offerimus
3422 939 3610 978 coram
3662 932 3707 977 te

2148 1025 2397 1086 Domine,
2417 1033 2472 1078 et
2487 1038 2583 1093 per
2597 1035 2718 1075 eam
2736 1032 3232 1075 commemoramus
3248 1017 3572 1071 cbaritatem
3587 1026 3719 1069 tuam

2142 1135 2273 1191 erga
2312 1131 2440 1181 nos,
2486 1116 2909 1181 universamque
2948 1110 3407 1179 dispensationem
3470 1107 3721 1178 unigeniti

2142 1213 2221 1267 tui
2255 1212 2307 1265 in
2337 1212 2437 1267 hoc
2466 1208 2692 1273 mundo,
2724 1215 2785 1261 ut
2812 1214 2866 1259 tu
2888 1204 3055 1259 etiam
3082 1202 3380 1257 recorderis
3426 1218 3527 1272 per
3576 1217 3709 1262 eam,

2140 1304 2539 1359 misericordia:
2577 1302 2681 1357 tibi
2720 1300 3027 1370 congenitze
3052 1308 3105 1351 et
3135 1296 3423 1359 naturalis,
3448 1310 3575 1365 qua:
3602 1295 3717 1349 hora

2148 1408 2476 1465 quacunque
2520 1410 2688 1465 super
2708 1406 2993 1448 creaturas
3018 1400 3142 1447 tuas
3173 1390 3499 1445 diffunditur
3517 1429 3533 1452 ,
3560 1396 3613 1442 et
3637 1403 3719 1443 nos

2145 1491 2348 1559 eripias
2371 1488 2440 1543 ab
2469 1488 2549 1543 ira
2580 1487 2784 1558 iniquis
2815 1494 3116 1550 reservata,
3144 1495 3199 1540 et
3223 1499 3253 1538 a
3285 1482 3570 1553 suppliciis
3604 1496 3717 1551 ope-

2141 1587 2388 1641 rantium
2419 1584 2751 1655 nequitiam,
2777 1590 2832 1635 et
2856 1596 2885 1635 a
2916 1580 3127 1636 crudeli
3164 1577 3577 1649 impngnatione
3627 1577 3718 1628 daa-

2134 1694 2384 1740 ntonum,
2419 1677 2512 1746 qui
2551 1681 2878 1746 oppugnant
2914 1672 3129 1725 animas
3170 1678 3410 1733 nostras,
3441 1682 3567 1724 cum
3607 1666 3719 1721 hinc

2133 1772 2408 1827 exibimus
2447 1790 2460 1826 :
2494 1782 2705 1839 nosque
2736 1768 2934 1839 dignos
2966 1764 3176 1820 efﬁcias
3203 1777 3369 1832 regno
3411 1772 3530 1822 tuo.
3557 1771 3609 1813 et
3631 1761 3716 1813 ba-

2136 1863 2399 1919 bitaculis
2421 1876 2636 1927 eorum,
2672 1860 2767 1931 qui
2809 1866 3171 1914 servaverunt
3221 1864 3497 1925 prmcepta
3532 1862 3641 1920 tua,
3670 1861 3716 1908 et

2136 1958 2443 2013 referemus
2470 1956 2567 2012 tibi
2602 1953 2835 2027 gloriam
2865 1961 2919 2008 et
2956 1952 3259 2015 gratiarum
3294 1950 3593 2015 actionem,
3624 1958 3714 2003 etc.

2211 2049 2469 2119 Populus.
2501 2049 2698 2102 Amen.

2210 2142 2473 2197 Sacerdos
2501 2139 2817 2194 inclinatus.
2848 2135 3043 2193 Verbis
3078 2137 3185 2191 tuis
3217 2152 3322 2190 non
3351 2135 3714 2197 mendacibus,

2135 2235 2514 2304 doctrinisque
2539 2231 2908 2287 veracissimis
2926 2232 3032 2285 tuis
3054 2229 3261 2293 dixisti,
3282 2227 3537 2292 Domine,
3566 2228 3715 2281 maxi—

2133 2344 2282 2384 mum
2312 2342 2434 2383 esse
2461 2326 2719 2399 gaudium
2756 2325 2808 2378 in
2857 2323 3000 2379 cutio
3047 2332 3103 2377 et
3150 2323 3203 2376 in
3237 2331 3380 2376 terra
3425 2337 3595 2391 super
3625 2335 3715 2375 uno

2132 2433 2423 2497 peccatore
2448 2421 2835 2493 paenitentiam
2867 2426 3082 2491 agente.
3114 2416 3327 2472 Laztare
3370 2415 3546 2485 igitur
3566 2425 3713 2467 nunc.

2134 2522 2382 2583 Domine,
2411 2519 2463 2573 in
2490 2517 2849 2573 conversione
2880 2526 3167 2569 servorum
3211 2520 3458 2571 tuorum,
3505 2507 3598 2577 qui
3632 2520 3711 2559 co-

2145 2630 2263 2669 ram
2288 2621 2344 2667 te
2378 2611 2469 2666 hic
2493 2609 2831 2672 consistunt;
2866 2603 3101 2675 adiunge
3125 2603 3292 2658 etiam
3304 2601 3712 2655 exsultationem

2133 2703 2201 2758 de
2250 2703 2434 2765 nobis,
2462 2700 2754 2756 animabus
2784 2698 3000 2768 piorum
3033 2705 3090 2751 et
3126 2694 3433 2764 iustorum,
3480 2691 3710 2749 Patrum.

2137 2797 2619 2859 Patriarcbarum,
2644 2792 3071 2863 Prophetarum,
3094 2786 3501 2858 Apostolorum,
3524 2782 3705 2837 Praedi-

2130 2898 2404 2954 eatorum,
2429 2884 2931 2956 Evangelistarum,
2962 2880 3285 2951 Martyrum,
3308 2877 3707 2936 Confessorum,

2131 2981 2438 3037 relatorum
2465 2977 2648 3037 cultus
2675 2977 2842 3032 divini
2868 3018 2883 3041 ,
2924 2976 3316 3037 beneﬁcorum,
3344 2971 3710 3039 eleemosyuas

2129 3073 2480 3137 facientium,
2532 3084 2727 3126 eorum
2788 3069 2881 3139 qui
2940 3066 3366 3124 necessitatibus
3423 3076 3705 3134 pauperum

496 3156 757 3229 Populus.
790 3156 958 3229 Kyrie
984 3158 1215 3226 eleison,
1242 3158 1411 3231 Kyrie
1438 3161 1665 3231 eleison,
1702 3162 1868 3235 Kyrie
1892 3165 2023 3221 clei-
2051 3186 2094 3245 ο
2130 3164 2567 3229 communicant,
2595 3172 2652 3219 et
2676 3164 2745 3218 ab
2770 3162 3048 3227 omnibus,
3077 3176 3182 3216 una
3213 3157 3456 3213 laudatio
3506 3156 3575 3209 sit
3623 3155 3708 3207 he-

425 3266 547 3307 50“.

493 3342 777 3399 Sacerdos.
811 3344 916 3399 Per
948 3346 1198 3415 illapsum
1225 3356 1433 3413 autem,
1458 3358 1515 3404 et
1538 3350 2019 3408 obumbrationent

429 3456 588 3495 suam
618 3439 724 3510 (4),
755 3438 964 3493 efﬁciat
991 3455 1186 3510 panem
1214 3442 1435 3513 quidem
1468 3445 1629 3499 istum
1661 3445 1701 3515 1-
1723 3462 1922 3517 corpus
1948 3447 2023 3501 vi-

429 3548 557 3587 vum
592 3544 649 3587 et
677 3534 845 3587 vitam
882 3542 1151 3601 praestans
1184 3534 1475 3591 animabus
1498 3539 1720 3599 nostris.
1747 3538 1787 3609 1-
1818 3555 2022 3611 corpus

421 3624 684 3687 salutare,
717 3630 757 3692 1-
780 3638 981 3694 corpus
1011 3627 1243 3678 caeleste
1280 3640 1293 3677 :
1330 3639 1529 3695 corpus
1562 3627 1783 3683 salvans
1807 3630 2022 3685 animas

420 3726 480 3771 et
502 3731 736 3785 corpora
782 3724 992 3778 nostra,
1026 3730 1229 3784 corpus
1256 3715 1472 3771 Domini
1499 3719 1593 3773 Dei
1624 3730 1679 3773 et
1711 3720 2020 3779 Salvatoris

423 3809 594 3864 nostri
618 3807 746 3863 Jesu
776 3808 1009 3871 Christi,
1044 3807 1111 3861 ad
1146 3808 1526 3863 remissionem
1560 3824 1937 3880 peccatorum,
1962 3824 2018 3871 et

419 3906 589 3961 vitam
622 3914 905 3967 aeternam,
943 3902 1074 3958 illud
1099 3904 1546 3975 suscipientibus.

493 3996 759 4067 Papulas.
791 3998 986 4053 Amen.

484 4090 771 4148 Sacerdos.
813 4089 881 4143 Et
914 4090 1136 4144 mistum
1176 4104 1300 4143 cum
1354 4091 1407 4147 in
1444 4092 1551 4149 hoc
1580 4094 1755 4151 calice
1781 4108 1867 4153 est
1891 4098 2016 4155 efﬁ-

418 4188 532 4244 ciat
560 4188 601 4257 1-
627 4186 954 4255 sanguinem
1001 4185 1190 4239 vivum
1221 4196 1277 4242 et
1311 4190 1479 4243 vitam
1513 4200 1781 4259 praestans
1808 4194 2017 4248 anima-

418 4280 524 4335 bus
568 4288 822 4336 nostrum
858 4281 1129 4346 omnium,
1160 4284 1201 4352 1-
1226 4284 1550 4353 sanguinem
1603 4282 1923 4349 salutarem,
1974 4286 2015 4357 1-

417 4372 740 4443 sanguinem
771 4373 1078 4439 ctelestem,
1107 4376 1429 4444 sanguinem
1460 4374 1767 4431 salvantem
1798 4379 2014 4434 animas

418 4476 637 4520 nostras
698 4472 755 4520 et
814 4478 1081 4534 corpora,
1139 4467 1457 4536 sanguinem
1530 4466 1748 4522 Domini
1812 4469 1906 4525 Dei
1958 4480 2014 4525 et

2128 3260 2217 3314 die
2247 3274 2436 3314 coram
2469 3267 2547 3323 te,
2581 3257 2651 3313 ad
2680 3256 2857 3310 altare
2885 3255 2988 3309 hoc
3018 3260 3268 3308 sanctum
3316 3259 3370 3305 et
3410 3250 3465 3304 in
3497 3246 3705 3302 Jerusa-

2128 3349 2234 3404 lem
2262 3348 2498 3404 caelesti.

2198 3442 2430 3497 Etevans
2460 3458 2663 3497 vocem.
2699 3439 2768 3495 Et
2792 3448 3019 3511 pr0pter
3067 3439 3183 3494 haec
3220 3447 3385 3508 atque
3432 3434 3540 3490 alia
3574 3433 3703 3503 ejus-

2124 3536 2271 3592 modi
2305 3536 2623 3591 stabiliatur
2670 3533 2916 3589 Ecclesia
2951 3542 3041 3587 tua
3074 3541 3269 3587 sancta
3292 3571 3308 3597 ,
3340 3543 3464 3599 quae
3493 3536 3622 3582 ests
3644 3522 3702 3577 ﬁ-

2126 3629 2291 3683 nibus
2326 3642 2497 3697 usque
2523 3626 2590 3682 ad
2628 3626 2764 3681 ﬁnes
2783 3634 2964 3690 terra},
2996 3632 3463 3691 conserveturqne
3486 3620 3539 3673 in
3562 3628 3701 3673 tran—

2124 3721 2404 3793 quillitate
2469 3728 2524 3776 et
2575 3733 2747 3789 pace,
2819 3717 3192 3787 doctrinisque
3243 3714 3612 3785 evangelicis.
3651 3720 3700 3765 et

2123 3814 2439 3885 apostolicis
2466 3852 2482 3878 ,
2512 3827 2610 3883 per
2634 3811 2916 3866 antistites
2941 3809 3155 3867 divinos
3187 3818 3337 3865 recte
3385 3808 3697 3878 dispensan-

2123 3916 2208 3963 tes
2264 3907 2491 3965 verbum
2553 3904 2826 3967 veritatis.
2885 3912 2943 3959 et
2983 3904 3322 3959 instruentes
3365 3897 3697 3971 dogmatibus

2123 4011 2268 4053 verae
2320 3994 2641 4066 religionis:
2672 4008 2773 4065 per
2804 3993 3116 4049 sacerdotes
3165 4001 3411 4055 sanctos,
3443 3988 3539 4059 qui
3589 4003 3695 4043 ain-

2126 4091 2445 4161 plectuntur
2474 4087 2706 4142 verbum
2752 4086 2900 4149 vitae,
2938 4095 2996 4140 et
3025 4083 3295 4155 praeclare
3322 4098 3381 4139 se
3426 4092 3621 4154 gerunt
3646 4081 3694 4135 in

2121 4182 2505 4253 dispensandis
2560 4179 2841 4251 mysteriis
2886 4178 2996 4233 tuis
3043 4177 3365 4234 caelestibus
3397 4195 3411 4231 :
3448 4192 3549 4249 per
3581 4176 3691 4230 dia-

2119 4292 2288 4334 conos
2310 4276 2613 4341 modestos,
2634 4272 2991 4344 perﬁcientes
3020 4271 3386 4327 ministerium
3421 4285 3614 4341 purum
3644 4277 3693 4322 et

2120 4378 2302 4445 regale
2326 4375 2533 4444 absque
2557 4370 2772 4427 macula
2802 4388 2817 4425 :
2852 4384 2951 4440 per
2972 4367 3159 4423 ﬁdeles
3194 4380 3377 4430 veros,
3409 4364 3507 4436 qui
3543 4376 3691 4418 oecus

2120 4480 2318 4540 pantnr
2347 4468 2604 4537 Operibus
2635 4476 2692 4520 et
2733 4464 2946 4520 actibus
2998 4459 3314 4519 Christiano
3353 4458 3569 4527 dignis;
3604 4470 3689 4525 per

421 4556 726 4612 Salvatoris
779 4558 952 4612 nostri
1008 4554 1134 4612 Jesu
1198 4557 1441 4625 Christi,
1507 4562 1575 4615 ad
1630 4561 2007 4617 remissionem
2044 4537 2088 4592 θ
2119 4537 2354 4619 choreas
2383 4559 2655 4629 virginum
2684 4558 2973 4627 utriusque
3013 4567 3201 4617 sexus,
3226 4549 3685 4606 mortificationem

491 4694 569 4765 (5)
614 4693 725 4748 Ora
774 4693 1010 4765 ﬁdelium
1052 4708 1151 4765 per
1198 4695 1546 4751 eucharistite
1604 4696 2005 4765 susceptionem

422 4764 554 4834 tingi
586 4766 851 4830 sanguine
882 4764 1116 4834 Christi,
1154 4773 1212 4817 ut
1240 4774 1427 4832 postes
1450 4766 1738 4819 domorum
1772 4764 1998 4822 Israeli-

429 4833 526 4914 tiei
552 4834 733 4914 populi
768 4834 822 4887 in
855 4833 1093 4914 Aﬁgypto
1117 4836 1323 4914 tinctos
1346 4835 1633 4914 sanguine
1680 4838 1811 4914 agni
1902 4835 2002 4890 Pa-

414 4903 1070 4976 schalisﬁomtnttnis‘est
1111 4903 1485 4976 Orientalium
1519 4903 1787 4969 doctrinis,
1838 4922 2000 4976 quam

418 4974 540 5045 fuse
564 4973 794 5045 explicat
825 4972 1059 5045 Severus
1076 4975 1367 5044 cpiscopus
1388 4976 1746 5041 Aschmonin,
1763 4977 1816 5030 in
1838 4972 2001 5045 opere

420 5046 485 5096 de
511 5044 666 5123 dgito
701 5041 947 5123 Paschali
999 5054 1054 5097 et
1096 5041 1490 5123 Ettclniristia_.__
1515 5047 1660 5099 Idem
1701 5041 1903 5123 legitur
1945 5050 1999 5102 in

417 5114 587 5167 variis
635 5113 998 5186 orationibus,
1060 5119 1363 5184 przcsertiin
1416 5117 1523 5171 illis
1567 5131 1688 5186 quae
1740 5113 2000 5172 dicuntur

419 5192 541 5253 post
591 5184 1058 5247 communionem,
1101 5188 1164 5237 ad
1200 5187 1501 5254 gratiarum
1550 5184 1845 5243 actionem.
1906 5188 1997 5242 Si-

419 5254 570 5323 gnati
622 5255 986 5309 sacramentis
1018 5255 1279 5329 dicuntur
1315 5258 1611 5312 Christiani
1659 5274 1759 5329 per
1812 5260 1995 5329 bapti—

419 5321 618 5388 smum,
654 5338 961 5397 perimyron
995 5340 1088 5397 seu
1120 5321 1455 5397 _chrismatis
1482 5321 1997 5397 impressionem,“

420 5410 515 5474 per
549 5393 965 5474 eucharistiam.
995 5394 1072 5451 Ea
1118 5393 1394 5453 locutione
1431 5393 1573 5453 nihil
1603 5401 1658 5454 in
1694 5400 1816 5456 istis
1871 5399 1997 5455 olli-

421 5466 524 5517 ciis
546 5466 908 5533 frequentius.

493 5533 570 5615 (ξ)
600 5534 678 5615 De
698 5536 925 5615 vocibus
955 5551 1088 5615 quae
1136 5536 1188 5592 in
1231 5540 1333 5615 hac
1372 5541 1621 5615 oratione
1665 5552 2001 5615 usurpantur

424 5604 491 5657 ab
522 5604 909 5669 Orientalibus,
935 5604 1141 5660 dictum
1172 5618 1255 5663 est
1284 5609 1459 5663 fusius
1488 5614 1538 5665 in
1573 5614 1719 5667 notis
1741 5604 1814 5667 ad
1852 5614 1999 5667 hunc

422 5673 602 5726 locum
645 5672 901 5743 Liturgian
948 5676 1135 5731 Basilii
1180 5680 1417 5749 Coptica:
1472 5683 1570 5752 (α).
1626 5682 2002 5754 Ἑπιφοίτησιν

486 5808 559 5931 to)
591 5810 714 5858 Vide
738 5812 788 5859 S.
812 5813 985 5879 .Basilii
1006 5814 1169 5877 Opera
1194 5820 1430 5870 editionis
1456 5825 1641 5869 nostra:
1689 5819 1827 5870 Ent'r.
1856 5820 1994 5872 Pun
2012 5858 2026 5871 .

512 5867 559 5930 b)
585 5867 722 5918 Hom.
756 5873 783 5919 2
806 5885 852 5921 tn
875 5875 1115 5928 Hexaem.

542 5867 559 5930 )
585 5867 722 5918 Hom.
756 5873 783 5919 2
806 5870 852 5921 in
875 5867 1115 5928 Hexaer'n.

2114 4714 2219 4770 qua
2260 4713 2392 4753 voce
2420 4697 2594 4753 ω’ωεί
2642 4694 2986 4770 potissimum
3024 4691 3103 4747 uti
3147 4697 3350 4770 solent,
3382 4689 3684 4770 exprimunt

2115 4760 2237 4843 Syri
2281 4785 2378 4834 per
2403 4782 2526 4843 eam
2552 4760 2723 4843 quam
2747 4765 3001 4843 illapsum
3042 4762 3502 4843 vertimus.:_qua
3534 4760 3683 4843 etiam

2120 4829 2369 4903 uiuntur,
2407 4838 2537 4892 dum
2570 4829 2873 4891 mirabilem
2920 4835 3216 4889 adventum
3248 4829 3495 4901 Spiritus
3528 4829 3682 4903 sancti

2114 4900 2551 4980 supervenientis
2600 4909 2657 4963 in
2706 4906 2763 4961 B.
2820 4903 3247 4980 _Yirgincm,"in
3291 4900 3682 4980 incarnationis

2111 4969 2399 5051 my'sterio,
2434 4980 2771 5051 exprimunt.
2804 4969 2994 5051 Altera
3020 4990 3127 5031 vox
3147 4969 3439 5051 Hebraica:
3469 4970 3682 5051 originis

2111 5041 2217 5113 est,
2278 5041 2593 5120 legiturque
2646 5048 2803 5103 initio
2853 5046 3130 5102 Geneseos
3169 5058 3236 5098 eo
3264 5043 3384 5120 loco
3419 5061 3433 5097 :
3468 5041 3681 5120 Spiritus

2112 5112 2635 5189 Dominivfereb'atur
2657 5134 2815 5187 super
2844 5134 3034 5187 aquas,
3066 5127 3322 5189 tanquam
3350 5112 3613 5168 incubans
3635 5119 3680 5189 et

2110 5191 2324 5263 fovens,
2349 5182 2761 5263 genitalemqu'e
2791 5182 2900 5242 vini
2933 5182 3238 5263 immittens
3259 5205 3271 5263 ε
3290 5199 3459 5263 quam
3476 5182 3677 5263 exposi—

2110 5254 2318 5316 tionem
2348 5254 2417 5315 ab
2448 5254 2721 5328 Ephrenio
2750 5268 3027 5328 acceptam
3058 5256 3302 5328 laudavit
3326 5262 3377 5328 et
3413 5254 3676 5328 amplexus

2106 5341 2192 5387 est
2220 5331 2460 5386 Basilius
2490 5323 2591 5403 (ὁ).
2629 5331 2725 5403 His
2758 5323 2925 5403 igitur
2954 5327 3136 5381 verbis
3166 5325 3481 5403 signiﬁcant
3504 5323 3675 5379 Orien-

2112 5403 2249 5458 tales
2278 5397 3061 5458 virtutet'n'ctelitusmissam.
3106 5413 3229 5461 qua:
3277 5397 3673 5470 in_dona_pr9-

2109 5476 2287 5540 posita
2329 5473 2660 5528 mirabiliter
2691 5482 2976 5540 operetur,
3012 5478 3071 5523 ut
3103 5470 3159 5522 in
3194 5466 3493 5523 creationis
3530 5464 3669 5518 initio

2109 5555 2164 5597 et
2195 5544 2576 5600 lncarnatione
2605 5543 2808 5598 factum
2840 5550 2925 5597 est
2950 5562 2961 5595 ε
2993 5555 3117 5595 nam
3146 5549 3380 5607 utraque
3405 5546 3670 5609 compara.-

2114 5616 2280 5679 tione,
2316 5615 2642 5669 miraculum
2669 5613 2915 5683 quotidie
2952 5612 3005 5666 in
3046 5601 3388 5665 eucharistia
3422 5601 3543 5663 ﬁeri
3568 5601 3672 5657 soli~

2116 5696 2231 5739 tum
2255 5686 2546 5755 explicant.
2583 5694 2638 5741 et
2664 5682 2859 5741 iisdem
2891 5682 3075 5739 verbis
3107 5690 3348 5737 utuntur.
