3892 6232
194 396 341 453 “9.9

1647 366 2021 438 munem“

3312 371 3451 430 H30

191 519 469 573 vivificam
527 512 787 583 unigeniti
816 507 939 565 Filii
973 507 1053 564 tui
1112 509 1166 562 iu
1202 506 1462 563 membris
1500 505 1615 558 suis
1663 503 1773 557 cir-
1804 506 1851 562 Α
1953 498 2183 553 Elevans
2218 512 2411 551 vocem.
2444 495 2511 550 Et
2552 495 2772 565 quando
2793 494 3011 565 quidem
3062 498 3218 561 potes
3246 493 3449 551 omnia.

191 610 588 669 cumferentes.
637 610 817 678 Atque
862 606 993 660 hinc
1055 619 1166 658 uno
1217 600 1439 672 agmine
1490 597 1779 652 mittamur

188 719 393 760 omnes
437 703 507 758 ad
537 699 843 757 Ecclesiam
883 698 1039 752 illam
1082 695 1412 755 Jerusalem,
1444 687 1780 761 primogeni-

191 806 377 853 torum
401 796 808 864 descriptorum
842 793 898 848 in
926 791 1110 855 ctelis,
1140 797 1308 857 atque
1339 785 1451 840 illic
1480 780 1781 853 spirituali-

194 900 288 944 ter
315 888 694 960 glorificemus
729 896 801 951 te,
839 885 985 941 Deus
1010 880 1196 943 Pater,
1223 890 1278 934 et
1311 877 1648 949 unigenitum
1686 869 1781 929 Fi-

194 979 333 1034 lium
368 991 544 1046 tuum,
568 989 623 1036 et
649 979 913 1051 Spiritum
933 986 1083 1032 tuum
1106 982 1379 1032 sanctum.

271 1072 535 1145 Populus.
561 1073 758 1127 Amen.

272 1163 535 1220 Sacerdos
568 1164 881 1219 inclinatus.
914 1158 1123 1230 Adjuva
1165 1166 1373 1224 autem,
1410 1154 1664 1221 Domine,
1688 1169 1784 1210 eos

191 1272 396 1313 omnes
424 1258 515 1326 qui
550 1254 819 1325 adjuvant
852 1254 1153 1311 Ecclesiam
1186 1263 1332 1305 tuam
1380 1258 1653 1312 sanctam,
1685 1253 1783 1301 vo—

195 1351 295 1413 tis,
362 1350 627 1413 decimis,
692 1348 1001 1403 ministerio
1047 1353 1101 1399 et
1151 1341 1574 1398 oblationibus:
1625 1348 1787 1409 atque

196 1443 327 1499 illos
362 1444 526 1496 etiam
562 1441 660 1512 qui
706 1439 990 1510 postulant
1027 1437 1307 1491 orationes
1354 1432 1636 1488 tenuitatis
1690 1445 1788 1484 no-

196 1547 354 1599 atrae,
384 1536 451 1590 da
480 1534 586 1589 illis
610 1534 770 1588 finem
803 1530 1230 1602 postulationum
1265 1531 1528 1598 ipsorum,
1558 1521 1788 1577 Domine

197 1636 419 1682 amator
453 1626 756 1680 hominum.

280 1714 549 1770 Sacerdos
577 1713 787 1768 elevans
816 1720 1012 1767 cotem.
1045 1710 1201 1766 Mitte
1228 1718 1410 1764 autem
1451 1720 1635 1762 curam
1666 1714 1783 1773 per-

202 1808 435 1871 fectam,
455 1808 793 1876 salutemque
818 1807 1058 1881 plenam,
1082 1804 1334 1859 ornnibus
1354 1803 1460 1856 illis
1482 1800 1573 1870 qui
1596 1811 1786 1853 curam

204 1909 407 1971 gerunt
444 1914 775 1969 pauperum,
800 1899 892 1967 qui
930 1899 1191 1952 alimenta
1230 1896 1477 1967 praebent
1525 1892 1789 1961 orphanis

204 2006 264 2050 et
297 1995 499 2057 viduis,
530 1994 866 2063 visitantque
889 1991 1135 2046 inﬁrmos
1161 2000 1217 2043 et
1244 1988 1498 2044 afﬂictos.
1527 1985 1792 2041 Retribue

203 2085 340 2148 illis,
372 2084 462 2139 hic
499 2084 723 2153 quidem
775 2083 1163 2138 abundantiam
1213 2092 1270 2137 et
1310 2082 1485 2144 bona,
1522 2078 1632 2133 illic
1660 2091 1793 2132 vero

202 2177 435 2233 delicias
461 2176 928 2245 incorruptibiles,
955 2176 1084 2246 quia
1113 2184 1166 2230 tu
1195 2174 1456 2229 Dominus
1492 2187 1553 2227 es
1584 2170 1793 2226 utrius-

200 2279 319 2339 que
340 2267 549 2333 saeculi,
581 2277 637 2323 et
666 2266 895 2337 largitor
923 2267 1204 2321 immensae
1239 2264 1527 2327 mercedis,
1581 2261 1794 2329 tibique

201 2355 466 2410 convenit
491 2354 869 2420 beneﬁcentia,
901 2363 1009 2408 tam
1046 2354 1136 2409 hic
1165 2369 1329 2423 quam
1366 2351 1500 2420 illic,
1529 2360 1586 2406 et
1610 2351 1796 2420 unige-

205 2448 328 2508 nito
361 2447 499 2501 Filio
534 2458 651 2502 tuo.

285 2535 543 2607 Papulas.
576 2539 771 2592 Amen.

282 2627 546 2684 Sacerdos
589 2629 907 2684 inclinatus.
961 2628 1102 2684 lram
1156 2624 1343 2699 regum
1394 2629 1727 2698 comprime,
1762 2644 1798 2683 ο

206 2722 329 2778 Rex
372 2739 600 2794 regum,
640 2723 880 2777 furorem
926 2723 1157 2777 militum
1206 2737 1522 2790 compesce;
1570 2721 1711 2777 bella
1742 2730 1798 2775 et

205 2817 513 2873 seditiones
563 2816 741 2881 aufer,
796 2816 1000 2872 fastum
1051 2816 1440 2872 haereticorum
1487 2814 1686 2885 dejice,
1743 2822 1800 2868 et

205 2911 514 2967 sententias
556 2910 825 2978 ajustitia
878 2920 969 2964 tua
1007 2919 1204 2964 contra
1248 2923 1349 2963 nos
1381 2908 1794 2978 pronuntiatas,

208 3011 437 3074 superet
466 3017 621 3056 amor
650 3016 782 3073 erga
824 3002 1073 3058 homines
1118 3014 1262 3065 tuus,
1308 3012 1364 3057 et
1408 3009 1696 3058 convertat
1728 3002 1789 3059 in

209 3095 697 3151 ansuetudinem
731 3095 1089 3166 benignitatis
1112 3104 1237 3150 tua}.

1884 592 2121 646 ctetibus
2152 588 2368 643 illorum
2397 586 2749 651 dilectorum,
2786 594 2844 641 et
2872 583 3301 640 domesticorum
3339 592 3460 636 tuo-

1885 698 2007 738 rum
2046 679 2281 748 adjunge
2312 675 2689 731 inﬁrmitatem
2731 681 2997 735 nostram,
3037 669 3461 726 Dominezcon-

1883 772 2184 847 gregationi
2223 771 2300 825 illi
2329 771 2524 833 beatae,
2556 766 2701 838 parti
2733 764 2862 820 huic
2893 762 3116 825 divinae,
3138 770 3201 817 ut
3229 775 3331 832 per
3364 775 3462 813 eos

1886 865 2259 937 suscipiantur
2285 861 2593 919 oblationes
2621 867 2677 912 et
2723 856 3009 912 orationes
3046 860 3253 909 nostra
3276 865 3463 908 coram

1889 960 2086 1015 throno
2112 954 2331 1011 excelso
2361 949 2666 1018 maiestatis
2698 956 2824 1013 ture,
2853 960 2920 1001 eo
2948 945 3097 1017 quod
3125 944 3375 1001 imbelles
3410 948 3466 998 et

1887 1049 2092 1104 inﬁrmi
2143 1060 2354 1109 sumus,
2386 1043 2804 1112 indigentesque
2850 1039 3043 1093 fiducia
3088 1039 3235 1108 apud
3261 1045 3337 1094 te.
3371 1030 3470 1090 Ni-

1888 1139 2087 1194 mirum
2144 1144 2425 1207 peccatum
2472 1141 2721 1187 nostrum
2755 1138 2810 1185 et
2830 1128 3046 1198 justitla
3098 1138 3288 1183 nostra
3330 1128 3467 1184 nihil

1890 1239 2041 1295 sunt,
2072 1228 2141 1284 ad
2174 1226 2404 1297 pelagus
2432 1222 2663 1279 eliusum
2694 1229 2751 1277 et
2784 1222 3110 1278 imtnensum
3151 1218 3470 1274 misericor-

1887 1322 1996 1377 dia:
2027 1330 2153 1376 tum.
2182 1318 2241 1373 in
2272 1319 2442 1374 corda
2498 1316 2673 1387 igitur
2724 1312 3063 1385 singulorum
3107 1311 3470 1381 perspiciens,

1889 1413 2283 1470 retributiones
2315 1413 2491 1466 bonas
2523 1410 2852 1480 petitionum
2899 1419 3122 1463 suarum
3171 1404 3472 1471 unicuique

1890 1506 2068 1572 mitte,
2099 1513 2158 1559 ut
2188 1504 2241 1558 in
2266 1503 2526 1558 omnibus
2551 1510 2606 1555 et
2636 1501 2690 1555 in
2723 1498 2953 1570 singulis
2987 1499 3250 1553 adoretur
3275 1504 3333 1551 et
3356 1496 3474 1550 lan-

1892 1599 2054 1654 detur
2080 1598 2340 1668 majestas
2366 1605 2457 1650 tua
2486 1603 2539 1650 et
2567 1592 2835 1666 unigeniti
2867 1580 2993 1648 Filii
3028 1591 3127 1647 tui.

1966 1689 2228 1759 Populus.
2263 1689 2455 1744 Amen.

1965 1781 2232 1838 Sacerdos
2284 1780 2596 1835 inclinatus.
2630 1775 2922 1844 Memento,
2953 1775 3203 1843 Domine,
3230 1775 3475 1831 omnium

1890 1872 2274 1942 episcoporum
2298 1910 2314 1935 ,
2345 1870 2632 1924 doctorum
2678 1878 2731 1921 et
2769 1866 3060 1936 praasulum
3089 1865 3349 1921 Ecclesiae
3370 1874 3477 1918 tua:

1892 1970 2098 2016 sanctae
2122 1974 2314 2016 eorum
2338 1958 2431 2028 qui
2472 1974 2502 2013 a
2538 1956 2741 2015 Iacobo
2780 1954 2860 2029 (Β)
2899 1956 3183 2027 apostolo,
3218 1956 3475 2025 episcopo

1892 2063 1949 2109 et
1991 2062 2235 2123 martyre
2273 2066 2450 2121 usque
2475 2051 2544 2107 ad
2585 2050 2915 2106 hodiernum
2949 2050 3113 2115 diem,
3146 2048 3479 2120 placuerunt

1893 2150 1951 2202 et
1977 2145 2193 2216 placent
2218 2144 2340 2201 tibi.

1970 2239 2196 2295 Elevans
2213 2252 2407 2294 vocem.
2427 2235 2613 2293 lusere
2634 2236 2815 2305 nobis,
2830 2236 3082 2301 Domine,
3100 2234 3259 2290 fidem
3283 2245 3473 2288 eorum

1893 2347 2109 2397 veram,
2135 2342 2190 2387 et
2211 2331 2387 2388 zelum
2415 2345 2607 2387 eorum
2631 2344 2731 2400 pro
2758 2344 2885 2385 vera
2920 2328 3204 2398 religione,
3234 2326 3477 2381 charita-

1898 2435 2007 2483 tem
2041 2438 2231 2479 eorum
2261 2423 2535 2479 sinceram
2559 2462 2575 2486 ,
2606 2426 2663 2476 et
2705 2419 2838 2477 nulli
2882 2418 3118 2475 defectui
3159 2416 3473 2482 obnoxiam,

1898 2529 2081 2571 mores
2110 2528 2302 2570 eorum
2343 2513 2707 2584 inculpabiles
2741 2532 2756 2568 :
2787 2520 2847 2568 ut
2874 2511 3125 2584 vestigiis
3155 2526 3343 2569 eorum
3393 2510 3478 2564 in-

1898 2608 2190 2671 haerentes,
2232 2604 2530 2677 participes
2566 2605 2837 2661 mercedis
2862 2616 3053 2660 eorum
3085 2605 3280 2669 simus,
3311 2610 3366 2659 et
3387 2617 3480 2657 co-

1901 2716 2161 2757 ronarum
2200 2700 2459 2763 victoriae,
2496 2710 2617 2768 quae
2665 2698 2771 2755 illis
2807 2708 3011 2768 parata
3037 2706 3166 2754 sunt
3210 2698 3265 2752 in
3304 2707 3480 2767 regno

1902 2806 1995 2852 tuo
2018 2794 2231 2851 caelesti
2268 2811 2283 2849 :
2322 2794 2539 2862 illicque
2576 2791 2741 2849 simul
2778 2807 2903 2848 cum
2959 2791 3067 2846 illis
3089 2804 3354 2849 canamus
3384 2790 3479 2845 tibi

1901 2886 2129 2957 gloriam
2164 2888 2585 2953 indesinentem,
2613 2895 2674 2957 et
2702 2883 2984 2956 unigenito
3011 2881 3151 2939 Filio
3181 2890 3294 2938 tuo.

1969 2980 2227 3051 Populus.
2256 2981 2453 3036 Amen.

1927 3130 1933 3136 ρ
1976 3094 2239 3150 Sacerdos
2284 3094 2593 3149 inclinatus.
2638 3091 2936 3155 Memento,
2962 3088 3213 3152 Domine,
3235 3087 3479 3143 omnium

287 3189 523 3245 Elevans
547 3206 748 3243 vocem.
778 3189 1255 3259 Tranquillitatem
1295 3200 1350 3243 et
1392 3203 1581 3257 pacem
1626 3204 1747 3259 qum
1774 3203 1803 3241 a
1830 3201 1875 3260 ο
1907 3188 2289 3243 defunctorum
2323 3186 2418 3257 qui
2448 3185 2976 3241 decubueruntcum
3009 3194 3108 3251 spe
3132 3189 3244 3247 tua,
3282 3178 3337 3232 in
3374 3179 3483 3234 fide

212 3291 271 3338 te
293 3291 399 3348 est,
416 3284 659 3338 concede
684 3292 845 3337 terra:
870 3291 924 3336 et
950 3281 1202 3336 omnibus
1228 3280 1625 3335 habitatoribus
1648 3279 1791 3350 ejus,

212 3375 379 3430 ‘visita
414 3389 536 3431 eam
562 3390 658 3446 per
699 3374 969 3431 beneﬁcia
1004 3384 1118 3437 tua,
1160 3384 1217 3429 et
1254 3388 1444 3428 curam
1486 3374 1799 3427 misericor-

213 3467 320 3523 dia:
348 3476 473 3534 tum,
505 3483 604 3536 per
630 3467 834 3522 bonam
864 3476 919 3521 et
947 3476 1309 3536 temperatam
1347 3465 1493 3519 aeris
1536 3465 1801 3518 constitu-

214 3561 443 3625 tionem,
478 3559 754 3615 fructuum
786 3561 1113 3627 ubertatem,
1146 3559 1471 3627 frugumque
1522 3552 1799 3611 abundan-

214 3654 377 3716 tiam,
432 3654 864 3723 varietatemque
941 3651 1155 3709 florum.
1221 3649 1499 3704 Przeserva
1549 3663 1672 3702 eam
1729 3648 1799 3702 ab

212 3744 473 3800 Omnibus
504 3744 679 3815 plagis
708 3742 936 3808 furoris,
961 3755 1017 3797 et
1044 3742 1111 3796 ab
1138 3739 1429 3795 iusultibus
1468 3738 1673 3807 iniquis
1705 3737 1801 3792 iui-

216 3840 513 3903 micorum,
550 3843 660 3889 tam
709 3833 1078 3905 spiritualium
1126 3846 1289 3901 quam
1343 3828 1710 3893 sensibilium,
1744 3835 1802 3881 ut

215 3930 428 3998 absque
484 3929 591 3982 ulla
642 3928 960 3998 passionum
1006 3940 1169 3989 noxa,
1230 3932 1524 3993 perpetuos
1569 3921 1801 3991 hymnos

216 4006 410 4097 gloriae
437 4036 700 4077 canamus
737 4018 856 4082 tibi,
881 4027 937 4071 et
967 4015 1249 4086 unigenito
1284 4014 1424 4069 Filio
1451 4024 1562 4069 tuo.

294 4115 554 4186 Populus.
585 4115 780 4168 Anien.

251 4278 259 4284 _
297 4208 559 4266 Sacerdos
610 4206 920 4261 inclinatus.
965 4204 1049 4259 Ad
1094 4202 1269 4256 altare
1302 4201 1426 4265 hoc,
1459 4209 1515 4254 et
1566 4198 1633 4253 ad
1671 4198 1802 4253 illud

216 4306 366 4361 ccelo
389 4301 700 4365 sublimius,
726 4299 991 4355 memoria
1022 4297 1164 4352 bona
1198 4298 1272 4351 sit
1299 4296 1407 4350 illis
1433 4292 1688 4349 omnibus
1709 4291 1801 4361 qui

217 4412 293 4452 ex
329 4396 530 4449 inundo
564 4393 660 4449 tibi
689 4393 1037 4462 placuerunt.
1084 4389 1367 4457 Praecipue
1419 4398 1550 4441 vero
1600 4394 1804 4440 sanctae

217 4488 522 4543 Genitricis
563 4484 694 4547 Dei,
728 4482 959 4539 Joannis
1007 4481 1218 4547 nuntii,
1250 4477 1513 4549 Baptistae
1559 4485 1616 4531 et
1663 4490 1802 4546 prte-

1899 3299 2026 3339 vera
2061 3302 2073 3337 :
2102 3282 2404 3353 praesertim
2432 3292 2564 3335 vero
2589 3288 2647 3333 et
2674 3276 3000 3333 nominatim
3022 3315 3037 3340 ,
3071 3285 3310 3346 patrum,
3362 3272 3483 3327 fras

1903 3386 2083 3439 trum,
2145 3373 2642 3441 magistrorumque
2710 3378 3057 3432 nostrorum,
3112 3365 3483 3434 corporalium

1898 3477 1994 3520 aut
2019 3462 2409 3534 spiritualium,
2460 3470 2516 3515 et
2550 3475 2739 3515 eorum
2780 3474 2879 3529 pro
2925 3457 3128 3528 quibus
3154 3464 3210 3512 et
3241 3466 3484 3526 quorum

1900 3557 2101 3626 gratia,
2130 3555 2335 3609 oblatio
2368 3554 2484 3607 haec
2520 3560 2708 3606 sancta
2732 3548 2916 3605 oblata
2945 3557 3050 3605 est.

1934 3688 1935 3691 η
1977 3648 2203 3701 Elevans
2228 3660 2423 3699 vocem.
2450 3641 2721 3712 Adjunge,
2746 3638 2994 3710 Domine,
3014 3640 3234 3696 nomina
3264 3637 3483 3695 illorum

1901 3754 2025 3795 cum
2059 3736 2374 3793 nominibus
2416 3744 2738 3789 sanctorum
2789 3741 3010 3786 tuorum
3045 3732 3099 3786 in
3144 3730 3484 3787 habitatione

1910 3833 2071 3887 beata
2116 3845 2304 3885 corum
2336 3828 2429 3897 qui
2489 3826 2685 3882 festum
2717 3831 2886 3895 agunt
2922 3832 2979 3879 et
3013 3822 3275 3878 laetantur
3312 3822 3364 3876 in
3394 3829 3480 3885 te;

1905 3940 2013 3979 non
2043 3937 2308 3977 revocans
2347 3921 2451 3975 illis
2481 3921 2803 3975 memoriam
2841 3925 3190 3987 peccatorum
3230 3930 3478 3975 suorum,

1905 4031 2082 4085 neque
2102 4025 2540 4071 commemorans
2566 4012 2702 4083 ipsis
2722 4028 2842 4082 qua:
2870 4011 3196 4081 insipienter
3217 4014 3477 4079 egerunt;

1904 4108 2039 4177 quia
2080 4108 2262 4162 nullus
2292 4116 2376 4161 est
2405 4106 2557 4161 carni
2592 4105 2870 4175 alligatus,
2907 4112 2964 4159 et
2989 4104 3253 4157 innocens
3290 4115 3481 4155 coram

1908 4208 1963 4253 te
2011 4215 2025 4251 :
2052 4212 2193 4252 unus
2224 4196 2369 4251 enim
2405 4195 2782 4250 tantummodo
2804 4208 2966 4263 super
2992 4201 3194 4247 terram
3222 4191 3372 4245 visus
3396 4198 3483 4244 est

1904 4294 2115 4363 absque
2145 4298 2393 4360 peccato,
2447 4287 2606 4343 Jesus
2646 4286 2902 4341 Christus
2948 4282 3263 4353 unigenitus
3312 4281 3483 4336 Filius

1907 4392 2033 4438 tuus
2062 4398 2075 4437 :
2106 4380 2332 4451 simplex
2375 4381 2469 4449 qui
2496 4379 2565 4434 ad
2594 4377 3047 4446 compositionem
3077 4373 3228 4429 venit
3249 4372 3352 4442 (6),
3386 4388 3483 4443 per

1905 4490 2068 4546 quem
2105 4490 2204 4529 nos
2239 4486 2455 4543 quoque
2489 4468 2876 4525 misericordiae
2896 4469 3297 4536 cuusequcndxe
3329 4480 3480 4537 spem

221 4579 472 4635 cursoris
496 4616 512 4641 ,
544 4575 689 4631 Petri
720 4583 774 4629 et
806 4573 982 4635 Pauli,
1020 4571 1294 4639 totiusque
1332 4576 1505 4623 cattus
1533 4566 1801 4636 apostolo-
1831 4552 1877 4611 D
1906 4568 2185 4623 habemus.

227 4687 374 4739 rum,
429 4668 693 4739 Stephani
751 4679 988 4736 quoque,
1040 4672 1098 4718 et
1138 4662 1409 4715 universae
1458 4659 1629 4713 turbae
1656 4672 1802 4711 mar-

228 4776 434 4841 tyrum,
463 4775 519 4819 et
547 4778 735 4819 eorum
767 4760 1034 4822 omnium,
1066 4757 1157 4827 qui
1186 4765 1313 4810 ante
1356 4768 1473 4819 eos,
1507 4767 1631 4808 cum
1676 4750 1803 4817 illis,

224 4867 288 4915 et
309 4868 437 4929 post
461 4872 555 4912 eos
588 4856 934 4927 placuerunt,
966 4862 1024 4907 et
1050 4851 1266 4920 placent
1294 4847 1416 4902 tibi.

304 4996 381 5066 (5)
418 4995 703 5064 Sumptum
736 4992 788 5066 id
812 5007 878 5066 ex
909 4990 1097 5046 Graeca
1121 4986 1312 5066 Jacobi
1345 4983 1585 5066 Liturgia
1614 4980 1810 5066 Ηίθεοι-

232 5049 574 5138 solvinitanzé
598 5137 607 5138 ί
631 5064 895 5138 Ecclesia:
946 5061 1194 5138 propria,
1235 5071 1365 5138 quia
1405 5049 1677 5138 fundatae
1714 5049 1809 5138 εἰει-

230 5122 373 5194 cubo
407 5136 577 5190 fratre
596 5134 832 5197 Domini,
857 5122 1269 5186 successionem
1297 5126 1499 5197 fideiet
1522 5122 1811 5197 cathedrae

230 5193 460 5264 adeum
495 5207 691 5261 merito
730 5193 1039 5272 referebat,
1068 5212 1244 5267 neque
1264 5194 1481 5272 proprie
1509 5195 1575 5247 ad
1606 5193 1812 5272 _An_tio-

230 5262 465 5334 ahenam
498 5276 796 5331 Ecclesiam
846 5289 876 5327 a
931 5262 1095 5325 Petro
1145 5262 1426 5322 fundatam
1480 5262 1807 5334 pertinebat.

235 5332 345 5404 Sed
371 5363 495 5403 cum
528 5362 647 5400 eam
690 5341 992 5413 Liturgiam
1040 5342 1094 5413 in
1138 5339 1320 5413 vicina
1351 5332 1812 5413 Palaistinacele-

234 5422 391 5475 brem
422 5420 488 5472 ad
518 5432 579 5471 se
611 5404 1038 5475 transtulissent,
1069 5410 1209 5463 hanc
1244 5406 1533 5460 formulam
1554 5404 1812 5475 _retinue~

236 5473 409 5545 runt:
442 5498 499 5543 et
521 5502 584 5542 ea
618 5500 854 5556 quoque,
879 5492 947 5556 ut
973 5473 1098 5536 alibi
1119 5485 1379 5556 notatum
1407 5485 1513 5541 est,
1546 5473 1813 5556 Jacobin

233 5540 574 5614 sunt.
617 5540 695 5611 lla
738 5540 883 5610 cnim
918 5550 1414 5606 denominationem
1445 5560 1608 5614 quam
1649 5558 1677 5614 a
1720 5540 1814 5614 Jaf

233 5612 389 5685 (and
422 5612 696 5682 Baradato
734 5628 851 5679 sive
893 5620 1131 5676 Zanzalo
1163 5634 1257 5673 eos
1288 5612 1590 5684 accepisse,
1634 5612 1811 5685 Graeci

234 5684 519 5767 auctores,
550 5715 653 5752 non
703 5700 882 5749 minus
910 5709 1073 5767 quam
1103 5686 1428 5767 Orientales
1458 5684 1728 5767 Melcbita:
1757 5692 1813 5736 et

231 5756 543 5825 hestoriani
572 5775 863 5829 tesmntur,
895 5756 964 5817 ad
988 5761 1307 5831 Apostolum
1341 5756 1611 5831 referunt.

309 5822 556 5913 nsi;
580 5822 751 5893 verba
782 5822 955 5905 magis
998 5822 1272 5888 rhetorice
1304 5843 1464 5897 quam
1507 5822 1812 5893 theologice

514 5935 785 5994 Parnm.
820 5931 933 5989 (in.
970 5928 1078 5987 Ill.

1980 4657 2238 4728 Populus.
2268 4658 2515 4725 Quietem
2544 4665 2766 4727 praesta.

1978 4750 2237 4807 Sacerdos
2283 4750 2598 4804 inclinatus.
2644 4749 2879 4804 Peccata
2934 4752 3118 4800 nostra
3167 4753 3223 4798 Et
3273 4732 3483 4797 illorum

1908 4843 2238 4908 voluntaria,
2268 4843 2507 4898 scienter
2536 4854 2592 4896 et
2621 4841 2939 4909 iguoranter
2969 4836 3263 4894 commissa
3298 4836 3487 4891 remit-

1909 4975 2074 5039 dicta,
2121 4973 2298 5029 minus
2352 4981 2501 5028 recte
2540 4971 2912 5027 Jacobitarum
2950 4967 3265 5039 opinionem
3316 4966 3488 5039 expli-f

1911 5037 2068 5100 cant.
2115 5043 2226 5097 Nec
2266 5045 2415 5098 enim
2468 5042 2921 5112 compositionem
2951 5111 2957 5112 ί
2984 5037 3325 5112 agnoscunt,
3378 5037 3484 5090 nisi

1911 5116 2091 5187 qualis
2118 5123 2203 5187 e_st
2233 5113 2321 5168 illa
2344 5129 2466 5187 qua;
2495 5115 2547 5167 in
2592 5109 2843 5187 symbolo
2874 5109 3160 5165 Athanasii
3190 5109 3355 5187 dicto,
3389 5114 3485 5158 na-

1913 5178 2090 5241 lietur.
2123 5184 2277 5240 Sicut
2302 5178 2482 5237 anima
2514 5178 2793 5235 rationalis
2822 5192 2869 5233 et
2900 5196 3024 5233 caro
3047 5194 3181 5231 unus
3205 5186 3281 5229 est
3305 5178 3482 5240 homo,

1913 5258 1986 5309 ita
2004 5256 2146 5309 Deus
2168 5265 2215 5308 et
2242 5257 2398 5307 homo
2421 5269 2556 5307 unus
2570 5262 2646 5306 est
2678 5252 2937 5313 Christus,
2968 5264 3089 5319 quae
3114 5248 3472 5319 comparatio,

1913 5326 2165 5396 quamvis
2192 5341 2222 5376 a
2248 5324 2509 5396 nonnulis
2536 5323 2791 5396 Rati-ibus
2824 5316 3105 5388 usurpata,
3142 5316 3398 5396 Facundo
3430 5327 3486 5368 et

1915 5390 2037 5450 aliis
2070 5412 2174 5449 non
2208 5394 2433 5462 placuit.
2466 5393 2575 5448 Sed
2594 5397 2722 5446 dum
2744 5406 2908 5443 unam
2938 5399 3188 5462 naturam
3220 5390 3485 5455 proliten-

1918 5477 2026 5530 tur,
2061 5467 2134 5519 ita
2165 5456 2539 5519 confusionem
2588 5461 3010 5531 mistionemque
3049 5456 3374 5531 excludunt,
3427 5466 3487 5507 ut

1914 5528 2239 5605 compositio
2290 5536 2510 5602 pr0prie
2559 5533 2705 5605 dicta
2748 5532 2897 5605 nulla
2925 5528 3039 5605 '_sit_,
3079 5528 3182 5605 nisi
3215 5536 3486 5595 quatenus

1915 5598 2140 5661 sunmus:
2193 5598 2556 5674 perfectaque
2612 5599 2948 5669 simplicitati
3002 5598 3484 5674 DElﬂOppOllllllf.

1915 5693 2076 5745 quam
2121 5666 2227 5730 non
2265 5677 2429 5729 habet
2460 5666 2620 5727 homo
2653 5666 2968 5745 asSumptus
3010 5683 3078 5721 ex
3111 5666 3353 5745 Virgine,
3384 5681 3485 5745 _cm

1921 5735 2151 5802 Verbum
2183 5762 2313 5800 caro
2353 5746 2558 5798 factum
2590 5748 2715 5800 dum
2751 5735 2960 5795 unitum
2982 5749 3085 5800 est,
3118 5738 3173 5791 in
3198 5735 3491 5806 quamdam

1916 5820 2359 5887 compositionem
2388 5817 2549 5871 venit.

3098 5904 3175 5965 36
