3892 6232
435 323 561 386 1131

1627 339 1684 395 S.
1724 339 2022 396 DlONYSll
2098 341 2442 398 LITURGIA.

3545 345 3670 397 H32

431 462 575 515 tens,
623 451 893 520 prepitins
932 461 1086 517 esto.
1138 453 1402 523 Domine,
1440 466 1655 511 amator
1704 460 2002 515 hominum.
2039 470 2086 527 Α
2115 461 2223 516 vita
2253 463 2486 531 gloriosa
2526 470 2582 518 et
2608 463 2813 532 absque
2847 462 2950 518 ﬁne
2979 463 3029 517 in
3059 463 3376 518 habitaculo
3408 463 3668 532 spirituali

505 541 731 598 Elevans
768 561 963 599 vocem.
988 547 1052 600 Et
1076 558 1272 617 praesta
1305 549 1462 604 nobis
1494 549 1656 605 ﬁnem
1696 553 2003 620 paciﬁcum,

429 635 636 690 exitum
665 650 788 689 cum
817 635 1193 691 misericordia
1238 655 1252 691 :
1284 647 1450 708 utque
1495 648 1699 695 stemus
1746 642 2004 712 inculpati

430 734 496 786 ad
528 733 829 798 dexteram,
861 739 916 786 et
949 746 1072 785 cum
1123 731 1264 786 facie
1308 733 1548 788 revelata
1585 744 1642 788 et
1669 733 1888 800 ﬁducia,
1914 752 2007 791 oc-

428 839 722 880 curramus
748 825 816 880 ad
842 833 1023 879 ortum
1055 825 1322 896 unigeniti
1355 825 1478 881 Filii
1509 827 1618 893 tui,
1651 837 1706 882 et
1732 828 1798 882 ad
1831 831 2008 884 mani-

433 917 784 972 festationem
813 913 932 984 ejus
965 917 1264 970 secundam
1299 926 1354 972 et
1388 917 1680 986 gloriosam
1733 918 1800 974 de
1830 921 2002 988 caelo;

428 1007 824 1080 audiamu‘sque
851 1011 920 1066 ab
945 1027 1010 1068 eo
1030 1028 1219 1069 vocem
1247 1011 1394 1067 illam
1421 1013 1658 1079 beatam,
1686 1030 1847 1085 quam
1881 1016 2006 1070 bea-

428 1104 501 1158 tis
533 1104 584 1157 in
621 1103 727 1158 ﬁne
757 1106 1170 1174 pronuntiabit,
1221 1105 1478 1158 benedicti
1524 1104 1706 1161 Patris
1740 1108 1864 1173 mei,
1919 1124 2008 1160 ca-

425 1196 620 1265 pessite
647 1197 1012 1250 ha’reditatem
1063 1197 1208 1266 regni
1252 1198 1494 1262 caelestis,
1531 1207 1593 1252 ut
1623 1198 1676 1253 in
1710 1199 1814 1254 hoc
1861 1199 2006 1254 sicut

427 1297 485 1341 et
519 1289 570 1342 in
609 1288 864 1343 omnibus
906 1288 1245 1360 gloriﬁcetur
1269 1298 1322 1343 et
1355 1289 1602 1343 laudetur
1629 1303 1824 1344 nomen
1853 1299 2003 1344 tuum

426 1378 662 1434 maxime
687 1381 1082 1436 venerandum.

497 1473 756 1542 Populus.
789 1473 876 1530 Ut.

497 1565 782 1622 Sacerdos.
818 1567 954 1624 Pax.

496 1656 756 1730 Populus.
793 1658 1007 1715 Etcum
1041 1660 1234 1732 spiritu
1262 1669 1375 1716 tuo.

427 1768 687 1827 Sacerdos
713 1771 916 1842 frangit
957 1773 1209 1897 hostium,
1252 1783 1299 1826 et
1331 1773 1457 1828 dicit
1511 1771 1846 1842 Orationem,
1879 1785 2004 1830 ante

1063 1853 1179 1897 ater
1207 1853 1412 1897 noster.

1063 1853 1179 1897 ater
1207 1853 1412 1899 noster.

497 1933 660 1989 Pater
715 1933 958 1990 omnium
1011 1945 1068 1989 et
1116 1936 1447 2005 principium
1504 1939 1648 2008 quod
1699 1948 1783 1993 est
1839 1953 2003 2009 super

421 2029 626 2092 omnia,
679 2027 766 2082 lux
813 2037 1013 2085 aeterna
1057 2038 1113 2083 et
1156 2028 1276 2085 fons
1330 2030 1491 2094 lucis,
1551 2048 1672 2102 qua:
1730 2032 2004 2088 illuminat

420 2134 614 2175 omnes
643 2130 872 2175 naturas
904 2120 1117 2174 ratione
1155 2121 1436 2189 praeditas,
1471 2123 1560 2191 qui
1597 2137 1760 2178 vocas
1788 2137 1853 2177 ex
1883 2123 2017 2192 puI-'

418 2226 549 2266 vere
583 2212 820 2282 inopem,
852 2220 906 2266 et
937 2211 1003 2266 de
1031 2221 1278 2267 stercore
1303 2213 1471 2284 erigis
1493 2228 1806 2284 pauperem,
1827 2223 1881 2269 et
1905 2230 2004 2269 nos

415 2303 670 2373 iactatos,
708 2304 941 2373 rejectos
974 2315 1031 2359 et
1059 2305 1307 2360 inlirmos
1335 2308 1403 2361 ad
1453 2306 1759 2362 libertatem
1787 2310 1863 2377 [et
1901 2310 2002 2362 do-

421 2400 712 2453 mcsticam
743 2398 979 2452 ﬁliorum
1016 2407 1234 2452 tuorum
1276 2400 1594 2470 dignitatem
1622 2402 1850 2469 vocasti,
1908 2417 2005 2472 per

416 2489 614 2544 Filium
646 2498 799 2544 tuum
832 2488 1091 2544 dilectum
1133 2501 1376 2560 :-pr:esta
1407 2493 1565 2547 nobis
1601 2503 1660 2546 ut
1691 2493 1788 2546 ﬁlii
1822 2493 1999 2548 sancti

417 2583 606 2636 ethoc
654 2581 985 2652 cognomine
1014 2598 1120 2636 non
1172 2583 1380 2653 indigni
1430 2598 1788 2654 appareamus
1817 2601 1998 2640 coram

420 2683 492 2739 te,
533 2666 702 2728 omne
727 2687 948 2743 quoque
981 2673 1349 2729 ministerium
1381 2686 1651 2740 nostrum,
1699 2679 2009 2733 secundum

414 2779 600 2820 mores
632 2764 938 2835 inculpatos
969 2766 1342 2836 perﬁciamus,
1375 2777 1575 2822 etcum
1607 2769 1845 2838 puritate
1878 2771 1994 2824 ani-

415 2873 540 2922 tme,
570 2857 884 2912 intellectus
918 2859 1213 2925 munditia,
1265 2859 1563 2929 divinaque
1605 2871 1811 2926 mente,
1860 2877 1998 2931 qna-

403 2963 631 3018 cunque
673 2949 807 3003 hora
848 2949 1166 3006 invocemus
1197 2961 1246 3006 te
1280 2951 1446 3006 Deum
1496 2951 1713 3007 Patrem
1747 2955 1997 3023 omnipo-

416 3053 642 3108 tentem,
684 3051 939 3098 sanctum
999 3054 1054 3099 et
1083 3044 1363 3098 caelestem
1407 3059 1627 3100 oremus
1650 3054 1705 3101 et
1732 3045 1997 3114 dicamus,

411 3133 577 3190 Pater
605 3146 789 3190 noster
826 3136 918 3205 qui
947 3150 1005 3190 es
1029 3136 1080 3190 in
1110 3135 1285 3191 cmlis.

488 3225 744 3296 Populus.
773 3226 1162 3283 Sanctiﬁcetur
1194 3245 1389 3284 nomen
1417 3239 1590 3299 tuum,
1625 3240 1734 3287 etc.

485 3319 976 3376 Sacerdos.Libera
1011 3336 1200 3376 servos
1222 3334 1276 3376 et
1301 3323 1438 3378 ﬁlios
1465 3335 1612 3390 tuos,
1647 3324 1893 3392 Domine,
1926 3326 1993 3380 ab

413 3414 667 3468 omnibus
692 3414 1084 3468 tentationibus
1112 3415 1449 3472 diﬁicillimis
1493 3426 1546 3472 et
1581 3434 1701 3489 qua:
1730 3421 1875 3474 vires
1897 3434 1992 3473 su-

412 3517 657 3576 perent:
707 3515 763 3560 et
820 3505 889 3562 ab
947 3507 1199 3562 omnibus
1272 3509 1552 3566 doloribus
1616 3511 1712 3580 qui
1777 3510 1992 3579 corpori

413 3613 601 3656 nosuo
673 3601 757 3656 vel
829 3603 1026 3658 anima:
1103 3602 1378 3660 .damnum
1463 3605 1671 3661 inferre
1745 3616 1990 3676 possunt.

399 3695 636 3752 “Custodi
673 3710 771 3750 nos
795 3695 956 3749 simul
987 3711 1016 3749 a
1048 3696 1189 3751 malo
1213 3708 1268 3750 et
1298 3699 1364 3753 ab
1412 3700 1529 3769 ejus
1565 3710 1834 3770 potestate
1873 3701 1995 3754 uni-

412 3803 594 3855 versa,
627 3796 683 3842 et
716 3803 746 3841 a
783 3786 998 3842 technis
1035 3787 1154 3855 ejus
1192 3790 1548 3857 perniciosis,
1598 3794 1727 3861 quia
1780 3805 1832 3846 tu
1881 3792 1994 3847 Rex

412 3882 658 3936 omnium
690 3895 770 3946 es,
806 3891 862 3936 et
892 3881 984 3935 tibi
1018 3880 1244 3950 gloriam
1275 3882 1583 3940 referimus.

485 3973 743 4043 Populus.
775 3974 967 4028 Amen.

484 4065 770 4119 Sacerdos.
803 4064 941 4135 Pax.

485 4156 746 4225 Populus.
782 4156 850 4210 Et
877 4172 1000 4211 cum
1034 4158 1226 4228 spiritu
1253 4169 1362 4214 tuo.

486 4250 775 4304 Diaconus.
807 4249 968 4305 Ante.

485 4340 751 4407 Populus.
783 4341 980 4395 Coram
1023 4352 1094 4404 te,
1131 4343 1375 4398 Domine.

485 4433 770 4488 Sacerdos.
800 4433 1017 4501 Aspice,
1040 4433 1288 4501 Domine,
1311 4435 1561 4504 populum
1589 4447 1735 4495 tuum
1764 4441 1996 4508 ﬁdelem,

413 4527 507 4595 qui
530 4541 714 4582 coram
738 4536 791 4582 te
814 4527 1221 4593 inclinatusest,
1244 4539 1592 4599 etexspectat
1620 4534 1816 4588 donum
1848 4545 1996 4591 tuum
2031 4565 2074 4625 υ

411 4628 467 4672 et
524 4618 767 4673 intuetur
836 4620 1665 4691 depositum'sacramentorum
1726 4629 1989 4698 unigeniti

415 4709 528 4775 tui,
567 4711 709 4766 Deus
739 4712 926 4768 Pater.
958 4713 1036 4768 Ne
1068 4715 1288 4769 auferas
1318 4732 1346 4768 a
1376 4717 1531 4771 nobis
1556 4721 1786 4788 gratiam
1821 4733 1990 4787 tuam,

413 4810 468 4855 et
500 4817 568 4856 ne
600 4804 829 4871 repellas
868 4819 968 4860 nos
996 4823 1026 4861 a
1061 4807 1368 4862 ministerio
1404 4819 1514 4872 tuo,
1549 4819 1601 4863 et
1639 4825 1666 4864 a
1697 4812 1993 4880 participa-

417 4895 570 4949 tione
599 4909 1068 4955 sacramentorum
1103 4913 1341 4968 tuorum,
1373 4904 1468 4958 sed
1507 4920 1749 4974 praepara
1782 4922 1898 4970 nos,
1937 4918 1994 4960 ut

417 4987 540 5056 puri
580 4995 636 5041 et
682 4987 891 5057 absque
921 4991 1156 5056 macula,
1190 4994 1445 5062 dignique
1484 4993 1588 5047 hoc
1632 4995 1880 5048 convivio
1912 4997 1990 5048 si-

419 5094 561 5145 mus,
616 5090 787 5150 utque
847 5097 970 5135 cum
1023 5086 1361 5138 conscientia
1425 5087 1720 5153 inculpata,
1774 5101 1990 5153 semper

417 5173 670 5227 lruamur
699 5187 932 5244 corpore
963 5186 1019 5231 et
1053 5178 1316 5247 sanguine
1358 5178 1476 5248 ejus
1517 5181 1776 5250 pretioso,
1831 5186 1887 5233 et
1929 5179 1985 5236 in

2111 554 2539 618 discumbamus,
2570 565 2624 610 et
2645 556 2711 608 ad
2744 571 2982 610 mensam
3019 558 3166 626 regni
3202 558 3276 611 tui
3305 556 3672 629 epulemur,et

2109 645 2414 701 referemus
2441 648 2536 701 tibi
2562 646 2790 718 gloriam
2814 656 2873 702 ‘ct
2895 647 3134 704 laudem.

2180 738 2440 806 Populus.
2465 740 2657 794 Amen.

2178 829 2459 885 Sacerdos.
2486 832 2616 886 Pax.

2183 921 2445 989 Populus.
2482 923 2542 977 Et
2572 941 2694 979 cum
2726 928 2918 994 spiritu
2949 937 3062 984 tuo.

2181 1014 2457 1070 Sacerdos.
2495 1015 2683 1073 Gratia
2711 1021 2801 1074 Dei
2829 1021 2920 1089 sit,
2945 1030 3053 1076 etc.

2182 1107 2442 1178 Populus.
2469 1111 2534 1166 Et
2567 1128 2690 1168 cum
2723 1115 2917 1184 spiritu
2942 1126 3056 1172 tuo.

2179 1200 2472 1258 Diaconus.
2505 1202 2640 1260 Cum
2683 1206 2896 1262 timore.

2183 1294 2467 1354 Sacerdos.
2504 1295 2704 1353 Sancta
2732 1300 2958 1355 sanctis.

2184 1387 2442 1456 Populus.
2474 1389 2626 1446 Unus
2653 1391 2816 1447 Pater
2843 1403 3082 1450 sanctus.

2180 1479 2468 1536 Dinconus.
2497 1484 2717 1538 Stemus
2748 1487 3024 1542 decenter.

2183 1571 2442 1641 Papulas.
2474 1576 2668 1637 Coram
2693 1586 2766 1636 te.

2179 1659 2462 1719 Sacerdos.
2495 1664 2715 1723 Gratias
2743 1669 3008 1726 habemus
3038 1671 3158 1737 tibi,
3195 1672 3514 1740 Domine,et
3536 1685 3679 1746 grato

2111 1755 2298 1810 animo
2327 1759 2678 1826 agnoscimus
2701 1761 3092 1832 benignitatem
3125 1773 3298 1831 tuam,
3326 1769 3476 1836 quod
3509 1784 3574 1823 ex
3600 1768 3681 1822 ni-

2033 1839 2079 1900 B
2109 1849 2220 1905 hilo
2250 1852 2492 1908 eduxisti
2526 1868 2624 1908 nos
2661 1855 2729 1910 ad
2779 1856 2831 1912 id
2859 1859 3002 1924 quod
3045 1860 3240 1925 simus,
3267 1870 3322 1915 et
3349 1862 3682 1918 domesticos

2105 1944 2355 2014 ﬁliosque
2402 1958 2867 2004 sacramentorum
2922 1959 3135 2007 tuorum
3190 1951 3362 2007 fecisti
3418 1970 3552 2017 nos,
3586 1953 3681 2007 mi-

2103 2038 2508 2110 nisteriumque
2540 2042 2643 2098 hoc
2692 2044 3008 2115 religiosum
3062 2046 3468 2100 commendasti
3515 2047 3679 2110 nobis,

2107 2140 2270 2200 atque
2303 2147 2488 2188 mensa
2525 2135 2627 2189 hac
2655 2136 2932 2206 spirituali
2957 2150 3056 2190 nos
3093 2136 3289 2205 dignos
3313 2135 3524 2191 iecisti.
3550 2137 3682 2191 Con-

2102 2238 2257 2278 serva
2315 2225 2368 2279 in
2421 2227 2614 2292 nobis,
2648 2227 2900 2293 Domine,
2947 2227 3250 2297 depositum
3298 2230 3681 2300 mysteriorum

2105 2321 2320 2370 tuorum
2343 2317 2674 2385 divinorum,
2696 2331 2755 2375 ut
2777 2321 3076 2376 secundum
3111 2336 3292 2376 mores
3324 2322 3590 2390 angelicis
3618 2321 3684 2374 si-

2105 2406 2285 2472 miles,
2318 2410 2481 2462 vitam
2513 2411 2884 2478 instituamus,
2915 2423 2970 2466 et
3011 2412 3360 2482 perﬁciamus
3390 2428 3583 2466 coram
3615 2423 3681 2479 te,

2103 2511 2165 2558 ut
2195 2506 2340 2559 cauti
2371 2518 2423 2560 ct
2473 2507 2873 2574 inscparahiles
2929 2509 3101 2562 simus
3147 2525 3243 2578 per
3280 2509 3681 2576 susceptionem

2103 2606 2417 2653 sanctorum
2470 2609 2712 2669 tuorum,
2766 2601 3114 2670 perﬁcientes
3146 2601 3487 2656 voluntatem
3545 2611 3682 2654 tuam

2107 2705 2358 2759 magnam
2409 2700 2464 2746 et
2509 2693 2833 2762 perfectam,
2880 2694 3170 2763 paratique
3230 2694 3582 2747 inveniamur
3622 2692 3682 2744 ad

2103 2783 2478 2856 πληροφορίαν
2513 2785 2658 2839 illam
2704 2787 2973 2850 ultimam,
3020 2795 3073 2841 et
3107 2786 3171 2839 ad
3208 2786 3470 2840 standum
3503 2801 3682 2840 coram

2105 2876 2391 2944 majestate
2421 2885 2529 2939 tua,
2565 2878 2825 2947 dignique
2868 2878 3176 2932 efﬁciamur
3223 2880 3508 2946 voluptate
3540 2877 3682 2946 regni

2107 2967 2204 3026 tui.
2259 2982 2358 3036 per
2388 2967 2644 3037 gratiam,
2690 2969 3132 3024 misericordiam
3179 2979 3234 3024 et
3268 2984 3517 3022 amorem
3563 2983 3682 3033 erga

2105 3057 2354 3114 homines
2384 3060 2650 3131 unigeniti
2684 3059 2803 3114 Filii
2830 3062 2929 3128 tui,
2956 3077 3056 3133 per
3075 3077 3238 3132 quem
3267 3069 3324 3116 et
3350 3075 3480 3115 cum
3510 3075 3614 3131 quo
3639 3070 3684 3113 te

2105 3150 2261 3205 decet
2297 3153 2494 3222 gloria,
2527 3155 2724 3220 honor,
2765 3165 2874 3212 etc.

2171 3263 2433 3334 Populus.
2461 3267 2655 3326 Amen.

2169 3357 2453 3415 Sacerdos.
2478 3360 2612 3416 Pax.

2173 3451 2429 3520 Populus.
2460 3453 2523 3505 Et
2557 3469 2678 3508 cum
2706 3454 2901 3524 Spiritu
2937 3462 3050 3513 tuo.

2169 3544 2459 3597 Diacouus.
2491 3543 2636 3600 Post.

2170 3635 2427 3707 Populus.
2460 3637 2652 3692 Coram
2683 3647 2756 3705 te,
2783 3639 3030 3695 Domine.

2172 3749 2457 3808 Sacerdos.
2503 3750 2721 3807 Christe
2775 3748 2891 3806 Rex
2931 3752 3150 3822 glorim,
3191 3759 3242 3804 et
3297 3747 3463 3803 Pater
3517 3745 3677 3801 futuri

2099 3843 2301 3907 szeculi,
2365 3845 2696 3898 sacriﬁcium
2747 3856 3022 3908 sanctum,
3068 3842 3316 3898 Pontifex
3368 3841 3615 3897 caelestis
3658 3880 3672 3892 .

2101 3937 2289 4001 Agnus
2322 3936 2441 3998 Dei,
2475 3938 2568 4006 qui
2603 3937 2749 3992 tollis
2785 3949 3069 4004 peccatum
3099 3936 3306 4000 mundi,
3340 3952 3513 4005 parce
3555 3949 3674 4004 pec.

2091 4025 2229 4080 catis
2269 4023 2452 4095 popuii
2494 4022 2592 4089 tui,
2623 4033 2678 4080 et
2722 4020 2939 4079 dimitte
2972 4025 3313 4094 insipientias
3357 4028 3542 4096 gregis
3572 4037 3663 4078 ιυι.

2090 4113 2364 4168 Conserva
2417 4129 2517 4168 nos
2571 4129 2666 4184 per
2711 4115 3154 4168 communionem
3200 4123 3663 4167 sacramentorum

2090 4217 2343 4271 tuorum,
2378 4207 2446 4260 ab
2490 4207 2638 4260 omni
2686 4216 2946 4276 peccato,
2987 4207 3101 4260 sive
3141 4207 3307 4260 verbo
3349 4207 3432 4259 vel
3470 4207 3666 4273 cogita-

2088 4294 2236 4349 tione
2276 4304 2370 4350 aut
2415 4311 2578 4366 opere
2629 4297 2978 4365 perﬁciatur,
3037 4297 3291 4365 quodque
3351 4309 3380 4348 a
3441 4304 3537 4348 tua
3592 4293 3665 4345 fa-

2105 4394 2781 4460 miliaritatcsdomcstica,
2834 4392 3024 4461 procul
3059 4407 3158 4446 nos
3189 4391 3376 4456 faciat,
3404 4401 3467 4444 ut
3499 4401 3674 4445 custo-

2106 4488 2325 4543 diantur
2351 4501 2582 4555 corpora
2620 4495 2805 4539 nostra
2844 4500 2940 4555 per
2965 4499 3166 4553 corpus
3210 4494 3384 4546 tuutn,
3415 4493 3474 4536 et
3528 4495 3674 4534 reno-

2106 4591 2303 4636 ventur
2333 4580 2527 4634 animte
2561 4589 2762 4633 nostra:
2800 4592 2896 4645 per
2951 4584 3295 4632 sacramenta
3344 4584 3460 4637 tua,
3493 4584 3548 4627 et
3582 4574 3670 4624 he—

2101 4674 2335 4727 nedictio
2361 4682 2475 4735 tua,
2510 4670 2760 4735 Domine,
2787 4670 2859 4722 sit
2892 4668 2944 4720 in
2979 4677 3092 4720 t0to
3130 4675 3318 4720 nostro
3345 4664 3565 4717 homine
3593 4664 3669 4713 in-

2103 4765 2290 4818 teriori
2349 4773 2402 4817 et
2463 4762 2760 4825 exteriori,
2819 4758 3259 4829 gloriﬁcerisque
3308 4758 3362 4809 in
3418 4756 3572 4809 nobis
3622 4763 3667 4806 et

2100 4868 2320 4927 propter
2358 4872 2478 4919 nos,
2511 4856 2844 4922 dexteraque
2881 4863 2968 4905 tua
3005 4851 3320 4920 requiescat
3351 4865 3514 4918 super
3560 4862 3665 4904 nos,

2100 4960 2156 5004 et
2184 4949 2367 5003 Patris
2404 4949 2479 5002 tui
2508 4947 2806 5012 benedicti,
2839 4955 2895 5000 et
2930 4945 3171 5015 Spiritus
3214 4943 3289 4996 tui
3321 4939 3662 4998 sanctissimi.

2171 5063 2426 5134 Populus.
2456 5064 2649 5118 Amen.

2175 5177 2461 5232 Diaconos.
2493 5175 2752 5241 Benedic,
2787 5175 3038 5232 Domine.
