3892 6232
262 353 401 410 1121
1550 347 1797 405 EPISTO

1997 348 2074 435 ι..
3387 355 3530 412 me

300 479 567 534 uenatus,
596 475 645 521 et
673 476 729 521 tu
766 468 896 521 mihi
929 465 1091 536 ferme
1115 466 1349 538 coa'vus)
1369 467 1454 520 die
1495 468 1727 536 quadam
1771 477 1945 532 sexta,
1987 477 2037 522 et
2068 468 2201 522 liora
2244 468 2367 523 item
2404 470 2515 538 fere
2553 479 2722 531 sexta,
2758 468 2839 522 sol
2886 468 3233 532 borribiliter.
3278 470 3532 527 subeunte

292 558 418 603 una,
442 540 755 592 obscuratus
789 538 950 605 fuerit
982 539 1109 608 (non
1144 539 1283 607 quod
1328 536 1490 600 Deus,
1522 540 1614 592 sed
1651 540 1792 607 quod
1832 539 1927 592 Dei
1970 555 2101 606 opus
2133 538 2248 604 (66)
2276 541 2330 592 in
2373 536 2508 594 verte
2547 541 2715 607 ipsius
2746 540 2881 593 lucis
2926 538 3169 593 accubitu
3210 539 3386 595 lucere
3423 559 3530 596 non

264 609 539 681 quiverit),
579 622 793 675 tumque
812 618 950 681 exte
972 617 1352 681 percunctatus
1380 610 1501 681 sim,
1524 610 1675 681 quid
1702 610 1817 681 tibi,
1863 610 1944 664 vir
1970 609 2399 681 prudentissime,
2434 627 2591 675 super
2617 612 2714 663 hoc
2756 610 3043 681 videretur,
3086 619 3142 681 tu
3174 621 3348 663 autem
3381 612 3531 681 ejus-

264 678 413 733 inodi
453 678 758 745 responsum
799 678 1029 741 dederis,
1061 678 1202 748 quod
1230 680 1390 731 menti
1415 678 1619 746 penitus
1651 680 1898 748 infixum,
1930 679 2079 732 nulla
2108 696 2326 749 prorsus
2362 680 2644 740 oblivione,
2676 680 2824 732 nulla
2854 680 2929 733 vel
2965 680 3149 733 mortis
3182 678 3415 749 imagine
3440 682 3530 735 di-

264 697 412 733 inoat
453 697 758 745 responsum
799 697 1029 741 aeaerts,
1061 697 1201 748 quoa
1230 697 1389 731 menti
1415 697 1619 746 penitus
1651 697 1898 748 innatum,
1930 697 2079 732 nutta
2146 697 2326 732 rorsus
2362 697 2644 740 oottvtone,
2676 697 2824 732 nuua
2854 697 2927 733 vet
2965 697 3149 733 morus
3182 697 3410 749 imagine
3440 697 3530 735 ut-

200 756 225 815 ἔ
266 751 381 803 labi
402 754 588 819 possit.
606 749 735 802 Cum
760 750 897 801 enim
915 758 1052 803 totus
1073 750 1211 802 orbis
1230 756 1365 801 tetra
1387 750 1717 820 tenebrarum
1738 750 1965 816 caligine
1988 697 2330 817 unifzrmiter
2356 751 2614 804 obductus
2640 751 2851 820 fuisset,
2874 768 2935 802 ac
2950 749 3068 818 jam
3101 752 3377 817 repurgari
3402 754 3531 807 solis

264 818 454 889 globus
479 832 525 874 et
545 821 853 873 renitescere
874 821 1181 883 accepisset,
1200 830 1309 871 tum
1329 831 1599 888 assumpta
1623 818 1853 887 Philippi
1883 819 2083 874 Arida’i
2110 819 2313 887 regula,
2334 829 2381 872 et
2408 818 2771 887 contemplatis
2789 820 2903 873 caeli
2930 821 3151 874 orbibus
3183 822 3533 889 deprehendi-

265 908 409 955 mus,
435 893 579 961 quod
596 901 706 944 erat
730 906 934 961 quoque
958 890 1094 944 alias
1121 891 1475 951 notissimum,
1502 907 1604 961 non
1627 895 1859 958 potuisse
1885 891 1941 943 id
1975 893 2221 957 temporis
2252 890 2595 958 defectionem
2621 890 2747 945 solis
2782 892 2985 943 evenire
3011 905 3030 942 :
3054 892 3243 943 deinde
3285 891 3529 947 observa—

264 959 460 1023 vimus,
491 962 674 1015 lunam
703 961 767 1013 ab
791 960 995 1014 oriente
1024 961 1191 1015 solent
1233 961 1510 1020 subivisse,
1542 959 1756 1030 eiusque
1784 962 1961 1015 radios
1984 960 2329 1023 obstruxisse,
2356 963 2519 1013 donec
2542 970 2709 1013 totum
2738 961 3022 1023 occuleret,
3049 978 3166 1030 qua:
3194 970 3364 1014 tamen
3395 963 3531 1018 alias

265 1032 334 1083 ab
366 1034 631 1087 occidente
658 1031 813 1085 solita
838 1041 967 1084 esset
996 1046 1311 1094 occurrere;
1349 1033 1475 1099 quin
1510 1030 1658 1083 illam
1695 1048 1896 1101 quoque
1926 1030 2245 1095 notavimus,
2273 1048 2390 1083 cum
2436 1031 2506 1083 ad
2532 1042 2764 1084 extrema
2798 1030 2921 1083 solis
2952 1034 3288 1098 pervenisset,
3317 1036 3531 1101 ejusque

263 1102 568 1156 universum
613 1103 787 1155 orbem
820 1100 1119 1166 obtexisset,
1165 1111 1276 1154 tum
1321 1112 1463 1155 retro
1492 1100 1745 1162 orientem
1782 1118 1957 1155 versus
1990 1102 2295 1165 recurrisse,
2326 1102 2562 1169 quamvis
2589 1103 2644 1154 id
2670 1111 2800 1155 esset
2834 1110 3055 1166 tempus,
3100 1103 3240 1171 quod
3268 1118 3359 1156 nec
3388 1100 3530 1157 Iunce

262 1175 632 1239 praesentiam,
664 1188 757 1225 nec
780 1170 909 1225 solis
948 1188 1263 1226 concursum
1302 1171 1615 1240 postularet.
1644 1171 1757 1241 Ego
1782 1171 1968 1241 igitur,
2000 1187 2029 1223 ο
2069 1171 2385 1235 multiplicis
2414 1172 2728 1225 eruditionis
2758 1172 3083 1241 sacrarium,
3113 1170 3273 1225 tanti
3307 1174 3528 1241 mysteri

263 1244 475 1298 nescius
502 1260 621 1296 cum
648 1258 832 1301 essem.
865 1242 942 1294 sic
966 1252 1012 1296 te
1036 1241 1344 1312 alloquebar
1369 1257 1389 1296 :
1422 1241 1563 1305 Quid
1590 1240 1703 1294 sibi
1728 1240 1833 1295 vult
1870 1243 1967 1295 hoc
1997 1242 2072 1294 rei
2099 1282 2113 1303 ,
2142 1258 2172 1293 ο
2201 1242 2458 1312 doctrinae
2501 1242 2769 1309 speculum
2812 1240 3204 1312 Apollophanes
3230 1244 3255 1295 Ξ)
3297 1240 3529 1296 Insolita

261 1312 371 1365 ista
406 1324 649 1381 portenta
677 1328 1085 1381 ecquorumnam
1114 1310 1207 1364 tibi
1242 1314 1617 1381 mysteriorum
1651 1313 1896 1365 videntur
1927 1312 2125 1364 indicia
2150 1312 2175 1364 ?
2202 1310 2278 1364 Tu
2308 1323 2507 1378 autem,
2550 1328 2639 1364 ore
2675 1312 2851 1363 diuino
2877 1311 3043 1381 magis
3076 1329 3234 1379 quam
3282 1314 3529 1367 humanae

262 1379 413 1436 vocis»
430 1400 687 1447 sermone,
720 1379 753 1433 ‹“
789 1380 890 1434 Ha:
921 1390 1065 1448 sunt,
1100 1399 1129 1436 o
1160 1379 1565 1453 bone’Dionysi,
1608 1383 1904 1453 inquiebas,
1936 1384 2238 1435 divinarum
2270 1400 2446 1435 rerum
2496 1383 2837 1435 mutationes.
2876 1399 2895 1431 ι
2945 1379 3201 1453 Denique,
3233 1398 3352 1435 cum
3390 1384 3527 1453 diem

260 1467 570 1523 annumque
593 1453 955 1516 adnotassem,
986 1462 1040 1523 et
1061 1464 1264 1521 tempus
1288 1452 1423 1505 illud
1439 1456 1566 1505 'cum
1596 1450 1684 1517 eo,
1706 1453 1846 1523 quod
1873 1452 2082 1508 Paulus
2110 1452 2236 1505 mihi
2267 1455 2534 1522 quondam
2557 1454 2621 1505 ab
2654 1469 2744 1506 ore
2774 1466 2869 1523 suo
2906 1521 2912 1523 _
2944 1451 3189 1517 pendenti
3238 1450 3531 1523 annuntia-

260 1534 434 1594 verat.
458 1520 625 1594 signis
662 1522 1118 1577 conclamantibus
1147 1520 1472 1594 concordare
1500 1520 1798 1587 sensissent,
1826 1534 1935 1577 tum
1960 1533 2007 1576 et
2038 1524 2247 1576 veritati
2274 1520 2460 1576 manus
2486 1524 2629 1583 dedi,
2656 1532 2704 1575 et
2734 1520 3098 1594 mefalsilatis
3123 1522 3345 1594 nexibus
3368 1538 3526 1594 expe-

258 1592 363 1649 dii.
394 1590 565 1658 Qna'm
589 1594 811 1662 proinde
837 1594 1128 1657 veritatem,
1153 1604 1200 1646 et
1226 1592 1453 1661 mirifice
1480 1593 1731 1661 pra'dico,
1763 1605 1809 1646 et
1836 1596 1936 1648 tibi
1959 1596 2161 1660 iugero,
2186 1610 2303 1663 qua:
2329 1602 2405 1648 est
2434 1595 2537 1647 vita
2564 1603 2611 1646 et
2638 1595 2718 1645 via
2743 1602 2789 1645 et
2818 1592 2912 1644 tua:
2938 1606 3083 1663 vera,
3104 1607 3226 1663 quin
3259 1590 3529 1645 illuminat

259 1680 486 1718 onmem
526 1661 799 1718 lintninem
827 1664 1138 1717 venientem
1178 1663 1232 1716 in
1263 1664 1407 1716 hunc
1439 1665 1700 1717 mundum
1732 1667 1774 1717 ι.
1820 1664 1919 1717 Cui
1948 1673 1997 1717 et
2028 1676 2083 1716 tu
2115 1661 2350 1732 tandem,
2395 1673 2450 1716 ut
2481 1680 2597 1717 vere
2631 1665 2867 1730 sapiens,
2892 1661 3291 1715 cessisti.’Nam
3319 1664 3526 1715 cessisti

259 1736 405 1799 vitte,
451 1751 568 1787 cum
614 1744 835 1787 mortem
894 1733 1180 1789 abdicasti.
1228 1733 1533 1803 Etioptime
1576 1751 1703 1788 sane
1741 1735 1987 1803 deinceps
2028 1735 2238 1803 feceris,
2271 1735 2315 1787 si
2362 1734 2530 1787 eidem
2563 1734 2772 1787 veritati
2806 1748 3034 1803 prorsus
3077 1732 3401 1797 adha’seris;
3450 1735 3527 1785 ita

256 1805 473 1873 quidem
506 1804 655 1858 nobis
686 1806 887 1857 arctius
917 1804 1259 1873 conjungere.
1304 1802 1452 1856 Illud
1496 1807 1659 1869 enim,
1688 1804 1823 1857 illud
1867 1822 1923 1859 os
1972 1805 2243 1857 nobiscum
2293 1804 2509 1868 posthac
2556 1806 2679 1867 erit,
2727 1802 3186 1873 cujussplendore
3230 1804 3529 1865 verborum,

258 1872 453 1927 inentis
480 1891 609 1927 mea:
635 1876 992 1943 perstringens
1012 1872 1208 1937 facient,
1235 1874 1422 1928 solitus
1446 1889 1584 1935 eras,
1615 1876 1886 1928 accersitis
1912 1876 2031 1927 hinc
2067 1875 2189 1927 inde
2223 1874 2508 1936 coloribus,
2552 1884 2599 1927 et
2644 1874 2822 1943 fucata
2853 1872 3164 1943 eloquentia:
3198 1873 3368 1943 nitore
3395 1873 3528 1926 inti-

256 1959 372 1997 mos
410 1945 637 2012 pectoris
671 1944 838 1997 nostri
865 1942 1102 1998 recessus
1132 1955 1452 2008 pertentare,
1482 1944 1586 1997 imo
1613 1955 1662 1998 et
1691 1946 1967 1999 nonnullis
1996 1945 2266 1997 interdum
2293 1944 2675 1997 maledicentia:
2699 1942 2894 1995 aculeis
2925 1958 3019 1994 nos
3048 1944 3229 1995 acrius
3262 1942 3522 2010 fodicare.

262 2014 448 2080 Quare
492 2016 938 2085 quemadmodum
972 2017 1221 2078 antehac,
1277 2027 1333 2067 ut
1373 2025 1483 2067 tute
1527 2016 1787 2083 fatebare,
1830 2016 2089 2068 doctrina:
2120 2012 2460 2077 Christiana',
2510 2028 2889 2077 sacrarumque
2944 2014 3242 2066 litterarum
3287 2014 3528 2085 quamvis

170 2116 182 2128 ο
255 2086 451 2149 sapida
475 2084 837 2155 cognitiotibi
881 2101 987 2138 non
1015 2086 1277 2155 sapiebat,
1308 2085 1401 2138 sed
1431 2102 1549 2137 cum
1582 2086 1649 2137 ad
1685 2102 1802 2138 eum
1840 2085 1919 2139 vel
1952 2086 2336 2153 degustandmn
2360 2094 2569 2137 tantum
2600 2087 2898 2143 accederes,
2937 2099 2969 2134 a
2998 2084 3183 2155 mentis
3218 2092 3325 2155 tua:
3346 2084 3526 2152 palato

257 2152 623 2217 resiliens,’ac
651 2154 787 2207 velut
820 2152 1113 2224 dedignaris
1140 2156 1195 2209 in
1225 2169 1432 2219 pectore
1479 2165 1567 2207 tuo
1606 2161 1779 2208 sedem
1823 2152 2317 2224 ponereresislebat
2350 2171 2368 2209 :
2403 2155 2478 2207 ita
2507 2155 2662 2207 modo
2694 2166 2969 2222 postquam
3001 2169 3093 2205 cor
3130 2152 3430 2222 intelligens
3461 2168 3527 2205 ac

256 2227 540 2293 providum
575 2242 628 2277 es
669 2237 877 2289 nactus,
924 2236 1024 2279 tete
1050 2228 1119 2277 ad
1152 2242 1379 2294 superna
1407 2226 1564 2293 erige,
1604 2242 1767 2293 neque
1791 2244 1885 2293 pro
1915 2227 1980 2279 iis
2003 2242 2120 2293 qua:
2163 2241 2267 2277 non
2309 2235 2453 2291 sunt,
2483 2240 2543 2277 ea
2573 2240 2690 2293 qua:
2715 2240 2831 2277 vere
2857 2234 2976 2275 sunt
3010 2224 3249 2288 dimitte;
3292 2224 3530 2292 adeoque

255 2306 449 2348 contra
492 2311 605 2355 eos.
647 2297 821 2364 quite
857 2297 927 2349 ad
977 2295 1116 2363 falsa
1159 2296 1581 2363 provocaverint,
1632 2305 1780 2348 tanto
1816 2297 1871 2349 in
1904 2308 2171 2365 posterum
2208 2306 2318 2347 esto
2358 2296 2701 2365 pertinacior,
2746 2304 2942 2365 quanto
2984 2302 3040 2344 tu
3078 2295 3247 2355 nobis,
3287 2308 3406 2345 cum
3455 2294 3527 2344 ad

256 2366 531 2418 veritatem
568 2367 699 2419 vom
727 2366 970 2419 omnibus
1001 2367 1365 2431 invitaremus,
1390 2366 1636 2419 exstitisti
1662 2363 2007 2433 pervicacior.
2041 2366 2132 2419 Sic
2152 2367 2291 2418 enim
2313 2380 2405 2435 ego
2435 2367 2491 2419 in
2525 2364 2748 2419 Domino
2770 2363 2922 2427 Jesu,
2959 2365 3163 2431 (quiest
3192 2378 3303 2417 esse
3324 2379 3526 2418 mecum

254 2445 303 2488 et
348 2434 538 2505 virere)
577 2434 731 2490 ltetus
762 2437 949 2490 dehinc
972 2437 1198 2503 moriar,
1232 2436 1659 2507 quandoquidem
1686 2446 1733 2489 et
1763 2445 1820 2489 tu
1850 2437 1910 2491 in
1936 2452 1995 2490 eo
2022 2437 2189 2489 vivas.

1481 2589 1691 2645 PETRI
1727 2590 2085 2648 LANSSELII
2116 2593 2355 2650 NOTIE.

331 2728 451 2801 (64)
489 2728 725 2800 Jamjam
760 2730 832 2784 ad
879 2736 926 2781 te
969 2730 1144 2784 cordis
1173 2745 1344 2796 amor,
1371 2738 1482 2785 etc.
1518 2727 1617 2784 Illa
1662 2729 1841 2785 sancti
1870 2736 1921 2793 Α
1947 2729 2235 2800 aliquando
2260 2730 2537 2794 incidisse,
2562 2728 2655 2785 sed
2686 2743 2832 2784 nunc
2860 2728 3115 2783 eamdem
3152 2728 3522 2784 intercidisse.

258 2822 506 2893 Dionysii
531 2822 769 2891 Epistula
792 2822 1309 2893 adApollophanem
1329 2822 1442 2892 jam
1466 2823 1842 2879 Christianum
1944 2825 2192 2890 Accedit,
2244 2824 2391 2893 quod
2443 2833 2552 2877 tam
2600 2830 2982 2893 argumentum
3030 2822 3204 2891 ipsius
3247 2821 3525 2892 Epistolas,

258 2914 648 2985 rudioreslylo
674 2914 929 2984 primitus
952 2928 982 2969 e
1002 2913 1196 2970 Graeco
1220 2915 1273 2968 in
1300 2914 1555 2969 Latinum
1580 2931 1842 2972 conversa
1945 2932 2109 2989 quam
2136 2917 2263 2987 styli
2288 2916 2464 2971 Grzrci
2494 2916 2720 2984 vestigia
2758 2914 2905 2983 (quae
2944 2914 3120 2983 magis
3152 2914 3208 2968 in
3240 2914 3363 2968 rudi
3405 2930 3529 2969 ver-

258 3008 388 3072 t‘uit,
417 3015 477 3060 ut
504 3007 724 3075 quidem
756 3016 1185 3076 repraesentatur
1226 3007 1294 3061 ab
1338 3004 1596 3062 Hilduino
1622 3007 1840 3079 abbate,
1945 3011 2100 3065 sione
2140 3010 2314 3064 notari
2348 3017 2577 3080 possunt
2621 3017 2677 3062 et
2721 3008 2922 3073 solent,
2956 3021 3119 3077 quam
3162 3007 3215 3060 in
3246 3006 3524 3077 politiore)

257 3100 313 3153 in
342 3098 460 3153 Vita
502 3093 564 3150 S.
594 3101 839 3172 Dionysii
860 3098 960 3170 (a),
1004 3100 1336 3171 octingentis
1362 3109 1490 3155 ante
1522 3100 1680 3156 annis
1705 3101 1843 3155 scri-
1940 3102 2196 3172 spiritum
2225 3111 2282 3158 et
2317 3101 2623 3158 orationem
2652 3100 2864 3171 spirent
2896 3099 3073 3154 sancti
3130 3098 3381 3170 Dionysii
3423 3098 3522 3169 (b).

256 3198 373 3259 pta.
407 3190 473 3243 Et
494 3190 671 3259 stylus
702 3192 794 3244 vix
825 3191 1075 3260 Latinus,
1107 3206 1171 3247 ac
1200 3207 1271 3249 ne
1298 3192 1389 3247 vix
1416 3193 1637 3263 quidem
1660 3195 1843 3265 arguit
2017 3193 2134 3265 (65)
2164 3193 2318 3263 Swpe
2347 3195 2486 3249 enim
2516 3193 2611 3247 tibi
2652 3203 2700 3247 et
2730 3193 2940 3263 quidem
2983 3198 3231 3246 accurate
3273 3192 3517 3258 exposui,

258 3299 291 3337 e
325 3283 516 3339 Grarco
544 3299 667 3339 esse
692 3300 931 3339 versam.
1942 3295 2051 3343 etc.
2077 3286 2204 3341 Haec
2230 3286 2475 3341 indicant
2512 3285 2827 3355 frequentes
2866 3283 3111 3354 Dionysii
3145 3298 3267 3338 cum
3296 3282 3523 3353 Apollo-

328 3376 653 3447 Exemplum
696 3390 880 3433 autem
937 3377 1193 3432 Graecum
1251 3377 1469 3434 venisse
1513 3380 1731 3434 videtur
1780 3377 1840 3434 in
1944 3379 2128 3448 phane
2165 3378 2587 3449 congressiones
2631 3386 2687 3432 et
2736 3377 3158 3445 disputationes,
3202 3377 3281 3431 uti
3326 3386 3383 3432 et
3428 3376 3522 3431 illa

255 3485 455 3525 manus
500 3469 560 3525 S.
608 3470 857 3537 Maximi,
888 3471 985 3525 sed
1034 3480 1220 3541 postea
1268 3471 1554 3536 amissum,
1599 3488 1723 3527 cum
1775 3472 1841 3528 ad
1942 3485 2063 3540 quae
2092 3478 2213 3539 post
2243 3468 2467 3525 subdit:
2501 3468 2705 3534 Quibus
2729 3469 2856 3523 nti/ti
2878 3484 2983 3522 non
3005 3466 3187 3533 semel,
3211 3468 3302 3523 sed
3330 3470 3525 3537 sapius

257 3561 560 3632 Epistolam
607 3563 852 3635 Dionysii
897 3564 987 3626 10,
1037 3579 1156 3633 quae
1199 3572 1287 3618 est
1320 3564 1386 3617 ad
1434 3561 1721 3633 Joannem,
1762 3565 1837 3620 ita
1943 3563 2280 3632 respondisti,
2311 3573 2419 3617 etc.

256 3658 492 3709 scribat:
524 3655 885 3727 ’Υποθώμεθα
911 3656 967 3708 δὲ
979 3656 1069 3708 τὸν
1084 3655 1224 3709 θεῖον
1248 3656 1543 3723 Διονύσιον,
1558 3657 1645 3709 ὅτε
1660 3657 1728 3709 τὰ
1748 3659 1793 3709 ὲπ

2014 3655 2128 3726 (66)
2161 3653 2284 3709 Non
2309 3654 2450 3726 quod
2480 3653 2647 3721 Deus,
2676 3654 2767 3708 sed
2795 3656 2938 3724 quod
2971 3652 3071 3707 Dei
3102 3669 3259 3722 Opus,
3287 3660 3395 3707 etc.
3427 3652 3525 3707 Est

257 3745 335 3818 τῷ
364 3747 583 3820 σταυρῷ
604 3747 699 3801 τοῦ
725 3749 931 3819 Κυρίου
947 3744 1106 3814 εἶδεν,
1124 3744 1262 3801 εἶναι
1291 3755 1367 3801 κε’
1389 3748 1546 3813 ἐτῶν,
1571 3748 1665 3802 ἅτε
1686 3745 1794 3821 οἴμς

1992 3749 2186 3819 ionysii
2217 3750 2284 3802 ad
2326 3748 2767 3819 ApOIIOpbanem
2790 3748 3106 3818 occupatio,
3139 3761 3247 3816 qua
3279 3745 3525 3801 occurrit

258 3840 351 3891 καὶ
388 3838 468 3891 ἔτι
497 3839 963 3909 ἀναγινώσκοντα.
1003 3839 1376 3911 Supponamus
1407 3850 1606 3908 autem,
1642 3843 1787 3913 inqui

2037 3841 2124 3897 itte
2171 3841 2486 3912 objectioni,
2515 3856 2681 3911 quam
2728 3856 2950 3896 movere
2990 3839 3260 3910 potuisset
3302 3838 3524 3908 Apollo-
3572 3876 3574 3881 -

257 3943 495 3984 sanctum
542 3930 860 4002 Dionysium
891 3972 907 3999 ,
959 3935 1173 4003 quando
1218 3933 1322 3987 ista
1371 3944 1583 4002 propter
1624 3933 1838 3990 Domini
1939 3934 2919 4004 phanes,dicens,extraordinarium
2942 3932 3305 3988 solisetlunae
3323 3945 3522 3986 occur-

257 4036 463 4073 crucem
515 4022 761 4093 prodigia
816 4026 1105 4088 conspexit,
1150 4021 1321 4090 fuisse
1377 4026 1559 4093 viginti
1609 4030 1837 4096 quinque
1868 4082 1910 4096 _
1941 4042 2060 4082 sum
2122 4042 2245 4082 cum
2282 4027 2469 4083 densis
2500 4027 2758 4093 tenebris,
2781 4027 2966 4081 vocari
2996 4025 3307 4080 divinarum
3341 4034 3520 4077 rerum

258 4128 542 4180 annorum,
572 4116 1018 4184 quemadmodum
1052 4133 1134 4171 me
1160 4118 1336 4171 adhuc
1367 4118 1552 4188 legisse
1580 4082 1831 4175 arbitror.
1868 4082 1912 4142 Β
1942 4123 2310 4187 mutationes;
2342 4123 2471 4191 quia
2497 4120 2710 4176 scilicet
2730 4120 2812 4175 sol
2847 4129 2903 4175 et
2936 4118 3065 4173 luna
3097 4118 3172 4173 dii
3203 4119 3312 4173 sint
3339 4124 3394 4171 et
3418 4117 3523 4170 ba-

258 4204 348 4258 Sic
373 4204 484 4258 ille.
512 4206 648 4259 Cum
690 4216 869 4262 autem
907 4209 960 4263 id
991 4210 1195 4265 diserte
1236 4211 1291 4265 in
1331 4210 1434 4265 hac
1474 4212 1541 4265 ad
1578 4210 1834 4283 Appollo-
1942 4213 2211 4279 beantur;
2267 4215 2496 4283 ideoque
2562 4228 2753 4267 eorum
2803 4212 3145 4282 prodigiosas
3191 4209 3522 4265 mutationes

250 4296 493 4365 phanem
536 4296 780 4368 Epistola
832 4315 1155 4371 expressum
1211 4304 1543 4374 reperiatur,
1604 4314 1660 4358 et
1703 4304 1833 4360 alibi
1940 4320 2125 4361 rerum
2170 4319 2296 4362 esse
2334 4306 2643 4361 divinarum
2689 4307 3101 4363 conversiones.
3154 4304 3230 4358 De
3274 4300 3520 4373 quoiam

250 4401 525 4456 nusquam
555 4391 821 4447 credibile
852 4404 938 4449 est
961 4392 1257 4451 Maximum
1287 4396 1345 4451 in
1379 4412 1502 4453 eam
1534 4396 1830 4467 Epistolam
1941 4399 2029 4468 egi
2056 4400 2217 4455 initio
2244 4399 2437 4469 capitis
2467 4398 2666 4456 fusius.

329 4549 349 4584 ι
380 4543 539 4603 Joan.
570 4563 611 4614 ι,
649 4547 706 4603 9.

316 4727 389 4852 (af
408 4726 706 4793 Patrologia:
735 4730 915 4781 Latina:
939 4736 975 4778 t.
1002 4730 1119 4787 CVI,
1146 4730 1236 4779 col.
1264 4731 1343 4779 55.

318 4798 366 4852 to
413 4790 573 4841 Aliter
592 4792 789 4840 omnino
810 4794 1037 4852 plerique
1084 4790 1309 4844 sentiunt

318 4787 387 4853 (ο)
413 4790 573 4841 Aliter
592 4787 789 4840 o'mnino
810 4794 1037 4854 plerique
1084 4790 1309 4844 sentiunt
1346 4794 1567 4844 editores
1610 4794 1831 4857 Operum
1862 4787 1914 4839 S.
1940 4788 2187 4855 Dionysii.
2216 4790 2342 4844 Vide
2364 4792 2745 4854 Protegomena,
2768 4789 2861 4837 col.
2888 4789 2966 4841 56.
2991 4788 3125 4839 Eutr.
3154 4787 3306 4837 Pun-
