3892 6232
346 358 487 412 Ηὶῦ

382 525 519 532 _._———

1526 344 1563 389 S
1628 341 1925 391 ιιιυΝὶδιι
1982 336 2445 387 ΑΚΡΑΡΜ-Ιίζιὶὐ

1550 487 3173 515 M

874 578 1659 764 LITURGIA
1721 620 2291 752 SANCTI
2371 616 3083 745 DIONYSII

3501 330 3642 379 ili-8

3176 496 3548 505 ————_

1505 837 1947 899 A'l‘llI-LNARUM
1992 834 2300 891 EPISCOPI
2343 835 2441 905 (1).

385 999 736 1067 (Liturgiarnnt
762 992 1083 1045 Orientalium
1111 986 1336 1042 Collectio
1360 997 1511 1046 opera
1536 990 1589 1032 et

2063 972 2357 1097 ῐίῑξυὲὃῗτῗ
2395 974 2624 1033 Parisini,
2658 974 2781 1023 edit.
2815 975 3049 1035 secunda,
3077 974 3350 1026 Francfurti
3376 980 3441 1026 ad
3482 977 3608 1030 Mre-

1738 1079 1750 1102 ,
1790 1070 1927 1087 ιυινι.
1959 1070 1997 1083 ι.
2025 1070 2085 1093 ιι,
2114 1070 2159 1096 γ’
2207 1070 2315 1083 ενι.

690 1276 938 1330 Primum
977 1270 1163 1325 Oratio
1194 1278 1313 1321 ante
1346 1264 1564 1318 Pacem.

412 1373 697 1431 Sacerdos.
761 1369 992 1423 Domine
1045 1366 1185 1417 Dens
1238 1362 1330 1431 qui
1384 1375 1443 1414 es
1497 1354 1764 1423 simplex,
1827 1363 1935 1401 non

339 1467 677 1535 compositus
741 1458 1207 1525 absconditnsqne
1265 1454 1317 1505 in
1381 1448 1618 1502 essentia
1679 1442 1939 1503 sublimi,

340 1570 483 1621 licus
523 1557 686 1609 Pater
720 1569 748 1607 a
789 1566 897 1621 quo
955 1564 1151 1603 nomen
1199 1546 1362 1599 habet
1410 1541 1589 1595 omnis
1639 1536 1941 1605 paternitas

341 1668 461 1719 qua:
494 1652 546 1704 in
576 1647 717 1701 cmlo
745 1656 830 1699 est
871 1652 925 1698 et
965 1643 1015 1695 in
1046 1651 1211 1700 terra,
1248 1636 1583 1701 Principium
1618 1627 1939 1689 divinitatis,

349 1759 542 1796 eorum
576 1742 670 1809 qui
702 1749 909 1792 natnrzc
944 1736 1141 1789 divinae
1174 1730 1529 1799 participant,
1571 1734 1623 1778 et
1671 1723 1944 1791 perfector

350 1850 541 1889 eorum
574 1833 663 1901 qui
700 1828 1092 1898 perfectionem
1129 1828 1545 1888 consequuntur
1581 1834 1595 1869 :
1639 1816 1815 1869 bonus
1848 1828 1944 1865 su-

356 1943 454 1997 per
490 1926 673 1978 oinnia
714 1926 855 1977 bona
901 1920 1239 1988 pulcherque
1266 1928 1430 1983 supra
1461 1911 1641 1965 omnia
1677 1907 1899 1978 pulchra
1929 1925 1941 1957 :

349 2017 720 2085 tranquillitas
750 2014 996 2084 pacifica,
1047 2004 1488 2079 pax,coneordia
1547 2016 1600 2055 et
1653 2000 1783 2053 uuio
1815 2012 1946 2051 om-

355 2117 502 2168 nittm
530 2113 858 2164 animorum.
886 2106 1161 2171 Compone
1186 2099 1408 2153 dissidia
1433 2112 1556 2165 qua:
1582 2108 1680 2147 nos
1712 2092 1947 2144 invicem

361 2202 636 2263 dividunt,
656 2208 710 2252 et
733 2198 902 2250 reduc
930 2210 989 2246 ca
1006 2194 1071 2245 ad
1095 2193 1347 2245 unionem
1374 2185 1679 2248 charitalis,
1698 2198 1821 2251 qua:
1848 2180 1951 2233 ali-

348 2310 513 2363 quam
533 2288 787 2345 essentia)
806 2298 907 2341 tum
932 2285 1179 2339 sublimis
1202 2280 1619 2337 similitudinem
1646 2278 1864 2331 habeat.
1884 2274 1952 2327 Et

351 2389 496 2440 sicut
526 2398 665 2436 lllltlS
692 2396 750 2434 es
768 2392 929 2447 super
951 2376 1154 2436 omnia,
1179 2374 1261 2425 fac
1292 2388 1391 2426 nos
1420 2386 1608 2434 unum,
1634 2383 1734 2438 per
1750 2366 1951 2421 unani-

350 2478 596 2531 mitatem
627 2474 781 2528 bona:
810 2471 1029 2531 mentis,
1060 2477 1117 2521 ut
1147 2466 1439 2533 simplices,
1468 2473 1521 2517 ct
1551 2477 1653 2515 non
1680 2460 1838 2514 divisi
1871 2459 1953 2512 in-

352 2568 641 2625 \‘eniainur
682 2578 865 2618 coram
905 2569 956 2614 te
999 2561 1051 2613 in
1089 2571 1334 2628 tempore
1369 2558 1467 2609 hoc
1502 2554 1746 2625 mysterii
1793 2567 1954 2621 pera-

357 2658 552 2726 gendi:
580 2666 746 2724 utque
772 2668 869 2723 per
893 2652 1173 2720 amplexus
1202 2650 1507 2713 charitatis,
1532 2657 1586 2700 et
1619 2660 1790 2699 nexus
1820 2644 1952 2697 dile-

360 2751 582 2813 ctionis,
600 2744 959 2816 spiritualiter
975 2758 1140 2797 unum
1158 2744 1349 2803 simus,
1369 2752 1475 2794 tam
1498 2740 1779 2793 nobiscum
1797 2737 1945 2806 ipsis,

357 2857 521 2911 quam
552 2841 619 2893 ad
654 2838 909 2899 invicem,
937 2850 1034 2902 per
1061 2850 1248 2904 pacem
1274 2834 1423 2885 illam
1458 2842 1606 2885 tuam
1632 2829 1818 2885 omnia
1852 2845 1950 2898 pa-

357 2945 598 2996 eantem,
639 2949 736 3002 per
779 2931 1010 3001 gratiam
1046 2939 1101 2982 et
1129 2926 1562 2981 misericordiam
1591 2937 1948 2991 amoremque

358 3042 487 3095 erga
517 3026 771 3079 homines
797 3022 1061 3091 unigeniti
1094 3020 1219 3073 Filii
1259 3019 1363 3081 tui,
1422 3033 1519 3087 per
1556 3032 1717 3085 quem
1745 3026 1799 3069 et
1830 3031 1952 3069 cum

362 3136 468 3190 quo
493 3130 543 3173 te
576 3122 730 3173 decet
758 3117 955 3187 gloria,
978 3118 1152 3170 honor
1172 3122 1225 3168 et
1251 3112 1561 3183 imperium,
1595 3126 1716 3165 cum
1744 3109 1951 3179 Spiritu

363 3227 457 3267 ιιιο
489 3212 859 3266 sanctissimo.

432 3305 693 3374 Populus.
729 3304 925 3358 Amen.

431 3396 717 3451 Sacerdos.
746 3395 881 3449 Pax.

431 3486 694 3553 Populus.
734 3488 798 3540 Et
834 3502 959 3539 cum
998 3486 1192 3555 spiritu
1229 3494 1341 3539 tuo.

435 3582 725 3635 Diaconos.
762 3581 857 3634 Det
884 3594 1070 3648 pacem
1098 3580 1483 3648 unusijuisquc.

435 3674 699 3744 Populus.
731 3673 961 3729 Omnes.

434 3767 725 3821 Diaconus.
758 3764 907 3819 Post.

437 3858 697 3929 Populus.
726 3859 924 3911 Coram
960 3865 1011 3911 te
1044 3855 1293 3911 Domine.

1956 1262 2002 1317 Α
2034 1230 2439 1305 οτηιίίριιιοτιπη
2472 1249 2893 1316 vivificantium,
2933 1264 3030 1319 per
3057 1250 3375 1317 pontiﬁcem

3469 1247 3637 1302 cmic-

2036 1341 2370 1400 stchesum
2399 1343 2681 1399 Christum
2712 1344 3053 1413 unigenitum
3090 1343 3289 1398 Filium
3325 1357 3507 1411 tuum,
3544 1361 3643 1415 per

2043 1452 2205 1505 quem
2233 1446 2289 1489 et
2312 1451 2435 1489 cum
2465 1450 2576 1505 quo
2616 1445 2670 1490 te
2704 1435 2862 1491 decet
2883 1435 3053 1505 gloria
3078 1443 3133 1489 et
3166 1437 3365 1493 honor.

2136 1539 2387 1611 Pupulus.
2424 1539 2607 1593 Amen.

2129 1640 2417 1695 Sacerdos.
2451 1640 2738 1696 Exsistens
2781 1640 3147 1696 essentialiter
3203 1650 3257 1696 et
3299 1642 3364 1695 ab
3411 1652 3643 1705 mterno,

2045 1732 2205 1801 cujus
2235 1744 2431 1786 natura
2469 1733 3051 1803 incomprehensibilis
3080 1744 3187 1800 est,
3219 1734 3313 1803 qui
3357 1750 3532 1804 prope
3563 1750 3645 1797 es,

2048 1837 2362 1898 etprzesens
2393 1827 2668 1891 omnibus,
2704 1827 2915 1897 absque
2967 1827 3076 1881 ulla
3128 1827 3497 1882 sublimitatis
3544 1840 3648 1883 tua:

2050 1919 2392 1975 mutatione:
2429 1919 2587 1988 cujus
2639 1919 2943 1972 bonitatem
3002 1919 3212 1988 appetit
3258 1929 3312 1973 et
3362 1920 3649 1973 desiderat

2052 2013 2415 2078 quodcunque
2470 2013 2717 2073 exsistit;
2740 2010 3113 2080 intelligibiles
3155 2011 3374 2079 quidem
3404 2023 3462 2065 et
3490 2012 3649 2065 intel-

2059 2104 2205 2159 lectu
2242 2103 2484 2172 praedita:
2511 2111 2798 2168 creaturae,
2835 2103 3272 2173 intelligibiliter,
3306 2119 3475 2157 sensu
3516 2119 3651 2158 vero

2056 2196 2300 2267 prrcditze
2323 2236 2336 2259 ,
2362 2196 2719 2250 sensibiliter.
2763 2194 2865 2262 Qui
2894 2212 3016 2251 cum
3050 2212 3191 2251 unus
3229 2198 3305 2252 sis
3339 2198 3653 2252 essentiaiio

2058 2301 2168 2355 ter,
2223 2298 2406 2344 tamen
2464 2289 2595 2343 ades
2649 2289 2935 2342 nobiscum
2987 2299 3043 2343 et
3074 2290 3217 2344 inter
3249 2305 3371 2352 nos,
3440 2292 3492 2344 in
3547 2291 3651 2345 hac

2055 2381 2213 2447 hora,
2240 2395 2345 2449 qua
2380 2380 2445 2433 ad
2473 2378 2589 2432 hate
2615 2378 2874 2447 mysteria
2909 2388 3000 2430 tua
3025 2387 3214 2431 sancta
3243 2377 3455 2432 vocasti
3479 2388 3533 2432 et
3553 2380 3652 2431 ad-

2057 2473 2258 2527 duxisti
2292 2487 2390 2525 nos
2418 2485 2430 2522 :
2460 2481 2513 2524 et
2545 2470 2727 2523 standi
2761 2484 2947 2524 coram
2990 2468 3211 2523 sublimi
3247 2466 3480 2524 Throno
3529 2485 3654 2523 ma-

2052 2565 2270 2633 iestatis
2321 2572 2425 2617 tua:
2474 2562 2670 2632 dignos
2727 2561 2928 2626 fecisti,
2968 2569 3135 2627 atque
3202 2562 3479 2615 tractandi
3518 2578 3653 2615 vasa

2057 2668 2247 2714 sancta
2276 2656 2565 2712 ministerii
2596 2656 2670 2709 tui
2699 2655 2951 2709 manibus
2976 2655 3181 2710 nostris
3206 2655 3460 2725 impuris.
3482 2656 3658 2710 Aufer

2057 2763 2242 2806 autem
2302 2767 2330 2805 a
2393 2751 2572 2816 nobis,
2620 2749 2871 2815 Domine,
2922 2757 3133 2802 vestem
3187 2748 3500 2816 iniquitatis
3549 2765 3656 2818 qua

2058 2842 2246 2896 amicti
2302 2856 2495 2896 sumus
2525 2880 2539 2906 ,
2586 2850 2643 2893 ut
2692 2855 2721 2893 a
2770 2836 2897 2893 Jesu
2933 2838 3044 2892 lilio
3086 2836 3321 2892 Josedek
3362 2839 3659 2892 sacerdote

2059 2950 2254 3004 magno
2300 2934 2628 2987 vestimenta
2675 2931 2897 2985 sordida
2947 2929 3225 2983 abstulisti
3276 2947 3289 2980 :
3342 2939 3397 2983 et
3450 2930 3659 2999 pietate

2058 3026 2460 3095 atqucjustitia
2507 3040 2713 3080 exorna
2748 3038 2871 3087 nos.
2917 3024 3059 3077 sicut
3103 3022 3253 3076 illum
3312 3023 3662 3078 vestimento

2059 3119 2249 3187 glorice
2283 3118 2529 3184 ornasti;
2569 3126 2629 3170 ut
2666 3125 2719 3172 te
2751 3115 2867 3171 solo
2906 3125 3164 3185 tanquam
3216 3124 3545 3183 legumento
3578 3115 3634 3169 in

2062 3212 2201 3275 duti,
2237 3221 2291 3264 et
2322 3210 2464 3264 sicut
2492 3208 2690 3278 templa
2734 3217 2997 3263 coronata
3018 3207 3187 3277 gloria
3218 3208 3577 3272 exsistentes,
3609 3219 3665 3262 te

2064 3304 2273 3367 absque
2321 3302 2589 3355 velamine
2634 3301 2941 3366 videamus,
2985 3310 3167 3355 mente
3210 3299 3479 3354 divinitus
3528 3301 3666 3355 illu-

2063 3405 2332 3458 strata,et
2373 3396 2440 3449 ad
2471 3409 2713 3448 mensam
2748 3396 2898 3461 regni
2932 3394 3007 3446 tui
3039 3393 3347 3463 epulamur,
3382 3392 3512 3446 dum
3553 3392 3663 3446 hoc

2066 3488 2343 3543 sacrificio
2391 3502 2577 3541 coram
2631 3485 2789 3539 nobis
2845 3484 3128 3555 proposito
3180 3485 3664 3538 communicantes

2067 3582 2436 3652 perfruenmr.
2472 3592 2527 3633 et
2566 3578 2869 3634 referemus
2914 3578 3010 3632 tibi
3056 3578 3286 3647 gloriam
3325 3587 3381 3633 et
3412 3576 3663 3633 laudem.

2136 3674 2392 3743 Populus.
2425 3674 2619 3726 Amen.

2134 3767 2423 3820 Diaconus.
2455 3765 2674 3820 Stemus
2707 3764 2986 3818 decenter.

2138 3862 2395 3933 Populus.
2426 3859 2817 3915 Misericordiae
2846 3858 2963 3913 Dei.

436 3950 720 4007 Sacerdos.
751 3950 919 4003 Dator
946 3947 1259 4003 sanctitatis
1286 3954 1340 4001 et
1364 3946 1597 4017 largitor
1616 3947 1797 4003 omnis
1823 3946 1948 4002 hom
1978 3968 2020 4023 ρ
2128 3955 2407 4010 Sacerdos.
2450 3953 2723 4013 Charitas,

368 4044 619 4110 Domine,
642 4044 734 4113 qui
766 4058 986 4097 omnem
1020 4052 1335 4098 creaturam
1385 4040 1708 4097 rationalem
1742 4045 1950 4097 sancti-

368 4147 479 4191 tate
514 4151 634 4205 qua:
665 4153 693 4189 a
732 4146 782 4190 te
808 4145 912 4201 est,
948 4136 1259 4191 sanctilicas
1292 4150 1306 4188 :
1336 4138 1615 4191 sanctilica
1651 4152 1748 4206 per
1779 4136 1953 4206 Spiri-

369 4240 481 4283 tum
531 4240 680 4283 tuum
719 4237 991 4292 sanctum,
1024 4245 1123 4284 nos
1168 4245 1355 4285 servos
1402 4242 1550 4295 tuos,
1599 4231 1689 4299 qui
1721 4231 1953 4285 inclina-

368 4338 490 4376 Itllll‘
519 4338 705 4377 coram
746 4332 797 4375 te
825 4341 837 4375 :
872 4321 1043 4375 libera
1077 4337 1175 4375 nos
1207 4324 1275 4376 ab
1308 4325 1565 4378 omnibus
1598 4324 1954 4392 passionibus

368 4414 659 4469 servilibus
706 4415 940 4484 peccati,
999 4415 1068 4467 ab
1123 4415 1358 4479 invidia,
1410 4414 1554 4479 dolo,
1610 4414 1952 4482 deceptione,

368 4508 519 4571 odio,
554 4508 879 4574 inimicitiis,
916 4519 971 4561 et
1010 4509 1080 4561 ab
1113 4522 1178 4561 eo
1216 4508 1310 4577 qui
1351 4507 1539 4562 eadem
1591 4516 1869 4576 operatur,
1898 4517 1957 4561 ut

372 4615 679 4655 mereamur
710 4610 898 4655 sancte
928 4601 1193 4671 perlicere
1220 4600 1586 4655 ministerium
1633 4599 1829 4653 horum
1864 4615 1957 4655 sa-

368 4737 387 4761 "
442 4731 520 4801 (l)
548 4732 931 4802 Areopagitam
984 4733 1073 4787 hic
1119 4730 1380 4787 Jacobita:
1422 4731 1756 4802 intelligunt,
1794 4749 1953 4802 quem

370 4802 537 4855 etiam
594 4803 829 4856 Arabiae
890 4804 1181 4866 Baulousi,
1246 4802 1533 4857 Paulinum
1585 4815 1784 4858 vocant
1842 4806 1957 4858 sive

374 4873 529 4926 l’auli
578 4874 925 4942 discipulum.
974 4874 1102 4941 Ejus
1145 4873 1289 4926 enim
1348 4874 1515 4926 libros
1566 4889 1663 4941 pro
1705 4876 1959 4944 genuinis

374 4945 603 5014 habent,
656 4954 710 4995 et
758 4945 992 5014 majores
1038 4960 1228 4997 eorum
1279 4944 1691 5014 Monophysitae,
1735 4946 1824 5012 qui
1858 4946 1959 4997 sub

372 5013 706 5080 Justiniano,
741 5030 883 5067 atino
920 5012 970 5067 J.
1005 5016 1067 5068 C.
1102 5014 1228 5077 552,
1254 5012 1727 5083 Constantinopoli
1759 5016 1824 5069 de
1854 5016 1959 5067 fide

373 5085 721 5138 collationem
770 5100 892 5137 cum
952 5086 1273 5139 orthodoxis
1324 5086 1673 5147 habuerunt,
1741 5085 1955 5137 illorum

374 5156 541 5225 primi
572 5156 904 5208 testimoniis
938 5156 1022 5207 llsi
1049 5166 1200 5218 sunt,
1228 5158 1371 5225 quod
1400 5173 1427 5208 a
1464 5157 1594 5207 viris
1626 5156 1960 5209 doctissimis

376 5224 579 5280 dudum
626 5225 731 5278 fuit
773 5225 1124 5279 observatmn
1163 5226 1259 5295 (α).
1305 5224 1359 5278 In
1396 5226 1563 5279 variis
1599 5225 1960 5279 Collectaneis

376 5298 778 5351 sententiarum
833 5312 899 5349 ex
957 5297 1195 5364 antiquis
1255 5297 1525 5359 Patribns,
1577 5300 1642 5348 ad
1685 5298 1957 5366 opinionis

376 5384 489 5422 sua:
518 5368 918 5429 defensionem,
948 5377 1170 5420 exstant
1201 5368 1474 5421 nonnulla:
1502 5383 1566 5420 ex
1604 5366 1867 5433 ejusmodi
1896 5368 1958 5421 li-

377 5440 492 5493 bris
526 5456 539 5491 :
572 5450 625 5493 et
653 5454 715 5493 ea
757 5440 997 5509 ratione,
1036 5438 1327 5509 Dionysius
1361 5439 1502 5490 inter
1535 5439 1790 5492 Ecclesia:
1852 5440 1957 5493 Do-

376 5522 564 5563 ctores
590 5511 642 5563 in
668 5509 951 5579 Diptycbis
978 5508 1295 5577 frequenter
1316 5520 1650 5563 numeratur.
1672 5511 1849 5576 Atque
1873 5512 1959 5566 illa

379 5582 691 5634 verisimilis
727 5596 891 5633 causa
938 5591 1043 5642 est,
1082 5596 1181 5633 cur
1228 5582 1346 5651 ejus
1390 5584 1609 5633 nomine
1654 5580 1959 5649 Liturgiam

379 5652 710 5719 singularem
744 5653 1170 5720 composuerint.
1214 5670 1318 5705 non
1358 5652 1510 5719 quod
1554 5652 1720 5704 multa
1768 5658 1836 5703 ad
1873 5672 1960 5706 sa-

379 5736 503 5773 cros
537 5721 676 5774 ritus
705 5723 1011 5789 spectantia
1058 5722 1343 5776 hauserint
1381 5739 1447 5774 ex
1484 5724 1640 5776 libris
1672 5725 1738 5776 de
1773 5722 1960 5778 Eccle-

445 5836 514 5897 (ιι)
554 5836 670 5883 Mor.
700 5833 767 5887 De
802 5848 927 5886 sacr.
966 5836 1074 5886 0rd.
1105 5848 1147 5895 μ.
1176 5839 1223 5899 2,

2134 4045 2393 4115 Populus.
2422 4043 2487 4097 Et
2515 4060 2637 4097 cum
2664 4044 2859 4112 spiritu
2888 4052 3005 4098 tuo.

2133 4138 2418 4193 Sacerdos.
2452 4138 2683 4190 Sursum
2716 4138 2904 4192 corda.

2132 4230 2393 4299 Populus.
2430 4229 2709 4284 Habemus
2742 4230 2808 4282 ad
2842 4230 3152 4284 Dominum.

2132 4325 2416 4380 Sacerdos.
2444 4324 2669 4379 Gratias
2702 4339 2931 4393 agamus
2962 4322 3214 4377 Domino.

2131 4413 2397 4484 Populus.
2438 4414 2667 4483 Dignum
2694 4413 2974 4479 etjustum
3005 4423 3107 4469 est.

2132 4510 2396 4564 Sacerdos
2428 4508 2737 4561 inclinatus.
2772 4505 2911 4562 Vere
2941 4508 3089 4562 enim
3118 4506 3340 4573 mentis,
3373 4508 3669 4564 sermonis

2061 4612 2115 4659 et
2143 4602 2494 4673 cogitationis
2526 4601 2673 4655 vires
2693 4600 2910 4656 excedit
2934 4598 3231 4655 celebratio
3260 4596 3665 4653 beneficiorum

2058 4740 2276 4794 siastica
2317 4737 2653 4798 hieran/tiu;
2721 4752 2849 4789 nam
2894 4746 3162 4805 quantum
3196 4733 3263 4786 ad
3306 4732 3663 4804 disciplinam

2063 4810 2490 4863 eucharisttcam
2544 4816 2776 4874 spectat,
2812 4804 3178 4874 vix’unquam
3211 4804 3430 4857 illorum
3462 4808 3664 4860 memi-

2062 4885 2281 4932 nerunt.
2322 4878 2525 4931 Eodem
2574 4877 2795 4931 nomine
2840 4878 2981 4931 edita
3016 4886 3100 4929 cst
3147 4878 3200 4928 in
3250 4876 3458 4929 Missali
3498 4876 3669 4929 Chal-

2060 4951 2217 5003 daico
2250 4948 2517 5017 Liturgia,
2560 4948 2657 5001 sed
2700 4963 2821 5017 qua:
2869 4959 3070 5017 praeter
3117 4946 3337 5017 titulum
3381 4960 3515 4999 cum
3551 4950 3664 4999 ista

2062 5034 2353 5073 eonunune
2404 5016 2539 5071 nihil
2592 5016 2778 5081 habet,
2835 5016 2961 5072 cum
3019 5017 3072 5070 in
3127 5016 3331 5070 Missali
3383 5017 3670 5069 tribuatur

2070 5092 2339 5158 Dionysio
2373 5088 2640 5141 Barsalibi
2678 5092 2937 5158 episcopo
2968 5088 3242 5141 Amideno
3278 5086 3549 5141 Jacobita:
3582 5090 3671 5138 fa-

2066 5159 2408 5223 mosusimo,
2448 5161 2515 5213 de
2558 5175 2664 5228 qtto
2703 5164 2917 5213 dicetur
2970 5161 3019 5211 iu
3058 5158 3544 5211 observationibus
3594 5158 3668 5210 ad

2062 5233 2309 5283 eannlem
2339 5229 2665 5297 Liturgiam,
2688 5240 2741 5283 et
2773 5230 2977 5299 passim
3006 5230 3133 5282 alibi
3158 5228 3366 5283 dictum
3401 5239 3508 5290 est,
3534 5243 3667 5281 cum

1992 5330 2034 5383 Π
2064 5303 2208 5354 illius
2238 5301 2562 5383 testimoniis
2603 5304 2653 5354 in
2691 5310 2804 5355 toto
2844 5304 2946 5383 hoc
2974 5314 3147 5383 opere
3178 5300 3499 5381 saepissime
3532 5310 3663 5378 uta-

2070 5389 2212 5425 mur.
2247 5372 2435 5439 Neqne
2463 5374 2601 5425 ullus
2632 5384 2715 5426 est
2756 5372 3103 5440 ambiguitati
3136 5370 3312 5435 locus,
3345 5380 3444 5423 aut
3477 5369 3658 5437 SUSpi-

2069 5445 2215 5498 cioni
2247 5448 2313 5497 de
2346 5443 2556 5494 incuria
2592 5443 2947 5497 librariorum
2974 5457 2989 5495 :
3014 5456 3139 5494 cum
3175 5442 3228 5494 in
3275 5444 3471 5497 iisdem
3505 5441 3668 5493 codi-

2065 5515 2222 5568 cibus
2256 5524 2485 5580 utraque
2507 5512 2751 5584 Liturgia
2784 5527 2926 5582 Stﬁpe
2954 5512 3280 5581 reperiatur.
3308 5512 3365 5566 In
3400 5516 3504 5565 ista
3533 5527 3667 5564 vero

2064 5600 2237 5653 pauca
2264 5595 2565 5640 occurrunt
2594 5602 2713 5657 qua:
2743 5587 2985 5657 aliquam
3032 5584 3464 5655 explicationem
3514 5584 3669 5638 desi-

2065 5662 2276 5714 derent.

1313 5838 1353 5885 1.
1387 5838 1599 5900 Lautloj'.
1642 5841 1706 5889 De
1733 5841 1913 5895 duobus
1940 5844 2140 5903 Dianas.
