3892 6232
256 338 381 393 1125

1700 332 2048 389 LITURGIA.

3355 338 3493 395 “9.6

252 461 488 515 tuorum,
524 450 768 517 Domine,
813 464 988 520 neque
1017 450 1295 504 sufficiunt
1317 465 1497 504 omnia
1530 464 1645 511 ora,
1674 463 1825 500 tucn-
1854 457 1900 511 Α
2003 446 2225 498 Elevans
2256 461 2445 501 vocem.
2472 445 2572 511 Qui
2606 455 2916 515 conceptus,
2955 447 3217 502 formatus
3247 460 3302 505 et
3326 454 3497 508 couti-

254 556 337 597 tes
360 558 571 604 omnes,
604 552 657 595 et
684 542 902 609 linguae,
936 543 1001 595 ad
1034 552 1105 607 te,
1142 552 1199 596 ut
1227 545 1445 611 dignum
1479 548 1579 605 est,
1610 544 1818 611 gloriti-

252 635 508 688 cautium.
540 633 715 687 Verbo
744 635 888 687 enim
917 644 1009 686 tuo
1038 636 1167 687 facti
1202 644 1329 689 sunt
1350 636 1498 699 cceli,
1528 645 1583 691 et
1623 639 1820 706 spiritu

250 730 361 781 oris
396 727 470 779 tui
506 742 700 779 omnes
724 726 961 778 virtutes
988 742 1237 793 superine
1268 743 1280 778 :
1316 727 1603 781 luminaria
1637 731 1821 783 omnia

248 832 368 885 qua:
402 818 453 870 in
488 817 833 869 firmamento
862 826 1008 882 sunt,
1047 818 1128 871 sol
1157 828 1210 871 et
1244 818 1390 884 luna,
1420 835 1569 873 mare
1600 821 1821 875 etarida

248 917 303 961 et
337 923 688 976 quazcumque
721 910 771 961 in
802 910 881 964 eis
907 920 1053 964 sunt.
1084 912 1211 977 Quae
1243 927 1430 966 vocem
1461 930 1566 967 non
1595 914 1819 978 habent,

248 997 482 1050 silentiis
512 1000 624 1051 suis
653 1015 668 1053 :
706 1014 826 1066 quae
852 1014 1104 1054 sermone
1130 1003 1360 1069 praedita
1395 1014 1541 1067 sunt,
1576 1006 1818 1070 vocibus,

247 1090 592 1142 sermonibus
639 1099 691 1142 et
739 1089 955 1159 hymnis
998 1102 1264 1160 perpetuo
1310 1094 1406 1147 tibi
1454 1095 1815 1162 benedicunt;

246 1180 375 1248 quia
412 1190 465 1232 tu
497 1196 556 1234 es
585 1193 773 1234 natura
810 1182 1001 1247 bonus,
1036 1194 1273 1254 etsupra
1299 1200 1488 1240 omnes
1519 1186 1726 1253 laudes,
1763 1191 1818 1243 in

246 1272 483 1323 essentia
514 1279 600 1323 tua
634 1272 1264 1341 incomprehensibiliter
1290 1277 1580 1333 exsistens.

317 1357 542 1411 Elevans
574 1376 765 1412 vocem.
796 1360 871 1414 Te
909 1361 1096 1415 laudat
1124 1371 1377 1415 creatura
1430 1364 1544 1417 hzec
1590 1365 1820 1419 visibilis

245 1459 301 1503 et
330 1464 485 1503 sensu
513 1452 757 1519 przedita,
788 1453 1035 1518 Domine,
1072 1457 1318 1508 utetiam
1355 1456 1445 1508 illa
1480 1457 1821 1511 intellectua-

244 1539 337 1605 lis,
365 1551 418 1593 et
459 1556 621 1609 supra
656 1557 915 1596 sensuum
965 1545 1333 1599 conditionem
1366 1547 1561 1615 posita.
1610 1547 1816 1602 (Icelum

244 1640 300 1682 et
338 1640 480 1684 terra
529 1642 579 1685 te
610 1633 943 1704 gloriﬁcant,
978 1652 1127 1689 mare
1154 1647 1208 1689 et
1254 1654 1348 1691 aer
1394 1649 1444 1691 te
1489 1640 1815 1706 prmdicaul;

254 1722 337 1775 sol
392 1724 443 1775 in
496 1740 655 1778 cursu
694 1741 791 1779 suo
825 1740 873 1781 te
916 1728 1141 1784 laudat:
1182 1730 1305 1783 luna
1345 1732 1396 1784 in
1430 1733 1819 1787 mutationibus

246 1814 359 1867 suis
385 1824 436 1868 te
456 1828 749 1872 veneratur
776 1838 788 1872 :
818 1828 1013 1873 turma:
1038 1823 1580 1891 archangelorum,et
1603 1826 1816 1893 agmina
1849 1836 1890 1888 Β

246 1907 587 1975 angelorum,
619 1910 848 1963 virtutes
877 1910 980 1964 illa:
1024 1914 1223 1965 mundo
1253 1924 1305 1967 et
1325 1916 1523 1969 mentis
1566 1916 1819 1971 facultate

246 1998 613 2065 sublimiores,
642 2002 1053 2058 benedictioncs
1083 2006 1148 2059 ad
1185 2007 1458 2075 regionem
1495 2018 1639 2062 tuam
1691 2009 1815 2061 mit-

246 2101 385 2145 tunt.
414 2092 570 2146 Radii
600 2094 737 2148 lucis
760 2097 1075 2151 excellentis
1114 2106 1168 2151 et
1192 2100 1548 2163 absconditae,
1576 2102 1819 2154 sanctifi-

242 2185 486 2237 catioues
512 2183 693 2253 gloriae
732 2195 836 2239 tum
867 2188 1188 2253 demittunt;
1222 2188 1555 2257 principatus
1583 2201 1636 2244 et
1665 2193 1815 2244 ordi—

244 2288 341 2327 nes
369 2283 419 2327 te
464 2291 583 2329 cum
635 2275 805 2344 iubilo
850 2278 1106 2344 laudant;
1136 2287 1449 2349 'potcstatcs
1480 2290 1534 2334 et
1570 2279 1818 2335 domina-

244 2365 422 2419 tiones
471 2376 522 2419 te
570 2378 941 2429 venerantur;
996 2368 1266 2433 virtutes,
1319 2369 1494 2421 throni
1547 2379 1601 2422 et
1663 2373 1816 2426 sedes

242 2456 648 2513 inaccessibiles
683 2470 733 2513 te
764 2457 1022 2523 exaltant,
1057 2459 1377 2528 splendores
1402 2460 1538 2517 lucis
1575 2473 1815 2529 aeternae,

243 2549 461 2617 specula
496 2550 613 2603 siue
646 2550 879 2614 macula,
922 2551 1242 2604 substantia:
1267 2563 1487 2617 sanctae,
1523 2557 1818 2623 susceptri—

243 2655 333 2692 ces
380 2641 663 2709 sapientia:
695 2640 971 2705 sublimis,
1012 2656 1122 2709 pra:
1170 2644 1423 2697 omnibus
1466 2649 1817 2701 scrutatrices

242 2731 543 2784 voluntatis
592 2732 659 2785 ab
707 2732 959 2785 omnibus
1006 2733 1364 2795 absconditce,
1412 2736 1652 2790 motibus
1680 2753 1817 2805 pra:-

241 2822 406 2877 claris
441 2832 692 2878 tonorum
742 2824 1185 2891 inimitabilium,
1254 2826 1582 2896 vocibusque
1639 2830 1816 2898 dignis

238 2925 493 2970 creatura
540 2917 794 2972 rationali
835 2936 848 2973 :
886 2918 1170 2972 cherubim
1217 2921 1514 2975 multioculi
1540 2964 1553 2987 ,
1587 2939 1815 2991 quorum

244 3018 424 3064 motus
479 3011 844 3074 subtilissimi,
883 3021 933 3065 te
983 3010 1351 3065 benedicuut:
1399 3014 1675 3082 seraphim
1729 3016 1815 3069 iu-

242 3106 432 3155 structi
468 3120 565 3157 sex
600 3103 703 3156 alis
743 3102 1014 3172 implexis,
1048 3105 1300 3175 plenique
1326 3105 1548 3174 plumis,
1578 3118 1627 3161 te
1687 3120 1816 3160 san-

1931 547 2163 605 guratus
2197 552 2225 587 a
2261 535 2467 603 Spiritu
2508 546 2719 599 sancto,
2752 547 2807 590 et
2840 552 2905 590 ex
2945 540 3210 608 sanguine
3250 542 3497 610 virgineo

1928 628 2165 695 Virginis
2215 637 2415 680 sancte
2471 626 2773 682 Genitricis
2818 628 2911 682 Dei
2962 629 3144 683 Maria:
3204 642 3367 686 natus
3415 642 3500 688 est

1924 720 2141 787 quidem
2173 720 2354 781 homo,
2390 726 2445 769 et
2472 733 2537 771 ex
2563 734 2792 785 corpore
2817 718 3054 785 ejusdem
3086 736 3222 789 puro
3248 733 3305 776 et
3360 733 3497 772 san—

1913 808 2452 877 ctissimo,princeps
2495 809 2644 875 vita),
2697 810 3113 879 suscipiensque
3156 813 3497 867 divinitatem

1925 900 1978 952 in
2012 914 2196 962 carne,
2231 901 2568 954 conservatis
2593 910 2797 954 natura:
2827 902 2941 971 lege
2968 913 3023 956 et
3046 905 3494 972 proprietatibus,

1924 993 2017 1046 sed
2048 993 2206 1045 modo
2250 1008 2413 1060 supra
2451 1002 2737 1060 naturam;
2782 997 3105 1065 agnitusque
3143 1006 3225 1050 est
3266 998 3408 1053 Deus
3439 999 3496 1053 in

1923 1084 2148 1151 Spiritu,
2178 1093 2231 1136 et
2260 1084 2420 1137 homo
2458 1085 2509 1136 in
2552 1100 2733 1137 carne.
2781 1088 2960 1154 Atque
3001 1088 3053 1140 in
3082 1100 3345 1157 quantum
3377 1098 3497 1142 erat

1924 1167 2157 1223 Verbum
2188 1179 2312 1223 ante
2340 1172 2558 1237 saecula,
2588 1188 2654 1225 ex
2678 1184 2729 1226 te
2761 1182 2818 1226 ut
2849 1174 2957 1228 Deo
2985 1176 3203 1244 dignum
3228 1187 3369 1241 erat,
3398 1195 3495 1231 na-

1925 1267 2008 1313 tus
2042 1269 2143 1323 est,
2167 1270 2217 1314 et
2249 1261 2549 1316 virtutibus
2580 1272 2743 1331 atque
2774 1264 3078 1331 miraculis,
3101 1266 3280 1334 qualia
3309 1265 3494 1336 opiﬁci

1920 1350 2161 1403 onmium
2188 1351 2611 1416 conveniebant,
2656 1354 2816 1407 talem
2854 1371 2912 1409 se
2943 1371 3061 1410 esse
3096 1366 3328 1410 testatus
3359 1369 3443 1412 est
3476 1376 3490 1412 :

1923 1447 2033 1492 tum
2069 1441 2234 1494 etiam
2267 1446 2411 1511 quod
2453 1445 2799 1498 sanationem
2856 1448 3181 1513 absolutam,
3235 1450 3495 1504 salutem-

1920 1546 2024 1598 que
2084 1531 2380 1599 perfectam
2426 1535 2681 1588 universo
2731 1537 2913 1603 generi
2964 1539 3204 1591 humano
3263 1541 3492 1609 largitus

1920 1632 2021 1675 est.
2050 1621 2108 1675 lu
2145 1624 2250 1675 fine
2277 1633 2455 1676 autem
2486 1633 2539 1677 et
2569 1626 3043 1679 consummatione
3070 1627 3493 1693 dispensationis

1925 1727 2059 1778 Silii},
2092 1725 2314 1783 propter
2338 1730 2456 1779 nos,
2480 1725 2534 1769 Cl.
2562 1724 2688 1769 3M8
2734 1732 2949 1770 Cl‘UCCll]
2983 1733 3133 1771 suam
3172 1719 3492 1781 salutarem,

1922 1809 2130 1872 accepit
2164 1823 2356 1874 panem
2391 1808 2442 1859 in
2477 1824 2668 1863 manus
2723 1824 2851 1863 suas
2878 1826 3046 1877 puras
3077 1820 3129 1865 et
3165 1823 3406 1877 sanctas,
3439 1823 3496 1867 et.

1923 1901 2133 1966 aspexit
2165 1901 2231 1953 ad
2291 1909 2342 1953 te
2386 1900 2527 1955 Deus
2571 1900 2754 1966 Pater,
2793 1904 2995 1971 gratias
3027 1919 3191 1971 agens
3238 1903 3278 1974 -ξ-
3333 1906 3495 1959 bene-

1925 1991 2060 2043 dixit
2089 1992 2523 2059 1-,sanctiﬁcavit
2551 1995 2612 2061 1-,
2673 1993 2858 2063 fregit,
2892 1996 3159 2065 'deditqne
3212 1997 3495 2064 discipulis

1927 2083 2043 2137 Suis
2074 2084 2334 2153 apostolis
2379 2087 2607 2151 sanctis,
2634 2088 2853 2142 dicens:
2885 2089 3125 2158 Accipite
3161 2100 3216 2144 et
3261 2093 3489 2145 mandu-

1921 2184 2039 2227 cate
2068 2190 2133 2229 ex
2168 2192 2253 2241 co,
2288 2187 2343 2230 et
2377 2179 2584 2233 credite
2621 2182 2764 2248 quod
2810 2198 3006 2251 corpus
3052 2200 3230 2238 meum
3274 2196 3356 2238 est
3391 2185 3489 2255 (2),

1920 2265 2051 2319 illud
2087 2269 2258 2336 ipsum
2287 2270 2426 2336 quod
2458 2286 2554 2337 pro
2582 2272 2737 2325 vobis
2779 2284 2832 2325 et
2866 2288 2963 2341 pro
2996 2274 3180 2328 multis
3223 2276 3492 2345 frangitur

1919 2368 1972 2411 et
2002 2359 2183 2425 datur,
2224 2361 2292 2413 ad
2323 2362 2688 2428 expiationem
2732 2363 3075 2431 delictorum,
3116 2368 3491 2422 remissionem

1918 2460 2263 2519 peccatorum
2304 2461 2359 2506 et
2398 2453 2559 2507 vitam
2593 2463 2874 2510 mternam.

1992 2542 2253 2610 Populus.
2287 2546 2478 2601 Amen.

1990 2635 2272 2689 Sacerdos.
2322 2638 2523 2691 Eodem
2556 2648 2738 2694 autem
2772 2643 2932 2696 modo
2975 2652 3030 2697 et
3071 2660 3234 2711 super
3268 2645 3490 2700 calicem

1918 2740 2079 2794 quem
2109 2728 2327 2781 miscuit
2360 2732 2482 2783 vino
2510 2740 2565 2783 et
2610 2748 2769 2801 aqua,
2823 2739 3026 2804 gratias
3054 2740 3165 2807 egit
3211 2738 3273 2809 τ,
3324 2743 3491 2793 bene-

1920 2819 2061 2872 dixit
2090 2819 2154 2888 'l',
2193 2822 2555 2876 sanctificavit
2585 2824 2624 2892 ἰθ
2647 2864 2660 2885 ,
2691 2834 2743 2879 et
2781 2827 2929 2880 dedit
2972 2830 3164 2883 iisdem
3215 2832 3493 2899 discipulis

1918 2910 2033 2963 Suis
2064 2920 2120 2964 et
2160 2911 2420 2979 apostolis
2466 2916 2690 2979 sanctis,
2724 2916 2913 2973 dicens
2947 2937 2960 2972 :
3001 2922 3247 2989 Accipite
3273 2962 3288 2984 ,
3322 2924 3491 2977 bibite

1920 3017 1988 3054 ex
2020 3020 2085 3058 eo
2117 3019 2211 3059 vos
2238 3022 2449 3071 omnes,
2490 3017 2544 3061 et
2590 3009 2797 3062 credite
2834 3015 2977 3079 quod
3008 3013 3095 3065 hic
3140 3024 3226 3067 est
3261 3016 3488 3084 sanguis

1919 3112 2071 3151 meus
2094 3097 2430 3151 Testamenti
2460 3098 2616 3163 Novi,
2649 3103 2738 3169 qui
2769 3117 2868 3171 pro
2899 3106 3053 3159 vobis
3080 3115 3133 3159 et
3163 3121 3262 3174 pro
3300 3108 3492 3163 multis

234 3188 497 3256 ciuicam,
527 3194 601 3248 im
634 3192 756 3260 ipsi,
791 3171 880 3263 qiui
930 3171 1182 3253 ausvsuis
1211 3171 1398 3254 hci—es
1435 3171 1562 3255 suas
1606 3208 1811 3269 legum,
1844 3171 1886 3229 (ἶ
1920 3186 2217 3242 effunditur
2255 3199 2309 3243 et
2331 3191 2504 3258 ,datur
2526 3192 2591 3244 ad
2624 3195 2992 3262 eXpiationcm
3040 3198 3385 3265 delictorum,
3411 3216 3493 3255 re-

240 3282 543 3349 peuuisque
582 3285 744 3351 pedes
783 3300 909 3340 suos
934 3288 1138 3355 velant,
1172 3301 1224 3344 et
1255 3294 1608 3363 undequaque
1636 3294 1815 3347 volan-

242 3380 323 3423 tes
352 3381 407 3424 et
434 3373 753 3442 plaudentes
779 3378 881 3431 alis
913 3380 1052 3434 alter
1078 3384 1143 3435 ad
1178 3383 1429 3449 alterum,
1458 3394 1517 3437 ut
1546 3400 1650 3437 non
1681 3386 1809 3437 adu~

240 3472 433 3514 rantur
458 3465 525 3517 ab
553 3466 675 3533 igne
708 3477 801 3519 tuo
832 3469 1149 3534 devorante,
1178 3484 1371 3527 cautus
1402 3491 1622 3539 suaves,
1662 3485 1717 3529 et
1744 3476 1813 3530 ab

239 3555 392 3605 omni
424 3559 653 3609 materia
698 3574 887 3627 puros,
931 3563 1124 3630 aequali
1159 3567 1401 3618 oumium
1449 3569 1811 3621 consonantia

236 3657 480 3709 canunt,
542 3647 638 3701 tibi
691 3649 917 3717 gloriam
976 3661 1231 3706 azternatn
1296 3656 1637 3725 referentes,
1706 3676 1813 3715 uno

238 3736 441 3805 hyumo
471 3737 579 3791 Deo
611 3739 774 3809 digno
805 3740 1100 3795 clamantes
1127 3752 1180 3796 et
1212 3744 1473 3800 dicentes.

311 3825 569 3895 Papulas.
598 3830 851 3895 Sanctus,
886 3832 1139 3899 Sanctus,
1169 3835 1420 3891 Sanctus.

313 3917 571 3974 Sacerdos
597 3924 899 3978 inclinatus.
935 3926 1168 3981 Sanctus
1196 3944 1274 3993 es,
1305 3929 1443 3983 Deus
1466 3929 1626 3987 Pater
1645 3936 1814 3989 omni-

235 4020 451 4078 potens,
479 4016 657 4083 Opifex
685 4026 738 4069 et
765 4029 985 4073 creator
1017 4022 1193 4073 omnis
1218 4032 1479 4077 creatura}
1504 4026 1810 4094 invisibilis,

234 4114 295 4157 et
323 4106 571 4171 visibilis,
611 4116 775 4176 atque
806 4111 1104 4165 sensibilis.
1149 4111 1382 4166 Sanctus
1413 4130 1488 4180 es,
1521 4116 1660 4171 Deus
1694 4120 1814 4174 uni-

236 4197 452 4263 genitus
483 4199 669 4263 Filius,
695 4201 868 4255 virtus
892 4213 941 4255 et
970 4203 1241 4272 sapientia
1282 4205 1483 4274 Patris,
1515 4208 1741 4264 Domine
1760 4218 1816 4265 et

238 4287 497 4345 Salvator
525 4300 713 4346 noster
733 4292 859 4347 Jesu
883 4292 1119 4349 Christe.
1159 4296 1391 4352 Sanctus
1419 4316 1496 4365 es,
1531 4299 1671 4355 Deus
1698 4304 1816 4370 Spi-

239 4386 379 4439 ritus
399 4394 606 4446 sancte,
644 4384 917 4453 perfector
959 4395 1012 4440 et
1051 4388 1426 4443 sanctificator
1469 4402 1805 4450 sanctorum.

1919 3284 2230 3337 missionem
2258 3296 2631 3353 peccatorum,
2667 3294 2723 3341 et
2755 3287 2923 3341 vitam
2950 3298 3235 3345 aeternam.

1988 3375 2248 3445 Populus.
2272 3382 2463 3434 Amen.

1990 3467 2271 3521 Sacerdos.
2320 3469 2438 3535 Ipse
2495 3470 2664 3525 etiam
2710 3482 3043 3541 prmceptum
3088 3476 3185 3529 toti
3223 3476 3387 3529 ρωιυὶ
3434 3486 3489 3531 et

1916 3562 2322 3627 congregationi
2356 3564 2589 3616 fidelium
2632 3579 2728 3631 per
2756 3568 2975 3621 eosdem
3022 3568 3305 3634 apostolos
3355 3584 3486 3623 sau-

1915 3661 2034 3706 ctos
2070 3653 2251 3719 dedit,
2290 3655 2518 3709 dicens:
2563 3656 2671 3710 lloc
2696 3658 2858 3711 facite
2900 3659 2952 3711 iu
3001 3662 3105 3712 mei
3146 3676 3483 3724 memoriam,

1914 3745 2346 3815 quotiescunque
2390 3748 2795 3803 mandacabitis
2812 3764 3007 3819 panem
3034 3751 3175 3805 hunc
3191 3764 3242 3805 et
3268 3754 3486 3807 mistum

1924 3837 2069 3903 quod
2123 3838 2176 3890 in
2211 3837 2312 3891 hoc
2350 3838 2524 3893 calice
2561 3850 2643 3895 est
2673 3842 2891 3904 bibetis,
2930 3850 2983 3896 et
3034 3843 3137 3896 hoc
3180 3845 3484 3898 convivium

1917 3928 2283 3994 celebrabitis,
2325 3932 2518 3988 mortis
2564 3948 2694 3989 mea:
2725 3936 3293 3991 commemorationem
3317 3940 3487 4006 agetis

1917 4020 2088 4073 donec
2116 4021 2348 4074 veniam.

1992 4111 2251 4180 Populus.
2283 4113 2469 4167 Mortis
2504 4113 2880 4180 tuae,Domine,
2913 4116 3228 4169 memoriam
3255 4116 3481 4185 agimus.

1987 4202 2266 4257 Sacerdos.
2318 4204 2595 4275 Praecepto
2640 4208 2807 4276 igitur
2846 4206 3132 4261 Dominico
3183 4215 3276 4261 tuo
3322 4207 3485 4262 obse-

1923 4306 2175 4364 quentes,
2208 4300 2784 4354 commemorationem
2815 4301 3008 4353 mortis
3042 4309 3097 4354 et
3129 4299 3486 4353 resurrectio-

1914 4392 2000 4443 nis
2032 4399 2137 4443 tnze
2161 4405 2260 4459 per
2286 4392 2611 4445 sacrificium
2647 4394 2747 4446 hoc
2771 4403 3033 4461 perpetuo
3066 4391 3411 4447 celebrantes
3430 4393 3484 4445 in

237 4476 478 4532 Trinitas
506 4486 696 4531 sancta
729 4486 782 4531 et
814 4479 1069 4544 indivisa,
1106 4483 1809 4556 consubstantialis,:equa-
1842 4512 1885 4566 Β
1917 4482 2175 4551 mysterio
2201 4500 2214 4535 :
2239 4490 2620 4549 exspectamus
2648 4500 2863 4554 quoque
2895 4490 3185 4539 adventum
3216 4493 3362 4538 tuum
3399 4498 3485 4538 se-

238 4567 416 4634 lisqne
448 4568 673 4637 glorim:
707 4568 861 4634 cujus
899 4570 1274 4625 misericordia
1309 4587 1435 4642 erga
1472 4590 1643 4645 genus
1702 4592 1807 4631 no-

239 4671 413 4715 strum
439 4660 767 4715 effusissime
798 4671 903 4715 est.
929 4661 1007 4715 Tu
1034 4674 1254 4718 sanctus
1283 4680 1342 4720 es
1376 4677 1431 4721 et
1460 4669 1815 4725 sanctificans

236 4752 420 4806 omnia
456 4771 471 4808 :
528 4754 619 4821 qui
668 4769 775 4807 non
811 4754 1081 4824 reliquisti
1112 4756 1243 4809 illud
1291 4758 1471 4825 ipsum
1506 4774 1679 4829 genus
1711 4777 1812 4815 no-

238 4860 413 4902 strum
446 4849 499 4903 in
523 4848 713 4902 exsilio
735 4864 799 4903 ex
824 4851 1101 4918 paradiso,
1131 4866 1253 4905 cum
1284 4852 1489 4907 interea
1513 4856 1658 4908 omni
1686 4871 1811 4924 pec-

236 4940 347 4994 cati
373 4956 569 5008 genere
604 4954 751 4997 esset
783 4943 1131 5011 implicitum,
1169 4945 1263 4998 sed
1307 4945 1386 4998 illi
1428 4947 1809 5003 manifestatus

237 5044 299 5082 es
326 5044 422 5098 per
446 5030 670 5084 verbum
712 5034 857 5100 quod
903 5048 1088 5087 coram
1125 5037 1325 5090 mundo
1355 5046 1647 5103 egestatem
1679 5055 1807 5107 pas—

237 5137 357 5175 sum
405 5132 489 5176 est
531 5143 544 5178 :
588 5124 763 5192 ipsum
810 5140 941 5179 vero
994 5127 1187 5196 (genus
1237 5128 1555 5199 humanum)
1597 5133 1808 5199 accepit

237 5211 424 5278 (Deus)
476 5210 711 5267 Verbum
746 5253 760 5277 ,
832 5213 887 5266 in
945 5214 1198 5267 omnibus
1269 5214 1370 5282 ipsi
1434 5215 1803 5280 assimilatus,

238 5312 464 5372 excepto
497 5313 741 5371 peccato,
787 5313 846 5358 ut
893 5312 1260 5373 praeparatum
1300 5320 1422 5358 cum
1466 5304 1707 5361 efficeret
1736 5310 1804 5362 ad

236 5397 603 5463 sanctitatem,
631 5398 1064 5467 dispositumque
1096 5399 1165 5452 ad
1197 5398 1509 5454 convivium
1538 5401 1639 5455 hoc
1669 5401 1805 5455 vivi-

237 5488 416 5542 ticum.

310 5623 389 5691 (2)
424 5625 526 5679 Ista
564 5641 665 5679 vox
697 5627 882 5681 addita
929 5626 1112 5680 verbis
1144 5626 1345 5681 Christi
1380 5634 1487 5679 tam
1522 5626 1574 5681 in
1621 5625 1798 5679 forma

234 5696 408 5759 panis,
437 5710 595 5764 quam
636 5697 687 5747 in
732 5697 898 5749 altera
929 5699 1116 5750 calicis
1161 5696 1539 5759 consecrandi,
1586 5696 1797 5749 nullum

229 5764 287 5815 in
322 5767 541 5820 vetustis
565 5765 765 5821 Graecis
795 5765 1049 5837 Liturgiis
1076 5766 1381 5833 exemplum
1413 5767 1589 5830 habet,
1627 5775 1684 5820 ut
1709 5778 1796 5819 ne-

1919 4577 2180 4640 cundum,
2206 4578 2613 4633 renovationem
2664 4579 2882 4647 generis
2925 4578 3120 4641 nostri,
3146 4588 3203 4632 et
3238 4576 3487 4632 vivifica«

1919 4664 2124 4717 tionem
2177 4666 2535 4720 mortalitatis
2562 4677 2778 4719 nostrte.
2820 4666 2933 4719 Non
2967 4665 3109 4719 enim
3142 4666 3481 4734 simpliciter,

1914 4760 2008 4811 sed
2035 4773 2158 4811 cum
2192 4759 2364 4829 gloria
2399 4761 2509 4814 Deo
2542 4760 2722 4829 digna,
2750 4760 2804 4812 in
2837 4757 3045 4827 Spiritu
3084 4755 3343 4811 ineffabili
3377 4767 3484 4811 ter-

1916 4847 2148 4901 ribiliter
2175 4849 2453 4914 advenies,
2483 4860 2540 4903 et
2571 4864 2736 4914 super
2762 4849 3020 4901 thronum
3054 4845 3331 4900 excelsum
3369 4860 3485 4898 ma-

1908 4937 2125 5006 iestatis
2181 4949 2285 4995 tua:
2343 4943 2561 5006 sedens,
2609 4941 2943 5009 agnitionem
2998 4939 3162 5008 regite
3195 4939 3482 5007 potestatis

1913 5040 2019 5085 tua:
2038 5033 2108 5086 ab
2138 5032 2389 5087 omnibus
2419 5033 2646 5097 creatis,
2674 5040 2727 5085 et
2757 5030 2916 5086 factis
2942 5032 3163 5099 exiges;
3197 5031 3481 5085 ultionem-

1911 5136 2018 5189 que
2048 5123 2301 5192 imaginis
2329 5133 2457 5185 tuze,
2501 5125 2569 5177 ab
2621 5124 2688 5177 iis
2718 5122 2811 5190 qui
2858 5138 2957 5193 per
2992 5123 3160 5176 malas
3198 5124 3481 5190 passiones

1907 5226 2029 5266 eam
2080 5222 2466 5282 corruperunt,
2521 5213 2672 5281 juste
2720 5212 2913 5268 facies.
2951 5213 3297 5267 Sacrificium
3357 5213 3479 5275 huc,

1910 5306 2021 5361 illic
2051 5307 2411 5372 celebratum,
2463 5307 2558 5361 tibi
2606 5321 3117 5369 commemoramus,
3152 5304 3402 5368 Domine,
3428 5310 3481 5355 et

1906 5397 2191 5465 passiones
2230 5411 2365 5465 quas
2390 5412 2490 5465 pro
2523 5398 2681 5451 nobis
2713 5396 3018 5451 sustinuisti
3045 5396 3098 5448 in
3128 5408 3314 5449 cruce.
3341 5392 3477 5446 Pro-

1904 5489 2076 5557 pitius
2104 5500 2241 5555 csto,
2276 5504 2309 5545 o
2356 5491 2501 5545 bone
2550 5498 2605 5545 et
2659 5499 2873 5543 amator
2923 5488 3223 5550 hominum,
3256 5486 3307 5538 iu
3338 5486 3472 5539 hora

1904 5638 2026 5749 gaei
2048 5623 2534 5703 inAlexandrinis,
2564 5624 2659 5681 sed
2703 5630 2909 5680 tantum
2942 5622 2997 5680 in
3037 5636 3141 5677 una
3183 5628 3272 5675 aut
3304 5619 3471 5672 altera

1948 5709 2009 5749 vr
2032 5706 2163 5749 acts.

1944 5706 2163 5763 yriaCts.
