3892 6232
395 348 536 404 1127

1567 350 1622 406 S.
1661 347 1960 407 DIONYSII
1997 344 2464 406 AREOPAGITAS

3562 346 3706 405 “28

393 461 484 518 iiia
518 462 680 534 plena
717 464 955 533 timoris,
998 473 1053 522 et
1098 467 1507 537 trepidationis,
1560 470 1981 539 congregationi
2014 477 2060 529 Α
2088 478 2443 540 peccatorum
2488 474 2544 521 et
2592 465 2760 521 vitam
2818 472 3079 519 aeternam
3139 477 3202 518 ea
3254 459 3710 530 suscipientibus.

392 557 524 612 huic
584 559 935 616 adorantium
986 572 1057 628 te,
1116 573 1173 617 et
1225 563 1486 618 omnibus
1540 564 1669 619 filiis
1732 566 1993 622 Ecclesia:

392 661 602 706 sanctas
645 654 945 723 redempta:
987 656 1254 725 sanguine
1278 657 1521 725 pretioso
1552 666 1665 711 tuo.
1695 657 1990 727 Depellan-

392 756 485 799 tur
516 748 789 802 carbones
823 748 964 818 ignis
992 750 1061 803 ab
1113 749 1219 805 illis
1246 750 1340 820 qui
1380 752 1532 806 tincti
1561 762 1691 807 sunt
1718 755 1991 821 sanguine

391 850 508 902 tuo,
554 848 611 896 et
632 839 831 909 signati
873 838 1247 897 Sacramentis
1282 844 1387 898 tuis
1412 844 1513 915 (3),
1541 846 1594 899 in
1633 847 1856 902 nomine
1897 858 1990 903 tuo

389 943 604 1000 sancto,
635 934 787 989 velut
819 934 953 989 olim
980 934 1199 993 flamma
1226 938 1585 1010 Babylonica,
1619 955 1648 994 a
1683 942 1868 1010 pueris
1890 943 1991 999 do-

388 1040 511 1081 mus
538 1025 823 1081 Hananiae.
851 1025 1039 1095 Neque
1064 1028 1211 1083 enim
1242 1028 1378 1084 alios
1408 1038 1610 1099 praeter
1632 1040 1682 1087 te
1713 1032 1987 1099 novimus,

387 1118 555 1185 Deus,
591 1134 768 1189 neque
800 1121 856 1174 in
891 1120 1007 1175 alio
1052 1135 1205 1187 spem
1257 1122 1527 1177 habemus
1570 1124 1763 1180 salutis
1792 1140 1987 1181 conse-

386 1213 646 1285 quendae,
694 1214 739 1267 si
786 1215 1012 1283 quidem
1046 1214 1367 1278 auxiliator,
1406 1226 1460 1269 et
1495 1216 1737 1272 salvator
1762 1220 1985 1287 generis

385 1307 561 1360 nostri
602 1315 655 1360 tu
695 1320 775 1363 es.
813 1306 879 1361 Et
914 1316 1208 1376 eapropter
1229 1310 1448 1378 sapiens
1473 1308 1717 1364 Ecclesia
1747 1320 1863 1373 tua,
1888 1326 1985 1380 per

384 1413 480 1453 ora
510 1409 562 1454 et
593 1398 806 1468 linguas
857 1399 1105 1453 omnium
1147 1409 1397 1453 nostrum
1451 1401 1781 1471 deprecatur
1826 1412 1901 1469 te,
1928 1413 1985 1459 et

384 1507 484 1561 per
512 1503 583 1557 te,
614 1502 671 1547 et
699 1502 875 1547 tecum
914 1493 1133 1547 Patrem
1168 1502 1343 1551 tuum.
1382 1494 1611 1551 dicens:

457 1583 720 1653 Populus.
757 1585 1041 1642 Miserere.

454 1679 743 1734 Sacerdos.
780 1677 891 1732 Nos
927 1693 1171 1747 quoque.

456 1770 746 1825 Diaconus.
774 1770 947 1837 Quam
976 1771 1216 1825 timenda
1243 1779 1329 1826 est
1361 1770 1479 1827 haec
1509 1772 1667 1828 hora.

342 1882 646 1945 ,Sacerdos
703 1884 1001 1939 inclinatus
1054 1886 1186 1938 dicit
1240 1882 1553 1940 Orationem
1609 1884 1977 1944 lnoocationis

947 1953 1189 2022 Spiritus
1220 1957 1417 2009 sancti.

449 2041 529 2100 'i‘e
560 2046 779 2113 invoco,
811 2045 957 2099 Deus
986 2044 1187 2100 Pater:
1223 2045 1487 2102 miserere
1510 2049 1709 2115 nostri,
1739 2058 1795 2104 et
1821 2050 1980 2107 ablue

381 2152 481 2208 per
504 2140 742 2207 gratiam
770 2149 943 2203 tuam,
1001 2138 1408 2193 immunditiam
1456 2154 1685 2210 operum
1731 2158 1978 2199 meorum

383 2232 673 2298 malorum;
710 2230 853 2296 dele,
887 2245 984 2299 per
1015 2229 1455 2285 misericordiam
1498 2242 1675 2301 tuam,
1699 2250 1823 2305 quae
1852 2236 1979 2291 odio

380 2326 539 2393 digna
566 2323 841 2379 commisi.
886 2321 1107 2378 Etenim
1149 2336 1257 2378 non
1285 2325 1524 2379 extendo
1565 2326 1632 2379 ad
1669 2336 1721 2382 te
1760 2343 1884 2383 cum
1917 2332 1981 2383 fi-

378 2418 537 2471 ducia
573 2430 768 2470 manus
809 2429 987 2479 meas;
1027 2429 1204 2484 neque
1238 2417 1387 2470 enim
1436 2431 1657 2487 possum
1692 2419 1745 2474 in
1778 2421 1978 2478 coelum

377 2510 645 2579 aspicere.
701 2515 931 2577 propter
960 2507 1373 2563 multitudinem
1425 2510 1781 2578 iniquitatem
1830 2530 1978 2570 mea-

378 2617 521 2667 rum,
553 2610 609 2654 et
632 2599 959 2669 spurcitiam
988 2598 1304 2655 facinorum
1341 2616 1615 2657 meorum.
1653 2603 1763 2660 Sed
1797 2608 1851 2661 in
1877 2607 1974 2663 be-

377 2694 665 2765 nignitate,
719 2696 895 2761 gratia
971 2700 1028 2747 et
1082 2691 1506 2763 longanimitate
1562 2706 1678 2765 tua,
1734 2700 1975 2756 animum

377 2786 732 2851 confirmans,
760 2784 1029 2855 Spiritum
1058 2792 1212 2838 tuum
1239 2795 1489 2841 sanctum
1517 2798 1673 2857 peto,
1703 2801 1763 2845 ut
1788 2794 1977 2847 mittas

375 2896 501 2935 eum
539 2893 707 2948 super
739 2894 845 2944 me,
884 2888 940 2933 et
971 2892 1139 2947 super
1171 2878 1275 2933 has
1304 2878 1612 2936 oblationes
1639 2886 1972 2953 propositas,

376 2972 748 3043 pepulumque
785 2979 939 3025 tuum
966 2969 1200 3024 fidelent.

448 3064 728 3120 Sacerdos.
757 3062 966 3118 Exaudi
998 3077 1106 3131 me,
1139 3064 1393 3121 Domine.

2171 561 2431 630 Papulas.
2462 560 2662 613 Amen.

2172 651 2460 708 Sacerdos.
2508 647 2823 705 Secundum
2858 657 3041 702 autem
3072 647 3419 702 traditionem
3464 656 3521 704 et
3549 662 3707 704 com-

2096 743 2508 799 mendationem
2542 740 2783 797 divinam
2818 753 3035 802 eorum,
3076 738 3169 806 qui
3204 748 3543 807 spectatores
3575 739 3700 793 fue-

2097 846 2230 890 runt
2248 835 2640 907 mysteriorum
2665 842 2907 895 tuorum,
2924 841 2982 885 et
3009 830 3339 900 interpretes
3363 830 3700 886 mirabiliora

2098 939 2341 995 tuorum,
2392 924 2789 983 eucharistiam
2844 925 2985 979 hanc
3033 921 3318 978 oderimus
3374 938 3566 978 coram
3627 932 3680 978 te

2095 1024 2344 1085 Domine,
2364 1032 2419 1077 et
2434 1037 2531 1092 per
2545 1034 2665 1074 eam
2684 1031 3183 1073 commemoramus
3199 1016 3523 1073 cbaritatem
3540 1024 3698 1070 tuam

2089 1134 2221 1190 erga
2259 1130 2387 1180 nos,
2434 1115 2858 1180 universamque
2897 1109 3359 1178 dispensationem
3420 1107 3700 1178 unigeniti

2089 1212 2168 1267 tui
2202 1212 2255 1265 in
2284 1210 2385 1266 hoc
2413 1207 2639 1273 mundo,
2671 1213 2733 1261 ut
2760 1213 2815 1258 tu
2837 1204 3003 1258 etiam
3031 1201 3334 1257 recorderis
3376 1217 3476 1272 per
3525 1216 3685 1263 eam,

2088 1302 2487 1359 misericordia:
2525 1301 2629 1356 tibi
2668 1299 2975 1369 congenitze
3000 1307 3054 1350 et
3084 1296 3373 1360 naturalis,
3396 1311 3523 1365 qua:
3555 1296 3696 1350 hora

2096 1406 2424 1464 quacunque
2469 1409 2636 1465 super
2655 1405 2942 1447 creaturas
2967 1399 3092 1446 tuas
3124 1389 3481 1452 diffunditur,
3508 1396 3568 1443 et
3597 1403 3698 1443 nos

2092 1490 2295 1559 eripias
2318 1488 2388 1543 ab
2416 1487 2497 1543 ira
2528 1486 2733 1557 iniquis
2764 1493 3066 1549 reservata,
3094 1494 3151 1539 et
3174 1499 3206 1538 a
3238 1482 3517 1553 suppliciis
3556 1496 3695 1550 ope-

2089 1586 2335 1641 rantium
2366 1584 2699 1654 nequitiam,
2726 1589 2781 1635 et
2805 1596 2835 1634 a
2865 1579 3078 1635 crudeli
3114 1577 3523 1648 impngnatione
3583 1577 3697 1629 dae-

2082 1693 2332 1740 monum,
2367 1676 2459 1745 qui
2499 1680 2827 1745 oppugnant
2863 1672 3079 1725 animas
3121 1678 3361 1733 nostras,
3389 1682 3512 1723 cum
3559 1665 3697 1723 hinc

2081 1771 2356 1827 exibimus
2394 1789 2408 1826 :
2441 1782 2652 1839 nosque
2684 1768 2882 1839 dignos
2915 1764 3127 1820 efficias
3154 1777 3322 1832 regno
3361 1772 3475 1822 tuo.
3502 1771 3561 1814 et
3588 1762 3694 1814 ita-

2085 1863 2347 1919 bitaculis
2369 1876 2584 1926 eorum,
2620 1860 2715 1930 qui
2758 1865 3121 1914 servaverunt
3172 1864 3444 1925 praecepta
3477 1863 3599 1921 tua,
3635 1863 3693 1909 et

2083 1958 2390 2013 referemus
2418 1956 2515 2012 tibi
2550 1953 2784 2026 gloriam
2814 1961 2869 2009 et
2905 1952 3211 2014 gratiarum
3246 1951 3541 2017 actionem,
3579 1961 3691 2006 etc.

2160 2049 2417 2119 Papulas.
2449 2049 2645 2102 Amen.

2159 2142 2421 2197 Sacerdos
2448 2139 2765 2194 inclinatus.
2797 2136 2993 2193 Verbis
3027 2138 3135 2192 tuis
3168 2152 3273 2191 non
3304 2135 3689 2200 mendacibus,

2083 2234 2463 2304 doctrinisque
2487 2232 2857 2288 veracissimis
2874 2232 2981 2286 tuis
3002 2230 3211 2293 dixisti,
3233 2228 3481 2292 Domine,
3510 2230 3691 2283 maxi-

2082 2344 2230 2383 mum
2260 2342 2383 2383 esse
2409 2326 2667 2398 gaudium
2704 2325 2756 2379 in
2806 2323 2949 2379 ccelo
2995 2332 3052 2378 et
3098 2324 3153 2377 in
3187 2332 3331 2377 terra
3373 2337 3543 2391 super
3578 2338 3691 2376 uno

2080 2433 2371 2496 peccatore
2396 2422 2784 2493 paenitentiam
2816 2426 3030 2491 agente.
3062 2417 3278 2472 Laetare
3322 2416 3491 2486 igitur
3510 2428 3685 2471 nunc,

2082 2521 2330 2584 Domine,
2361 2519 2412 2573 in
2440 2516 2798 2573 conversione
2829 2526 3117 2569 servorum
3162 2520 3404 2571 tuorum,
3451 2509 3547 2578 qui
3586 2523 3683 2561 co-

2093 2629 2211 2669 ram
2237 2619 2293 2667 te
2326 2611 2419 2666 hic
2442 2609 2779 2673 consistunt;
2815 2603 3050 2675 adiunge
3074 2603 3243 2658 etiam
3256 2601 3685 2657 exsultationem

2082 2702 2150 2758 de
2198 2702 2383 2765 nobis,
2411 2700 2703 2755 animabus
2732 2698 2949 2767 piorum
2983 2705 3039 2751 et
3075 2694 3380 2765 iustorum,
3426 2691 3681 2752 Patrum.

2086 2796 2568 2859 Patriarcharum,
2594 2791 3021 2863 Prophetarum,
3043 2786 3446 2859 Apostolorum,
3469 2783 3677 2839 Praedi-

2078 2898 2353 2954 eatorum,
2378 2884 2881 2956 Evangelistarum,
2911 2880 3235 2951 Martyrum,
3258 2877 3677 2940 Confessorum,

2080 2981 2387 3036 zelatorum
2414 2977 2597 3036 cultus
2624 2977 2791 3032 divini
2818 3018 2833 3041 ,
2874 2976 3266 3037 beneficorum,
3296 2971 3683 3041 eleemosynas

2078 3072 2429 3136 facientium,
2481 3084 2676 3125 eorum
2737 3069 2831 3139 qui
2890 3066 3317 3124 necessitatibus
3372 3078 3677 3134 pauperum

443 3156 705 3229 Populus.
738 3156 905 3228 Kyrie
932 3158 1163 3225 eleison,
1190 3156 1359 3230 Kyrie
1386 3160 1614 3230 eleison,
1650 3161 1817 3234 Kyrie
1841 3165 1972 3221 elei-
2000 3185 2042 3244 ο
2078 3164 2517 3229 communicant,
2544 3171 2601 3218 et
2625 3164 2694 3218 ab
2720 3162 2997 3227 omnibus,
3028 3176 3133 3216 una
3164 3158 3403 3213 laudatio
3454 3157 3523 3210 sit
3581 3158 3682 3210 ho-

373 3266 471 3307 8011
480 3290 494 3304 .

441 3343 725 3400 Sacerdos.
759 3343 864 3399 Per
896 3344 1146 3414 illapsum
1173 3355 1381 3412 autem,
1406 3357 1463 3403 et
1486 3350 1969 3408 obumbratiouem

377 3456 536 3495 suam
566 3439 672 3509 (4),
704 3438 912 3494 efﬁciat
939 3454 1134 3509 panem
1162 3441 1383 3511 quidem
1416 3444 1578 3498 istum
1610 3445 1650 3515 -ι-
1672 3462 1871 3517 corpus
1897 3447 1972 3501 vi-

377 3549 505 3588 vum
540 3545 597 3588 et
625 3533 793 3586 vitam
830 3541 1099 3602 praestans
1132 3533 1424 3590 animabus
1447 3538 1669 3599 nostris.
1697 3538 1737 3609 -ι-
1768 3555 1971 3610 corpus

369 3624 632 3687 salutare,
665 3630 705 3693 1-
728 3638 929 3694 corpus
958 3626 1191 3678 cceleste
1228 3640 1242 3677 :
1278 3638 1478 3694 corpus
1512 3626 1732 3682 salvans
1757 3630 1971 3685 animas

368 3728 428 3773 et
451 3731 684 3786 corpora
731 3725 940 3779 nostra,
974 3730 1177 3784 corpus
1204 3715 1421 3771 Domini
1448 3718 1543 3772 Dei
1574 3729 1629 3773 et
1661 3719 1969 3778 Salvatoris

372 3810 542 3865 nostri
566 3808 695 3865 Jesu
725 3808 958 3872 Christi,
992 3808 1059 3862 ad
1094 3808 1475 3863 remissionem
1509 3823 1886 3880 peccatorum,
1912 3823 1967 3870 et

368 3907 537 3962 vitam
570 3915 853 3968 aeternam,
892 3903 1022 3958 illud
1047 3904 1495 3975 suscipientibus.

441 3998 707 4067 Populus.
739 3998 935 4053 Amen.

433 4091 720 4149 Sacerdos.
762 4089 830 4143 Et
863 4090 1084 4144 mistum
1125 4104 1249 4143 cmn
1302 4091 1356 4147 in
1393 4092 1499 4149 hoc
1529 4094 1704 4151 calice
1731 4106 1817 4153 est
1841 4097 1966 4154 effi-

367 4189 480 4245 eiat
508 4189 549 4259 -ι-
575 4186 903 4255 sanguinem
950 4185 1139 4239 vivum
1169 4197 1225 4242 et
1260 4190 1428 4243 vitam
1462 4200 1729 4259 praestans
1757 4193 1967 4249 anima-

367 4282 472 4337 bus
516 4288 771 4337 nostrum
807 4282 1078 4346 omnium,
1109 4284 1149 4352 -ι-
1175 4284 1499 4353 sanguinem
1552 4282 1873 4349 salutarem,
1924 4285 1966 4357 -ι-

366 4374 688 4445 sanguinem
720 4373 1027 4439 cmlestem,
1056 4376 1378 4444 sanguinem
1408 4374 1716 4431 salvantem
1747 4379 1964 4434 animas

366 4478 586 4522 nostras
646 4474 703 4521 et
762 4480 1030 4535 corpora,
1088 4467 1406 4537 sanguinem
1478 4466 1698 4523 Domini
1762 4468 1856 4525 Dei
1908 4480 1965 4524 et

2076 3260 2165 3314 die
2196 3274 2385 3314 coram
2418 3267 2497 3324 te,
2530 3257 2601 3312 ad
2630 3255 2807 3310 altare
2835 3255 2937 3309 hoc
2968 3261 3220 3308 sanctum
3267 3260 3322 3306 et
3359 3250 3413 3304 in
3445 3247 3677 3304 Jerusa-

2076 3349 2182 3404 lem
2211 3347 2447 3404 ccelesti.

2145 3442 2379 3497 Elevans
2410 3457 2612 3497 vacem.
2648 3437 2717 3495 Et
2741 3448 2969 3510 propter
3018 3439 3133 3494 lucc
3170 3447 3336 3509 atque
3382 3434 3490 3491 alia
3524 3435 3676 3506 ejus-

2074 3537 2219 3592 modi
2254 3536 2572 3592 stabiliatur
2618 3532 2866 3589 Ecclesia
2901 3542 2991 3587 tua
3025 3541 3220 3587 sancta
3244 3571 3260 3598 ,
3292 3544 3413 3599 qua:
3442 3537 3529 3584 est
3550 3543 3581 3581 a
3607 3526 3676 3581 il-

2075 3628 2240 3683 uibus
2275 3642 2446 3698 usque
2471 3626 2539 3682 ad
2577 3626 2713 3680 fines
2732 3634 2913 3689 terras,
2946 3632 3412 3692 conserveturque
3435 3621 3489 3674 in
3512 3630 3675 3675 tran-

2073 3721 2353 3792 quillitate
2418 3728 2473 3776 et
2524 3732 2696 3788 pace,
2769 3717 3143 3786 doctrinisque
3195 3715 3573 3785 evangelicis.
3618 3725 3675 3770 et

2072 3814 2387 3884 apostolicis
2415 3852 2431 3878 ,
2461 3826 2559 3883 per
2582 3810 2865 3866 antistites
2890 3808 3106 3866 divinos
3138 3818 3287 3864 recte
3338 3808 3675 3878 dispensan-

2073 3916 2157 3963 tes
2213 3907 2441 3964 verbum
2502 3903 2775 3967 veritatis,
2834 3911 2891 3959 et
2932 3903 3273 3958 instruentes
3318 3899 3675 3970 dogmatibus

2072 4011 2217 4052 verae
2269 3994 2548 4066 religionis
2576 4010 2591 4047 :
2621 4007 2721 4065 per
2752 3992 3066 4048 sacerdotes
3116 4001 3361 4056 sanctos,
3391 3989 3492 4059 qui
3547 4005 3674 4044 am-

2076 4090 2394 4161 plectuntur
2422 4086 2655 4141 verbum
2701 4086 2849 4148 vitae,
2886 4095 2946 4140 et
2975 4084 3245 4155 praeclare
3273 4098 3333 4140 se
3375 4094 3584 4154 gerunt
3614 4084 3672 4138 in

2071 4181 2455 4253 dispensandis
2509 4179 2789 4251 mysteriis
2836 4178 2945 4233 tuis
2992 4178 3317 4234 ctelestibus
3348 4195 3361 4231 :
3398 4193 3502 4249 per
3538 4178 3671 4232 dia-

2070 4291 2237 4334 conos
2259 4276 2561 4341 modestns,
2584 4271 2940 4344 perficientes
2969 4272 3337 4327 ministerium
3370 4286 3577 4342 purum
3612 4282 3672 4327 et

2070 4377 2250 4445 regale
2275 4375 2482 4443 absque
2506 4370 2721 4427 macula
2751 4387 2766 4425 :
2800 4384 2899 4440 per
2922 4367 3110 4423 fideles
3145 4380 3331 4431 veros,
3360 4365 3458 4437 qui
3496 4380 3671 4421 occa.

2071 4480 2267 4541 pantur
2296 4468 2553 4537 Operibus
2585 4476 2641 4520 et
2682 4464 2896 4520 actibus
2947 4460 3265 4518 Christiano
3304 4459 3524 4529 dignis;
3567 4475 3670 4529 per

369 4558 675 4614 Salvatoris
727 4560 901 4614 nostri
956 4555 1083 4613 Jesu
1147 4558 1389 4627 CitriSti,
1456 4562 1524 4615 ad
1579 4561 1957 4617 remissionem
1994 4536 2039 4592 θ
2070 4536 2303 4618 choreas
2332 4536 2605 4629 virginum
2633 4558 2923 4626 utriusque
2962 4567 3150 4618 sexus,
3175 4550 3666 4608 mortificationem

439 4697 517 4769 (3)
562 4695 675 4751 Ora
723 4695 960 4769 fidelium
1002 4710 1100 4769 per
1147 4696 1496 4769 eucharistize
1553 4696 1955 4769 susceptionem

371 4765 503 4837 tingi
536 4769 799 4833 sanguine
832 4765 1065 4837 gliristi,
1103 4775 1160 4820 ut
1189 4775 1375 4834 postes
1399 4768 1689 4821 domorum
1722 4765 1949 4837 Israeli-

377 4835 477 4891 tici'
501 4836 682 4908 populi
717 4837 772 4890 in
804 4835 1042 4907 Aﬁgypto
1072 4839 1272 4908 tinctos
1297 4837 1581 4908 sanguine
1634 4840 1761 4908 agni
1851 4836 1953 4892 Pa-

362 4905 1020 4978 sclialis.eommttnis'est
1061 4905 1434 4962 Orientalium
1468 4905 1737 4971 doctrina,
1787 4924 1951 4978 quam

367 4978 489 5030 inse
513 4976 743 5048 explicat
774 4975 1008 5048 Severus
1026 4978 1315 5046 episcopus
1338 4978 1696 5043 Aschmouin,
1714 4980 1767 5033 in
1789 4975 1950 5048 opere

369 5050 434 5099 de
460 5048 614 5126 agno
649 5044 896 5126 Pascliali
949 5057 1003 5099 et
1046 5044 1438 5126 Eucli:iristia_.__
1464 5049 1610 5102 Idem
1650 5044 1854 5119 legitur
1894 5052 1949 5104 in

366 5117 537 5170 variis
584 5115 948 5190 orationibus,
1009 5120 1313 5190 praesertim
1364 5119 1473 5174 illis
1517 5134 1638 5190 qua:
1690 5115 1951 5174 dicuntur

367 5196 490 5258 post
540 5186 1007 5258 communionem,
1051 5190 1114 5239 ad
1148 5189 1451 5256 gratiarum
1500 5186 1795 5245 actionem.
1857 5191 1947 5245 Si-

367 5257 519 5329 gnati
571 5257 936 5312 sacramentis
968 5258 1228 5332 dicun_tu_r
1264 5260 1561 5332 Christiani
1610 5277 1709 5332 per
1763 5262 1945 5330 bapti-

367 5323 567 5392 summ,
602 5342 699 5399 per
719 5342 912 5398 myron
945 5342 1038 5399 seu
1069 5323 1405 5399 chrismatis
1432 5323 1947 5399 impressionem,“

368 5416 463 5470 per
499 5394 915 5453 eucharistiam.
945 5396 1021 5453 Ea
1068 5394 1344 5455 locutione
1380 5394 1524 5456 uihii'
1553 5404 1609 5456 in
1644 5402 1766 5458 istis
1821 5401 1947 5457 offi-

369 5471 471 5524 ciis
494 5470 857 5539 frequentius.

440 5540 517 5615 (εξ)
548 5538 626 5615 De
653 5540 874 5615 vocibus
904 5554 1038 5615 quae
1086 5538 1138 5594 in
1181 5541 1283 5615 hac
1321 5543 1572 5615 oratione
1617 5554 1952 5615 usurpantur

370 5613 438 5666 ab
469 5610 858 5673 Orientalibus,
884 5610 1091 5663 dictum
1122 5620 1205 5665 est
1234 5610 1409 5666 fusius
1439 5616 1489 5668 in
1524 5617 1670 5670 notis
1692 5610 1765 5669 ad
1803 5617 1949 5669 hunc

368 5682 548 5736 locum
591 5680 850 5749 Liturgise
896 5681 1085 5735 Basilii
1129 5682 1368 5752 Ceptica:
1423 5686 1522 5757 (a).
1578 5686 1953 5757 Ἑπιφοίτησιν

431 5820 505 5943 tu;
537 5820 661 5868 Vide
684 5819 735 5868 S.
760 5820 934 5886 _Basiiii
955 5819 1119 5881 Opera
1144 5824 1380 5875 editionis
1407 5830 1592 5873 nostrae
1640 5822 1778 5873 Eutr.
1807 5823 1945 5874 Pun
1962 5860 1977 5874 .

457 5879 483 5927 ὁ
530 5878 669 5928 Hom.
702 5880 800 5929 2m
823 5881 1065 5934 Hexaem.

457 5878 504 5934 b)
530 5878 669 5928 Hom.
702 5880 732 5927 2
754 5878 800 5929 in
823 5878 1065 5934 Hexaein.

2064 4714 2169 4770 qua
2209 4713 2342 4753 voce
2370 4697 2545 4752 Graeci
2591 4694 2935 4770 potissimum
2973 4691 3052 4747 uti
3096 4697 3302 4770 solent,
3335 4691 3666 4770 exprimunt

2065 4762 2186 4843 Syri
2230 4784 2327 4835 per
2352 4782 2475 4843 eam
2502 4762 2673 4843 quam
2697 4765 2950 4843 illapsum
2990 4762 3311 4843 vertimus;
3331 4776 3454 4843 .qua
3489 4764 3665 4843 etiam

2070 4831 2318 4903 uiuntnr,
2356 4839 2486 4893 dum
2520 4831 2823 4892 mirabilem
2870 4835 3165 4890 adventum
3197 4831 3445 4902 Spiritus
3482 4836 3666 4888 sancti

2063 4909 2502 4981 supervenientis
2549 4909 2607 4964 in
2654 4906 2713 4961 Β.
2770 4904 3197 4981 _Yirginem,'_in
3256 4904 3665 4981 lnearnationis

2061 4970 2348 5052 my'sterio,
2384 4981 2721 5052 exprimunt.
2754 4970 2943 5052 Altera
2969 4990 3076 5031 vox
3096 4970 3388 5052 Hebraicae
3420 4974 3667 5052 originis

2060 5043 2166 5114 es't,
2227 5043 2542 5121 legiturque
2595 5049 2754 5104 initio
2802 5046 3079 5103 Geneseos
3118 5059 3184 5099 eo
3215 5043 3337 5121 loco
3368 5062 3383 5098 :
3418 5044 3666 5121 Spiritus

2062 5113 2584 5190 Domini'fereb'atur
2607 5135 2765 5188 super
2794 5134 2982 5189 aquas,
3015 5127 3271 5190 tanquam
3302 5113 3582 5169 incubans
3608 5125 3665 5190 et

2060 5193 2274 5265 fovens,
2298 5188 2710 5265 genitalemque
2740 5191 2848 5244 vim
2882 5188 3409 5265 immittenSEquam
3428 5188 3662 5265 exposi-

2060 5256 2265 5318 tionem
2298 5256 2367 5317 ξι)
2398 5256 2670 5329 Ephrenio
2699 5268 2975 5330 acceptam
3004 5256 3252 5330 laudavit
3274 5264 3330 5330 et
3363 5256 3661 5330 amplexus

2056 5342 2141 5405 est
2168 5332 2409 5388 Basilius
2440 5325 2541 5405 (ὁ).
2578 5333 2674 5405 His
2707 5325 2874 5405 igitur
2902 5328 3085 5383 verbis
3115 5326 3432 5405 significant
3458 5325 3661 5382 Orien-

2062 5404 2199 5459 Iales
2228 5397 3010 5459 virtutet'n'cmlitus'missam.
3054 5414 3177 5462 quas
3226 5398 3280 5450 in
3324 5397 3470 5453 dona
3522 5412 3657 5460 pra-

2058 5478 2237 5543 posita
2280 5475 2608 5530 mirabiliter
2640 5483 2925 5542 operetur,
2960 5479 3021 5524 ut
3051 5471 3108 5523 in
3142 5467 3445 5523 creationis
3486 5467 3653 5521 initio

2059 5557 2113 5599 et
2145 5545 2525 5602 lnearnatioue
2554 5544 2757 5599 factum
2789 5550 2873 5598 est
2898 5562 2910 5596 :
2941 5555 3065 5595 nam
3094 5550 3332 5607 utraque
3356 5552 3654 5608 compara-

2064 5617 2230 5680 tione,
2265 5616 2591 5671 miraculum
2617 5614 2864 5684 quotidie
2901 5613 2954 5667 in
2980 5610 3339 5684 reucharistia
3371 5608 3491 5665 fieri
3527 5608 3657 5662 soli-

2066 5698 2181 5741 tum
2204 5688 2495 5757 explicant.
2532 5696 2587 5742 et
2613 5683 2807 5742 iisdem
2840 5683 3023 5740 verbis
3055 5692 3298 5738 utuntur.
