3892 6232
210 358 353 415 1129

1660 350 2034 410 l.l’l‘URGlA..

3325 349 3463 411 H30

206 482 482 534 vit-ilicam
539 477 799 547 unigeniti
830 474 951 530 Filii
985 474 1064 531 tui
1124 476 1177 530 in
1213 474 1473 530 membris
1512 474 1627 528 suis
1675 473 1785 528 cir-
1815 477 1863 533 Α
1965 470 2195 525 Eleoam
2229 486 2423 525 vocem.
2457 470 2523 525 Et
2564 472 2783 541 quando
2805 472 3023 542 quidem
3073 478 3230 540 potes
3258 475 3461 533 omnia,

206 573 600 631 cumlerentes.
648 574 828 643 Atque
873 572 1004 626 hinc
1066 586 1177 625 uno
1228 569 1449 640 agmine
1502 567 1790 621 mittamur

203 681 405 722 omnes
449 666 518 721 ad
548 663 854 721 Ecclesiam
894 663 1049 718 illam
1092 662 1422 723 Jerusalem,
1455 658 1791 730 primogenio

205 767 388 815 torum
412 760 818 828 descriptorum
852 759 908 813 in
936 757 1120 821 caelis,
1150 764 1317 823 atque
1348 754 1461 808 illic
1489 750 1791 822 spirituali—

208 861 297 905 ter
326 850 704 921 gloriﬁcemus
739 860 811 916 te,
848 851 995 906 Deus
1020 848 1205 911 Pater,
1232 856 1287 901 et
1320 845 1657 918 unigenitum
1695 838 1791 899 Fi-

205 940 343 996 lium
378 954 553 1009 tuum,
577 953 632 999 et
659 944 922 1015 Spiritum
942 951 1091 998 tuum
1115 949 1388 998 sanctum.

280 1034 543 1107 Populus.
570 1037 766 1092 Amen.

282 1124 543 1182 Sacerdos
577 1128 889 1182 inclinatus.
921 1125 1131 1196 Adjuva
1172 1134 1381 1192 autem,
1417 1124 1672 1191 Domine,
1695 1138 1793 1181 eos

201 1233 405 1275 omnes
432 1221 523 1289 qui
558 1218 827 1288 adjuvant
860 1220 1160 1276 Ecclesium
1193 1230 1339 1272 tuam
1387 1226 1660 1282 sanctam,
1692 1223 1790 1272 Vo-

204 1313 303 1375 tis,
370 1313 633 1377 decimis,
699 1313 1007 1368 ministerio
1054 1319 1107 1366 et
1157 1309 1581 1365 oblationibus:
1631 1318 1794 1379 atque

206 1405 335 1460 illos
369 1407 533 1459 etiam
568 1405 665 1475 qni
713 1404 996 1474 postulant
1032 1403 1313 1457 orationes
1360 1401 1641 1457 tenuitatis
1697 1415 1794 1454 no-

207 1509 361 1562 Strae,
391 1499 457 1552 da
487 1498 592 1552 illis
616 1497 775 1552 linem
808 1496 1235 1567 postulationum
1271 1499 1534 1565 ipsorum,
1562 1492 1793 1547 Domine

207 1598 425 1644 amator
458 1590 761 1644 hominum.

286 1675 554 1732 Sacerdos
582 1676 792 1731 elevans
821 1687 1017 1732 vocem.
1049 1677 1205 1734 Mitte
1233 1687 1415 1732 autem
1454 1690 1639 1731 curam
1670 1684 1788 1744 per-

212 1770 440 1834 fectam,
459 1771 797 1840 salutemque
822 1772 1061 1847 plenam,
1086 1771 1337 1826 omnibus
1358 1771 1463 1825 illis
1486 1770 1577 1839 qui
1600 1780 1790 1823 curam

213 1871 411 1932 gerunt
448 1877 778 1932 pauperum,
804 1864 895 1930 qui
932 1865 1195 1917 alimenta
1234 1864 1479 1934 praebent
1528 1861 1792 1931 orphanis

212 1967 271 2010 et
302 1957 502 2019 viduis,
533 1958 869 2027 visitantque
892 1957 1138 2012 inﬁrmos
1164 1966 1220 2011 et
1247 1956 1501 2012 alilietos.
1530 1955 1794 2011 Retribue

211 2046 343 2110 illis,
375 2047 464 2102 hic
503 2047 725 2116 quidem
778 2049 1165 2103 abundantiam
1215 2059 1272 2104 et
1311 2050 1487 2113 bona,
1522 2047 1634 2103 illic
1662 2061 1795 2102 vero

209 2138 437 2194 delicias
463 2140 930 2208 incorruptibiles,
957 2143 1085 2211 quia
1115 2152 1168 2196 tu
1196 2142 1458 2197 Dominus
1493 2156 1554 2196 es
1585 2141 1794 2195 utrius-

208 2240 322 2300 ‘que
343 2230 551 2296 saeculi,
583 2240 638 2286 et
667 2230 896 2302 largitor
924 2233 1205 2286 immensae
1241 2232 1528 2296 mercedis,
1582 2231 1794 2299 tibique

207 2317 468 2371 convenit
491 2318 869 2385 beneﬁcentia,
902 2328 1010 2373 tam
1047 2320 1136 2376 hic
1165 2335 1329 2389 quam
1366 2319 1500 2388 illic,
1529 2329 1586 2374 et
1610 2321 1796 2390 unige-

212 2409 330 2469 nito
362 2409 499 2463 Filio
534 2420 652 2465 tuo.

287 2496 543 2569 Populus.
575 2502 770 2556 Amen.

282 2588 546 2647 Sacerdos
589 2593 906 2649 inclinatus.
960 2593 1100 2650 iram
1154 2590 1342 2666 regum
1393 2599 1726 2667 comprime,
1761 2614 1797 2654 ο

209 2682 329 2739 Rex
372 2700 600 2756 regum,
639 2686 878 2741 furorem
924 2689 1155 2744 militum
1204 2704 1521 2758 compesce;
1568 2691 1709 2746 bella
1740 2700 1796 2747 et

209 2778 512 2835 seditiones
562 2780 739 2845 aufer,
794 2780 998 2836 fastum
1049 2782 1437 2839 haereticorum
1484 2784 1684 2855 dejice,
1741 2793 1797 2838 et

210 2873 513 2927 sententias
554 2872 822 2941 ajustitia
875 2884 966 2929 tua
1004 2885 1201 2930 contra
1245 2890 1346 2931 nos
1378 2878 1791 2946 pronuntiatas,

211 2972 434 3035 superet
463 2980 618 3019 amor
648 2979 779 3035 erga
821 2968 1070 3023 homines
1115 2981 1258 3033 tuus,
1305 2980 1361 3025 et
1404 2979 1692 3027 convertat
1724 2972 1785 3029 in

211 3057 693 3112 mansuetudinem
728 3060 1085 3131 benignitatis
1108 3070 1232 3117 tuac.

1895 564 2132 619 canibus
2163 561 2380 616 illorum
2409 562 2759 628 dilectorum,
2798 572 2855 618 et
2883 562 3312 618 domesticorum
3350 573 3471 618 tuo-

1896 671 2018 710 rum
2057 652 2292 721 adjunge
2323 650 2700 705 inﬁrmitatem
2742 659 3008 713 nostram,
3048 648 3274 704 Domine
3299 665 3315 702 :
3339 664 3472 704 con-

1893 745 2195 818 gregationi
2234 745 2310 799 illi
2340 745 2534 809 beatae,
2566 743 2711 813 parti
2743 742 2873 797 huic
2903 741 3125 805 dirinae,
3147 750 3210 797 ut
3239 755 3341 812 per
3373 756 3472 794 eos

1896 838 2269 909 suscipiantur
2294 836 2603 892 oblationes
2630 843 2687 889 et
2733 834 3018 889 orationes
3056 842 3263 889 nostrae
3285 846 3472 888 coram

1898 932 2095 986 throno
2121 928 2340 984 excelso
2370 925 2675 994 majestatis
2707 932 2833 989 tute,
2863 938 2929 979 eo
2956 925 3105 995 quod
3134 924 3383 981 imbelles
3418 930 3474 979 et

1896 1021 2101 1076 inﬁrmi
2152 1034 2363 1084 sumus,
2395 1018 2813 1088 indigentesque
2858 1016 3051 1072 ﬁducia
3096 1018 3243 1087 apud
3270 1025 3345 1074 te.
3378 1010 3478 1071 Ni-

1896 1111 2095 1167 mirum
2152 1118 2433 1180 peceatum
2480 1117 2729 1162 nostrum
2763 1115 2818 1162 et
2838 1106 3054 1175 justitia
3106 1116 3296 1163 nostra
3337 1109 3475 1166 nihil

1897 1211 2048 1268 sunt,
2079 1201 2149 1257 ad
2181 1199 2412 1270 pelagus
2439 1197 2669 1255 effusum
2702 1206 2758 1253 et
2792 1200 3117 1255 immensum
3158 1199 3477 1255 misericor-

1894 1294 2003 1349 dia:
2034 1303 2160 1349 tuae.
2188 1291 2247 1347 In
2279 1294 2448 1348 corda
2505 1292 2679 1363 igitur
2730 1290 3070 1362 singuIOrum
3114 1291 3476 1361 perspiciens,

1895 1386 2289 1441 retributiones
2321 1387 2497 1441 bonas
2530 1386 2858 1455 petitionum
2905 1398 3128 1440 suarum
3177 1385 3478 1453 unicuique

1896 1478 2073 1545 mitte,
2104 1486 2164 1531 ut
2194 1478 2246 1532 in
2272 1478 2531 1533 omnibus
2556 1487 2612 1531 et
2642 1477 2695 1531 in
2728 1476 2958 1547 singulis
2992 1477 3255 1533 adoretur
3281 1485 3339 1532 et
3360 1476 3479 1531 Ian.

1897 1570 2059 1625 detur
2085 1571 2345 1641 majestas
2371 1579 2462 1625 tua
2490 1579 2544 1626 et
2571 1570 2841 1642 unigeniti
2871 1559 2997 1627 Filii
3033 1570 3131 1626 tui.

1971 1661 2232 1732 Populus.
2268 1663 2460 1718 Amen.

1968 1753 2235 1810 Sacerdos
2288 1755 2600 1811 inclinatus.
2634 1752 2926 1821 Memento,
2957 1754 3206 1823 Domine,
3234 1756 3479 1813 omnium

1893 1844 2277 1914 episcoporum
2301 1884 2317 1909 ,
2348 1845 2636 1899 doctorum
2681 1854 2734 1898 et
2772 1844 3063 1913 prmsulum
3093 1845 3353 1900 Ecclesiae
3373 1855 3479 1899 tua:

1894 1942 2100 1988 sanctae
2124 1948 2316 1990 eorum
2342 1933 2433 2003 qui
2475 1948 2505 1988 a
2540 1932 2743 1990 Iacobo
2783 1932 2863 2006 (5)
2902 1935 3186 2005 apostolo,
3221 1936 3477 2005 episcopo

1894 2035 1951 2081 et
1993 2036 2236 2096 martyre
2275 2040 2451 2096 usque
2477 2027 2546 2082 ad
2587 2026 2916 2083 hodiernum
2950 2028 3114 2094 diem,
3148 2027 3481 2100 placuerunt

1894 2122 1952 2174 et
1978 2117 2194 2188 placent
2220 2118 2341 2175 tibi.

1971 2211 2197 2268 Elevans
2214 2226 2409 2268 vocem.
2428 2209 2613 2269 Insere
2634 2212 2815 2282 nobis,
2831 2213 3083 2279 Demine,
3101 2208 3260 2269 fidem
3284 2226 3474 2268 eorum

1893 2318 2109 2370 veram,
2136 2315 2190 2360 et
2212 2305 2387 2361 zelum
2415 2320 2607 2361 eorum
2632 2320 2732 2376 pro
2758 2321 2886 2362 vera
2921 2306 3204 2377 religione,
3234 2306 3477 2361 Charita-

1898 2406 2006 2455 tem
2040 2410 2231 2452 eorum
2260 2397 2535 2452 sinceram
2558 2438 2575 2461 ,
2606 2402 2662 2452 et
2704 2396 2837 2454 nulli
2881 2397 3117 2452 defectui
3159 2396 3473 2464 obnoxiam,

1897 2501 2079 2543 mores
2110 2501 2301 2543 eorum
2342 2488 2706 2560 inculpabiles
2740 2509 2755 2545 :
2786 2497 2846 2546 ut
2873 2489 3124 2563 vestigiis
3154 2506 3342 2549 eorum
3392 2490 3477 2545 in-

1896 2579 2188 2644 haerentes,
2230 2578 2529 2651 participes
2564 2582 2835 2637 mercedis
2860 2596 3051 2638 eorum
3084 2584 3278 2649 simus,
3310 2590 3365 2639 et
3386 2598 3478 2639 co-

1900 2688 2159 2729 ronarum
2199 2673 2457 2737 victoriae,
2494 2686 2615 2743 quae
2662 2674 2769 2731 illis
2806 2686 3008 2745 paratae
3035 2686 3164 2733 sunt
3208 2678 3263 2732 in
3309 2690 3477 2747 regno

1900 2778 1993 2824 tuo
2015 2767 2228 2823 calcati
2265 2784 2280 2823 :
2319 2768 2536 2837 illicque
2573 2767 2739 2825 simul
2775 2784 2901 2825 cum
2956 2768 3065 2825 illis
3086 2783 3351 2829 canamus
3381 2771 3476 2825 tibi

1898 2858 2125 2929 gloriam
2161 2860 2583 2929 indesinentem,
2609 2871 2671 2931 et
2699 2861 2980 2933 unigenito
3008 2860 3148 2919 Filio
3178 2870 3291 2918 tuo.

1965 2951 2224 3023 Populus.
2252 2954 2450 3009 Amen.

1924 3102 1929 3107 η
1971 3066 2235 3123 Sacerdos
2279 3068 2589 3124 inclinatus.
2633 3067 2931 3133 Memento,
2958 3066 3208 3131 Domine,
3231 3068 3475 3124 omnium

282 3150 519 3206 Elevans
544 3169 744 3206 vacem.
774 3153 1250 3224 Tranquillitatem
1290 3167 1345 3211 et
1387 3172 1576 3225 pacem
1621 3174 1742 3229 quae
1768 3173 1798 3212 a
1825 3172 1869 3231 ο
1902 3159 2284 3215 defunctorum
2318 3161 2413 3232 qui
2443 3161 2971 3217 decubueruutcum
3004 3173 3103 3230 spe
3128 3168 3239 3227 tua,
3276 3158 3332 3212 in
3369 3159 3478 3215 ﬁde

212 3252 266 3299 te
288 3253 395 3310 est,
412 3246 654 3301 concede
679 3256 840 3301 terrae
865 3256 919 3301 et
945 3247 1197 3303 omnibus
1224 3248 1620 3304 habitatoribus
1644 3249 1786 3320 ejus,

212 3336 375 3392 visita
409 3351 531 3393 eam
557 3353 653 3409 per
694 3338 964 3396 beneﬁcia
998 3349 1113 3404 tua,
1155 3351 1211 3396 et
1248 3355 1438 3395 curam
1480 3344 1793 3398 misericor-

212 3428 314 3485 diae
342 3437 468 3495 tuae,
500 3445 598 3499 per
625 3430 827 3486 bonam
858 3442 913 3486 et
941 3442 1303 3502 temperatam
1341 3433 1486 3488 aeris
1530 3435 1794 3488 constitu-

213 3522 437 3587 tionem,
473 3522 747 3578 fructuum
780 3526 1106 3594 ubertatem,
1139 3526 1464 3595 frugumque
1514 3524 1793 3581 abundan-

211 3615 370 3677 tiam,
425 3616 857 3687 varietatemque
934 3616 1148 3675 liorum.
1214 3616 1491 3672 Prmserva
1541 3632 1663 3671 eam
1722 3619 1791 3673 ab

210 3706 467 3762 omnibus
497 3706 671 3778 plagis
701 3706 928 3773 furoris,
952 3721 1008 3763 et
1036 3708 1103 3763 ab
1130 3707 1421 3762 insultibus
1461 3707 1664 3777 iniquis
1697 3707 1792 3762 iui;

212 3802 505 3866 micorum,
542 3806 651 3852 tam
701 3799 1070 3869 spiritualium
1118 3813 1279 3868 quam
1334 3797 1702 3863 sensibilium,
1735 3806 1793 3852 ut

211 3890 420 3960 absque
476 3892 582 3945 ulla
633 3892 951 3962 passionum
997 3907 1159 3955 noxa,
1221 3900 1515 3960 perpetuos
1558 3890 1791 3961 hymnos

212 3968 402 4057 gloria:
429 3997 691 4039 canamus
727 3983 846 4047 tibi,
871 3993 927 4036 et
957 3982 1239 4052 unigenito
1274 3981 1415 4037 Filio
1441 3993 1551 4037 tuo.

284 4076 545 4148 Populus.
575 4078 770 4132 Amen.

242 4240 249 4245 _
287 4170 549 4227 Sacerdos
599 4171 909 4225 inclinatus.
954 4171 1037 4224 Ad
1082 4169 1258 4224 altare
1291 4169 1415 4233 hoc,
1448 4178 1503 4223 et
1554 4168 1622 4223 ad
1659 4168 1790 4224 illud

210 4268 356 4323 cmlo
378 4264 689 4330 sublimius,
714 4264 980 4319 memoria
1010 4263 1152 4319 bona
1186 4266 1261 4319 sit
1287 4264 1396 4318 illis
1421 4262 1677 4318 omnibus
1697 4263 1789 4332 qui

210 4374 281 4413 ex
318 4358 519 4411 IllllndO
552 4357 648 4412 tibi
677 4356 1025 4426 placuerunt.
1071 4355 1355 4425 Prtecipue
1406 4368 1537 4411 vero
1588 4364 1792 4410 sanctae

210 4449 510 4505 Genitricis
550 4448 682 4512 Dei,
715 4447 947 4503 Joannis
994 4448 1205 4515 nuntii,
1238 4445 1500 4518 Baptistae
1546 4454 1603 4501 et
1650 4460 1789 4517 pra:-

1893 3271 2020 3311 vera
2055 3275 2067 3310 :
2097 3256 2399 3326 pnesertim
2427 3268 2559 3310 vero
2583 3264 2641 3309 et
2668 3254 2994 3309 nominatim
3016 3294 3032 3319 ,
3066 3264 3305 3325 patrum,
3356 3252 3478 3308 fras

1896 3357 2076 3411 trum,
2138 3347 2635 3414 magistrorumque
2704 3356 3051 3412 nostrorum,
3107 3345 3477 3413 corporalium

1891 3448 1987 3491 aut
2012 3436 2402 3506 spiritualium,
2454 3445 2510 3490 et
2543 3450 2732 3490 eorum
2774 3452 2872 3505 pro
2919 3436 3121 3506 quibus
3147 3443 3203 3491 et
3234 3448 3477 3507 quorum

1892 3529 2093 3598 gratia,
2123 3529 2328 3582 oblatio
2360 3528 2477 3581 haec
2513 3537 2700 3581 sancta
2724 3526 2909 3582 oblata
2937 3536 3043 3583 est.

1969 3619 2195 3674 Elevans
2220 3634 2415 3672 vocem.
2442 3616 2713 3688 Adjunge,
2737 3615 2986 3688 Domine,
3006 3619 3226 3675 nomina
3256 3618 3474 3676 illorum

1892 3726 2016 3766 cum
2050 3710 2365 3765 nominibus
2408 3720 2730 3764 sanctorum
2781 3718 3002 3764 tuorum
3036 3710 3090 3765 in
3135 3710 3476 3766 habitatione

1901 3804 2062 3859 beata
2107 3818 2295 3857 eorum
2326 3803 2419 3871 qui
2479 3802 2676 3857 festum
2707 3808 2877 3871 agunt
2912 3811 2970 3857 et
3003 3800 3266 3857 laetantur
3302 3802 3354 3857 in
3385 3812 3471 3865 te;

1895 3911 2003 3950 non
2034 3910 2298 3949 revocans
2337 3895 2441 3949 illis
2471 3896 2793 3950 memoriam
2831 3903 3180 3964 peccatorum
3221 3910 3468 3956 suorum,

1895 4003 2072 4057 neque
2092 4000 2529 4044 commemorans
2556 3989 2691 4059 ipsis
2712 4005 2832 4059 qua:
2860 3989 3186 4059 insipienter
3207 3995 3467 4059 egerunt;

1894 4080 2028 4149 quia
2069 4080 2251 4135 nullus
2281 4090 2365 4135 est
2394 4081 2546 4135 carni
2582 4081 2859 4152 alligatus,
2896 4089 2953 4136 et
2978 4083 3241 4136 innocens
3279 4095 3469 4135 coram

1897 4179 1951 4224 te
1999 4187 2014 4224 :
2041 4184 2182 4224 uuus
2212 4169 2358 4224 enim
2394 4172 2771 4225 tantummodo
2793 4186 2954 4241 super
2980 4179 3182 4226 terram
3211 4171 3360 4225 visus
3385 4179 3471 4224 est

1892 4265 2103 4335 absque
2132 4272 2381 4333 peccato,
2435 4261 2595 4318 Iesus
2634 4262 2890 4317 Christus
2936 4261 3251 4331 unigenitus
3300 4261 3471 4317 Filius

1894 4364 2020 4409 tuus
2049 4371 2063 4409 :
2093 4354 2319 4424 simplex
2363 4355 2457 4422 qui
2484 4354 2552 4409 ad
2581 4354 3035 4422 compositionem
3065 4353 3215 4409 venit
3237 4351 3339 4422 (6),
3374 4368 3470 4423 per

1892 4463 2054 4518 quem
2092 4462 2191 4502 nos
2226 4460 2442 4517 quoque
2476 4445 2863 4501 misericordiae
2883 4449 3284 4514 consequendte
3316 4460 3467 4516 spem

213 4542 460 4596 cursoris
484 4579 499 4604 ,
533 4540 676 4594 Petri
708 4548 761 4593 et
793 4539 968 4602 Pauli,
1007 4538 1281 4607 totiusque
1318 4545 1491 4592 coetus
1519 4537 1787 4606 apostolo-
1818 4524 1863 4582 ι)
1892 4541 2171 4595 habemus.

216 4649 362 4700 rum,
417 4632 680 4702 Stephani
737 4645 974 4701 quoque,
1026 4638 1084 4685 et
1124 4630 1395 4683 universae
1445 4629 1615 4682 turbae
1642 4642 1787 4682 mar—

216 4738 420 4804 tyrum,
449 4738 506 4783 et
534 4742 721 4783 eorum
752 4726 1020 4789 omnium,
1052 4724 1143 4794 qui
1173 4733 1298 4778 ante
1342 4737 1458 4788 eos,
1492 4736 1616 4777 cum
1661 4720 1788 4788 illis,

213 4829 273 4876 et
295 4831 422 4891 post
447 4835 541 4875 eos
574 4820 919 4890 placuerunt,
952 4829 1009 4874 et
1034 4818 1251 4887 placent
1279 4816 1400 4871 tibi.

289 4957 367 5029 (5)
403 4957 687 5027 Sumptum
720 4957 772 5012 id
796 4973 862 5012 ex
893 4956 1080 5012 Graeca
1111 4954 1297 5011 Jacobi
1329 4953 1567 5029 Liturgia
1598 4951 1793 5029 Hiero-

218 5021 878 5101 sol'yiuitantéilﬂcclesiaz
930 5029 1177 5101 propria,
1218 5040 1348 5101 qua;
1388 5021 1661 5101 fundatae
1697 5021 1793 5101 .lae

216 5094 357 5156 cubo
391 5099 561 5152 fratre
580 5099 815 5159 Domini,
840 5094 1252 5153 successionem
1280 5096 1403 5149 fidei
1426 5106 1482 5149 et
1504 5094 1794 5148 Cathedrte

216 5171 286 5224 ad
320 5184 443 5223 eum
478 5171 674 5224 merito
712 5170 1021 5234 referebat,
1051 5180 1226 5235 neque
1248 5164 1464 5236 preprie
1492 5167 1558 5218 ad
1589 5165 1794 5236 _An_tio-

214 5242 448 5296 chenam
481 5240 778 5295 Ecclesiam
828 5254 858 5293 a
913 5233 1078 5292 Petro
1127 5233 1409 5291 fundatam
1462 5233 1789 5305 pertinebat.

219 5313 328 5365 Sed
354 5326 477 5365 cum
512 5326 629 5364 eam
672 5308 974 5379 Liturgiam
1022 5310 1075 5379 in
1120 5308 1301 5379 vicina
1333 5303 1793 5379 Palaistinaceleo

217 5383 373 5437 breui
405 5383 470 5435 ad
501 5397 561 5436 se
592 5376 1019 5443 transtulissent,
1051 5378 1190 5431 hanc
1225 5377 1514 5430 formulam
1550 5376 1794 5429 retinue~

218 5461 391 5506 runt:
424 5462 481 5506 et
503 5467 566 5506 ea
600 5466 834 5522 quoque,
859 5459 927 5522 ut
954 5448 1079 5504 alibi
1100 5455 1359 5522 notatum
1388 5456 1494 5512 est,
1527 5444 1793 5522 Jacobitae

215 5523 373 5576 abusi
407 5535 555 5577 sunt.
598 5513 675 5575 Ila
718 5513 863 5576 énim
898 5518 1394 5573 denominatiouem
1426 5532 1589 5585 quam
1629 5530 1657 5585 a
1701 5513 1795 5567 Ja-

214 5593 357 5647 tobo
403 5592 676 5646 Baradato
714 5593 831 5645 sive
873 5588 1111 5643 Zanzalo
1142 5604 1237 5642 eos
1268 5584 1570 5655 accepisse,
1614 5584 1791 5638 Graeci

214 5674 499 5730 auctores,
529 5679 633 5716 non
683 5666 863 5715 minus
890 5677 1052 5728 quam
1082 5656 1407 5730 Orientales
1437 5656 1707 5710 Melebita:
1736 5665 1793 5708 et

210 5727 522 5788 hesturiaui
552 5741 842 5795 tesmntur,
874 5727 943 5785 ad
966 5730 1286 5800 Apostolqu
1319 5727 1590 5781 referunt.

289 5810 367 5875 (6)
408 5803 535 5859 Haec
566 5806 731 5857 verba
760 5817 934 5873 magis
976 5795 1251 5857 rhetorice
1284 5814 1442 5868 quam
1486 5795 1791 5866 theologice

492 5899 763 5959 Parum.
798 5898 912 5956 Gtt.
947 5896 1055 5956 Ill.

1965 4630 2224 4701 Populus.
2254 4632 2501 4699 Quietem
2530 4641 2751 4703 praesta.

1963 4722 2223 4779 Sacerdos
2268 4725 2583 4779 inclinatus.
2629 4724 2864 4779 Peccata
2919 4731 3102 4777 nostra
3152 4732 3207 4777 et
3258 4712 3468 4777 illorqu

1893 4816 2223 4881 voluntaria,
2252 4817 2492 4873 scienter
2520 4829 2576 4871 et
2606 4816 2924 4885 iguoranter
2953 4814 3247 4870 commissa
3283 4817 3471 4871 remit-

1892 4947 2057 5012 dicta,
2105 4946 2281 5002 minus
2336 4956 2485 5002 recte
2523 4946 2895 5002 Jacobitarum
2934 4946 3248 5017 opinionem
3299 4946 3471 5016 expli-

1894 5029 2046 5073 cant.
2098 5017 2210 5071 Nec
2238 5020 2398 5088 enim
2451 5019 2903 5087 compositionem
2967 5025 3308 5088 agnoscunt,
3360 5017 3467 5071 nisi

1894 5089 2074 5160 qualis
2101 5097 2186 5160 est
2216 5087 2304 5142 illa
2326 5104 2449 5160 qua:
2478 5090 2530 5141 in
2575 5089 2826 5160 symbolo
2857 5087 3143 5143 Athanasii
3173 5089 3337 5160 dicto,
3371 5096 3467 5138 ha-

1895 5158 2073 5215 betur.
2105 5158 2260 5214 Sicut
2284 5159 2465 5213 anima
2497 5158 2775 5211 rationalis
2805 5169 2852 5211 et
2883 5174 3006 5211 caro
3030 5173 3163 5211 unus
3187 5166 3263 5209 est
3287 5158 3464 5221 homo,

1894 5231 1968 5283 ita
1986 5229 2128 5283 Deus
2150 5240 2197 5282 et
2224 5232 2380 5282 homo
2403 5245 2538 5282 unus
2551 5238 2628 5282 est
2660 5228 2919 5291 Christus,
2951 5243 3070 5297 quae
3096 5229 3453 5297 comparatio,

1895 5301 2147 5369 quamvis
2173 5315 2203 5351 a
2230 5300 2491 5369 nottnulis
2517 5299 2773 5353 Pati-ibus
2806 5296 3086 5366 usurpata,
3123 5296 3380 5350 Facundo
3411 5309 3467 5349 et

1895 5368 2019 5424 aliis
2051 5386 2155 5422 non
2189 5368 2414 5436 placuit.
2448 5370 2556 5424 Sed
2575 5374 2703 5423 dum
2726 5384 2890 5421 unam
2919 5377 3169 5421 naturam
3201 5370 3466 5435 promen-

1898 5449 2006 5503 tnr,
2041 5440 2114 5493 ita
2145 5438 2519 5494 confusionem
2568 5439 2991 5509 mistiouetuque
3030 5436 3354 5509 excludunt,
3407 5447 3467 5489 ut

1895 5513 2219 5579 compositio
2270 5512 2490 5578 pr0prie
2539 5510 2685 5563 dicta
2729 5510 2877 5579 nulla
2907 5507 3019 5579 isit,
3059 5507 3162 5579 nisi
3195 5516 3465 5575 quatenus

1896 5577 2120 5634 suuuna:
2173 5577 2537 5650 perfectaque
2592 5577 2928 5647 simplicitati
2982 5577 3464 5650 Dei__0pp0mtnr,

1895 5667 2056 5719 quam
2100 5646 2207 5704 non
2244 5652 2409 5705 habet
2440 5646 2600 5705 homo
2633 5646 2948 5716 asSumptus
2989 5662 3056 5700 ex
3090 5646 3332 5719 Virgine,
3364 5663 3464 5719 cui

1900 5716 2130 5776 Verbum
2162 5736 2292 5775 caro
2331 5721 2537 5774 factum
2569 5725 2694 5776 dum
2730 5720 2939 5773 uultum
2961 5728 3063 5780 est,
3098 5718 3152 5771 in
3176 5716 3469 5786 quamdam

1894 5794 2339 5860 compositionem
2367 5792 2527 5847 venit.

3076 5884 3153 5945 36
