3892 6232
416 355 542 418 1131

1609 370 1665 426 S.
1704 370 2002 428 DIONYSII
2079 371 2424 429 LITURGIA.

3537 376 3674 429 H52

411 494 556 546 tens,
603 481 874 552 prepitius
913 492 1030 540 esto
1052 525 1068 548 ,
1119 484 1382 554 Domine,
1421 497 1636 542 amator
1685 491 1983 546 hominum.
2020 500 2067 558 Α
2095 492 2204 546 vita
2233 494 2468 562 gloriosa
2507 502 2564 549 et
2589 494 2796 563 absque
2829 494 2934 550 ﬁue
2963 494 3014 549 in
3045 495 3364 550 habitaculo
3395 493 3672 564 spirituali

486 573 712 629 Elevans
749 592 944 630 vocem.
969 577 1034 630 Et
1057 589 1254 648 praesta
1286 581 1444 634 nobis
1475 580 1636 636 ﬁnem
1677 583 1985 651 paciﬁcum,

409 667 617 721 exitum
646 681 768 720 cum
798 665 1174 722 misericordia
1219 687 1232 722 :
1265 678 1432 738 utque
1475 679 1680 726 stemus
1727 672 1986 742 inculpati

410 765 478 818 ad
509 764 810 828 dexteram,
843 771 898 816 et
931 777 1053 816 cum
1104 762 1246 817 facie
1289 764 1529 818 revelata
1566 775 1622 818 et
1649 764 1869 831 ﬁducia,
1895 782 1989 822 oc-

409 870 703 911 curramus
729 855 796 910 ad
823 863 1004 910 ortum
1036 857 1303 926 unigeniti
1337 856 1459 912 Filii
1489 857 1600 923 tui,
1632 867 1687 912 et
1712 859 1779 913 ad
1812 862 1990 914 mani-

414 948 765 1002 festatiouem
794 944 912 1014 ejus
947 947 1244 1001 secundam
1280 957 1335 1003 et
1369 948 1662 1016 gloriosam
1715 949 1782 1005 de
1811 952 1984 1019 C(BIO;

409 1037 805 1111 aitdiamuSque
831 1041 901 1096 ab
927 1057 990 1098 eo
1011 1059 1200 1100 vocem
1228 1042 1376 1098 illam
1402 1044 1639 1109 beatam,
1667 1061 1828 1116 quam
1862 1046 1988 1100 bea-

410 1135 482 1189 tis
514 1135 565 1188 in
603 1134 708 1188 ﬁne
739 1137 1151 1204 pronuntiabit,
1202 1136 1459 1189 benedicti
1506 1135 1687 1191 Patris
1721 1138 1846 1203 mei,
1900 1154 1990 1191 ca-

407 1226 602 1296 pessite
628 1227 994 1281 ha’reditalem
1044 1228 1189 1296 regni
1233 1228 1476 1292 caelestis,
1513 1238 1574 1282 ut
1605 1229 1657 1283 in
1692 1229 1795 1285 hoc
1842 1230 1988 1284 sicut

409 1327 466 1372 et
501 1319 552 1372 in
591 1319 846 1374 omnibus
887 1318 1226 1390 gloriﬁcetur
1251 1328 1303 1374 et
1336 1319 1584 1373 laudetur
1611 1333 1806 1374 nomen
1835 1329 1985 1374 tuum

407 1409 644 1465 maxime
669 1411 1063 1467 venerandum.

479 1504 737 1572 Populus.
769 1505 858 1561 Ut.

478 1595 764 1652 Sacerdos.
799 1597 936 1654 Pax.

478 1687 738 1760 Populus.
774 1689 988 1746 Etcum
1023 1691 1216 1763 spiritu
1244 1699 1356 1746 tuo.

409 1799 669 1858 Sacerdos
695 1801 898 1873 frangit
939 1803 1191 1928 Inopiam,
1234 1803 1438 1928 ettdicit
1492 1801 1828 1872 Orationem,
1861 1815 1986 1861 ante

1045 1883 1160 1928 ater
1189 1889 1286 1928 nos
1313 1891 1394 1928 er.

1045 1892 1072 1926 a
1082 1883 1160 1928 ter
1189 1883 1394 1930 noster.

479 1964 641 2020 Pater
696 1965 940 2021 omnium
993 1975 1050 2020 et
1098 1967 1429 2035 principium
1485 1969 1629 2038 quod
1680 1978 1764 2023 est
1820 1984 1985 2040 super

402 2060 607 2123 omnia,
660 2058 748 2113 lux
795 2068 995 2116 aeterna
1039 2068 1095 2114 et
1137 2059 1258 2116 fons
1313 2060 1472 2125 lucis,
1532 2078 1654 2132 quze
1712 2062 1985 2118 illuminat

402 2165 595 2207 omnes
624 2161 854 2206 naturas
885 2151 1098 2205 ratione
1137 2151 1418 2219 praeditas,
1453 2153 1542 2222 qui
1578 2167 1742 2207 vocas
1770 2167 1835 2208 ex
1865 2153 1984 2222 pul-

399 2257 530 2297 vere
564 2243 802 2313 inopem,
834 2251 889 2296 et
919 2242 986 2296 de
1013 2251 1260 2297 stercore
1285 2243 1452 2314 erigis
1475 2258 1787 2313 pauperem,
1808 2253 1863 2299 et
1887 2260 1986 2299 nos

396 2333 652 2404 iactatos,
689 2335 923 2403 rejectos
956 2345 1013 2390 et
1041 2335 1288 2390 inlirmos
1317 2338 1385 2391 ad
1434 2336 1740 2392 libertatem
1769 2340 1845 2407 {et
1883 2340 1983 2392 do-

403 2431 694 2484 mesticam
725 2429 962 2482 ﬁliorum
999 2438 1216 2483 tuorum
1257 2430 1576 2501 dignitatem
1604 2432 1832 2499 vocasti,
1889 2447 1987 2502 per

399 2519 596 2575 Filium
627 2529 782 2574 tuum
814 2519 1073 2574 dilectum
1115 2531 1358 2590 :iprazsta
1389 2523 1546 2578 nobis
1583 2533 1642 2576 ut
1673 2523 1769 2576 ﬁlii
1805 2523 1982 2578 sancti

398 2614 588 2666 ethoc
636 2612 967 2682 cognomine
996 2629 1102 2666 non
1154 2613 1361 2682 indigni
1412 2629 1770 2684 appareamus
1799 2631 1980 2670 coram

402 2713 474 2769 te,
516 2718 679 2759 omne
709 2718 930 2773 quoque
963 2703 1331 2758 ministerium
1363 2717 1632 2770 nostrum,
1681 2709 1980 2764 secundum

396 2810 581 2850 mores
614 2794 920 2866 inculpatos
951 2797 1324 2866 perﬁciamus,
1357 2807 1557 2852 etcqu
1589 2799 1827 2868 puritate
1859 2802 1976 2854 ani-

397 2904 522 2953 mae,
552 2887 866 2943 intellectus
900 2889 1195 2955 munditia,
1248 2889 1545 2959 divinaque
1587 2901 1792 2956 mente,
1842 2907 1979 2961 qua-

386 2994 613 3048 cunque
655 2979 790 3033 hora
830 2979 1149 3036 invocemus
1180 2991 1229 3036 te
1262 2982 1428 3036 Deum
1453 3021 1456 3024 .
1482 2981 1695 3037 Patrem
1729 2985 1979 3053 omnipo-

398 3083 623 3138 tentem,
665 3082 922 3128 sanctum
981 3084 1036 3129 et
1066 3074 1345 3129 caelestem
1389 3089 1609 3130 oremus
1632 3085 1686 3131 et
1714 3076 1979 3145 dicamus,

394 3163 559 3220 Pater
586 3176 772 3220 noster
808 3166 900 3236 qui
929 3180 988 3220 es
1012 3167 1062 3220 in
1093 3166 1268 3221 cmlis.

470 3256 726 3327 Populus.
755 3257 1144 3313 Sanctiﬁcetttr
1176 3275 1372 3314 nomen
1399 3270 1572 3329 tuum,
1607 3270 1716 3317 etc.

467 3349 959 3406 Sacerdos.Libera
993 3366 1182 3407 servos
1204 3365 1258 3406 et
1283 3353 1421 3409 ﬁlios
1448 3365 1594 3420 tuos,
1629 3353 1875 3422 Domine,
1908 3356 1975 3411 ab

395 3445 648 3499 omnibus
674 3443 1067 3499 tentationibus
1095 3445 1431 3502 diﬁicillitnis
1475 3456 1529 3502 et
1563 3464 1684 3518 qua:
1712 3451 1858 3504 vires
1879 3465 1974 3502 su-

394 3547 639 3606 perent:
689 3546 745 3591 et
802 3536 872 3592 ab
929 3537 1182 3592 omnibus
1254 3538 1534 3596 doloribus
1598 3540 1695 3610 qui
1759 3541 1975 3609 corpori

394 3643 584 3686 nostro
655 3632 739 3687 vel
812 3634 1008 3689 animm
1086 3633 1361 3690 damnum
1445 3635 1653 3691 inferre
1727 3646 1973 3706 possunt.

381 3726 619 3782 'Custodi
655 3741 754 3781 nos
777 3726 938 3780 simul
969 3741 999 3780 a
1031 3727 1171 3781 malo
1195 3739 1250 3781 et
1281 3730 1346 3783 ab
1394 3729 1511 3799 ejus
1547 3740 1816 3799 potestate
1855 3731 1977 3784 uni-

394 3833 576 3885 versa,
610 3827 666 3873 et
698 3833 727 3872 a
766 3817 981 3873 technis
1017 3817 1136 3886 ejus
1175 3821 1530 3887 perniciosis,
1579 3825 1708 3891 quia
1762 3835 1814 3876 tu
1863 3822 1976 3877 Rex

395 3913 640 3966 omnium
672 3926 754 3976 es,
788 3921 845 3966 et
875 3911 968 3966 tibi
1001 3911 1227 3981 gloriam
1257 3912 1564 3970 referimus.

466 4004 726 4074 Populus.
757 4004 950 4058 Amen.

467 4096 752 4150 Sacerdos.
786 4095 924 4167 Pax.

468 4187 729 4256 Populus.
764 4187 833 4241 Et
860 4202 984 4242 cum
1017 4189 1210 4258 spiritu
1235 4200 1344 4245 tuo.

468 4281 758 4334 Diaconus.
790 4280 950 4335 Ante.

467 4371 734 4438 Populus.
765 4371 963 4426 Coram
1007 4382 1077 4434 te,
1114 4374 1358 4430 Domine.

467 4464 752 4519 Sacerdos.
783 4464 1000 4532 Aspice,
1023 4464 1271 4532 Domine,
1293 4466 1543 4535 populum
1571 4478 1717 4525 tuttm
1746 4472 1979 4538 ﬁdelem,

396 4559 490 4627 qui
513 4572 697 4612 coram
721 4567 774 4614 te
796 4558 1204 4624 inolinatusest,
1227 4570 1278 4613 et
1296 4571 1574 4630 exspectat
1602 4564 1798 4618 donum
1830 4575 1979 4622 tuum
2014 4597 2057 4655 υ

393 4660 448 4705 et
507 4650 750 4705 intuetur
819 4651 1647 4722 depositum'sacramentorum
1708 4659 1971 4729 unigeniti

398 4741 509 4808 tui,
549 4743 691 4798 Deus
723 4743 909 4800 Pater.
940 4744 1019 4800 Ne
1050 4745 1270 4800 auferas
1300 4762 1328 4799 a
1359 4748 1513 4801 nobis
1538 4751 1768 4818 gratiam
1804 4763 1972 4817 tuam,

395 4843 450 4888 et
482 4849 550 4888 ne
582 4835 812 4904 repellas
851 4850 950 4892 nos
979 4853 1008 4892 a
1044 4837 1350 4892 ministerio
1386 4849 1496 4902 tuo,
1531 4849 1584 4894 et
1620 4856 1648 4894 a
1679 4843 1977 4912 participa-

399 4929 552 4983 tione
581 4940 1051 4987 sacramentorum
1085 4944 1324 4999 tuorum,
1355 4935 1450 4989 sed
1489 4951 1732 5005 prtepara
1765 4953 1881 5003 nos,
1920 4950 1977 4992 ut

400 5020 521 5091 puri
562 5029 618 5074 et
663 5020 873 5090 absque
903 5023 1140 5087 macula,
1173 5025 1426 5093 dignique
1466 5025 1571 5078 hoc
1614 5027 1864 5080 convivio
1895 5029 1972 5080 si-

400 5128 542 5179 mus,
598 5123 769 5184 utque
829 5129 953 5168 cum
1005 5117 1344 5170 conscientia
1407 5119 1703 5185 inculpata,
1757 5133 1973 5185 semper

398 5209 652 5262 fruamur
681 5220 914 5278 corpore
945 5219 1001 5264 et
1035 5210 1300 5279 sanguine
1341 5209 1459 5280 ejus
1500 5214 1759 5283 pretioso,
1814 5220 1871 5267 et
1911 5211 1968 5269 in

2093 584 2521 649 discumbamtts,
2553 595 2606 641 et
2627 587 2693 640 ad
2727 602 2966 641 mensam
3004 589 3150 658 regni
3187 589 3262 643 tui
3291 588 3606 660 epulemur,
3623 600 3676 644 et

2091 675 2396 732 referemus
2423 679 2518 732 tibi
2544 677 2774 748 gloriam
2797 687 2856 734 ‘et
2879 677 3118 736 laudem.

2161 769 2422 836 Papulas.
2447 771 2640 825 Amen.

2160 860 2442 916 Sacerdos.
2467 863 2598 916 Pax.

2165 952 2427 1020 Populus.
2464 954 2525 1008 Et
2554 971 2677 1009 cum
2709 959 2902 1025 spiritu
2933 968 3046 1015 tuo.

2163 1045 2439 1101 Sacerdos.
2477 1046 2666 1103 Gratia
2695 1051 2784 1105 Dei
2811 1052 2904 1120 sit,
2929 1062 3037 1107 etc.

2163 1137 2424 1209 Populus.
2451 1141 2516 1196 Et
2548 1159 2672 1198 cum
2705 1147 2900 1215 spiritu
2926 1158 3040 1203 tuo.

2161 1231 2455 1288 Diaconus.
2487 1232 2622 1289 Cum
2666 1237 2880 1294 timore.

2165 1325 2450 1384 Sacerdos.
2486 1325 2686 1383 Sancta
2715 1332 2941 1386 sanctis.

2166 1418 2424 1487 Populus.
2456 1420 2608 1476 Unus
2636 1422 2798 1478 Pater
2827 1435 3066 1481 sanctus.

2162 1509 2450 1566 Diaconus.
2479 1514 2699 1569 Stemus
2731 1518 3008 1573 decenter.

2165 1601 2424 1671 Papulas.
2456 1607 2650 1666 Coram
2675 1616 2748 1665 te.

2161 1689 2445 1750 Sacerdos.
2477 1695 2697 1753 Gratias
2726 1699 2990 1757 habemus
3021 1702 3142 1769 tibi,
3180 1703 3495 1772 Domine,et
3520 1717 3686 1778 grato

2093 1787 2280 1840 animo
2309 1789 2660 1856 agnoscimus
2684 1791 3076 1862 benignitatem
3109 1805 3283 1862 tuam,
3311 1801 3456 1869 quod
3489 1817 3562 1855 ex
3592 1801 3687 1855 ni-

2015 1869 2061 1930 B
2090 1880 2202 1936 hilo
2232 1883 2474 1938 eduxisti
2508 1899 2607 1939 nos
2643 1885 2711 1940 ad
2762 1887 2815 1943 id
2842 1891 2985 1955 quod
3028 1891 3225 1957 simus,
3253 1902 3307 1946 et
3335 1894 3689 1952 domesticos

2087 1974 2337 2044 ﬁliosque
2383 1989 2850 2034 sacramentorum
2905 1991 3118 2038 tuorum
3174 1982 3348 2038 fecisti
3403 2001 3537 2049 nos,
3575 1987 3687 2040 mi—

2085 2069 2490 2140 nisteriumque
2522 2073 2625 2129 hoc
2674 2075 2992 2145 religiosum
3046 2078 3448 2132 commendasti
3495 2079 3686 2144 nobis,

2089 2170 2252 2230 atque
2286 2178 2472 2218 mensa
2507 2166 2609 2220 hac
2637 2167 2915 2237 spirituali
2940 2181 3039 2221 nos
3077 2167 3274 2236 dignos
3299 2167 3506 2222 iecisti.
3536 2169 3690 2224 Con-

2084 2268 2240 2309 serva
2297 2255 2350 2310 in
2404 2258 2596 2323 nobis,
2631 2258 2883 2324 Domine,
2930 2258 3234 2328 depositum
3283 2262 3687 2332 mysteriorum

2088 2352 2302 2400 tuorum
2324 2347 2655 2415 divinorum,
2678 2362 2737 2406 ut
2759 2353 3060 2407 secundum
3093 2368 3276 2408 mores
3310 2354 3582 2422 angelicis
3614 2355 3692 2408 si-

2087 2437 2266 2502 miles,
2301 2441 2463 2492 vitatn
2496 2442 2867 2509 instituamus,
2898 2455 2953 2497 et
2994 2443 3347 2513 perﬁciamus
3377 2460 3574 2498 coram
3610 2457 3689 2513 te,

2085 2541 2146 2588 ut
2177 2536 2322 2589 cauti
2352 2549 2405 2590 et
2456 2538 2856 2605 inseparabiles
2912 2541 3084 2594 simus
3131 2557 3228 2610 per
3263 2542 3691 2608 susceptionem

2085 2637 2399 2684 sanctorum
2452 2640 2695 2700 tuorum,
2749 2633 3098 2702 perﬁcientes
3131 2633 3468 2688 voluntatem
3531 2644 3690 2687 tuam

2088 2735 2340 2789 magnam
2391 2732 2447 2777 et
2492 2724 2815 2792 perfectam,
2863 2726 3153 2795 paratique
3214 2726 3573 2779 inveniamur
3618 2727 3691 2779 ad

2085 2813 2460 2886 πληροφορίαν
2496 2816 2640 2871 illam
2687 2819 2956 2882 ultimam,
3003 2827 3057 2872 et
3090 2817 3155 2871 ad
3191 2819 3450 2872 standum
3483 2834 3690 2872 coram

2087 2906 2373 2974 majestate
2403 2917 2512 2970 tua,
2548 2909 2808 2978 dignique
2851 2910 3160 2964 efﬁciamur
3205 2912 3488 2979 voluptate
3525 2912 3690 2980 regni

2089 2997 2186 3057 tui,
2241 3013 2340 3066 per
2370 2999 2626 3068 gratiam,
2673 3000 3114 3055 misericordiam
3163 3011 3217 3055 et
3252 3015 3498 3055 amorem
3551 3017 3691 3067 erga

2087 3087 2336 3144 homines
2366 3091 2632 3162 unigeniti
2667 3091 2786 3145 Filii
2813 3093 2912 3160 tui,
2939 3109 3039 3164 per
3059 3109 3221 3164 quem
3250 3100 3309 3148 et
3337 3108 3462 3148 cum
3491 3109 3610 3164 quo
3639 3105 3693 3148 te

2087 3180 2244 3236 decet
2280 3183 2476 3253 gloria,
2509 3186 2706 3251 honor,
2748 3196 2856 3243 etc.

2153 3294 2415 3364 Populus.
2443 3297 2638 3356 Amen.

2151 3387 2435 3446 Sacerdos.
2461 3391 2595 3447 Pax.

2155 3481 2411 3550 Papulas.
2443 3483 2505 3536 Et
2539 3499 2660 3538 cum
2689 3485 2884 3555 spiritu
2919 3494 3033 3545 tuo.

2150 3573 2441 3627 Diaconus.
2473 3575 2618 3630 Post.

2152 3665 2410 3737 Populus.
2442 3667 2634 3722 Coram
2666 3678 2738 3736 te,
2765 3670 3013 3727 Domine.

2155 3779 2439 3839 Sacerdos.
2485 3780 2704 3838 Christe
2758 3783 2873 3838 Rex
2914 3784 3133 3854 gloriae,
3175 3791 3226 3836 et
3281 3779 3447 3836 Pater
3499 3781 3686 3836 futuri

2082 3873 2284 3938 saeculi,
2349 3876 2678 3929 sacriﬁcium
2730 3888 3004 3939 sanctum,
3051 3874 3300 3930 Pontifex
3353 3875 3612 3930 ccclesiis
3663 3916 3679 3929 .

2083 3967 2272 4031 Agnus
2304 3967 2424 4029 Dei,
2458 3969 2550 4037 qtti
2586 3967 2733 4022 tollis
2768 3981 3051 4035 peccatum
3082 3969 3290 4033 mundi,
3324 3985 3495 4038 parce
3542 3985 3682 4039 pec-

2074 4055 2212 4111 catis
2251 4052 2434 4126 popuii
2477 4053 2575 4120 tui,
2607 4064 2662 4110 et
2705 4051 2921 4110 dimitte
2955 4057 3296 4126 insipientias
3341 4061 3528 4128 gregis
3561 4071 3668 4114 tot.

2073 4143 2348 4199 Conserva
2400 4160 2500 4199 nos
2554 4159 2650 4214 per
2694 4145 3136 4200 communionem
3183 4155 3668 4201 sacramentorum

2072 4247 2325 4301 tuorutn,
2361 4237 2429 4291 ab
2473 4237 2622 4291 omni
2669 4247 2928 4307 peccato,
2969 4239 3084 4292 sive
3124 4239 3290 4292 verbo
3333 4239 3415 4292 vel
3452 4240 3672 4307 cogita-

2070 4325 2219 4380 tione
2259 4335 2353 4380 aut
2399 4341 2561 4397 opere
2611 4328 2960 4396 perﬁciatur,
3020 4329 3274 4397 quodque
3333 4342 3363 4380 a
3425 4337 3520 4380 tua
3584 4328 3670 4381 fa-

2088 4425 2764 4491 miliaritatexdomestica,
2817 4424 3006 4492 procul
3041 4437 3140 4477 nos
3171 4423 3358 4488 faciat,
3389 4434 3450 4477 ut
3481 4436 3682 4478 custo-

2089 4519 2308 4573 diantur
2334 4532 2565 4586 corpora
2603 4526 2787 4570 nostra
2827 4532 2922 4586 per
2948 4530 3148 4584 corpus
3192 4525 3364 4578 tuum,
3399 4525 3456 4568 et
3511 4530 3682 4569 reuo-

2089 4621 2286 4667 ventur
2316 4611 2511 4665 animae
2544 4621 2745 4664 nostra:
2784 4623 2880 4676 per
2933 4616 3278 4663 sacramenta
3325 4616 3443 4669 tua,
3475 4617 3535 4660 et
3574 4609 3678 4660 be-

2084 4705 2318 4758 nedictio
2343 4713 2458 4766 tua,
2493 4701 2744 4767 Domine,
2771 4702 2843 4754 sit
2876 4700 2927 4753 in
2962 4709 3074 4752 toto
3113 4707 3300 4752 nostro
3326 4696 3554 4749 homine
3589 4700 3675 4750 in-

2085 4796 2273 4849 teriori
2331 4805 2385 4848 et
2445 4793 2744 4857 exteriori,
2804 4790 3240 4861 gloriﬁcerisque
3289 4791 3342 4842 in
3400 4790 3563 4842 nobis
3621 4800 3675 4843 et

2082 4899 2303 4959 propter
2341 4903 2461 4952 nos,
2495 4888 2828 4954 dexteraque
2864 4895 2950 4937 ttta
2989 4883 3302 4952 requiescat
3332 4897 3496 4951 super
3549 4899 3674 4947 nos,

2083 4993 2139 5036 et
2167 4980 2350 5035 Patris
2387 4981 2463 5035 tui
2492 4979 2789 5044 benedicti,
2823 4987 2878 5033 et
2913 4977 3152 5048 Spiritus
3195 4976 3271 5029 tui
3303 4975 3670 5031 SﬂllClizsimi.

2153 5095 2409 5165 Populus.
2439 5096 2632 5151 Amen.

2157 5209 2445 5265 Diaconus.
2477 5207 2735 5273 Benedic,
2771 5207 3020 5265 Domine.
