4074 6194
1423 411 2132 518 TRADITIO
2265 405 3123 514 CATHOLICA

1698 589 2107 674 S/ECULUM
2147 588 2509 674 111,.ANNI
2559 586 2832 649 203-258

1917 778 2601 909 ELENCIIUS

825 977 1344 1053 AUCTORUM
1393 975 1507 1049 ET
1549 972 1936 1047 OPERUM
2001 971 2158 1057 QUI
2210 971 2298 1043 IN
2351 970 2541 1044 HOC
2589 970 2850 1046 TOMO
2909 918 2995 1046 III
3035 972 3707 1050 CONTINENTUH

556 1241 982 1304 EDITORUM
1017 1237 1463 1301 PR/EFATIO
2007 1233 2135 1293 Col.
2174 1232 2202 1291 1

555 1333 690 1381 ACTA
735 1330 822 1381 SS.
868 1331 1150 1379 PERPETL'A!
1197 1344 1260 1377 ετ
1297 1327 1611 1375 Ρειιριτλτιε
1655 1322 1957 1371 Murrum.
2177 1324 2207 1370 9

557 1403 862 1452 Dissertatio
882 1403 1196 1464 apologelica
1215 1414 1310 1462 pro
1326 1399 1617 1448 earumdem
1646 1397 1743 1445 SS.
1775 1395 1960 1455 Marty-

617 1487 732 1523 rum
765 1487 822 1522 or
830 1474 1076 1523 thodoxia
1089 1509 1100 1519 .
2147 1466 2206 1512 63

1139 1530 1624 1594 ANONYMUS.

554 1625 917 1690 Fragmentum
951 1623 1254 1686 acephalum
1287 1623 1348 1672 de
1377 1633 1572 1670 canone
1601 1617 1694 1668 SS.
1731 1617 1958 1680 Scriptu-
2118 1687 2202 1734 181

626 1710 794 1734 mrum

626 1710 795 1745 rarum
809 1734 822 1746 .

821 1765 1159 1828 MARCUS
1203 1763 1599 1824 MINUCIUS
1644 1758 1895 1820 FELIX
1911 1806 1924 1819 .

554 1850 924 1918 Prolegomena
953 1854 1025 1903 Β.
1069 1854 1302 1914 Gothofr.
1335 1851 1578 1912 Lumper.
2112 1848 2200 1893 201

550 1927 858 1976 Dissertatio
891 1926 1078 1976 Frauc.
1116 1924 1371 1973 Balduini
1399 1924 1458 1972 de
1482 1923 1709 1972 Octavio.
2113 1920 2204 1966 207

547 2007 806 2068 Prcefatio
834 2008 930 2057 Joh
958 2007 1180 2068 Augusti
1210 2005 1444 2054 Ernesti.
2111 2003 2203 2046 927

541 2076 646 2127 Joh
669 2078 804 2128 Guil.
837 2078 1085 2126 Lindneri
1113 2076 1355 2137 Analysis
1386 2076 1547 2136 logica
1583 2073 1816 2134 Dialogi.
2104 2074 2196 2118 233

547 2149 698 2198 Marci
730 2149 933 2198 Minucii
965 2147 1146 2196 Felicis
1181 2149 1447 2204 OCTAVIUS,
1476 2159 1591 2194 cum
1622 2145 1758 2193 notis
1785 2143 1951 2193 vario-

611 2234 751 2269 rum.
2109 2217 2203 2262 239

546 2290 836 2340 Excuasus.

546 2362 783 2423 Epistola
818 2361 970 2412 Luca:
1000 2360 1262 2410 Holstenii
1283 2361 1345 2409 de
1386 2359 1615 2412 Verulms
1648 2358 1856 2406 Dianae.
2109 2359 2203 2404 375

544 2433 614 2481 Ι).
648 2433 816 2483 Nicol.
850 2431 924 2482 Le
951 2431 1162 2492 Nourry
1196 2433 1507 2480 Dissertatio
1545 2431 1598 2479 in
1626 2431 1906 2479 Durnium.
2111 2431 2198 2476 381

1109 2510 1592 2572 ANONYMUS.

544 2601 832 2650 Chronicon
867 2602 964 2650 sub
993 2600 1284 2650 Alexandro
1313 2599 1500 2649 Severo
1525 2599 1795 2662 scriptum.
2108 2599 2248 2662 671-⁴¹

543 2680 1033 2758 CELERINUS,
1060 2678 1504 2750 LUCIANUS,
1539 2676 2035 2753 CALDONIUS,
2071 2696 2195 2736 are.

1081 2759 1704 2822 CONFESSORES.
2217 2801 2228 2814 .

543 2841 806 2906 Epistola.
2109 2837 2203 2885 6921

659 2924 732 2986 S.
800 2920 1268 2984 CORNELIUS
1301 2919 1529 2978 ΡΑΡΑ
1558 2919 1660 2978 ET
1694 2917 2059 2978 MARTYR.

539 3019 750 3071 Notitia
779 3019 1029 3068 historica
1054 3019 1119 3066 D.
1155 3017 1473 3078 Hieronymi.
2105 3015 2196 3062 697

541 3091 908 3152 Prolegemena
940 3089 1009 3139 1).
1049 3089 1290 3148 Lumper.
1681 3134 1696 3144 ,
2003 3085 2196 3139 ~Jbid.

539 3160 755 3211 Notitia
805 3159 1160 3220 Epistularum
1209 3172 1314 3207 non
1361 3159 1699 3215 exstantium,
1745 3162 1950 3206 auctore

603 3232 660 3278 D.
696 3231 754 3278 I’.
790 3230 1108 3278 Constantio.
2105 3229 2199 3274 709

539 3299 590 3350 S.
616 3301 839 3350 Cornelii
874 3301 1116 3362 Epistola;
1148 3306 1196 3348 et
1234 3299 1488 3348 variorum
1519 3299 1584 3346 ad
1615 3298 1804 3361 ipsum.
1837 3302 1947 3346 721.

601 3399 660 3408 —
691 3373 734 3420 I.
785 3371 840 3421 S.
899 3371 1143 3434 Cypriani
1189 3369 1256 3418 ad
1300 3369 1607 3420 Cornelium.
1648 3373 1759 3417 721.
1793 3395 1848 3404 —
1882 3369 1944 3415 11.

601 3443 839 3507 Ejusdem
891 3443 959 3490 ad
1009 3441 1257 3490 eumdem.
1308 3445 1416 3489 725.
1471 3468 1533 3474 —
1579 3439 1664 3490 Ill.
1709 3439 1948 3502 Ejusdem

601 3516 667 3563 ad
697 3513 949 3562 eumdem.
981 3515 1068 3560 731
1105 3539 1166 3547 —
1206 3511 1287 3560 IV.
1316 3511 1553 3575 Ejusdem
1587 3514 1649 3560 ad
1681 3511 1939 3559 eumdem.

601 3588 716 3636 732.
757 3611 820 3620 —
848 3584 912 3633 V.
953 3583 1189 3646 Ejusdem
1222 3583 1288 3630 ad
1318 3584 1567 3632 eumdem.
1605 3585 1720 3632 735.
1760 3609 1823 3618 —
1866 3582 1944 3630 V1.

599 3655 654 3706 S.
700 3655 921 3705 Cornelii
958 3654 1023 3702 ad
1054 3655 1385 3718 Cyprianum.
1413 3658 1521 3704 738.
1553 3681 1615 3688 —
1643 3653 1748 3701 V11.
1774 3653 1822 3702 S.
1855 3652 1944 3715 Cy-

603 3727 769 3791 priani
803 3725 870 3774 ad
924 3725 1230 3775 Cornelium.
1287 3729 1395 3775 748.
1426 3753 1488 3760 —
1520 3723 1652 3774 V111.
1705 3725 1945 3787 Ejusdem

594 3798 662 3846 ad
712 3797 968 3846 eumdem.
1005 3801 1114 3847 754.
1161 3823 1224 3832 —
1273 3796 1360 3844 [Χ.
1405 3796 1455 3844 8.
1501 3795 1724 3846 Cornelii
1756 3795 1820 3843 ad
1852 3795 1940 3846 Fa-

601 3870 738 3920 bium
797 3867 1185 3918 Antiochenam.
1237 3871 1348 3917 757.
1397 3893 1459 3902 —
1494 3867 1555 3916 Χ.
1607 3866 1665 3919 8.
1701 3867 1945 3930 Cypriani

594 3940 660 3991 ad
720 3939 1090 3989 Antonianum.
1159 3942 1270 3988 787.
1302 3964 1366 3976 —
1417 3937 1496 3987 V1.
1529 3937 1786 4002 Synodica
1831 3953 1943 3987 con-

589 4011 694 4061 cilii
752 4010 1171 4074 Carthaginiensis
1241 4011 1334 4059 sub
1394 4009 1656 4072 Cypriane
1713 4009 1942 4058 secundi.

595 4082 719 4130 Vide
749 4083 852 4131 col.
887 4085 998 4130 817.
1033 4107 1096 4117 -—
1129 4080 1234 4130 XII.
1271 4081 1329 4130 S.
1375 4079 1615 4143 Cypriani
1658 4080 1725 4128 ad
1758 4081 1941 4130 Corne-

591 4153 738 4204 lium.
776 4157 886 4202 821.
916 4180 979 4189 —
1007 4153 1144 4203 XIII.
1182 4152 1416 4216 Ejusdem
1451 4152 1518 4200 ad
1552 4151 1813 4201 eumdem.
2096 4156 2191 4203 856

529 4225 761 4276 Concilia
781 4224 1210 4286 Carthaginensia
1234 4229 1458 4285 tempore
1478 4225 1534 4273 S.
1569 4225 1800 4272 Cornelii
1832 4224 1938 4273 Pa-

587 4309 670 4359 pte
701 4297 753 4345 in
781 4308 935 4345 causa
977 4295 1262 4358 Lapsorum
1309 4295 1400 4344 sub
1445 4295 1502 4344 S.
1543 4293 1808 4356 Cypriane
1851 4308 1938 4345 ce-

593 4369 820 4418 lebrata.
2095 4369 2189 4419 875

527 4439 759 4504 Epistola
829 4438 1076 4503 synodica
1121 4438 1174 4488 8.
1221 4437 1462 4501 Cypriani
1530 4446 1581 4487 et
1629 4437 1940 4499 collegarum

585 4510 653 4560 ad
686 4511 736 4560 S.
767 4510 1055 4560 Cornelium
1091 4509 1284 4573 Papam
1310 4509 1372 4557 de
1403 4509 1583 4572 lapsis.
2093 4514 2210 4560 877'

567 4589 1103 4652 NOVATIANUS

531 4759 800 4810 Novatiani
847 4758 977 4808 liber
1019 4758 1082 4807 de
1127 4749 1459 4808 Triniiate'."

531 4831 600 4880 De
633 4830 759 4879 cibis
788 4829 1015 4878 Judaicis
1049 4829 1288 4894 epistola.
1383 4892 1391 4894 _
2093 4837 2182 4883 981

529 4902 754 4968 Epistola
786 4901 907 4950 cleri
936 4888 1132 4952 romani
1697 4915 1777 4976 με
1879 4924 1906 4975 ..
1940 4931 2071 4980 ...:.

589 4991 966 5090 SéNGTUS.
1008 4980 1310 5090 ωε)Ψέ
1343 4980 2186 5090 ῨᾸΡΑἿΕΤῙΜΑΗΤῩΡῖέξ
2297 4980 2347 5090 ἶ

528 5082 730 5134 Notitia
766 5082 1032 5141 historica,
1064 5085 1204 5131 auct.
1240 5081 1304 5131 Ι).
1337 5083 1396 5132 Ρ.
1434 5081 1760 5134 Constantio.
2086 5071 2214 5135 999~

527 5153 753 5218 Epistola
807 5154 958 5203 unica
1021 5153 1073 5204 S.
1133 5153 1374 5218 Cypriani
1428 5154 1498 5203 ad
1557 5153 1769 5206 Lucium
1813 5155 1905 5206 Pa-

596 5239 733 5288 pam.
2064 5232 2186 5278 1003

527 5296 767 5361 Epistola;
794 5305 846 5346 et
875 5296 1086 5346 Decreta
1133 5295 1183 5346 S.
1217 5297 1372 5347 Lucio
1404 5299 1644 5362 ascripta.
2063 5305 2182 5350 1007

528 5368 737 5418 Decreta
763 5367 904 5418 Lucii
952 5368 1121 5434 Papae,
1172 5383 1231 5418 ex
1263 5370 1506 5422 Gratiane
1538 5371 1835 5436 desumpta.
2063 5376 2184 5424 1013

2256 4923 2670 5032 ςεξᾼειξῑρτυε
2727 4923 2890 4986 PON

2468 1119 2584 1130 .—

2379 1615 2632 1676 ascriptus.

2323 1231 2586 1291 SANCT
2593 1232 2696 1293 US
2717 1234 3098 1295 STEPHAN
3107 1236 3207 1296 US
3232 1237 3452 1296 ΡΑΡΑ
3475 1236 3577 1294 ΕΤ
3600 1237 3959 1300 MARTYR.

2321 1328 2520 1376 Notitia
2553 1329 2798 1379 historica
2827 1344 2892 1379 ex
2921 1329 3077 1381 Libro
3108 1332 3430 1392 Ponti/icali.

2321 1399 2524 1448 Netitia
2552 1402 2887 1460 epistolarum
2915 1418 3016 1452 non
3044 1405 3378 1454 exstantium.

2320 1469 2546 1533 Epistola
2574 1473 2624 1520 8.
2660 1473 2904 1536 Cypriani
2934 1475 2996 1523 ad
3029 1475 3078 1523 8.
3117 1474 3452 1535 Stephanum.

2319 1541 2594 1590 APPENDIX.
2646 1571 2702 1580 —
2753 1545 2995 1607 Epistola:
3041 1545 3324 1595 decretales
3366 1546 3418 1596 S.
3462 1544 3719 1609 Stephano

3853 1339 3967 1386 1015

3848 1410 3966 1456 1017

2379 1629 2506 1661 ascri
2551 1622 2570 1660 t
2618 1652 2632 1664 .

2318 1628 2666 1764 ACTAPEBT
2702 1704 3184 1768 MONUMENTA
3231 1621 3970 1769 CELEBERRIZlI/E11331:}3

2401 1784 2898 1846 BAPTISMATE
2949 1785 3549 1850 ΗΑΞΒΕΤΙΟΟΒΠΜ
3603 1786 3963 1850 DISPUTA-

2405 1863 2651 1926 TIONIS
2659 1911 2671 1924 .

2317 1973 2438 2009 uas
2473 1976 2648 2010 ruma.
2690 1989 2753 1997 —
2793 1961 3030 2014 Veterum
3051 1969 3400 2014 monumenta.
3434 1990 3497 1999 —
3525 1964 3576 2013 8.
3613 1963 3716 2013 Ste-

2378 2033 2529 2096 phani
2566 2048 2713 2096 papae
2770 2043 2817 2082 et
2877 2037 3120 2097 martyris
3165 2035 3456 2083 decretoria:
3519 2043 3716 2084 senten-

2377 2104 2486 2152 tiae.
2548 2108 2688 2154 1045.
2739 2131 2794 2140 -
2855 2104 3135 2154 Concilium
3202 2107 3482 2155 Romanum
3531 2107 3624 2156 sub
3659 2107 3714 2158 S.

2377 2174 2636 2237 Stephano
2718 2175 3048 2224 celebratum.
3133 2179 3279 2226 1045.
3369 2205 3432 2212 -
3490 2177 3722 2228 Concilia

2376 2246 2816 2309 Carthaginensia.
2914 2247 3240 2296 Premmium.
3325 2247 3720 2312 Carthaginense

2377 2317 2646 2366 concilium
2709 2317 2801 2366 sub
2864 2318 3116 2382 Cypriane
3188 2319 3414 2367 tertium.
3469 2324 3611 2370 1017.
3661 2349 3722 2358 -

2376 2387 2442 2436 De
2503 2388 2784 2437 infantibus
2856 2389 3196 2453 baptizandis.
3259 2390 3423 2454 Epist.
3485 2391 3543 2440 S.
3617 2391 3724 2456 Cy-

2375 2460 2539 2521 priani
2584 2459 2732 2510 Fide.
2803 2465 2939 2509 1017.
3007 2489 3068 2496 —
3127 2462 3523 2525 Carthaginense
3603 2478 3722 2512 con-

2374 2531 2544 2578 cilium
2599 2531 2692 2579 sub
2749 2531 3008 2595 Cypriane
3053 2541 3314 2595 quartum.
3383 2533 3452 2581 De
3509 2533 3723 2583 Basilide

2375 2610 2424 2649 et
2482 2601 2719 2662 Martiali,
2779 2603 3034 2666 Hispaniae
3092 2603 3349 2667 episcopis
3408 2603 3720 2654 libellaticis.

2377 2675 2521 2721 10:53.
2577 2701 2638 2708 —
2683 2674 2905 2737 Epistola
2960 2675 3205 2738 synodica
3268 2675 3318 2723 8.
3360 2673 3602 2739 Cypriani
3653 2676 3721 2724 ad

2374 2745 2564 2793 clerum
2615 2755 2660 2792 et
2714 2745 2913 2809 plebem
2963 2746 3338 2809 Hispaniarum,
3385 2747 3446 2794 de
3491 2747 3716 2797 Basilide

2374 2824 2422 2863 et
2483 2815 2724 2863 Martiali.
2783 2821 2927 2865 1057.
2983 2845 3044 2853 —
3109 2817 3501 2880 Carthaginense
3555 2820 3719 2868 conci-

2374 2883 2501 2935 Iiu'm
2565 2887 2657 2935 sub
2723 2887 2978 2952 Cypriane
3031 2889 3284 2951 quintum,
3333 2889 3396 2937 de
3455 2891 3714 2953 Baptismo

2371 2958 2620 3021 primum.
2679 2962 2824 3009 107l.
2872 2986 2935 2994 —
2976 2960 3202 3022 Epistola
3235 2960 3488 3023 synodica
3529 2961 3578 3010 S.
3625 2963 3713 3026 Cy-

2337 3030 2540 3092 'priani
2612 3029 2674 3078 ad
2751 3029 3047 3079 Januarium
3119 3039 3168 3080 et
3229 3033 3379 3079 alios.
3451 3036 3590 3081 1073.
3656 3060 3718 3069 —

2371 3101 2770 3163 Carthaginense
2819 3101 3085 3150 concilium
3140 3102 3234 3151 sub
3292 3102 3547 3166 Cypriane
3603 3118 3716 3152 sex-

2374 3179 2499 3229 tum,
2561 3173 2623 3219 do
2670 3172 2923 3234 Baptismo
2967 3173 3270 3222 secundum.
3328 3178 3471 3223 1081.
3513 3201 3576 3209 —
3604 3174 3715 3238 Epi-

2372 3243 2500 3290 stola
2535 3244 2781 3306 synodica
2816 3243 2874 3294 S.
2915 3243 3159 3308 Cypriani
3191 3244 3254 3290 ad
3301 3243 3356 3292 S.
3400 3244 3714 3308 Stephanum

2375 3313 2580 3375 Papam.
2645 3319 2788 3363 1083.
2856 3342 2920 3350 —
2975 3315 3373 3378 Carthaginense
3440 3316 3712 3366 concilium

2369 3384 2465 3433 sub
2566 3386 2818 3449 Cypriane
2907 3388 3196 3450 septimum,
3278 3385 3363 3434 .de
3455 3386 3716 3451 Baptismo

2365 3457 2592 3504 tertium.
2671 3461 2814 3506 1089.
2891 3485 2948 3495 —
3009 3457 3329 3506 Premmium.
3401 3461 3545 3508 1089.
3652 3486 3717 3496 —

2370 3527 2644 3576 Sententiae
2691 3530 3048 3593 episcoporum
3096 3527 3379 3585 LXXXVII,
3430 3528 3491 3577 de
3557 3529 3717 3580 haere-

2369 3599 2479 3647 ticis
2536 3599 2880 3663 baptizandis.
2948 3604 3091 3650 1089.
3161 3627 3224 3636 —
3279 3599 3711 3651 Bollandistarnm

2365 3669 2855 3720 animadversiones.
2945 3675 3084 3720 1117.
3152 3699 3214 3707 —
3278 3671 3498 3727 Σὺνοδος
3563 3691 3709 3736 γενο-

2367 3743 2487 3804 μένη
2549 3741 2632 3792 ἐπὶ
2716 3743 3008 3806 Κυπριανοῦ
3072 3742 3360 3805 ἁγιωτάτου
3424 3743 3706 3794 ἐπισκόπου

2367 3815 2695 3878 Καρχηδόνος
2744 3817 2831 3864 καὶ
2894 3815 3159 3877 μάρτυρος.
3197 3817 3337 3864 1119.
3390 3841 3452 3850 --
3495 3814 3708 3863 Joannis

2364 3883 2571 3934 Zonarai
2657 3885 2914 3949 praefatio.
2985 3888 3127 3935 1119.
3193 3912 3255 3921 —
3320 3885 3710 3948 Carthaginense

2363 3957 2632 4005 concilium
2670 3956 2798 4006 V111.
2843 3958 2980 4006 1145.
3015 3984 3078 3993 —
3112 3956 3341 4020 Epistola
3373 3957 3429 4006 S.
3466 3957 3706 4020 Cypriani

2362 4027 2431 4076 ad
2486 4028 2745 4088 Quintum,
2789 4028 2852 4078 de
2893 4028 3144 4077 haereticis
3193 4027 3528 4090 baptizandis.
3567 4031 3705 4076 1149.

2361 4127 2424 4134 —
2484 4099 2711 4163 Epistola
2745 4098 2794 4149 S.
2829 4099 3069 4164 Cypriani
3109 4099 3176 4148 ad
3207 4099 3532 4150 Jubaianum.
3568 4101 3708 4148 1153.

2362 4197 2422 4206 --
2451 4170 2612 4235 Epist.
2649 4170 2706 4220 8.
2756 4172 3001 4236 Cypriani
3053 4172 3119 4220 ad
3171 4170 3484 4235 Pompeium,
3533 4177 3712 4218 contra

2359 4242 2632 4306 epistolam
2713 4243 2981 4307 Stephani.
3047 4246 3191 4292 1173.
3249 4269 3306 4279 —
3365 4240 3593 4306 Epistola
3653 4240 3705 4290 S.

2361 4313 2600 4377 Cypriani
2659 4314 2724 4363 ad
2788 4313 3039 4378 Magnum.
3108 4317 3251 4364 1183.
3311 4339 3373 4349 —-
3422 4311 3706 4362 Concilium

2360 4384 2618 4434 Iconiense
2703 4394 2879 4435 contra
2953 4385 3323 4451 Cataphrygas.
3406 4386 3546 4434 1199.
3645 4409 3708 4420 —-

2358 4457 2592 4520 Epistola
2673 4456 2949 4505 Firmiliani
3030 4460 3110 4520 (1),
3176 4455 3401 4522 episcopi
3462 4455 3704 4504 Caesareas

2359 4529 2706 4592 Cappadociae,
2771 4529 2837 4577 ad
2892 4529 3224 4593 Cyprianum,
3287 4535 3459 4576 contra
3523 4526 3706 4589 episto-

2360 4602 2460 4650 lam
2511 4600 2770 4663 Stephani.
2827 4604 2964 4650 1201.
2995 4629 3058 4637 --
3108 4606 3346 4650 Asom'in
3380 4598 3504 4647 liber
3538 4597 3600 4645 de
3640 4612 3711 4646 re—

528 4688 847 4738 Dissertatio
878 4689 1219 4749 prowmialis,
1251 4667 1467 4765 (εὐκεξοὶιὶ
1478 4667 1873 4758 ’ὁὶ-εαηῷαίε
1890 4667 1908 4680 '
1985 4667 2055 4744 ..ιο
2095 4674 2187 4754 885

532 4759 800 4803 Novatiani
847 4758 977 4803 liber
1019 4758 1082 4803 de
1127 4753 1419 4803 Trinitam.’
1441 4755 1459 4772 '
1503 4759 1521 4774 ⁸
1599 4765 1617 4782 ο
1638 4767 1656 4784 ο
1673 4769 1721 4788 oo
1738 4750 1821 4794 ..τ
1850 4754 1935 4802 ’.ζ
1958 4757 1990 4803 ,⁸
2007 4762 2025 4779 ο
2045 4762 2073 4803 ο,
2092 4765 2180 4803 9”

2357 4671 2683 4744 baptismate,
2732 4671 2866 4733 quod
2914 4674 3074 4737 lapsis
3110 4687 3227 4736 spes
3273 4670 3435 4721 venia:
3465 4683 3568 4718 non
3623 4678 3705 4719 est

2359 4736 2676 4803 deneganda.
2747 4745 2887 4792 1253.

1850 4759 1935 4802 -.:
1958 4759 2265 4822 ,ηερμες
2309 4759 2328 4793 ;
2359 4759 2676 4807 αφθεεωαει.
2747 4759 2887 4792 125.5.

2093 4837 2177 4866 om
2293 4809 2425 4865 ﬁlms
2447 4829 2503 4864 ιι.
2558 4815 2924 4866 Recentiorum
2985 4815 3422 4865 Dissertationes.

2896 4923 3077 4984 TIUS
3127 4922 3431 4984 DIACON
3442 4921 3542 4983 US
3591 4919 3958 4984 CARTHA-

2925 5019 3327 5083 GINENSIS.

2295 5137 2668 5201 Prolegomena
2694 5137 2743 5187 D
2755 5175 2767 5187 .
2811 5138 3051 5199 Lumper.

2293 5209 2361 5258 De
2395 5209 2513 5258 Vita
2541 5218 2590 5260 et
2619 5210 2857 5259 Passieno
2888 5208 2938 5257 S.
2996 5207 3259 5272 Cypriani.

2294 5283 2422 5330 Acta
2438 5282 2831 5343 proconsularia
2861 5281 2921 5329 S.
2967 5281 3240 5342 Cypriani.

2295 5354 2480 5404 Passio
2537 5352 2599 5404 S.
2640 5353 2910 5416 Cypriani.

3831 4813 3959 4860 1267

3837 5136 3963 5184 1537

3839 5209 3960 5255 1541

3839 5281 3860 5324 1
3869 5280 3962 5327 557

3842 5352 3968 5400 1565

589 5483 846 5563 (‘Ilﬂanci
864 5485 1161 5563 fp‘istolam,
1181 5499 1303 5563 eum
1338 5488 1406 5560 iis
1435 5503 1546 5562 φασιν
1573 5491 1627 5539 in
1657 5504 1807 5540 causa
1840 5492 2149 5563 rebaptizan
2177 5493 2304 5563 tium
2339 5494 2434 5563 sub
2461 5494 2662 5563 nomine
2691 5490 2936 5563 Cypriani
2966 5493 3198 5563 exstant,
3219 5488 3481 5563 falsi'gtis
3509 5487 3678 5548 arguit
3708 5490 3769 5563 unt
3797 5501 3832 5536 α
3868 5485 3971 5536 Do-

523 5550 735 5615 natistis
763 5550 1021 5615 conﬁctas,
1053 5550 1132 5598 vir
1159 5550 1468 5615 doctissimis
1496 5565 1636 5615 teque
1666 5566 1724 5603 ac
1763 5550 2223 5606 reverendissimus
2252 5558 2495 5607 Dominus
2533 5550 2829 5605 Tizzani'in
2861 5555 2996 5603 libro
3026 5553 3106 5602 cui
3136 5554 3347 5602 titulus:
3371 5551 3438 5600 LA
3465 5563 3691 5615 cenaene
3723 5551 3964 5603 Cerussa

522 5623 623 5664 nu
656 5609 787 5662 ΡΑΡΑ
827 5624 923 5662 ΒΑΝ
959 5611 1186 5664 Srersae
1221 5626 1251 5663 ε
1285 5627 1374 5664 sm
1404 5609 1647 5667 Cirniitno
1682 5615 1856 5681 (Roma
1886 5621 2045 5682 1861),
2087 5619 2288 5672 Gallice
2317 5620 2488 5680 etiam,
2525 5621 2584 5668 ut
2629 5630 2742 5681 spes
2771 5617 2915 5668 nobis
2945 5618 3090 5680 facta
3119 5621 3216 5675 est,
3247 5615 3547 5678 propediem
3591 5613 3805 5664 edendo.
