4064 6196
282 381 315 427 ν
757 416 759 418 .
1755 359 2194 428 EDITOBUM.
3617 353 3702 436 vr

285 517 345 556 ac
369 514 480 572 pre
505 497 789 554 omnibus
826 494 1103 552 eximiam
1133 495 1200 551 D.
1229 493 1554 550 Coustantii
1602 495 1918 552 editionem
1950 498 2005 563 Α
2034 496 2578 568 Carthaginensium
2629 501 2907 570 recensio,
2940 500 3170 559 selectis
3209 503 3496 560 adornata
3525 503 3682 561 notis

283 588 714 661 integerrimam
765 585 1109 658 accipimus.
1140 586 1312 651 Tum,
1349 585 1419 640 ad
1451 589 1644 639 textus
1694 585 1927 656 plenam

281 676 956 743 illustrationem,curam
976 673 1240 730 omnium
1258 673 1643 746 interpretum
1667 677 1928 729 nostram

284 767 537 835 fecimus,
575 765 820 820 Pamelii
851 763 1136 829 videlicet,
1173 763 1424 833 Labhaai,
1447 763 1755 823 Harduini,
1786 765 1931 819 Cou-

283 856 489 924 stantii,
523 851 996 922 Valesii,Baluzii
1029 868 1042 906 :
1077 868 1182 907 nec
1213 851 1533 906 identidem
1565 851 1929 923 negleximus

283 946 514 1002 selectae
546 961 620 999 ex
648 941 889 1014 optimis
924 944 1091 997 notas
1123 940 1513 1010 quorumdam
1545 940 1927 996 heterodoxo-

283 1032 578 1101 rum,F"elli
608 1028 1332 1104 puta,Reading,Routhii,
1354 1028 1691 1096 Goldhorni,
1728 1029 1926 1084 Schoe-

283 1123 574 1191 nemanni,
604 1120 961 1188 quibuscum
995 1119 1143 1174 fcede
1175 1117 1433 1173 coutitur
1462 1117 1928 1190 Rigaltius,adeo

282 1212 530 1268 nominis
581 1207 852 1266 catholici
883 1207 1184 1278 indignus,
1218 1217 1282 1262 ut
1329 1222 1462 1262 eum
1493 1207 1826 1278 respuerint
1863 1223 1928 1262 ac

281 1318 420 1374 saepe
451 1305 594 1357 nota
622 1295 1076 1354 transverterint
1104 1295 1345 1367 ipsimet
1363 1295 1611 1350 editores
1625 1295 1927 1366 Anglicani

279 1390 481 1462 aliique
531 1388 790 1445 sectarii.
821 1385 1030 1441 Varias
1063 1388 1259 1440 autem
1309 1383 1611 1452 lectiones,
1643 1388 1931 1455 quotquot

281 1481 523 1536 editores
553 1476 884 1548 Anglicani,
904 1474 964 1529 in
998 1473 1071 1528 iis
1102 1472 1446 1544 colligendis
1478 1473 1930 1541 studiosissimi,

283 1565 868 1633 habent,exhibemus
901 1559 1104 1616 multis
1126 1559 1258 1615 aliis
1288 1559 1426 1616 hinc
1457 1564 1514 1614 et
1542 1560 1676 1614 inde
1707 1560 1931 1615 demes-

286 1656 365 1711 sis
392 1658 622 1717 auctas,
653 1656 977 1722 nostraeque
1000 1647 1253 1704 versioni
1294 1649 1785 1706 accommodatas.
1820 1648 1927 1703 De-

294 1760 459 1800 mum
511 1742 780 1798 accedunt
823 1740 883 1792 in
940 1735 1362 1809 appendicibus
1410 1735 1668 1808 epistolae
1720 1736 1927 1792 iisdem

297 1830 664 1903 pontiﬁcibus
706 1828 859 1884 haud
911 1826 994 1883 ita
1037 1831 1192 1882 certo
1243 1826 1661 1895 adscribendze,
1695 1827 1928 1881 decreta

301 1919 599 1984 subdubia,
631 1917 892 1990 ipsaamet
939 1914 1268 1971 Decretales
1317 1914 1519 1970 litterae
1568 1919 1688 1970 tan:
1735 1914 1834 1970 diu
1865 1915 1925 1970 in

290 2011 414 2065 orbe
446 2009 754 2064 doctorum
782 2006 1117 2072 decantatas,
1142 2009 1208 2058 ut
1235 2003 1324 2060 vel
1357 2021 1422 2059 eo
1452 2003 1575 2059 solo
1598 2003 1832 2060 nomine
1851 2003 1926 2058 iis

283 2098 335 2152 in
363 2097 474 2152 hac
496 2100 702 2152 nostra
722 2094 1058 2150 collectione
1084 2091 1424 2164 plenissima
1442 2109 1556 2148 non
1573 2092 1768 2148 locum
1787 2093 1925 2148 dare

283 2188 439 2243 nefas
466 2185 993 2256 sit.Denique,cum
1020 2181 1367 2254 plerumque
1388 2181 1631 2237 concilia
1652 2182 1762 2237 sub
1783 2183 1928 2238 Pon-

281 2275 532 2332 tiﬁcibus
562 2272 818 2328 summis
859 2271 1147 2328 celebrata
1186 2271 1326 2339 sint,
1358 2275 1639 2342 tanquam
1689 2270 1921 2327 illorum

281 2381 469 2436 Opera,
502 2363 744 2417 afﬂante
776 2361 963 2432 Petro,
996 2359 1619 2432 scripta,clavibusque
1651 2361 1776 2416 suis
1806 2377 1925 2416 ser-

277 2458 409 2509 vata
456 2451 940 2523 consignataque,
968 2447 1056 2504 vel
1104 2466 1138 2503 a
1182 2449 1539 2520 quibusdam
1590 2448 1926 2504 doctoribus

278 2540 503 2598 eximiis
551 2540 856 2607 adornata,
889 2536 1087 2608 qualia
1134 2537 1293 2592 fuere
1343 2541 1470 2592 octo
1513 2535 1757 2593 concilia
1787 2536 1926 2593 Car-

272 2629 647 2702 thaginensia
693 2631 750 2682 et
781 2627 895 2682 duo
951 2625 1213 2681 Romana
1258 2626 1367 2680 sub
1417 2625 1517 2680 SS.
1558 2625 1817 2682 Cornelio
1869 2629 1928 2682 et

271 2718 564 2791 Stephano
591 2717 800 2771 habita
823 2715 1066 2784 ;idcirco
1097 2713 1366 2786 religioni
1398 2714 1675 2770 duximus
1705 2731 1774 2770 ea
1802 2715 1926 2770 obi-

274 2815 362 2864 ter
409 2806 692 2879 relegere,
743 2820 849 2860 nec
899 2803 1011 2860 nisi
1062 2821 1095 2858 a
1139 2802 1475 2859 collectione
1525 2803 1929 2860 recentissima

274 2893 584 2961 Mansi,vel
616 2893 689 2948 ab
711 2891 924 2947 eximia
953 2906 1017 2946 ac
1048 2890 1284 2962 speciali
1310 2891 1644 2947 recensione
1667 2891 1924 2956 Routhii,

274 2985 432 3040 inter
463 2983 735 3054 ejusdem
762 2981 1046 3052 Reliquias
1072 2996 1262 3036 sacra:
1302 2980 1632 3052 accepimus
1662 2985 1719 3036 et
1747 2980 1927 3036 tradi-

283 3074 485 3128 dimus
495 3115 508 3127 .

336 3197 466 3252 XII.
504 3197 659 3252 Inter
686 3194 978 3251 maximas
1006 3194 1086 3252 rei
1116 3192 1459 3250 Christianae
1490 3211 1697 3251 causas
1719 3211 1844 3266 quis
1865 3193 1924 3248 in
1957 3233 1999 3301 Ε

262 3289 373 3344 hoc
408 3286 628 3343 seculo
648 3285 817 3340 tertio
851 3284 1087 3339 fuerunt
1103 3283 1596 3356 exagitataemulla
1615 3283 1924 3355 insignior,

271 3376 432 3434 nulla
488 3376 747 3446 majores
775 3372 1069 3428 tumultus
1115 3372 1174 3426 in
1219 3376 1340 3427 tota
1391 3372 1649 3427 Ecclesia
1698 3372 1925 3436 excivit,

262 3483 438 3540 quam
463 3461 852 3519 celeberrima
882 3463 954 3517 de
985 3461 1395 3517 hereticorum
1429 3461 1786 3532 Baptismate
1817 3462 1930 3517 dis-

264 3555 518 3627 putatio.
566 3551 704 3616 Quae
755 3556 818 3605 ut
870 3550 1041 3622 plena
1089 3549 1216 3605 luce
1266 3551 1526 3621 prodeat,
1577 3555 1641 3605 ut
1691 3550 1826 3605 hinc
1875 3553 1932 3605 et

269 3644 406 3698 inde
455 3645 765 3697 momenta
813 3639 1012 3694 omnia
1060 3638 1235 3710 pendi
1283 3643 1497 3708 queant
1533 3656 1600 3694 ac
1651 3639 1929 3704 revocari,

269 3729 438 3787 nulla
463 3728 834 3802 negleximus
857 3731 1240 3782 monumenta
1252 3744 1366 3782 non
1384 3727 1601 3784 nullius
1615 3727 1932 3799 pretii,sive

266 3823 420 3876 inter
441 3818 860 3885 veterum,sive
879 3817 1032 3871 inter
1053 3816 1440 3871 recentiorum
1464 3834 1764 3884 excursus,
1788 3834 1932 3888 quos

267 3909 454 3964 edidit
485 3907 559 3962 lis
593 3907 700 3961 illa
731 3921 947 3976 magna
975 3905 1033 3958 in
1063 3921 1176 3975 qua
1207 3905 1424 3960 studiis
1456 3906 1702 3960 diversis
1727 3906 1932 3960 Oriens

262 4003 320 4054 et
351 3993 890 4062 Occidens,ltalica:
921 3993 1174 4049 ecclesia:
1207 3997 1263 4049 et
1290 3993 1591 4060 Africanae,
1629 3995 1933 4066 pontifices

268 4093 330 4142 et
356 4091 650 4157 martyres
681 4084 840 4138 haud
860 4083 986 4138 sine
1018 4099 1229 4155 magno
1259 4099 1455 4138 rerum
1488 4082 1748 4139 tumultu
1781 4100 1936 4138 exar-

273 4191 433 4230 sere.
456 4175 521 4228 ln
548 4175 700 4229 duas
731 4173 912 4244 igitur
941 4171 1161 4227 classes
1190 4173 1383 4228 visum
1414 4177 1503 4228 est
1533 4172 1938 4228 distribuenda

271 4280 410 4320 esse
440 4264 692 4334 hujusce
724 4259 1142 4332 disputationis
1174 4266 1553 4316 monumenta
1587 4278 1599 4316 :
1633 4262 1824 4333 prima
1853 4262 1937 4316 ni-

273 4355 506 4409 mirum
535 4349 949 4424 complectitur
968 4350 1258 4422 praecipua
1276 4354 1538 4406 veterum
1570 4355 1700 4406 acta
1729 4354 1785 4406 et
1801 4350 1940 4406 scri-

273 4446 381 4513 pta
430 4458 562 4514 quae
593 4440 655 4494 in
707 4439 816 4494 hac
847 4455 1028 4495 causa
1073 4443 1419 4506 versantur;
1453 4439 1641 4510 iisque
1681 4443 1940 4512 praesunt

275 4531 419 4601 jure
443 4529 753 4600 pontificiae
785 4525 1185 4601 prmcellentize
1221 4529 1278 4584 S.
1311 4527 1592 4600 Stephani
1622 4529 1940 4585 decretales

1955 1873 2004 1938 B

2040 587 2278 654 Baluzii,
2315 588 2476 657 Fclli,
2510 591 2857 658 Coustantii,
2886 590 3103 648 Valesii
3153 595 3211 648 et
3257 592 3516 660 editoris,
3550 609 3680 649 eam

2038 674 2095 728 in
2131 680 2362 732 nostros
2395 693 2536 733 usus
2566 683 2745 734 totam
2780 679 3004 753 integro
3036 682 3182 753 pede
3220 683 3381 739 adire
3410 682 3677 739 fecimus.

2038 768 2216 820 Porro
2248 781 2316 820 ex
2345 767 2534 821 tribus
2572 767 2743 839 longe
2794 769 3037 824 diversis
3070 770 3327 827 fontibus
3369 770 3681 829 hausimus

2036 852 2262 908 litteras
2292 871 2358 909 ea
2401 856 2471 910 de
2503 872 2564 911 re
2607 857 2793 927 datas,
2825 857 3012 928 primo
3047 874 3255 930 nempe
3283 861 3679 932 fragmentum

2039 941 2215 996 unius
2273 943 2556 999 duntaxat
2611 944 2868 1016 epistolae
2941 948 3037 998 τοῦ
3097 946 3363 1021 μακαρίου
3419 949 3685 1023 Dionysii

2036 1029 2410 1086 Alexandrini
2443 1033 2513 1087 ad
2543 1033 2902 1105 Stephanum
2934 1051 3169 1106 papam,
3199 1051 3269 1090 ex
3298 1036 3543 1093 Eusebio
3581 1038 3682 1094 de-

2039 1123 2284 1190 cerptis;
2317 1120 2527 1177 deinde
2579 1126 2831 1192 quatuor
2858 1123 3125 1194 Cypriani
3175 1124 3246 1178 ad
3277 1124 3578 1197 Magnum,
3608 1127 3683 1182 ad

2039 1207 2340 1275 Quintum,
2373 1210 2444 1264 ad
2494 1211 2872 1277 Jubaianum,
2905 1213 2976 1267 ad
3029 1212 3474 1284 Pompeianum,
3507 1231 3688 1271 uuam

2039 1296 2298 1363 demum,
2333 1313 2438 1352 nec
2467 1298 2801 1355 celebritate
2832 1299 3123 1368 ultimam,
3159 1299 3692 1369 Firmiliani,Caasa-

2039 1383 2249 1440 riensis
2295 1387 2573 1459 episcopi,
2603 1389 2675 1443 ad
2726 1389 3082 1460 Cyprianum
3131 1390 3413 1446 adversus
3464 1392 3523 1447 S.
3558 1391 3687 1448 Stc-

2038 1473 2505 1545 phanum.Porro
2537 1475 2736 1532 nullus
2767 1477 2995 1533 inficias
3017 1477 3112 1534 ibo
3142 1478 3202 1532 in
3222 1476 3292 1534 iis
3319 1477 3685 1551 colligendis,

2039 1578 2156 1616 non
2188 1567 2414 1618 tantum
2435 1564 2494 1619 in
2528 1564 2725 1620 animo
2756 1565 2939 1622 fuisse
2956 1582 3050 1623 res
3071 1566 3336 1636 ejusdem
3354 1568 3686 1640 argumenti

2039 1650 2096 1704 in
2131 1667 2313 1706 unum
2346 1652 2741 1725 compingere,
2777 1655 2877 1710 sed
2909 1658 2967 1710 et
3006 1654 3273 1726 seorsim,
3308 1657 3417 1711 sub
3449 1671 3684 1728 unoque

2039 1739 2267 1794 critices
2297 1740 2466 1795 oculo
2495 1758 2775 1812 seponere
2809 1748 3193 1798 monumenta
3240 1745 3444 1800 eodem
3474 1743 3682 1806 νοθείας

2037 1828 2282 1884 crimine
2312 1828 2508 1885 inusta
2531 1847 2544 1884 :
2562 1830 2873 1900 jurene,an
2904 1831 3340 1900 immerito,non
3373 1837 3682 1892 causabor.

2034 1919 2115 1974 Ea
2143 1922 2339 1973 tamen
2390 1919 2654 1974 criminis
2694 1920 2860 1991 argui
2909 1923 3001 1975 sat
3049 1920 3242 1992 gravis
3290 1934 3439 1988 reor,
3472 1937 3600 1992 quae
3649 1940 3688 1979 a

2035 2007 2305 2080 genuinis
2353 2013 2414 2062 D.
2447 2009 2714 2079 Cypriani
2766 2009 3030 2080 epistolis
3076 2013 3460 2064 amoveantur
3508 2027 3573 2066 ac
3622 2011 3685 2067 in

2036 2097 2144 2152 hoc
2175 2096 2298 2151 loco
2352 2095 2698 2169 seligantur,
2730 2101 3009 2168 tanquam
3040 2113 3265 2169 magnae
3294 2097 3414 2153 litis
3457 2098 3685 2156 theolo-

2035 2202 2139 2258 gos
2172 2186 2322 2240 inter
2350 2190 2408 2240 et
2438 2184 2764 2258 philologos
2783 2185 3598 2257 pendentisinstrumentaUt
3619 2193 3687 2246 ut

2037 2274 2134 2342 sit,
2167 2274 2240 2329 iis
2271 2274 2732 2344 subjunguntur,
2767 2274 2840 2328 ad
2871 2291 3066 2330 veram
3097 2275 3169 2330 ab
3218 2274 3385 2330 initio
3417 2277 3684 2349 proposi-

2035 2367 2156 2418 tam
2190 2363 2562 2430 sententiam,
2597 2362 2683 2418 vel
2717 2363 2826 2418 sub
2876 2363 2990 2419 fine
3019 2365 3532 2434 corroborandam,
3565 2365 3684 2422 duo

2036 2450 2219 2508 libelli
2250 2452 2467 2522 absque
2488 2452 2744 2507 auctoris
2777 2453 3140 2520 nomine,sed
3160 2452 3393 2525 egregia
3421 2454 3686 2510 doctrina

2036 2541 2108 2596 ab
2139 2540 2414 2596 omnibus
2445 2540 2808 2596 admittenda
2838 2546 3202 2613 praestantes.
3234 2541 3335 2597 His
3390 2541 3686 2598 clauditur

2035 2630 2216 2688 series
2231 2634 2490 2685 veterum
2508 2635 3025 2687 monumentorum
3042 2648 3168 2703 qua:
3187 2631 3260 2687 ad
3281 2631 3474 2688 lucem
3495 2630 3556 2687 in
3573 2631 3683 2689 hac

2037 2719 2429 2790 disputatione
2459 2719 2901 2776 diffundendam
2932 2721 3248 2794 coegimus.

2110 2807 2427 2864 XlII.Multi
2452 2807 2636 2864 multa
2656 2809 2715 2864 in
2739 2810 2942 2865 eadem
2965 2809 3201 2882 querela
3223 2815 3484 2868 recentes
3504 2811 3686 2883 scrip-

2038 2914 2201 2967 sere;
2235 2901 2310 2964 et,
2342 2897 2552 2953 iisdem
2582 2903 2844 2954 veterum
2876 2899 3233 2955 testimoniis
3262 2899 3399 2956 licet
3426 2905 3686 2970 utentes,

2039 2985 2136 3041 alii
2169 2987 2227 3040 in
2260 2985 2404 3040 alias
2451 2986 2644 3041 abiere
2675 2987 3018 3052 sententias,
3051 3003 3285 3042 summa
3328 2992 3559 3043 tantum
3590 3004 3686 3043 ca-

2037 3073 2162 3146 pita
2193 3077 2578 3138 recensentes,
2611 3090 2738 3145 quae
2770 3073 2938 3130 nobis
2969 3091 3082 3146 prae
3136 3074 3411 3131 omnibus
3445 3074 3688 3132 maximi

2039 3162 2208 3234 pretii
2237 3163 2363 3218 visa
2391 3167 2623 3228 sunt,ea
2650 3163 2946 3220 veteribus
2978 3164 3355 3235 adjunximus
3383 3168 3686 3234 ;veterum

2038 3252 2197 3308 enim
2229 3268 2389 3307 more
2419 3251 2619 3307 haberi
2653 3251 2889 3307 CC.VV.
2924 3253 3686 3323 Ludovic.Thomassinum,

2041 3342 2109 3397 D.
2142 3339 2570 3405 Constantium,
2597 3357 2766 3396 nemo
2799 3341 3185 3396 succensebit.
3209 3342 3324 3397 Nec
3357 3342 3687 3399 minoribus

2039 3430 2156 3485 fere
2179 3428 2453 3484 laudibus
2483 3429 2693 3501 dignas
2727 3429 2984 3500 periti,ni
3015 3429 3508 3494 fallor,habebunt
3537 3431 3687 3485 duas

2040 3518 2279 3574 ultimas
2326 3515 2763 3573 dissertationes
2793 3533 2920 3588 quae
2945 3517 3053 3572 toti
3084 3516 3221 3573 huic
3261 3517 3501 3574 testium
3531 3522 3687 3574 vete-

2040 3623 2172 3662 rum
2220 3611 2278 3662 et
2307 3605 2626 3661 recentium
2678 3605 2899 3678 agmini
2930 3606 3228 3679 egregium
3282 3607 3460 3662 ﬁnem
3497 3606 3687 3679 impo-

2041 3701 2208 3752 nunt.
2242 3695 2372 3750 Haec
2418 3699 2614 3750 autem
2647 3694 2948 3766 prooemia,
2982 3694 3116 3750 licet
3145 3694 3349 3750 fusiori
3389 3711 3568 3767 quam
3599 3711 3689 3750 re-

2042 3786 2166 3849 bar,
2201 3783 2347 3856 stylo
2380 3783 2683 3856 protelata,
2715 3801 2911 3840 revera
2941 3789 3240 3855 nequeunt
3269 3783 3512 3853 absolvi,
3547 3784 3690 3856 quin

2042 3873 2227 3929 multo
2258 3873 2426 3945 plura
2473 3873 2542 3927 de
2574 3872 2637 3927 D.
2672 3872 2942 3944 Cypriani
2991 3872 3266 3944 operibus
3297 3873 3357 3927 in
3403 3872 3514 3928 hoc
3544 3877 3601 3928 et
3629 3872 3691 3928 iu

2043 3963 2222 4018 altero
2252 3967 2410 4017 torno
2464 3961 2754 4017 contentis
2785 3962 3096 4017 addantur.
3141 3963 3220 4017 Ea
3261 3965 3457 4017 tamen
3506 3960 3693 4018 satius

2043 4052 2102 4106 in
2135 4049 2514 4122 sequentibus
2547 4049 2810 4104 articulis
2844 4049 3145 4122 sigillatim
3195 4051 3560 4119 deducenda,
3592 4051 3693 4106 aut

2044 4139 2218 4212 paulo
2276 4139 2427 4194 infra
2481 4137 2540 4192 in
2601 4137 2900 4193 litterariis
2957 4136 3281 4194 Annalibus
3338 4137 3694 4194 remittendo.

2045 4229 2340 4286 duximus.

2615 4334 3018 4393 ARTICULUS
3050 4336 3120 4391 II.

2417 4442 2488 4481 DE
2524 4442 2908 4482 AUCTORITATE
2945 4443 2994 4480 S.
3036 4440 3326 4480 CYPRIANI.

2123 4534 2538 4603 LQuzecunque
2568 4535 2739 4586 antea
2770 4531 2829 4584 in
2860 4529 3048 4601 primo
3079 4533 3237 4586 tomo
3260 4529 3330 4586 de
3352 4530 3698 4588 auctoritate

283 4619 613 4686 sententiae,
642 4634 789 4689 quas
839 4617 896 4671 in
931 4616 1191 4688 epistolis
1223 4618 1277 4671 S.
1312 4617 1580 4690 Cypriani
1635 4622 1692 4673 et
1735 4617 1940 4672 Firmi-
1973 4605 2018 4669 D
2048 4639 2185 4678 vera
2213 4625 2271 4676 et
2300 4624 2452 4676 recto
2489 4637 2598 4674 usu
2647 4617 2991 4673 Tertulliani
3021 4617 3418 4691 allegaverim,
3449 4619 3570 4676 haec
3602 4637 3698 4677 ea-

277 4705 436 4762 liani
471 4705 741 4776 disjectas
788 4705 1142 4771 invenimus,
1189 4710 1246 4761 et
1275 4723 1400 4778 quae
1433 4707 1693 4773 demum,
1729 4707 1850 4762 sive
1879 4705 1938 4760 in

275 4797 550 4863 Oriente,
614 4796 733 4851 sive
786 4795 846 4849 in
904 4794 1232 4864 Occidente,
1289 4800 1616 4850 reverenter
1672 4799 1941 4866 acceptae,

275 4901 528 4942 causam
561 4883 895 4940 ﬁniere.His
924 4899 1076 4954 pone
1095 4883 1254 4938 subit
1285 4884 1595 4940 concilium
1614 4883 1942 4939 Romanum

273 4981 428 5030 tunc
458 4974 744 5046 temporis
799 4973 870 5028 ab
901 4973 1104 5028 eodem
1135 4977 1190 5027 S.
1225 4971 1516 5045 Stephano
1564 4990 1778 5045 magna
1809 4989 1942 5028 cum

277 5063 640 5120 auctoritate
689 5061 1066 5118 celebratum.
1101 5062 1275 5132 Atqui
1327 5063 1475 5117 Petri
1523 5079 1722 5118 vocem
1757 5062 1945 5118 audiri

278 5171 396 5226 par
423 5157 575 5217 erat,
626 5151 971 5224 priusquam
1019 5155 1333 5223 agerentur
1381 5150 1626 5206 dissidia
1677 5152 1946 5206 Afrorum

281 5246 349 5297 et
378 5240 796 5307 Orientalium,
831 5257 956 5312 qua
990 5243 1113 5294 tum
1148 5240 1206 5294 in
1257 5239 1541 5308 conciliis,
1573 5244 1700 5294 tum
1733 5241 1792 5294 in
1843 5240 1945 5311 Cy-

277 5329 487 5401 priani
517 5334 574 5384 et
628 5327 948 5383 Firmiliani
979 5326 1268 5398 Epistolis,
1300 5332 1426 5382 tum
1481 5327 1539 5381 in
1593 5328 1948 5398 quibusdam

282 5418 468 5473 libris
498 5421 757 5473 veterum
811 5416 1139 5487 anonymis,
1170 5414 1340 5486 pleno
1389 5433 1561 5471 amne
1609 5417 1947 5472 decurrunt.

281 5507 445 5562 Cum
477 5511 672 5562 autem
703 5509 894 5561 exstat
923 5504 983 5558 in
1013 5504 1347 5560 collectione
1361 5506 1504 5560 satis
1535 5511 1954 5572 rara,recenter

287 5594 510 5651 Oxonii
540 5596 700 5651 edita
729 5611 762 5648 a
792 5593 914 5649 Jos.
949 5593 1181 5650 Martin.
1214 5594 1427 5665 Routh,
1462 5593 1688 5666 collegii
1728 5595 1952 5652 Sancta:

281 5682 655 5761 Hagdalenae
686 5681 1310 5762 gymnasiarcha,nova
1339 5687 1564 5756 septem
1596 5685 1952 5760 synodorum

2051 4712 2205 4777 dem,
2240 4708 2482 4764 mutatis
2514 4707 2752 4779 quidem
2785 4707 3179 4778 mutandis,D.
3213 4709 3495 4782 Cypriano
3523 4709 3702 4765 ascri-

2053 4800 2188 4854 bere
2217 4796 2428 4853 ausim.
2462 4796 3153 4866 Verumtamen,multum
3188 4814 3290 4870 per
3317 4813 3551 4854 omnem
3581 4813 3702 4852 mo-

2054 4889 2194 4943 dum
2227 4885 2380 4941 absit
2412 4889 2474 4940 ut
2503 4902 2638 4940 cum
2667 4885 2936 4941 hmretico
2967 4887 3299 4942 contumaci
3330 4891 3387 4942 et
3415 4884 3701 4959 pervicaci

2055 4974 2406 5032 catholicum
2441 4978 2497 5028 et
2529 4979 2798 5028 sanctum
2850 4975 3164 5043 doctorem,
3199 4993 3334 5031 cum
3364 4975 3614 5046 superbo
3645 4977 3703 5028 et

2056 5063 2289 5137 dyscolo
2320 5064 2656 5135 presbytero
2675 5064 3013 5135 episcopum
3035 5063 3362 5136 legitimum
3381 5067 3436 5119 et
3464 5061 3704 5135 pientis-

2057 5154 2298 5220 simum,
2331 5169 2465 5206 cum
2517 5152 2868 5207 Montanista
2898 5169 3168 5224 perverso
3214 5159 3271 5208 et
3298 5167 3509 5208 vesano
3539 5167 3704 5224 egre-

2058 5242 2220 5312 gium
2253 5240 2499 5296 unitatis
2532 5240 2792 5296 Ecclesiae
2825 5245 3196 5308 assertorem,
3229 5257 3360 5297 cum
3400 5241 3704 5297 haeresiar-

2060 5330 2171 5387 cha
2200 5332 2680 5400 martyrem,cum
2713 5329 2850 5401 lupo
2873 5335 3165 5402 pastorem
3197 5331 3459 5387 conferre
3487 5331 3706 5387 videar.

2060 5419 2181 5475 Etsi
2213 5435 2368 5474 unus
2416 5418 2488 5473 ab
2519 5416 2698 5473 altero
2750 5417 2927 5473 totius
2953 5417 3080 5472 caeli
3110 5422 3301 5474 tractu
3345 5420 3540 5489 distet,
3573 5423 3712 5475 sunt

2067 5512 2260 5563 tamen
2289 5507 2443 5562 inter
2473 5511 2784 5576 utrumque
2802 5523 2917 5561 non
2951 5506 3141 5563 solum
3165 5508 3632 5581 originis,patrize
3654 5510 3712 5562 et

2063 5595 2371 5664 natalium,
2406 5596 2507 5651 sed
2539 5603 2593 5650 et
2623 5593 2862 5666 ingenii,
2883 5595 3282 5654 doctrinarum
3315 5602 3372 5653 et
3400 5595 3712 5668 expositio~

2066 5685 2158 5744 nis
2213 5684 2604 5760 apologeticaa,
2637 5683 3003 5757 dogmatica,
3033 5685 3121 5745 vel
3169 5685 3524 5760 paraeneticle
3563 5699 3715 5765 non:
