4064 6196
321 362 408 424 γιι

1815 342 2236 440 pazarA'rlo

3629 365 3734 419 VIR

324 477 499 548 nullae
539 477 871 546 relationes,
903 493 1050 550 quas
1101 475 1402 550 speciatim
1435 474 1808 547 explicandas
1861 476 1972 532 alio
2004 476 2060 544 Α
2095 476 2485 547 peremptorio
2535 493 2598 531 ac
2630 477 2870 533 definito
2911 477 3158 549 judicio.
3193 478 3473 552 Quisquis
3521 485 3734 556 autem,

325 568 477 625 alius
523 572 707 624 curet.
743 567 959 622 Mirum
1013 572 1207 621 tamen
1245 563 1412 618 nobis
1461 565 1649 619 visum
1682 571 1769 621 est
1800 568 1975 637 quod,

327 674 461 713 cum
495 655 772 712 neoterici
806 655 862 711 in
894 672 1033 711 suas
1062 657 1258 725 partes
1279 651 1703 708 Tertullianum
1734 653 1983 710 libenter

330 746 637 814 adducere,
687 744 1158 818 Cyprianumque
1207 758 1471 797 amovere
1521 743 1820 810 deberent,
1861 742 1979 798 imo

331 829 397 890 eo
429 837 681 907 priorem
713 832 905 889 acrius
936 831 1182 886 aversati
1214 830 1350 900 sint,
1376 847 1490 901 quo
1523 831 1826 902 posteriori
1862 836 1982 887 stu-

331 924 554 978 diosius
585 919 954 978 adhaeserint.
979 919 1182 974 Infelix
1213 919 1654 990 infaustumque
1686 919 1797 974 fuit
1825 937 1978 976 sem-

333 1029 436 1085 per
466 1008 750 1065 haareticis
783 1007 1036 1063 haeretici
1068 1007 1410 1062 Tertulliani
1444 1025 1979 1080 nomen,magnum

332 1089 463 1155 vero
501 1104 559 1154 et
587 1117 620 1153 a
649 1097 900 1152 summis
932 1097 1083 1151 inter
1111 1096 1432 1152 Catholicos
1482 1099 1977 1158 commendatum.

330 1188 497 1243 Unde
527 1188 650 1242 haec
698 1186 872 1240 habet
903 1186 972 1240 de
1023 1185 1380 1240 Tertulliano
1431 1186 1714 1260 Georgius
1762 1186 1981 1242 Rosen-

329 1275 542 1333 muller
574 1293 587 1331 :
621 1298 648 1325 «
681 1275 785 1329 Hic
816 1273 925 1344 vir,
951 1278 1014 1329 ut
1045 1273 1361 1346 primarius
1388 1273 1694 1332 latinitatis
1718 1275 1986 1332 ecclesia-

329 1365 487 1422 sticas
519 1369 718 1421 auctor
745 1362 965 1433 fuit,ita
993 1362 1168 1418 etiam
1202 1363 1260 1416 in
1293 1363 1606 1433 ejuslibris
1623 1363 1812 1436 prima
1841 1368 1982 1420 sunt

332 1453 561 1510 semina
590 1451 893 1520 theologiaa
913 1450 1192 1507 Africana
1224 1455 1280 1507 et
1310 1452 1523 1508 Latina
1556 1470 1681 1524 quae
1714 1458 1800 1509 tot
1829 1454 1985 1512 mala

311 1542 604 1608 Ecclesiae
653 1545 709 1597 et
751 1541 1014 1614 religioni
1065 1540 1280 1598 attulit.
1315 1543 1660 1614 Quanquam
1707 1544 1862 1598 enim
1910 1544 1982 1598 ad

332 1630 724 1688 Montanistas
755 1630 1098 1699 defecit,hoc
1123 1633 1316 1686 tamen
1334 1631 1663 1687 auctoritati
1681 1633 1809 1703 ejus
1828 1633 1981 1704 apud

333 1718 666 1776 Catholicos
696 1736 903 1792 parum
935 1719 1205 1774 detraxit.
1241 1719 1461 1774 Etenim
1497 1721 1814 1775 maximam
1846 1736 1982 1793 ope-

333 1825 469 1865 rum
499 1825 741 1864 suorum
773 1812 996 1879 partem
1019 1807 1086 1862 in
1115 1806 1543 1864 Catholicorum
1575 1811 1985 1867 communione
2013 1847 2062 1912 B

332 1898 607 1969 scripsit;
640 1901 696 1952 et
746 1894 1180 1951 montanismus
1225 1895 1342 1964 ille,
1375 1912 1549 1968 quem
1599 1904 1836 1954 secutus
1868 1905 1975 1967 est,

329 1983 703 2058 disciplinam
722 1983 1176 2041 ecclesiasticam
1193 1988 1423 2040 tantum
1443 1985 1977 2055 sollicitavit,ﬁdem

333 2091 449 2130 non
479 2074 733 2129 violavit.
768 2073 1000 2129 Accedit
1046 2073 1199 2143 quod
1231 2073 1551 2145 Cyprianus
1584 2092 1797 2148 magna
1848 2093 1979 2134 eru-

329 2162 571 2220 ditionis
619 2167 674 2219 et
723 2159 1076 2219 orthodoxiae
1125 2160 1299 2218 laude
1346 2162 1405 2217 in
1442 2164 1683 2236 antiqua
1727 2165 1983 2223 Ecelesia

331 2251 892 2324 ﬂorens,perpetuus
923 2249 1267 2306 Tertulliani
1295 2250 1554 2308 imitator
1585 2253 1982 2327 fuit,eumque

335 2341 477 2396 adeo
506 2340 833 2396 admiratus
863 2343 954 2396 est
984 2343 1048 2395 ut
1075 2339 1352 2406 eum,xa'c‘
1383 2338 1604 2414 ἐξοχήν,
1631 2343 1980 2416 magistrum

331 2427 610 2485 vocitaret
637 2429 771 2502 (4).»
804 2428 1146 2501 Sphalmata
1175 2429 1310 2485 hinc
1342 2430 1476 2486 inde
1508 2419 1774 2503 respersa
1799 2433 1857 2489 in
1888 2434 1982 2490 his

335 2519 530 2575 verbis
560 2518 610 2574 si
642 2516 984 2590 neglexeris,
1017 2517 1076 2572 id
1109 2517 1275 2574 facile
1305 2518 1502 2575 animo
1540 2521 1824 2590 attendes,
1855 2527 1985 2578 tan-

341 2613 465 2664 tum
499 2606 1544 2679 hisminuiTertullianum,quantum
1560 2609 1766 2665 iisdem
1789 2611 1985 2668 extolli

340 2696 715 2771 Cyprianum.

412 2787 792 2844 ll.Undenam
825 2790 985 2842 tanto
1016 2785 1139 2844 viro
1171 2787 1561 2860 indignalaus
1583 2789 1610 2842 ?
1634 2788 1793 2844 Unde
1818 2789 1983 2845 triste

335 2874 827 2948 praeconium?Ex
854 2874 1042 2946 ipsius
1073 2892 1208 2930 cum
1239 2874 1535 2947 Stephano
1557 2879 1836 2932 Pontiﬁce
1853 2895 1984 2933 con-

334 2965 516 3019 flictu.
551 2963 697 3019 Hinc
725 2963 784 3019 in
833 2980 967 3018 cum
999 2964 1246 3019 conflata
1296 2965 1721 3020 neotericorum
1765 2968 1978 3038 studia,

333 3053 599 3125 tantique
624 3051 876 3124 impensi
908 3052 1136 3107 labores
1163 3069 1177 3118 ;
1214 3052 1348 3116 hinc
1381 3052 1694 3124 splendida
1715 3055 1812 3110 illa
1843 3073 1981 3130 ope-

335 3160 467 3198 rum
497 3142 626 3214 ejus
653 3141 828 3196 editio
858 3140 1061 3196 Oxonii
1101 3142 1272 3210 data;
1305 3142 1442 3198 hinc
1473 3142 1766 3200 indefessa
1814 3145 1973 3214 Felli,

2090 567 2326 620 attentis
2358 565 2448 620 his
2494 567 2816 638 principiis,
2847 568 3186 640 Cyprianica
3215 585 3391 641 opera
3441 570 3736 642 evolverit,

2088 655 2304 709 nedum
2335 660 2604 711 sanctum
2655 656 2995 712 Pontiﬁcem
3029 657 3194 714 Sedis
3235 658 3510 714 Romanae
3561 662 3733 716 refra-

2088 746 2349 814 gatorem
2380 743 2751 810 habeat,eum
2781 746 2978 817 potius
3007 746 3065 801 in
3099 747 3306 819 primis
3339 748 3733 806 Romanorum

2089 831 2528 903 privilegiorum
2559 835 2971 905 assertoribus,
3002 852 3068 891 ac
3108 852 3252 908 pene
3282 837 3474 893 dicam
3525 839 3733 895 Roma-

2090 937 2296 974 norum
2327 919 2734 991 theologorum
2765 923 3215 994 antesignanum
3243 925 3658 996 deprehendet.

2163 1009 2254 1063 IV.
2290 1009 2418 1063 Hzec
2453 1010 2610 1065 enim
2641 1015 2801 1079 sunt,
2836 1029 2906 1066 ne
2929 1011 3205 1068 allusisse
3235 1013 3454 1084 videar,
3487 998 3738 1087 ipsamet

2089 1098 2365 1170 dogmata
2397 1115 2523 1170 quze
2557 1099 2779 1170 passim
2811 1101 2871 1155 in
2903 1103 3090 1156 sancti
3123 1102 3382 1158 Doctoris
3413 1103 3741 1176 scriptis,ut

2088 1187 2404 1243 luminaria
2433 1189 2710 1255 emicant,
2744 1189 3024 1245 nimirum
3062 1207 3075 1244 :

2160 1276 2219 1332 1°
2248 1276 2584 1346 Ecclesiam,
2635 1282 2796 1334 extra
2841 1295 3019 1349 quam
3070 1295 3240 1336 nemo
3289 1279 3482 1338 vivere
3529 1284 3734 1356 possit,

2090 1381 2220 1421 esse
2252 1383 2427 1420 unam
2457 1383 2471 1433 ;

2160 1456 2219 1507 2°
2253 1454 2436 1509 Unam
2484 1455 2635 1510 hanc
2686 1454 2998 1511 Ecclesiam
3050 1471 3178 1512 esse
3223 1458 3592 1530 catholicam,
3636 1477 3737 1517 seu

2091 1558 2194 1614 per
2221 1547 2412 1598 totum
2444 1543 2644 1600 orbem
2675 1543 2949 1600 diffusam
2981 1562 2994 1611 ;

2161 1632 2220 1685 3°
2250 1631 2434 1688 Unam
2467 1631 2616 1687 hanc
2648 1636 2704 1688 et
2751 1631 3099 1689 catholicam
3132 1634 3451 1710 Ecclesiam
3497 1636 3738 1710 insuper

2093 1736 2221 1776 esse
2268 1720 2614 1792 Romanam,
2647 1721 2704 1775 in
2756 1720 2922 1778 Petro
2951 1723 3278 1792 fundatam,
3311 1741 3416 1780 nec
3463 1743 3498 1782 a
3538 1731 3741 1783 sancta

2092 1809 2237 1864 Sede
2270 1809 2532 1866 Romana
2582 1809 2939 1881 distinctam,
2973 1827 3081 1867 nec
3111 1829 3144 1866 a
3183 1829 3418 1870 summo
3463 1815 3740 1871 Pontiﬁce

2091 1899 2380 1955 diversam
2409 1917 2423 1968 ;

2161 1989 2218 2042 4ο
2247 1986 2432 2044 Unam
2451 1987 2602 2044 hanc
2618 1987 2968 2044 catholicam
2991 1991 3048 2044 et
3074 1988 3394 2046 Romanam
3421 1991 3736 2049 Ecclesiam

2089 2078 2316 2144 esse,ad
2348 2081 2602 2134 mentem
2620 2077 3049 2149 Cyprianiﬁdei
3068 2078 3330 2149 regulam
3348 2080 3739 2136 certissimam

2091 2183 2194 2222 nec
2243 2168 2455 2222 erroris
2486 2164 2664 2222 ullius
2707 2165 2836 2221 labe
2879 2166 3317 2236 .intaminatam,
3352 2184 3458 2224 nec
3504 2168 3738 2224 intami-

2093 2256 2376 2312 nandam.

2161 2343 2428 2400 V.Velim
2453 2343 2576 2400 sine
2607 2360 2771 2399 mora
2798 2343 3003 2400 audias
3034 2344 3355 2416 ipsummet
3383 2346 3735 2418 Cyprianum

2093 2436 2476 2490 disserentem
2509 2450 2523 2488 :

2166 2526 2221 2580 1°
2247 2527 2325 2580 De
2351 2524 2570 2578 unitate
2608 2522 2878 2579 Ecclesiae.
2915 2522 2978 2578 In
3007 2521 3155 2578 libro
3185 2522 3267 2577 sic
3295 2522 3598 2596 inscripto,
3633 2525 3739 2599 Cy-

2091 2614 2334 2686 prianus
2364 2612 2489 2683 ipse
2516 2615 2766 2666 testatur
2782 2627 2844 2666 se
2875 2627 3106 2667 omnem
3132 2617 3615 2684 suam,quantum
3639 2632 3738 2687 po-

2091 2703 2224 2772 tuit,
2257 2706 2512 2756 mentem
2539 2701 2612 2755 de
2640 2699 2894 2756 Ecclesia
2923 2700 3356 2756 infudisse.Sed
3387 2707 3446 2756 et
3480 2725 3501 2752 ι
3537 2703 3739 2759 catho-

2091 2790 2212 2846 licae
2243 2789 2510 2846 Ecclesiae
2542 2789 2886 2858 unitatem,»
2918 2788 3130 2859 inquit,
3153 2808 3174 2835 α
3208 2795 3495 2860 quantum
3527 2793 3738 2863 potuit,

2092 2879 2377 2952 expressit
2409 2882 2608 2934 nostra
2638 2877 3067 2933 mediocritas.»
3097 2909 3168 2917 --
3203 2901 3223 2928 α
3262 2879 3324 2933 In
3359 2877 3520 2948 illo,»
3551 2880 3743 2952 inquit

2091 2970 2374 3025 diaconus
2405 2966 2812 3037 Pontius,vitaa
2842 2970 2898 3022 et
2929 2966 3143 3021 mentis
3175 2967 3442 3038 magistri
3473 2969 3566 3024 sui
3595 2969 3742 3025 inte-

2089 3058 2380 3130 gerrimus
2412 3056 2632 3121 testis,«
2658 3055 2858 3110 docuit
2887 3055 3187 3111 veritatem
3220 3055 3742 3123 henreticos,schis-

2091 3146 2334 3201 maticos
2387 3146 2692 3211 unitatem,
2728 3143 2877 3198 filios
2926 3143 3028 3198 Dei
3075 3161 3278 3215 pacem
3328 3147 3426 3217 (2).
3468 3170 3488 3194 ι)
3527 3147 3605 3202 Ex
3635 3147 3742 3202 hoc

329 3230 650 3298 Pearsonii,
694 3228 999 3297 Dodwelli,
1033 3229 1288 3301 Rigaltii,
1331 3230 1588 3298 Routhii,
1641 3233 1972 3300 Marschall,
2006 3214 2048 3279 C
2086 3240 2281 3289 autem
2313 3232 2506 3288 libello
2543 3249 2555 3286 :
2583 3234 2670 3286 1°«
2697 3231 3013 3287 Ecclesiam
3043 3214 3218 3288 unam
3255 3234 3311 3286 in
3336 3214 3576 3288 VCantico
3598 3249 3739 3288 can-

327 3319 517 3392 Poole,
552 3319 844 3375 Matthiesi
876 3335 1071 3390 opera,
1105 3323 1310 3374 cuncta
1344 3320 1425 3374 rei
1467 3320 1817 3392 Cyprianiezs
1850 3339 1972 3378 mo-

327 3408 712 3478 menta,haud
743 3408 870 3464 sine
902 3407 1102 3480 iniquo
1126 3409 1380 3480 partium
1414 3409 1974 3483 favore,pensa,pro-

326 3499 464 3554 bata
510 3497 908 3569 reprobatave,
941 3502 997 3552 et
1025 3496 1342 3552 decretorio
1380 3497 1604 3568 judicio
1635 3499 1970 3556 constituta.

397 3586 517 3642 Hoc
562 3586 744 3658 igitur
772 3585 963 3641 oneris
1012 3584 1292 3641 catholico
1324 3585 1561 3641 cuilibet
1600 3587 1662 3641 S.
1703 3588 1974 3659 Cypriani

327 3675 534 3732 editori
564 3675 969 3746 incumbit,ut,
999 3674 1245 3729 sublatis
1277 3675 1431 3730 unde
1462 3675 1615 3746 apud
1649 3678 1972 3732 neotericos

231 3829 242 3840 ,
327 3781 540 3822 nomen
571 3765 700 3836 ejus
729 3763 980 3821 elevetur
1009 3763 1663 3830 fundamentis,tantum
1691 3765 1844 3836 apud
1876 3765 1973 3819 Ec-

327 3852 514 3908 clesiae
545 3852 698 3909 ﬁlios
725 3857 946 3910 crescat
974 3869 1108 3908 vera
1138 3853 1267 3924 ejus
1311 3853 1651 3920 auctoritas,
1684 3860 1970 3924 quantum

327 3943 480 4016 apud
512 3946 815 3999 extraneos
847 3942 1091 4014 deprimi
1123 3941 1406 3997 videatur.
1430 3942 1634 3997 Totam
1667 3942 1846 4013 igitur
1874 3959 1972 3998 no-

324 4036 506 4089 stram
537 4033 608 4088 de
637 4029 1750 4103 auctoritateCyprianidisquisitionem
1782 4031 1842 4086 in
1876 4048 1970 4088 ex-

323 4121 598 4195 plicanda
626 4122 816 4195 ipsius
847 4120 1137 4178 sententia
1168 4119 1320 4174 circa
1351 4120 1712 4190 pontiﬁciam
1744 4120 1972 4193 praecel-

320 4211 565 4268 lentiam
595 4210 981 4282 colligendam
1014 4223 1141 4263 esse
1181 4207 1444 4262 arbitrati
1475 4225 1706 4263 sumus.

393 4301 490 4356 III.
512 4300 601 4355 Ab
631 4299 906 4355 omnibus
937 4301 1234 4368 receptum
1265 4300 1358 4352 est
1386 4296 1732 4367 scriptorem
1765 4313 1968 4368 quem-

319 4391 462 4448 libet
481 4388 872 4461 judicandum
905 4402 1055 4450 esse,
1079 4401 1194 4439 non
1226 4401 1294 4439 ex
1327 4402 1440 4440 uno
1472 4385 1723 4442 alterove
1756 4403 1971 4443 sermo-

321 4496 464 4535 num
497 4480 624 4548 ejus
650 4477 821 4532 verbo
853 4494 866 4544 ;
899 4476 999 4531 sed
1033 4491 1101 4529 ex
1130 4473 1406 4529 continuo
1438 4475 1712 4529 doctrinas
1744 4479 1964 4544 tenore;

2083 3324 2332 3378 ticorum
2365 3320 2617 3392 Spiritus
2649 3329 2886 3375 sanctus
2918 3337 2987 3375 ex
3017 3337 3260 3391 persona
3297 3320 3524 3374 Domini
3577 3321 3732 3378 desi-

2083 3415 2225 3483 gnat
2255 3416 2310 3466 et
2358 3409 2498 3464 dicit
2528 3409 2708 3479 (Cant.
2757 3426 2834 3475 vr,
2866 3409 2920 3478 9)
2958 3427 2970 3464 :
3008 3409 3122 3464 Una
3177 3412 3253 3463 est
3284 3409 3539 3464 columba
3584 3427 3732 3481 mea,

2079 3503 2328 3572 perfecra
2379 3515 2520 3568 mea,
2571 3515 2685 3554 una
2713 3506 2792 3554 est
2838 3498 3030 3552 matris
3058 3514 3192 3562 suae,
3232 3497 3400 3552 electa
3448 3500 3737 3568 genitricis

2079 3604 2201 3645 suae
2231 3588 2328 3660 (3).
2365 3609 2392 3637 »
2423 3589 2482 3640 2°
2513 3609 2540 3636 «
2575 3587 2784 3642 Beatus
2832 3583 3131 3656 apostolus
3165 3585 3379 3640 Paulus
3428 3585 3538 3641 hoc
3578 3587 3733 3643 idem

2083 3679 2267 3743 docet,
2321 3681 2378 3731 et
2425 3680 2860 3732 sacramentum
2911 3673 3155 3729 unitatis
3203 3674 3479 3743 ostendit,
3533 3675 3734 3732 dicens

2082 3766 2294 3838 (Ep/ws.
2330 3781 2404 3832 ιν,
2439 3765 2552 3833 4ο6)
2585 3782 2597 3818 :
2641 3765 2817 3820 Unum
2857 3778 3050 3834 corpus
3074 3771 3124 3818 et
3153 3779 3296 3818 unus
3342 3763 3588 3835 spiritus.
3620 3780 3735 3819 una

2079 3871 2198 3925 spes
2245 3855 2547 3910 vocationis
2588 3857 2823 3919 vestrae;
2877 3868 3020 3907 unus
3069 3854 3360 3920 Dominus,
3417 3869 3532 3908 una
3578 3853 3731 3923 ﬁdes,

2079 3961 2255 3998 unum
2283 3944 2583 4011 baptisma,
2613 3957 2761 3995 unus
2798 3943 2938 3996 Deus
2965 3940 3062 4013 (4).
3098 3963 3126 3990 ››
3159 3942 3218 3995 3ο
3247 3963 3275 3991 ‹‹
3308 3940 3492 4004 Quam
3540 3942 3732 3997 unita-

2079 4042 2196 4090 tem
2230 4033 2477 4088 firmiter
2507 4035 2701 4086 tenere
2728 4034 2785 4085 et
2812 4029 3108 4085 vindicare
3139 4031 3442 4098 debemus,
3479 4031 3733 4086 maxime

2079 4121 2360 4194 episcopi,
2389 4120 2488 4191 qui
2520 4120 2578 4173 in
2611 4117 2870 4174 Ecclesia
2898 4119 3304 4190 praasidemus,
3338 4125 3402 4174 ut
3431 4120 3734 4193 episcopa-

2078 4217 2202 4265 tum
2237 4225 2470 4281 quoque
2501 4208 2695 4280 ipsum
2729 4225 2916 4263 unum
2950 4211 3123 4279 atque
3152 4208 3472 4264 indivisum
3521 4209 3733 4281 probe-

2080 4317 2214 4355 mus
2247 4300 2342 4370 (5).
2378 4321 2405 4347 ››
2434 4300 2492 4352 4ο
2520 4321 2548 4348 ‹‹
2582 4298 2884 4363 Quomodo
2916 4297 3057 4353 solis
3091 4297 3260 4353 multi
3293 4298 3462 4369 radii,
3498 4299 3600 4353 sed
3630 4298 3731 4355 lu-

2079 4407 2212 4444 men
2236 4404 2419 4442 unum
2447 4405 2460 4454 ;
2485 4391 2541 4442 et
2570 4387 2716 4442 rami
2745 4387 2971 4443 arboris
3000 4386 3299 4458 multi,sed
3333 4388 3513 4443 robur
3543 4403 3732 4442 unum

2076 4478 2265 4533 tenaci
2297 4476 2490 4532 radice
2522 4477 2834 4532 fundatum
2879 4495 2891 4545 ;
2935 4480 2992 4532 et
3021 4493 3154 4532 eum
3187 4477 3258 4530 de
3287 4476 3444 4531 fonte
3476 4491 3592 4530 uno
3624 4475 3729 4530 rivi

319 4583 434 4623 non
471 4581 539 4622 ex
566 4565 900 4638 improvisis
930 4564 1118 4619 effatis
1147 4562 1204 4617 in
1240 4564 1586 4619 commercio
1610 4564 1965 4636 litterarum,
2002 4583 2045 4646 ι)
2077 4567 2316 4638 plurimi
2347 4567 2749 4634 defluunt.....,
2771 4565 2968 4621 unitas
2999 4569 3195 4622 tamen
3227 4569 3492 4620 servatur
3522 4564 3582 4619 in
3614 4561 3736 4620 ori;

321 4660 585 4712 movente
616 4654 810 4710 subito
835 4670 1028 4709 rerum
1050 4653 1729 4726 tumultu,excitatis,sed
1753 4671 1821 4709 ex
1846 4658 1969 4709 rata

319 4745 587 4816 serieque
638 4747 886 4799 tractata
933 4742 1246 4811 sententia,
1279 4759 1392 4796 non
1424 4759 1490 4797 ex
1521 4742 1792 4814 opinione
1837 4760 1966 4797 car—

317 4835 466 4908 ptim
519 4834 757 4889 defensa
803 4837 862 4887 et
908 4830 1184 4903 deinceps
1229 4833 1470 4898 mutata,
1507 4832 1606 4886 sed
1657 4848 1726 4886 ex
1774 4833 1966 4899 ﬁrmo,

412 5031 463 5104 1)
494 5030 993 5104 HistprJnterpret.
1029 5028 1216 5084 libror.
1250 5026 1345 5104 S_S.
1379 5029 1440 5084 in
1464 5030 1699 5086 Ecclesia
1735 5029 1961 5100 Christ,

313 5101 662 5174 Hildhurgh.
700 5101 857 5167 1798,
895 5105 1042 5174 part.
1089 5118 1157 5174 11,
1183 5117 1239 5174 p.

383 5176 460 5245 (2)
495 5170 596 5244 Ep:
633 5190 704 5239 LI,
755 5170 910 5245 tomf
932 5172 1045 5245 IV,
1076 5170 1182 5245 col.
1215 5171 1321 5245 345
1354 5186 1365 5224 :
1397 5172 1496 5245 Hic
1543 5172 1682 5227 liber
1727 5177 1963 5244 scriptus

305 5254 389 5301 est
421 5243 720 5301 ~Occdsiane
766 5244 1073 5299 schz'smatis
1103 5243 1402 5297 Novatiani
1431 5246 1480 5296 ct
1520 5246 1778 5313 factio-nis
1813 5243 1957 5302 Feli-

306 5319 544 5372 cissimi.
592 5315 806 5384 Dupin,
839 5316 979 5370 Bibl.
1029 5317 1196 5380 auct.,
1231 5320 1274 5368 t.
1310 5315 1355 5377 I,
1388 5331 1443 5384 p.
1475 5315 1601 5380 260,
1635 5316 1770 5370 edit.
1805 5316 1908 5372 lat.
1945 5333 1956 5373 :

304 5388 470 5443 Liber
498 5388 591 5442 hic
637 5385 706 5441 ad
735 5387 1048 5442 solvendum
1096 5385 1387 5440 Novatiani
1433 5386 1670 5440 schisma
1717 5390 1957 5443 conscri-

340 5467 455 5530 tus.
491 5457 700 5529 Fellus,
736 5475 791 5530 p.
828 5459 948 5530 104,
984 5457 1074 5512 ed.
1108 5461 1298 5530 Brem.
1335 5457 1542 5530 Parum
1572 5458 1739 5523 abest,
1769 5459 1958 5530 inquit

362 5529 609 5599 ollenus,
643 5526 808 5585 Bibit.
842 5529 936 5584 SS.
972 5530 1080 5583 PP.
1112 5532 1154 5581 t.
1189 5526 1368 5599 Ill,_p.
1404 5527 1526 5598 492,
1559 5531 1692 5598 quin
1741 5526 1959 5584 credam

295 5601 441 5658 hunc
504 5597 750 5659 libellum
805 5601 871 5656 de
919 5601 1136 5657 Unitate
1185 5597 1438 5654 Ecclesia
1495 5597 1796 5657 orationem
1847 5617 1959 5658 esse

295 5689 460 5757 quam
513 5674 825 5750 Cyprianus
873 5671 947 5728 ad
993 5672 1282 5743 episcopos,
1335 5669 1647 5745 clerumque
1678 5674 1737 5728 in
1787 5690 1956 5731 causa

2079 4653 2304 4725 gine....
2339 4653 2423 4707 sic
2455 4658 2512 4708 et
2540 4653 2796 4709 Ecclesia
2825 4653 3125 4708 Domini...
3159 4652 3258 4721 (6).
3289 4672 3315 4704 η
3340 4653 3400 4707 5ο
3430 4675 3459 4703 ‹‹
3491 4651 3729 4707 Adulte-

2077 4741 2193 4796 rari
2227 4758 2340 4796 non
2373 4745 2565 4812 potest
2593 4741 2819 4812 Sponsa
2847 4739 3324 4796 Christi...Unam
3358 4740 3600 4796 domum
3631 4755 3732 4795 no-

2075 4829 2176 4902 vit,
2198 4831 2373 4886 unius
2405 4829 2659 4885 cubiculi
2692 4829 3063 4884 sanctitatem
3096 4834 3253 4885 casto
3283 4830 3505 4900 pudore
3534 4833 3732 4885 custo-

2073 5029 2383 5086 schismatis
2445 5028 2746 5084 Novatiani
2801 5026 3033 5084 tollendi
3089 5033 3439 5096 congregatos
3500 5025 3694 5084 habuit
3711 5044 3734 5089 ;

2073 5104 2214 5156 hanc
2243 5101 2615 5164 coniecturam
2655 5102 2935 5170 sequentia
2981 5097 3222 5169 ejusdem
3254 5101 3522 5153 tractatus
3568 5100 3738 5155 verba

2071 5190 2182 5228 non
2212 5188 2411 5240 parum
2441 5173 2702 5227 roborant
2716 5190 2766 5224 .-«
2796 5187 2959 5241 quam
2989 5170 3258 5224 unitatem
3281 5171 3520 5239 ﬁrmiter
3550 5179 3738 5226 tenere

2070 5254 2122 5300 et
2149 5243 2430 5298 vindicare
2459 5243 2979 5308 debemus,maxime
3005 5243 3369 5314 episcopiqui
3397 5243 3462 5296 in
3489 5243 3736 5296 Ecclesia

2068 5314 2428 5387 praesidemus
2450 5323 2509 5368 ut
2536 5316 2900 5386 episcopatum
2913 5327 3126 5436 quoqlne
3155 5315 3335 5384 ipsum
3367 5329 3545 5368 unum
3568 5317 3733 5384 atque

2071 5389 2373 5436 indivisum
2406 5386 2709 5436 probemus.
2746 5406 2773 5433 n
2807 5383 2888 5436 Cf.
2920 5391 2961 5436 t.
3000 5385 3015 5436 l
3079 5427 3092 5436 .
3124 5384 3233 5436 col.
3267 5385 3393 5436 501.

2071 5383 2373 5442 indivisum
2404 5383 2722 5457 probemus.
2746 5406 2780 5457 a
2807 5383 2888 5457 Cf.
2920 5391 2961 5440 t.
2999 5383 3393 5457 IY,_cOl._501.

2140 5459 2214 5529 (3)
2249 5457 2377 5529 Lib.
2404 5454 2478 5512 de
2502 5459 2734 5529 ,Unitate
2765 5456 2934 5526 Eccl.,
2969 5460 3008 5510 t.
3045 5455 3136 5523 IV,
3171 5454 3279 5511 col.
3311 5457 3438 5510 500.

2138 5529 2214 5598 (4)
2251 5528 2397 5583 Ibid.
2431 5528 2539 5583 col.
2570 5531 2697 5582 501.

2138 5601 2216 5669 (5)
2249 5599 2392 5654 Ibid.

2137 5673 2214 5746 (6)
2245 5670 2416 5740 Ibid.,
2450 5669 2560 5729 col.
2591 5670 2719 5730 502.
