2032 3098
152 189 185 212 xx
897 181 1106 214 PREFATIO

1810 185 1853 213 XII

152 250 305 285 pascatur,
321 250 355 277 ut
368 248 496 279 Ecclesia
506 249 682 279 Christiana
697 250 877 278 monstretur
891 249 977 286 (20).:
992 249 1019 283 Α
1035 251 1105 277 star.
1121 259 1136 274 «
1161 247 1221 285 qui,
1245 246 1396 277 discordias
1420 247 1517 276 furore
1538 255 1674 284 vesanus,
1699 247 1859 277 Ecclesiam

152 293 189 322 Et
202 294 304 330 paucis
318 294 497 331 interjectis:
512 296 628 327 «Quam
643 294 783 322 unitatem
801 294 922 321 ﬁrmiter
933 296 976 321 te-

153 346 223 366 nere
234 340 262 366 et
271 339 418 368 vindicare
427 340 577 373 debemus,
590 339 715 367 maxime
728 339 867 375 episcopi,
884 338 933 374 qui
946 338 975 365 in

156 382 285 411 Ecclesia
295 384 532 420 prmsidemus,ut
542 384 742 420 episcopatum
751 392 867 419 quoque
878 383 975 419 ipsum

156 436 250 456 unum
272 430 359 464 atque
379 428 537 456 indivisum
553 429 757 464 probemus...
785 428 977 464 Episcopatus

156 472 379 508 unusestcujus
388 481 404 500 a
414 473 574 508 singulisin
582 473 708 501 solidum
717 481 783 508 pars
793 472 976 507 tenetur(21).

191 517 257 545 Haec
272 519 317 545 est
332 517 423 552 igitur
437 525 505 545 vera
519 519 548 544 et
566 518 694 554 genuina
715 517 849 553 Cypriani
864 519 927 544 tum
943 517 979 543 de

154 561 315 598 Apostolis,
331 563 394 588 tum
409 562 445 588 de
460 561 605 598 episcopis
620 562 753 590 doctrina
766 571 775 589 :
796 562 833 589 Ut
848 562 877 588 in
892 561 978 588 Petro

153 614 233 634 unus
257 607 319 633 erat
332 605 513 641 apostolatus
529 606 569 634 ita
587 608 616 634 et
631 615 708 634 unus
724 607 929 642 episcopatus;
949 607 980 632 ut

153 650 233 678 inter
247 649 346 685 plures
361 650 507 686 apostolos
523 659 582 678 una
597 653 658 678 erat
682 651 830 685 cathedra,
848 650 889 677 ita
905 650 980 677 inter

155 694 255 731 plures
272 696 402 730 pastores
418 704 494 722 unus
509 703 651 731 grcx,una
662 695 808 729 Ecclesia;
825 697 857 722 ut
868 694 897 721 in
915 702 980 730 apo—

155 739 258 768 stolico
274 739 395 775 collegio
412 748 443 767 os
460 748 552 767 unum
576 743 604 767 et
625 749 717 767 unum
734 740 808 767 Petri
825 741 922 775 caput,
939 739 981 766 ita

155 784 342 821 episcopatus
354 792 412 811 una
428 792 552 820 persona
563 788 616 818 est,
628 793 690 820 quae
703 793 719 812 a
732 784 856 820 singulis
869 784 898 810 in
915 783 981 811 soli-

156 829 229 857 dum
244 829 365 856 obtinet.
382 829 455 856 Hinc
470 829 624 864 episcopus
640 829 669 856 in
686 829 814 857 Ecclesia
828 831 871 856 est
886 830 914 855 et
928 830 979 855 Ec—

157 872 247 901 clesia
261 872 290 900 in
306 873 452 909 episcopo.
469 874 542 901 Hinc
557 874 707 901 exordium
723 873 760 901 ab
785 872 898 900 unitate
914 880 980 908 pro-

157 917 309 951 ﬁciscitur,
326 918 433 945 nedum
449 926 465 944 a
480 917 648 953 pluralitate
663 918 693 945 in
709 926 802 945 unum
826 917 979 944 coalescat.

158 962 199 990 Ex
214 961 338 996 ipsamet
353 964 438 989 Petra
451 962 538 989 excisi
554 970 731 997 sumus,non
740 964 838 989 autem
850 969 913 989 eam
927 960 984 996 ipsi

157 1005 189 1033 in
201 1005 330 1033 medium
346 1005 513 1033 attulimus:
523 1014 580 1033 non
599 1008 644 1034 est
658 1006 707 1034 ille
722 1006 797 1042 lapis
814 1005 937 1033 ultimus
948 1005 984 1033 ab

161 1050 374 1078 eadiﬁcantibus
383 1050 592 1084 adductus,sed
602 1051 630 1078 in
642 1059 675 1078 eo
686 1052 747 1078 tota
756 1050 907 1078 aediﬁcatio
919 1050 986 1078 sub-

161 1094 287 1123 struitur
298 1096 327 1122 et
337 1094 476 1122 accrescit
488 1103 494 1128 ;
513 1103 570 1122 non
580 1097 624 1122 est
635 1097 752 1123 tantum
764 1095 839 1130 lapis
851 1102 987 1122 summus

163 1141 192 1167 et
206 1138 303 1166 ultimi
319 1138 440 1174 fastigii,
457 1139 507 1166 sed
524 1141 552 1167 et
566 1139 716 1175 angularis
732 1142 758 1167 et
781 1139 986 1167 fundamenta—

162 1183 213 1218 lis,
230 1191 287 1211 non
303 1191 320 1211 θ.
335 1182 437 1211 multis
450 1183 579 1211 ecclesiis
595 1193 653 1212 una
669 1184 805 1217 Ecclesia,
817 1184 867 1212 sed
880 1184 915 1211 ab
929 1191 989 1210 una

163 1227 264 1257 multa;
279 1229 348 1255 ortas
364 1230 444 1256 sunt.
461 1228 516 1256 Sus
532 1236 599 1264 ergo
615 1229 709 1264 deque
723 1229 846 1256 vertitur
861 1228 932 1256 ordo
944 1236 989 1255 re-

163 1281 231 1301 rum
246 1274 276 1300 et
287 1271 360 1300 ratio
375 1280 442 1300 vera
456 1272 485 1300 in
499 1273 657 1308 hac,quam
668 1281 683 1300 e
693 1273 834 1309 Cypriano
847 1281 936 1308 supra
946 1272 989 1300 cf-

164 1318 264 1346 ﬂctam
275 1316 459 1351 diximus,rei
468 1317 639 1345 Christiauze
648 1317 845 1345 successivam
853 1319 881 1344 et
887 1317 991 1344 adven-

165 1362 263 1390 titiam
277 1361 308 1389 in
326 1369 418 1388 unum
433 1370 541 1397 corpus
556 1362 811 1390 coadunationem.

200 1406 276 1434 VIII.
292 1406 322 1434 3°
336 1405 464 1434 Ecclesia
485 1406 546 1434 haec
568 1415 628 1434 una
650 1408 678 1434 et
692 1405 845 1439 catholica,
869 1407 992 1434 Romana

166 1453 205 1479 est
219 1451 342 1486 insuper,
359 1451 389 1478 in
406 1452 487 1478 Petro
505 1451 632 1486 fundata,
648 1459 698 1478 nec
713 1451 747 1478 ab
762 1450 911 1486 apostolica
926 1450 992 1478 Sede

166 1495 309 1529 distincta,
325 1503 375 1523 nec
392 1503 411 1522 α
424 1503 531 1523 summa
545 1496 677 1531 Pontiﬁce
691 1495 812 1523 diversa.

205 1540 330 1568 Moveris
342 1540 441 1568 l‘orsan
456 1548 490 1568 ex
501 1548 533 1567 eo
542 1540 619 1575 quod
632 1542 719 1568 antea
730 1540 909 1568 conﬁdenter
920 1539 992 1567 dixi-

169 1592 238 1612 mus
249 1584 426 1620 Cyprianum
440 1593 503 1612 esse
514 1584 714 1620 theologorum
729 1585 928 1612 Romanorum
943 1592 993 1611 an-

171 1628 448 1664 tesignanum.Quid
460 1629 537 1664 quod
553 1630 581 1656 et
596 1637 696 1656 recens
713 1630 813 1656 auctor
827 1638 992 1665 anonymus

167 1672 245 1700 inter
254 1673 416 1700 Germania)
427 1673 812 1709 pseudoreformatos,longe
825 1672 884 1700 alia
897 1675 993 1701 mente

167 1716 314 1745 censuerit
329 1719 357 1744 S.
375 1717 555 1753 Cyprianum
577 1726 675 1745 revera
692 1717 782 1745 fuisse
799 1717 928 1753 primum
943 1718 993 1753 qui

166 1758 273 1797 dogma
290 1760 373 1788 illud.
400 1772 414 1786 «
439 1761 529 1789 Unica
542 1763 587 1789 est
603 1761 741 1794 Ecclesia,
768 1764 796 1789 et
815 1764 896 1789 extra
911 1762 992 1790 illam

166 1813 226 1833 non
240 1807 285 1833 est
297 1805 390 1839 salus,
408 1816 422 1830 »
439 1805 579 1833 invexerit
595 1806 663 1842 (22).
680 1806 833 1833 Enimvero
845 1809 911 1834 ante
925 1814 993 1834 eum

166 1857 264 1882 nemo,
282 1857 318 1877 ne
333 1850 441 1877 Irenaeo
453 1850 571 1886 quidem
587 1854 715 1886 excepto,
733 1851 899 1886 praeclarius
915 1859 993 1879 com-

167 1893 317 1920 mendavit
329 1893 486 1929 ipsammet
503 1905 516 1919 «
538 1894 615 1922 Petri
639 1895 819 1927 cathedram,
834 1895 993 1923 Ecclesiam

168 1936 370 1974 principalem,
389 1939 466 1966 unde
493 1938 681 1967 sacerdotalis
706 1940 804 1968 unitas
828 1942 927 1967 exorta
950 1942 994 1967 est

168 1982 226 2018 (23)
241 1981 375 2010 Ecclesia:
386 1983 533 2021 catholicae
545 1983 672 2011 radicem
684 1986 711 2012 et
726 1984 877 2012 matricem
894 1984 960 2020 (24).
978 1996 990 2008 ιι

167 2027 240 2054 Ante
254 2035 322 2054 eum
338 2035 434 2062 nemo,
461 2035 496 2055 ne
515 2028 695 2056 Tertulliano
722 2029 840 2064 quidem
864 2031 991 2064 excepto,

169 2070 274 2105 majori
295 2070 398 2098 extulit
422 2072 565 2107 przeconio
591 2084 605 2097 ι(
632 2081 783 2100 summum
811 2074 992 2101 sacerdotem

168 2115 340 2151 episcopum
362 2116 578 2152 episcoporum,
609 2129 622 2142 ››
648 2118 708 2145 sive
734 2117 909 2151 Cornelium;
926 2129 939 2142 ‹‹
958 2118 993 2145 de

167 2159 218 2186 Dei
234 2161 263 2186 et
277 2159 386 2187 Christi
401 2160 466 2195 ejus
478 2161 590 2195 judicio
606 2162 715 2189 factum
731 2161 912 2197 episcopum,
925 2170 991 2189 cum

169 2203 287 2231 Fabiani
302 2203 395 2237 locus,
408 2205 435 2232 id
452 2207 506 2240 est,
518 2214 586 2233 cum
601 2205 683 2233 locus
698 2206 773 2233 Petri
786 2208 814 2233 et
824 2206 933 2242 gradus
944 2214 992 2233 ca-

168 2247 279 2276 thedrae
295 2249 486 2278 sacerdotalis
502 2252 618 2278 vocaret
632 2251 700 2285 (25),
718 2262 731 2275 ››
757 2250 818 2278 sive
832 2250 994 2286 ipsummet

1032 294 1149 325 scindit,
1167 294 1254 321 ﬁdem
1289 293 1426 327 destruit,
1442 302 1543 329 pacem
1563 294 1672 328 turbat,
1689 293 1861 322 charitatem

1032 338 1167 374 dissipat,
1184 340 1402 366 sacramentum
1416 338 1562 374 profanat.
1578 339 1666 366 Arma
1692 338 1741 366 ille
1757 340 1859 367 contra

1032 383 1191 411 Ecclesiam
1208 386 1313 419 portat,
1331 385 1431 411 contra
1455 383 1676 418 dispositionem
1692 383 1744 411 Dei
1768 391 1860 419 repu-

1033 430 1112 464 gnat.
1130 428 1228 455 Hostis
1254 428 1364 463 altaris,
1388 428 1528 456 adversus
1552 428 1728 456 sacriﬁcium
1753 428 1861 456 Christi

1033 472 1159 507 rebellis,
1176 481 1228 508 pro
1246 473 1302 500 ﬁde
1316 473 1454 508 perﬁdus,
1465 481 1517 509 pro
1533 472 1672 508 religione
1686 472 1859 508 sacrilegus,

1033 517 1229 553 inobsequens
1245 525 1355 550 servus,
1377 517 1456 545 ﬁlius
1470 517 1590 552 impius,
1608 517 1698 544 frater
1711 517 1861 550 inimicus,

1034 563 1209 597 contemptis
1224 561 1370 597 episcopis
1386 564 1413 589 et
1434 562 1484 589 Dei
1510 561 1713 589 sacerdotibus
1739 561 1860 594 relictis,

1035 606 1212 634 constituere
1227 606 1314 633 audet
1329 605 1407 633 aliud
1424 605 1523 642 altare,
1544 614 1646 642 pacem
1661 605 1782 633 alteram
1798 605 1859 632 illi-

1035 650 1102 678 citis
1116 650 1237 678 vocibus
1248 650 1510 683 facere,Dominicaa
1526 650 1629 678 hostiaa
1644 650 1797 678 veritatem
1811 658 1863 686 per

1036 694 1110 722 falsa
1124 694 1279 722 sacriﬁicia
1292 695 1444 730 profanare
1469 695 1535 730 (27).
1552 694 1642 726 Quale
1662 694 1802 722 delictum
1816 695 1863 722 est

1036 740 1113 775 quod
1130 748 1182 767 nec
1208 740 1354 775 baptismo
1379 740 1532 776 sanguinis
1549 742 1644 775 potest
1659 739 1740 767 ablui
1754 739 1760 766 l
1778 739 1864 774 quale

1036 784 1146 812 crimen
1163 786 1217 818 est,
1230 785 1306 819 quod
1322 784 1462 820 martyrio
1478 793 1534 812 non
1550 786 1646 820 potest
1661 783 1769 819 expiari
1786 784 1862 819 (28)!

1036 828 1222 864 Inexpiabilis
1233 829 1318 865 culpa
1331 828 1337 856 Ι
1356 828 1472 856 macula
1482 828 1539 856 ista
1549 837 1601 856 nec
1618 828 1762 864 sanguine
1773 828 1864 856 ablui-

1037 875 1085 901 tur
1099 874 1165 909 (29).
1182 874 1311 900 Ardeant
1326 873 1394 901 licet
1416 873 1554 906 flammis,
1572 875 1601 901 et
1616 873 1735 909 ignibus
1750 872 1864 906 traditi,

997 934 1022 966 Β
1037 918 1081 946 vel
1097 918 1203 953 objecti
1218 917 1331 953 bestiis,
1354 918 1469 945 animas
1492 925 1563 945 suas
1587 919 1707 953 ponant,
1733 925 1791 944 non
1808 916 1865 944 erit

1040 962 1092 990 illa
1116 963 1183 990 ﬁdei
1208 970 1324 996 corona,
1349 962 1400 989 sed
1425 971 1511 998 poena
1533 961 1672 998 perﬁdiae,
1695 969 1748 989 nec
1770 961 1865 988 exitus

1040 1007 1196 1043 gloriosus,
1219 1007 1269 1034 sed
1290 1007 1503 1043 desperationis
1518 1006 1664 1034 interitus.
1684 1005 1783 1034 Occidi
1798 1005 1866 1034 talis

1041 1052 1148 1086 potest,
1164 1051 1296 1079 coronari
1313 1060 1370 1078 non
1386 1053 1482 1086 potest
1497 1051 1564 1087 (30).
1584 1062 1598 1075 ››

1079 1095 1122 1122 IX.
1136 1095 1210 1127 Quid
1226 1096 1330 1131 plura?
1345 1095 1437 1123 multo
1451 1095 1547 1131 plane,
1559 1104 1593 1123 ea
1603 1103 1708 1131 nempe
1718 1103 1780 1130 quae
1794 1103 1866 1122 non-

1042 1140 1113 1167 dum
1129 1140 1293 1176 attigimus,
1319 1149 1353 1168 ea
1368 1148 1431 1175 quae
1448 1141 1586 1168 audacter
1600 1149 1634 1167 ex
1649 1139 1792 1176 Cypriano
1808 1142 1870 1167 sta-

1042 1185 1152 1212 tuenda
1184 1193 1404 1220 proposuimus,
1433 1184 1549 1212 nullum
1580 1184 1688 1220 quippe
1715 1183 1746 1211 in
1776 1183 1871 1219 ipsius

1045 1231 1141 1256 mente
1151 1228 1353 1256 intercessisse
1361 1229 1519 1256 discrimen
1529 1228 1606 1256 inter
1614 1228 1772 1256 Ecclesiam
1781 1236 1870 1255 unam

1044 1275 1072 1301 et
1086 1272 1260 1301 catholicam
1288 1275 1316 1300 et
1330 1273 1491 1301 Ecclesiam
1517 1273 1689 1307 Romanam,
1707 1272 1783 1300 inter
1807 1272 1871 1299 l'on-

1044 1319 1103 1345 tem
1114 1317 1300 1353 episcopatus
1310 1319 1339 1345 et
1349 1318 1452 1345 Sedem
1462 1317 1745 1353 apostolicam,inter
1754 1317 1871 1344 Petrum

1045 1364 1074 1389 et
1088 1361 1235 1389 Christum
1250 1362 1280 1389 in
1305 1362 1392 1390 terris
1408 1362 1561 1390 sedentem
1577 1364 1605 1389 et
1619 1362 1781 1395 docentem,
1797 1361 1873 1388 inter

1046 1406 1164 1434 Petrum
1179 1409 1207 1434 et
1230 1407 1329 1434 sedem
1352 1415 1448 1441 suam,
1465 1408 1493 1434 et
1512 1414 1697 1435 successores
1712 1414 1793 1439 suos,
1811 1413 1869 1432 uno

1045 1451 1133 1478 verbo
1148 1453 1267 1478 Petrum
1284 1451 1360 1478 inter
1373 1453 1402 1479 et
1424 1453 1554 1479 Petrum.
1576 1450 1699 1478 Attende
1725 1450 1822 1486 potius
1842 1451 1873 1477 et

1047 1495 1116 1522 audi
1131 1496 1277 1531 quomodo
1294 1496 1344 1531 qui
1360 1503 1427 1523 cum
1440 1495 1571 1524 Cornelio
1585 1495 1793 1528 communicat,
1807 1494 1870 1529 ipse

1047 1541 1076 1567 et
1091 1548 1158 1567 cum
1174 1539 1302 1568 Ecclesia
1319 1540 1462 1568 catholica
1478 1540 1674 1568 communicet
1690 1549 1696 1567 ε
1715 1550 1729 1564 ‹‹
1744 1537 1872 1574 Scripsi-

1049 1584 1103 1611 stis
1118 1583 1216 1618 etiam,
1232 1583 1339 1619 inquit,
1355 1586 1388 1612 ut
1399 1584 1569 1619 exemplum
1584 1584 1752 1611 earumdem
1763 1582 1873 1609 littera-

1049 1636 1115 1655 rum
1127 1628 1162 1655 ad
1174 1628 1337 1656 Cornelium
1347 1628 1488 1664 collegam
1499 1630 1631 1656 nostrum
1642 1626 1873 1654 transmitterem

1048 1672 1228 1708 ut,deposita
1243 1672 1323 1700 omni
1340 1672 1607 1707 sollicitudine,jam
1617 1671 1711 1699 ‘sciret
1720 1672 1748 1698 te
1758 1678 1872 1704 secum,

1047 1717 1102 1744 hoc
1117 1719 1162 1745 est
1177 1725 1244 1744 cum
1258 1716 1401 1744 catholica
1411 1716 1538 1744 Ecclesia
1549 1715 1766 1743 communicare
1777 1715 1846 1750 (31).
1859 1726 1875 1739 »

1048 1761 1120 1788 Audi
1136 1763 1164 1789 et
1179 1762 1295 1789 attende
1320 1761 1466 1796 quomodo
1483 1771 1497 1785 ι(
1520 1759 1653 1787 Ecclesize
1673 1759 1819 1788 renitatur
1845 1761 1875 1787 et

1049 1806 1176 1840 resistat,
1194 1816 1208 1830 »
1225 1808 1295 1834 sunt
1308 1805 1402 1841 ipsius
1423 1805 1521 1840 verba,
1538 1816 1552 1830 ‹‹
1569 1805 1619 1840 qui
1636 1804 1805 1832 cathedram
1821 1804 1871 1831 Pe-

1048 1851 1097 1886 tri,
1123 1858 1211 1885 super
1235 1859 1323 1885 quam
1354 1850 1475 1877 fundata
1499 1852 1544 1877 est
1578 1848 1717 1883 Ecclesia,
1742 1848 1873 1882 deserit;

1048 1894 1183 1930 quisquis
1198 1894 1224 1922 is
1238 1897 1292 1928 est,
1308 1902 1361 1921 nec
1373 1894 1436 1929 jam
1453 1894 1482 1921 in
1498 1893 1641 1926 Ecclesia,
1659 1901 1690 1921 se
1704 1901 1768 1921 esse
1782 1893 1876 1921 conﬁ-

1048 1940 1098 1966 dat
1114 1939 1182 1974 (32).
1197 1950 1211 1963 ι)
1226 1938 1301 1966 Audi
1318 1939 1347 1966 in
1365 1939 1448 1966 Petro
1463 1940 1492 1966 et
1507 1938 1537 1965 in
1561 1939 1625 1973 ejus
1650 1937 1872 1965 successoribus

1047 1984 1136 2011 vitam
1163 1992 1227 2011 esse
1253 1983 1389 2011 Ecclesiae
1413 1983 1554 2010 rationem
1587 1984 1615 2010 et
1643 1982 1873 2016 institutionem,

1048 2027 1144 2063 qualis
1160 2036 1176 2055 a
1203 2028 1319 2055 Christo
1343 2028 1461 2055 condita
1483 2027 1580 2060 fuerit,
1607 2027 1743 2063 positam.
1765 2027 1822 2055 Nec
1844 2027 1873 2054 id

1047 2073 1142 2100 obiter
1171 2074 1199 2100 et
1234 2072 1423 2108 properatim,
1455 2072 1505 2099 sed
1546 2072 1713 2108 frequenter
1746 2071 1805 2099 sive
1844 2072 1873 2098 in

1046 2117 1188 2152 epistolis,
1228 2117 1287 2144 sive
1316 2117 1345 2144 in
1383 2116 1502 2152 speciali
1538 2117 1571 2144 de
1612 2117 1719 2144 Uuilate
1745 2116 1875 2144 Ecclesia

1046 2161 1120 2189 libro
1136 2170 1146 2188 :
1167 2173 1180 2186 ‹‹
1200 2161 1340 2197 Loquitur
1364 2161 1508 2189 Domiuus
1534 2161 1570 2188 ad
1597 2161 1712 2188 Petrum
1730 2168 1736 2187 :
1753 2161 1807 2196 Ego
1822 2160 1876 2188 tibi

1046 2205 1115 2239 dico,
1140 2206 1247 2242 inquit,
1270 2207 1336 2243 quia
1360 2207 1390 2233 tu.
1413 2214 1442 2234 es
1458 2207 1569 2238 Petrus,
1586 2210 1611 2233 et
1628 2213 1711 2240 super
1734 2205 1805 2232 hanc
1818 2207 1874 2232 Pe-

1046 2254 1118 2277 tram
1144 2251 1283 2286 aediﬁcabo
1308 2251 1466 2278 Ecclesiam
1489 2258 1603 2280 meam;
1627 2251 1652 2276 et
1674 2250 1763 2284 portw
1787 2249 1875 2283 inferi

167 2292 360 2329 Stephanum,
377 2305 391 2319 ‹‹
408 2303 495 2329 quem
512 2297 626 2331 oportet
640 2295 733 2322 facere
750 2294 936 2330 plenissimas
947 2295 993 2323 lit-
1007 2300 1030 2332 ί)
1045 2302 1101 2322 non
1115 2296 1224 2322 vincent
1239 2303 1360 2323 eam.....
1374 2306 1388 2319 ››
1405 2295 1439 2322 Et
1454 2294 1571 2327 iterum,
1589 2305 1603 2318 ιι
1620 2293 1727 2328 eidem,
1747 2295 1815 2329 post
1829 2301 1873 2320 re-

168 2337 245 2364 teras
261 2338 297 2365 ad
313 2338 499 2374 coepiscopos
523 2338 553 2366 in
578 2338 679 2366 Galliis
700 2339 885 2373 constitutos,
903 2348 991 2375 quem

168 2389 227 2408 non
242 2382 324 2410 decet
337 2383 396 2418 pati
411 2382 555 2418 episcopis
570 2383 693 2411 illudere
704 2386 731 2411 et
743 2384 779 2411 de
793 2384 947 2418 majestate
959 2392 992 2411 ac

168 2426 308 2462 dignitate
335 2426 469 2455 Ecclesiae
489 2427 622 2462 judicare
645 2427 712 2463 (25).
739 2439 753 2453 ››
776 2428 832 2456 Nec
856 2431 923 2456 ante
941 2437 993 2456 nec

168 2472 236 2506 post
251 2479 317 2498 eum
330 2471 488 2507 quisquam
500 2471 596 2499 acrius
608 2480 642 2499 ac
652 2472 853 2500 vehementius
868 2472 992 2500 insccta-

167 2515 239 2543 vita
254 2516 382 2543 Romana
405 2515 535 2544 Ecclesia
559 2516 752 2550 discedentes,
779 2516 930 2544 Novatiani
947 2517 991 2543 in-

276 2568 338 2609 hit):
354 2568 387 2596 de
407 2570 479 2597 Unit.
497 2568 572 2597 Eccl.
590 2569 645 2597 col.
660 2569 724 2597 501.

277 2604 379 2667 lii/fda
397 2640 441 2667 die
462 2641 620 2668 christlichc
639 2640 771 2675 religion,
795 2641 864 2668 noch
887 2641 932 2668 die
947 2649 990 2668 ro-

167 2674 441 2712 piisch-li'alliolische
457 2676 532 2704 kirce
547 2678 581 2704 ist
596 2677 641 2705 die
655 2674 808 2712 alleinsclz'g
830 2677 990 2704 machemlc.

169 2710 263 2747 Leipz,
282 2711 353 2738 und.
371 2712 496 2747 Francl'.,
515 2713 592 2740 1791.

170 2746 262 2808 82(123)
278 2747 370 2783 Epist.
383 2748 503 2784 Lv,ulius
514 2749 549 2776 ad
561 2748 673 2776 Cornel.
686 2757 737 2781 xu,
755 2750 774 2775 t.
793 2748 839 2776 ΙΙΙ.
856 2748 910 2776 col.
928 2750 990 2783 818,

169 2817 261 2882 7182.4)
274 2818 365 2855 Epist.
381 2828 443 2855 XLV,
468 2820 540 2849 alias
565 2820 600 2848 ad
617 2819 740 2856 Cornel.,
764 2829 801 2854 1v,
827 2822 849 2847 t.
875 2820 909 2853 II,
935 2820 989 2848 col.

1047 2340 1244 2367 surectionem
1268 2347 1365 2374 suam,
1382 2338 1452 2366 dicit
1467 2347 1474 2366 :
1502 2339 1585 2366 Pasce
1605 2345 1666 2366 oves
1680 2346 1765 2365 meas.
1781 2337 1873 2373 super

1047 2383 1131 2410 illum
1147 2392 1238 2411 unum
1251 2383 1374 2411 aediﬁcat
1385 2382 1543 2410 Ecclesiam
1555 2391 1650 2416 suam,
1663 2382 1741 2410 etilli
1752 2390 1872 2417 pascen-

1047 2428 1099 2455 das
1115 2428 1237 2455 mandat
1247 2436 1313 2455 oves
1326 2436 1407 2455 suas.
1422 2429 1454 2454 Et
1471 2427 1607 2463 quamvis
1621 2425 1769 2462 Apostolis
1780 2426 1873 2453 omni-

1047 2472 1102 2499 bus
1118 2474 1183 2508 post
1207 2472 1451 2499 resurrectionem
1474 2479 1558 2499 suam
1583 2479 1682 2506 parem
1698 2472 1873 2506 potestatem

1047 2516 1159 2544 tribuat
1173 2519 1202 2544 ct
1216 2516 1294 2544 dicat
1310 2524 1316 2544 :
1336 2516 1411 2544 Sicut
1435 2516 1511 2543 misit
1526 2523 1569 2542 me
1593 2516 1685 2548 Pater,
1699 2519 1724 2543 et
1745 2522 1792 2550 ego
1807 2516 1873 2542 mit-

1048 2570 1139 2632 7-(225)
1155 2570 1247 2606 Epist.
1262 2579 1310 2604 LII,
1326 2569 1399 2597 alias
1414 2569 1450 2597 ad
1467 2567 1580 2596 Cornel.
1597 2576 1625 2600 x,
1637 2570 1658 2596 t.
1674 2567 1724 2604 III,
1741 2568 1796 2596 col.
1808 2569 1871 2602 771,

1069 2615 1076 2632 Ι
1102 2626 1107 2632 .

1069 2615 1137 2677 l(62's)
1155 2644 1204 2677 Ep.
1222 2650 1306 2676 mu,
1323 2641 1358 2668 ad
1375 2639 1488 2677 sapa,
1504 2641 1524 2666 t.
1545 2639 1602 2677 HI,»
1612 2639 1666 2666 col.
1683 2640 1747 2666 903.

1081 2675 1136 2712 (27)
1153 2675 1263 2705 Passim
1281 2678 1310 2704 in
1326 2676 1375 2704 lib.
1392 2676 1425 2703 de
1441 2676 1572 2712 Unit.,_n.
1589 2675 1605 2702 8
1621 2677 1649 2702 et
1664 2683 1746 2710 seqq.

1082 2710 1137 2748 ('28)
1154 2714 1191 2740 De
1204 2714 1278 2741 Orat.
1295 2713 1449 2744 Dominica,
1464 2714 1485 2738 t.
1502 2710 1549 2737 1V.

1082 2750 1137 2784 (29)
1155 2750 1214 2775 Lib.
1231 2749 1263 2776 de
1279 2749 1352 2777 Unil.
1369 2748 1439 2775 Eccl.

1082 2785 1137 2820 (30)
1154 2785 1239 2820 lbid.,
1256 2784 1310 2820 col.
1328 2784 1390 2811 511.

1223 2818 1360 2861 nia-alias
1370 2819 1570 2861 ad‘Co‘rnn'x,
1586 2819 1608 2861 ἰε
1626 2818 1746 2861 ΙΕΛΟΟΙ.
1762 2819 1826 2847 768.

1081 2841 1137 2892 (si)
1153 2841 1213 2885 Elii.
1223 2841 1697 2894 Iié'(iiiifimlvifiiﬂtéifsool
