4064 6196
283 336 403 388 xm

1787 323 2218 392 EDITORUM.

3607 335 3712 390 xxv

288 473 350 521 to
377 475 569 529 vos...;
604 461 825 532 tamen,
877 461 945 517 ut
988 459 1272 518 unitatem
1320 456 1736 530 manifestaret,
1768 478 1947 519 unam
1977 462 2033 529 Α
2063 459 2316 533 ipsemet
2329 459 2462 518 ﬁdei
2482 477 2618 518 cum
2641 455 2920 535 martyrio
2943 460 3307 519 confessione
3328 454 3704 536 expiandum.

290 551 642 608 cathedram
694 550 1019 618 constituit,
1072 553 1316 608 unitatis
1364 553 1627 624 ejusdem
1673 551 1951 623 originem

2062 554 2194 621 Haec
2225 552 2368 606 satis
2398 556 2569 607 sunto
2587 552 2659 607 ad
2677 553 3068 619 statuendam,
3087 557 3152 608 ut
3171 551 3708 624 voluimus,propo-

287 642 362 697 ab
395 658 520 696 uno
553 640 935 712 incipientem
979 657 1086 695 sua
1133 643 1479 698 auctoritate
1526 641 1803 714 disponit.
1838 644 1953 698 Hoc
2062 640 2336 696 sitionem
2361 645 2622 696 nostram
2651 658 2662 695 :
2696 640 2755 695 in
2784 646 2976 696 mente
2997 657 3207 714 nempe
3229 640 3498 713 Cypriani
3520 640 3708 697 Eccle-

287 735 459 786 erant
488 736 555 786 et
585 729 770 786 ceteri
805 729 1069 802 Apostoli
1102 731 1259 801 quod
1292 731 1400 786 fuit
1419 735 1649 802 Petrus,
1674 731 1799 803 pari
1820 748 1952 786 con-

290 819 475 876 sortio
511 819 742 892 praediti
774 823 832 873 et
863 818 1102 874 honoris
1142 823 1200 875 et
1247 821 1590 891 potestatis;
1642 821 1741 876 sed
1787 837 1951 876 exor-

291 911 457 965 dium
493 909 572 963 ab
618 909 844 963 unitate
899 907 1307 980 proﬁciscitur,
1340 914 1396 964 et
1445 909 1731 981 primatus
1782 910 1949 965 Petro

289 999 484 1069 datur,
541 1001 610 1052 ut
667 1015 784 1052 una
836 996 1048 1052 Christi
1100 997 1356 1053 Ecclesia
1403 1003 1459 1054 et
1511 999 1785 1054 cathedra
1832 1015 1949 1053 una

290 1090 662 1143 monstretur
694 1087 827 1158 (33).
861 1105 888 1137 η

358 1176 490 1232 Haec
509 1176 573 1231 in
599 1177 729 1247 ipso
755 1175 1195 1247 rebaptismatis
1219 1176 1502 1244 tumultu,
1524 1180 1588 1232 ut
1609 1179 1782 1232 modo
1801 1177 1945 1232 dixi-

291 1282 450 1332 mus,
488 1266 564 1321 ad
591 1264 954 1320 Juhaianum
986 1265 1212 1332 scribit,
1245 1265 1446 1320 dicens
1477 1283 1489 1319 :
1548 1289 1567 1314 α
1607 1271 1774 1321 Petro
1823 1267 1946 1338 pri-

291 1371 458 1410 mum
486 1354 990 1426 Dominus,super
1019 1369 1192 1426 quem
1219 1354 1523 1410 aediﬁcavit
1542 1355 1946 1419 Ecclesiam,et

292 1445 448 1499 unde
477 1443 724 1499 unitatis
755 1443 1042 1515 originem
1074 1443 1329 1499 instituit
1367 1448 1424 1499 et
1473 1446 1749 1516 ostendit,
1784 1449 1944 1516 pote-

295 1537 505 1589 statem
537 1534 712 1588 istam
745 1532 927 1602 dedit,
960 1536 1024 1586 ut
1052 1532 1108 1586 id
1144 1531 1466 1588 solveretur
1495 1534 1553 1586 in
1595 1533 1754 1589 cmlis
1787 1535 1942 1604 quod

295 1621 397 1677 ille
423 1621 694 1677 solvisset
722 1622 780 1675 in
810 1621 983 1676 terris
1014 1621 1146 1693 (34).
1178 1620 1400 1677 Clamat
1429 1622 1714 1678 Dominus
1754 1628 1820 1677 ut
1849 1626 1946 1694 qui

303 1713 454 1781 sitit,
485 1713 671 1765 veniat
691 1715 737 1765 et
765 1711 904 1764 bibat
933 1710 1004 1765 de
1035 1710 1378 1766 ﬂuminibus
1427 1727 1588 1782 aqua)
1634 1712 1771 1767 vivas
1816 1729 1941 1783 qua:

308 1800 384 1854 de
418 1800 547 1869 ejus
577 1803 760 1853 ventre
786 1799 1096 1854 ﬂuxerunt.
1133 1799 1256 1863 Quo
1286 1803 1570 1856 venturus
1599 1805 1690 1855 est
1717 1800 1814 1872 qui
1863 1801 1940 1856 si-

309 1888 425 1942 tit?
447 1892 712 1942 utrumne
741 1889 811 1942 ad
842 1888 1235 1960 haereticos...,
1265 1905 1338 1944 an
1362 1889 1434 1944 ad
1464 1888 1941 1961 Ecclesiam,quas

305 1992 412 2030 una
441 1979 526 2030 est
554 1980 612 2031 et
643 1992 819 2046 super
851 1992 1060 2042 unum,
1091 1976 1190 2048 qui
1220 1981 1277 2032 et
1307 1977 1499 2036 claves
1527 1978 1656 2048 ejus
1696 1979 1935 2049 accepit,

296 2063 518 2120 Domini
548 2080 688 2119 voce
721 2064 965 2119 fundata
994 2065 1124 2120 est?
1155 2066 1279 2120 Haec
1329 2070 1420 2121 est
1449 2083 1567 2121 una
1615 2084 1742 2138 quas
1782 2071 1939 2122 tenet

291 2158 344 2207 et
369 2152 638 2224 possidet
671 2168 904 2209 omnem
937 2155 1138 2226 sponsi
1179 2154 1272 2210 sui
1304 2159 1360 2210 et
1400 2155 1632 2210 Domini
1682 2159 1935 2226 potesta-

287 2245 396 2296 tem
427 2241 566 2309 (35).
603 2262 632 2289 »
667 2245 797 2296 Haec
827 2243 1029 2298 eadem
1061 2242 1214 2297 intra
1243 2243 1792 2314 Carthaginensium
1841 2261 1933 2316 sy-

287 2331 572 2384 nodorum
624 2330 938 2387 conciones
997 2337 1054 2386 et
1109 2332 1362 2401 decreta,
1405 2332 1492 2388 vel
1551 2333 1932 2404 semetipsum

289 2419 682 2474 damnaturus
713 2419 926 2489 sanxit,
955 2435 1089 2474 cum
1122 2419 1270 2476 dixit
1299 2439 1312 2476 :
1347 2443 1373 2470 «
1408 2420 1662 2492 Spiritus
1693 2425 1934 2476 sanctus

290 2523 464 2574 unus,
498 2513 555 2563 et
591 2525 715 2563 una
745 2508 1000 2563 Ecclesia
1030 2525 1062 2564 a
1091 2509 1320 2565 Christo
1352 2509 1597 2564 Domino
1623 2525 1802 2580 super
1831 2510 1931 2564 Pe-

281 2601 440 2651 trum
474 2597 701 2669 origine
729 2597 974 2652 unitatis
1000 2602 1058 2651 et
1087 2598 1332 2654 rationis
1363 2597 1609 2653 fundata
1637 2599 1772 2670 (36).
1808 2621 1836 2648 ››

347 2685 412 2739 Χ.
449 2685 698 2742 Nullum
730 2702 845 2740 non
880 2691 1184 2741 moverunt
1212 2686 1467 2758 lapidem
1501 2687 1600 2758 qui
1632 2705 1665 2742 a
1686 2688 1798 2743 ﬁde
1820 2691 1930 2743 Ro-

277 2790 454 2829 mana
469 2775 906 2842 defecerunt,ut
925 2775 1074 2830 hanc
1093 2775 1562 2831 testimoniorum
1582 2775 1795 2832 molem
1819 2777 1936 2832 dis-

272 2862 488 2934 sipent.
522 2863 660 2930 Alii,
694 2864 869 2919 dente
896 2864 1094 2920 invido
1123 2865 1298 2920 verba
1336 2865 1503 2935 quasi
1535 2867 1928 2933 corrodentes,

274 2951 936 3008 nonnullaexcidissein
957 2953 1257 3008 nonnullis
1271 2953 1570 3010 codicibus
1599 2971 1931 3026 summope-

273 3057 339 3095 re
349 3041 817 3109 jactant.Quidni
839 3058 972 3098 vero
993 3043 1168 3097 refert
1189 3042 1469 3098 exciderit
1490 3059 1558 3097 ex
1584 3041 1678 3097 his
1707 3059 1825 3096 una
1845 3042 1928 3097 a1-

273 3133 477 3183 terave
500 3127 714 3198 vocula,
735 3129 1058 3185 dummodo
1083 3133 1238 3185 stent
1257 3134 1463 3185 caetera
1483 3130 1510 3184 ?
1541 3132 1710 3186 Stant
1727 3147 1860 3185 vero
1872 3135 1929 3186 et

269 3216 444 3288 plura
470 3236 486 3283 ;
519 3218 1530 3274 stantinvictaetincluctahilia.A1ii
1551 3235 1792 3274 sensum
1811 3219 1928 3275 dis-
1956 3199 1998 3266 C

270 3309 574 3376 torquent,
589 3313 668 3370 et,
687 3306 922 3362 Petrum
953 3306 1111 3362 velut
1130 3307 1526 3362 umbraticum
1550 3308 1789 3380 signum
1823 3325 1926 3379 pro

270 3393 472 3449 derisu
507 3394 815 3463 habentes,
834 3395 915 3449 nil
934 3394 1309 3452 nisivacuum
1343 3395 1930 3468 episcopicujuslibet

265 3488 474 3554 typum
511 3483 570 3538 in
602 3501 670 3539 eo
695 3484 1156 3555 deprehendunt,
1191 3491 1292 3540 aut
1314 3486 1630 3556 quamdam
1663 3486 1780 3542 fere
1807 3503 1930 3542 eva-

269 3572 469 3628 nidam
506 3573 692 3628 totius
723 3573 1097 3644 episcopatus
1128 3573 1471 3646 imaginem,
1494 3575 1665 3645 cujus
1698 3576 1770 3630 ad
1802 3592 1931 3630 suc-

273 3676 539 3716 cessorss
569 3677 683 3716 nec
714 3661 856 3717 levis
887 3663 1100 3717 umbra
1129 3662 1486 3734 pertransiit.
1523 3663 1655 3731 Alii,
1689 3679 1753 3718 ac
1784 3680 1930 3735 prae-

268 3747 443 3819 cipue
473 3749 633 3804 inter
655 3754 942 3806 nostrates
973 3749 1324 3820 Gallicanos,
1352 3750 1646 3806 subtiliori
1675 3753 1929 3822 quodam

268 3839 496 3892 intuitu
545 3839 758 3894 Sedem
799 3857 833 3894 a
877 3840 1115 3895 sedente
1165 3840 1582 3909 discernentes,
1624 3840 1928 3912 quidquid,

269 3931 571 3994 sanctum,
590 3945 872 4000 magnum
906 3946 974 3984 ac
1003 3929 1349 4001 primarium
1377 3934 1467 3984 est
1481 3929 1613 3985 Sedi
1638 3931 1817 3985 eﬁ‘use
1835 3930 1932 3984 tri-

267 4017 489 4086 buunt,
521 4018 865 4073 sedentibus
883 4022 1080 4073 autem
1104 4018 1481 4074 Pontiﬁcibus
1499 4018 1929 4086 inﬁrmitatem,

275 4104 768 4175 imbecillitatem,
785 4124 1037 4162 errorem
1061 4107 1411 4172 condonant,
1427 4124 1642 4179 easque
1664 4107 1929 4179 prurien-

280 4194 440 4249 tium
476 4195 952 4251 scholasticorum
986 4195 1162 4252 tricas
1190 4197 1579 4252 vcnerendam
1613 4196 1928 4268 antiquita-

270 4289 392 4340 tem
444 4300 515 4339 ac
563 4285 771 4356 primis
816 4284 1170 4358 Cyprianum
1216 4286 1388 4356 pleno
1445 4285 1715 4357 amplexu
1767 4302 1930 4341 exce-

268 4373 453 4444 pisse,
489 4373 722 4443 fovisse,
756 4374 1025 4430 docuisse
1054 4378 1476 4430 contestantur.
1509 4375 1694 4430 Testis
1729 4379 1927 4429 tamen

275 4467 366 4515 est
391 4463 520 4532 ipse
566 4461 827 4534 pontifex
875 4467 930 4516 et
982 4467 1216 4534 martyr,
1249 4462 1350 4533 qui
1395 4462 1514 4518 haec
1545 4467 1740 4534 aperte
1771 4480 1930 4518 asse-

2060 727 2209 784 siam
2241 746 2419 785 unam
2449 732 2505 785 et
2525 727 2870 786 catholicam
2894 747 3008 785 non
3029 731 3210 788 fuisse
3230 748 3264 787 a
3285 731 3549 788 Romana
3563 731 3706 787 sede

2059 820 2409 889 sejunctam.

2128 908 2552 965 XI.4°Ecclesia
2565 909 2681 965 haec
2698 926 2733 964 u
2745 926 2834 974 na,
2861 909 3525 980 catholica,Romana,ad
3544 926 3707 967 men-

2057 1003 2175 1054 tem
2197 998 2488 1070 Cypriani,
2516 1015 2642 1054 vera
2675 1007 2754 1056 est
2767 1001 2821 1054 et
2836 1000 3007 1054 unica
3022 997 3154 1067 ﬁdei
3169 1001 3359 1070 regula
3377 1001 3702 1065 certissima,

2053 1103 2154 1142 nee
2183 1090 2386 1143 erroris
2414 1089 2584 1142 ullius
2624 1088 2740 1142 labe
2771 1089 3103 1142 intaminata
3140 1103 3240 1143 nec
3278 1088 3700 1144 intaminanda.

2127 1175 2416 1246 Heecjetsi
2446 1175 2715 1248 pluribus
2746 1176 2866 1232 sint
2895 1176 3143 1248 prodigii
3175 1175 3411 1244 similia,
3435 1193 3503 1232 ex
3532 1181 3703 1232 antea

2056 1264 2226 1320 dictis
2284 1266 2462 1321 ﬂuere
2519 1282 2584 1320 ac
2649 1264 2978 1322 necessario
3022 1264 3252 1321 tramite
3281 1265 3490 1320 deduci
3521 1268 3699 1337 patet.

2053 1358 2252 1410 Nonne
2283 1355 2362 1408 ibi
2411 1355 2517 1410 erit
2575 1355 2707 1410 ﬁdei
2750 1354 2951 1426 regula
2997 1371 3131 1410 vera
3159 1359 3218 1410 et
3247 1354 3439 1425 unica,
3473 1353 3574 1410 ubi
3612 1357 3704 1410 est

2056 1464 2085 1492 ‹‹
2105 1459 2224 1497 una
2255 1449 2312 1498 et
2339 1444 2596 1515 perfecta
2631 1443 2724 1499 Dei
2759 1443 3031 1499 columba
3054 1461 3067 1508 ;
3089 1465 3117 1493 »
3136 1443 3236 1498 ubi
3275 1463 3301 1497 α
3321 1460 3476 1499 unus
3511 1442 3700 1498 Domi-

2051 1533 2339 1596 nus,‘una
2369 1532 2534 1598 ﬁdes,
2568 1549 2723 1588 unus
2754 1533 2908 1588 Deus
2936 1550 2948 1600 ;
2974 1555 3003 1582 »
3036 1533 3136 1588 ubi
3167 1556 3195 1583 ‹‹
3223 1549 3378 1588 unus
3408 1536 3498 1588 est
3527 1549 3592 1587 ac
3615 1532 3702 1586 in-

2052 1619 2276 1676 divisus
2326 1621 2736 1693 episcopatus;
2773 1643 2802 1670 »
2855 1621 2955 1676 ubi
2997 1643 3025 1671 «
3058 1620 3437 1678 immaculata
3475 1621 3705 1693 Sponsa

2051 1707 2420 1775 Christi,una
2450 1709 2606 1764 illius
2637 1709 3062 1776 domus,unius
3083 1711 3333 1768 cubiculi
3357 1710 3701 1778 sanctitas;»

2050 1796 2151 1851 ubi
2186 1819 2206 1845 α
2245 1814 2361 1852 una
2389 1797 2520 1852 vitae
2549 1802 2605 1852 et
2634 1797 2844 1853 salutis
2881 1799 3028 1854 ratio
3057 1816 3070 1865 ;
3106 1823 3127 1850 ι
3185 1801 3328 1855 adeo
3380 1804 3445 1855 ut
3476 1821 3506 1851 «
3535 1803 3698 1855 extra

2048 1899 2178 1940 eam
2212 1901 2383 1942 nemo
2412 1885 2602 1942 vivere
2633 1886 2839 1958 possit,
2874 1902 2979 1941 nec
3010 1890 3190 1941 Deum
3222 1887 3436 1942 habeat
3465 1892 3697 1943 Patrem

2048 1973 2149 2045 qui
2191 1990 2320 2029 eam
2371 1991 2487 2030 non
2541 1974 2718 2030 habet
2758 1980 3046 2042 matrem;
3082 1991 3186 2031 nec
3216 1975 3317 2031 Dei
3344 1975 3558 2049 legem,
3590 1990 3696 2031 nec

2045 2061 2235 2118 Patris
2267 2066 2324 2118 et
2351 2062 2476 2118 Filii
2507 2064 2684 2119 ﬁdem
2713 2067 2911 2119 teneat
2939 2063 3039 2135 qui
3069 2080 3199 2120 eam
3231 2080 3347 2120 non
3379 2067 3538 2120 tenet
3565 2063 3695 2119 uni-

2044 2166 2175 2207 cam
2207 2151 2342 2208 ﬁdei
2372 2152 2636 2225 regulam
2657 2153 2685 2207 ?
2707 2173 2735 2202 »
2767 2153 2969 2208 Nonne
2998 2170 3118 2208 una
3144 2159 3234 2209 est
3261 2158 3318 2209 et
3352 2170 3488 2209 vera
3515 2158 3574 2209 et
3600 2169 3694 2209 er-

2045 2240 2193 2295 roris
2221 2257 2425 2313 expers
2456 2240 2588 2296 ﬁdei
2634 2240 2854 2314 regula,
2886 2240 2988 2297 illa
3032 2241 3290 2298 Ecclesia
3335 2259 3485 2314 qua,
3516 2263 3546 2292 ‹‹
3579 2247 3690 2298 Do-

2044 2327 2190 2382 mini
2219 2329 2349 2385 luce
2387 2330 2644 2401 perfusa,
2676 2347 2779 2401 per
2822 2331 3022 2386 orbem
3072 2335 3261 2387 totum
3309 2331 3505 2388 radios
3547 2348 3689 2388 suos

2043 2417 2308 2489 porrigit,
2343 2434 2472 2489 quae
2504 2435 2607 2490 per
2634 2422 2821 2474 totum
2855 2419 3055 2475 orbem
3077 2420 3318 2476 unitatis
3343 2421 3577 2477 vinculo
3599 2439 3694 2478 co-

2044 2505 2319 2577 pulatur;
2357 2529 2384 2556 ››
2436 2507 2558 2572 illa,
2591 2507 2855 2579 inquam,
2906 2508 3163 2565 Ecclesia
3211 2526 3347 2577 una,
3381 2510 3686 2579 catholica,

2045 2595 2329 2661 Romana,
2363 2619 2391 2645 «
2425 2597 2581 2652 unde
2611 2597 2989 2652 sacerdotalis
3012 2598 3206 2654 unitas
3235 2603 3437 2655 exorta
3465 2603 3572 2666 est,
3596 2617 3689 2656 ec-

2042 2682 2354 2739 clesiarum
2407 2685 2674 2740 omnium
2723 2686 2890 2741 radix
2927 2690 2984 2741 et
3035 2687 3273 2754 matrix,
3303 2705 3337 2744 a
3365 2705 3480 2760 qua
3517 2703 3689 2745 nemo

2041 2773 2310 2841 discedit,
2343 2774 2487 2844 quin
2525 2774 2700 2828 ﬁdem
2752 2775 3036 2846 destruat,
3068 2775 3385 2832 Ecclesium
3435 2777 3689 2846 scindat,

2039 2879 2241 2934 pacem
2273 2863 2488 2930 turbet,
2517 2880 2682 2918 arma
2710 2863 2771 2918 in
2797 2869 2979 2919 Deum
3012 2864 3180 2932 ferat,
3209 2864 3423 2920 Christi
3453 2865 3687 2922 rebellis

2039 2951 2244 3005 evadat
2273 2955 2328 3006 et
2357 2968 2460 3022 pro
2492 2952 2604 3007 ﬁde
2635 2952 2934 3023 perﬁdus;
2968 2973 2996 3000 »
3029 2953 3146 3020 illa,
3180 2953 3442 3024 inquam,
3475 2955 3683 3008 Roma-

2038 3056 2250 3095 norum
2282 3041 2623 3111 pontiﬁcum
2659 3057 2774 3096 una
2819 3045 2876 3095 et
2927 3039 3253 3096 infallibilis
3292 3041 3427 3096 ﬁdei
3459 3041 3680 3113 regula,

2037 3127 2390 3201 quibuscum
2422 3129 2857 3185 communicare
2888 3129 3127 3202 perinde
3152 3145 3218 3184 ac
3248 3129 3326 3184 sit
3362 3130 3685 3187 communi-

2039 3233 2167 3273 care
2196 3217 2492 3273 catholicaa
2523 3216 2830 3286 Ecclesiae;
2878 3216 3231 3289 quibuscum
3279 3218 3676 3290 constituitur,

2036 3312 2101 3362 ut
2129 3309 2189 3363 in
2223 3324 2337 3362 uno
2365 3308 2555 3373 Petro,
2590 3307 2784 3362 omnis
2829 3307 3134 3363 aediﬁcatio
3183 3305 3451 3363 Ecclesiae
3501 3325 3679 3380 quam

2036 3414 2153 3452 non
2204 3396 2437 3451 vincent
2492 3400 2671 3466 porta:
2720 3395 2928 3463 inferi;
2980 3412 3098 3450 una
3148 3412 3356 3467 nempe
3386 3395 3682 3468 cathedra,

2039 3484 2284 3542 unitatis
2315 3485 2581 3555 ejusdem
2625 3484 2807 3554 origo,
2836 3485 3128 3555 primatus
3176 3485 3341 3540 Petro
3393 3484 3588 3551 datus,
3621 3490 3690 3541 ut

2039 3590 2158 3629 una
2189 3572 2406 3627 Christi
2436 3571 2695 3628 Ecclesia
2723 3577 2780 3627 et
2809 3573 3087 3629 cathedra
3133 3590 3254 3629 una
3300 3577 3685 3629 monstretur.

2039 3661 2186 3728 Quid
2221 3662 2375 3732 quod
2409 3677 2524 3716 non
2558 3664 2792 3716 tantum
2840 3661 2932 3716 via
2985 3661 3378 3730 deductionis,
3412 3662 3514 3717 sed
3545 3661 3693 3732 ipsis

2038 3751 2308 3824 Cypriani
2337 3750 2530 3806 verbis
2563 3750 2684 3804 haec
2717 3749 2916 3805 eadem
2949 3748 3220 3804 Ecclesiae
3254 3751 3528 3806 Romanis
3563 3767 3698 3807 auc-

2039 3841 2245 3896 toritas
2299 3839 2625 3895 infallibilis
2656 3843 2853 3910 aperte
2883 3838 3283 3910 praedicatur?
3325 3843 3404 3894 En
3439 3838 3596 3896 enim
3630 3857 3696 3896 os

2041 3945 2215 3985 omne
2245 3927 2668 4000 refragantium
2700 3927 3056 3983 abstrudunt
3085 3925 3416 3983 clarissima
3467 3929 3588 3984 haec
3621 3928 3694 3984 ad

2041 4017 2380 4073 Cornelium
2412 4033 2626 4088 papam
2677 4017 2747 4071 de
2791 4015 3126 4072 Novatianis
3183 4020 3240 4070 et
3299 4017 3695 4089 peremptoris

2038 4107 2250 4162 verba:
2289 4128 2310 4155 «ι
2344 4109 2484 4161 Post
2513 4105 2627 4160 ista
2668 4105 2858 4160 adhuc
2908 4104 3170 4176 insuper,
3195 4105 3694 4179 pseudoepiscopo

2041 4196 2152 4252 sibi
2190 4197 2261 4251 ab
2293 4194 2584 4250 hareticis
2614 4193 2955 4263 constituto,
2989 4194 3262 4264 navigare
3295 4196 3512 4251 audent
3541 4199 3600 4251 et
3620 4195 3693 4250 ad

2043 4284 2190 4341 Petri
2221 4284 2560 4340 cathedram
2590 4288 2761 4354 atque
2791 4283 2861 4338 ad
2914 4282 3232 4340 Ecclesium
3284 4283 3690 4355 principalem,

2042 4376 2197 4429 unde
2229 4374 2427 4429 unitas
2459 4372 2837 4428 sacerdotalis
2869 4376 3066 4427 exorta
3094 4376 3202 4438 est,
3233 4389 3266 4426 a
3295 4370 3691 4426 schismaticis

2041 4468 2098 4517 et
2127 4461 2385 4534 profanis
2416 4461 2642 4516 litteras
2672 4460 2843 4525 ferre,
2877 4474 2982 4514 nec
3008 4459 3263 4530 cogitare
3290 4473 3389 4512 eos
3421 4473 3550 4514 esse
3576 4459 3689 4515 Ro-

275 4554 467 4605 verat:
498 4553 548 4604 1⁸
576 4550 874 4607 Christum
909 4551 1186 4606 fundasse
1218 4553 1505 4607 unitatem
1538 4551 1671 4606 ﬁdei
1698 4557 1756 4606 ct
1781 4568 1934 4607 com-
1964 4571 2006 4634 θ
2043 4569 2248 4608 manos
2282 4568 2533 4623 quorum
2567 4551 2711 4604 ﬁdes
2742 4547 3019 4619 Apostolo
3059 4547 3412 4619 pradicante
3457 4546 3698 4604 laudata

271 4638 582 4694 munionis
613 4639 906 4696 catholicae
942 4640 997 4694 in
1031 4643 1229 4708 Petro;
1253 4639 1391 4695 2°in
1412 4639 1564 4696 Petri
1586 4640 1774 4696 locum
1802 4657 1932 4696 suc-

270 4727 536 4784 cessisse
564 4727 822 4798 legitimo
844 4733 900 4784 et
921 4728 1264 4800 plenissimo
1287 4730 1421 4798 jure
1447 4730 1800 4796 Cornelium,
1820 4731 1930 4784 Lu-

270 4819 461 4884 cium,
493 4817 854 4888 Stephanum
880 4836 892 4885 ;
927 4819 987 4871 3°
1015 4818 1114 4889 qui
1141 4834 1275 4872 cum
1303 4817 1420 4874 illis
1452 4818 1934 4883 nominatim,nec

271 4910 516 4960 tantum
549 4921 683 4960 cum
720 4905 957 4961 illorum
987 4907 1118 4960 sede
1149 4905 1398 4962 inaniter
1430 4907 1486 4961 in
1516 4907 1807 4962 abstracto
1839 4923 1935 4977 ap-

273 4993 597 5065 prehensa,
623 4993 1040 5064 communicat,
1061 4994 1496 5050 communicare
1522 5012 1656 5050 cum
1678 4995 1937 5051 Ecclesia

273 5082 603 5152 catholica;
623 5084 682 5138 4ο
700 5083 799 5154 qui
817 5099 955 5138 vero
977 5083 1048 5138 ab
1069 5083 1142 5138 iis
1168 5083 1562 5156 pontiﬁcibus,
1577 5088 1934 5139 nontantum

277 5173 354 5227 ab
385 5172 628 5228 illorum
662 5173 821 5228 sedis
853 5172 1592 5239 umbra,discesserit,eum
1616 5173 1934 5228 Ecclesium

274 5261 746 5329 scidisse,ﬁdem
779 5262 1157 5330 destruxisse,
1174 5265 1378 5317 contra
1405 5262 1722 5317 Ecclesium
1756 5266 1814 5317 et
1834 5262 1935 5317 Dei

275 5350 736 5424 dispositionem
767 5366 1261 5422 repugnasse,pro
1286 5350 1398 5406 ﬁde
1419 5351 1841 5422 perﬁdum,ncc
1864 5351 1935 5406 ab

355 5512 474 5583 (33)
503 5511 563 5565 L.
601 5512 673 5566 De
707 5510 852 5566 Unit.
885 5511 1110 5583 Eccles"
1136 5516 1176 5583 t.
1212 5512 1304 5581 IV,
1337 5512 1446 5568 col.
1479 5513 1606 5567 500.

357 5581 480 5654 (34)
509 5584 615 5654 Ep.
641 5599 840 5654 Lxxm,
871 5585 916 5636 t.
949 5581 1044 5654 III,
1077 5582 1184 5640 col.
1219 5585 1376 5639 1114.

359 5584 458 5651 (34
509 5584 615 5654 Ep.
641 5599 840 5654 Lxxiu,
871 5585 916 5636 t.
949 5583 1018 5638 III

359 5583 480 5730 (353
507 5653 682 5723 Ibid.,
712 5652 822 5713 col.
856 5653 1018 5728 1116,

2045 4646 2132 4697 est
2160 4659 2172 4709 ;
2209 4641 2279 4696 ad
2313 4656 2457 4711 quos
2488 4636 2731 4710 perﬁdia
2762 4635 2978 4692 habere
3024 4637 3287 4691 nondum
3337 4635 3544 4707 potuit,
3576 4636 3695 4693 imo

2045 4729 2205 4784 nullo
2260 4744 2522 4799 unquam
2585 4731 2845 4797 tempore
2895 4724 3110 4780 habere
3160 4724 3346 4796 possit
3392 4739 3694 4780 accessum

2044 4820 2178 4890 (37).
2214 4841 2240 4867 ››
2273 4818 2454 4872 Nemo
2486 4833 2627 4870 sane
2659 4819 2748 4870 est
2779 4814 3185 4885 theologorum
3238 4814 3511 4870 Romanis
3559 4813 3694 4869 Sedi

2044 4906 2583 4963 addictissimorum
2615 4904 2715 4974 qui
2749 4904 2819 4958 de
2850 4903 3114 4958 Romana
3155 4901 3530 4958 infallibitate
3556 4902 3696 4957 ube-

2045 4997 2167 5052 rius
2199 5001 2256 5052 et
2285 4993 2621 5067 praeclarius
2651 4991 2878 5047 dixerit.

2114 5086 2232 5141 XII.
2267 5085 2396 5140 Jam
2432 5083 2602 5154 plura
2623 5081 3076 5152 supersedemus
3097 5079 3434 5135 testimonia
3463 5078 3688 5134 atferre.

2043 5173 2253 5230 Paucis
2283 5178 2479 5228 tamen
2510 5187 2685 5242 quam
2715 5173 2830 5224 cito
2853 5168 3280 5223 occurrendum
3302 5171 3392 5222 est
3419 5165 3566 5222 trita;
3589 5183 3696 5240 per

2045 5263 2310 5319 omnium
2361 5277 2461 5316 ora
2493 5258 2804 5328 objectioni
2851 5272 2918 5311 ex
2967 5254 3209 5312 dissidio
3240 5255 3510 5328 Cypriani
3558 5273 3695 5314 cum

2045 5353 2337 5425 Stephano
2368 5349 2605 5406 obortae.

2120 5514 2232 5582 (36)
2261 5510 2473 5566 Concil.
2507 5507 2774 5578 Carthag.
2808 5506 2916 5561 sub
2948 5505 3115 5578 Cypr.
3166 5522 3224 5575 ν,
3258 5507 3330 5564 de
3378 5508 3597 5580 Baptis,
3633 5525 3695 5578 II,

2049 5588 2090 5640 t.
2121 5585 2217 5640 III.
2250 5583 2358 5638 col.
2397 5583 2554 5636 1043.

2121 5622 2367 5728 ὥθ’)
2399 5622 2668 5725 ἶθῖυείὶὶειε
2699 5649 2771 5708 ad
2801 5651 2969 5708 Corn.
3001 5666 3104 5725 xu,
3127 5653 3170 5709 t.
3205 5651 3304 5721 III,
3337 5649 3445 5708 col.
3475 5650 3603 5710 818.
