4064 6196
338 319 420 380 ιν
1816 313 2230 378 ΡΒΕΕΑἸῚΟ

3640 320 3748 374 XVI

411 441 541 506 Non
574 442 744 501 nobis
774 442 1013 505 animus
1041 448 1148 515 est,
1181 458 1286 504 nec
1315 444 1439 504 ulla
1480 462 1622 506 sane
1668 446 1987 506 necessitas
2015 449 2072 517 Α
2101 447 2260 521 quod
2293 447 2624 516 correxerit,
2657 450 2715 504 et
2741 446 2990 504 fortasse
3032 461 3422 520 suppressum
3452 443 3532 504 sit
3561 442 3636 502 ab
3663 446 3746 502 eis

340 531 656 600 incumbit,
687 538 743 590 Β.
778 535 1143 609 Stephanum
1168 536 1338 607 quasi
1366 537 1579 593 erroris
1600 543 1697 594 aut
1725 537 1989 594 criminis

344 637 512 680 reum
542 622 892 680 defendendi
921 641 934 679 :
967 625 1128 680 fuere
1159 627 1251 680 sat
1271 623 1444 680 multi
1463 625 1558 696 qui
1582 625 1732 681 hanc
1755 626 1989 697 provin-

345 710 501 768 ciam
532 716 769 770 strenue
799 728 1087 784 accepere,
1121 713 1204 769 uti
1248 713 1440 770 videre
1487 718 1576 771 est
1621 715 1680 770 in
1725 714 1833 771 hoc
1861 715 1988 787 ipso

349 816 562 873 opere;
595 806 687 858 sat
719 801 890 857 multi
923 801 995 856 ab
1029 801 1246 872 iniquis
1274 803 1480 870 Vossii,
1513 803 1989 876 Basnagii,Anto-

345 889 430 948 nii
459 891 530 947 de
560 890 1807 963 Dominis,Launoii,Dupinii,etc.,conviciis
1829 909 1991 951 sanc-

342 981 474 1040 tum
504 980 817 1051 Martyrem
847 979 1232 1048 vindicantes,
1266 981 1511 1036 ﬁrmiter
1552 984 1808 1038 statuere
1854 997 1988 1038 eum

342 1084 460 1136 non
492 1067 681 1124 solum
701 1067 760 1124 in
786 1067 1052 1123 haeresim
1081 1086 1197 1125 non
1217 1069 1522 1136 cecidisse,
1550 1069 1650 1126 sed
1683 1073 1810 1125 tum
1841 1070 1989 1126 anti-

340 1156 607 1229 quitatis,
637 1161 764 1212 tum
795 1157 1057 1214 veritatis
1089 1161 1461 1225 assertorem,
1492 1174 1597 1215 nec
1627 1176 1660 1214 a
1690 1174 1826 1215 vera
1855 1160 1990 1214 doc-

341 1246 514 1308 trinae
539 1245 654 1313 via,
684 1261 790 1302 nec
811 1262 846 1301 a
865 1250 1020 1303 recto
1045 1247 1277 1303 tramite
1299 1248 1618 1320 apostolico
1643 1247 1987 1304 declinasse.

417 1333 560 1391 X111.
594 1334 776 1390 Multo
808 1335 997 1407 magis
1028 1337 1283 1392 tuendus
1314 1337 1637 1410 Cyprianus
1684 1337 1994 1408 cmterique

342 1422 783 1494 rebaptismatis
799 1424 1195 1480 fautoreszalii
1226 1425 1401 1482 aliam
1422 1426 1576 1482 viam
1608 1426 1719 1482 sibi
1743 1427 1814 1482 ad
1839 1427 1993 1482 hunc

344 1513 526 1569 ﬁnem
556 1516 848 1581 stravere;
882 1513 1140 1586 plerique
1161 1513 1306 1569 nihil
1329 1515 1442 1571 nisi
1473 1514 1909 1587 disciplinarem
1933 1515 1992 1570 in

345 1617 409 1660 re
439 1601 706 1658 nondum
735 1602 979 1660 deﬁnita
1008 1619 1234 1658 naevum
1267 1603 1716 1675 deprehendere,
1752 1603 1832 1657 nil
1880 1602 1995 1659 nisi

340 1690 406 1748 in
439 1708 625 1748 unum
654 1692 1010 1763 pontificem,
1035 1693 1195 1750 salva
1215 1709 1459 1748 summae
1481 1693 1648 1749 Sedis
1666 1694 1992 1764 majestate,

345 1781 652 1850 offensam,
685 1781 982 1840 catholicae
1033 1781 1451 1848 communioni,
1483 1781 1723 1852 zeloque
1770 1781 1993 1853 episco-

341 1869 462 1942 pali
493 1869 690 1940 aliquo
717 1870 889 1925 modo
934 1871 1511 1927 accommodandam.
1565 1871 1737 1926 Porro
1785 1875 1842 1924 in
1889 1870 1992 1942 Cy-

343 1958 534 2030 priani
548 1975 728 2015 causa
747 1958 1131 2026 defendenda,
1146 1958 1374 2014 nullum
1392 1958 1747 2031 peritiorem,
1763 1959 1991 2016 nullum

341 2047 870 2104 benevolentiorem
885 2051 1198 2118 patronum
1217 2063 1391 2117 quam
1408 2049 1806 2120 Augustinum
1820 2065 1994 2120 agno—

337 2139 589 2203 scentes,
620 2135 838 2207 duplici
869 2140 1102 2192 tantum
1134 2153 1250 2207 quo
1271 2154 1416 2193 usus
1435 2141 1543 2207 est,
1560 2138 1844 2193 utendum
1867 2154 1994 2194 esse

339 2229 684 2297 argumento
716 2225 1095 2280 arbitramur.
1122 2230 1239 2281 Aut
1259 2226 1416 2282 enim
1447 2243 1580 2282 cum
1616 2225 1715 2281 illo
1747 2226 1993 2282 candide

339 2312 740 2372 conﬁtendum
773 2329 1045 2385 peccasse
1066 2313 1442 2386 Cyprianum,
1475 2331 1762 2387 suamque
1795 2315 1992 2371 minus

338 2404 559 2460 rectam
592 2401 946 2458 sententiam
969 2407 1170 2474 postea
1191 2403 1532 2475 correxisse,
1550 2405 1621 2459 ab
1653 2420 1835 2475 eoque
1855 2420 1993 2474 prte-

334 2492 684 2562 terea,quod
699 2492 1265 2548 eratemendandum
1293 2507 1575 2564 purgasse
1597 2493 1824 2550 Patrem
1847 2493 1992 2550 falce

337 2578 661 2653 passionis;
685 2582 788 2637 ant
802 2583 1000 2652 aperte
1013 2582 1469 2637 asseverandum
1490 2598 1595 2638 nec
1617 2582 1873 2638 sensisse
1888 2599 1990 2639 nec

343 2667 652 2740 scripsisse
674 2668 1025 2742 Cyprianum
1059 2687 1186 2742 quae
1217 2671 1268 2726 ei
1320 2670 1698 2743 epistolarum
1749 2689 1990 2728 suarum

343 2758 598 2815 audaces
648 2757 1096 2829 interpolatores
1143 2759 1564 2831 ascripserunt.
1614 2761 1734 2816 Imo
1783 2762 1992 2816 audia-

343 2862 480 2902 mus
508 2850 566 2901 8.
598 2846 903 2903 Doctorem
935 2847 994 2903 in
1029 2847 1285 2920 Epistola
1312 2848 1385 2904 ad
1417 2849 1795 2905 Vincentium:
1828 2871 1856 2900 «
1887 2851 1991 2922 Cy-

341 2933 586 3007 prianus
617 2935 874 2992 sensisse
904 2935 1074 2992 aliter
1113 2936 1184 2992 de
1227 2936 1547 3008 Baptismo,
1580 2953 1755 3008 quam
1805 2938 1995 2994 forma

340 3027 400 3080 et
432 3024 794 3080 consuetudo
829 3023 1084 3080 habebat
1111 3024 1399 3093 Ecclesiae,
1432 3042 1549 3082 non
1580 3025 1640 3082 in
1672 3026 1989 3097 canonicis,

337 3112 442 3170 sed
482 3112 542 3168 in
589 3111 715 3168 suis
763 3116 820 3168 et
868 3113 928 3168 in
979 3113 1210 3169 concilii
1257 3113 1466 3170 litteris
1495 3114 1825 3182 invenitur;
1862 3132 1989 3170 cor-

2099 538 2200 610 qui
2230 538 2340 594 hoc
2369 555 2564 594 errore
2593 537 2844 593 nimium
2867 535 3137 592 delectati
3160 539 3319 602 sunt,
3336 537 3394 590 et
3410 538 3573 591 tanto
3593 533 3750 591 velut

2099 627 2419 698 patrocinio
2450 643 2646 684 carere
2675 626 3010 683 noluerunt.
3041 627 3391 696 Quanquam
3412 639 3529 681 non
3552 623 3749 680 desint

2097 716 2196 786 qui
2226 716 2335 772 hoc
2368 715 2721 788 Cyprianum
2751 732 2990 788 prorsus
3033 732 3149 771 non
3198 714 3456 770 sensisse
3504 717 3748 769 conten-

2099 805 2262 872 dant,
2285 806 2384 861 sed
2418 807 2526 861 sub
2550 806 2678 874 ejus
2705 804 2941 860 nomine
2960 819 2994 858 a
3016 802 3542 875 praesumptoribus
3575 806 3749 867 atque

2100 893 2483 950 mendacibus
2505 893 2686 950 fuisse
2699 893 3042 960 confictam;
3069 906 3258 962 neque
3271 890 3426 946 enim
3460 891 3542 946 sic
3563 891 3755 961 potuit

2099 982 2405 1054 integritas
2437 987 2608 1052 atque
2643 981 2852 1038 notitia
2882 980 3212 1038 litterarum
3236 979 3413 1034 unius
3429 979 3755 1050 quamlibet

2101 1070 2349 1126 illustris
2361 1068 3753 1143 episcOpicustodiri,quemadmodumScriptura

2101 1159 2400 1226 canonica,
2432 1163 2518 1215 tot
2545 1159 2886 1230 linguarum
2918 1159 3148 1226 litteris,
3182 1163 3240 1213 et
3269 1157 3493 1227 ordine,
3525 1161 3583 1212 et
3611 1174 3752 1214 suc-

2101 1249 2362 1305 cessione
2391 1248 2799 1304 celebrationis
2829 1247 3234 1304 ecclesiastica:
3257 1246 3753 1318 custoditur,con-

2101 1342 2191 1394 tra
2220 1354 2396 1409 quam
2428 1342 2626 1393 tamen
2657 1354 2770 1392 non
2805 1336 3117 1392 defuerunt
3145 1336 3246 1408 qui
3278 1336 3388 1392 sub
3410 1335 3752 1392 nominibus

2101 1427 2504 1499 apostolorum
2536 1426 2725 1482 multa
2753 1425 3188 1496 conﬁngerent:
3223 1426 3440 1481 frustra
3489 1425 3751 1496 quidem,

2105 1517 2245 1587 quia
2289 1515 2392 1571 illa
2420 1515 2503 1571 sic
2551 1515 2980 1579 commendata,
3013 1514 3097 1570 sic
3145 1513 3451 1582 celebrata,
3483 1513 3568 1570 sic
3616 1519 3758 1570 nota

2101 1610 2192 1662 est
2222 1621 2235 1660 :
2269 1620 2472 1661 verum
2502 1604 2642 1676 quid
2675 1603 2861 1676 possit
2881 1605 3162 1660 adversus
3190 1603 3562 1667 litteras,non
3583 1619 3755 1659 cano-

2104 1694 2235 1750 nica
2264 1693 2606 1749 auctoritate
2640 1692 2934 1760 fundatas,
2959 1692 3133 1748 etiam
3167 1692 3303 1746 hinc
3335 1692 3757 1747 demonstravit

2104 1784 2300 1855 impiae
2327 1787 2574 1838 conatus
2605 1781 2885 1852 audaciae,
2918 1781 3073 1852 quod
3103 1784 3161 1837 et
3193 1780 3473 1836 adversus
3503 1796 3602 1835 eas
3624 1796 3755 1851 quas

2105 1876 2270 1928 tanta
2296 1871 2512 1927 notitiis
2546 1869 2697 1926 mole
2729 1871 2973 1926 ﬁrmatae
3003 1874 3166 1934 sunt,
3197 1884 3327 1925 sese
3372 1869 3592 1939 erigere
3638 1885 3755 1924 non

2105 1960 2496 2033 praetermisit.
2522 1964 2699 2015 Porro
2732 1964 2926 2015 autem
2951 1958 3297 2032 Cyprianus,
3313 1962 3414 2013 aut
3435 1975 3549 2014 non
3573 1957 3757 2014 sensit

2103 2049 2344 2107 omnino
2377 2049 2532 2121 quod
2565 2065 2701 2105 eum
2734 2048 2990 2105 sensisse
3019 2047 3277 2103 recitatis
3307 2064 3319 2113 ;
3354 2051 3458 2103 aut
3487 2047 3595 2103 hoc
3626 2063 3756 2118 pos-

2103 2144 2196 2194 tea
2225 2138 2474 2194 correxit
2503 2139 2561 2194 in
2590 2138 2794 2210 regula
2814 2137 3104 2205 veritatis;
3131 2140 3230 2192 aut
3257 2136 3415 2192 hunc
3447 2136 3615 2207 quasi
3640 2153 3754 2191 nae-

2099 2244 2238 2283 vum
2263 2227 2354 2283 sui
2385 2226 2792 2283 candidissimi
2816 2225 3066 2298 pectoris
3090 2224 3390 2296 cooperuit
3410 2225 3588 2280 ubere
3619 2224 3754 2280 cha-

2103 2316 2318 2384 ritatis,
2341 2317 2482 2371 dum
2506 2316 2796 2371 unitatem
2821 2313 3087 2370 Ecclesiae
3109 2318 3228 2369 toto
3250 2314 3388 2370 orbe
3409 2313 3748 2382 crescentis,

2101 2411 2160 2462 et
2181 2405 2585 2478 copiosissime
2605 2404 2886 2472 defendit,
2903 2407 2959 2459 et
2975 2402 3552 2475 perseverantissime
3563 2403 3755 2459 tenuit

2100 2494 2401 2551 vinculum
2435 2494 2597 2566 pacis
2623 2511 2636 2549 :
2664 2493 2956 2565 scriptum
2988 2496 3079 2548 est
3107 2492 3260 2548 enim
3287 2508 3300 2548 :
3344 2492 3602 2549 Charitas
3629 2507 3750 2548 coo-

2094 2586 2241 2655 perit
2268 2584 2684 2639 multitudinem
2710 2591 3072 2654 peccatorum.
3105 2581 3364 2637 Accessit
3387 2581 3504 2637 huc
3551 2581 3750 2646 etiam,

2103 2673 2257 2745 quod
2276 2678 2558 2743 tanquam
2584 2675 2945 2728 sarmentum
2973 2670 3507 2726 fructuosissimum
3514 2669 3748 2741 ,siquid

2101 2762 2160 2817 in
2211 2779 2278 2817 eo
2325 2762 2515 2816 fuerat
2573 2761 3030 2832 emendandum,
3063 2760 3333 2832 purgavit
3388 2760 3557 2815 Pater
3608 2759 3752 2814 falce

2101 2851 2432 2923 passionis:
2460 2849 2815 2905 Sarmentum
2843 2850 3016 2916 enim,
3051 2850 3133 2904 ait
3173 2848 3476 2918 Dominus,
3499 2848 3640 2920 quod
3688 2849 3755 2903 in

2099 2956 2187 2995 me
2212 2944 2315 2996 dat
2341 2941 2603 3010 fructum,
2622 2942 2826 3010 purgat
2853 2937 2996 2994 illud
3025 2940 3189 2994 Pater
3207 2953 3380 3005 mem,
3403 2945 3463 2993 ut
3482 2937 3754 3008 majorem

2097 3033 2344 3100 fructum
2382 3029 2598 3100 aﬂ'erat.
2634 3029 2835 3086 Unde?
2882 3027 2997 3084 nisi
3029 3028 3170 3099 quia
3197 3027 3424 3083 haerens
3473 3026 3533 3081 in
3580 3025 3755 3080 diffu-

2103 3118 2264 3174 sione
2292 3117 2450 3183 vitis,
2485 3117 2742 3175 radicem
2805 3133 2922 3174 non
2978 3115 3236 3173 deseruit
3285 3115 3553 3172 unitatis.
3583 3115 3755 3182 Nam,

335 3200 558 3256 rexisse
587 3205 785 3256 autem
803 3200 978 3257 istam
1001 3202 1350 3258 sententiam
1375 3218 1488 3258 non
1517 3202 1814 3258 invenitur
1836 3220 1850 3260 :
1870 3221 1986 3261 non
2018 3191 2060 3258 C
2099 3207 2208 3263 etsi
2239 3207 2495 3262 traderet
2523 3223 2742 3277 corpus
2791 3223 2963 3261 suum
3015 3208 3080 3259 ut
3123 3204 3374 3272 arderet,
3406 3201 3752 3258 charitatem

335 3288 792 3360 incongruenter
820 3292 1020 3344 tamen
1050 3290 1122 3345 de
1151 3288 1254 3346 tali
1282 3289 1405 3346 viro
1425 3290 1883 3348 existimandum
1902 3297 1993 3349 est

411 3428 525 3502 (38)
575 3429 877 3508 P_luribu_s__
911 3432 1413 3508 rec_entervisum
1443 3437 1550 3508 _est
1593 3434 1750 3508 haud
1798 3435 1991 3508 exigui

343 3500 629 3579 momenti
660 3517 788 3558 esse
800 3501 961 3579 illud
989 3504 1562 3579 Augustinidubium
1587 3507 1657 3561 de
1673 3500 1991 3579 γνησώτῆτε

347 3572 732 3650 epistolarum
793 3572 1266 3650 Cyprianicarum
1300 3576 1358 3630 in
1404 3593 1580 3632 causa
1625 3572 1992 3650 rebaptizan-

345 3643 518 3718 ﬁjum.
552 3643 1104 3718 InteneOsprimas
1150 3651 1346 3718 partes
1394 3652 1592 3704 tenent
1640 3653 1748 3704 PP.
1767 3643 1990 3705 'Misso-

344 3715 492 3789 rius,
523 3719 581 3771 et
609 3715 1204 3789 Mictholkenbuhr,
1225 3725 1465 3789 uterque
1495 3719 1716 3776 ordinis
1746 3721 1990 3776 S.Fran-

344 3784 506 3863 cisci,
541 3789 600 3863 et
631 3787 688 3842 P.
722 3787 1113 3863 Tournemine
1146 3784 1482 3863 eisocietate
1522 3794 1662 3847 Jesu
1691 3818 1703 3858 ;
1739 3808 1989 3863 quorum

389 3857 509 3912 rior
536 3861 593 3912 et
629 3859 913 3931 posterior
967 3859 1026 3914 in
1071 3862 1336 3916 eamdem
1386 3857 1990 3931 sententiam,'eodem

373 3944 628 4005 empore,
664 3929 831 4005 inscii
879 3946 1194 4005 convenere
1245 3937 1302 3987 et
1349 3935 1652 4005 scripsere.
1687 3929 1991 3990 Edidimus

348 4001 420 4075 _ad
451 3999 668 4075 calcem
703 4000 880 4075 hujus
909 4001 1225 4059 voluminis
1256 3999 1606 4075 praecipuam
1637 4006 1712 4060 M.
1741 4005 1993 4062 Molken-

345 4071 498 4150 b_urh
532 4071 1026 4150 djssegtationem.
1064 4076 1224 4130 llaud
1253 4071 1359 4150 abs
1391 4071 1674 4150 reforsan
1706 4078 1816 4131 erit
1847 4096 1990 4150 prae-

347 4141 520 4219 cipua
548 4146 658 4219 PP_.
692 4144 1089 4219 Tournemine
1125 4151 1182 4201 et
1226 4146 1474 4219 Missorii
1528 4141 1872 4219 argumenta
1927 4166 1991 4205 eo

345 4213 458 4269 loci
491 4215 709 4290 cursim
742 4215 1035 4290 relegere;
1076 4216 1196 4272 haec
1241 4217 1409 4290 longe
1453 4213 1714 4274 breviora
1763 4237 1828 4274 ac
1878 4220 1992 4275 fere

384 4285 640 4359 eneralia
668 4283 844 4341 habet
863 4283 1024 4359 prior
1054 4305 1066 4342 :
1105 4289 1161 4342 1ο
1201 4283 1672 4359 Βίνίᾌυςυεῐὶηἰ
1698 4291 1876 4346 dubia
1908 4309 1993 4346 re-

368 4357 536 4433 rieat,
585 4373 716 4428 quas
773 4357 972 4433 modo
1004 4360 1402 4433 exposuimus.
1434 4357 1496 4415 2°
1536 4363 1728 4433 Longe
1779 4380 1812 4417 a
1856 4379 1993 4417 vero

343 4427 618 4503 alienum’
637 4433 908 4485 autumat
927 4427 1292 4503 Cyprianum
1326 4449 1391 4486 eo
1414 4427 1806 4488 conviciorum
1831 4437 1991 4490 aceto

342 4499 740 4586 in‘summ‘um
774 4499 1110 4586 pontificem
1144 4503 1450 4586 exarsisse2
1485 4505 1700 4586 quippe
1740 4504 1838 4575 qui
1868 4510 1987 4586 tam

341 4569 741 4646 vehementer,
755 4569 832 4646 at
859 4573 1134 4646 vidimus,
1149 4569 1556 4630 schismaticos
1584 4569 1989 4646 in'crepaverit.

342 4639 686 4722 3°.Multum_
711 4642 1026 4722 diversain
1168 4647 1531 4722 _Cyprianicis
1555 4639 1836 4722 principia
1855 4648 1986 4722 doc-

301 4732 304 4735 ·
342 4713 514 4790 tripes
560 4729 627 4790 ac
673 4713 733 4790 in
776 4715 996 4771 caeteris
1035 4713 1981 4790 _libris'genuinis—deprehendit.

345 4784 405 4840 4ο
423 4785 552 4861 _Imo
580 4785 817 4861 duriora
846 4784 1293 4861 Donatistarum"
1317 4789 1591 4860 dogmata
1637 4784 1834 4861 aperte
1883 4791 1984 4845 do-

344 4855 562 4912 cuisset
585 4856 640 4912 S.
672 4860 886 4931 Martyr
912 4876 924 4914 :
960 4860 1115 4915 unde
1134 4855 1503 4915 vehementer
1525 4855 1733 4915 harum
1766 4860 1983 4917 littera-

342 4943 475 5002 rum
509 4932 803 5002 auctorem
849 4946 1050 4985 verum
1093 4947 1222 4985 esse
1269 4931 1584 5002 quemdam
1627 4933 1984 4986 Donatistam

342 4998 579 5074 criticus
611 4998 810 5074 noster
834 5001 1191 5074 suspicatur,
1223 4998 1326 5056 ne'c
1359 5002 1529 5057 istius
1571 5003 1724 5056 modi
1761 5004 1984 5056 fraudis

338 5087 438 5127 eos
467 5070 768 5127 haereticos
797 5070 1270 5128 esse'immunes
1308 5074 1583 5129 ostendit.
1615 5075 1674 5128 5°
1707 5074 1982 5128 Eamdem

337 5142 712 5216 adamussim»
735 5143 1184 5216 similitudinem
1219 5149 1340 5199 tum
1374 5145 1431 5199 in
1464 5145 1556 5199 his
1588 5145 1850 5216 epistolis
1876 5147 1980 5216 Cy-

334 5213 538 5286 priano
570 5214 860 5286 ascriptis,
893 5220 1018 5270 tum
1049 5215 1107 5269 in
1131 5232 1196 5270 ea
1228 5233 1354 5286 quae
1387 5213 1709 5271 Firmiliani
1742 5213 1980 5270 nomine

332 5284 759 5354 circumfertur,
793 5291 921 5340 tum
953 5286 1010 5340 in
1044 5284 1347 5342 sententiis
1377 5293 1433 5342 et
1465 5287 1672 5342 litteris
1703 5287 1980 5343 concilio-

332 5372 464 5412 rum
479 5357 1284 5428 Africanorum,nequaquam
1308 5359 1708 5415 intercessisse
1731 5360 1982 5414 ﬁrmiter

332 5428 536 5495 credit,
560 5428 697 5497 quin
732 5427 940 5482 horum
965 5427 1250 5484 similium
1284 5437 1793 5485 monumentorum
1822 5432 1978 5485 idem

332 5497 410 5554 sit
438 5503 496 5554 et
528 5515 682 5554 unus
714 5503 936 5554 auctor.
968 5503 1028 5554 6°
1051 5501 1297 5556 Planum
1320 5503 1392 5557 de
1414 5519 1481 5558 ea
1499 5505 1889 5558 controversia
1910 5503 1982 5557 si-

332 5569 580 5624 lentium
610 5569 800 5644 Pontii
826 5570 1088 5628 diaconis
1108 5573 1164 5629 in
1191 5573 1322 5628 Vita
1341 5574 1610 5644 Cypriani
1637 5575 1979 5630 nonnullius

331 5656 462 5697 esse
489 5641 659 5714 pretii
691 5642 762 5704 ad
793 5659 964 5702 suam
992 5645 1342 5703 sententiam
1371 5641 1722 5703 firmandam
1767 5647 1878 5704 sub
1905 5647 1972 5701 ﬁ-

2101 3300 2296 3352 autem
2327 3311 2441 3350 non
2477 3294 2734 3361 haberet,
2766 3293 2912 3348 nihil
2945 3293 2996 3348 ei
3029 3293 3332 3363 prodesset
3360 3291 3496 3362 (38).
3528 3312 3558 3340 »

2101 3452 2235 3492 nem
2266 3452 2388 3492 sum
2417 3433 2952 3492 dissertatiunculae
2984 3433 3411 3489 animadvertit.
3447 3431 3752 3503 (Memozres

2099 3509 2164 3563 de
2196 3508 2452 3577 Trevoux,
2486 3523 2620 3562 ann.
2660 3505 2990 3577 4834,7t0m.
3021 3506 3106 3576 IV,
3138 3505 3280 3573 de‘c.,
3309 3521 3364 3575 ρ.
3387 3504 3748 3577 2245-2262.)

2099 3575 2445 3634 -Μὶδεοτὶἵ
2474 3595 2631 3634 nunc
2680 3576 2973 3648 praecipua
3022 3575 3369 3647 argumenta
3399 3575 3597 3648 obiter
3621 3592 3748 3646 per-

2101 3651 2494 3721 stringamus:
2520 3647 2728 3720 positis
2758 3647 2961 3703 multis
2988 3647 3380 3721 axiomatibus
3409 3647 3656 3721 praeviis,
3679 3663 3750 3721 ex

2101 3718 2422 3792 septu'plice
2451 3718 2811 3776 theoremate
2842 3724 3021 3775 totam
3052 3719 3267 3792 thesim
3291 3735 3459 3775 suam
3489 3718 3746 3792 instruit.

2107 3788 2736 3848 REX—Donatistarum
2768 3794 3081 3863 systemate
3111 3791 3284 3863 infert
3307 3806 3490 3863 _mera
3521 3788 3748 3863 horum

2101 3863 2506 3918 haereticorum
2539 3859 2872 3919 commenta
2902 3877 3025 3917 esse
3051 3861 3421 3933 Cyprianicas
3443 3859 3748 3933 epistolas;

2098 3951 2201 3990 eos
2231 3935 2389 3990 enim
2429 3935 2737 4006 deprendit
2761 3938 2893 4006 tum
2925 3949 3053 3988 esse
3097 3931 3437 4006 calumniis
3467 3931 3750 4006 peritissi-

2103 4022 2251 4076 mos,
2279 4002 2557 4062 ati‘ectafae
2588 4004 2937 4076 sanctitatis,
2975 4008 3266 4076 certaeque
3299 4002 3752 4076 impietatis,fal-

2102 4095 2176 4134 sae
2203 4075 2478 4134 doctrinae
2512 4082 2568 4131 et
2607 4075 2847 4131 modicae
2903 4075 3180 4144 scientiae,
3214 4080 3341 4130 tum
3391 4075 3754 4146 excogitasse

2103 4165 2356 4204 errorem
2381 4148 2626 4202 fallaciis
2648 4147 2791 4202 adeo
2819 4145 3102 4212 obsitum,
3119 4152 3186 4201 ut
3215 4147 3293 4201 sit
3315 4147 3622 4218 perpaucis
3648 4146 3749 4200 ob-

2100 4221 2228 4274 vius
2255 4238 2266 4286 ;
2303 4220 2456 4274 unde
2486 4223 2542 4273 et
2564 4218 2823 4273 locorum
2848 4218 3017 4283 ratio,
3051 4222 3106 4271 et
3135 4217 3467 4288 temporum
3500 4217 3661 4283 ordo,
3695 4220 3754 4270 et

2102 4307 2296 4345 rerum
2325 4291 2526 4356 series,
2560 4296 2616 4345 et
2637 4305 3019 4371 personarum
3042 4288 3369 4371 dispositio,
3395 4293 3453 4344 et
3473 4288 3749 4371 doctrina:

2102 4368 2264 4416 ortus
2293 4358 2656 4432 progressus,
2678 4361 2986 4430 exitusque
3009 4358 3362 4432 explicatur;
3396 4377 3460 4415 ac
3490 4358 3745 4432 multum

2101 4429 2308 4488 exinde
2338 4429 2581 4504 patescit
2609 4429 3058 4504 Donatistarum
3075 4429 3392 4504 pertinacia
3420 4429 3748 4504 stolida,as-

2106 4504 2275 4569 tutia,
2327 4500 2780 4573 falciloquentia,
2845 4500 3319 4573 incredibilisque
3379 4502 3436 4556 in
3490 4500 3748 4573 antiquis

2103 4576 2499 4630 monumentis
2531 4571 2916 4645 depravandis
2950 4571 3302 4628 audacia—2°
3333 4573 3409 4627 Ex
3438 4571 3746 4645 Augustini

2096 4651 2430 4718 systemate,
2480 4663 2589 4718 seu
2608 4641 2898 4718 Cypriani
2947 4645 3294 4718 defensione
3326 4641 3745 4718 supra:allata,

2096 4714 2369 4794 ostendit,
2396 4718 2516 4794 sive
2543 4714 2830 4794 absolute,
2853 4716 2977 4794 sive
2999 4716 3368 4794 hypothetice
3391 4714 3748 4794 intelligatur

2093 4788 2215 4844 haec
2247 4789 2526 4870 defensio,
2557 4785 2831 4870 similiter
2870 4785 3232 4870 reﬁciendas
3273 4805 3403 4843 esse
3448 4785 3746 4870 Cypriani-

2095 4877 2192 4914 cas
2223 4860 2521 4926 epistolas.
2555 4862 2614 4915 3ο
2643 4860 2722 4915 Ex
2751 4857 2916 4915 libris
2940 4857 3008 4914 ’S.
3040 4859 3259 4931 Optati,
3287 4875 3396 4931 seu
3432 4857 3647 4931 potius
3680 4874 3749 4931 ex

2094 4931 2434 5012 altoAOptati
2485 4931 2738 5012 silentio,
2777 4935 3008 5012 asserta;
3053 4927 3451 5012 contentionis
3483 4927 3745 5012 suspicio

2093 4999 2494 5057 confirmatur.
2533 5004 2589 5056 4ο
2620 5004 2700 5057 Ex
2733 5001 3033 5058 nonnullis
3065 5000 3195 5055 aliis
3227 4999 3382 5054 idem
3434 4999 3744 5066 evincitur,

2095 5090 2304 5143 nempe
2337 5091 2406 5128 ex
2435 5074 2583 5128 diae.
2622 5076 2810 5129 Pontii
2842 5072 3095 5138 silentio,
3119 5087 3188 5126 ex
3219 5071 3492 5143 anonymi
3526 5072 3598 5127 de
3629 5071 3744 5126 hie-

2094 5145 2406 5200 reticorum
2441 5147 2853 5216 rebaptismate
2884 5143 3194 5216 sententia,
3227 5160 3294 5198 ex
3325 5143 3562 5198 Eusebii
3607 5159 3742 5216 cum

2093 5217 2270 5285 Afris,
2304 5223 2362 5272 et
2393 5214 2609 5272 Rufﬁni
2643 5234 2776 5272 cum
2811 5214 3054 5269 Eusebio
3090 5216 3495 5285 repugnantia.
3529 5214 3743 5285 5°Spe-

2092 5288 2287 5342 ciatim
2321 5289 2390 5342 ad
2423 5288 2647 5343 concilii
2681 5285 3155 5357 Carthaginensis
3189 5303 3290 5348 VII,
3323 5287 3470 5340 alias
3502 5301 3741 5357 III,con-

2092 5360 2383 5415 {ictionem
2402 5360 2776 5415 asserendam
2791 5355 3198 5427 expenduntur
3214 5355 3711 5428 dubiaAugustini
3724 5398 3738 5423 ,

2096 5436 2427 5501 temporum
2460 5431 2820 5502 perturbata
2849 5429 3016 5502 ratio,
3050 5434 3177 5483 octo
3211 5427 3564 5500 przefationis
3613 5427 3742 5502 loca

2090 5499 2389 5557 conclusio
2421 5499 2678 5573 epistolae
2703 5500 3175 5573 adJubaianum.
3191 5499 3251 5554 6°
3263 5502 3408 5556 Tota
3421 5499 3741 5573 resumitur

2091 5570 2861 5655 impugnatio'inepistolas
2893 5573 3267 5655 Cyprianicas
3311 5573 3383 5629 de
3412 5570 3732 5655 Baptismo,

2093 5643 2487 5718 absurdeque,
2525 5643 2645 5704 sive
2693 5643 3051 5719 communia,
3080 5645 3200 5704 sive
3248 5643 3511 5718 propria,
3537 5658 3738 5706 recen-
