4074 6194
340 365 471 420 XVII

911 489 1308 550 ARTICULUS
1333 494 1429 550 III.

488 613 559 654 DE
598 614 712 654 USU
756 615 955 656 SANCTI
987 617 1254 658 CYPRIANI
1285 619 1343 658 IN
1373 619 1446 658 RE
1475 619 1870 659 DISCIPLINARI.

421 740 465 796 Ι.
516 741 698 796 Nemo
731 759 848 797 non
883 743 1060 799 sentit
1091 761 1268 816 quam
1300 747 1637 802 uberrmam
1670 763 1866 802 rerum
1896 749 2008 802 uti-

344 828 497 886 lium
529 831 759 903 c0piam
792 833 1168 904 suppeditent
1198 834 1311 889 divi
1344 835 1612 908 Cypriani
1645 853 1838 908 opera,
1889 837 2008 893 sive

343 919 417 975 de
467 920 780 991 exegeticis
832 922 1257 992 questionibus
1321 925 1726 995 consuluntur,
1773 926 1892 982 sive
1934 928 2005 983 ad

343 1007 707 1064 stabilienda
736 1008 1006 1066 Ecclesiae
1039 1012 1314 1084 dogmata
1355 1014 1743 1085 adducantur,
1795 1015 1916 1071 sive
1945 1015 2004 1070 in

340 1097 429 1154 eis
460 1113 596 1152 vera
627 1115 860 1154 morum
891 1101 1078 1156 aetatis
1107 1119 1224 1158 suae
1257 1103 1480 1176 effigies
1507 1104 1577 1159 ad
1601 1103 1792 1160 vivum
1815 1104 2006 1176 expri-

347 1192 564 1254 matur,
618 1188 742 1244 sive
788 1193 1120 1261 temporum
1171 1192 1338 1259 ratio,
1388 1209 1793 1265 annorumque
1829 1194 2004 1264 vices,

343 1276 722 1348 virorumque
753 1277 1218 1335 clarissimorum
1249 1298 1499 1353 persona
1535 1283 1608 1337 de
1644 1282 1874 1339 tumulo
1905 1300 2004 1338 ex-

343 1363 558 1419 citetur
589 1363 647 1419 in
683 1365 944 1422 medium
974 1368 1251 1423 rediviva.
1283 1371 1574 1437 Attamen,
1609 1371 1847 1427 omissis
1878 1388 2005 1443 quae

343 1452 418 1507 ad
450 1452 724 1524 Cypriani
759 1470 933 1509 usum
965 1456 1345 1528 exegeticum,
1369 1458 1787 1528 dogmaticum,
1810 1476 2006 1515 mora-

343 1539 484 1606 lem,
508 1540 931 1600 historicumve
952 1544 1549 1619 attinent,nelongius
1572 1548 1836 1620 prooemii
1859 1549 2006 1604 ﬁnes

344 1629 644 1702 excedam,
687 1631 954 1687 nonnihil
1003 1634 1375 1705 profuturum
1422 1653 1610 1708 pauca
1637 1637 1707 1692 de
1739 1637 2003 1707 ejusdem

351 1735 468 1775 usu
500 1719 560 1774 in
610 1736 670 1775 re
699 1720 1084 1793 disciplinari,
1116 1739 1299 1795 eaque
1343 1729 1553 1781 cuncta
1583 1726 2004 1798 propemodum

347 1824 382 1863 e
412 1807 482 1862 D.
517 1809 780 1880 Lumperi
811 1812 1054 1867 Historia
1085 1813 1601 1884 lheologico‘critica
1630 1817 1863 1871 Patrum
1892 1815 2004 1887 (39)

341 1901 582 1968 accepta
611 1898 800 1954 obiter
835 1901 1124 1972 attingere
1152 1901 1343 1958 visum
1375 1907 1484 1958 est.

414 1986 664 2042 Sanctus
707 1988 1018 2061 episcopus
1045 1989 1528 2064 Carthaginensis
1557 1995 1614 2047 et
1645 1997 1868 2066 martyr
1895 1994 2001 2066 Cy-

339 2074 587 2146 prianus
617 2076 884 2132 omnium
918 2082 1254 2135 sanctorum
1282 2080 1517 2136 Patrum
1547 2081 1776 2152 primus
1797 2082 1867 2137 de
1890 2083 2006 2138 dis-

339 2163 563 2235 ciplina
593 2164 863 2222 Ecclesiae
898 2168 1190 2224 uberrime
1217 2168 1534 2237 disseruit;
1586 2169 1646 2225 in
1692 2171 1820 2241 ejus
1868 2186 2004 2242 ope-

343 2252 534 2319 ribus,
559 2255 858 2326 praecipue
886 2273 1021 2313 vero
1043 2257 1103 2312 in
1127 2258 1424 2330 Epistolis,
1448 2260 1756 2316 innumere
1776 2265 2007 2316 exstant

349 2343 552 2414 magni
582 2345 866 2400 momenti
897 2345 1312 2404 instructiones
1362 2353 1538 2420 atque
1586 2351 1906 2416 sententiae,
1938 2365 2006 2405 ex

349 2431 570 2502 quibus
600 2431 838 2490 illorum
881 2439 1214 2507 temporum
1247 2436 1562 2509 disciplina
1589 2436 2007 2507 ecclesiastica,

354 2520 722 2592 exteriorque
760 2522 1030 2579 Ecclesiae
1062 2529 1252 2580 status
1277 2524 1406 2581 luce
1437 2526 1761 2583 meridiana
1791 2526 2006 2584 clarius

353 2610 752 2682 cognoscitur.
773 2612 910 2684 Agit
937 2613 1094 2668 enim
1127 2631 1242 2670 non
1276 2613 1466 2671 solum
1497 2615 1569 2670 de
1601 2615 1916 2688 disciplina
1946 2618 2003 2672 in

348 2714 586 2770 genere,
620 2701 724 2756 sed
763 2706 820 2756 et
856 2701 915 2755 in
948 2702 1283 2772 particulari
1323 2703 1477 2761 circa
1507 2711 1875 2760 sacramenta
1905 2706 2006 2761 ad-

348 2786 766 2858 ministranda,
819 2796 1153 2862 peccatores
1199 2793 1596 2865 corripiendos
1643 2798 1700 2849 et
1748 2795 2006 2852 reconci-

345 2874 681 2945 liandos,de
710 2879 1023 2951 disciplina
1043 2880 1297 2953 antiquae
1318 2881 1584 2938 Ecclesiae
1607 2884 1800 2954 quoad
1821 2885 2005 2956 paeni-

347 2964 620 3038 tentiam,
643 2968 716 3023 de
746 2967 1246 3042 indulgentiarum
1272 2987 1382 3026 usu
1410 2975 1584 3042 atque
1617 2973 1830 3042 abusu,
1853 2972 2008 3032 aliis-

349 3069 465 3126 que
497 3055 824 3129 disciplina:
854 3057 1259 3116 ecclesiasticae
1288 3060 1542 3132 punctis.

670 3217 701 3290 §
732 3219 774 3272 Ι.
808 3248 878 3260 ~-
909 3218 988 3274 De
1019 3218 1331 3291 disciplina
1362 3219 1420 3276 in
1451 3237 1680 3293 genere.

421 3359 490 3413 ΙΙ.
540 3379 571 3407 ‹‹
624 3360 686 3414 In
714 3359 1030 3432 Scripturis
1059 3361 1280 3416 sanctis
1319 3362 1654 3434 frequenter
1685 3367 1742 3418 et
1786 3363 2004 3435 ubique

347 3445 666 3520 disciplina
695 3448 1052 3520 praecipitur,
1088 3471 1114 3498 ››
1148 3449 1341 3521 inquit
1371 3451 1430 3506 S.
1454 3450 1775 3522 Cyprianus
1805 3451 1863 3506 in
1897 3469 2003 3508 suo

346 3541 600 3596 tractatu
651 3537 716 3592 de
793 3538 989 3593 Habitu
1038 3539 1323 3610 Virginum
1368 3540 1503 3610 (40),
1555 3544 1611 3595 et
1655 3541 2003 3596 fundamen-

349 3630 480 3681 tum
511 3641 686 3681 omne
715 3625 1014 3699 religionis
1042 3644 1110 3683 ac
1141 3628 1273 3683 fidei
1306 3629 1376 3684 de
1408 3629 1808 3685 observatione
1838 3647 1903 3685 ac
1931 3632 2003 3686 ti—

352 3729 516 3769 more
544 3714 956 3786 proﬁciscitur.
992 3738 1021 3765 ν
1052 3747 1122 3756 -
1151 3716 1329 3774 Facili
1352 3718 1582 3790 negotio
1615 3717 2000 3790 dignoscitur,

347 3801 503 3858 nihil
551 3809 671 3859 tam
741 3803 1136 3859 necessarium
1196 3822 1324 3860 esse
1381 3806 1672 3878 praecipue
1729 3806 1788 3862 in
1849 3807 2002 3864 bello

347 3892 806 3964 persecutionis,
847 3910 1023 3965 quam
1072 3893 1172 3965 qui
1224 3894 1534 3959 remiserit,
1568 3895 1756 3965 inquit
1785 3896 2002 3952 Roma-

342 3997 470 4036 nus
502 3979 693 4037 clerus
722 3983 836 4054 (41)
866 3982 936 4037 ad
962 3982 1385 4054 S.Cyprianum
1414 3982 1696 4053 scribens,
1730 3983 1989 4040 instabili

347 4127 580 4197 nentur,
612 4124 929 4197 respuitur
985 4126 1189 4181 ﬁctum
1239 4125 1517 4197 Stephani
1559 4126 1884 4194 decretum,
1935 4144 2002 4186 ac

342 4194 884 4271 pseudojCypriuani‘
899 4213 1097 4252 secum
1133 4201 1205 4271 _e_t_
1232 4194 1366 4271 cum
1410 4197 1692 4271 Cypriano
1725 4198 2004 4271 antirlogia

343 4265 700 4338 proponitur
748 4268 810 4320 7°
853 4267 1100 4323 Demum
1133 4265 1768 4340 Missoriuseirplodere
1796 4265 2004 4326 nititur

342 4337 818 4393 adversariorum
886 4344 1206 4394 momenta.
1263 4339 1393 4394 Hac
1446 4357 1557 4394 non
1636 4341 1850 4394 iudicis
1896 4358 2001 4394 nec

497 4355 818 4392 rsariorum
886 4355 1206 4394 momenta.
1264 4355 1393 4394 ΓΙωο
1446 4357 1557 4394 non
1629 4355 1850 4397 ,lllGlClS
1896 4358 2001 4397 nec

342 4356 818 4393 adversariorum
886 4356 1206 4394 momenta.
1264 4356 1393 4394 haec
1446 4357 1557 4394 non
1628 4356 1850 4410 judicis
1896 4358 2001 4397 nec

342 4408 658 4465 assertor-is
689 4410 907 4476 animo,
931 4411 1031 4466 sed
1047 4411 1216 4468 testis
1237 4411 1605 4466 solummodo
1632 4416 1734 4467 aut
1763 4411 2002 4468 collato—

346 4480 434 4560 ris
463 4481 712 4560 indubia
741 4483 856 4560 ﬁde
883 4480 1110 4560 collegi,
1142 4485 1463 4560 Fr._Raym.
1484 4485 1719 4560 Miss_0_rii
1745 4485 2000 4560 disputa-

349 4553 529 4626 tiones
569 4555 770 4626 criticz
826 4557 886 4608 in
936 4553 1072 4608 duas
1112 4553 1371 4610 celeberr‘.
1419 4571 1536 4626 opp.
1580 4553 1906 4611 Firmiliani
1950 4561 2003 4613 et

349 4621 624 4697 Cypriani
662 4625 779 4679 adv.
831 4626 1033 4680 Decret.
1066 4626 1124 4680 S.
1171 4621 1503 4697 Stephani;
1555 4627 1744 4697 Ejusd.
1785 4628 1997 4697 Disput.

345 4695 412 4749 in
442 4694 642 4768 ,Epist.
701 4696 767 4750 ad
811 4697 1197 4768 Pompeium...
1248 4694 1358 4768 qua
1387 4699 1547 4752 illam
1575 4694 1687 4752 una
1724 4714 1847 4754 eum
1873 4694 2002 4754 aliis

383 4767 674 4848 uirique-et
699 4769 932 4848 amicitia
963 4767 1388 4848 Carthaginensi
1420 4770 1875 4848 tertiam/iumentis
1902 4787 2000 4842 pro

389 4838 680 4912 iprianieis
704 4838 929 4912 habitis
956 4856 1105 4894 nunc
1140 4838 1388 4909 primum
1416 4841 1697 4912 abjudicat
1725 4856 1789 4896 ae
1820 4838 2000 4896 Dona-

337 4910 495 4982 tﬁistis
532 4910 770 4982 tribuit;
795 4981 803 4982 ί
825 4911 1043 4982 Venerit.
1098 4912 1274 4982 ἐτι-4ο,
1310 4910 1489 4966 1733(
1513 4911 1624 4967 Nid
1667 4911 1770 4966 inf.
1804 4913 1875 4968 de
1905 4929 2000 4969 ea-

337 4981 478 5062 dem
511 4980 1200 5062 disquisitionealiorum
1231 4980 1406 5054 opera
1435 4983 1634 5062 Annal.
1669 4984 1817 5038 liter.

415 5050 486 5106 Ut
508 5056 571 5106 ut
593 5050 670 5107 sit
691 5051 763 5125 de
789 5051 897 5125 hac
919 5052 1174 5125 Missorii
1207 5050 1736 5125 argumentatione,
1756 5053 1850 5108 cui
1875 5055 1997 5108 suf-

335 5123 650 5193 fragantur
677 5124 920 5179 doctiss.
945 5123 1201 5180 Morcelli
1234 5123 1301 5179 iri
1323 5127 1514 5194 Africa
1541 5142 1735 5187 sacra;
1767 5125 2000 5180 Fr.Mol-

331 5195 940 5278 lien-burgdnpissgt.
968 5197 1263 5278 Itan-datis;
1279 5196 1531 5278 enimius
1548 5197 1916 5278 Hebermann
1939 5197 1997 5278 in

327 5267 792 5341 [nstitutionibus
829 5268 1183 5341 Theologicis,
1209 5268 1280 5341 de
1315 5269 1649 5341 Baptismate
1681 5287 1693 5323 :
1729 5268 1998 5341 quisquis

328 5286 792 5322 mmzunonwus
832 5286 1016 5323 meow
1062 5286 1183 5337 teis,
1215 5286 1280 5324 ae
1315 5286 1649 5340 baptismate
1681 5287 1693 5323 :
1729 5286 1998 5341 quisquis

328 5338 458 5394 hac
506 5343 728 5410 attente
774 5286 1167 5410 perpendgerit,
1209 5339 1364 5394 haud
1415 5356 1557 5394 sane
1603 5340 1832 5410 ineptas
1870 5356 2000 5396 esse

329 5409 1048 5484 reputabitcavillationes
1063 5426 1168 5466 nec
1190 5411 1671 5484 indignabundus
1689 5409 1829 5484 cum
1846 5412 2002 5484 Mar-

325 5481 460 5536 tino
492 5481 686 5554 Routh
721 5480 1068 5538 exclamabit
1101 5499 1113 5536 :
1148 5480 1365 5553 Insigne
1408 5483 1724 5554 exemplum
1751 5483 2000 5553 fallaciae

363 5569 455 5626 uae
487 5553 697 5626 dicitur
724 5554 1006 5623 petitionis
1032 5554 1342 5626 principii!
1388 5556 1494 5610 Fac
1524 5553 1705 5610 autem
1742 5569 1871 5620 esse,
1905 5557 2000 5624 qui

372 5624 661 5699 ujusmodi
709 5624 1056 5699 argumentis
1102 5627 1344 5699 scientes,
1371 5627 1769 5699 prudentesque
1791 5628 1867 5699 _in
1892 5643 1998 5699 _re-

323 5698 430 5753 bus
463 5697 610 5754 tanti
642 5699 908 5755 momenti
953 5698 1046 5756 usi
1068 5699 1202 5768 sint,
1233 5696 1386 5757 unde
1405 5699 1506 5772 ﬁat
1533 5696 1701 5756 totius
1727 5696 1858 5771 ﬁdei
1884 5697 1998 5754 his-

1831 361 2267 427 EDITOR'UM.

2027 500 2083 567 Α
2112 512 2308 553 rerum
2329 513 2504 554 cursu
2525 500 2583 554 et
2600 499 2753 554 erret
2767 513 3000 571 semper
3013 513 3251 555 necesse
3266 492 3442 569 est,et
3453 495 3568 554 huc
3585 500 3763 570 atque

3596 375 3756 428 χτιιι

2116 586 2255 644 illuc
2283 587 2459 643 variis
2489 587 2726 644 incertis
2758 589 3124 660 negotiorum
3154 587 3604 660 tempestatibus
3641 589 3762 645 dis-

2116 677 2359 748 sipetur,
2390 681 2448 732 et
2477 678 2645 749 quasi
2678 682 2901 733 extorto
2950 679 3022 732 de
3067 677 3343 733 manibus
3391 677 3768 734 consiliorum

2116 766 2534 837 gubernaculo,
2569 766 2761 822 navim
2795 766 3198 822 ecclesiasticae
3247 766 3458 823 salutis
3495 766 3686 823 illidat
3713 767 3773 824 in

2115 854 2411 926 scopulos,
2461 860 2525 910 ut
2574 859 2872 927 appareat,
2923 871 3038 910 non
3087 854 3258 910 aliter
3288 855 3463 911 soluti
3497 855 3768 912 ecclesia-

2115 944 2271 999 sticae
2321 944 2543 999 consuli
2597 961 2792 1016 posse,
2840 943 2952 998 nisi
2998 943 3050 998 is
3090 943 3188 1014 qui
3234 947 3292 998 et
3337 947 3541 1000 contra
3577 944 3769 1016 ipsam

2115 1031 2356 1100 faciunt,
2392 1034 2560 1106 quasi
2605 1033 2846 1105 quidam
2879 1033 3109 1088 adversi
3143 1034 3356 1087 ﬂuctus
3387 1031 3765 1103 repellantur,

2114 1127 2173 1177 et
2221 1122 2544 1194 disciplina:
2590 1123 2778 1194 ipsius
2833 1138 3066 1192 semper
3095 1121 3385 1176 custodita
3421 1122 3568 1176 ratio
3599 1138 3769 1193 quasi

2115 1209 2370 1267 salutare
2420 1211 2653 1283 aliquod
2699 1210 3162 1284 gubernaculum
3212 1211 3271 1264 in
3320 1215 3606 1282 tempeste
3645 1227 3766 1267 ser-

2112 1305 2300 1354 vetur.
2337 1301 2638 1371 Oporteret
2665 1301 2906 1372 insuper
2933 1299 3214 1354 Ecclesiae
3247 1297 3619 1369 disciplinam
3649 1297 3776 1354 uni-

2113 1387 2359 1444 formem
2391 1404 2538 1455 esse,
2572 1393 2860 1461 quantum
2909 1387 3033 1444 ﬁeri
3087 1391 3297 1460 potest,
3349 1388 3406 1442 in
3461 1386 3772 1459 praecipuis

2114 1477 2310 1546 rebus,
2341 1477 2515 1534 sicuti
2546 1479 2603 1533 in
2656 1477 3002 1550 paenitentia
3035 1495 3048 1533 :
3084 1477 3236 1549 quod
3279 1492 3421 1531 sane
3474 1474 3770 1531 monitum

2114 1581 2222 1620 suo
2253 1565 2406 1621 clero
2447 1568 2665 1638 praebet
2693 1567 2750 1622 S.
2796 1566 3120 1638 Cyprianus
3169 1564 3415 1637 epistola
3445 1581 3554 1621 sua
3582 1564 3770 1637 trige-

2113 1653 2266 1709 sima
2315 1660 2522 1726 quarta
2570 1655 2680 1729 (42)
2733 1656 2971 1712 Mandat
3013 1656 3273 1726 insuper,
3325 1655 3476 1710 hanc
3521 1653 3766 1710 consilio

2113 1742 2378 1798 omnium
2430 1745 2836 1816 episcoporum
2885 1761 3014 1800 esse
3056 1743 3568 1815 praescribendam,
3601 1746 3667 1798 ut
3695 1759 3766 1799 ex

2113 1831 2466 1902 quibusdam
2499 1833 2629 1889 aliis
2659 1835 2783 1889 suis
2829 1831 3093 1904 epistolis
3141 1833 3434 1904 colligitur
3471 1833 3602 1903 (43).
3633 1832 3767 1889 Haec

2112 1921 2288 1977 habet
2319 1925 2563 1978 sanctus
2605 1922 2929 1995 Cyprianus
2971 1921 3042 1977 de
3090 1920 3401 1992 disciplina
3429 1919 3489 1974 in
3531 1935 3771 1992 genere.

2111 2010 2430 2066 Videamus
2479 2013 2674 2077 modo,
2708 2027 2832 2083 quae
2865 2013 2937 2067 de
2967 2009 3278 2082 disciplina
3323 2011 3384 2066 in
3428 2007 3772 2082 parti-calari

2116 2100 2176 2156 in
2207 2101 2335 2172 ejus
2365 2101 2600 2172 scriptis
2632 2101 3173 2173 deprehenduntur.

2291 2206 2410 2280 ΞΠ.
2434 2238 2500 2247 -
2521 2207 2602 2262 De
2631 2205 2953 2279 Disciplina
2978 2207 3168 2278 quoad
3197 2205 3586 2277 Baptismum.

2188 2295 2280 2350 III.
2317 2295 2622 2352 Benedictio
2662 2311 2820 2368 aqua:
2845 2313 2963 2368 quae
2993 2296 3064 2352 ad
3120 2297 3462 2368 Baptismum
3489 2297 3772 2353 inservire

2114 2385 2285 2440 debet.
2319 2417 2390 2427 ——-
2418 2385 2700 2454 Primum,
2735 2387 2890 2457 quod
2942 2385 3344 2441 observatione
3389 2384 3633 2456 dignum
3667 2401 3765 2441 oc-

2119 2473 2300 2529 currit
2328 2473 2387 2528 in
2421 2479 2653 2530 vetusto
2681 2473 2791 2531 hoc
2823 2479 2991 2530 Patre
3041 2474 3231 2546 quoad
3265 2472 3628 2545 Baptismum
3659 2477 3770 2544 est,

2117 2563 2271 2636 quod
2303 2580 2409 2619 suo
2457 2580 2575 2618 aevo
2615 2564 2740 2635 jam
2791 2580 3003 2635 aquam
3049 2563 3334 2635 Baptismi
3365 2563 3770 2619 benedictione

2117 2652 2373 2708 donabat
2414 2653 2740 2724 episcopus.
2790 2675 2818 2702 «
2851 2652 3089 2724 Oportet
3117 2668 3276 2724 ergo,
3313 2673 3340 2702 »
3373 2650 3568 2724 inquit
3598 2652 3768 2708 divus

2115 2738 2438 2812 Cyprianus
2469 2738 2729 2812 Epistola
2758 2757 2882 2806 Lxx,
2915 2755 3043 2811 quae
3075 2744 3164 2795 est
3215 2740 3287 2795 ad
3329 2739 3679 2796 Januarium
3712 2745 3771 2796 et

2116 2832 2348 2884 caeteros
2379 2829 2682 2901 episcOpos
2714 2829 3021 2898 Numidas,
3055 2850 3083 2878 ‹‹
3116 2829 3390 2884 mundari
3421 2831 3478 2884 et
3507 2829 3771 2885 sanctiﬁ-

2117 2917 2232 2972 cari
2264 2934 2480 2989 aquam
2525 2918 2688 2990 prius
2728 2936 2762 2973 a
2805 2919 3124 2984 sacerdote,
3158 2922 3224 2972 ut
3254 2917 3438 2988 possit
3459 2917 3768 2990 .Baptismo

2116 3022 2222 3061 suo
2254 3010 2487 3076 peccata
2515 3006 2760 3072 homini,
2795 3006 2892 3076 qui
2922 3006 3271 3076 baptizatur,
3305 3005 3543 3060 abluere
3573 3006 3712 3076 (44).
3738 3026 3767 3055 ››

2117 3095 2302 3159 Quam
2353 3093 2723 3165 disciplinam
2775 3094 3083 3148 confirmat
3145 3092 3242 3148 ille
3291 3094 3398 3150 hoc
3453 3092 3769 3149 Ezechielis

2117 3182 2396 3238 oraculo:
2450 3182 2744 3255 Eﬂ'undam
2790 3199 2952 3253 super
2996 3198 3086 3238 vos
3133 3198 3338 3254 aquam
3382 3182 3670 3249 mundam,
3719 3191 3771 3238 et

2035 3234 2078 3302 ο
2113 3272 2558 3327 emundabimini
2585 3271 2653 3327 ab
2690 3273 2953 3327 omnibus
3001 3271 3436 3344 inquinamentis
3472 3273 3685 3344 vestris,
3719 3275 3770 3329 et

2113 3361 2180 3416 ab
2210 3363 2464 3417 omnibus
2494 3362 2661 3418 idolis
2697 3363 2893 3417 vestris
2921 3362 3195 3417 mandabo
3223 3378 3314 3416 vos
3344 3362 3476 3431 (45).

2185 3449 2278 3504 IV.
2312 3451 2624 3506 Exoreismi
2653 3452 2713 3504 in
2742 3452 3044 3522 Baptismo.
3078 3481 3149 3490 -—
3177 3449 3464 3520 Baptismi
3494 3465 3764 3506 caeremo-

2114 3538 2271 3593 niam
2305 3539 2710 3611 praecedebant
2739 3539 3068 3610 exorcismi,
3093 3542 3266 3611 prout
3293 3538 3533 3592 tradunt
3562 3537 3764 3594 Patres

2114 3627 2473 3683 celeberrimi
2523 3627 2752 3683 concilii
2801 3627 3303 3700 Carthaginensis,
3371 3627 3540 3697 cujus
3591 3627 3771 3683 veluti

2113 3717 2310 3771 anima
2340 3715 2510 3771 divus
2539 3716 2859 3789 Cyprianus
2890 3720 3014 3771 erat
3033 3720 3089 3772 et
3116 3715 3617 3788 habebatur.Lege
3641 3731 3767 3787 quae

2117 3805 2358 3859 tradunt
2413 3805 2677 3860 Caecilius
2745 3806 2815 3860 de
2863 3804 3035 3869 Bilta,
3078 3807 3220 3860 tom.
3274 3805 3372 3872 III,
3421 3803 3530 3860 col.
3584 3805 3766 3872 1054;

2117 3893 2482 3950 Crescentius
2512 3894 2582 3948 de
2611 3893 2786 3960 Cirta,
2843 3893 2951 3949 col.
2988 3881 3126 3948 1058
3156 3893 3430 3948 editionis
3478 3892 3768 3948 Oxonien-

2112 3982 2222 4051 eis;
2266 3986 2322 4038 ct
2348 3984 2564 4039 Lucius
2589 3984 2659 4039 de
2682 3982 2990 4050 Thebeste,
3013 3982 3340 4055 quizomnes
3363 3983 3434 4037 de
3469 3981 3576 4038 hac
3606 3981 3772 4054 praxi

2111 4128 2276 4182 toria?
2333 4128 2609 4192 interitus,
2641 4126 2838 4198 quidni
2866 4129 3035 4182 Deum
3063 4126 3321 4198 deprecer
3363 4142 3496 4181 meae
3541 4126 3769 4190 animm,

2111 4213 2179 4252 ne
2207 4197 2277 4252 sit
2304 4198 2364 4253 in
2394 4203 2582 4268 futuro
2611 4200 2808 4254 saeculo
2836 4216 2962 4254 cum
3009 4207 3120 4253 tam
3153 4199 3362 4268 iniquis
3409 4207 3460 4252 et
3507 4198 3770 4268 improbis

2111 4270 2412 4339 sap/iisiis!
2447 4303 2511 4311 κ-
2559 4274 2758 4327 Annot.
2812 4272 2868 4324 in
2927 4271 3145 4324 Firmil.
3197 4269 3265 4323 ad
3313 4270 3368 4324 S.
3423 4269 3768 4339 Cyprianum

2112 4343 2269 4410 epist.
2302 4341 2362 4394 in
2395 4345 2535 4397 tom.
2594 4345 2612 4396 Ι
2657 4342 2921 4412 Scriptor.
2967 4341 3169 4396 Eecles.
3204 4340 3676 4412 opusec._pr.z’cip.
3708 4355 3763 4408 p.

2110 4407 2236 4466 260.
2269 4411 2352 4466 Cf.
2400 4413 2526 4468 iter.
2561 4407 2968 4480 Molkenbuhr,
3005 4413 3060 4466 in
3096 4407 3575 4481 Ephemeridibus
3603 4407 3768 4465 theo-

2113 4481 2337 4552 Iogicis,
2371 4486 2480 4540 sub
2513 4483 2622 4540 hoc
2652 4485 2822 4539 titulo
2857 4501 2869 4538 :
2905 4485 3000 4539 Die
3027 4480 3451 4538 mastiaux’sche
3481 4481 3766 4552 litteratur

2112 4551 2352 4626 seitung.
2387 4555 2529 4610 heft.
2562 4558 2616 4625 7,
2653 4557 2811 4626 1822,
2844 4554 2903 4608 h.
2939 4555 2990 4622 4,
3044 4554 3200 4626 1823.
3254 4584 3320 4626 έ-
3354 4554 3416 4607 1).
3449 4551 3768 4626 Wolfgang

2032 4600 2077 4663 Ι)
2111 4600 2585 4682 ἰπῖόἓὶἷὲἱιῗόζέξ
2603 4600 3387 4696 ’Βῖἷῖἷὶνᾶιίιίῖίιεῇἶῖεἲναίεᾶ
3404 4600 3762 4680 ’ίη’ὶιῖ’ἓῗὲἷιῗ

2108 4698 2223 4753 seb.
2260 4697 2467 4752 Poson.
2517 4697 2672 4751 1808.
2705 4695 2936 4752 NideSis
2967 4695 3207 4752 annales
3252 4695 3569 4751 litterarios
3609 4695 3761 4752 infra

2111 4767 2220 4823 col.
2252 4771 2341 4824 24.

2655 4857 2713 4911 p.
2750 4840 2935 4908 1-112,

2181 4840 2294 4983 E39)
2326 4841 2492 4896 Tom.
2524 4857 2622 4906 xu,
2655 4857 2713 4911 p.
2750 4840 2935 4908 1~112,
2971 4838 3210 4910 passim.

2205 4913 2293 4983 40)
2343 4913 2398 4966 S.
2449 4911 2856 4983 Cyprian.,de
2901 4911 3207 4983 Disciplina

2205 4913 2293 4985 40)
2343 4913 2398 4966 S.
2449 4909 2856 4985 Cyprian.,_c_te
2901 4909 3207 4985 Disciplina
3251 4917 3309 4985 et
3338 4910 3539 4985 Habitu
3582 4909 3758 4980 Virgi-
3857 4931 3864 4936 ν

2108 4981 2510 5055 ηιιιη,⁷ρειτιιιιὶ
2532 4981 2667 5055 post
2695 4982 3023 5055 initiuer.
3048 4981 3156 5055 ιν,
3181 4981 3290 5038 col.
3325 4983 3423 5036 441
3456 4999 3512 5037 Β.

2205 5053 2504 5124 41)Ἰάθιῐι,
2537 5053 2638 5125 Ερ.
2671 5071 2823 5119 xxxi,
2856 5058 2898 5107 t.
2935 5053 3024 5125 IV.
3058 5071 3107 5108 c.
3138 5054 3242 5108 303
3272 5072 3325 5108 A.

2203 5127 2296 5195 42)
2329 5127 2509 5198 Epist,
2539 5124 2732 5191 ximn,
2765 5128 2889 5179 tom
2921 5124 3096 5198 lV_,_c.
3130 5125 3229 5198 301
3260 5144 3314 5198 5.

2179 5193 2292 5323 (43)
2325 5193 2467 5252 Vide
2499 5201 2630 5268 Epp.
2662 5214 2740 5262 ιιι,
2772 5201 2914 5251 tom.
2965 5195 3057 5262 IV,
3111 5211 3163 5250 c.
3214 5197 3340 5262 275,
3390 5195 3462 5250 ad
3507 5193 3757 5266 plebem,

2107 5271 2150 5322 t.
2211 5273 2273 5323 V.
2310 5287 2358 5323 c.
2391 5270 2532 5323 256:
2569 5285 2691 5323 χιιι.
2725 5268 2811 5322 ad
2839 5267 3052 5322 Clerum
3083 5283 3266 5323 suum.
3313 5271 3355 5320 t.
3403 5266 3494 5323 ιν.
3529 5282 3578 5320 c.
3609 5267 3757 5323 260:

2107 5271 2150 5322 t.
2182 5269 2273 5335 IV,
2310 5287 2358 5325 c.
2391 5270 2532 5334 256;
2569 5285 2691 5332 χιιι,
2725 5269 2811 5322 ad
2839 5269 3052 5322 Clerum
3083 5283 3266 5329 suum,
3313 5271 3355 5320 t.
3403 5269 3494 5333 1V,
3529 5282 3578 5320 c.
3609 5269 3757 5333 260;

2106 5355 2220 5408 XIX,
2249 5342 2320 5396 ad
2351 5339 2759 5398 Chaldonium;
2791 5355 2986 5402 xxvm,
3021 5339 3090 5392 ad
3118 5338 3367 5409 Presbyt.
3421 5345 3472 5393 et
3509 5338 3759 5405 Diaeon.,

2108 5416 2250 5466 tom.
2287 5414 2379 5480 IV,
2427 5427 2478 5466 c.
2505 5411 2648 5477 300;
2680 5427 2812 5464 xxxx
2850 5410 2996 5465 Cleri
3026 5411 3257 5465 Romani
3284 5410 3355 5464 ad
3386 5409 3674 5482 Cyprian.,
3707 5425 3758 5464 c.

2107 5483 2290 5626 30:44)
2323 5553 2614 5626 cyprum,
2643 5553 2748 5624 Ep.
2779 5568 2909 5626 mf,
2937 5555 2980 5606 t.
3014 5552 3109 5619 III,
3142 5569 3191 5607 ο.
3224 5553 3443 5609 1030,Α.

2179 5625 2290 5698 (45)
2323 5625 2604 5697 Ezechiel,
2626 5640 2812 5695 xxxvx,
2844 5625 2932 5678 25.
