4064 6196
368 368 479 425 XIX

1861 357 2277 424 PREFATIO
3687 363 3768 421 xx

369 497 681 554 testantur.
716 486 842 553 Mos
880 493 1004 553 erat
1048 493 1264 570 pariter
1309 492 1662 552 exorcismos
1709 495 2014 553 instituere
2041 495 2096 562 Α
2125 510 2490 567 quaecunque
2517 492 2651 552 illos
2681 489 3044 551 conversatio
3075 491 3318 561 exercet,
3352 482 3602 550 frontem
3634 489 3770 549 Cru-

372 601 546 657 super
573 602 672 642 eos
703 585 804 658 qui
835 586 1059 642 obsessi
1089 589 1254 641 erant
1284 602 1318 640 a
1360 586 1684 653 daemoniis,
1718 587 1818 658 qui
1846 589 2014 657 adju-

371 674 482 731 rati
512 675 572 730 in
625 676 860 731 nomine
888 675 1004 731 veri
1040 675 1138 729 Dei
1185 676 1386 730 cedere
1433 676 1808 747 cogebantur,
1855 680 1914 732 et
1943 678 2013 732 de

369 762 491 820 illis
541 765 880 837 corporibus
929 763 1103 818 exire.
1156 785 1183 816 α
1251 765 1318 819 Hi
1367 770 1563 820 tamen
1611 765 1861 835 adjurati
1913 783 2014 837 per

372 859 556 910 Deum
587 871 786 909 verum
821 871 854 908 a
885 853 1073 920 nobis,
1101 877 1128 902 »
1161 854 1352 925 inquit
1381 856 1438 910 S.
1464 855 1784 926 Cyprianus
1816 855 1871 909 in
1907 873 2011 910 suo

367 947 613 998 tractatu
646 943 715 996 de
746 941 1009 998 Vanitate
1029 941 1319 998 Idolorum
1343 944 1478 1015 (46),
1509 967 1528 992 «ι
1557 944 1753 999 statim
1776 945 2010 1007 cedunt,

367 1036 426 1088 et
457 1032 526 1085 de
556 1031 812 1086 obsessis
857 1032 1197 1102 corporibus
1247 1033 1401 1090 exine
1451 1036 1758 1103 coguntur.
1800 1033 2011 1088 Videas

363 1119 517 1186 illos,
550 1140 578 1168 »
612 1119 922 1190 subjungit
951 1121 1008 1174 S.
1044 1121 1272 1190 Doctor,
1307 1143 1335 1171 «
1369 1126 1570 1177 nostra
1597 1137 1752 1186 voce,
1785 1126 1842 1176 et
1874 1138 2006 1191 ope-

360 1203 584 1260 ratione
630 1205 957 1276 majestatis
1004 1206 1253 1273 occulta,
1289 1207 1485 1280 ﬂagris
1516 1209 1700 1274 caedi,s
1725 1209 1856 1279 igne
1887 1213 2011 1263 tor-

363 1293 473 1348 reri
501 1317 516 1360 ;
550 1293 909 1348 incremento
945 1312 1124 1366 poena:
1175 1296 1553 1368 propagantis
1601 1297 1852 1365 extendi,
1884 1298 2011 1367 eju-

359 1387 505 1448 tare,
537 1397 789 1452 gemere,
828 1384 1123 1454 deprecari
1152 1403 1164 1449 ;
1203 1386 1356 1439 unde
1401 1385 1658 1451 veniant,
1693 1391 1749 1441 et
1778 1387 2009 1457 quando

362 1470 694 1541 discedunt,
736 1471 881 1542 ipsis
919 1472 1116 1539 etiam,
1151 1474 1248 1544 qui
1293 1491 1353 1529 se
1383 1473 1582 1529 colunt
1611 1475 2004 1530 audientibus.

361 1559 662 1627 confiteri;
713 1565 769 1615 et
817 1561 905 1616 vel
958 1562 1236 1617 exsiliunt
1283 1563 1503 1629 statim,
1536 1563 1620 1618 vel
1653 1569 2012 1619 evanescunt

365 1648 679 1720 gradatim,
714 1654 884 1720 prout
913 1651 1056 1705 fides
1086 1651 1373 1722 patientes
1403 1651 1660 1722 adjuvat,
1694 1657 1794 1707 aut
1824 1652 2010 1723 gratia

360 1737 620 1792 curantis
687 1739 926 1809 aspirat.
991 1761 1019 1787 »
1088 1739 1466 1795 Habebantur
1521 1741 1700 1811 igitur
1756 1740 2009 1812 duplicis

2123 585 2206 640 cis
2238 585 2540 656 signaculo
2571 585 2855 641 terebant.
2890 606 2918 633 »
2950 584 3165 639 Verum
3214 582 3415 638 subdit
3454 582 3765 655 episcopus

2123 673 2252 741 iste,
2287 675 2384 745 qui
2419 674 2570 730 inter
2598 678 2996 730 Protestantes
3043 673 3200 728 haud
3243 671 3518 727 ultimum
3566 672 3758 728 locum

2121 762 2317 830 habet,
2342 765 2493 834 quod
2528 764 2787 820 nondum
2811 762 3003 818 cultus
3034 761 3342 833 religiosus
3373 762 3762 833 praestabatur

2121 851 2286 906 Cruci
2320 869 2332 906 :
2371 873 2398 901 «
2433 854 2670 908 Interim
2701 852 2896 908 cultus
2926 851 3234 923 religiosus
3265 851 3462 906 aberat
3495 866 3507 903 :
3542 873 3568 900 »
3595 851 3771 906 hanc-

2122 957 2233 1012 que
2266 940 2576 996 falsitatem
2610 946 2674 996 ut
2696 940 3374 1013 comprobet,quemdam
3407 939 3626 1010 profert
3647 944 3766 994 tex-

2120 1035 2245 1085 tum
2279 1031 2517 1085 Minucii
2568 1031 2792 1097 Felicis,
2827 1031 2884 1085 in
2934 1047 3050 1100 qua
3089 1028 3359 1085 Octavius
3391 1028 3664 1084 observat
3713 1031 3767 1083 et

2121 1119 2330 1174 asserit
2357 1119 2716 1175 Christianos
2769 1135 3140 1190 nequaquam
3193 1118 3435 1173 adorare
3475 1117 3714 1173 Crucem
3751 1134 3763 1171 :

2119 1231 2147 1257 «
2183 1207 2394 1264 Cruces
2421 1225 2525 1264 nec
2565 1207 2832 1263 colimus.
2884 1231 2910 1257 ››
2965 1210 3148 1273 Quem
3197 1223 3339 1262 sane
3387 1209 3612 1262 textum
3661 1222 3765 1261 suo

2119 1296 2244 1352 loco
2277 1297 2490 1367 protuli
2522 1301 2578 1352 et
2625 1295 2927 1367 explicavi,
2971 1295 3204 1366 illicque
3246 1295 3519 1349 lectorem
3565 1293 3764 1349 remit-

2118 1391 2175 1441 to
2206 1387 2338 1457 (5'2).
2371 1387 2558 1440 Unum
2594 1385 2964 1441 solummodo
2995 1384 3090 1440 hic
3120 1385 3355 1450 addam,
3399 1401 3572 1438 usum
3603 1384 3763 1439 vide-

2118 1472 2253 1528 licet
2285 1473 2535 1544 alicujus
2566 1474 2646 1528 rei
2681 1473 2738 1526 in
2773 1489 3120 1544 quocunque
3148 1472 3448 1543 religionis
3477 1477 3609 1526 actu
3641 1471 3759 1543 sig-

2119 1579 2259 1616 num
2293 1579 2441 1632 esse,
2467 1578 2584 1632 quo
2617 1563 2809 1632 majus
2832 1579 2947 1616 non
2979 1562 3152 1616 datur
3172 1560 3328 1615 aliud
3353 1560 3610 1632 religiosi
3643 1559 3764 1615 cul-

2118 1655 2216 1706 tus
2247 1667 2385 1722 erga
2429 1667 2549 1706 rem
2586 1651 2874 1706 eamdem.
2926 1652 3025 1704 Ast
3055 1649 3397 1706 Oxoniensis
3426 1648 3764 1720 episcopus,

2117 1739 2456 1795 Tertulliani
2489 1739 2836 1795 auctoritate
2865 1744 3122 1808 coactus,
3146 1739 3377 1808 fatetur,
3400 1737 3765 1793 Christianos

361 1825 592 1896 generis
623 1827 930 1882 exorcismi
964 1843 976 1881 :
1011 1829 1070 1882 hi
1102 1827 1340 1898 quidem
1383 1845 1560 1900 super
1599 1845 1697 1884 eos
1731 1830 1829 1901 qui
1863 1846 2006 1902 prae-
2038 1865 2086 1930 B
2121 1829 2328 1901 primis
2375 1828 2641 1884 Ecclesia:
2692 1827 2920 1883 saeculis
2965 1827 3021 1880 id
3073 1826 3367 1897 peregisse
3419 1842 3432 1880 :
3485 1824 3765 1880 Catholici

359 1913 722 1985 parabantur
749 1916 1163 1987 Baptismo,illi
1193 1934 1324 1973 vero
1355 1935 1530 1989 super
1558 1934 2004 1988 energumenos.

357 2001 542 2057 Primi
588 2002 646 2057 in
697 2003 944 2060 ecclesia
987 2007 1433 2078 peragebantur,
1465 2023 1660 2062 coram
1693 2007 2004 2076 fidelibus;

357 2089 569 2161 reliqui
605 2091 821 2147 ibidem
842 2095 1234 2150 communiter
1256 2113 1369 2150 non
1394 2097 2004 2168 peragebantur,quia,

360 2183 428 2234 ut
456 2179 735 2248 vidimus,
766 2181 979 2236 ethnici
1012 2185 1362 2256 quandoque
1392 2185 1503 2256 ipsi
1538 2185 1796 2240 aderant.
1832 2185 2006 2241 Exor-

361 2267 519 2323 cistaa
552 2268 1060 2341 itaque,quoniam
1094 2273 1177 2327 sic
1209 2289 1355 2344 opus
1386 2274 1607 2340 erat,ad
1641 2272 1772 2328 illos
1796 2273 2008 2345 migra-

360 2357 502 2412 bant
533 2356 634 2428 qui
665 2373 866 2414 eorum
904 2359 1246 2432 indigebant
1275 2361 1622 2418 ministerio.

427 2449 498 2501 V.
531 2447 762 2518 Signum
790 2451 967 2505 crucis
997 2452 1054 2505 in
1084 2453 1264 2521 fronte
1281 2467 1468 2507 eorum
1493 2453 1591 2524 qui
1618 2452 2002 2507 abluebantur.

359 2564 431 2575 —
460 2534 707 2607 Signum
739 2537 929 2592 crucis
959 2538 1019 2593 in
1042 2539 1228 2594 fronte
1248 2555 1450 2594 eorum
1474 2540 1571 2611 qui
1603 2539 2001 2610 tingebantur,

361 2628 486 2678 erat
507 2623 620 2680 alia
640 2627 984 2682 cazremonia
1005 2627 1269 2683 adhibita
1290 2628 1349 2682 in
1373 2626 1677 2684 collatione
1700 2628 2002 2700 Baptismi.

359 2711 441 2766 De
457 2711 564 2767 hac
586 2714 747 2785 praxi
765 2716 1167 2770 testimonium
1186 2717 1449 2788 perhibet
1470 2716 2002 2772 luculentissimum

361 2805 603 2858 sanctus
649 2802 991 2874 Cyprianus.
1031 2805 1085 2858 1ο
1117 2805 1172 2859 in
1207 2822 1311 2861 suo
1354 2810 1607 2861 tractatu
1653 2807 1723 2861 de
1753 2805 1954 2876 Lapsis
1987 2821 2000 2859 :

359 2887 440 2943 ibi
471 2889 764 2961 siquidem
794 2893 865 2948 de
892 2891 1008 2948 illis
1037 2895 1212 2950 verba
1252 2895 1469 2951 faciens
1513 2894 1613 2966 qui
1645 2895 1701 2948 in
1736 2909 2003 2965 persecu-

356 2976 515 3033 tione
537 2980 901 3036 confcssores
923 2983 1266 3038 exstiterant
1285 2983 1365 3037 ait
1387 2984 1604 3038 frontes
1627 2983 1816 3038 crucis
1839 2983 2004 3054 signo

355 3072 744 3123 consecratas.
782 3091 810 3118 «
867 3071 1049 3126 Frons
1081 3087 1214 3126 cum
1245 3071 1413 3143 signo
1468 3071 1563 3127 Dei
1594 3089 1763 3143 pura,
1791 3071 2007 3126 diaboli

359 3171 634 3211 coronam
665 3157 813 3212 ferre
839 3175 952 3214 non
985 3160 1194 3230 potuit,
1227 3177 1449 3216 coronae
1479 3160 1710 3216 Domini
1742 3177 1802 3214 se
1829 3177 2006 3216 reser-

360 3243 517 3298 vavit
557 3245 690 3315 (47).
746 3267 773 3293 ››

365 3331 660 3388 disserens
711 3334 780 3388 de
830 3334 985 3400 Ozia,
1037 3335 1136 3407 qui
1186 3335 1356 3408 lepra:
1403 3337 1678 3392 varietate
1723 3336 1781 3390 in
1823 3338 2008 3391 fronte

364 3420 695 3478 maculatus
725 3426 831 3490 est,
865 3424 1043 3478 tradit
1083 3425 1234 3480 hanc
1264 3441 1392 3480 esse
1419 3442 1547 3480 eam
1588 3425 1844 3496 corporis
1877 3443 2006 3496 par-

360 3511 502 3578 tem,
535 3509 635 3564 ubi
666 3509 978 3581 signantur
1005 3512 1106 3584 qui
1137 3513 1421 3584 Baptismi
1453 3531 1605 3585 aqua
1635 3511 1959 3570 abluuntur
1990 3531 2004 3569 :

361 3621 391 3650 «
424 3597 532 3652 Ubi
564 3598 893 3670 signantur,
923 3601 1024 3671 qui
1057 3602 1368 3657 Dominum
1401 3607 1808 3673 promerentur
1836 3604 2008 3674 (48).»

359 3687 420 3741 3ο
450 3685 513 3740 In
561 3690 809 3742 tractatu
843 3689 1120 3745 adversus
1154 3690 1591 3746 Demetrianum
1641 3692 2010 3763 apertissime

364 3791 498 3830 cum
529 3775 824 3832 Ezechiele
855 3777 964 3848 (49)
997 3779 1388 3849 asserit,quod
1425 3801 1450 3829 «
1479 3780 1516 3833 ii
1543 3780 1650 3835 soli
1682 3781 1822 3836 salvi
1843 3785 2009 3836 erant

366 3863 466 3934 qui
498 3865 682 3919 renati
713 3869 770 3920 et
799 3866 966 3936 signo
996 3866 1208 3923 Christi
1240 3868 1453 3938 signati
1485 3869 1720 3925 fuerint.
1745 3871 1876 3942 (50).
1905 3890 1932 3921 ιδ

437 3951 532 4007 VI.
565 3954 814 4009 Editorz‘s
847 3956 1171 4012 Oxoniensis
1200 3967 1329 4012 nota
1359 3959 1458 4013 hac
1505 3975 1668 4030 super
1714 3975 1773 4014 re
1804 3960 2008 4030 refelli-

367 4045 479 4100 tur.
503 4074 573 4082 —
595 4042 1040 4101 Observavimus
1060 4047 1187 4116 jam
1220 4046 1278 4100 in
1309 4047 1710 4118 superioribus
1739 4049 1913 4102 tomis
1944 4065 2011 4103 ex

367 4131 666 4187 nonnullis
711 4133 1001 4204 Patribus,
1037 4135 1323 4206 praecipue
1346 4152 1494 4204 _vero
1515 4153 1584 4192 ex
1629 4136 2008 4207 Tertulliano,

363 4237 597 4292 Signum
641 4221 830 4276 crucis
861 4224 1013 4294 apud
1045 4228 1266 4280 veteres
1295 4224 1497 4280 fideles
1538 4225 2010 4296 frequentissimo

359 4309 419 4365 in
474 4327 585 4365 usu
649 4311 849 4366 fuisse.
921 4311 1265 4370 Oxoniensis
1319 4313 1431 4368 divi
1492 4314 1759 4386 Cypriani
1826 4316 2014 4370 editor

361 4398 621 4471 idipsum
652 4400 886 4468 fatetur,
912 4406 969 4456 et
998 4402 1179 4458 tradit
1207 4403 1264 4457 in
1289 4403 1540 4473 quadam
1569 4408 1704 4458 nota
1735 4403 1792 4458 in
1826 4421 2012 4459 unum

362 4503 432 4542 ex
462 4504 644 4559 supra
672 4489 927 4544 recitatis
949 4490 1005 4544 S.
1043 4489 1304 4546 Doctoris
1334 4492 1740 4546 testimonium
1776 4509 1788 4547 :
1823 4515 1851 4542 «
1885 4493 2010 4548 Non

825 3249 886 3299 2°
935 3229 1001 3301 In
1048 3251 1295 3302 tractatu
1347 3249 1418 3304 de
1461 3248 1687 3304 unitate
1737 3247 2001 3303 Ecclesia:
2035 3229 2079 3296 (ἶ

2119 1934 2254 1989 ergo
2286 1917 2345 1972 in
2377 1917 2560 1989 cultu,
2594 1932 2766 1988 quem
2798 1920 3077 1988 praestant
3104 1915 3603 1983 Cruci,beatorum
3637 1913 3765 1969 illo-

2117 2023 2247 2061 rum
2281 2011 2615 2077 temporum
2649 2005 2873 2078 praxim
2906 2005 3078 2060 hodie
3109 2007 3460 2075 sequuntur.

2186 2094 2307 2149 VII.
2343 2096 2439 2150 Sat
2472 2097 2534 2150 in
2561 2110 2653 2150 ore
2680 2111 2869 2150 eorum
2892 2094 2990 2166 qui
3011 2093 3458 2162 baptizabantur.
3486 2121 3554 2132 --
3582 2093 3764 2148 Caere-

2117 2185 2447 2239 moniarum
2473 2184 2757 2256 Baptismi
2781 2200 2897 2238 una
2920 2183 3136 2254 pariter
3168 2187 3277 2249 est,
3301 2182 3455 2253 quod
3489 2180 3574 2237 sal
3608 2180 3768 2252 poni-

2114 2275 2211 2326 tur
2240 2273 2296 2326 in
2333 2288 2450 2338 ore,
2483 2277 2586 2327 aut
2618 2289 2796 2344 super
2825 2271 3023 2343 lingua
3055 2270 3218 2326 illius
3250 2270 3350 2341 qui
3393 2269 3761 2341 baptizatur;

2114 2363 2374 2432 dumque
2426 2361 2483 2416 id
2534 2361 2759 2433 peragit
2802 2361 3067 2416 minister
3118 2360 3238 2415 haec
3285 2359 3502 2431 profert
3550 2359 3757 2425 verba;

2114 2472 2142 2499 ‹‹
2193 2450 2400 2522 Accipe
2451 2450 2537 2506 sal
2583 2450 2900 2521 sapientirc,
2951 2454 3061 2504 etc.
3117 2473 3145 2499 »
3199 2449 3316 2521 Ego
3365 2451 3561 2504 autem
3611 2464 3758 2513 reor,

2112 2539 2305 2610 inquit
2352 2539 2425 2594 cl.
2478 2540 2805 2595 Bernardus
2850 2539 3139 2594 Marechal
3179 2542 3381 2593 noster
3429 2537 3563 2608 (53),
3609 2537 3758 2592 hanc

2114 2628 2338 2700 praxim
2368 2629 2663 2700 designari
2685 2629 2744 2682 in
2777 2627 3152 2684 celeberrimo
3184 2626 3428 2683 concilio
3458 2625 3759 2696 Carthagi-

2113 2717 2302 2787 nensi,
2339 2719 2409 2772 de
2439 2734 2554 2788 quo
2585 2717 2858 2790 superius
2888 2717 3063 2772 verba
3094 2716 3200 2772 feci
3229 2734 3242 2783 ;
3275 2717 3334 2771 in
3365 2733 3431 2772 eo
3463 2715 3757 2786 siquidem

2115 2804 2328 2860 Lucius
2355 2807 2425 2861 de
2453 2805 2921 2877 Castrogalba,ut
2944 2805 3151 2877 probet
3179 2805 3586 2860 schismaticos
3616 2802 3760 2874 legi-

2113 2893 2254 2949 time
2285 2911 2399 2950 nou
2432 2895 2747 2966 baptizare,
2778 2911 2877 2950 eos
2907 2898 3009 2949 aut
3038 2911 3152 2950 non
3196 2910 3367 2965 posse
3406 2895 3544 2949 dare
3575 2891 3758 2948 salem

2114 2983 2414 3054 sapientia:
2463 2982 2788 3054 Spiritualis
2843 3008 2856 3038 :
2909 3006 2937 3033 «
2987 2982 3402 3038 Schismaticos
3445 2998 3558 3037 non
3591 2995 3760 3052 posse

2113 3071 2350 3127 condire
2382 3072 2672 3142 sapientia
2710 3070 3026 3142 spirituali,
3080 3088 3211 3128 cum
3243 3072 3354 3143 ipsi
3396 3071 3466 3126 ab
3506 3069 3763 3126 Ecclesia

2114 3161 2450 3216 recedentes
2479 3160 2963 3216 infatuati...facti
2995 3161 3114 3216 sint
3144 3161 3278 3231 (54).
3310 3183 3339 3210 ››
3370 3159 3594 3226 Quibus
3625 3175 3763 3214 sane

2117 3249 2305 3304 verbis
2341 3249 2664 3320 respexisse
2693 3249 2924 3303 videtur
2952 3253 3077 3302 tum
3108 3247 3510 3302 caeremoniam
3543 3247 3614 3300 de
3647 3263 3764 3316 qua

2118 3354 2310 3393 sermo
2343 3342 2584 3402 est,tum
2607 3337 2726 3390 haec
2758 3337 2968 3391 verba:
2994 3335 3251 3406 «Accipe
3280 3334 3365 3389 sal
3398 3333 3756 3405 sapientiae.-

2188 3427 2338 3481 VIII.
2373 3427 2831 3493 Interrogationes
2861 3426 2918 3478 in
2949 3425 3249 3492 Baptismo.
3275 3454 3343 3463 ——-
3372 3427 3421 3476 Α
3455 3421 3763 3494 neophytis

2117 3513 2462 3586 priusquam
2515 3515 2574 3568 in
2608 3529 2762 3584 aqua
2799 3513 3307 3584 immergerentur,
3358 3510 3765 3583 inquirebatur

2117 3603 2270 3658 inter
2313 3607 2536 3672 caetera,
2587 3619 2729 3656 num
2780 3603 3081 3657 crederent
3126 3601 3308 3656 vitam
3356 3605 3656 3667 aeternam,
3708 3604 3765 3655 et

2087 3690 2522 3746 rremissionem
2554 3694 2923 3762 peccatorum
2970 3707 3074 3762 per
3120 3693 3383 3745 sanctam
3426 3688 3762 3745 Ecclesiam.

2121 3779 2250 3850 Ipse
2293 3779 2466 3834 divus
2513 3779 2831 3852 Cyprianus
2884 3777 3417 3834 luculentissimum
3451 3779 3520 3832 de
3566 3777 3674 3832 hac
3705 3793 3764 3832 re

2123 3867 2527 3923 testimonium
2593 3868 2855 3939 perhibet
2920 3867 3178 3939 Epistola
3224 3885 3371 3937 LXIX,
3434 3866 3764 3938 energicam

2120 3957 2370 4028 prazlata:
2403 3956 2879 4028 interrogationis
2909 3957 3026 4011 vim
3065 3956 3373 4026 adhibens,
3408 3959 3470 4010 ut
3501 3955 3768 4020 ostendat

2119 4046 2635 4118 interrogationem
2667 4045 2816 4100 hanc
2848 4061 2960 4101 non
3002 4061 3175 4116 posse
3221 4047 3292 4100 ab
3341 4043 3456 4100 illis
3496 4043 3618 4098 ﬁeri
3663 4042 3765 4114 qui

2125 4135 2196 4190 ab
2219 4133 2482 4189 Ecclesia:
2505 4133 2918 4189 communione
2940 4138 3076 4188 sunt
3095 4133 3346 4205 separati
3370 4151 3383 4188 :
3409 4156 3438 4183 «
3460 4133 3608 4188 Nam
3631 4148 3764 4187 cum

2121 4223 2324 4278 dicunt
2355 4245 2382 4271 »
2419 4224 2497 4293 (S.
2533 4222 2803 4294 Cypriani
2837 4221 3137 4295 ipsissima
3167 4225 3306 4278 sunt
3332 4222 3529 4288 verba,
3565 4221 3664 4293 qui
3697 4221 3767 4276 de

2121 4311 2407 4367 haereticis
2437 4317 2495 4367 et
2525 4311 2916 4368 schismaticis
2945 4312 3221 4384 loquitur)
3249 4331 3261 4368 :
3287 4336 3314 4363 «
3339 4312 3537 4368 Credis
3567 4311 3772 4367 remis-

2120 4400 2345 4456 sionem
2379 4405 2747 4472 peccatorum
2782 4405 2838 4457 et
2867 4401 3044 4456 vitam
3067 4406 3342 4457 aeternam
3371 4417 3476 4472 per
3501 4403 3768 4455 sanctam

2124 4489 2438 4546 Ecclesiam
2462 4491 2489 4543 ‘?
2520 4490 2891 4545 mentiuntur
2918 4489 2977 4544 in
3010 4490 3480 4561 interrogatione,
3533 4489 3771 4560 quando

360 4579 595 4632 tantum
627 4579 763 4645 (51),
827 4578 976 4633 inter
1025 4579 1307 4650 Baptismi
1358 4580 1666 4646 solemnia,
1714 4581 2008 4637 frontibus
2045 4597 2090 4661 ο
2122 4595 2238 4634 non
2269 4579 2523 4634 habeant
2552 4577 2868 4633 Ecclesiam
2903 4580 3037 4651 (55).
3066 4601 3086 4632 ι
3121 4579 3308 4650 Hujus
3336 4579 3602 4651 ejusdem
3635 4593 3770 4634 con-

367 4664 559 4720 crucis
589 4665 824 4738 signum
866 4667 1263 4739 inprimebant
1295 4669 1629 4733 Christiani,
1655 4671 1756 4726 sed
1786 4671 1857 4725 ad
1888 4687 2012 4725 om-

371 4769 502 4808 nem
535 4770 913 4826 progressum
945 4761 1120 4829 atque
1153 4763 1508 4830 promotum,
1529 4759 1600 4812 ad
1633 4775 1868 4814 omnem
1899 4757 2016 4813 adi-

370 4846 496 4898 tum
530 4849 586 4898 et
625 4844 865 4912 exitum,
899 4847 971 4901 ad
1016 4847 1314 4914 vestitum,
1367 4852 1422 4902 et
1452 4847 1794 4916 calceatum,
1828 4849 1898 4903 ad
1933 4847 2012 4901 la-

364 4948 555 5005 vacra,
588 4933 660 4988 ad
693 4950 952 5005 mensas,
985 4937 1057 4991 ad
1090 4935 1393 5004 limina,ad
1428 4935 1664 5003 cubilia,
1683 4937 1754 4992 ad
1787 4937 2012 5004 sedilia,

437 5113 550 5185 (46)
585 5114 879 5187 Cyprian.,
913 5115 1014 5170 lib.
1047 5115 1112 5170 de
1157 5115 1356 5170 ldotor.
1415 5115 1674 5181 l’anitat.,
1724 5118 1867 5172 tom.
1925 5114 2012 5185 IV,

369 5187 558 5328 c.(54777)
582 5205 882 5328 Cyprium,
918 5256 1018 5312 lib.
1051 5256 1115 5310 de
1145 5257 1361 5325 Δαρεῖε,
1395 5273 1442 5310 c.
1479 5257 1665 5328 46811.

466 5275 554 5328 ιιι)
585 5275 882 5384 namnam,
918 5275 1018 5312 no.
1051 5275 1115 5310 ac
1145 5275 1361 5325 Lepus,
1395 5275 1442 5310 c.
1479 5275 1582 5310 quo
1615 5275 1665 5311 υ.

466 5332 555 5399 48)
591 5332 606 5383 l
656 5347 770 5397 em,
803 5329 906 5382 lib.
939 5328 1003 5382 de
1035 5329 1181 5382 Um't.
1215 5329 1436 5396 Eccles.,
1471 5332 1511 5382 t.
1546 5327 1637 5394 1V,
1671 5345 1720 5382 c.
1751 5329 1855 5383 514
1885 5349 1939 5385 Α.

465 5404 551 5465 49)
579 5400 884 5464 Ezechiel.,
917 5416 993 5465 1x,
1026 5401 1079 5451 (ἱ.

465 5405 530 5456 49
579 5405 884 5464 Ezechiel.,
917 5416 993 5465 1x,
1026 5405 1079 5451 ϋ.

438 5405 551 5544 (50)
583 5472 879 5544 Cyprium,
913 5474 1142 5524 tractat.
1168 5470 1298 5544 φιν.
1331 5472 1694 5544 Demetrium,
1747 5477 1787 5526 t.
1825 5471 1915 5544 Ν,
1961 5489 2009 5526 c.

366 5517 556 5599 523W};
583 5562 596 5610 ;
626 5517 700 5598 Jett
744 5517 1118 5598 Testimonium
1167 5541 1267 5597 lib.
1322 5559 1387 5609 II,
1447 5559 1573 5615 cap.
1624 5517 1714 5608 33’,
1755 5547 1797 5598 t.
1835 5517 1927 5616 Ν,
1961 5560 2011 5598 c.

367 5615 558 5760 71235;).
585 5683 735 5744 Edit.
768 5685 1102 5747 Bremensis
1145 5685 1314 5745 Joan.
1351 5685 1491 5746 Felli
1521 5687 1701 5747 Oxon.
1734 5685 2011 5761 episcopi,

2124 4667 2458 4722 suetudinis
2488 4665 2627 4721 alibi
2659 4666 2929 4721 meminit
2979 4668 3136 4723 hisce
3179 4666 3372 4724 verbis
3407 4683 3422 4722 :
3459 4689 3486 4717 «
3519 4668 3652 4738 Ipsa
3678 4683 3768 4720 1n-

2126 4756 2436 4828 terrogatio
2477 4771 2604 4826 quae
2657 4755 2721 4808 ﬁt
2751 4755 2810 4808 in
2860 4755 3180 4828 Baptismo,
3231 4756 3399 4812 testis
3456 4760 3545 4812 est
3592 4755 3772 4826 hujus

2122 4845 2382 4901 veritatis
2413 4844 2585 4914 (quod
2618 4843 2743 4897 sola
2763 4843 3020 4900 Ecclesia
3049 4845 3295 4900 remittit
3319 4845 3609 4915 peccata):
3635 4861 3771 4900 nam

2125 4951 2261 4990 cum
2293 4933 2544 4988 dicimus
2579 4949 2590 4986 :
2627 4932 2825 4988 Credis
2855 4933 2913 4988 in
2944 4933 3123 4990 vitam
3155 4937 3453 4999 aeternam,
3485 4936 3542 4988 et
3571 4933 3774 4989 remis-

2125 5114 2425 5256 “faelis:
2479 5185 2751 5257 Lumper,
2802 5185 3056 5241 Historia
3102 5182 3588 5257 Theolog._6ritic.
3620 5186 3773 5254 part.

2124 5233 2397 5321 νιιῖἐὲοῐ
2413 5233 3414 5328 ’2,-εἷῶῗέ’,ἀὶεῐῗᾷζ’ρξεἷἰἒέξῖὲρζ

2195 5326 2664 5409 (Dm-Marechal,
2690 5327 2946 5409 caligant.
2987 5326 3085 5382 SS.
3119 5332 3236 5383 PP.
3278 5331 3321 5381 t.
3374 5327 3445 5394 ΙΙ,
3479 5341 3611 5398 pag.
3649 5326 3775 5398 115,

2125 5399 2422 5482 edithLat.
2459 5400 2884 5482 Vernet.l_i76:7.

2197 5472 2306 5541 (54)
2337 5473 2541 5526 Concz’t.
2576 5471 2921 5544 Carthagin.,
2965 5487 3067 5541 vn,
3120 5487 3221 5526 seu
3276 5488 3354 5540 In,
3405 5470 3470 5525 de
3511 5471 3697 5543 Bapt.,
3728 5473 3775 5525 t.

2123 5543 2219 5599 ΙΙΙ.
2249 5559 2299 5597 c.
2343 5544 2479 5597 1058
2510 5560 2563 5599 Β.

2249 5559 2299 5597 ο.
2343 5559 2479 5597 1υῡὸ
2510 5560 2563 5600 Β.

2635 5616 2739 5688 Ep.
2773 5632 2916 5672 inx.
