4074 6194
317 353 432 427 xxi

1809 340 2244 410 EDITORUM.

3602 360 3737 411 xm

321 478 553 537 sionem
586 477 959 551 peccatorum
991 477 1229 536 nonnisi
1261 477 1321 535 in
1354 477 1605 536 Ecclesia
1636 477 1782 548 dari,
1817 479 1973 552 apud
2003 479 2058 546 Α
2087 475 2556 552 baptizabantur,
2611 494 2711 551 qui
2757 477 2840 535 ita
2885 478 3118 536 fuerant
3163 475 3479 554 baptizati;
3519 479 3734 539 iteran-

321 567 632 625 hmreticos
659 571 879 634 autem,
913 568 1014 624 ubi
1061 567 1320 625 Ecclesia
1349 586 1463 625 non
1513 570 1611 638 sit,
1644 587 1758 625 non
1807 584 1978 642 posse

321 662 570 731 peccata
600 657 816 712 dimitti
851 658 984 730 (56).
1015 677 1042 710 ι

398 747 493 802 ΙΧ.
522 746 938 802 Abrenuntiatio
982 747 1200 813 saeculo,
1231 748 1451 819 ejusque
1497 748 1708 804 deliciis
1738 765 1801 802 ac
1827 763 1978 820 pom-

322 839 434 908 pis.
468 865 536 876 —-
587 835 734 892 Illud
793 835 1013 908 pariter
1069 835 1406 907 exigebatur
1456 855 1489 892 a
1546 837 1872 909 neophytis,
1918 840 1981 891 ut

325 924 813 982 abrenuntiarent
842 923 1093 992 diabolo,
1127 925 1346 981 mundo
1379 927 1624 998 ejusque
1659 925 1882 981 deliciis
1913 941 1978 980 ac

324 1014 885 1088 pompis.Probatur
915 1013 973 1068 id
1001 1013 1468 1072 luculentissima
1499 1015 1843 1072 auctoritate
1864 1014 1978 1069 divi

326 1103 618 1176 Cypriani,
681 1103 781 1175 qui
840 1103 900 1158 in
959 1106 1210 1159 tractatu
1267 1105 1338 1160 de
1397 1105 1606 1161 [labitu
1652 1103 1977 1176 Virginum,

329 1192 565 1248 divitias
625 1192 833 1247 mundi
892 1196 1012 1247 tam
1071 1194 1527 1250 contemnendas
1583 1209 1712 1250 esse
1767 1192 1977 1264 inquit,

325 1298 507 1353 quam
540 1281 800 1336 mundus
830 1282 956 1353 ipse
989 1283 1442 1348 contemnitur,«
1475 1284 1644 1354 cujus
1671 1282 1907 1354 pompis
1923 1285 1981 1336 et

325 1369 554 1426 deliciis
578 1370 704 1440 jam
736 1373 879 1425 tunc
909 1371 1376 1427 renuntiavimus
1404 1372 1572 1443 (57).»
1596 1369 1976 1438 —«Saeculo,»

323 1458 523 1530 inquit
580 1457 694 1514 alio
753 1457 877 1514 loco
935 1459 1066 1531 (58),
1134 1481 1161 1510 «
1223 1461 1788 1527 renuntiaveramus,
1845 1475 1980 1514 cum

324 1547 607 1620 baptizati
683 1564 912 1604 sumus.
975 1570 1005 1597 ››
1061 1549 1132 1604 Et
1186 1549 1247 1604 in
1303 1552 1556 1604 tractatu
1626 1550 1697 1604 de
1753 1548 1978 1620 Lapsis,

327 1637 624 1709 quosdam
675 1636 1037 1693 Christianos
1092 1640 1213 1693 tam
1289 1653 1592 1709 perversos
1642 1637 1982 1693 adinventos

328 1725 524 1780 fuisse
572 1725 918 1794 admiratur,
970 1725 1069 1797 qui
1115 1725 1244 1782 ausi
1291 1726 1413 1781 sint
1459 1725 1795 1781 renuntiare
1838 1725 1981 1782 Jesu

329 1813 587 1880 Christo,
620 1815 713 1885 qui
754 1816 883 1886 jam
943 1813 1174 1870 diabolo
1229 1819 1286 1870 et
1344 1813 1553 1870 saeculo
1611 1814 2058 1914 renuntiave—B

331 1907 492 1958 rant.
533 1925 561 1952 «
592 1903 779 1970 Stare,
813 1925 842 1952 »
877 1903 1068 1974 inquit
1114 1908 1356 1960 sanctus
1404 1905 1606 1959 doctor
1634 1904 1768 1973 (59).
1806 1925 1834 1953 «
1864 1902 1984 1958 illic

327 1991 520 2064 potuit
565 1992 669 2047 Dei
720 2007 944 2048 servus.
980 2034 993 2049 .
1031 2035 1042 2047 .
1081 2035 1093 2047 .
1126 1999 1184 2048 et
1211 1993 1551 2048 renuntiare
1595 1991 1845 2063 Christo,
1878 1995 1981 2065 qui

320 2080 448 2150 jam
481 2079 714 2136 diabolo
746 2079 1182 2136 renuntiaverat
1211 2085 1268 2137 et
1294 2081 1527 2138 saeculo.
1564 2104 1592 2131 ››

399 2168 464 2224 Χ.
496 2170 818 2241 Baptismus
869 2170 1099 2225 collatus
1151 2187 1252 2242 per
1308 2173 1732 2227 immersion-em.
1793 2203 1859 2213 —
1920 2173 1980 2228 In

328 2274 493 2314 more
541 2257 804 2330 positum
834 2262 957 2318 erat
985 2258 1194 2331 primis
1242 2259 1508 2316 Ecclesiae
1550 2260 1796 2332 saeculis,
1831 2265 1894 2316 ut
1922 2262 1982 2317 in

329 2363 486 2418 aqua
514 2345 1065 2419 iiimmergerentur
1093 2348 1195 2420 qui
1223 2349 1983 2421 baptizabantur,quemad-

330 2435 579 2489 modum
631 2433 860 2489 eruitur
913 2451 981 2492 ex
1038 2437 1295 2509 Epistola
1349 2454 1479 2492 LXIX
1533 2436 1648 2492 divi
1689 2438 1981 2510 Cypriani,

334 2540 464 2595 qua
514 2528 602 2578 est
652 2523 722 2579 ad
775 2524 1053 2596 Magnum
1103 2527 1237 2598 (60).
1273 2526 1496 2582 Nullibi
1545 2532 1738 2582 autem
1776 2527 1836 2581 in
1885 2544 1985 2583 ve-

330 2611 668 2668 tustissimo
719 2612 828 2668 hoc
876 2615 1042 2671 Patre
1093 2615 1312 2671 mentio
1343 2616 1595 2671 occurrit
1645 2616 1823 2671 trium
1873 2615 1984 2671 im-

333 2701 722 2768 mersionum,
782 2702 892 2757 etsi
951 2707 1104 2759 certo
1162 2704 1378 2760 certius
1449 2705 1525 2761 sit
1578 2705 1686 2760 has
1738 2705 1797 2760 in
1875 2722 1986 2760 usu

336 2789 544 2858 fuisse,
577 2793 635 2845 et
681 2794 816 2845 ante
864 2796 920 2846 et
967 2796 1101 2864 post
1151 2792 1310 2848 illius
1357 2797 1640 2865 tempora.
1693 2794 1988 2860 Habemus

334 2878 448 2934 hac
479 2894 658 2949 super
683 2897 744 2935 re
791 2880 1046 2936 indubiae
1076 2881 1211 2936 ﬁdei
1244 2883 1599 2952 testimonia,
1631 2883 1987 2939 Clementem

336 2967 798 3026 Alexandrinum
830 2970 942 3040 (61)
969 2974 1025 3025 et
1054 2970 1478 3026 Tertullianum
1523 2972 1656 3042 (62).
1689 2971 1988 3044 Quinqua-

339 3055 606 3127 gesimus
635 3057 834 3113 Canon
863 3058 1236 3130 Apostolicus
1253 3060 1494 3114 mandat
1521 3059 1796 3132 deinceps
1813 3061 1991 3130 depo-

327 3144 605 3200 sitionem
657 3146 936 3219 epiSCOpi,
971 3151 1074 3202 aut
1125 3147 1467 3220 presbyteri,
1501 3148 1601 3220 qui
1650 3165 1766 3204 una
1814 3149 1981 3204 adhi-

2087 568 2227 624 dum
2259 568 2547 639 siquidem
2579 566 2785 624 fuisset
2812 569 3184 641 baptisma,si
3217 571 3464 626 dubium
3495 570 3734 645 aliquod

2087 662 2280 713 ortum
2313 657 2520 713 fuisset
2549 657 2619 712 de
2651 657 2808 712 illius
2839 658 3118 730 baptismi
3159 660 3476 716 validitate.
3510 662 3731 733 Impro-

2087 747 2188 802 bat
2218 747 2394 802 etiam
2425 746 2580 818 quod
2613 746 2957 802 clinicorum
2989 747 3224 804 nomine
3255 749 3640 823 appellentur,
3666 768 3732 808 ac

2089 837 2330 892 mandat
2376 834 2507 889 illos
2540 835 2623 890 uti
2673 851 2840 890 veros
2872 834 3233 892 Christianos
3279 837 3734 896 considerandos

2087 942 2235 993 esse,
2269 925 2422 980 sicut
2449 929 2506 979 et
2540 928 2796 990 caeteros,
2830 929 2886 979 et
2913 924 2970 977 in
2999 923 3158 980 nulla
3188 941 3248 980 re
3277 942 3309 979 a
3339 927 3561 982 cmteris
3591 928 3733 984 ﬁde-

2086 1013 2242 1069 libus
2292 1015 2614 1069 censendos
2645 1028 2773 1068 esse
2806 1014 3082 1069 diversos.
3119 1014 3389 1069 Fatcmur
3431 1015 3735 1073 nihilomi-

2089 1120 2222 1169 nus,
2258 1104 2451 1158 Romae
2483 1121 2516 1158 a
2544 1102 2820 1158 clericatu
2850 1117 2948 1158 eos
2979 1104 3222 1173 rejectos
3254 1103 3562 1175 fuisse,qui
3593 1106 3739 1178 bap-

2089 1192 2248 1248 tizati
2278 1192 2508 1247 fuerant
2537 1209 2639 1264 per
2666 1191 3021 1247 infusionem
3045 1190 3133 1246 vel
3166 1207 3268 1263 per
3297 1192 3696 1262 aspersionem
3720 1211 3734 1249 :

2088 1281 2196 1336 hoc
2227 1280 2516 1352 siquidem
2550 1297 2733 1336 unum
2765 1286 2854 1336 est
2872 1298 2940 1336 ex
2966 1280 3125 1335 vitiis
3156 1280 3738 1339 ordinationisNova-

2088 1371 2255 1437 tiani,
2290 1372 2444 1441 quod
2497 1370 2799 1426 Cornelius
2844 1387 2995 1442 papa
3043 1369 3282 1424 adducit
3328 1370 3386 1424 in
3439 1387 3548 1425 sua
3597 1370 3738 1444 Epi-

2087 1458 2239 1515 stola
2296 1460 2366 1514 ad
2428 1459 2670 1515 Fabium
2730 1460 3068 1531 episcopum
3128 1457 3555 1514 Antiochenum
3598 1459 3735 1531 (65).

2088 1548 2408 1604 Concilium
2460 1549 2679 1620 pariter
2727 1547 3188 1606 Neocaesariense
3219 1548 3332 1618 (66)
3365 1563 3398 1602 a
3439 1548 3736 1620 presbyte-

2090 1643 2219 1693 ratu
2251 1636 2506 1692 excludit
2529 1639 2782 1704 clinicos,
2808 1652 2874 1693 eo
2907 1637 3045 1709 quia
3073 1637 3241 1707 juxta
3270 1639 3528 1692 mentem
3557 1635 3738 1707 hujus

2089 1723 2328 1800 Concilii
2358 1742 2559 1781 eorum
2580 1727 2724 1781 ﬁdes
2744 1743 2858 1781 non
2889 1729 3044 1781 esset
3061 1722 3516 1795 voluntaria,sed
3540 1743 3574 1780 a
3589 1741 3743 1781 mor—

2088 1814 2165 1869 tis
2215 1817 2374 1870 metu
2421 1816 2815 1886 perﬁceretur.
2849 1814 3132 1869 Caeterum
3183 1813 3612 1868 observandum
3654 1819 3744 1870 est

2091 1902 2388 1975 baptisma
2420 1919 2521 1974 per
2549 1902 2905 1958 infusionem
2937 1901 2996 1957 in
3029 1901 3152 1958 solo
3186 1917 3325 1956 casu
3377 1901 3741 1959 necessitatis

2093 1991 2274 2047 fuisse
2303 1991 2602 2047 collatum.

2163 2080 2288 2136 XII.
2337 2081 2619 2138 Unctiones
2672 2082 2955 2152 baptismi.
2997 2111 3066 2122 -ε
3114 2081 3250 2137 Post
3296 2079 3736 2136 immersionem

2090 2169 2420 2242 baptizatus
2469 2170 2818 2241 ungebatur.
2855 2193 2883 2220 ‹‹
2912 2168 3058 2241 Ungi
3090 2185 3321 2242 quoque
3373 2185 3607 2225 necesse
3650 2173 3740 2226 est

2092 2275 2248 2328 eum,
2287 2282 2308 2308 ιι
2345 2259 2539 2332 inquit
2567 2260 2878 2331 episcopus
2910 2260 3042 2331 (67),
3077 2282 3106 2309 «
3138 2259 3236 2332 qui
3272 2258 3599 2330 baptizatus
3637 2258 3739 2329 sit,

2095 2352 2178 2413 ut,
2211 2352 2446 2419 accepto
2478 2347 2814 2414 chrismate,
2846 2347 2903 2402 id
2936 2351 3025 2402 est
3055 2347 3349 2414 unctione,
3369 2363 3498 2403 esse
3527 2351 3741 2403 unctus

2094 2436 2217 2506 Dei,
2249 2440 2303 2491 et
2333 2436 2547 2492 habere
2579 2437 2637 2491 in
2669 2452 2730 2492 se
2754 2436 3004 2509 gratiam
3055 2436 3267 2492 Christi
3299 2435 3502 2507 possit.
3538 2458 3567 2486 »
3597 2440 3745 2493 Con-

2095 2525 2339 2580 secratio
2370 2525 2548 2596 hujus
2579 2525 2913 2581 chrismatis
2943 2527 3330 2597 peragebatur
3357 2541 3536 2598 super
3564 2524 3746 2581 altare

2097 2630 2199 2685 per
2246 2614 2570 2686 gratiarum
2621 2616 2924 2670 actiones:
2961 2637 2989 2664 «
3044 2619 3218 2670 Porro
3269 2617 3467 2670 autem
3513 2613 3744 2670 Eucha-

2097 2702 2264 2758 ristia
2294 2707 2402 2773 est,
2438 2705 2592 2760 unde
2622 2703 2901 2776 baptizati
2928 2703 3453 2776 unguntur,oleum
3484 2703 3544 2757 in
3573 2702 3743 2758 altari

2096 2792 2530 2848 sanctificatum
2561 2794 2693 2864 (68).
2730 2815 2757 2842 »
2789 2792 2987 2848 Prima
3015 2792 3263 2864 hujusce
3293 2792 3571 2864 postremi
3619 2796 3746 2848 tex-

2096 2884 2194 2936 tus
2238 2882 2412 2936 verba
2458 2880 2727 2937 nonnihil
2774 2881 3077 2953 implicata
3131 2882 3418 2936 videntur.
3479 2881 3746 2936 Sentiunt

2099 2969 2337 3040 quidam
2370 2969 2716 3025 vocabulum
2737 2970 2846 3025 hoc
2862 2971 3212 3024 Eucharistia
3237 2968 3592 3024 sumendum
3614 2983 3744 3023 esse

2099 3057 2158 3112 in
2207 3057 2440 3129 proprio
2488 3075 2595 3114 suo
2643 3075 2842 3127 sensu,
2891 3056 3160 3113 videlicet
3202 3074 3306 3128 pro
3361 3057 3742 3113 Sacramento

2099 3145 2338 3214 altaris;
2373 3147 2526 3202 unde
2569 3147 2895 3218 conjiciunt
2926 3146 2982 3200 in
3034 3146 3278 3216 antiqua
3309 3143 3566 3200 Ecclesia
3607 3161 3744 3200 cum

326 3233 448 3290 bita
479 3214 1817 3310 immersione—utebantur(63).Nunc—temporis
1844 3254 1979 3294 vero
2012 3214 2054 3282 C
2094 3235 2388 3309 baptismo
2419 3214 2693 3292 collatam
2722 3235 2903 3291 luisse
2931 3239 2988 3290 et
3017 3214 3443 3290 Eucharistiam
3472 3231 3741 3305 illic(69);

322 3323 626 3395 baptisma
655 3325 951 3381 confertur
981 3325 1295 3382 infusione.

394 3413 494 3468 XI.
532 3415 845 3486 Baptismus
887 3415 1116 3470 collatus
1143 3432 1241 3487 per
1288 3417 1624 3486 infusionem
1649 3418 1746 3471 aut
1790 3431 1980 3488 asper-

319 3504 553 3559 sionem.
589 3533 658 3543 -—
705 3503 823 3558 Hoc
852 3504 1026 3559 modo
1078 3505 1222 3560 alias
1262 3504 1713 3576 baptizabantur
1759 3506 1981 3577 aegroti,

327 3604 476 3660 quos
506 3589 750 3660 quidem
798 3589 930 3645 ideo
963 3591 1337 3663 appellabant
1373 3592 1596 3648 clinicos
1616 3609 1637 3655 ;
1667 3593 1889 3664 absque
1917 3609 1983 3648 eo

330 3679 483 3750 quod
514 3679 601 3735 vel
631 3679 998 3734 levissimum
1032 3681 1286 3736 oriretur
1307 3681 1552 3736 dubium
1587 3683 1658 3737 de
1685 3681 1987 3738 validitate

325 3767 607 3838 baptismi
639 3767 744 3822 tali
773 3773 942 3840 pacto
973 3767 1191 3824 collati.
1219 3768 1395 3826 Divus
1424 3770 1748 3842 Cyprianus
1780 3771 1851 3826 de
1875 3771 1986 3827 hoc

327 3855 578 3913 articulo
607 3874 642 3912 a
667 3858 880 3930 Magno
910 3857 1236 3926 consultus,
1288 3859 1600 3930 respondet
1629 3874 1728 3915 eos
1772 3860 1872 3930 qui
1903 3859 1986 3915 sic

325 3945 836 4018 baptizantur,Dei
867 3947 1117 4019 gratiam
1150 3947 1423 4019 recipere,
1443 3965 1557 4003 non
1590 3964 1759 4004 secus
1789 3965 1854 4003 ac
1884 3949 1985 4021 qui

326 4035 389 4089 in
423 4051 578 4105 aqua
607 4035 873 4091 immersi
904 4040 1046 4091 sunt
1076 4036 1708 4109 (64).Deinde,prolatis
1738 4037 1988 4092 nonnul-

323 4123 407 4178 lis
435 4123 869 4194 Scripturarum
922 4125 1194 4193 oraculis,
1227 4125 1288 4180 in
1319 4126 1534 4198 quibus
1578 4143 1770 4181 sermo
1800 4132 1891 4182 est
1916 4128 1986 4182 de

324 4211 625 4268 int'usione
653 4217 708 4269 et
757 4214 1098 4285 aspersione
1129 4231 1314 4286 aquae,
1349 4214 1644 4270 concludit
1691 4216 1986 4288 aspersio-

321 4317 461 4357 nem
493 4318 658 4374 aquze
683 4301 872 4357 instar
902 4301 1407 4358 salutarislavacri
1440 4303 1743 4360 obtinere:
1768 4326 1796 4354 «
1823 4304 1986 4360 Unde

328 4391 998 4462 apparet,aspersionem
1031 4408 1264 4464 quoque
1295 4408 1457 4464 aquae
1490 4393 1678 4448 instar
1711 4391 1986 4450 salutaris

327 4477 546 4533 lavacri
602 4481 882 4536 obtinere.
939 4503 960 4530 ι
1023 4482 1202 4552 Cujus
1259 4481 1342 4537 rei
1398 4481 1602 4553 paucis
1662 4481 1985 4554 interjectis

2092 3325 2190 3382 alii
2220 3341 2352 3381 vero
2383 3329 2623 3381 tuentur
2646 3323 2969 3398 gratiarum
3001 3323 3288 3379 actionem
3327 3324 3740 3380 tantummodo

2091 3414 2193 3469 illa
2219 3430 2355 3469 voce
2385 3413 2722 3486 signiﬁcari.

2163 3502 2308 3558 XIII.
2345 3503 2600 3557 Osculum
2650 3517 2835 3558 recens
2867 3503 3156 3571 baptizatis
3192 3501 3402 3556 datum.
3436 3531 3503 3540 —
3552 3500 3740 3555 Habe-

2093 3608 2226 3647 mus
2254 3608 2322 3646 ex
2348 3590 2607 3662 Epistola
2636 3590 2751 3646 divi
2781 3589 3049 3663 Cypriani
3080 3591 3152 3645 ad
3199 3589 3429 3660 Fidum,
3465 3587 3743 3661 baptismi

2095 3680 2434 3736 ministrum
2467 3679 2842 3736 consuevisse
2872 3681 3010 3735 dare
3038 3678 3306 3736 osculum
3330 3694 3528 3734 recens
3560 3677 3747 3749 bapti-

2093 3775 2241 3825 zato.
2278 3769 2676 3824 Contendebat
2706 3769 2886 3824 Fidus
2927 3769 3105 3840 quod,
3137 3784 3270 3823 cum
3312 3767 3627 3838 vestigium
3656 3765 3746 3820 in-

2092 3857 2270 3913 fantis
2296 3857 2355 3912 in
2384 3857 2592 3929 primis
2621 3862 2826 3929 partus
2858 3857 2949 3912 sui
2983 3856 3192 3912 diebus
3224 3855 3745 3914 constitutimun-

2094 3948 2236 4002 dum
2267 3962 2382 4000 non
2414 3950 2591 4013 esset,
2622 3945 2859 4001 horrere
2889 3945 3136 4001 debebat
3164 3943 3572 4018 unusquisque
3610 3959 3745 3998 eum

2094 4034 2716 4106 exosculari,adeoque
2745 4035 2900 4106 quod
2933 4033 3122 4106 gratia
3151 4032 3526 4105 baptismatis
3556 4031 3746 4087 eidem

2096 4125 2344 4180 conferri
2395 4141 2509 4179 non
2562 4128 2806 4195 poterat.
2857 4122 3097 4192 Verum,
3148 4123 3462 4194 respondet
3504 4124 3746 4177 sanctus

2093 4213 2425 4285 episcopus,
2457 4229 2561 4268 nec
2609 4211 2823 4283 aliquis
2868 4216 3134 4268 nostrum
3165 4211 3221 4266 id
3266 4211 3438 4267 debet
3487 4210 3742 4275 horrere,

2094 4303 2250 4374 quod
2307 4302 2464 4358 Deus
2524 4301 2807 4374 dignatus
2865 4307 2954 4357 est
3008 4302 3249 4357 facere:
3305 4323 3333 4349 ‹‹
3393 4298 3634 4363 Quando
3688 4297 3748 4352 in

2092 4390 2294 4448 osculo
2324 4390 2569 4446 infantis
2600 4390 3013 4462 unusquisque
3039 4394 3306 4446 nostrum
3337 4405 3442 4460 pro
3473 4404 3582 4443 sua
3610 4384 3750 4442 reli-

2093 4481 2265 4554 gione
2295 4482 2454 4552 ipsas
2482 4479 2673 4535 adhuc
2706 4483 2970 4536 recentes
3001 4478 3100 4534 Dei
3131 4491 3342 4532 manus
3390 4475 3563 4532 debet
3592 4474 3748 4548 cogi-

329 4567 493 4623 hanc
537 4569 748 4639 profert
795 4569 1104 4641 rationem,
1138 4571 1295 4643 quod
1346 4569 1566 4627 scilicet
1595 4571 1810 4628 iterum
1860 4588 1977 4628 non
2010 4580 2058 4646 D
2091 4573 2239 4640 tare,
2269 4573 2374 4626 etc.
2409 4570 2544 4640 (70).
2581 4592 2602 4618 ι

405 4748 523 4820 (56)
553 4750 817 4822 Cyprian.
851 4749 952 4822 Ep.
988 4767 1112 4821 ω,
1144 4753 1287 4805 tom.
1316 4749 1412 4822 III,
1443 4766 1496 4806 c.
1530 4749 1677 4822 1040
1694 4767 1753 4822 ιιι.

405 4767 523 4820 (oo)
553 4767 817 4876 scyprian.
851 4767 952 4822 15p.
988 4767 1112 4821 Lxx,
1144 4767 1287 4805 tom.
1316 4767 1412 4817 ιιι,
1443 4767 1496 4806 c.
1530 4767 1669 4805 ww
1698 4767 1753 4804 Α.

403 4821 518 4892 (57)
548 4823 566 4875 l
619 4865 659 4889 .,
690 4824 942 4877 tractatu
973 4822 1046 4877 de
1076 4822 1275 4877 Habitu
1307 4821 1542 4892 Vzrgin.,
1575 4825 1614 4876 t.
1637 4821 1895 4888 IV,c.446
1926 4840 1980 4878 Β.

400 4893 518 5030 (58)
549 4892 654 4958 Id.,
686 4894 787 4975 Ep.
819 4909 922 4964 v11,
955 4897 1096 4976 tom.
1132 4893 1224 4959 IV,
1260 4909 1310 4948 c.
1342 4893 1442 4946 241
1477 4911 1533 4949 Α.

422 4963 515 5030 59)
544 4964 628 5020 Id.
663 4964 764 5020 tib.
795 4963 860 5020 de
887 4969 1110 5030 Lapsis,
1143 4968 1186 5020 t.
1220 4964 1310 5030 IV,
1345 4981 1393 5019 c.
1425 4965 1530 5020 334

422 4963 515 5035 59)
544 4964 628 5020 Id.
663 4963 764 5020 liti.
795 4963 860 5020 de
887 4966 1110 5033 Lapsis,
1143 4968 1186 5020 t.
1220 4964 1310 5034 IV,
1345 4981 1393 5019 c.
1425 4965 1530 5020 334
1558 4982 1594 5020 Α
1623 4967 1680 5019 et
1708 4980 1756 5019 c.
1791 4965 1897 5020 467
1925 4983 1981 5020 Α.

320 5035 435 5090 Sed
463 5037 559 5106 qui
605 5036 800 5092 saeculo
831 5038 1178 5092 renuntiasse
1223 5051 1279 5092 se
1304 5037 1578 5106 meminit,
1626 5037 1848 5092 nultum
1879 5051 1986 5094 sae-

318 5107 441 5162 culi
463 5107 608 5162 diem
637 5117 812 5163 nomt.

420 5177 514 5250 60)
551 5178 660 5250 Id.,
686 5179 790 5250 Ep.
825 5195 1010 5250 nxx1x.

421 5248 516 5319 61)
546 5248 751 5305 αιΘωῑ
776 5249 1106 5317 Alexandr.,
1138 5249 1238 5306 lib.
1272 5267 1306 5305 ν
1332 5251 1621 5316 Stromat.,
1672 5266 1803 5321 pag.
1851 5252 1979 5306 690.

318 5321 473 5376 Vide
501 5322 702 5393 Hister.
742 5323 984 5393 Iheotog.
1015 5322 1215 5388 critic.,
1246 5327 1393 5393 part.
1430 5338 1481 5392 v,
1513 5338 1646 5393 pag.
1682 5322 1802 5376 155.

397 5392 517 5463 (62)
561 5391 945 5461 Tertullian,
979 5393 1107 5449 adv.
1157 5391 1471 5458 Prda‘eam,
1514 5391 1647 5465 cap.
1700 5394 1789 5448 26.
1848 5393 1980 5449 Vid.

316 5467 476 5537 Hist.
497 5473 634 5537 crit.
664 5465 894 5533 theolog.
929 5469 1081 5537 part,
1113 5483 1192 5532 v1,
1224 5481 1356 5537 pag.
1389 5465 1514 5520 635.

419 5536 511 5609 63)
548 5534 750 5609 Conon.
783 5534 1016 5609 Apostol.
1052 5552 1177 5609 cap.
1210 5534 1300 5593 26.

420 5553 493 5591 οδ
548 5553 750 5619 canon.
783 5553 1016 5609 aposset.
1052 5553 1118 5593 ca
1165 5579 1177 5592 .
1210 5553 1300 5593 κο.

546 5607 852 5690 Cypriam,
873 5609 976 5690 Ep.
1009 5553 1414 5690 adﬁagnum.
1532 5679 1587 5690 Μ
1658 5678 1724 5690 ’θ

396 5625 493 5678 (04
546 5625 842 5679 uyprian.,
873 5625 915 5665 na
962 5649 976 5664 .
1009 5625 1094 5690 au.
1113 5625 1414 5682 magnum.
1714 5678 1724 5689 D
1901 5681 1910 5692 ⁸

395 5625 518 5753 (65)
545 5678 762 5756 Euseb,
806 5682 872 5739 Η.
917 5625 1010 5753 £1,
1056 5679 1159 5742 hb.
1209 5698 1286 5756 v1,
1347 5695 1471 5753 cap.
1519 5679 1608 5738 43.
1658 5679 1792 5739 Vid.
1841 5680 1982 5766 Hist.

2095 4749 2326 4819 theolog.
2357 4748 2561 4815 critic.,
2612 4750 2761 4818 part.
2797 4764 2881 4819 x1,
2927 4763 3058 4819 pag.
3110 4748 3197 4801 17.
3247 4744 3474 4801 Videsis
3503 4749 3559 4819 et
3601 4747 3748 4819 doc-

2095 4817 2313 4876 tissimi
2345 4819 2528 4874 nostri
2561 4817 2886 4875 Ceustantii
2921 4817 3086 4874 notas
3115 4821 3168 4886 3,
3203 4819 3256 4884 4,
3285 4820 3320 4872 5
3350 4821 3406 4871 et
3434 4817 3568 4885 6,in
3601 4817 3752 4872 hanc

2092 4891 2343 4948 Cornelii
2375 4890 2444 4945 ad
2473 4891 2704 4946 Fabium
2732 4891 3045 4960 Epistotam
3075 4889 3228 4960 apud
3279 4889 3488 4959 Mansi,
3522 4893 3664 4945 tom.
3699 4888 3745 4957 Ι,

2093 4962 2331 5044 collect:
2361 4962 2978 5044 Concilior.,.colhumn.
3011 4963 3117 5044 823
3143 4962 3354 5044 et._824.

2165 5035 2276 5162 (66)
2304 5034 2472 5106 Apud
2522 5028 2732 5099 Mansi,
2783 5033 2998 5114 Collect.
3055 5033 3292 5114 Concita
3329 5035 3488 5116 .tom.
3519 5028 3746 5114 Πηροιε

2092 5107 2221 5185 54-.
2255 5121 2474 5162 canone
2502 5105 2591 5171 12,
2626 5108 2913 5185 etnotam
2938 5103 3374 5185 hlilllSl’d‘lSElml”
3388 5101 3750 5185 .Alba_sp1na§1

2095 5179 2155 5234 in
2185 5178 2341 5234 hunc
2371 5192 2654 5233 canonem
2684 5174 2745 5231 in
2797 5175 2892 5231 cit.
2929 5174 3148 5230 Cotlect.
3183 5175 3482 5230 Concilior.
3534 5174 3746 5245 Mansi,

2136 5267 2226 5306 δεῖ.
2256 5251 2382 5306 552.

2095 5267 2606 5392 pa§67:))aé§prian'y
2639 5319 2740 5390 Ep.
2773 5334 2896 5385 va,
2924 5321 2964 5372 t.
3004 5317 3096 5383 Ill,
3130 5334 3178 5372 c.
3211 5315 3348 5372 1040
3377 5334 3431 5372 Α.

2167 5390 2279 5461 (68)
2309 5390 2416 5455 1d,;
2449 5390 2594 5446 Ibid.

2172 5458 2284 5537 (69)
2319 5465 2450 5518 Vid.
2489 5460 2701 5517 Baluzii
2745 5465 2940 5537 notam
2976 5459 3221 5537 inbunc
3270 5459 3619 5537 locum,rqui
3665 5458 3748 5516 le-

2095 5531 2352 5609 gendum
2383 5550 2512 5609 esse
2543 5537 2742 5590 censet
2768 5533 2898 5609 oleo
2910 5534 2973 5609 in
3001 5531 3174 5609 altari
3199 5533 3557 5609 sanctiﬁcata.

2167 5609 2280 5682 (70)
2307 5605 2573 5679 Cyprian.
2606 5610 2708 5678 Ep.
2741 5604 2813 5662 ad
2853 5604 3072 5673 Fidum,
3105 5607 3250 5663 tom.
3301 5605 3400 5674 Ill,
3433 5622 3484 5662 c.
3520 5604 3661 5660 1017
3687 5621 3742 5659 Α.
