4064 6196
432 399 594 454 XXIII

1929 342 2352 451 primum

3697 403 3838 459 XXIV

493 521 633 582 XIV.
668 520 1023 598 COnﬁrmatio
1070 524 1388 582 immediate
1429 530 1553 597 post
1580 524 1916 599 Baptzsmum
1967 528 2074 583 col-
2104 519 2160 588 Α
2189 540 2361 580 mane
2392 539 2545 596 aqua
2575 522 2698 581 sola
2729 521 2921 581 oﬁ‘erri
2951 523 3202 595 videtur,
3232 525 3428 583 tamen
3457 543 3593 584 cum
3626 525 3695 585 ad
3729 545 3836 587 οω-

424 614 560 672 lata.
593 647 662 657 ——
691 613 1042 689 Plerumque
1072 617 1362 688 baptisma
1403 618 1759 688 sequebatur
1809 617 2073 689 proxime

418 706 817 763 Conﬁrmatio.
850 707 931 761 Ex
984 706 1113 761 divo
1144 707 1423 778 Cypriano
1466 707 1520 761 id
1575 707 1884 763 manifesto
1936 725 2071 764 con-

420 799 572 863 stat;
606 798 687 853 ait
732 796 910 861 enim,
945 797 1098 868 quod
1131 795 1190 850 in
1234 797 1492 852 Ecclesia
1522 797 1798 868 baptizati
1849 815 2068 870 praepo-

417 885 547 941 sitis
597 887 1008 949 otl'erebantur,
1041 887 1143 958 qui
1191 887 1552 958 recipiebant
1601 887 1882 959 Spiritum
1933 905 2070 944 san-

424 979 606 1041 ctum,
641 979 696 1030 et
725 990 828 1042 per
871 992 1069 1031 eorum
1103 976 1426 1031 orationem
1478 993 1542 1031 ac
1571 993 1785 1032 manus
1831 977 2070 1049 imposi-

421 1063 642 1119 tionem
684 1064 1153 1135 perﬁciebantur.
1187 1088 1215 1115 ‹‹
1249 1067 1412 1130 Quod
1446 1083 1602 1120 nunc
1633 1083 1865 1137 quoque
1913 1068 2066 1138 apud

419 1169 528 1208 nos
579 1153 838 1223 geritur;
872 1158 937 1208 ut
983 1154 1083 1225 qui
1116 1155 1174 1208 in
1206 1155 1462 1210 Ecclesia
1510 1157 1850 1224 offerantur,
1881 1162 1937 1211 et
1968 1173 2068 1228 per

418 1245 682 1297 nostram
716 1243 1038 1299 orationem
1073 1261 1138 1299 ac
1171 1262 1381 1300 manus
1411 1245 1841 1317 impositionem
1885 1245 2064 1317 Spiri-

413 1335 542 1386 tum
575 1334 846 1388 sanctum
880 1338 1396 1405 consequantur,et
1425 1335 1728 1406 signaculo
1763 1335 2067 1391 Dominico

419 1425 910 1477 consummentur
943 1423 1074 1495 (71).
1109 1445 1136 1473 ››

492 1509 608 1564 XV.
654 1512 937 1582 Baptizati
980 1513 1220 1583 infantes
1260 1515 1319 1569 in
1366 1516 1672 1570 nativitatis
1719 1515 1962 1570 exordio.
1999 1547 2064 1555 —-

418 1598 980 1656 Moreminfantesin
1012 1602 1334 1658 nativitatis
1353 1604 1586 1659 exordio
1611 1603 2062 1676 baptizandidu-

415 1686 550 1760 plici
583 1688 642 1743 in
675 1688 800 1744 loco
830 1696 1252 1747 commemorat
1279 1692 1446 1747 divus
1476 1693 1818 1764 Cyprianus,
1851 1692 1909 1746 in
1941 1695 2059 1747 tra-

413 1780 568 1833 ctatu
601 1777 821 1834 scilicet
850 1779 920 1833 de
950 1779 1174 1850 Lapsis,
1209 1779 1308 1833 ubi
1341 1780 1544 1835 scribit
1579 1798 1590 1834 :
1629 1803 1656 1829 «
1686 1783 1764 1835 Ac
1817 1797 1887 1835 ne
1918 1780 2058 1850 quid

414 1865 643 1921 deesset
675 1867 744 1920 ad
775 1865 1037 1921 criminis
1067 1867 1657 1934 cumulum,infantes
1689 1886 1920 1941 quoque
1953 1887 2056 1941 pa-
2099 1887 2140 1953 Β

412 1957 644 2008 rentum
675 1954 951 2010 manibus
973 1953 1060 2010 vel
1079 1955 1456 2027 impositi,vel
1476 1957 2061 2024 attracti,amiserunt

411 2041 636 2113 parvuli
686 2043 838 2113 quod
877 2043 934 2097 in
989 2043 1178 2115 primo
1211 2045 1405 2100 statim
1460 2046 1782 2102 nativitatis
1823 2049 2056 2104 exordio

410 2129 645 2186 fuerant
674 2131 1028 2187 consecuti.»
1049 2133 1116 2187 Et
1137 2133 1194 2187 in
1225 2132 1481 2205 Epistola
1501 2136 1572 2189 ad
1600 2136 2055 2207 Fidum(7I),ubi

409 2219 616 2274 scribit
647 2219 804 2274 hunc
853 2219 912 2275 in
944 2222 1184 2276 modum
1221 2239 1233 2276 :
1276 2244 1301 2273 α
1334 2223 1592 2280 Universi
1635 2225 2052 2298 judicavimus,

409 2307 554 2362 nulli
585 2308 893 2364 hominum
928 2313 1063 2365 nato
1095 2311 1554 2368 misericordiam
1587 2313 1686 2369 Dei
1721 2318 1777 2369 et
1806 2315 2053 2386 gratiam

406 2410 536 2452 esse
559 2396 1202 2469 denegandam....Esse
1221 2402 1373 2472 apud
1405 2419 1610 2457 omnes
1641 2402 2051 2471 siveinfantes,

406 2483 528 2540 sive
561 2485 813 2556 majores
844 2491 1007 2553 natu,
1041 2504 1218 2543 unam
1252 2488 1432 2543 divini
1466 2489 1728 2544 muneris
1759 2489 2055 2560 aequalita-

409 2576 644 2630 tem.....
676 2574 823 2630 Nam
872 2576 1046 2644 Deus,
1079 2582 1144 2632 ut
1190 2593 1500 2649 personam
1541 2595 1655 2633 non
1707 2578 1934 2650 accipit,
1971 2579 2054 2634 sic

414 2678 520 2718 nec
551 2667 782 2719 atatem
817 2681 829 2718 :
865 2681 998 2720 cum
1031 2683 1092 2722 se
1121 2667 1397 2722 omnibus
1451 2668 1522 2723 ad
1556 2668 1806 2724 cmlestis
1854 2668 2052 2740 gratiae

411 2752 1242 2826 consecutionem,aequalitate
1266 2755 2051 2828 librata,praebeatpatrem.»

634 2898 660 2955 §
687 2895 774 2946 III.
804 2921 865 2932 —
894 2897 1178 2960 Disciplina
1207 2898 1381 2961 quoad
1406 2897 1809 2948 Eucharistiam.

478 3009 626 3064 XVI.
657 3010 866 3066 Fideles
899 3027 1026 3066 cum
1054 3014 1295 3084 episcopo
1335 3015 1395 3068 in
1425 3029 1597 3068 unum
1642 3013 2051 3079 conveniebant,

402 3100 463 3153 ut
497 3097 917 3155 Eucharistiam
946 3101 1303 3156 celebrarent.
1331 3133 1374 3142 —
1426 3100 1648 3157 Fideles
1679 3101 2052 3158 consuevisse

405 3185 466 3241 in
500 3203 686 3242 unum
720 3203 854 3241 cum
881 3188 1153 3261 episcopo
1179 3190 1578 3259 convenire,ut
1605 3190 1802 3245 divina
1833 3194 2050 3262 myste-

2183 615 2444 669 nandum
2476 614 2765 687 venimus,
2799 616 3042 670 mistum
3077 615 3315 672 calicem
3347 617 3645 674 offerimus
3670 619 3766 675 ‘l...
3800 642 3827 672 »

2181 703 2578 759 Nihilominus
2612 721 2680 760 ea
2710 709 2798 760 est
2827 705 3096 776 Cypriani
3129 721 3316 772 mens,
3353 707 3505 778 quod
3539 709 3828 764 matutino

2181 792 2398 863 potius,
2431 810 2605 864 quam
2638 795 2966 865 vespertino
2993 799 3252 865 tempore
3295 796 3649 852 sacrificium
3682 799 3827 853 cele-

2177 881 2401 936 bretur.
2434 883 2506 936 At
2535 881 2683 938 illud
2734 899 2867 938 vero
2901 883 3058 955 quod
3091 883 3267 954 aliqui
3307 884 3679 954 objiciebant,
3717 887 3832 942 Do-

2180 969 2406 1025 minum
2439 971 2659 1026 scilicet
2678 988 2789 1026 non
2823 973 3120 1040 mane,sed
3159 977 3291 1044 post
3322 989 3546 1028 caenam
3579 975 3828 1031 mixtum

2179 1058 2416 1114 calicem
2449 1059 2753 1128 obtulisse,
2790 1061 2912 1115 haec
2945 1062 3172 1132 reponit
3203 1065 3443 1117 sanctus
3475 1063 3824 1135 episcopus:

2176 1147 2476 1204 Christum
2527 1149 2729 1204 otl'erre
2777 1150 3082 1220 oportebat
3137 1149 3290 1205 circa
3336 1165 3640 1222 vesperam
3694 1153 3826 1222 diei,

2178 1241 2241 1292 ut
2275 1238 2416 1293 hora
2445 1238 2572 1309 ipsa
2604 1238 2874 1292 sacriﬁcii
2895 1239 3230 1293 ostenderet
3259 1245 3616 1310 occasum,et
3635 1257 3831 1312 vespe-

2175 1343 2299 1382 ram
2333 1327 2533 1381 mundi
2570 1343 2582 1381 :
2621 1349 2649 1376 «
2680 1327 2794 1381 Nos
2827 1330 3021 1381 autem
3071 1327 3558 1384 resurrectionem
3593 1329 3824 1385 Domini

2177 1432 2347 1471 mane
2377 1415 2767 1471 celebramus.
2804 1437 2832 1465 »

2241 1506 2389 1561 XVII
2421 1505 2523 1560 bis.
2557 1505 2811 1574 Quotidie
2839 1506 3192 1577 offerebatur,
3235 1509 3282 1562 el
3313 1506 3500 1576 ﬁdeles
3556 1507 3822 1562 Euchari-

2170 1597 2335 1648 stiam
2363 1594 3020 1659 sumebant.—Quotidie
3055 1598 3322 1649 sanctum
3355 1594 3707 1650 offerebatur
3736 1613 3824 1651 sa-

2172 1682 2477 1737 criﬁcium.
2505 1706 2531 1732 «
2565 1683 2671 1746 Qui
2705 1683 2991 1738 sacriﬁcia
3021 1681 3280 1754 quotidie
3311 1683 3824 1751 celebramus,»in-

2171 1771 2297 1843 quit
2325 1771 2714 1843 S.Cyprianus
2734 1771 2994 1843 Epistola
3014 1773 3085 1826 ad
3109 1771 3442 1826 Cornelium
3467 1772 3817 1845 papam(76).

2171 1861 2398 1917 Fideles
2429 1861 2686 1933 quotidie
2708 1860 3134 1916 Eucharistiam
3155 1860 3611 1929 sumebant,nisi
3628 1863 3821 1932 gravis

2170 1949 2370 2022 aliqua
2415 1949 2587 2022 culpa
2633 1949 3068 2005 intercessisset
3114 1949 3227 2019 (77)
3280 1965 3293 2002 :
3332 1971 3358 1998 «
3410 1948 3576 2003 Hunc
3627 1955 3820 2006 autem

2167 2056 2377 2112 panem
2409 2040 2577 2095 nobis
2609 2039 2868 2110 quotidie
2889 2037 3280 2109 postulamus,
3313 2054 3385 2092 ne
3418 2037 3820 2108 qui...Eucha-

2165 2129 2394 2183 ristiam
2427 2127 2684 2198 quotidie
2716 2127 2786 2182 ad
2821 2127 3016 2182 cibum
3049 2125 3259 2182 salutis
3292 2125 3821 2197 accipimus,inter-

2165 2218 2404 2273 cedente
2451 2216 2645 2288 aliquo
2693 2216 2956 2288 graviore
3007 2214 3310 2282 delicto...,
3343 2232 3376 2270 a
3423 2215 3640 2270 Christi
3690 2232 3816 2272 cor-

2166 2322 2302 2377 pore
2332 2322 2729 2376 separemur.»
2764 2304 3033 2368 Quotidie
3063 2303 3301 2359 calicem
3322 2304 3630 2375 sanguinis
3655 2303 3815 2360 Chri-

2164 2395 2236 2450 sti
2271 2393 2606 2459 bibebant,«
2640 2394 3138 2460 considerantes,»
3168 2393 3342 2448 verba
3376 2397 3515 2447 sunt
3545 2393 3810 2463 ejusdem

2164 2483 2349 2540 sancti
2406 2483 2661 2538 doctoris
2692 2483 2825 2554 (78),
2861 2505 2889 2532 «
2919 2481 3132 2537 idcirco
3164 2497 3226 2536 se
3258 2481 3520 2553 quotidie
3568 2481 3809 2538 calicem

2163 2571 2469 2642 sanguinis
2501 2571 2714 2626 Christi
2744 2571 2967 2637 bibere,
2990 2575 3055 2626 ut
3085 2570 3312 2642 possint
3341 2573 3397 2625 et
3426 2569 3540 2642 ipsi
3570 2576 3810 2644 prepter

2163 2661 2460 2716 Christum
2494 2661 2842 2732 sanguinem
2874 2661 3136 2716 fundere.
3173 2682 3200 2709 »

2233 2750 2434 2805 XVIII.
2469 2749 2624 2821 Saepe
2651 2750 2748 2804 sub
2776 2749 2893 2805 sola
2920 2752 3096 2822 specie
3119 2750 3282 2821 panis
3318 2749 3675 2804 Eucharistia
3709 2748 3804 2803 da-

2163 2842 2342 2895 batur.
2374 2871 2439 2879 —
2472 2839 2591 2894 Etsi
2623 2857 2692 2894 ex
2723 2839 2892 2895 dictis
2926 2843 2982 2894 et
3010 2838 3340 2894 innumeris
3372 2837 3503 2894 aliis
3534 2838 3810 2894 vetustis-

2161 2928 2329 2984 simis
2374 2927 2793 2996 monumentis,
2824 2927 3024 2983 inferri
3068 2929 3204 2999 jure
3237 2927 3421 3000 possit
3467 2926 3670 2982 ﬁdeles
3700 2926 3810 2981 sub

2161 3018 2298 3074 bina
2331 3017 3006 3089 speciecommunionem
3039 3032 3272 3072 sumere
3295 3016 3814 3081 consuevisse,cer-

2160 3110 2286 3161 tum
2345 3105 2729 3161 nihilominus
2789 3110 2875 3160 est
2934 3121 3001 3160 ex
3057 3105 3186 3160 divo
3242 3105 3554 3176 Cypriano,
3607 3103 3810 3160 ﬁdeles

2164 3195 2518 3266 quandoque
2546 3195 2657 3250 sub
2688 3193 2814 3250 sola
2841 3194 3034 3265 specie
3064 3194 3233 3265 panis
3264 3193 3633 3248 Eucharistia
3663 3193 3810 3247 refe-

408 3275 497 3330 ria
543 3254 929 3343 celebrarent,
953 3293 1020 3332 ex
1068 3254 1318 3333 tractatu
1349 3278 1464 3332 divi
1490 3254 1766 3350 Cypriani
1811 3254 2052 3333 de'Ora-
2083 3254 2126 3325 C
2163 3254 2286 3339 ctos
2319 3254 2519 3340 fuisse.

407 3362 566 3419 tione
595 3363 897 3419 Dominica
927 3367 1153 3421 eruitur
1179 3367 1292 3438 (73)
1327 3382 1339 3419 :
1378 3389 1406 3416 «
1438 3367 1504 3421 Et
1534 3367 1824 3436 quando,»
1859 3366 2052 3438 inquit

403 3450 559 3520 ille,«
594 3452 653 3508 in
685 3470 869 3508 unum
903 3470 1035 3508 cum
1071 3454 1350 3510 fratribus
1380 3455 1844 3522 convenimus,et
1873 3455 2048 3509 sacri-

401 3541 536 3596 ﬁcia
585 3541 782 3597 divina
813 3558 945 3597 cum
978 3543 1077 3598 Dei
1109 3545 1406 3599 sacerdote
1451 3543 1833 3599 celebramus.
1869 3566 1896 3593 »
1930 3543 2046 3598 Hu-

397 3630 567 3701 jusce
597 3635 918 3688 conventus
947 3631 1110 3687 locus
1139 3631 1546 3704 appellabatur
1567 3655 1594 3682 «
1615 3632 2039 3697 Dominicum,»

409 3718 493 3774 uti
524 3735 593 3774 ex
641 3720 845 3776 eodem
896 3720 1026 3776 divo
1075 3721 1359 3792 Cypriano
1407 3721 1531 3776 erui
1582 3737 1752 3793 posse
1798 3721 2044 3791 videtur,

409 3806 509 3879 qui
537 3806 598 3861 in
627 3810 876 3864 tractatu
925 3811 996 3865 de
1026 3809 1209 3882 Opere
1261 3815 1316 3865 et
1345 3809 1722 3882 Eleemosyna
1774 3809 2048 3865 mulieres

407 3894 614 3952 divites
645 3896 729 3952 sic
757 3897 1083 3970 alloquitur
1109 3899 1221 3969 (74)
1259 3916 1272 3954 :
1314 3920 1339 3950 ιι
1368 3897 1649 3970 Locuples
1676 3903 1731 3954 et
1760 3899 1922 3955 dives
1954 3915 2045 3966 es;

405 3989 464 4040 et
491 3985 856 4044 Dominicam
906 3987 1195 4043 celebrare
1226 3991 1281 4042 te
1311 3987 1522 4058 credis,
1557 4004 1685 4058 quae
1733 3988 2046 4043 corbonam

405 4074 644 4130 omnino
675 4092 790 4130 non
823 4076 1063 4148 respicis
1093 4094 1105 4145 ;
1141 4093 1267 4148 qua:
1299 4075 1359 4130 in
1391 4076 1764 4131 Dominicum
1796 4077 1922 4132 sine
1953 4094 2046 4132 sa-

403 4161 619 4218 criﬁcio
677 4164 875 4231 venis;
927 4182 1052 4234 quae
1114 4169 1339 4236 partem
1399 4166 1468 4219 de
1525 4165 1832 4231 sacriﬁcio,
1892 4167 2044 4238 quod

402 4267 624 4324 pauper
653 4252 882 4321 obtulit,
919 4253 1126 4307 sumis.
1164 4277 1184 4304 ι

475 4339 646 4395 XVII.
681 4341 904 4411 Tempus
949 4342 1260 4396 celebrandi
1293 4347 1544 4398 sanctum
1590 4346 1945 4414 sacriﬁcium.
1981 4379 2046 4387 —

403 4427 528 4484 Divi
561 4427 830 4500 Cypriani
881 4432 1046 4484 aetate
1075 4430 1441 4486 Eucharistia
1487 4431 1889 4490 celebrabatur
1917 4439 2044 4490 tum

406 4517 714 4581 matutino,
762 4521 889 4572 tum
937 4520 1268 4590 vespertino
1325 4525 1603 4592 tempore.
1650 4522 1938 4578 Probatur
1988 4525 2044 4579 id

2229 3371 2442 3427 Tribus
2490 3371 2714 3426 vicibus
2748 3372 3017 3427 meminit
3067 3373 3305 3425 sanctus
3335 3368 3661 3441 Cyprianus
3691 3368 3805 3423 Eu-

2158 3459 2446 3515 charistize
2477 3459 2695 3531 duplici
2727 3462 2836 3516 sub
2859 3459 3048 3532 specie
3067 3457 3337 3514 ﬁdelibus
3356 3457 3801 3526 administrata);

2158 3546 2440 3601 nimirum
2472 3546 2530 3600 in
2562 3546 2820 3619 Epistola
2855 3563 2942 3600 LIV
2971 3546 3040 3600 ad
3075 3543 3408 3600 Cornelium
3442 3561 3678 3617 papam,
3703 3545 3803 3600 ubi

2157 3635 2360 3691 scribit
2390 3635 2502 3706 (79)
2534 3653 2547 3691 :
2583 3659 2610 3684 ‹‹
2645 3640 2718 3690 At
2746 3651 2875 3690 vero
2907 3651 3064 3690 nunc
3096 3652 3211 3690 non
3243 3634 3519 3701 inﬁrmis,
3551 3635 3652 3690 sed
3687 3635 3802 3690 for-

2157 3724 2313 3779 tibus
2346 3741 2457 3796 pax
2488 3723 2817 3780 necessaria
2847 3727 2955 3795 est,
2990 3741 3095 3780 nec
3146 3723 3556 3792 morientibus,
3584 3724 3684 3778 sed
3715 3723 3802 3778 vi-

2154 3813 2447 3882 ventibus,
2483 3813 2933 3869 communicatio
2960 3831 2992 3868 a
3024 3813 3194 3868 nobis
3227 3813 3418 3867 danda
3447 3815 3628 3879 est,ut
3658 3827 3803 3883 quos

2157 3904 2478 3960 excitamus
2512 3909 2566 3958 et
2597 3903 2901 3958 hortamur
2931 3903 3001 3957 ad
3035 3902 3441 3973 przslium,non
3473 3901 3727 3956 inermes
3749 3905 3805 3956 et

2158 3993 2348 4047 nudos
2399 3992 2823 4062 relinquamus,
2857 3991 2957 4046 sed
3008 3990 3363 4062 protectione
3412 3990 3718 4064 sanguinis
3749 3993 3807 4044 et

2157 4080 2416 4152 corporis
2464 4080 2674 4135 Christi
2726 4079 3102 4148 muniamus;
3138 4083 3192 4135 et
3240 4096 3374 4135 cum
3432 4080 3504 4135 ad
3555 4079 3664 4134 hoc
3704 4079 3807 4134 ﬁat

2157 4169 2539 4237 Eucharistia,
2574 4172 2640 4223 ut
2689 4169 2875 4240 possit
2901 4168 3322 4240 accipientibus
3356 4185 3484 4225 esse
3535 4167 3739 4225 tutela.
3776 4189 3804 4217 »

2159 4257 2296 4312 Dein
2328 4256 2389 4310 in
2421 4260 2674 4311 tractatu
2709 4257 2778 4310 de
2811 4257 3014 4330 Lapsis
3039 4257 3270 4313 duobus
3302 4257 3360 4312 in
3394 4257 3559 4328 locis,
3592 4261 3650 4312 et
3679 4255 3806 4328 qui-

2156 4346 2288 4402 dem
2343 4345 2541 4401 statim
2595 4345 2666 4400 al)
2700 4344 2865 4401 initio
2917 4346 2996 4400 ait
3027 4346 3140 4418 (80)
3174 4363 3187 4400 :
3220 4368 3249 4396 «
3277 4345 3653 4401 Sanctiﬁcata
3702 4361 3806 4400 ora

2157 4435 2489 4491 cmlestibus
2519 4434 2666 4490 cibis
2701 4439 2832 4506 post
2863 4452 3075 4508 corpus
3107 4438 3162 4490 et
3191 4434 3538 4506 sanguinem
3570 4432 3802 4488 Domini

2158 4525 2400 4595 profana
2419 4522 2688 4596 contagia
2705 4528 2762 4579 et
2793 4523 3081 4579 idolorum
3101 4523 3376 4595 reliquias
3393 4525 3802 4592 respuerunt.»

401 4604 663 4676 Epistola
691 4606 1054 4678 sexagesima
1085 4609 1255 4662 tertia
1289 4608 1533 4679 hujusce
1563 4611 1751 4666 sancti
1769 4611 2046 4676 doctoris;
2075 4622 2124 4688 D
2157 4614 2363 4670 Postea
2393 4614 2546 4669 circa
2576 4613 2835 4668 medium
2866 4612 3088 4667 laudati
3118 4615 3398 4667 tractatus
3429 4610 3632 4666 scribit
3663 4610 3798 4682 (81):

403 4693 462 4748 in
495 4709 563 4748 ea
593 4693 884 4765 siquidem
933 4702 1136 4751 contra
1167 4713 1265 4752 eos
1295 4698 1591 4754 disserens
1623 4699 1726 4771 qui
1771 4701 2048 4757 nolebant

399 4782 600 4838 vinum
637 4783 699 4838 in
730 4782 906 4839 calice
936 4785 1244 4842 infundere
1275 4787 1333 4841 in
1363 4788 1665 4844 sacriﬁciis
1715 4791 2042 4858 matutinis,

403 4887 474 4928 ne
507 4871 714 4935 ﬁdeles
740 4878 872 4945 post
901 4875 1374 4931 communionem
1394 4877 1595 4932 vinum
1616 4879 1942 4937 redolentes
1973 4881 2044 4937 ab

404 4961 653 5019 ethnicis
684 4963 1188 5034 dignoscerentur,
1223 4965 1342 5021 haec
1375 4966 1549 5022 habet
1577 4967 1689 5039 (75)
1726 4984 1738 5021 :
1779 4990 1799 5018 ι
1830 4971 1913 5023 An
1947 4969 2048 5025 illa

400 5049 616 5124 aliquis
647 5051 756 5107 sibi
811 5053 1304 5125 contemplatione
1352 5054 1671 5124 blanditur,
1706 5057 1882 5126 quod,
1937 5057 2046 5113 etsi

471 5213 584 5324 (71)
613 5214 807 5286 Cypr.,
854 5215 955 5285 Ep.
988 5231 1161 5270 χχχιιι
1201 5215 1269 5269 ad
1313 5216 1594 5283 Jubaian.,
1639 5221 1781 5271 tom.
1839 5217 1957 5283 ΙΙΙ.,
1993 5231 2042 5273 c.

401 5285 584 5425 “(473)
611 5355 691 5410 Id.
728 5357 830 5426 Ep.
870 5374 980 5420 nx,
1013 5360 1154 5409 tom.
1194 5356 1290 5418 Ill,
1324 5372 1371 5411 ο.
1408 5357 1566 5411 1016.
1649 5391 1652 5394 ρ

404 5428 586 5554 IV(‘73)
611 5428 797 5553 gem,
857 5431 1081 5481 tractat.
1132 5427 1198 5480 de
1229 5428 1492 5482 Oratione
1537 5431 1842 5497 Dominica,
1898 5435 2041 5487 tom.

481 5544 494 5554 .
530 5515 579 5553 Ο.
697 5519 717 5551 1
748 5518 800 5552 Α.

834 5571 1058 5623 tractat.
1113 5568 1177 5623 de
1207 5569 1364 5642 Oper.
1395 5579 1444 5626 et
1472 5571 1849 5645 Eleemosyna,
1898 5578 2040 5630 tom.

484 5684 497 5699 .
530 5658 580 5695 c.
744 5656 797 5692 Β.

484 5684 497 5709 ,
530 5658 580 5695 c.
612 5656 718 5693 ore
744 5656 797 5692 Β.

473 5711 586 5785 (75)
615 5710 886 5784 Cyprian.
919 5711 1020 5787 Ep.
1055 5729 1212 5788 LXIII,
1244 5717 1386 5773 tom.
1422 5715 1517 5791 IV,
1543 5733 1594 5774 ο.
1625 5716 1730 5774 386
1759 5734 1814 5774 Β.

2155 4727 2184 4755 ‹‹
2216 4704 2475 4758 Tumens
2506 4701 2741 4756 animus
2770 4705 2826 4755 et
2854 4702 3275 4772 superbus,nec
3308 4701 3446 4772 quia
3472 4700 3661 4756 victus
3691 4702 3801 4764 est,

2157 4793 2375 4847 fractus
2405 4794 2513 4847 est.
2541 4790 2752 4845 Jacens
2781 4789 3073 4845 stantibus
3105 4794 3162 4844 et
3190 4790 3433 4862 integris
3463 4788 3803 4843 vulneratus

2155 4882 2411 4936 minatur
2433 4883 2520 4949 ;et
2548 4879 2701 4950 quod
2732 4895 2846 4934 non
2879 4877 3076 4934 statim
3107 4878 3337 4934 Domini
3371 4893 3581 4948 corpus
3612 4876 3806 4950 inqui-

2155 4971 2308 5026 natis
2358 4968 2634 5023 manibus
2680 4968 2949 5040 accipiat,
3005 4973 3106 5023 aut
3153 4983 3251 5022 ore
3298 4963 3518 5037 polluto
3572 4965 3804 5021 Domini

2155 5057 2504 5129 sanguinem
2517 5057 3111 5122 bibat,sacerdotibus
3126 5053 3446 5126 sacrilegus
3466 5054 3763 5111 irascitur.
3777 5077 3799 5104 ι»

2226 5219 2338 5289 (76)
2369 5218 2535 5345 63191³.
2570 5222 2668 5288 Ep.
2704 5235 2811 5283 LIV,
2844 5221 2985 5272 tom.
3016 5216 3110 5284 III,
3143 5233 3193 5271 c.
3234 5216 3342 5270 857
3370 5234 3425 5272 A.

2228 5291 2340 5345 (77)
2371 5291 2392 5344 Ι
2444 5331 2480 5345 ..
2511 5290 2576 5345 de
2605 5289 2752 5345 Orat.
2805 5289 3112 5345 Dominica.
3145 5304 3195 5343 c.
3227 5289 3333 5343 533
3360 5307 3414 5344 A.

2228 5287 2340 5360 (77)
2371 5287 2480 5357 Idf,
2511 5290 2576 5346 de
2605 5287 2752 5346 Orat.
2805 5289 3112 5356 Dominica,
3145 5304 3195 5343 c.
3227 5289 3333 5343 533
3360 5307 3414 5344 A.
3466 5287 3626 5344 Conf.
3660 5289 3802 5343 Ter-

2153 5361 2382 5418 tullian.
2415 5361 2516 5416 lib.
2552 5378 2593 5416 II
2622 5362 2700 5416 ad
2733 5361 2987 5425 Uxorem,
3019 5363 3160 5414 tom.
3197 5361 3236 5415 Ι.

2227 5435 2338 5504 (78)
2370 5433 2660 5505 Cyprian.,
2693 5432 2795 5503 Ep.
2843 5432 2916 5487 ad
2947 5421 3346 5501 Thibaritanos,
3380 5449 3489 5498 va,
3520 5435 3666 5489 tom.
3703 5430 3801 5498 IV,
3911 5421 3917 5430 ’

2154 5506 2659 5702 θ’(ξὲῖ’ϐἔριιίειη.,
2691 5575 2796 5646 Ep.
2830 5591 2939 5642 LIV,
2972 5578 3114 5632 tom.
3149 5576 3247 5648 III,
3279 5592 3330 5632 c.
3362 5575 3470 5632 836
3497 5591 3553 5631 Β.

2225 5649 2314 5702 (80
2367 5647 2390 5701 Ι
2437 5663 2550 5702 em.
2583 5649 2834 5702 tractatu
2866 5646 2931 5702 de
2961 5649 3171 5702 Lansis.
3204 5665 3254 5702 ο.
3281 5648 3389 5702 466
3415 5665 3470 5702 Α.

2225 5646 2338 5729 ςὲφ)
2367 5646 2563 5729 {seu}...
2583 5646 2931 5729 ινβοιαιιξλλσ
2961 5649 3171 5729 Lapsa.
3204 5646 3389 5729 9-1366
3415 5665 3470 5704 Α·

2225 5717 2339 5794 (81)
2369 5719 2480 5791 Id.,
2505 5719 2607 5778 lib.
2633 5723 2778 5778 tom.
2811 5719 2904 5792 IV,
2935 5717 3179 5795 00.1787,
3210 5720 3320 5778 479
3343 5735 3400 5794 Α,
3427 5735 3484 5793 n,
3515 5717 3622 5777 484
3647 5733 3706 5776 Α.
