4064 6196
409 381 581 434 XXVII

1893 357 2313 426 PREFATIO

3622 377 3817 430 XXVIII

479 505 619 561 XXI.
653 502 1017 561 Eucharistia
1061 497 1368 572 infantibus
1395 500 1450 554 et
1495 495 1838 568 martyribus
1868 495 2050 552 admi-
2080 505 2134 572 Α
2237 494 2430 553 XXIV.
2459 497 2884 555 Sacrosanctum
2913 496 3251 568 sacriﬁcium
3279 497 3342 552 in
3370 496 3687 555 carceribus
3724 500 3812 571 of-

407 598 666 664 nistrata,
726 599 834 649 etc.
877 624 947 634 ——
999 590 1198 646 Pueris
1253 587 1392 644 olim
1450 586 1878 642 Eucharistiam
1938 603 2050 641 non

410 701 580 740 secus
613 700 679 739 ac
697 682 915 738 adultis
932 678 1399 736 administratam
1429 676 1611 732 fuisse
1641 693 1709 732 ex
1739 675 2054 748 suprajam

409 773 602 829 allatis
633 772 750 828 divi
778 769 1045 842 Cypriani
1077 767 1221 822 locis
1251 768 1498 822 constat.
1533 764 1815 836 Martyres
1859 771 2054 836 proto-

410 863 598 918 ctione
629 855 1272 930 corporisetsanguinis
1302 853 1529 910 Domini
1554 852 1901 908 muniendos
1920 868 2052 906 cen-

410 951 526 1007 suit
577 951 635 1004 S.
668 945 987 1020 Cyprianus
1030 945 1165 1017 (90).
1200 944 1339 998 Inde
1387 941 1672 1013 conjicere
1717 940 1853 996 licet
1898 941 2050 1011 quod

409 1055 475 1094 eo
506 1042 765 1108 tempore
795 1034 1052 1106 sumptio
1086 1050 1263 1089 sacra:
1294 1030 1690 1099 Eucharistize,
1720 1046 1850 1106 qua;
1877 1029 2051 1084 viati-

405 1143 540 1182 cum
572 1125 746 1181 etiam
793 1124 1118 1190 dicebatur,
1153 1122 1212 1176 in
1239 1121 1444 1176 mortis
1475 1118 1720 1174 articulo
1762 1117 1922 1173 velut
1951 1133 2050 1173 ne-

405 1216 661 1271 cessaria
689 1213 960 1268 ﬁdelibus
993 1210 1460 1266 existimabatur.

472 1303 638 1358 XXII.
686 1303 948 1374 Prw/alio
977 1305 1028 1356 et
1054 1315 1240 1371 preces
1291 1299 1487 1354 Missa).
1523 1329 1590 1338 —
1620 1297 1742 1352 Divi
1778 1295 2049 1368 Cypriani

404 1396 569 1447 aetate
619 1390 886 1446 solebant
913 1388 1169 1460 episcopi
1204 1388 1260 1441 in
1311 1386 1698 1442 celebratione
1729 1384 1915 1444 sancti
1955 1401 2050 1439 sa-

405 1481 605 1536 criﬁcii
629 1479 936 1551 praemissa
949 1476 1281 1548 praefatione
1295 1492 1499 1547 parare
1521 1479 1748 1530 mentes
1763 1472 2022 1528 ﬁdelium
2035 1514 2048 1539 ,

409 1572 474 1624 ut
521 1585 759 1624 sursum
807 1567 982 1620 corda
1029 1565 1311 1620 haberent
1361 1565 1432 1618 ad
1485 1563 1818 1618 Dominum.
1855 1561 2050 1615 «Ideo

409 1659 681 1714 sacerdos
712 1660 843 1711 ante
874 1655 1217 1724 orationem,
1250 1675 1278 1703 »
1311 1653 1505 1730 inquit
1547 1654 1602 1708 S.
1635 1651 1958 1722 Cyprianus
1989 1649 2048 1703 in

403 1751 657 1803 tractatu
701 1747 772 1800 de
817 1744 1088 1800 Oratione
1137 1741 1441 1798 Dominica
1489 1742 1623 1812 (91),
1657 1738 2050 1811 «praefatione

404 1837 728 1908 praemissa,
762 1837 929 1905 parat
977 1833 1222 1887 fratrum
1256 1833 1483 1886 mentes
1513 1829 1778 1895 dicendo,
1813 1826 2048 1882 Sursum

400 1924 574 1980 corda
593 1941 613 1983 ,'
645 1927 710 1978 ut
756 1923 898 1976 dum
947 1921 1261 1991 respondet
1306 1919 1494 1991 plebs,
1527 1919 1796 1976 Habemus
1845 1916 1917 1972 ad
1945 1918 2049 1972 Do-

398 2015 638 2078 minum,
670 2017 780 2067 etc.
818 2033 846 2061 »
879 2009 1114 2066 Falsum
1163 2009 1345 2080 igitur
1375 2007 1639 2079 apprime
1669 2012 1776 2074 est,
1812 2006 1867 2060 in
1923 2005 2046 2077 pri-

400 2103 601 2157 mitiva
631 2099 883 2156 Ecclesia
928 2098 1226 2170 liturgiam
1259 2097 1695 2169 Scripturarum
1744 2096 1918 2151 verba
1948 2112 2046 2150 so-

402 2190 705 2246 lummodo
734 2187 1407 2260 comprehendisse,cum
1441 2188 1665 2241 constet
1693 2202 1762 2240 ex
1791 2183 2045 2239 recitatis

403 2281 462 2336 S.
494 2278 761 2351 Cypriani
794 2277 1007 2346 verbis,
1043 2291 1243 2348 preces
1291 2274 1467 2330 etiam
1500 2275 1662 2329 fusas
1694 2289 1822 2329 esse
1856 2295 1876 2321 ι
1913 2275 2046 2327 ante

404 2368 795 2434 Orationem,»
827 2353 883 2421 et
909 2365 1211 2437 praemissa
1235 2363 1571 2436 praefatione
1597 2364 1667 2418 ad
1703 2362 1809 2417 bas
1843 2376 2044 2433 preces

402 2456 664 2512 ﬁdelium
697 2460 924 2510 mentes
954 2454 1142 2524 parari
1194 2451 1565 2509 consuevissc
1599 2469 1612 2507 :
1646 2469 1773 2522 quae
1806 2449 2044 2521 quidem

398 2545 660 2616 praefatio
690 2544 895 2600 eadem
925 2542 1251 2598 intentione
1281 2541 1764 2613 praemittebatur,
1798 2556 1915 2611 qua
1939 2539 2044 2594 ho-

399 2633 491 2689 die
521 2633 676 2706 apud
709 2649 816 2688 nos
849 2631 1244 2703 praemittitur,
1277 2635 1341 2686 ut
1373 2629 1596 2686 scilicet
1625 2651 1654 2677 «
1689 2629 2044 2683 admonean-

398 2727 498 2778 tur
522 2721 744 2793 ﬁdeles,
779 2719 926 2778 nihil
958 2720 1116 2775 aliud
1150 2736 1416 2791 se,quam
1447 2719 1760 2774 Dominum
1792 2717 2044 2788 cogitare

403 2812 630 2866 debere.
664 2832 692 2860 »

471 2899 666 2955 XXIII.
722 2901 786 2955 In
846 2899 1024 2956 Missae
1076 2899 1346 2969 sacriﬁcio
1400 2897 1765 2968 offerebantur
1817 2896 2046 2951 nomina

399 2989 677 3061 fidelium.
711 3020 777 3029 -
810 2988 872 3042 In
904 2987 1095 3043 Missae
1128 2985 1411 3042 sacriﬁcio
1444 2983 1788 3040 nominatim
1828 2983 2042 3055 allega-

397 3078 613 3133 banlur
640 3076 782 3133 certi
814 3077 1012 3132 ﬁdeles
1047 3078 1156 3132 Deo
1181 3091 1284 3148 per
1312 3073 2045 3145 sacerdotes,quemadmo-

397 3168 540 3222 dum
589 3166 761 3221 hodie
813 3165 1004 3220 adhuc
1036 3167 1216 3220 moris
1270 3169 1358 3220 est
1399 3165 1456 3218 in
1507 3164 1760 3229 Canone,
1793 3162 1892 3217 ubi
1923 3185 1950 3212 «
1982 3162 2040 3217 in

2078 1869 2124 1934 Β

398 3253 991 3321 Memento,Domine,
1019 3252 1371 3307 famulorum
1405 3250 1879 3322 famularumque
1905 3255 2038 3306 tua-
2073 3231 2115 3297 Ο

398 3360 529 3399 rum
549 3365 578 3394 »
600 3343 816 3398 mentio
845 3345 1135 3397 certarum
1173 3357 1552 3412 personarum
1586 3339 1933 3396 nominatim
1957 3340 2040 3394 ﬁt.

398 3433 636 3488 Duabus
668 3448 735 3486 ex
765 3429 1041 3502 Epistolis
1071 3431 1130 3486 S.
1164 3429 1432 3503 Cypriani
1476 3430 1534 3484 id
1568 3429 1876 3485 manifesto
1907 3445 2044 3484 con-

401 3525 537 3577 stat.
571 3523 633 3576 In
682 3537 931 3592 quarum
966 3520 1176 3592 prima,
1208 3536 1334 3590 qua:
1380 3523 1470 3574 est
1498 3519 1570 3573 ad
1602 3517 1818 3572 clerum
1867 3535 2043 3573 suum

400 3609 535 3680 (92),
566 3608 738 3679 dolet,
771 3607 922 3679 quod
972 3624 1173 3662 eorum
1207 3606 1445 3662 nomina
1493 3606 1811 3661 offerantur
1839 3607 1940 3677 qui
1984 3605 2042 3660 in

397 3697 802 3768 persecutione
884 3695 1033 3768 lapsi
1099 3700 1298 3761 erant,
1366 3696 1702 3764 offerantur,
1775 3695 2040 3766 inquam,

395 3785 735 3858 pmnitentia
783 3789 930 3857 acta,
963 3784 1225 3840 nondum
1256 3783 1643 3856 exomologesi
1687 3784 1857 3852 facta,
1890 3802 2041 3840 non-

396 3875 537 3928 dum
588 3891 765 3930 manu
816 3873 900 3929 eis
951 3875 1022 3929 ab
1070 3873 1343 3946 episcopo
1392 3878 1449 3929 et
1497 3872 1648 3929 clero
1696 3874 1974 3945 imposita
2026 3890 2039 3928 :

393 3985 421 4014 ‹‹
457 3962 730 4030 Oﬁertur,
769 3985 797 4013 »
845 3963 1038 4034 inquit
1085 3967 1325 4018 sanctus
1373 3963 1594 4028 doctor,
1626 3983 1654 4012 ‹‹
1687 3978 1899 4018 nomen
1947 3979 2041 4018 eo-

393 4069 548 4108 rum.
583 4073 611 4103 »
645 4053 707 4108 In
743 4052 928 4108 altera
975 4053 1046 4107 ad
1078 4052 1362 4107 Numidas
1394 4051 1698 4123 episcopos
1728 4053 1862 4107 data
1901 4051 2042 4107 scri-

396 4141 482 4196 bit
513 4143 629 4213 (93)
664 4159 677 4196 :
713 4164 742 4191 «
771 4139 1015 4196 Subdidi
1047 4140 1286 4198 nomina
1315 4140 1706 4211 singulorum,
1740 4145 1803 4195 ut
1837 4141 2044 4196 fratres

395 4227 618 4284 scilicet
672 4234 903 4286 nostros
949 4245 1017 4285 ac
1063 4245 1312 4298 sorores,
1346 4230 1442 4302 qui
1492 4231 1563 4284 ad
1596 4229 1705 4284 hoc
1735 4246 1882 4301 opus
1930 4233 2041 4302 (re-

398 4319 778 4390 demptionis)
799 4322 919 4374 tam
945 4318 1340 4373 necessarium
1362 4319 1580 4389 operati
1603 4318 1828 4386 sunt,in
1852 4324 2043 4375 mente

396 4407 666 4469 habeatis
697 4408 756 4463 in
805 4407 1188 4474 orationibus,
1222 4407 1290 4470 in,
1309 4407 1636 4478 sacriﬁciis,
1668 4414 1726 4463 et
1767 4408 2041 4480 precibus

394 4497 633 4551 subdidi
663 4498 903 4552 nomina
933 4496 1436 4568 singulorum.»ln
1471 4513 1596 4568 qua
1626 4497 1803 4552 verba
1833 4497 2042 4553 doctis-

2160 587 2479 657 ferebatur;
2509 604 2812 659 parumque
2861 602 3021 658 aquae
3066 586 3467 657 infundebatur
3504 589 3567 643 in
3617 589 3806 645 calice.

2163 706 2229 713 —
2242 675 2690 732 Sacrosanctum
2716 677 3067 732 sacriﬁcium
3082 675 3140 730 in
3158 676 3487 733 carceribus
3505 681 3806 749 peractum

2162 765 2346 821 fuisse
2376 770 2514 822 tunc
2535 769 2826 840 temporis
2859 769 3143 824 discimus
3173 784 3241 824 ex
3272 767 3531 840 Epistola
3550 769 3807 841 quadam

2163 853 2220 908 S.
2251 855 2541 928 Cypriani,
2575 857 2632 912 in
2665 875 2784 930 qua
2811 858 2881 914 ad
2917 874 3094 913 suum
3139 857 3384 928 clerum,
3418 858 3647 913 furente
3677 874 3805 930 per-

2161 942 2479 1011 secutione,
2533 945 2793 1002 scribens
2825 946 2906 1002 ait
2954 946 3065 1019 (93)
3100 963 3112 1002 :
3149 968 3177 996 «
3217 945 3515 1001 Consulite
3567 962 3702 1018 ergo
3753 949 3812 1002 et

2159 1032 2454 1102 providete
2503 1038 2568 1089 ut
2595 1035 2915 1106 presbyteri
2947 1051 3181 1106 quoque
3210 1035 3308 1105 qui
3337 1033 3458 1089 illic
3497 1034 3579 1103 (in
3611 1051 3804 1090 carce-

2160 1119 2347 1190 ribus)
2378 1123 2532 1194 apud
2565 1124 2926 1179 confessores
2952 1123 3225 1191 offerunt,
3258 1122 3475 1195 singuli
3507 1141 3641 1178 cum
3682 1123 3806 1179 sin-

2159 1209 2313 1280 gulis
2359 1209 2622 1268 diaconts
2672 1228 2775 1284 per
2822 1212 2976 1268 vices
3026 1211 3350 1280 alternent;
3384 1233 3414 1262 »
3458 1227 3531 1268 ne
3583 1211 3807 1268 scilicet

2159 1298 2328 1356 facile
2378 1300 2820 1372 dignoscantur.
2879 1302 3195 1357 Perdoctus
3245 1302 3572 1357 Bernardus
3618 1305 3807 1357 Mare-

2158 1387 2311 1443 chall
2341 1389 2454 1460 (96)
2484 1390 2778 1446 existimat
2806 1390 2916 1446 hoc
2959 1389 3017 1444 in
3050 1391 3110 1446 S.
3142 1389 3414 1463 Cypriani
3444 1390 3570 1446 loco
3601 1391 3803 1446 adver-

2159 1493 2262 1532 sus
2293 1479 2644 1534 recentiores
2675 1479 3081 1551 sectarios,qui
3112 1480 3366 1550 privatas
3399 1479 3611 1536 Missas
3643 1480 3806 1535 dam-

2158 1572 2324 1634 nant,
2375 1565 2607 1636 privatre
2651 1567 2838 1623 Missa
2886 1567 3218 1640 exemplum
3261 1568 3548 1639 reperire;
3585 1569 3686 1623 sed
3716 1568 3805 1622 vi-

2160 1652 2331 1707 detur
2360 1653 2505 1708 mihi
2535 1655 2914 1711 doctissimus
2944 1657 3032 1711 vir
3073 1656 3229 1712 haud
3263 1657 3407 1712 satis
3435 1662 3697 1712 exactam
3729 1657 3807 1712 de

2159 1740 2339 1797 Missa
2370 1743 2592 1813 privata
2635 1744 2825 1800 ideam
2857 1745 2968 1800 sibi
3021 1746 3382 1801 eﬁ'ormasse.
3416 1745 3599 1801 Missa
3639 1745 3800 1800 enim

2159 1831 2382 1900 privata
2429 1831 2530 1887 illa
2575 1833 2859 1888 duntaxat
2903 1834 3138 1902 dicitur,
3173 1833 3273 1889 ubi
3307 1832 3468 1890 solus
3524 1833 3796 1890 sacerdos

2158 1919 2584 1976 Eucharistiam
2642 1919 2843 1990 sumit,
2905 1921 3104 1978 nullus
3162 1937 3232 1977 ex
3288 1913 3617 1978 astantibus
3668 1938 3801 1978 vero

2157 2009 2790 2065 communicat.Parum
2824 2027 2982 2081 aqua:
3007 2009 3140 2066 vino
3171 2011 3494 2067 admistum
3519 2011 3700 2066 fuisse
3741 2012 3801 2066 in

2156 2097 2442 2154 sacriﬁcio
2473 2098 2608 2154 alibi
2632 2099 2759 2170 jam
2792 2100 3200 2156 annotavimus
3227 2100 3360 2172 (97).

2381 2249 2403 2297 §
2431 2240 2512 2289 IV.
2548 2266 2608 2276 —
2638 2240 2926 2303 Disciplina
2959 2240 3136 2304 quoad
3165 2241 3564 2304 pm’hitentiam.

2225 2362 2688 2435 XXV..Sequenti
2738 2368 2917 2432 tomo,
2947 2365 3091 2420 duce
3145 2365 3488 2421 doctissimo
3537 2365 3798 2434 Marano,

2155 2453 2534 2508 ostendemus
2565 2468 2632 2508 ex
2665 2453 3001 2526 S.Cypriani
3015 2453 3367 2510 testimoniis
3398 2454 3802 2526 penitentiam

2155 2539 2309 2596 inter
2341 2545 2710 2598 sacramenta
2739 2541 2981 2598 relatam
3008 2542 3210 2609 fuisse,
3243 2545 3300 2597 et
3329 2559 3507 2614 quam
3540 2559 3804 2600 necessa-

2156 2628 2308 2684 rium
2339 2629 2494 2685 idem
2518 2635 2756 2686 sanctus
2783 2631 2983 2686 doctor
3011 2630 3121 2686 hoc
3151 2635 3587 2687 sacramentum
3617 2632 3802 2688 ﬁdeli-

2155 2719 2265 2774 bus
2292 2719 2662 2790 judicaverit,
2697 2735 2995 2791 quamque
3023 2725 3223 2776 sancte
3267 2720 3668 2776 administrari
3695 2737 3797 2776 vo-

2154 2806 2346 2864 luerit.
2380 2808 2604 2864 Ibidem
2651 2808 2828 2864 etiam
2860 2809 3252 2865 discussimus
3297 2809 3508 2881 primo,
3559 2826 3700 2865 num
3733 2810 3795 2865 in

2152 2896 2345 2953 Africa
2374 2902 2506 2952 ante
2553 2902 2826 2953 sanctum
2857 2898 3016 2953 hunc
3045 2899 3386 2970 episcopum
3429 2898 3797 2972 gravissimis

2153 2985 2500 3043 criminibus
2533 2990 2740 3059 negata
2770 2987 2944 3042 fuerit
2971 2987 3308 3043 communio
3337 2993 3470 3061 post
3510 2987 3798 3060 poeniten-

2153 3075 2296 3131 tiam
2323 3094 2336 3144 ;
2370 3076 2526 3146 dein,
2551 3080 2749 3132 utrum
2776 3093 2926 3133 nova
2953 3077 3062 3133 sub
3095 3078 3296 3134 eodem
3328 3081 3530 3134 sancto
3563 3077 3800 3133 doctore

2155 3164 2396 3220 inducta
2426 3165 2504 3220 sit
2535 3163 2936 3236 disciplina,ac
2965 3165 3214 3237 pristina
3242 3165 3520 3222 severitas
3552 3166 3610 3221 in
3641 3165 3800 3222 solos

2155 3256 2449 3324 apostatas
2481 3257 2538 3308 et
2559 3255 2884 3310 desertores
2914 3258 3175 3322 retenta;
3205 3253 3399 3321 tertio,
3433 3271 3572 3310 num
3608 3255 3667 3311 S.
3686 3253 3799 3327 Cy-

2155 3341 2395 3413 prianus
2427 3341 2609 3414 lapsis
2639 3342 2696 3397 in
2729 3344 2979 3398 decursu
3027 3342 3378 3414 paenitentiae
3409 3343 3796 3399 morientibus

2155 3447 2357 3503 pacem
2389 3432 2701 3504 negaverit,
2735 3432 2827 3487 his
2854 3436 3083 3487 tantum
3129 3431 3386 3503 exceptis
3418 3431 3520 3502 qui
3567 3431 3801 3488 libellos

2155 3537 2188 3575 a
2219 3520 2574 3592 martyribus
2603 3525 2960 3592 acceperant.
2997 3521 3259 3576 Tandem
3289 3520 3794 3592 investigavimus,

2155 3613 2353 3664 utrum
2383 3608 2696 3664 concilium
2719 3609 3171 3681 Carthaginense
3185 3608 3585 3680 paenitentiam
3606 3609 3680 3664 iis
3695 3609 3799 3679 qui

2154 3697 2627 3754 sacriﬁcaverant
2655 3715 2758 3770 per
2787 3703 2976 3754 totum
3009 3698 3138 3754 vitae
3164 3703 3400 3770 tempus
3430 3698 3800 3770 imposuerit.

2223 3786 2412 3842 XXVI.
2443 3788 2572 3855 Quae
2597 3795 2817 3858 peccata
2840 3789 3182 3860 paenitentia:
3210 3789 3492 3844 canonica?
3528 3787 3797 3858 subjecta.

2152 3877 2296 3931 Num
2323 3878 2494 3932 etiam
2520 3879 2838 3940 secretiora
2864 3880 3104 3947 peccata.
3141 3908 3208 3918 —
3239 3877 3450 3934 Verum
3482 3879 3804 3948 supersunt

2155 3964 2348 4020 adhuc
2378 3965 2506 4021 alia:
2535 3967 2690 4021 circa
2708 3965 3057 4038 paenitentia:
3091 3965 3466 4037 disciplinam
3484 3965 3801 4021 enodandas

2154 4054 2718 4126 quaestionesAtque
2749 4055 2808 4108 in
2835 4055 3044 4126 primis
3075 4055 3496 4126 inquirendum
3528 4070 3799 4125 quaenam

2153 4147 2390 4215 peccata
2422 4145 2773 4216 pmnitentize
2794 4146 3088 4200 canonica;
3118 4145 3383 4214 subjecta
3412 4143 3629 4199 fuerint
3658 4148 3802 4198 tem-

2153 4249 2290 4304 pore
2343 4237 2399 4288 S.
2435 4233 2752 4305 Cypriani?
2781 4238 3050 4289 Testatur
3099 4234 3158 4289 S.
3210 4231 3535 4305 Cyprianus
3565 4231 3687 4288 suis
3736 4230 3800 4286 in

2152 4321 2429 4394 Epistolis
2455 4323 2588 4394 (98),
2620 4327 2828 4394 praeter
2857 4321 3249 4378 idololatriam
3280 4328 3337 4378 et
3374 4321 3732 4393 apostasiam
3765 4335 3803 4376 a

2152 4411 2285 4481 ﬁde,
2321 4410 2436 4466 alia
2481 4426 2609 4466 esse
2639 4412 2888 4466 crimina
2934 4427 3051 4467 non
3079 4411 3222 4468 adeo
3268 4409 3633 4483 gravissima,
3667 4424 3804 4480 quae

2152 4503 2443 4558 canonicaa
2495 4499 2850 4572 pmnitentiae
2879 4499 3303 4556 subdebantur.
3332 4500 3424 4554 Sic
3462 4499 3808 4570 imponeba-

393 4585 581 4639 simus
611 4584 900 4656 Rigaltius
932 4585 1052 4641 haec
1097 4589 1339 4640 annotat
1371 4601 1383 4640 :
1420 4608 1447 4635 ‹‹
1478 4585 1602 4641 Non
1653 4586 1891 4652 frustra,
1925 4603 2038 4642 non
2071 4599 2118 4665 D
2151 4593 2247 4643 tur
2275 4589 2555 4644 canonica
2583 4588 2924 4659 poenitentia
2970 4589 3261 4645 haereticis
3292 4593 3350 4645 et
3380 4586 3797 4654 schismaticis,

393 4687 755 4744 supervacue
788 4690 800 4728 :
835 4690 969 4746 nam
1021 4675 1077 4727 in
1109 4674 1410 4730 sacriﬁciis
1457 4675 1787 4732 orationum
1841 4675 2042 4731 otfere-

397 4762 614 4817 bantur
643 4761 881 4816 nomina
913 4753 1112 4817 eurum
1143 4763 1243 4832 qui
1277 4763 1346 4817 ad
1382 4763 1489 4819 hoc
1519 4781 1667 4835 opus
1689 4765 1818 4820 tam
1855 4781 2046 4821 neces-

397 4850 621 4908 sarium
654 4854 922 4922 prompte
951 4866 1018 4905 ac
1047 4849 1297 4905 libenter
1325 4854 1545 4922 operati
1579 4859 1759 4909 erant.
1798 4878 1824 4904 »
1861 4861 1898 4908 A
1933 4854 2046 4927 pri-

395 4940 606 5013 vilegio
635 4939 745 4995 hoc
795 4938 1044 5006 excludi,
1075 4956 1256 5011 pmnaa
1303 4941 1661 5011 gravissimis
1706 4943 1830 4999 loco
1878 4944 2043 4999 habi-

395 5033 545 5100 tum,
578 5029 1068 5101 quemadmonum
1100 5033 1329 5084 constat
1355 5046 1425 5084 ex
1450 5029 1709 5101 Epistola
1734 5034 1806 5087 ad
1840 5034 2042 5088 Furni-

395 5123 566 5177 tanos
597 5119 738 5190 (94).

460 5246 576 5322 (90)
606 5245 880 5322 gyprian.
916 5249 1017 5322 Ep.
1048 5268 1160 5322 ιιν,
1193 5255 1335 5308 tom.
1370 5252 1468 5316 IlI,
1503 5267 1550 5322 ρ.
1583 5250 1689 5322 836
1720 5268 1772 5304 Α.

465 5316 578 5392 (ἓξ)
612 5316 818 5392 [ᾶξλιίε
849 5316 997 5379 Orat.
1035 5316 1347 5392 Dominic.,
1383 5329 1426 5378 t.
1465 5321 1554 5387 IV,
1590 5321 1664 5377 al.
1696 5321 1791 5377 541
1831 5339 1884 5376 B.

468 5387 580 5456 (92)
612 5387 674 5442 S-
704 5391 743 5442 C
775 5392 998 5480 ‘prianu
1031 5394 1216 5466 Epist.
1253 5387 1404 5466 Ix,'t.
1438 5393 1533 5458 IV,
1568 5409 1617 5460 c,
1648 5394 1754 5447 251’.
1782 5412 1836 5447 Α.

469 5458 582 5514 (93)
613 5457 720 5514 Id..
747 5407 934 5514 iamsi.
970 5483 1052 5514 1.x-
1088 5472 1129 5514 t-
1168 5467 1249 5514 IV-
1288 5483 1338 5514 α,
1371 5467 1477 5514 362
1500 5466 1552 5514 3.

423 5509 436 5522 .
469 5458 582 5536 (ἓξ)
613 5457 720 5536 Id,
750 5457 934 5536 Epist.
970 5457 1054 5535 1.x,
1079 5457 1129 5521 ‘t.
1167 5467 1252 5536 Iv,
1288 5457 1338 5521 c’.
1371 5467 1477 5520 362
1500 5457 1552 5518 3.

470 5529 726 5612 (9914;,
765 5529 1140 5612 Eb.‘g.xv1',t.
1175 5529 1270 5606 Iv',
1303 5554 1352 5594 ο.
1387 5538 1508 5593 398.
1561 5536 1700 5594 Vide
1729 5542 1770 5593 t.
1799 5537 1868 5594 x1
1907 5538 2040 5595 Hist.

399 5600 566 5660 theol.
597 5602 750 5670 crit,
809 5600 840 5660 “.
870 5605 994 5662 259.

469 5670 583 5731 (95)
615 5672 725 5731 Id..
761 5619 942 5731 Eleiet.
976 5696 993 5731 1

469 5670 583 5756 (95)
615 5672 725 5743 Id.,
761 5670 942 5750 Epist.
976 5696 1050 5750 ιν,
1079 5697 1129 5742 c.
1158 5682 1259 5740 231
1291 5701 1347 5754 Α,
1373 5684 1413 5742 t.
1449 5682 1545 5738 IV.

2155 4677 2389 4750 quando
2418 4677 2490 4732 ad
2522 4677 2840 4733 Ecclesium
2880 4679 3339 4733 revertebantur.
3375 4677 3655 4732 Eamdem
3687 4691 3810 4748 poe-

2155 4766 2461 4822 nitentiam
2493 4765 2690 4822 subire
2718 4765 3008 4822 debebant
3032 4771 3364 4838 peccatores
3384 4765 3499 4820 divi
3530 4763 3810 4836 Cypriani

2153 4861 2321 4911 astate
2369 4857 2441 4912 ob
2493 4855 2804 4911 secretiora
2864 4871 3098 4928 quoque
3156 4855 3423 4924 crimina,
3476 4870 3806 4925 eorumque

2155 4945 2452 5012 confessio,
2472 4944 2704 5016 publica
2733 4945 3056 5012 erat,modo
3087 4960 3258 5015 grave
3289 4942 3527 5013 aliquod
3557 4943 3810 4998 infortu-

2155 5035 2317 5090 nium
2348 5050 2450 5106 pro
2479 5033 2886 5105 pmnitentium
2916 5034 3034 5088 vita
3062 5049 3180 5088 non
3205 5031 3415 5086 fuisset
3443 5048 3514 5086 ex
3543 5048 3612 5087 ea
3642 5046 3812 5087 secu-

2154 5128 2354 5180 turum
2381 5141 2395 5191 ;
2427 5123 2536 5178 hac
2567 5123 2638 5179 de
2673 5140 2732 5179 re
2782 5121 3071 5178 uberrime
3101 5121 3340 5176 disserit
3385 5121 3443 5177 S.
3476 5121 3808 5194 Cyprianus

2222 5249 2335 5322 (96)
2365 5247 2698 5322 iMarechal,
2745 5245 3138 5305 Concordantza
3185 5246 3278 5303 SS.
3328 5249 3476 5314 PP.,
3524 5250 3567 5302 t.
3621 5247 3690 5314 II,
3741 5263 3809 5318 p.

2156 5319 2279 5385 117,
2311 5320 2448 5376 edit.
2483 5319 2682 5376 Venet.

2225 5393 2338 5463 (97)
2394 5391 2538 5447 Vide
2593 5397 2736 5446 tom.
2792 5390 2885 5456 XI,
2944 5391 3142 5445 Histor.
3205 5389 3447 5460 Theolog.
3511 5390 3642 5444 Crit.
3701 5387 3804 5447 SS.

2153 5467 2288 5530 PP.,
2323 5481 2379 5535 p.
2415 5464 2727 5536 481’sqq.7;A
2753 5467 2811 5536 et
2841 5479 2896 5535 p.
2929 5463 3054 5528 589,
3089 5465 3222 5536 no_t_e
3251 5478 3300 5515 z.

2227 5529 2658 5662 (9852(éylpriaii.‘
2691 5529 2872 5607 Epist.
2927 5539 3072 5608 Ix,t.
3124 5532 3216 5604 IV,
3272 5550 3321 5590 c.
3372 5533 3473 5587 251
3507 5549 3562 5589 Β.
3614 5529 3801 5604 Epist.

2227 5650 2232 5662 .
2266 5625 2316 5662 c.
2461 5649 2474 5662 .
2509 5623 2562 5662 Β.

2154 5625 2232 5678 x1,
2266 5625 2316 5664 c.
2347 5623 2474 5663 κοί.
2509 5623 2562 5664 Β.
