4064 6196
238 352 438 403 XXXIII

1725 336 2165 403 EDITORUM.

3442 344 3637 421 xxxiv

237 476 292 527 et
302 471 423 542 jam
442 469 708 526 aestatem
732 468 1168 542 coapisse,quod
1189 474 1421 543 tempus
1441 470 1883 528 inﬁrmitatibus
1911 471 1965 537 Α
1997 486 2109 541 que
2139 476 2334 529 actum
2383 475 2453 529 de
2503 475 2632 544 ejus
2671 478 3105 538 conversatione
3149 485 3465 556 perspexit.
3518 488 3633 544 Eli-

237 558 487 615 assiduis
516 562 576 615 et
604 558 884 631 gravibus
906 558 1483 628 infestatur,mandat
1506 559 1878 633 presbyteris,

235 654 289 705 et
316 649 376 703 in
406 664 545 703 casu
577 646 947 703 necessitatis
968 648 1230 706 diaconis
1260 649 1515 706 ecclesiae
1548 648 1877 718 suae,utali-

1990 561 2211 630 gendos
2242 565 2440 617 autem
2473 580 2589 619 non
2618 581 2747 621 esse
2776 566 2941 639 alios,
2973 586 3149 640 quam
3210 574 3309 644 qui
3339 574 3629 633 immacu-

1988 646 2090 701 lati
2121 654 2177 705 et
2208 650 2415 721 integri
2450 656 2648 708 sancte
2672 658 2730 709 et
2777 655 2951 727 digne
3006 659 3292 717 sacriﬁcia
3345 664 3462 721 Deo
3492 666 3630 724 οπε-

237 735 1877 810 quauindulgentia»utanturergalapsos,siquandoin
1988 741 2199 804 rentes,
2236 738 2423 793 audiri
2456 740 2513 795 in
2568 742 2836 812 precibus
2892 745 3139 816 possint,
3199 766 3348 821 quas
3405 752 3630 811 faciunt

236 828 358 883 vita
386 825 728 882 discrimine
756 824 875 881 sint
905 826 1206 915 constituti
1238 843 1251 882 :
1286 850 1314 876 «
1350 827 1422 883 Ut
1452 827 1553 898 qui
1584 825 1813 882 libellos
1844 842 1878 881 a
1986 840 2090 894 pro
2123 824 2310 915 plebis
2342 827 2661 884 Dominicm
2708 830 3127 891 incolumitate.
3162 836 3476 897 Electionis
3503 842 3627 915 epi-

240 915 582 987 martyribus
605 919 1010 985 acceperunt,»
1041 914 1233 987 inquit
1254 919 1495 971 sanctus
1523 915 1724 970 doctor
1740 914 1873 986 (17),

1988 913 2241 1004 scopalis
2272 915 2514 973 formam
2548 918 2719 975 nobis
2749 919 2981 975 exhibet
3025 924 3347 996 Cyprianus
3388 945 3449 985 1n
3481 913 3618 1004 Epi-

243 1009 326 1061 «et
339 1004 718 1077 praerogativa
731 1005 1121 1075 eorum,apud
1134 1004 1320 1059 Deum
1344 1004 1608 1075 adjuvari
1627 1006 1876 1075 possunt
1983 1000 2134 1056 stola
2162 1003 2233 1059 ad
2265 1006 2661 1062 Antonianum
2692 1006 2828 1079 (20).

246 1094 296 1148 si
308 1092 667 1149 incommodo
689 1091 1345 1163 aliquo,etinﬁrmitatis
1365 1092 1618 1163 periculo
1631 1108 1874 1163 occupa-

248 1182 294 1237 ti
323 1183 542 1249 fuerint,
573 1198 691 1237 non
722 1185 1057 1253 exspectata
1096 1181 1408 1253 praesentia
1462 1186 1661 1237 nostra
1715 1181 1871 1251 apud

248 1270 632 1341 presbyterum
667 1286 1084 1341 quemcunque
1113 1275 1478 1342 praesentem,
1508 1270 1597 1325 vel
1630 1270 1679 1325 si
1710 1286 1870 1341 pres-

245 1358 399 1430 byter
423 1362 685 1431 repertus
717 1375 833 1413 non
865 1359 1125 1428 fuerit,et
1155 1374 1361 1431 urgere
1391 1358 1580 1414 exit-us
1608 1358 1867 1429 cmperit,

245 1449 385 1519 apud
404 1448 711 1503 diaconum
734 1463 969 1519 quoque
994 1446 1448 1520 exomologosim
1462 1448 1649 1503 facere
1670 1446 1867 1502 delicti

249 1537 331 1592 sui
359 1536 571 1607 possint
599 1554 615 1603 ;
648 1540 921 1604 ut,manu
940 1536 1101 1593 eisin
1122 1536 1534 1608 paenitentiam
1565 1535 1865 1607 imposita,

247 1625 463 1681 veniant
487 1624 878 1681 adDominum
897 1640 1032 1680 cum
1056 1641 1403 1697 pace,quam
1420 1624 1548 1681 dari
1581 1628 1866 1695 martyres

254 1713 454 1769 litteris
464 1713 533 1768 ad
547 1730 649 1768 nos
661 1712 823 1769 Iactis
840 1713 1577 1785 desideraverunt.»ldipsu
1588 1729 1644 1768 m
1659 1712 1868 1784 repetit

2056 1090 2309 1147 XXXIV.
2348 1096 2494 1150 Unus
2524 1099 2739 1151 tantum
2782 1099 3061 1170 episcopus
3108 1102 3169 1156 in
3225 1119 3339 1159 una
3399 1107 3626 1166 ecclesia

1978 1194 2089 1234 esse
2118 1178 2362 1237 debebat.
2394 1213 2462 1224 ~—
2492 1183 2617 1239 Duo
2644 1184 2899 1258 episcopi
2930 1187 3031 1242 uni
3075 1189 3381 1264 eidemque
3440 1195 3623 1253 eccle-

1981 1267 2083 1322 siae
2113 1269 2316 1325 eodem
2343 1273 2603 1343 tempore
2635 1289 2884 1345 praeesse
2923 1291 3038 1331 non
3096 1282 3385 1348 poterant.
3437 1282 3622 1341 Habe-

1979 1371 2114 1412 mus
2145 1357 2203 1411 id
2229 1375 2499 1430 expresse
2528 1362 2586 1415 in
2644 1362 2899 1433 Epistola
2950 1368 3006 1419 Β.
3057 1365 3306 1422 Cornelii
3354 1385 3515 1441 papas
3548 1372 3620 1428 ad

1978 1444 2038 1500 S.
2066 1447 2416 1517 Cyprianum
2448 1449 2517 1504 de
2548 1450 2982 1509 confessoribus
3011 1454 3086 1509 ad
3118 1456 3402 1514 unitatem
3433 1474 3622 1517 rever-

1977 1534 2081 1602 sis,
2116 1536 2215 1605 qui
2273 1537 2575 1594 declarant
2631 1540 2745 1611 (21)
2780 1556 2793 1596 :
2830 1564 2850 1589 ι
2914 1542 3105 1598 Unum
3161 1545 3504 1619 episcopum
3560 1548 3621 1606 in

1975 1622 2264 1680 catholica
2282 1626 2538 1682 Ecclesia
2562 1642 2691 1684 esse
2714 1628 2978 1699 debere,»
3002 1630 3112 1688 hoc
3140 1636 3250 1704 est,
3274 1633 3333 1689 in
3366 1652 3623 1708 unaqua-

1974 1725 2087 1781 que
2143 1712 2406 1768 ecclesia.
2440 1714 2739 1771 Evincitur
2786 1716 3045 1789 idipsum
3095 1720 3313 1792 pariter
3370 1738 3439 1780 ex
3486 1724 3619 1797 Epi-

256 1801 505 1895 Epistola
531 1818 622 1857 xm
650 1819 664 1864 ;
695 1824 721 1851 α
750 1801 1039 1865 Quoniam
1056 1805 1275 1895 tamen,
1309 1823 1337 1852 »
1371 1801 1564 1895 inquit
1592 1800 1689 1856 ille
1719 1799 1861 1895 allo-
1891 1829 1942 1895 Β
1975 1798 2129 1854 stola
2157 1801 2216 1856 S.
2246 1801 2531 1895 Cypriani
2562 1804 2645 1895 ad.
2665 1805 3152 1874 Antonianum,in
3183 1826 3301 1881 qua
3331 1810 3619 1869 deﬁniens

260 1906 430 1961 quens
454 1889 658 1945 clerum
686 1906 860 1945 suum
900 1891 1033 1962 (18),
1075 1910 1097 1939 ι
1148 1890 1527 1963 significastis
1572 1890 1862 1961 quosdam
1891 1888 1937 1895 ⁷
1972 1891 2214 1944 sanctus
2245 1888 2455 1945 Doctor
2485 1889 2824 1946 electionem
2855 1893 3104 1949 Cornelii
3133 1911 3261 1951 esse
3290 1896 3618 1970 legitimam

249 1978 635 2034 immoderatos
665 1976 816 2043 esse,
846 1982 904 2033 et
941 1978 1537 2035 communicationem
1570 1978 1858 2050 accipien-

243 2068 371 2121 dnm
398 2066 733 2123 festinanter
762 2082 988 2139 urgere,
1029 2072 1088 2123 et
1137 2067 1513 2123 desiderastis
1570 2067 1628 2121 in
1660 2066 1769 2122 hac
1800 2083 1861 2122 re

237 2155 465 2210 formam
496 2172 530 2210 a
557 2171 649 2211 me
678 2155 845 2211 vobis
876 2154 1024 2225 dari,
1055 2155 1198 2211 satis
1230 2155 1397 2227 plene
1426 2154 1735 2227 scripsisse
1766 2170 1859 2211 me

235 2245 303 2299 ad
332 2243 467 2300 hanc
498 2260 621 2300 rem
654 2243 938 2315 proximis
970 2243 1177 2300 litteris
1205 2244 1277 2300 ad
1310 2261 1412 2301 vos
1463 2244 1633 2300 factis
1662 2244 1854 2313 credo,

235 2336 291 2387 ut
318 2333 410 2404 qui
437 2331 702 2387 libellum
734 2348 767 2387 a
798 2332 1154 2405 martyribus
1202 2337 1614 2406 acceperunt...
1649 2333 1698 2388 si
1725 2348 1855 2405 pre-

231 2422 305 2476 mi
325 2421 708 2477 inﬁrmititate
737 2420 1017 2493 aliqua,et
1035 2421 1291 2494 periculo
1318 2422 1854 2495 cmperint,exomo-

230 2509 397 2583 logesi
425 2510 595 2576 facta,
626 2515 685 2565 et
718 2527 895 2567 manu
925 2511 1009 2566 eis
1038 2527 1073 2566 a
1098 2510 1264 2567 vobis
1313 2511 1591 2583 imposita
1648 2511 1707 2565 in
1739 2527 1855 2583 pce-

226 2599 535 2669 nitentiam,
566 2616 706 2655 cum
736 2615 876 2671 pace
904 2616 939 2654 a
976 2600 1334 2672 martyribus
1393 2599 1503 2655 sibi
1560 2599 1853 2672 promissa

227 2688 291 2743 ad
318 2688 628 2745 Dominum
660 2688 1057 2745 remittantur.
1091 2710 1121 2739 »

519 2834 547 2889 ε
575 2830 637 2879 V.
659 2856 721 2866 -
750 2829 1039 2893 Disciplina
1068 2830 1243 2893 quoad
1270 2830 1539 2880 Ordinem.

286 2956 527 3013 XXXIII.
564 2955 687 3012 Etsi
719 2972 753 3010 a
782 2972 1015 3012 summo
1046 2956 1344 3027 Pontiﬁce,
1380 2956 1480 3029 qui
1537 2960 1713 3029 caput
1762 2960 1852 3013 est

231 3044 582 3101 ecclesiastici
637 3044 863 3101 ordinis
925 3044 1221 3117 totiusque
1270 3043 1555 3115 Ecclesiae,
1616 3044 1847 3100 initium

232 3131 427 3189 habere
452 3149 689 3190 necesse
721 3134 886 3201 foret,
918 3149 1052 3188 cum
1080 3132 1370 3205 permulta
1388 3133 1849 3205 praecedentibus

225 3222 463 3278 articulis
493 3223 574 3278 de
600 3222 806 3279 eodem
857 3196 1201 3293 argumento
1249 3196 1586 3289 habuimus,
1638 3222 1849 3278 multo-
1879 3196 1922 3263 δ

215 3325 314 3381 que
340 3312 507 3383 plura
536 3312 599 3366 in
627 3310 1155 3367 dessertationibus
1186 3312 1256 3366 ad
1288 3310 1469 3381 hujus
1528 3310 1672 3366 tomi
1724 3311 1841 3367 cal-

214 3415 324 3455 cem
352 3400 640 3473 appositis
672 3400 944 3455 addenda
994 3399 1136 3467 sint,
1190 3415 1360 3455 nemo
1407 3398 1578 3455 nobis
1608 3416 1845 3455 succen-

201 3488 354 3557 sebit,
385 3490 529 3545 dum
577 3489 650 3544 ad
704 3487 826 3543 haec
878 3487 1149 3544 lectorem
1198 3487 1578 3555 remittimus,
1623 3489 1844 3560 absque

204 3592 354 3633 mora
377 3579 446 3633 de
475 3576 711 3634 caeteris
740 3575 1049 3631 ordinibus
1079 3575 1424 3648 Cyprianica
1454 3576 1791 3631 adducturi.

268 3666 452 3722 Electio
482 3666 887 3738 episcoporum.
926 3696 991 3705 -—
1021 3665 1184 3730 Quod
1238 3664 1449 3720 attinet
1498 3666 1571 3721 ad
1617 3664 1841 3737 episco-

200 3770 298 3825 pos
342 3759 603 3820 cateros,
636 3770 837 3811 eorum
870 3752 1073 3811 electio
1104 3754 1495 3825 peragebatur
1524 3754 1596 3809 ab
1618 3754 1839 3826 episco-

162 3891 166 3895 «
198 3842 286 3912 pis
310 3843 573 3912 ejusdem
597 3842 907 3915 provincia:
939 3859 1133 3899 coram
1160 3841 1312 3897 clero
1342 3846 1399 3899 et
1422 3842 1840 3914 populo,suum

192 3933 249 3985 et
270 3930 380 4002 ipsi
436 3930 787 4002 suffragium
846 3929 1186 3987 ferentibus.
1248 3931 1357 3997 Qui
1414 3931 1523 3987 hoc
1584 3931 1841 4002 regulari

191 4020 354 4075 modo
386 4020 611 4076 electus
641 4020 833 4075 fuerat
874 4018 1183 4091 episcopus
1217 4020 1429 4091 deponi
1469 4037 1583 4076 non
1615 4024 1843 4092 poterat

192 4108 549 4180 uteligeretu
573 4106 891 4179 ralter,nisi
913 4112 1138 4179 patrato
1160 4108 1234 4164 ab
1262 4108 1390 4180 ipso
1411 4108 1605 4180 aliquo
1626 4108 1845 4181 gravis-

189 4196 338 4253 simo
366 4198 804 4254 crimine.llanc
832 4196 1153 4268 disciplinis
1176 4202 1405 4269 partem
1440 4198 1685 4254 mirifice
1715 4215 1842 4270 pro-

186 4284 277 4342 bat
304 4288 589 4360 superius
619 4290 946 4343 memorata
991 4285 1267 4357 Epistola,
1300 4286 1359 4341 in
1392 4303 1528 4358 qua,
1560 4288 1632 4343 de
1686 4287 1841 4342 ordi-

187 4374 412 4431 natione
469 4376 679 4431 Sabini
756 4376 816 4430 in
880 4374 1077 4430 locum
1161 4375 1437 4431 Basilidis
1507 4390 1839 4431 sermonem

185 4460 398 4519 habens
428 4465 607 4519 divus
638 4464 989 4536 Cyprianus,
1019 4463 1173 4520 hanc
1201 4465 1415 4519 factam
1438 4463 1687 4519 dicit«de
1717 4465 1841 4519 uni-

1971 1976 2172 2031 suhdit
2218 1976 2334 2047 (22)
2364 1995 2377 2033 :
2413 1999 2437 2028 ι
2488 1978 2766 2050 Quisquis
2814 1980 2943 2050 jam
3002 1981 3328 2056 Episcopus
3374 1985 3617 2060 (Roma)

1970 2064 2095 2121 ﬁeri
2125 2065 2391 2135 voluerit,
2425 2066 2567 2123 foris
2598 2068 2700 2123 ﬁat
2750 2083 2989 2125 necesse
3042 2074 3131 2126 est
3164 2087 3179 2126 :
3216 2094 3245 2122 ››
3276 2076 3334 2128 et
3361 2072 3483 2143 ille,
3516 2076 3619 2148 qui

1968 2158 2199 2209 creatus
2229 2158 2319 2210 est
2348 2158 2482 2226 post
2534 2155 2875 2213 electionem
2933 2157 3128 2230 primi,
3166 2181 3193 2209 «
3226 2177 3342 2217 non
3368 2163 3495 2233 jam
3525 2180 3618 2222 ae-

1967 2243 2196 2299 cundus
2226 2242 2343 2315 ille,
2377 2245 2478 2300 sed
2510 2242 2710 2300 nullus
2741 2249 2847 2302 est.
2881 2268 2910 2297 »
2944 2247 3106 2303 Hanc
3135 2249 3394 2322 episcopi
3418 2252 3615 2309 unita-

1964 2335 2083 2387 tem
2115 2336 2283 2405 urget
2313 2332 2555 2405 insuper
2583 2334 2641 2389 S.
2676 2334 3001 2406 Cyprianus
3030 2337 3091 2393 in
3122 2354 3233 2395 sua
3252 2339 3515 2411 Epistola
3542 2343 3615 2398 ad

1965 2419 2320 2477 Florentium
2354 2422 2723 2495 Puppianum
2754 2423 2887 2494 (23).

2034 2509 2250 2565 XXXV.
2282 2512 2537 2583 Episcopi
2551 2514 2805 2584 proprias
2860 2516 3121 2584 regebant
3179 2517 3456 2588 ecclesias,
3486 2535 3612 2575 cum

1958 2614 2229 2655 consensu
2256 2617 2321 2656 ac
2346 2600 2571 2656 consilio
2597 2617 2821 2658 suorum
2871 2604 3441 2680 metropolitanorum,
3470 2608 3611 2664 elerz'

1958 2693 2009 2744 et
2034 2689 2251 2761 pepuli.
2285 2721 2356 2729 ——
2383 2689 2652 2762 Episcopi
2684 2692 3203 2750 communicabant
3222 2695 3457 2768 negotia
3476 2712 3610 2753 sua-

1959 2794 2092 2833 rum
2117 2777 2493 2834 ecclesiarum
2524 2795 2639 2835 non
2676 2779 2865 2835 solum
2898 2797 3032 2836 cum
3065 2799 3173 2839 suo
3206 2784 3605 2857 metropolita-

1959 2883 2056 2933 no,
2088 2867 2175 2921 uti
2206 2867 2433 2923 eruitur
2463 2884 2531 2923 ex
2561 2867 2830 2939 pluribus
2887 2869 3162 2942 Epistolis
3218 2872 3277 2928 S.
3310 2872 3604 2946 Cypriani,

1959 2959 2016 3010 et
2044 2954 2335 3027 praecipue
2366 2972 2435 3010 ex
2467 2955 2961 3028 quinquagesima
3015 2959 3212 3027 tertia,
3269 2962 3371 3015 sed
3429 2961 3606 3017 etiam

1958 3059 2094 3098 cum
2126 3042 2275 3097 clero
2306 3059 2371 3098 ac
2401 3042 2617 3115 populo
2648 3060 2661 3111 ;
2690 3044 2827 3098 hinc
2857 3061 2991 3100 cum
3048 3062 3338 3102 consensu
3387 3051 3603 3105 metro-

1960 3129 2374 3203 politanorum,
2408 3130 2545 3187 cleri
2574 3148 2641 3187 ac
2671 3131 2870 3203 populi
2918 3149 3058 3190 suas
3099 3135 3380 3207 regebant
3424 3137 3605 3194 eccle-

1961 3220 2080 3276 sias
2114 3244 2128 3289 ;
2160 3219 2231 3275 ab
2289 3218 2525 3290 illisque
2567 3219 2877 3276 consilium
2942 3222 3219 3294 petebant
3272 3224 3451 3281 etiam
3499 3241 3604 3297 pro

1956 3308 2334 3364 Ordinatione
2364 3308 2773 3365 ministrorum
2821 3310 3184 3367 inferiorum.
3218 3317 3473 3371 Sanctus
3504 3315 3605 3388 Cy-

1956 3397 2219 3469 prianus,
2247 3396 2394 3451 nihil
2442 3397 2709 3453 obstante
2765 3398 3049 3468 singulari
3102 3416 3209 3455 suo
3269 3401 3501 3471 merito,
3533 3418 3601 3458 ac

1953 3503 2227 3559 suprema
2257 3484 2539 3557 dignitate
2570 3502 2687 3557 qua
2714 3486 2976 3557 fulgebat
3005 3487 3063 3541 in
3095 3486 3341 3545 ecclesia
3370 3489 3602 3546 Cartha-

1952 3574 2226 3647 giniensi,
2260 3576 2617 3646 protestetur
2646 3578 2705 3629 et
2732 3573 2875 3629 dicit
2903 3575 2961 3629 in
3006 3576 3264 3647 quadam
3301 3577 3374 3633 ad
3419 3593 3596 3634 suum

1952 3664 2175 3720 clerum
2210 3662 2488 3735 Epistola,
2518 3662 2793 3719 statuisse
2824 3680 2887 3720 se
2915 3682 2950 3719 a
2994 3665 3312 3737 primordio
3373 3666 3596 3739 episco-

1950 3758 2127 3826 patus
2161 3753 2277 3819 sui,
2311 3751 2455 3807 nihil
2488 3768 2598 3808 sua
2626 3753 2918 3809 sententia
2959 3754 3233 3825 privatim
3289 3771 3507 3828 gerere,
3539 3760 3600 3813 et

1952 3842 2079 3897 sine
2134 3840 2376 3897 consilio
2407 3856 2473 3895 ac
2531 3856 2817 3897 consensu
2882 3840 3018 3896 cleri
3058 3846 3113 3897 et
3165 3842 3370 3915 plebis.
3403 3847 3599 3901 Monet

1951 3930 2104 3986 idem
2139 3934 2377 3985 sanctus
2425 3928 2637 3985 Doctor
2665 3928 2887 3985 clerum
2929 3947 2995 3985 ac
3042 3929 3269 4002 plebem
3324 3949 3491 3989 suam
3525 3933 3598 3989 de

1952 4018 2325 4075 Ordinatione
2373 4018 2892 4086 subdiaconorum,
2942 4024 3400 4093 caterorumque
3451 4022 3597 4078 infe-

1951 4106 2170 4163 riorum
2202 4106 2631 4177 ministrorum,
2663 4110 2720 4162 et
2760 4107 3073 4163 consilium
3123 4107 3261 4165 cleri
3318 4126 3383 4166 ac
3410 4109 3598 4181 plebis

1952 4197 2061 4252 hac
2090 4212 2267 4269 super
2298 4212 2357 4251 re
2386 4195 2547 4266 petit.
2580 4193 2706 4252 Non
2742 4194 2837 4251 ille
2866 4196 3048 4269 igitur
3100 4203 3221 4254 erat
3249 4198 3308 4254 S.
3357 4198 3593 4271 Cypria-

1952 4304 2086 4353 nus,
2120 4285 2221 4358 qui
2253 4286 2396 4341 dure
2428 4284 2607 4342 nimis
2637 4288 2862 4357 regeret
2890 4284 3192 4342 ecclesiam
3224 4303 3415 4355 suam,
3447 4291 3505 4343 et
3528 4302 3598 4343 ex

1952 4392 2187 4432 summa
2236 4375 2365 4445 ejus
2422 4373 2753 4430 humilitate
2804 4375 3140 4443 edocemur,
3186 4374 3512 4430 litteraliter
3538 4379 3599 4431 et

1954 4465 2213 4537 rigorose
2230 4462 2408 4518 nimis
2433 4480 2548 4517 non
2565 4479 2693 4519 esse
2707 4462 3045 4535 accipienda
3064 4479 3194 4533 quas
3213 4462 3419 4518 scribit
3440 4463 3596 4520 idem

188 4565 365 4606 versae
392 4553 775 4609 fraternitatis
803 4553 1103 4624 suffragio,
1165 4558 1223 4609 et
1279 4554 1351 4608 de
1409 4554 1840 4625 episcoporum,
1874 4563 1922 4628 1)
1955 4558 2197 4609 sanctus
2228 4553 2440 4609 Doctor
2469 4551 2581 4606 alio
2607 4552 2753 4618 loco,
2796 4550 3133 4623 episcopum
3178 4551 3399 4607 scilicet
3429 4569 3463 4609 a
3493 4567 3595 4609 ne-

182 4639 288 4711 qui
334 4639 399 4694 in
454 4643 765 4713 prasentia
825 4646 1280 4698 convenerant...
1334 4640 1554 4712 judicio
1613 4642 1750 4713 (19).
1812 4664 1842 4691 ››

183 4728 501 4785 Contendit
532 4736 769 4787 sanctus
801 4732 1003 4787 doctor
1054 4730 1395 4787 electionem
1437 4731 1843 4803 episcoporum

178 4817 416 4877 laudato
454 4822 635 4876 modo
668 4821 881 4875 factam
912 4821 1227 4892 procedere
1274 4842 1303 4869 ‹‹
1333 4837 1367 4875 a
1398 4819 1595 4875 divina
1640 4819 1841 4874 Tradi-

176 4907 353 4973 tione,
387 4931 418 4960 υ
455 4909 524 4964 in
554 4908 749 4965 latiori
780 4908 1008 4965 scilicet
1038 4925 1217 4965 sensu
1248 4914 1505 4981 sumpta,
1550 4932 1577 4958 «
1612 4911 1669 4963 et
1695 4910 1844 4979 Apo-

176 4998 384 5054 stolica
416 4998 833 5054 observatione
864 5016 878 5066 ;
910 5018 936 5048 η
973 5002 1029 5053 et
1058 4998 1190 5054 ideo
1223 5014 1417 5053 coram
1449 4997 1663 5070 populo
1692 4998 1844 5053 hanc

174 5086 542 5144 electionem
572 5087 697 5142 fieri
723 5088 864 5143 dicit
894 5091 1132 5143 sanctus
1163 5080 1652 5159 Episcopus,quia
1680 5086 1844 5160 plebs

174 5174 566 5249 singulorum
594 5176 776 5231 vitam
807 5175 1146 5247 plenissime
1177 5174 1356 5244 novit,
1389 5179 1447 5231 et
1472 5175 1845 5246 uniuscujus-

236 5360 359 5427 (17)
399 5358 469 5413 S.
510 5356 800 5429 Cyprian.,
833 5356 937 5429 Ep.
960 5374 1061 5425 xu,
1092 5361 1136 5413 t.
1172 5354 1268 5428 IV,
1303 5372 1351 5412 c.
1384 5356 1491 5411 250
1521 5374 1576 5411 Α.

236 5372 359 5427 (ιι)
399 5372 469 5413 δ.
510 5372 800 5482 υέριτιαιιη
834 5372 1061 5429 Ep.xn,
1092 5372 1136 5413 ι.
1172 5372 1268 5428 1v,
1303 5372 1319 5411 ε

230 5432 362 5501 (18)
396 5429 520 5501 Id.,
599 5444 813 5501 pzxm,
844 5434 888 5483 t.
926 5429 1014 5498 IV,
1048 5429 1236 5501 0.260
1265 5444 1319 5501 Β,

235 5498 359 5571 (19)
399 5498 616 5572 Cypa,
639 5499 744 5572 Ep.
779 5498 970 5565 vam,
1002 5506 1047 5572 t.
1071 5499 1173 5572 (III,
1206 5516 1263 5572 c.
1294 5498 1429 5572 1027
1461 5514 1515 5572 132

236 5516 359 5571 (ω)
399 5516 608 5625 μὲριιη
641 5516 744 5572 Ep.
779 5516 970 5565 vam,
1002 5516 1043 5554 ι.
1078 5516 1173 5566 ιιι,
1206 5516 1255 5555 c.
1294 5516 1424 5553 1oz:
1461 5516 1515 5552 Β.
1559 5570 1568 5579 _

236 5571 431 5645 (20)}
487 5587 599 5645 em,
634 5572 734 5643 Ep.
768 5588 903 5636 an,
934 5576 975 5627 t.
1011 5571 1109 5645 Ill,
1140 5587 1190 5626 c.
1216 5571 1364 5645 _768‘
1381 5585 1468 5640 sq.
1502 5568 1719 5645 Videt.
1752 5570 1843 5645 XI,

162 5641 313 5703 Hist.
340 5641 605 5715 'theolog.
637 5641 764 5698 crit.
806 5646 950 5701 sect.
1010 5659 1027 5698 1
1082 5644 1153 5701 de
1209 5642 1264 5701 S.
1328 5641 1575 5704 Cornelio
1630 5642 1693 5703 Β.
1757 5641 1845 5721 Ρ.)

516 5770 775 5835 Ρκιιιιοι..
822 5770 926 5835 Ill.

1954 4642 2112 4698 mine
2141 4642 2411 4713 pendere,
2446 4638 2557 4711 ipsi
2610 4654 2948 4695 concessam
3006 4656 3134 4695 esse
3163 4639 3512 4712 libertatem,
3542 4643 3600 4697 et

1954 4731 2240 4786 rationem
2272 4731 2439 4784 actus
2470 4728 2562 4783 sui
2594 4726 2703 4783 soli
2732 4728 2977 4784 Domino
3009 4745 3137 4785 esse
3167 4729 3561 4785 redditurum.

2025 4817 2262 4873 XXXVI.
2313 4818 2705 4888 Episcoporum
2766 4818 3063 4872 concilium
3118 4820 3413 4891 quotannis
3458 4820 3601 4875 cele-

1959 4911 2176 4964 bratum
2208 4906 2275 4962 od
2302 4906 2527 4975 negotia
2555 4906 2807 4962 Ecclesia
2834 4905 3191 4977 dasponenda.
3223 4937 3292 4948 --
3348 4907 3413 4963 In
3446 4905 3595 4961 Afri-

1956 5014 2103 5054 cana
2133 4994 2379 5052 ecclesia
2408 4994 2666 5067 episcopi
2698 4994 2874 5050 simul
2914 4995 3335 5051 conveniebant
3363 4996 3434 5051 ad
3463 5010 3596 5066 gra-

1954 5088 2115 5142 viora
2145 5084 2414 5141 Ecclesize
2446 5084 2679 5155 negotia
2707 5083 3093 5156 disponenda,
3113 5088 3179 5139 ut
3208 5084 3378 5139 docet
3406 5083 3465 5138 S.
3492 5085 3598 5154 Cy-

1954 5176 2199 5249 prianus
2228 5173 2287 5229 in
2315 5173 2566 5245 quadam
2597 5170 2842 5243 epistola
2872 5173 2943 5229 ad
2984 5189 3160 5229 suum
3193 5171 3438 5242 clerum,
3472 5185 3602 5242 quae

1959 5356 2113 5412 artic.
2155 5354 2207 5421 1,
2240 5368 2373 5425 pag.
2399 5352 2456 5421 2,
2487 5350 2588 5407 ubi
2618 5350 2914 5425 integrum
2944 5350 3137 5425 locum
3169 5349 3565 5409 recitavimus.

2047 5426 2139 5494 21)
2169 5421 2356 5491 Idem',
2380 5425 2485 5494 Ep.
2517 5439 2629 5490 xw,
2662 5427 2703 5479 t.
2736 5421 2832 5491 III,
2867 5421 2976 5494 col.
3008 5422 3115 5494 722
3142 5439 3200 5477 Α.

2050 5492 2141 5567 22)
2172 5496 2350 5563 Idem,
2382 5492 2483 5567 Ep.
2520 5511 2616 5565 LII,
2649 5498 2692 5564 t,
2725 5494 2907 5567 II_I_,_c.
2940 5492 3190 5567 Z69,_sq.

2029 5563 2141 5641 (23)
2171 5568 2354 5645 Idem,
2386 5563 2491 5640 Ep.
2526 5563 2744 5636 cxix,'t.
2774 5563 2867 5640 IV,
2895 5563 3003 5621 col.
3036 5563 3168 5643 40οί
3189 5582 3280 5641 sq.

3253 5766 3285 5841 ζ)
