4064 6196
389 369 394 373 ’
431 371 596 421 XXXV

1919 349 2341 413 PREFATIO

3633 362 3819 414 XXXVI

430 497 518 547 est
544 487 846 562 trigesima
874 487 1132 544 secunda
1170 483 1442 541 editionis
1488 483 1832 540 Oxoniensis
1873 485 1930 538 et
1961 486 2069 538 Pa-
2097 485 2150 552 Α
2179 482 2238 539 in
2273 481 2510 556 synodis
2540 481 2868 555 congreatis
2907 480 3416 540 conﬁrmationem
3445 497 3691 540 suorum
3721 484 3818 542 de-

432 577 592 634 melii
622 578 757 648 (24).
796 575 866 631 Hi
921 591 1054 632 vero
1113 575 1432 629 conventus
1489 587 1588 629 seu
1648 572 1769 627 haec
1826 571 2073 628 consllia

433 666 749 739 quotannis
778 666 931 720 circa
961 664 1107 719 festa
1137 660 1439 717 Paschalia
1487 661 1763 717 celebrari
1821 676 2073 716 consue-

431 760 636 812 verant
667 769 681 811 :
708 775 738 804 «
774 749 1195 808 Persecutionis
1236 750 1410 806 istius
1468 749 1788 805 novissima
1816 749 1938 804 haec
1962 753 2071 819 est,

433 848 491 900 et
517 849 772 899 extrema
795 839 1060 906 tentatio,
1093 859 1122 889 »
1152 838 1342 909 inquit
1397 837 1738 909 Cyprianus,
1774 859 1803 888 «
1863 854 1989 909 quas,
2019 839 2076 892 et

435 931 565 1004 ipsa
594 931 704 985 cito
732 927 975 984 Domino
1016 931 1351 999 protegente
1406 926 1702 997 transibit,
1735 930 1803 982 ut
1862 941 2073 998 reprae-

436 1025 631 1078 senter
658 1017 822 1074 vobis
853 1020 986 1088 post
1014 1015 1250 1072 Pascha:
1281 1015 1438 1070 diem
1469 1032 1602 1070 cum
1634 1013 1873 1088 collegis
1902 1015 2072 1083 meis,

437 1108 652 1180 quibus
686 1105 1072 1178 praesentibus
1109 1105 1433 1160 secundum
1482 1103 1790 1158 arbitrium
1845 1120 2078 1175 quoque

433 1197 780 1262 vestrum,et
807 1193 1072 1250 omnium
1101 1197 1366 1248 nostrum
1401 1208 1712 1247 commune
1734 1192 2076 1261 cnneilium,

440 1285 594 1340 sicut
624 1282 800 1339 semel
831 1281 1071 1353 placuit,
1093 1298 1162 1337 ea
1191 1299 1318 1353 quae
1349 1281 1574 1353 agenda
1603 1281 2077 1354 sunt,disponere

435 1371 656 1445 pariter
683 1376 739 1426 et
773 1370 977 1426 limare
1033 1371 1324 1441 posterius
1353 1371 1492 1442 (25).
1523 1369 1808 1434 Quoniam
1838 1370 2077 1442 scripsi-

436 1464 567 1531 stis,
600 1485 628 1513 «
663 1461 857 1533 inquit
883 1461 1040 1517 idem
1072 1461 1131 1517 S.
1163 1461 1375 1516 Doctor
1404 1461 1536 1532 (26),
1573 1482 1601 1511 α
1632 1465 1699 1516 ut
1730 1477 1864 1516 cum
1894 1461 2076 1532 pluri-

436 1553 549 1608 bus
579 1550 816 1623 collegis
845 1550 916 1605 de
944 1550 1054 1605 hoc
1085 1550 1212 1620 ipso
1247 1548 1580 1620 plenissime
1600 1552 1866 1618 tractem,
1899 1553 1957 1604 et
1986 1565 2078 1604 res

434 1645 601 1697 tanta
629 1639 808 1712 exigit
837 1639 1029 1710 majus
1059 1641 1118 1695 et
1146 1637 1474 1710 impensius
1502 1637 1573 1692 de
1605 1636 1925 1692 multorum
1957 1635 2074 1692 col-

435 1729 650 1786 latione
681 1727 1076 1798 consilium,et
1105 1743 1261 1782 nunc
1293 1742 1496 1782 omnes
1528 1726 1644 1781 fere
1673 1725 1824 1780 inter
1843 1725 2079 1782 Pascbaa

437 1819 630 1891 prima
651 1815 935 1872 solemnia
955 1816 1110 1886 apud
1133 1831 1196 1870 se
1217 1830 1349 1871 cum
1373 1813 1653 1870 fratribus
1677 1814 2077 1882 demorantur;

439 1906 674 1978 quando
705 1902 1054 1960 solemnitati
1085 1902 1441 1959 celebrandae
1486 1903 1638 1975 apud
1676 1919 1815 1959 suos
1846 1903 2078 1959 satisfe-

440 1994 624 2051 cerint
653 1997 710 2049 et
737 1993 809 2048 ad
841 2008 935 2047 me
962 1991 1160 2047 venire
1184 1991 1482 2063 coeperint,
1507 1992 1771 2047 tractabo
1802 2008 1935 2046 cum
1967 1991 2084 2047 sin-

355 2137 361 2143 .
439 2083 596 2156 gulis
627 2081 878 2154 plenius,
911 2083 977 2136 ut
1005 2081 1075 2135 de
1126 2096 1191 2135 eo
1222 2079 1378 2150 quod
1435 2079 1836 2146 consuluistis,
1870 2080 2085 2152 ﬁgatur

441 2173 598 2244 apud
630 2187 757 2238 nos,
799 2174 855 2225 et
911 2168 1270 2224 rescribatur
1321 2168 1488 2223 vobis
1545 2169 1714 2224 firma
1769 2169 2080 2236 sententia,

440 2261 767 2317 multorum
799 2258 1168 2312 sacerdotum
1200 2256 1444 2312 consilio
1475 2258 1811 2329 ponderata.
1850 2279 1878 2306 ››

512 2347 778 2404 XXXVII.
812 2347 1061 2418 Episcopi
1088 2348 1148 2400 in
1205 2346 1364 2401 rebus
1416 2347 1647 2416 majoris
1695 2349 1959 2402 momenti
2015 2349 2083 2403 ab

446 2439 588 2496 aliis
616 2437 880 2508 episcOpis
907 2451 1034 2490 suas
1061 2434 1362 2490 decisiones
1390 2436 1983 2508 mittebant,praecipue
2015 2438 2089 2494 ad

451 2529 751 2583 Romanum
782 2525 1126 2596 Episcopum.
1149 2554 1219 2564 —
1241 2524 1304 2577 In
1324 2524 1500 2578 rebus
1530 2523 1772 2594 majoris
1804 2525 2086 2581 momenti

444 2613 716 2687 Episcopi
749 2613 924 2668 etiam
959 2612 1017 2667 in
1050 2611 1291 2667 consilio
1323 2612 1656 2684 congregati
1686 2613 1758 2667 ad
1792 2612 1936 2668 alios
1967 2613 2087 2684 epi-

449 2718 656 2776 scopos
691 2718 829 2758 suas
860 2701 1183 2757 decisiones
1213 2701 1545 2770 mittebant,
1595 2700 1984 2772 praestolaturi
2018 2703 2089 2758 ab

415 2811 421 2814 ·
447 2793 523 2849 iis
553 2797 680 2848 tum
711 2789 1042 2859 consilium,
1074 2794 1202 2845 tum
1234 2805 1590 2846 consensum
1620 2791 1984 2858 eorumdem,
2017 2793 2087 2848 ad

417 2910 421 2912 ν
451 2879 870 2939 sacerdotalem
902 2878 1327 2944 auctoritatem,
1358 2881 1416 2933 et
1445 2879 1515 2933 ad
1545 2871 1833 2935 ‘Ecclesizs
1893 2880 2092 2936 catho-

447 2969 573 3025 Iicaa
605 2968 889 3024 unitatem
921 2968 1139 3039 pariter
1167 2983 1233 3022 ac
1285 2967 1631 3039 dignitatem
1664 2968 1879 3039 partim
1910 2969 2098 3024 mani-

449 3057 800 3124 festandam,
833 3055 1047 3128 partim
1079 3055 1554 3111 consecrandam.
1609 3061 1650 3109 A
1686 3057 1946 3112 Romano
1973 3057 2092 3129 epi-

447 3163 625 3217 scopo
657 3149 853 3200 autem
887 3143 1133 3198 Africani
1165 3143 1452 3214 praecipue
1483 3144 1762 3215 petebant
1781 3145 2094 3202 consilium

2181 579 2494 628 oratorum.
2526 588 2653 644 quea
2682 572 2742 626 in
2774 571 3038 628 conciliis
3068 571 3301 628 fuerant
3358 573 3612 642 ﬁrmata,
3645 590 3680 630 a
3709 574 3817 632 Ro-

2181 677 2355 716 mano
2389 661 2666 717 Pontiﬁce
2696 662 2990 733 petierint.

2251 748 2546 805 XXXVIII.
2603 750 2800 806 Nullus
2856 751 3159 822 episcopus,
3191 751 3306 806 nisi
3365 751 3714 823 gravissimis
3759 752 3822 809 de

2181 840 2359 894 causis
2386 840 2693 896 rescindere
2715 842 2926 910 poterat
2955 855 3078 912 quae
3114 839 3182 895 ab
3236 840 3345 896 alio
3403 843 3646 913 episcopo
3701 845 3824 897 acta

2183 935 2358 984 erant.
2392 961 2457 969 —
2489 929 2603 984 Nec
2634 929 2746 1000 ipsi
2798 928 3244 1001 metropolitano
3288 931 3648 1001 permissum
3677 935 3821 1000 erat,

2185 1018 2406 1089 absque
2436 1017 2800 1090 gravissimis
2832 1017 3044 1086 causis,
3094 1018 3426 1074 rescindere
3456 1035 3584 1090 quin
3615 1020 3688 1074 ab
3718 1017 3823 1074 ali-

2185 1122 2300 1176 quo
2330 1105 2442 1161 alio
2471 1105 2742 1178 episcopo
2775 1110 2903 1162 acta
2933 1109 3118 1162 erant.
3152 1106 3269 1162 Hac
3316 1107 3388 1162 de
3417 1123 3596 1163 causa
3626 1108 3686 1163 S.
3719 1109 3823 1180 Cy-

2185 1195 2428 1266 prianus
2450 1195 2722 1267 objurgat
2741 1195 3188 1267 Therapium,ut
3199 1200 3431 1252 constat
3454 1212 3522 1251 ex
3544 1197 3670 1266 ejus
3698 1195 3826 1268 Epi-

2187 1283 2335 1339 stola
2364 1285 2547 1355 L1x(t.
2581 1285 2677 1352 III,
2717 1301 2767 1339 c.
2830 1285 2988 1352 1014,
3044 1287 3119 1352 Α),
3179 1283 3330 1339 Alibi
3386 1285 3500 1356 (28)
3554 1285 3825 1340 observat

2184 1376 2241 1428 S.
2275 1373 2596 1445 Cyprianus
2629 1394 2657 1423 «
2689 1389 2817 1429 esse
2849 1388 2965 1429 non
3025 1388 3196 1444 posse
3228 1394 3257 1422 »
3310 1372 3462 1429 inter
3516 1373 3823 1446 episcopos

2188 1484 2214 1509 ‹‹
2249 1477 2488 1516 sensum
2511 1461 2827 1529 diversum,
2858 1461 2917 1516 in
2959 1460 3176 1532 quibus
3204 1477 3358 1516 unus
3399 1464 3490 1516 est
3544 1460 3824 1533 Spiritus,

2186 1553 2244 1604 et
2271 1549 2400 1605 ideo
2431 1549 2807 1604 manifestum
2837 1553 2927 1605 est
2949 1565 3084 1604 eum
3117 1549 3370 1620 Spiritus
3400 1550 3590 1606 sancti
3619 1549 3826 1606 verita-

2186 1641 2304 1693 tem
2336 1653 2471 1692 cum
2503 1638 2726 1693 caeteris
2747 1642 3274 1710 nontenere,quem
3300 1638 3566 1695 videmus
3590 1639 3823 1694 diversa

2189 1726 2423 1783 sentire.
2453 1748 2480 1776 »
2507 1727 2575 1782 Et
2603 1730 2797 1782 tamen
2830 1729 3031 1798 postea
3081 1726 3346 1783 diversus
3392 1727 3549 1783 inter
3592 1726 3827 1800 Cypria-

2190 1831 2333 1870 num
2365 1818 2423 1870 et
2467 1814 2832 1886 Stephanum
2861 1830 3072 1871 sensus
3091 1814 3205 1871 fuit
3251 1815 3312 1870 in
3334 1831 3513 1871 causa
3541 1814 3828 1887 Baptismi

2189 1903 2594 1959 hereticorum
2631 1919 2644 1959 :
2682 1903 2783 1959 sed
2813 1902 2936 1958 haec
2964 1902 3131 1960 facile
3161 1903 3632 1972 reconciliantur,
3666 1903 3716 1960 si
3748 1903 3829 1959 di-

2191 2009 2395 2049 camus
2420 1992 2718 2048 laudatam
2749 1993 2808 2048 S.
2841 1991 3111 2064 Cypriani
3160 1991 3514 2048 sententiam
3544 1991 3828 2064 interpre-

2190 2082 2429 2138 tandam
2459 2097 2588 2137 esse
2618 2081 2689 2136 de
2735 2081 2912 2138 rebus
2956 2079 3113 2149 ﬁdei,
3161 2078 3250 2136 uti
3306 2082 3607 2136 contextus
3637 2081 3828 2150 docet,

2193 2187 2307 2226 non
2337 2186 2468 2225 vero
2502 2170 2573 2224 de
2603 2169 2776 2225 rebus
2807 2167 3150 2240 disciplinas.

2260 2259 2498 2314 XXXIX.
2531 2260 2786 2330 Episcopi
2815 2259 3025 2314 litteras
3053 2258 3124 2313 ad
3151 2273 3209 2314 se
3247 2259 3484 2314 invicem
3514 2257 3825 2314 mittebant.

2192 2380 2263 2390 —-
2291 2351 2722 2404 Consueverant
2750 2347 3008 2420 episcopi
3041 2347 3154 2403 sibi
3201 2346 3449 2402 invicem
3489 2346 3742 2402 scribere
3771 2347 3830 2402 in

2195 2439 2430 2510 signum
2463 2440 2679 2492 mutuae
2710 2436 3144 2492 communionis
3178 2453 3192 2504 ;
3227 2439 3284 2491 et
3304 2435 3454 2502 ideo,
3485 2451 3621 2490 cum
3649 2451 3833 2491 novus

2196 2530 2490 2583 crearetur
2519 2525 2848 2597 episcopus,
2881 2524 3070 2580 caeteri
3101 2524 3172 2580 de
3217 2524 3347 2594 ejus
3385 2524 3501 2579 ﬁde
3531 2539 3598 2579 ac
3627 2523 3838 2595 pietate

2196 2616 2411 2672 instrui
2439 2615 2744 2670 curabant.
2793 2613 2988 2669 Prima
3041 2612 3288 2683 hujusce
3335 2611 3658 2683 disciplinas
3701 2627 3838 2684 pars

2198 2705 2424 2761 eruitur
2451 2720 2520 2759 ex
2547 2702 2795 2776 epistola
2823 2719 2972 2758 vau
3001 2701 3270 2774 Cypriani
3321 2701 3394 2756 ad
3445 2701 3834 2773 Stephanum,

2199 2794 2258 2848 in
2290 2811 2406 2866 qua
2434 2794 2498 2864 (t.
2533 2793 2631 2859 III,
2665 2791 2772 2848 col.
2801 2792 2908 2846 998
2935 2793 2994 2860 Α)
3051 2790 3171 2846 haec
3220 2789 3514 2846 habentur
3546 2807 3560 2846 :
3587 2811 3617 2841 κ
3647 2789 3839 2864 Signi-

2199 2883 2312 2938 ﬁca
2342 2881 2511 2937 nobis
2541 2880 2712 2953 plane
2755 2880 2886 2950 quis
2932 2879 2992 2934 in
3041 2878 3238 2936 locum
3285 2878 3569 2935 Marciani
3614 2879 3843 2935 Arelate

2200 2971 2374 3026 fuerit
2401 2969 2781 3036 substitutus;
2813 2972 2878 3023 ut
2906 2967 3163 3023 sciamus
3196 2967 3269 3023 ad
3302 2983 3476 3040 quem
3507 2967 3716 3024 fratres
3744 2984 3846 3023 no-

2201 3064 2355 3115 stros
2383 3058 2634 3130 dirigere
2663 3061 2720 3112 et
2749 3056 2842 3112 cui
2873 3056 3126 3112 scribere
3155 3056 3545 3112 debeamus.»
3574 3055 3846 3113 Secunda

2200 3164 2335 3204 vero
2369 3163 2437 3203 ex
2458 3146 2639 3202 altera
2667 3147 2901 3216 ejudem
2934 3145 3123 3201 sancti
3171 3145 3438 3200 Doctoris
3493 3143 3746 3215 epistola
3773 3145 3846 3201 ad

449 3239 506 3290 et
555 3216 914 3290 consensum
944 3250 957 3298 ;
1013 3235 1244 3287 constat
1312 3231 1420 3286 hoc
1500 3248 1569 3286 ex
1626 3232 1884 3303 Epistola
1941 3251 2090 3290 Lxxu
2122 3216 2164 3283 (ἶ
2202 3241 2258 3292 S.
2291 3235 2620 3293 Cornelium
2655 3251 2891 3307 papam,
2922 3251 3050 3306 quae
3080 3233 3140 3288 in
3170 3233 3280 3289 bac
3309 3232 3561 3288 editione
3618 3238 3710 3287 est
3738 3250 3848 3289 nu-

449 3324 508 3379 S.
544 3321 814 3394 Cypriani
844 3320 914 3375 ad
946 3321 999 3374 S.
1033 3319 1419 3390 Stephanum,
1466 3319 1524 3373 in
1559 3336 1676 3391 qua
1733 3321 1855 3377 haec
1885 3339 2093 3378 occur-

453 3414 593 3466 runt
622 3411 735 3482 (27)
771 3426 784 3464 :
818 3431 848 3458 «
873 3409 956 3463 Ad
989 3408 1255 3479 quaedam
1313 3408 1698 3480 disponenda,
1759 3415 1816 3466 et
1870 3411 2096 3467 consilii

454 3498 788 3556 communis
819 3497 1311 3554 examinationem
1335 3496 1858 3565 limanda,necesse
1890 3500 2097 3557 habui-

459 3605 616 3655 mus,
647 3587 828 3642 frater
857 3587 1224 3653 charissime,
1283 3588 1766 3644 convenientibus
1821 3589 1880 3644 in
1914 3607 2099 3646 unum

459 3676 729 3750 pluribus
761 3676 1184 3743 sacerdotibus,
1217 3691 1418 3747 cogere
1455 3681 1514 3731 et
1568 3675 1859 3733 celebrare
1908 3681 2100 3735 conci-

459 3764 697 3835 lium,in
728 3780 843 3836 quo
875 3763 1059 3820 multa
1086 3763 1321 3835 quidem
1347 3763 1574 3836 prolata
1603 3770 1778 3837 atque
1805 3771 2104 3824 transacta

458 3858 599 3910 sunt
631 3870 643 3908 :
679 3854 779 3910 sed
813 3855 882 3909 de
914 3871 980 3910 eo
1001 3853 1089 3910 vel
1137 3852 1389 3909 maxime
1447 3853 1554 3909 tibi
1613 3855 2012 3925 scribendum,
2045 3863 2102 3914 et

455 3959 592 3998 cum
624 3948 727 3998 tua
757 3942 1040 4015 gravitate
1070 3959 1136 3997 ac
1181 3943 1469 4014 sapientia
1523 3943 1935 4000 conferendum
1968 3947 2098 4016 fuit,

453 4033 608 4103 quod
639 4032 828 4104 magis
871 4031 1176 4104 pertineat,
1223 4036 1279 4086 et
1325 4033 1397 4087 ad
1451 4033 1869 4089 sacerdotalem
1900 4041 2097 4093 aucto-

445 4122 702 4187 ritatem,
731 4124 788 4176 et
813 4125 880 4175 ad
916 4119 1186 4176 Ecclesiae
1216 4120 1514 4176 catholicae
1561 4122 1848 4178 unitatem
1880 4125 2097 4196 pariter

446 4213 506 4265 et
531 4209 903 4281 dignitatem,
936 4209 1008 4264 de
1037 4209 1245 4265 divina:
1276 4209 1681 4282 dispositionis
1724 4213 2094 4271 ordinatione

442 4297 800 4368 venientem,
831 4314 928 4353 eos
960 4298 1060 4369 qui
1093 4298 1212 4354 sint
1242 4297 1382 4352 foris
1413 4302 1574 4353 extra
1629 4299 1945 4357 Ecclesiam
1978 4303 2090 4358 tin-

446 4387 609 4455 cti,et
629 4387 784 4458 apud
815 4386 1118 4442 haereticos
1147 4391 1203 4442 et
1229 4385 1638 4443 schismaticos
1655 4390 1910 4460 profana
1929 4408 2090 4463 aqua:

442 4473 576 4530 labe
608 4475 906 4542 maculati,
936 4476 1170 4546 quando
1202 4476 1273 4530 ad
1304 4492 1432 4542 nos,
1466 4480 1641 4547 atque
1670 4479 1742 4533 ad
1774 4479 2089 4536 Ecclesiam

2206 3342 2366 3380 mero
2398 3323 2886 3395 quinquagesima
2907 3322 3112 3393 quinta
3139 3326 3206 3390 (t.
3242 3321 3339 3387 III,
3371 3319 3480 3375 col.
3512 3320 3619 3374 809
3649 3323 3730 3391 Α).

2278 3414 2394 3469 Has
2424 3429 2556 3468 vero
2600 3411 2877 3484 epistolas
2933 3409 3247 3465 mittebant
3300 3424 3405 3479 per
3455 3406 3724 3474 clericos,
3785 3413 3852 3464 ut

2210 3506 2440 3560 constat
2468 3517 2538 3557 ex
2565 3500 2809 3572 epistola
2845 3515 2998 3564 XXIV,
3029 3496 3130 3552 ubi
3172 3500 3236 3566 (t.
3272 3495 3364 3563 IV,
3398 3511 3450 3550 c.
3501 3495 3608 3550 287
3638 3497 3695 3568 Β)
3727 3497 3852 3552 haec

2212 3594 2526 3648 occurrunt
2557 3606 2570 3644 :
2612 3611 2632 3638 ι
2671 3589 2738 3643 Et
2766 3586 3042 3658 quoniam
3072 3584 3330 3656 oportuit
3359 3599 3453 3639 me
3481 3600 3584 3656 per
3608 3583 3852 3641 clericos

2213 3678 2613 3750 scribere,scio
2631 3681 2821 3734 autem
2839 3679 3073 3731 nostros
3091 3672 3380 3746 plurimos
3400 3671 3674 3728 absentes
3698 3687 3851 3742 esse,

2213 3785 2428 3841 paucos
2456 3768 2556 3838 qui
2588 3766 2706 3821 illic
2737 3769 2877 3821 sunt
2890 3763 2983 3820 vix
3004 3762 3077 3818 ad
3106 3760 3502 3817 ministerium
3523 3759 3852 3831 quotidiani

2212 3858 2404 3930 operis
2435 3856 2726 3924 sufficere,
2759 3867 2996 3909 necesse
3028 3850 3140 3905 fuit
3164 3865 3345 3905 novos
3376 3847 3608 3920 aliquos
3637 3846 3854 3904 consti-

2211 3954 2375 4003 tuere
2407 3946 2507 4017 qui
2535 3944 2927 3999 mitterentur.
2961 3961 2991 3989 »
3021 3939 3092 3994 Et
3121 3953 3190 3994 ex
3247 3937 3430 3994 altera
3484 3937 3557 3992 ad
3606 3936 3850 3993 Succes-

2209 4052 2366 4100 sum,
2400 4050 2527 4106 qua:
2559 4036 2648 4087 est
2676 4045 2920 4085 numero
2947 4045 3153 4095 Lxxxn,
3186 4026 3246 4082 in
3277 4043 3394 4098 qua
3430 4026 3496 4098 (t.
3530 4025 3628 4092 IV,
3659 4041 3708 4080 ο.
3745 4025 3852 4079 429

2207 4126 2263 4197 Β)
2296 4125 2416 4179 haec
2445 4121 2649 4179 scribit
2676 4121 2958 4176 Successo
2993 4136 3006 4174 :
3045 4140 3066 4168 ι
3104 4117 3178 4173 Ut
3215 4133 3333 4172 non
3381 4114 3544 4171 vobis
3570 4114 3631 4170 in
3663 4114 3852 4171 conti-

2206 4213 2364 4269 nenti
2393 4211 2730 4277 scriberem,
2763 4210 2942 4265 frater
2984 4205 3348 4270 charissima,
3399 4203 3503 4258 illa
3550 4218 3643 4259 res
3689 4201 3854 4271 fecit,

2203 4303 2354 4374 quod
2388 4299 2645 4356 universi
2675 4297 2868 4354 clerici
2899 4296 3009 4353 sub
3042 4297 3160 4352 ictu
3190 4293 3395 4367 agonis
3425 4290 3728 4349 constituti
3759 4305 3854 4346 re-

2202 4391 2405 4447 cedere
2435 4389 2652 4446 isthinc
2681 4387 2919 4443 omnino
2951 4402 3065 4441 non
3097 4387 3386 4456 poterant.
3421 4403 3451 4432 »

2270 4480 2380 4534 XL.
2433 4479 2628 4534 Clerus
2683 4475 2898 4546 regebat
2950 4473 3244 4529 ecclesiam
3296 4471 3519 4527 absente
3564 4469 3844 4542 episcopo.

445 4578 579 4634 quae
610 4580 729 4618 una
759 4563 1461 4636 est,venerint,baptizari
1494 4570 1758 4637 oportere
1793 4585 1806 4635 ;
1840 4583 1906 4624 eo
1932 4570 2086 4640 quod
2122 4583 2167 4648 Ι)
2197 4600 2267 4609 ——
2297 4569 2549 4623 Absente
2579 4565 2873 4637 episcopo,
2925 4579 3039 4618 non
3089 4561 3304 4633 aliquis
3360 4558 3692 4648 alienigena
3719 4557 3847 4630 epi-

443 4667 654 4723 parum
687 4651 764 4707 sit
791 4650 874 4707 eis
927 4669 1168 4708 manum
1223 4653 1523 4724 imponere
1578 4654 1650 4709 ad
1683 4655 2088 4727 excipiendum

446 4740 734 4812 Spiritum
766 4745 1058 4806 sanctum,
1090 4741 1203 4796 nisi
1236 4741 1524 4813 accipiant
1577 4747 1634 4798 et
1691 4744 1958 4802 Ecclesiae
1989 4747 2091 4803 Ba-

442 4829 797 4903 ptismum...
833 4829 962 4885 Hzec
993 4831 1064 4885 ad
1098 4830 1515 4885 conscientiam
1549 4834 1918 4902 tuam,frater
1947 4835 2090 4891 cha-

443 4918 704 4986 rissima,
734 4923 791 4974 et
819 4935 923 4990 pro
956 4919 1176 4974 honore
1224 4920 1544 4988 communi,
1576 4923 1633 4975 et
1680 4937 1784 4992 pro
1834 4923 2086 4995 simplici

442 5007 757 5063 dilectione
813 5008 1162 5078 pertulinus,
1223 5009 1524 5063 credentes
1579 5008 1754 5062 etiam
1815 5009 1923 5065 tibi
1981 5028 2086 5082 pro

440 5096 739 5167 religionis
769 5101 882 5152 tuae
913 5102 968 5151 et
999 5098 1135 5153 ﬁdei
1166 5097 1410 5152 veritate
1468 5096 1717 5167 placere,
1753 5115 1878 5170 quae
1909 5104 1964 5154 et
1995 5117 2086 5156 re-

409 5183 650 5256 ‘ligiosa
679 5186 898 5256 pariter
927 5192 984 5242 et
1014 5203 1149 5241 vera
1180 5190 1339 5240 sunt.
1378 5207 1407 5234 »
1436 5185 1726 5256 Colligunt
1770 5187 1905 5243 inde
1953 5189 2083 5260 qui-

445 5273 604 5341 dam,
628 5273 757 5344 jam
788 5292 906 5331 aevo
938 5275 1206 5348 Cypriani
1235 5274 1294 5328 in
1331 5290 1442 5329 usu
1502 5274 1702 5345 fuisse,
1736 5279 1800 5330 ut
1826 5276 2084 5351 episcopi

527 5454 618 5529 24)
638 5456 818 5529 Idem,
850 5458 953 5529 Ep.
986 5469 1160 5522 xxxn,
1195 5459 1337 5529 tom.
1371 5454 1466 5529 IV,
1491 5450 1606 5529 col,
1639 5455 1743 5512 306
1774 5472 1829 5513 Β.

524 5524 615 5600 25)
647 5524 829 5600 Idem,
862 5524 963 5600 Ep.
996 5546 1085 5597 XL,
1117 5524 1292 5600 μιν,
1325 5543 1378 5600 ει1
1402 5527 1513 5600 338
1542 5543 1597 5593 Β,
1630 5544 1683 5583 c.

499 5598 618 5671 (26)
650 5597 756 5671 Id.,
785 5597 1041 5670 Epfuu.
1073 5603 1115 5653 t.
1149 5597 1238 5666 IV,
1271 5614 1321 5653 c.
1353 5597 1458 5671 347
1483 5615 1534 5667 c,
1567 5614 1692 5671 seq.

504 5669 619 5750 (27)
644 5669 940 5745 Cyprian.,
973 5675 1074 5748 Ep.
1108 5688 1278 5745 Lxxu,
1311 5675 1353 5727 t.
1389 5669 1483 5742 III,
1513 5686 1564 5728 c.
1601 5669 1760 5730 4046.

2199 4672 2434 4727 scopus,
2468 4655 2569 4709 sed
2601 4653 2792 4708 clerus
2813 4652 3048 4723 regebat
3085 4650 3413 4707 ecclesiam.
3445 4649 3610 4704 Patet
3638 4647 3748 4702 hoc
3780 4662 3854 4702 ex

2198 4743 2447 4818 epistola
2472 4759 2645 4798 xxxiv
2673 4741 2946 4814 Cypriani
2977 4741 3048 4796 ad
3079 4740 3452 4813 presbyteros
3482 4740 3540 4793 et
3569 4736 3854 4792 diaconos

2199 4833 2731 4906 Carthaginienses.
2784 4833 2846 4887 In
2895 4847 2963 4886 ea
3011 4830 3304 4902 siquidem
3381 4827 3635 4899 legimus
3688 4825 3851 4897 quod

2197 4923 2408 4979 Gaium
2468 4921 2820 4977 Diddensem
2881 4919 3292 4976 communione
3354 4932 3463 4971 sua
3521 4914 3836 4972 removerit

2198 5013 2386 5067 clerus
2415 5010 2914 5082 Carthaginiensis
2945 5009 3080 5079 (29).
3109 5006 3250 5062 Dein
3285 5005 3506 5060 scimus
3539 5005 3718 5075 quod,
3753 5003 3853 5058 de-

2199 5102 2394 5155 functo
2425 5100 2699 5167 Fabiano,
2733 5101 2924 5155 clerus
2956 5097 3254 5152 Romanus
3287 5092 3452 5150 illam
3493 5092 3845 5160 Ecclesiam,

2195 5195 2436 5246 vacante
2467 5189 2625 5255 sede,
2657 5187 2931 5243 direxerit
2960 5187 3094 5253 (30).

2265 5276 2420 5333 Nihil
2447 5281 2715 5350 poterant
2744 5273 3001 5347 epis00pi
3029 5274 3090 5328 in
3119 5273 3474 5330 dioecesibus
3497 5274 3852 5327 ceterorum

2263 5458 2375 5528 (28)
2409 5456 2516 5525 ld.,
2551 5456 2654 5528 Ep.
2688 5469 2856 5528 vau,
2887 5459 3031 5512 tom.
3068 5454 3246 5528 Ill,rc.
3275 5454 3383 5528 997
3409 5470 3464 5528 l5.

2264 5522 2373 5602 (29)
2404 5522 2699 5602 Cyprian.,
2734 5527 2835 5602 Ep.
2871 5545 3039 5602 vau,
3062 5531 3112 5602 _t.
3148 5522 3237 5592 IV,
3256 5525 3379 5602 col.
3393 5522 3516 5602 _300
3549 5537 3584 5577 Β
3606 5560 3626 5578 .

2261 5595 2623 5676 (‘30)Et'cum
2653 5595 2909 5676 inca—eoat
2934 5600 3124 5676 nobis,
3166 5601 3300 5676 qui__
3313 5595 3608 5676 videmar‘
3628 5605 3854 5676 praepo-

2188 5663 2286 5731 siti
2315 5663 2622 5746 (nimirum
2654 5670 2793 5748 quia
2819 5677 2954 5748 post
2980 5663 3229 5730 mortem
3260 5666 3528 5743 Episcopi
3568 5663 3852 5742 Romani,
