4074 6194
230 374 332 430 xu

1714 359 2150 432 EDITORUM.

3519 379 3646 428 χιιι

298 498 367 556 L.
405 493 772 556 οοηείηεηιῑω
798 503 982 558 votum
1009 499 1072 556 in
1098 511 1204 558 usu
1251 499 1368 557 erat
1395 502 1560 559 aetate
1589 501 1877 574 Cypriani.
1909 505 1964 572 Α
1995 516 2128 557 men
2157 497 2299 558 Jesu
2323 498 2537 557 Christi
2566 495 2818 574 gloriose
2860 499 3127 560 confessa
3155 500 3332 572 sunt:
3363 497 3416 560 si
3444 504 3644 577 posset

228 620 295 631 —
325 588 530 653 Quoad
575 593 711 644 vota
740 603 869 660 quas
916 586 1172 660 injustas
1221 594 1564 646 novatorum
1606 606 1884 646 censuras

229 695 346 736 non
374 677 693 748 effugiunt,
727 678 897 734 docet
942 682 998 734 8.
1032 679 1356 752 Cyprianus
1385 680 1505 735 haec
1548 678 1736 751 ipsius
1768 695 1886 734 aevo

226 771 287 826 in
321 785 434 825 usu
467 766 672 823 fuisse.
708 767 773 822 In
805 783 913 823 suo
940 771 1192 824 tractatu
1225 769 1295 824 de
1337 768 1549 824 Habitu
1579 768 1885 840 Virginum

226 858 488 931 loquitur
519 860 765 912 sanctus
811 855 1025 912 Doctor
1052 858 1124 912 de
1171 857 1549 929 quibusdam,
1586 879 1615 907 «
1647 875 1772 929 qua:
1823 874 1885 913 se

231 947 458 1006 Christo
518 947 875 1013 dicaverant,
932 950 989 1000 et
1043 963 1077 1000 a
1132 945 1353 1002 carnali
1411 946 1884 1019 concupiscentia

232 1037 593 1102 recedentes,
623 1038 748 1090 tam
798 1050 971 1090 carne
1023 1051 1201 1106 quam
1244 1040 1440 1091 mente
1470 1051 1534 1091 se
1572 1037 1681 1092 Deo
1713 1051 1880 1090 vove-

236 1131 367 1182 rant
393 1125 529 1195 (69).
567 1146 590 1173 ι
624 1124 865 1191 Verum,
899 1123 1018 1178 haec
1051 1129 1185 1180 vota
1212 1141 1329 1180 non
1378 1125 1562 1181 fuisse
1591 1124 1880 1194 absoluta,

233 1220 292 1272 et
320 1213 661 1286 hujusmodi
690 1216 963 1268 voventes
993 1213 1253 1285 potuisse
1307 1213 1365 1268 in
1396 1231 1536 1269 casu
1567 1213 1880 1270 necessita-

229 1305 301 1361 tis
329 1305 482 1360 inire
534 1302 1002 1373 matrimonium,
1036 1302 1476 1376 quamprimum
1525 1302 1874 1358 videbimus.

226 1397 668 1451 Ast'novatores
700 1391 909 1448 saltem
937 1391 1188 1448 inﬁciari
1234 1408 1349 1447 non
1381 1396 1674 1463 poterunt,
1709 1393 1878 1447 tertio

228 1482 436 1540 seculo
466 1483 531 1538 in
569 1481 831 1538 Ecclesia
857 1480 1150 1537 exstitisse
1195 1483 1327 1536 vota
1356 1498 1389 1536 a
1416 1481 1566 1537 votis
1599 1479 1876 1552 baptismi

227 1573 474 1628 diversa.

293 1661 631 1733 Pomponus
677 1658 990 1732 episcopus
1033 1659 1105 1714 ad
1155 1659 1214 1714 S.
1248 1659 1602 1731 Cyprianum
1651 1659 1878 1716 litteras

225 1749 500 1815 miserat,
529 1747 822 1821 postulans
852 1753 908 1803 et
948 1747 1288 1804 desiderans
1336 1751 1401 1803 ut
1429 1748 1542 1804 sibi
1592 1749 1877 1805 rescribe-

225 1843 316 1894 ret
357 1838 503 1938 unid
536 1837 614 1892 illi
642 1837 711 1893 de
759 1836 834 1893 iis
861 1836 1186 1937 virginibus
1226 1837 1708 1938 videreturque,
1739 1854 1872 1894 cum
1905 1874 1952 1938 Β

223 1927 408 1984 semel
436 1931 657 1983 statum
687 1943 865 1982 suum
913 1927 1280 1982 continenter
1308 1931 1365 1982 et
1394 1926 1642 1982 ﬁrmiter
1676 1931 1876 1984 tenere

223 2017 642 2083 decrevissent,
667 2016 903 2072 detectae
927 2015 1160 2072 fuerant
1185 2020 1386 2087 postea
1406 2015 1466 2071 in
1497 2016 1700 2072 eodem
1724 2016 1873 2073 lecto

223 2106 437 2177 pariter
475 2103 774 2160 mansisse
804 2121 938 2160 cum
992 2104 1272 2161 masculis
1303 2105 1435 2176 (70).
1484 2105 1735 2161 Sanctus
1765 2107 1871 2178 Cy-

221 2195 458 2268 prianus
477 2195 820 2266 respondet,
841 2195 995 2249 inter
1009 2198 1235 2259 caetera,
1256 2193 1512 2266 virgines
1534 2211 1649 2249 non
1678 2194 1870 2250 solum

218 2300 332 2340 non
365 2283 577 2339 debere
609 2299 747 2338 cum
789 2282 1069 2339 masculis
1099 2282 1375 2346 dormire,
1409 2283 1510 2338 sed
1556 2299 1662 2339 nec
1692 2283 1868 2338 simul

213 2374 422 2428 vivere.
445 2372 608 2436 Quod
636 2372 686 2428 si
708 2389 778 2428 ex
799 2372 913 2428 [ide
944 2388 1006 2427 se
1027 2371 1254 2427 Christo
1285 2371 1648 2436 dicaverunt,
1672 2372 1871 2427 subdit

216 2467 460 2518 sanctus
479 2465 712 2530 Doctor,
739 2482 768 2512 α
794 2460 1006 2533 pudice
1020 2465 1079 2516 et
1100 2464 1257 2516 caste
1280 2461 1407 2517 sine
1428 2460 1546 2516 ulla
1566 2460 1870 2516 fabulatio-

214 2567 281 2607 ne
312 2553 710 2622 perseverent.
745 2550 804 2606 Si
853 2554 1051 2606 autem
1105 2565 1476 2622 perseverare
1507 2549 1734 2616 nolunt,
1779 2549 1868 2605 vel

213 2655 323 2696 non
356 2643 637 2711 possunt,
661 2637 873 2694 melius
904 2642 992 2694 est
1014 2642 1079 2693 ut
1101 2639 1348 2708 nubant,
1375 2654 1552 2709 quam
1580 2638 1638 2693 in
1669 2638 1866 2711 ignem

215 2727 440 2784 delictis
467 2728 596 2783 suis
628 2727 860 2782 cadant.
888 2749 915 2777 »
945 2727 1107 2793 Quod
1139 2727 1376 2798 quidem
1404 2727 1632 2799 egregie
1661 2727 1870 2782 contir-

214 2822 332 2873 mat
360 2822 631 2872 nostram
666 2816 839 2888 paulo
869 2833 1048 2888 supra
1093 2816 1451 2888 propositam
1501 2815 1864 2870 animadver-

215 2904 460 2972 sionem,
482 2909 618 2960 vota
644 2904 868 2961 scilicet
885 2909 1028 2960 tunc
1056 2903 1339 2976 temporis
1370 2920 1485 2959 non
1515 2904 1696 2960 fuisse
1723 2903 1865 2960 adeo

216 2993 502 3062 absoluta,
537 2998 606 3048 ut
633 2993 961 3065 obligarent
988 2993 1165 3048 etiam
1211 2991 1272 3047 in
1303 3009 1443 3048 casu
1473 2992 1862 3048 necessitatis.

215 3086 504 3138 Caeterum
539 3081 724 3138 tradit
754 3082 812 3138 S.
848 3081 1169 3154 Cyprianus
1197 3081 1324 3136 fieri
1354 3098 1470 3137 non
1519 3097 1692 3153 posse
1722 3081 1863 3152 quin

211 3171 477 3228 Christus
507 3171 794 3227 Dominus
823 3193 854 3220 «
890 3171 1180 3226 irascatur
1226 3172 1285 3225 et
1329 3169 1686 3242 indignetur,
1721 3171 1860 3225 dum

1997 590 2254 662 conspici
2286 590 2359 645 ab
2401 591 2586 648 oculis
2615 591 2731 647 illis
2779 593 2903 665 qui,
2935 595 3205 665 despecto
3237 593 3470 659 saeculo,
3503 609 3642 650 con-

1998 679 2296 752 spiciendo
2329 680 2443 736 Deo
2470 681 3024 753 digniexstiterunt:
3059 706 3087 732 «
3120 682 3267 748 Quid
3300 683 3444 739 mihi
3477 687 3643 756 opta.

1997 769 2139 833 tius,
2174 792 2202 818 ››
2235 769 2427 841 inquit
2456 768 2550 824 ille
2579 771 2715 841 ('73),
2755 796 2779 818 η
2811 775 2867 827 et
2892 771 3148 828 laetius...
3185 789 3362 844 quam
3394 777 3460 828 ut
3480 789 3641 829 com-

1996 857 2279 931 plecterer
2334 876 2546 915 manus
2593 859 2723 915 illas
2782 877 3002 931 quaa...,
3052 861 3413 918 Dominicam
3464 863 3641 918 ﬁdem

1995 952 2314 1015 servantes,
2375 947 2658 1020 sacrilega
2706 948 2984 1014 obsequia
3031 949 3426 1022 respuerunt!
3487 951 3640 1016 Quid

1987 1036 2316 1108 jucundius
2337 1042 2394 1092 et
2425 1037 2761 1106 sublimius,
2781 1055 2960 1110 quam
2991 1038 3241 1094 osculari
3260 1057 3360 1095 ora
3387 1040 3490 1096 illa
3510 1056 3639 1114 quas

1992 1125 2246 1199 gloriosa
2273 1141 2410 1182 voce
2461 1127 2772 1182 Dominum
2815 1127 3082 1184 confessa
3112 1128 3302 1182 sunt?
3327 1148 3355 1178 »
3392 1128 3638 1184 Ridendi

1990 1215 2171 1288 igitur
2200 1232 2314 1270 non
2337 1215 2579 1286 erimus,
2605 1216 2656 1271 si
2685 1233 2753 1272 ex
2784 1216 2892 1272 hoc
2922 1218 2980 1274 S.
3004 1216 3272 1290 Cypriani
3303 1217 3637 1273 testimonio

1990 1304 2408 1360 concludamus
2433 1309 2765 1361 sanctorum
2783 1305 3060 1377 reliquias
3074 1322 3202 1362 esse
3225 1305 3632 1361 honorandae:

1989 1410 2148 1461 nam,
2181 1394 2227 1448 si
2261 1409 2464 1449 eorum
2487 1395 2774 1462 membra,
2801 1395 2943 1450 dum
2975 1394 3167 1450 adhuc
3193 1394 3252 1448 in
3284 1393 3425 1449 vivis
3444 1396 3632 1464 erant,

1987 1483 2356 1539 veneratione
2388 1487 2556 1539 erant
2586 1483 2783 1556 digna,
2813 1484 3020 1554 majori
3043 1484 3282 1556 quidem
3314 1483 3488 1554 digna
3512 1499 3640 1538 cen~

1988 1571 2102 1627 seri
2132 1571 2345 1627 debent
2384 1575 2692 1644 postquam
2725 1573 2795 1628 ad
2846 1577 3041 1645 patres
3072 1572 3490 1645 migraverunt,
3523 1571 3637 1627 nisi

1986 1661 2176 1716 dicere
2198 1660 2469 1731 velimus,
2504 1678 2607 1733 per
2635 1661 2949 1734 gloriosam
2980 1679 3182 1718 eorum
3225 1665 3472 1718 mortem
3504 1677 3636 1734 pre-

1985 1747 2166 1804 tiosas
2215 1764 2420 1805 eorum
2469 1749 2743 1821 reliquias
2789 1750 3063 1807 vilescere
3107 1767 3121 1805 :
3174 1755 3233 1806 at
3279 1754 3482 1807 contra
3531 1766 3637 1823 per

1986 1841 2234 1893 mortem
2266 1853 2481 1893 novum
2507 1837 2704 1909 gloriae
2733 1839 2983 1910 gradum
3013 1839 3348 1911 acquirunt.

1982 1984 2004 2034 §
2023 1977 2130 2027 VII.
2143 2005 2201 2014 —
2216 1977 2329 2028 Alia
2347 1978 2641 2041 disciplinae
2662 1983 2859 2042 puncta
2875 1993 2940 2028 ex
2961 1979 3066 2030 divi
3086 1979 3336 2043 Cypriani
3357 1980 3631 2043 operibus.

2055 2103 2168 2158 LII.
2201 2105 2274 2158 De
2304 2104 2584 2159 Reditibus
2635 2105 2891 2161 Ecclesia:
2917 2113 3187 2160 eteorum
3223 2119 3350 2160 usu.
3383 2134 3452 2146 -ι
3481 2105 3632 2162 Suos

1980 2191 2235 2248 Ecclesia
2264 2192 2517 2248 habebat
2546 2209 2758 2249 census
2789 2198 2845 2249 et
2875 2193 3124 2259 reditus,
3150 2209 3297 2264 quos
3327 2192 3387 2248 in
3421 2193 3631 2267 singu-

1977 2280 2066 2336 los
2099 2297 2329 2337 menses
2351 2281 2574 2337 clericis
2596 2282 2987 2338 distribuebat
3006 2283 3076 2338 ad
3100 2299 3300 2338 eorum
3323 2286 3626 2340 sustenta-

1978 2369 2216 2426 tionem.
2227 2369 2674 2426 Distributiones
2689 2370 2811 2426 ista
2827 2386 2899 2442 ap
2905 2369 3627 2443 pellabanturmensumz,

1977 2474 2043 2514 ac
2065 2457 2115 2513 si
2137 2459 2300 2514 dicas
2322 2460 2587 2514 omnium
2611 2459 2905 2515 mensium
2924 2460 3388 2531 distributiones,
3408 2460 3626 2531 quibus

1977 2547 2254 2603 carebant
2283 2547 2322 2602 ii
2371 2547 2561 2603 clerici
2591 2548 2689 2619 qui
2721 2549 2778 2603 in
2829 2547 3065 2619 aliquod
3115 2549 3336 2605 crimen
3368 2548 3627 2621 prolapsi

1975 2640 2161 2702 erant,
2188 2635 2275 2692 vel
2307 2636 2541 2709 proprio
2571 2637 2801 2692 muneri
2831 2637 3158 2706 defuerant,
3183 2639 3269 2693 uti
3301 2637 3526 2694 eruitur
3555 2653 3628 2694 ex

1975 2723 2234 2796 Epistola
2255 2726 2540 2798 vigesima
2561 2730 2782 2794 octava,
2807 2725 2866 2781 in
2899 2743 3018 2798 qua
3048 2726 3128 2782 ita
3151 2726 3412 2799 loquitur
3431 2729 3490 2784 S.
3515 2727 3624 2800 Cy-

1975 2814 2218 2885 prianus
2247 2815 2362 2883 (74)
2397 2833 2409 2869 :
2445 2837 2474 2864 ‹‹
2511 2815 2893 2872 Desiderastis
2921 2817 3174 2888 {quoque
3205 2820 3272 2871 ut
3324 2818 3394 2872 de
3422 2815 3624 2871 Philu-

1975 2917 2143 2958 meno
2173 2906 2231 2958 et
2277 2903 2592 2958 Fortunato
2624 2903 3062 2974 hypodiaconis,
3095 2908 3152 2959 et
3181 2904 3458 2959 Favorino
3490 2919 3624 2958 aco-

1976 2989 2162 3062 lytho,
2195 2990 2296 3061 qui
2330 2990 2521 3045 medio
2551 2995 2810 3062 tempore
2839 2995 3224 3058 recesserunt,
3257 2994 3313 3046 et
3342 3007 3499 3045 nunc
3528 3006 3624 3045 ve-

1978 3081 2212 3143 nerunt,
2238 3077 2379 3148 quid
2411 3077 2556 3132 mihi
2580 3077 2866 3144 videatur,
2891 3077 3282 3134 rescribam...
3303 3077 3539 3134 Interim
3563 3094 3626 3134 se

1974 3183 2008 3221 a
2026 3165 2310 3221 divisione
2332 3169 2896 3221 mensurnatantum
2911 3165 3268 3234 contineant,
3283 3184 3400 3223 non
3417 3166 3580 3238 quasi
3595 3183 3630 3223 a

210 3261 396 3316 cernit
441 3260 728 3332 virginem
773 3275 944 3315 suam
991 3259 1103 3315 sibi
1154 3259 1429 3327 dicatam,
1461 3241 1520 3315 et
1567 3258 1861 3314 sanctitati
1895 3241 1938 3307 C
1977 3254 2303 3311 ministerio
2336 3253 2728 3310 ecclesiastico
2759 3254 2966 3326 privati
3000 3269 3128 3311 esse
3165 3254 3492 3324 videantur,
3526 3256 3628 3311 sed

208 3365 325 3404 sua:
369 3348 731 3405 destinatam
773 3350 970 3421 jacere
1017 3364 1152 3405 cum
1183 3347 1364 3405 altero
1399 3364 1411 3402 :
1447 3370 1475 3397 »
1519 3352 1574 3404 et
1622 3348 1860 3404 tandem

205 3437 414 3494 asserit
434 3438 1042 3493 excommunicatione
1067 3455 1166 3494 eas
1193 3437 1530 3509 plectendas
1559 3452 1707 3505 esse,
1732 3453 1858 3508 quae

204 3527 264 3581 in
294 3527 418 3582 haec
456 3527 708 3584 crimina
755 3526 1163 3598 prolabuntur,
1194 3531 1250 3582 et
1279 3527 1349 3581 ab
1399 3525 1669 3582 Ecclesia:
1699 3542 1858 3581 com-

204 3616 489 3672 munione
542 3615 750 3671 tandiu
811 3615 1094 3672 arcendas
1147 3614 1408 3686 quandiu
1455 3613 1858 3686 paenitentiam

206 3720 324 3759 non
355 3703 613 3771 fecerint,
647 3708 705 3758 et
745 3703 1048 3776 proprium
1096 3704 1317 3758 crimen
1350 3702 1586 3774 publica
1634 3703 1858 3758 confes-

208 3791 375 3849 sione
404 3793 680 3848 omnibus
709 3789 1111 3864 apueruerint.

279 3881 376 3935 LI.
411 3885 497 3936 De
522 3882 775 3952 reliquiis
803 3884 1136 3936 sanctorum.
1169 3909 1237 3920 -—
1267 3879 1581 3934 Novatores
1610 3894 1722 3932 non
1757 3878 1861 3933 mi-

210 3986 322 4026 nus
352 3969 563 4025 acerbe
586 3969 907 4041 insurgunt
939 3973 1141 4023 contra
1189 3968 1412 4023 cultum
1443 3981 1742 4021 sacrarum
1777 3983 1861 4022 re-

208 4057 529 4131 liquiarum
562 4075 576 4113 :
606 4062 667 4114 at
694 4059 756 4114 in
802 4058 912 4114 hac
943 4060 1104 4130 parte
1131 4072 1296 4128 aeque
1344 4056 1728 4111 adversantur
1752 4055 1858 4110 toti

209 4146 567 4219 antiquitati.
577 4149 634 4203 ld
642 4148 769 4219 jam
782 4145 1314 4203 demonstravimus
1326 4144 1383 4199 in
1399 4143 1860 4216 praecedentibus

210 4237 387 4293 tomis
400 4237 515 4308 (71)
529 4237 876 4293 auctoritate
895 4234 1283 4307 quorumdam
1308 4233 1573 4289 Ecclesiae
1595 4232 1856 4288 Patrum:

211 4341 363 4380 nunc
390 4341 527 4381 vero
559 4341 628 4380 ex
653 4325 786 4379 divo
817 4323 1103 4396 Cypriane
1127 4321 1386 4394 idipsum
1417 4321 1855 4377 confirmamus.

207 4412 606 4482 Validissima,
621 4414 839 4484 quibus
853 4427 1152 4468 sacrarum
1173 4410 1553 4482 reliquiarum
1563 4410 1857 4466 veneratio

207 4507 531 4570 meretur,
546 4506 847 4578 momenta
863 4501 1030 4557 nobis
1051 4500 1390 4572 suppeditat
1411 4499 1667 4571 Epistola
1680 4500 1739 4554 S.
1755 4499 1858 4570 Cy-

206 4589 411 4664 priani
463 4592 811 4665 octogesima
839 4589 1033 4663 prima
1070 4590 1204 4661 (72).
1254 4593 1502 4644 Sanctus
1548 4588 1858 4659 episcopus
1889 4609 1935 4674 Ι)

208 4680 380 4737 initio
404 4681 583 4753 hujus
594 4682 633 4737 E
639 4679 862 4754 pistolaa
883 4696 1002 4736 sua
1019 4682 1272 4735 testatur
1287 4677 1722 4733 confessoribus
1739 4678 1861 4748 qui-

207 4769 324 4826 bus
362 4769 623 4842 Epistola
649 4769 756 4824 illa
802 4768 1086 4841 inscripta
1132 4771 1241 4834 est,
1290 4769 1558 4834 testatur,
1591 4765 1857 4838 inquam,

209 4857 474 4916 latitiam
519 4877 633 4932 qua
677 4857 1145 4931 perfunderetur,
1179 4857 1227 4912 si
1273 4857 1508 4928 quando
1557 4853 1860 4926 complecti

203 4953 410 5020 posset
437 4947 540 5004 illa
559 4949 826 5005 membra
857 4961 1203 5018 quaeeorum
1228 4943 1611 5002 confessionis
1640 4943 1860 4999 instru-

205 5041 414 5095 menta
439 5037 718 5109 fuerunt;
752 5037 803 5093 si
833 5034 1086 5093 osculari
1107 5039 1307 5107 posset
1334 5050 1436 5090 ora
1464 5033 1568 5090 illa
1595 5049 1726 5106 quae
1751 5049 1860 5091 no-

269 5270 391 5342 (69)
433 5267 730 5343 Cyprian.,
780 5267 884 5325 lib.
933 5272 997 5325 de
1041 5267 1254 5324 Habitu
1302 5266 1535 5338 Virgin.,
1587 5269 1628 5321 t.
1681 5265 1772 5333 IV,
1808 5282 1857 5320 c.

270 5359 396 5485 ῗτδῇ
428 5412 612 5480 Idem,
644 5411 748 5484 Ep.
783 5428 918 5482 LXII,
955 5414 996 5465 t.
1031 5411 1125 5480 IV,
1147 5411 1253 5466 364
1285 5428 1343 5478 e,
1373 5426 1506 5482 sqq.
1537 5407 1681 5463 Vide
1709 5411 1858 5480 part.

295 5485 454 5539 Hist.
491 5481 769 5539 Theoloz.
802 5483 1018 5539 Critic..
1052 5499 1182 5539 nec.
1215 5483 1321 5537 264
1351 5487 1407 5537 et
1435 5497 1566 5539 sua.

194 5503 253 5542 ιι
295 5485 454 5541 Hist.
485 5485 769 5567 Theolog.
802 5485 1018 5553 Critic.,
1052 5499 1182 5570 pag.
1215 5485 1321 5566 264
1351 5487 1407 5537 et
1435 5497 1566 5553 sqq.

247 5558 391 5629 7(71)
425 5553 576 5610 Vide
603 5556 804 5610 Hister.
837 5553 1119 5629 theologia.
1148 5554 1354 5622 σηίιεη
1378 5557 1525 5625 part.
1562 5568 1622 5622 ιι,
1656 5567 1713 5622 p.
1737 5550 1861 5617 433,

335 5655 350 5698 ς
372 5625 545 5702 Ῥειι-ῒ.
578 5643 680 5702 vn,
709 5642 851 5702 pag,
875 5625 1002 5702 349.

267 5694 731 5777 (7?)'Cyprian.;
749 5694 938 5773 Epist.
987 5712 1136 5766 mi,
1166 5700 1313 5756 tom.
1345 5699 1441 5764 IV,
1474 5712 1524 5753 c.
1559 5694 1662 5752 424
1689 5709 1739 5751 c.
1772 5709 1863 5765 sq.

1972 3348 2038 3399 ut
2065 3343 2312 3415 integris
2341 3343 2618 3399 omnibus
2649 3343 2720 3398 ad
2753 3346 3014 3398 nostram
3055 3344 3427 3414 prasentiam
3461 3344 3625 3399 ditl'e-

1971 3436 2194 3488 rantur.
2220 3455 2246 3480 »
2265 3431 2455 3486 Altera
2476 3431 2686 3486 horum
2704 3431 3001 3485 redituum
3021 3447 3158 3502 pars
3179 3431 3627 3504 impendebatur

1970 3519 2031 3575 in
2062 3536 2388 3592 pauperum
2433 3519 2870 3591 eleemosynas;
2904 3519 3192 3589 siquidem
3215 3535 3284 3576 ea
3303 3523 3468 3576 etate
3497 3523 3626 3576 tum

1969 3623 2257 3680 pauperes
2284 3607 2620 3663 enutriebat
2669 3605 2948 3672 Ecclesia,
2980 3608 3305 3678 praesertim
3335 3625 3435 3665 eos
3466 3631 3496 3659 ‹‹
3530 3608 3631 3681 qui

1970 3696 2030 3751 in
2061 3697 2176 3752 ﬁde
2205 3700 2427 3752 stantes
2454 3699 2511 3751 et
2541 3695 2772 3751 fortiter
2801 3695 3146 3762 militantes,
3180 3700 3373 3752 castra
3415 3696 3632 3754 Christi

1970 3802 2085 3841 non
2113 3785 2475 3856 reliquerunt
2505 3785 2612 3855 (75)
2641 3802 2656 3852 ;
2689 3807 2717 3833 »
2748 3788 2875 3839 tum
2909 3785 3157 3840 miseros
3177 3785 3430 3841 artiﬁces
3455 3787 3630 3856 juva-

1972 3874 2090 3945 bat,
2105 3873 2304 3945 aliqua
2336 3873 2865 3939 subministrando,
2881 3878 2946 3928 ut
2966 3873 3264 3945 propriam
3287 3878 3466 3930 artem
3491 3891 3625 3946 pos-

1971 3967 2102 4019 sent
2129 3978 2410 4018 exercere.
2445 3966 2607 4018 Hanc
2639 3961 2906 4018 Ecclesiae
2935 3961 3279 4018 charitatem
3310 3977 3448 4034 erga
3477 3978 3620 4033 pau-

1970 4067 2137 4123 peres
2169 4052 2314 4107 satis
2342 4056 2540 4124 aperte
2572 4049 2836 4106 insinuat
2865 4049 3124 4121 Epistula
3153 4051 3212 4106 S.
3245 4050 3516 4122 Cypriani
3547 4050 3620 4106 ad

1969 4140 2372 4208 Euchratium,
2405 4139 2464 4194 in
2500 4156 2616 4211 qua
2648 4155 2978 4195 sermonem
3008 4138 3233 4195 habens
3263 4140 3334 4195 de
3365 4139 3620 4211 quodam

1973 4229 2276 4297 histrione,
2299 4245 2471 4300 quem
2499 4229 2573 4284 ab
2594 4228 2798 4284 infami
2822 4227 2923 4283 illa
2943 4233 3064 4284 arte
3081 4244 3348 4284 revocare
3369 4227 3618 4294 volebat,

1968 4317 2163 4390 inquit
2179 4318 2292 4390 (76)
2317 4335 2330 4372 :
2359 4340 2388 4368 «
2410 4318 2570 4381 Quod
2592 4317 2640 4372 si
2659 4315 2793 4371 talis
2811 4316 3116 4388 penuriam
3137 4320 3192 4371 et
3209 4303 3620 4370 necessitatem

1968 4405 2330 4479 paupertatis
2343 4405 2987 4478 obtendit,potestinter
3005 4408 3241 4459 caeteros
3261 4403 3361 4474 qui
3378 4401 3623 4457 alimen-

1969 4497 2045 4551 tis
2076 4494 2342 4551 Ecclesiae
2388 4493 2775 4559 sustinentur,
2807 4493 2988 4562 hujus
3017 4507 3247 4563 quoque
3297 4490 3621 4548 necessitas

1969 4584 2254 4655 adjuvari.
2282 4605 2309 4631 »
2337 4583 2551 4638 Verum
2575 4581 2952 4652 eleemosynae
2982 4579 3098 4635 illas
3122 4580 3432 4636 moderatae
3455 4584 3623 4636 erant

1967 4678 2026 4729 et
2058 4671 2477 4742 frugalioribus
2497 4670 2642 4726 cibis
2665 4668 2921 4724 contenti
2939 4684 3068 4724 esse
3089 4669 3380 4726 debebant
3400 4686 3620 4742 paupe-

1969 4777 2084 4830 res,
2108 4767 2174 4815 ut
2204 4760 2362 4814 idem
2393 4762 2634 4814 sanctus
2663 4758 2864 4812 doctor
2888 4757 3107 4814 ibidem
3138 4757 3318 4813 tradit
3350 4775 3363 4812 :
3399 4781 3426 4807 «
3451 4757 3511 4814 Si
3532 4761 3618 4814 ta-

1970 4867 2103 4906 men
2135 4852 2445 4906 contentus
2475 4848 2571 4916 sit,
2607 4870 2634 4896 »
2667 4846 2860 4918 inquit
2889 4845 2987 4902 ille
3013 4847 3216 4902 eodem
3243 4847 3314 4902 de
3333 4846 3618 4903 histrione

1968 4939 2237 5011 loquens,
2268 4961 2298 4987 «
2332 4936 2770 5010 frugalioribus,
2802 4936 2904 4992 sed
2934 4935 3346 4992 innocentibus
3394 4934 3558 4990 cibis.
3591 4956 3612 4984 ν

1969 5029 2135 5096 Quod
2157 5035 2353 5084 autem
2376 5040 2664 5099 pauperes
2687 5024 2937 5081 artiﬁces
2952 5023 3174 5094 juvarit
3192 5022 3469 5091 Ecclesia,
3483 5037 3616 5093 pro-

1970 5261 2110 5319 Vide
2141 5263 2293 5326 part.
2321 5276 2378 5314 χι
2409 5258 2546 5314 Hist.
2580 5255 2744 5311 theol.
2776 5255 2977 5319 entia,
3008 5267 3141 5326 pag.
3171 5251 3297 5319 268,
3329 5266 3495 5324 seqq.

2041 5277 2110 5317 ue
2183 5277 2293 5316 art.
2321 5277 2378 5314 χι
2409 5277 2546 5314 mu.
2573 5277 2634 5339 .m

2041 5277 2364 5404 (73fldem,
2398 5329 2636 5404 loc._c1t.

2043 5393 2156 5475 (74)
2189 5393 2610 5475 Cyprian.,E_p.
2643 5400 2993 5464 xxvm,tom.
3030 5393 3120 5462 IV,
3140 5410 3190 5448 o.
3223 5394 3322 5449 301
3353 5411 3407 5450 Β.
3431 5393 3616 5464 Conf.,

1972 5471 2075 5548 Ep'.
2107 5471 2300 5548 καίν’,
2332 5472 2460 5548 cc-l_l.
2496 5471 2621 5534 3‘30,
2655 5486 2776 5540 seq.

2043 5548 2158 5618 (75)
2190 5535 2368 5610 Idem,
2403 5545 2505 5618 Ep.
2537 5535 2755 5618 XXXVII;
2783 5543 2936 5618 tom;
2958 5537 3053 5606 IX,
3076 5535 3194 5618 391.
3217 5536 3324 5590 329
3353 5554 3402 5593 Α.

2045 5548 2137 5618 (75
2190 5548 2368 5610 Idem,
2403 5548 2505 5614 Ep.
2537 5558 2750 5606 xxxvn,
2783 5548 2925 5593 tom.
2960 5548 3053 5606 lx,
3087 5548 3194 5591 cel.
3217 5548 3324 5590 329
3353 5554 3376 5592 Δ

2045 5548 2159 5693 (76;
2193 5618 2373 5686 Idem,
2405 5615 2508 5687 Ep.
2543 5630 2655 5684 LXI,
2687 5617 2828 5667 tom.
2865 5610 2958 5676 IV,
2989 5625 3040 5665 ο.
3074 5610 3200 5679 363,
3231 5627 3286 5679 Α,
3320 5624 3376 5664 D.
