4064 6196
433 385 584 437 XLIII

1904 365 2323 434 PREFA'I‘IO

3701 386 3821 440 Χιιν

441 508 612 566 batur
639 506 985 568 auctoritate
1012 508 1276 583 ejusdem
1309 502 1496 566 sancti
1529 502 1808 582 episcopi,
1830 504 1931 579 qui
1952 504 2082 579 Epi-
2109 507 2163 574 Α
2194 503 2458 563 Ecclesiae
2488 500 2794 577 reditibus,
2827 507 2954 563 tum
2986 503 3060 565 iis
3092 521 3218 580 quae
3248 508 3322 565 ad
3370 504 3509 567 cleri
3541 510 3818 568 sustenta-

437 598 590 656 stola
608 616 724 667 xu,
745 599 829 656 sic
853 617 951 657 eos
968 599 1283 671 alloquitur
1298 600 1371 655 ad
1394 615 1541 671 quos
1564 597 1817 672 Epistola
1837 596 1938 652 illa
1954 613 2086 652 con-

440 687 657 761 scripta
685 693 774 745 est
792 690 907 761 (77)
931 706 943 745 :
975 708 997 737 ι
1030 689 1147 759 Ego
1175 706 1278 744 vos
1309 706 1412 760 pro
1444 704 1537 744 me
1565 687 1814 743 vicarios
1837 686 1997 756 misi,
2020 689 2088 740 ut

440 778 845 850 expungeretis
875 777 1254 833 necessitates
1276 779 1521 833 fratrum
1556 781 1888 833 nostrorum
1922 791 2085 831 sum-

439 866 670 938 ptibus;
696 866 745 921 si
770 865 869 936 qui
892 865 1067 920 etiam
1092 864 1304 921 vellent
1324 883 1462 921 suas
1495 870 1647 921 artes
1669 882 1953 933 exercere,
1979 865 2085 919 ad-

441 954 784 1022 ditamenta,
811 958 1093 1026 quantum
1117 955 1259 1010 satis
1284 960 1458 1023 esset,
1474 954 1762 1011 desideria
1782 971 1979 1010 eorum
1996 954 2088 1024 ju-

441 1043 671 1100 varetis.
702 1064 730 1092 ››
761 1044 978 1098 Idcirco
1010 1045 1201 1113 corba,
1226 1044 1285 1098 id
1316 1048 1405 1099 est
1434 1043 1675 1116 capsula
1704 1042 2088 1114 eleemosynis

444 1131 807 1205 excipiendis
840 1133 898 1187 in
929 1132 1164 1204 templis
1197 1133 1521 1204 ponebatur
1546 1134 1678 1204 (78).
1714 1132 1956 1198 Fideles,
1979 1131 2088 1186 etsi

440 1237 748 1293 pauperes,
782 1243 809 1270 «
844 1220 1150 1276 materiam
1198 1238 1300 1293 pro
1332 1221 1638 1291 sacriﬁcio,
1673 1244 1697 1269 ›ι
1750 1220 2088 1292 suppedita-

442 1309 585 1365 bant
612 1309 726 1381 (79)
753 1327 767 1377 ;
800 1332 827 1359 «
860 1310 1127 1365 Decimae
1162 1333 1190 1359 »
1222 1311 1398 1366 etiam
1429 1310 1731 1367 solvebant
1760 1310 1891 1381 (80).

516 1398 656 1454 LIII.
680 1400 756 1454 De
778 1398 924 1453 Cura
944 1401 1315 1471 inﬁrmorum.
1332 1431 1395 1440 —
1412 1402 1564 1455 Inter
1577 1399 1878 1455 ministros
1899 1397 2089 1452 Eccle-

441 1486 542 1544 sia
564 1491 729 1543 erant
754 1487 969 1558 quibus
985 1505 1125 1544 cura
1153 1490 1505 1544 demandata
1522 1492 1647 1544 erat
1661 1486 1957 1543 deferendi
1979 1488 2089 1541 Eu-

442 1576 778 1633 charistiam
810 1577 1167 1649 pauperibus
1197 1581 1254 1634 et
1283 1578 1556 1647 infirmis,
1580 1581 1638 1632 et
1658 1577 1919 1649 tingendi
1942 1578 2091 1629 cate-

441 1664 766 1721 chumenos
786 1666 857 1721 ad
881 1671 1129 1722 mortem
1151 1670 1518 1739 aegrotantes.
1536 1666 1703 1721 «Alia
1720 1682 1845 1737 quae
1864 1665 2090 1719 incum-

442 1754 592 1810 bunt
616 1753 802 1819 vobis,
836 1776 864 1804 »
901 1754 1105 1810 scribit
1135 1755 1326 1811 clerus
1358 1756 1657 1810 Romanus
1686 1755 1821 1825 (81),
1867 1775 1894 1802 ‹‹
1916 1750 2092 1808 etiam

446 1841 576 1913 ipsa
608 1842 981 1897 subdidimus
1007 1859 1020 1910 ;
1058 1847 1122 1897 ut
1142 1842 1192 1898 si
1221 1842 1322 1914 qui
1344 1842 1405 1897 in
1436 1843 1586 1898 hanc
1607 1842 1987 1899 tentationem
2010 1840 2094 1893 in-

445 1930 732 1998 ciderunt,
754 1931 1033 2003 coeperint
1061 1932 1416 2004 apprehendi
1447 1932 1812 2001 infirmitate,
1834 1934 1890 1986 et
1919 1932 2096 2002 agant

444 2019 847 2092 paenitentiam
870 2019 1006 2075 facti
1024 2020 1136 2092 sui,
1160 2024 1216 2075 et
1237 2020 1568 2076 desiderent
1592 2020 2094 2086 communionem,

448 2108 653 2180 utique
687 2109 987 2165 subveniri
1036 2110 1120 2166 eis
1151 2110 1323 2166 debet
1356 2128 1369 2166 :
1399 2111 1518 2166 sive
1562 2111 1772 2179 viduae,
1806 2111 1924 2167 sive
1952 2108 2094 2163 thli-

447 2197 708 2266 bomeni,
743 2198 841 2270 qui
878 2215 939 2254 se
970 2198 1243 2255 exhibere
1290 2216 1404 2255 non
1455 2204 1724 2272 possunt,
1757 2200 1875 2256 sive
1906 2199 1963 2254 hi
1993 2197 2094 2269 qui

447 2286 510 2343 in
540 2286 871 2343 carceribus
901 2292 1061 2355 sunt,
1092 2288 1212 2344 sive
1240 2288 1460 2345 exclusi
1488 2306 1521 2344 a
1540 2290 1782 2345 sedibus
1814 2289 1959 2353 suis,
1988 2287 2097 2341 uti-

449 2391 564 2449 que
591 2374 807 2431 habere
837 2376 1071 2447 debent,
1094 2378 1191 2447 qui
1223 2377 1306 2433 eis
1338 2378 1696 2434 ministrent.
1718 2379 1824 2433 Sed
1857 2382 1914 2433 et
1944 2380 2095 2432 cate-

450 2463 727 2520 chumeni
758 2465 1107 2537 apprehensi
1131 2454 1191 2521 in
1222 2466 1562 2522 inﬁrmitate
1584 2466 1807 2539 decepti
1830 2482 1959 2522 esse
1980 2483 2096 2521 non

447 2553 765 2621 debebunt,
799 2557 867 2609 ut
896 2554 979 2610 eis
1008 2555 1412 2611 subveniatur.
1444 2578 1472 2604 »

521 2641 662 2697 LIV.
703 2643 996 2715 Sportula.
1048 2648 1263 2700 Prater
1312 2644 1583 2717 superius
1630 2644 1949 2701 recensitas
1997 2660 2096 2699 cu-

441 2731 663 2803 jusque
680 2732 901 2788 mensis
914 2732 1515 2804 distributiones,aliae
1528 2733 1771 2805 insuper
1789 2738 1955 2789 erant
1971 2750 2096 2805 quae

445 2821 807 2878 vocabantur
831 2823 1116 2893 sportulae,
1148 2826 1206 2877 et
1236 2822 1335 2894 qui
1366 2839 1566 2878 eorum
1600 2822 1913 2894 participes
1936 2826 2102 2877 erant

450 2909 670 2977 clerici,
715 2912 1084 2982 sportulantes
1133 2911 1599 2983 appellabantur.
1669 2912 1809 2968 Vide
1857 2928 1981 2983 quae
2029 2911 2101 2967 de

449 2997 612 3055 hisce
642 2999 818 3054 habet
846 2999 1019 3055 divus
1039 3000 1360 3072 Cyprianus
1392 3001 1451 3055 in
1482 3018 1592 3057 sua
1611 3000 1870 3073 Epistola
1889 3002 1959 3057 ad
1983 2999 2102 3055 cle-

450 3090 579 3143 tum
604 3087 987 3143 Furnensem.
1018 3087 1238 3143 Verum
1271 3088 1437 3144 fateri
1464 3089 1747 3145 debemus
1779 3090 1837 3145 S.
1871 3087 2102 3161 Cypria-

2194 594 2414 651 tionem
2444 595 2693 666 quilibet
2721 595 2909 652 fidelis
2939 596 3305 654 contribuere
3336 599 3664 656 tenebatur.

2267 683 2378 737 LV.
2412 685 2567 740 Horae
2595 687 2907 742 canonicee.
2930 717 2998 725 -—
3028 686 3241 742 Praeter
3268 691 3387 743 tres
3417 687 3533 745 diei
3559 689 3733 745 horas
3760 691 3822 747 ad

2196 771 2489 844 publicam
2523 790 2753 845 precem
2786 775 3141 846 designatas,
3170 776 3401 832 tertiam
3432 777 3677 847 scilicet,
3709 796 3823 836 sex-

2194 866 2315 917 tam
2333 865 2390 916 et
2406 879 2642 925 nonam,
2668 864 2724 917 S.
2750 863 3074 935 Cyprianus
3097 870 3386 921 memorat
3410 866 3626 938 pariter
3655 872 3826 925 matu-

2196 950 2408 1015 tinum,
2441 951 2708 1021 inquiens
2732 953 2847 1023 (82)
2876 970 3047 1009 mane
3074 955 3385 1022 orandum,
3410 960 3475 1010 ut
3494 958 3826 1013 resurrectio

2196 1039 2428 1094 Domini
2451 1038 2741 1095 matutina
2762 1042 3025 1097 oratione
3036 1042 3376 1097 celebretur.
3394 1044 3673 1116 Loquitur
3688 1046 3825 1116 pari-

2197 1133 2286 1183 ter
2301 1130 2373 1184 de
2397 1128 2511 1184 alia
2522 1128 2782 1184 oratione
2799 1130 2869 1183 ad
2892 1130 3005 1185 diei
3032 1130 3205 1187 ﬁnem
3231 1132 3381 1186 facta
3404 1150 3417 1187 :
3441 1134 3592 1203 quod
3604 1133 3827 1205 quidem

2197 1217 2256 1273 in
2287 1233 2415 1273 eam
2449 1234 2676 1290 precem
2700 1218 2906 1273 recidit
2934 1235 3109 1290 quam
3134 1224 3422 1291 Vesperas
3451 1221 3825 1293 appellamus.

2199 1308 2444 1379 Insuper
2490 1309 2693 1379 ignoro
2742 1325 2814 1363 an
2868 1309 2939 1363 de
2968 1308 3180 1381 vigiliis
3227 1309 3595 1380 interpretari
3645 1317 3833 1382 posset

2199 1398 2354 1469 quod
2386 1397 2790 1453 habetibidem
2822 1400 3062 1454 sanctus
3088 1399 3297 1454 Doctor
3324 1403 3381 1455 et
3400 1400 3605 1455 scribit
3623 1401 3694 1456 de
3714 1418 3832 1471 pre-

2200 1486 2367 1541 cibus
2399 1486 2698 1542 nocturnis
2728 1488 2861 1557 (83).
2889 1486 3110 1553 Quibus
3142 1504 3283 1544 sane
3304 1488 3534 1559 positis,
3558 1489 3835 1547 habemus

2200 1592 2403 1630 omnes
2434 1575 2608 1631 horas
2657 1576 2987 1646 canonicas,
3020 1576 3070 1631 si
3100 1578 3349 1648 primam
3401 1582 3457 1632 et
3486 1578 3835 1650 contemple-

2200 1664 2418 1719 torium
2449 1663 2723 1735 excipias.
2758 1669 2974 1719 Praeter
3016 1664 3122 1721 has
3172 1664 3435 1737 publicas
3466 1682 3687 1738 preces,
3719 1667 3837 1723 alia:

2202 1756 2367 1807 erant
2395 1768 2523 1823 qua:
2556 1753 2613 1807 in
2645 1752 3006 1824 privatorum
3052 1754 3279 1809 aedibus
3328 1754 3565 1824 ﬁebant,
3599 1754 3685 1809 uti
3722 1760 3839 1811 erat

2203 1842 2385 1897 oratio
2417 1844 2549 1897 ante
2580 1841 2799 1910 cibum,
2832 1843 3003 1913 cujus
3034 1843 3305 1898 meminit
3344 1844 3399 1897 S.
3432 1842 3754 1914 Cyprianus
3780 1843 3839 1899 in

2204 1947 2310 1987 suo
2339 1933 2588 1986 tractatu
2631 1931 2702 1986 ad
2751 1932 3066 1987 Dominum
3100 1932 3234 2004 (84),
3266 1936 3326 1987 et
3354 1948 3533 2003 quam
3584 1932 3843 2003 perhibet

2202 2021 2357 2076 idem
2389 2024 2627 2075 sanctus
2656 2021 2857 2077 doctor
2884 2020 3061 2076 veluti
3090 2021 3578 2078 consuetudinem
3608 2036 3714 2077 suo
3730 2038 3842 2078 avo

2197 2109 2323 2179 jam
2352 2109 2818 2165 vetustissimam
2831 2151 2843 2165 .

2276 2198 2411 2252 LVI.
2444 2198 2517 2253 De
2546 2199 2848 2255 visionibus
2895 2199 3161 2269 ﬁdelium.
3192 2230 3261 2239 —-
3310 2200 3387 2254 Ex
3417 2198 3687 2271 pluribus
3717 2214 3846 2271 ope-

2204 2303 2337 2342 rum
2369 2288 2427 2342 S.
2461 2288 2730 2359 Cypriani
2776 2287 2917 2344 locis
2948 2293 3190 2360 apparet
3236 2289 3566 2355 manifeste,
3595 2304 3714 2344 aevo
3744 2305 3847 2344 suo

2207 2396 2235 2425 ‹‹
2265 2374 2519 2432 visiones
2549 2376 2766 2432 multas
2795 2381 2853 2432 et
2882 2377 3224 2433 manifestas
3254 2378 3437 2433 factas
3475 2393 3603 2432 esse
3632 2378 3764 2448 (85).
3792 2381 3852 2433 et

2204 2464 2380 2520 etiam
2402 2481 2717 2537 puerorum
2734 2464 3014 2522 innocens
3036 2470 3176 2522 astas
3204 2466 3265 2521 in
3291 2466 3506 2522 exstasi
3536 2465 3694 2522 videt
3714 2482 3848 2522 ocu-

2206 2551 2301 2619 lis,
2335 2557 2392 2608 et
2437 2554 2621 2620 audit,
2656 2557 2713 2609 et
2760 2552 3021 2625 loquitur
3050 2571 3118 2609 ea
3168 2554 3385 2626 quibus
3415 2571 3522 2610 nos
3571 2554 3848 2610 Dominus

2208 2657 2443 2697 monere
2472 2646 2530 2697 et
2576 2641 2867 2698 instruere
2897 2643 3175 2716 dignatur
3208 2645 3341 2715 (86).
3371 2662 3399 2695 ο
3438 2642 3572 2700 Illos
3602 2660 3735 2700 vero
3764 2659 3855 2699 re-

2208 2730 2513 2801 prehendit
2545 2731 2761 2801 quibus
2792 2747 2860 2786 ea
2902 2754 2922 2780 σ
2958 2731 3190 2788 somnia
3220 2731 3469 2789 ridicula
3516 2736 3573 2788 et
3600 2732 3858 2789 visiones

2209 2818 2417 2890 ineptas
2446 2819 2795 2875 videbantur
2823 2822 2958 2892 (89).
2994 2842 3022 2870 ››

2281 2908 2599 2964 Observare
2639 2909 2856 2981 pariter
2901 2926 3221 2982 possumus
3269 2928 3339 2968 ex
3365 2912 3496 2967 divo
3548 2911 3861 2983 Cypriano,

2211 2994 2348 3051 olim
2378 2996 2575 3068 nigras
2622 3002 2811 3054 vestes
2860 3002 3121 3070 tempore
3170 2999 3365 3056 luctus
3394 3000 3454 3055 in
3503 3017 3616 3056 usu
3652 3000 3860 3055 fuisse.

2212 3084 2427 3141 Scribit
2455 3085 2612 3141 enim
2640 3086 2700 3141 in
2732 3090 2985 3143 tractatu
3020 3089 3092 3143 de
3124 3088 3587 3160 Mortalite(88),«
3610 3088 3867 3145 Defunc-

452 3192 597 3231 num
628 3175 788 3231 haud
818 3176 1123 3247 perspicue
1148 3182 1403 3234 mentem
1433 3195 1601 3233 suam
1624 3177 1924 3249 aperuisse
1950 3178 2105 3233 circa
2150 3246 2174 3249 μ
2212 3178 2302 3230 tos
2352 3174 2691 3244 desiderari,
2726 3192 2841 3231 non
2894 3175 3088 3249 plangi
3137 3178 3367 3244 debere,
3416 3193 3521 3233 nec
3570 3177 3864 3247 accipien-

455 3264 630 3320 hasce
679 3246 974 3337 sportulas
1004 3283 1018 3333 ;
1060 3282 1283 3322 necnon
1332 3270 1600 3323 auctores
1628 3246 1730 3338 qui
1760 3267 1831 3322 de
1878 3266 1995 3321 illis
2026 3265 2104 3320 lo-
2134 3246 2177 3315 C
2216 3263 2322 3318 das
2350 3279 2479 3319 esse
2510 3263 2603 3319 hic
2634 3268 2789 3320 atras
2818 3246 3286 3336 vestesiquando
3314 3266 3399 3321 illi
3429 3266 3489 3321 in
3512 3265 3654 3322 coelo
3684 3246 3866 3321 indu-

454 3357 737 3426 quuntur,
763 3369 877 3410 non
908 3353 1051 3410 satis
1083 3359 1280 3426 aperte
1302 3356 1527 3427 seipsos
1548 3355 1857 3428 explicare,
1883 3360 1947 3410 ut
1968 3371 2102 3427 pos-

453 3442 644 3498 simus
672 3442 808 3498 inde
839 3441 1062 3514 aliquid
1094 3444 1235 3498 certi
1265 3444 1374 3500 hac
1404 3444 1465 3498 in
1497 3460 1559 3499 re
1604 3443 1867 3499 definire.
1897 3443 2105 3499 Censet

454 3530 746 3603 Rigaltius
760 3554 787 3581 «
801 3530 1002 3587 haberi
1017 3531 1077 3587 in
1098 3532 1319 3588 honore
1332 3531 1809 3604 sportulantium,
1827 3554 1855 3581 »
1871 3532 1954 3587 uti
1966 3532 2106 3589 scri-

454 3619 613 3675 bitS.
628 3618 1137 3691 Cyprianus,idem
1160 3637 1289 3677 esse
1311 3638 1375 3676 ac
1398 3621 1744 3693 participem
1763 3621 1887 3675 ﬁeri
1904 3622 2105 3691 cujus-

454 3708 593 3764 dam
615 3707 927 3779 peculiaris
952 3709 1407 3776 distributionis,
1433 3726 1561 3781 quae
1594 3709 1821 3765 diversa
1849 3713 2005 3765 esset
2033 3710 2105 3764 ab

454 3795 557 3853 illa
572 3812 701 3867 quae
720 3796 1047 3869 appellatur
1060 3799 1131 3854 ab
1154 3800 1357 3854 eodem
1380 3802 1583 3854 sancto
1605 3798 1840 3853 doctore
1859 3817 1881 3847 ι
1901 3797 2106 3854 divisio

457 3900 797 3952 mensurna,
814 3908 842 3936 ››
858 3903 988 3958 quae
1000 3891 1125 3943 erat
1147 3887 1483 3944 distributio
1506 3887 1822 3961 generalis;
1848 3906 1955 3944 nos
1973 3906 2107 3945 vero

456 3973 847 4032 libentissime
869 3976 1275 4048 adjungimus,
1308 3977 1684 4049 pauperiores
1738 3977 2107 4034 solummodo

457 4063 699 4121 clericos
719 4064 898 4135 hujus
930 4065 1244 4136 peculiaris
1268 4065 1700 4122 distributionis
1721 4067 1902 4122 fuisse
1923 4068 2108 4138 parti-

458 4151 635 4224 cipes,
671 4170 848 4225 quam
880 4154 1270 4209 eti‘ormabant
1298 4153 1411 4209 illae
1436 4154 1695 4210 ﬁdelium
1729 4154 2106 4229 eleemosynae

457 4257 586 4313 quas
620 4242 680 4297 in
712 4242 863 4299 arcis
915 4242 1366 4313 reponebantur.
1399 4247 1557 4298 Arce;
1587 4243 1710 4298 istae
1760 4260 1893 4300 cum
1924 4245 2111 4302 instar

456 4330 769 4401 cujusdam
802 4328 1015 4385 calathi
1045 4334 1260 4401 essent,
1283 4331 1646 4387 vocabantur
1683 4354 1709 4386 α
1730 4333 2007 4404 sportulae
2038 4350 2051 4387 :
2080 4356 2108 4383 »

456 4418 613 4474 unde
635 4417 1080 4490 «sportulantes
1098 4441 1124 4468 »
1146 4418 1285 4475 dicti
1310 4420 1406 4492 qui
1440 4421 1512 4475 ab
1543 4420 1702 4477 hisce
1723 4422 2109 4495 eleemosynis

458 4505 753 4562 habebant
784 4506 940 4562 unde
972 4506 1030 4561 in
1062 4512 1223 4578 parte
1250 4508 1600 4565 victitarent.
1634 4510 1854 4581 Opinor
1891 4517 2107 4582 autem,

2215 3355 2413 3408 menta
2442 3350 2576 3407 alba
2595 3353 2722 3423 jam
2753 3358 3155 3424 sumpserunt.
3190 3375 3218 3402 »

2763 3496 3167 3553 ARTICULUS
3204 3496 3301 3550 IV.

2739 3601 2988 3641 ANNALES
3027 3602 3341 3640 LITTERABII

2372 3695 2397 3749 §
2425 3692 2464 3740 l.
2496 3717 2553 3727 —
2583 3692 2845 3742 Litterarii
2878 3692 3149 3741 minorum
3178 3694 3393 3742 Patrum
3424 3691 3682 3742 Annales.

2864 3788 3095 3828 δεσυιο
3134 3790 3211 3827 IX.

2755 3862 2915 3918 Circa
2942 3877 3155 3915 annum
3181 3861 3305 3917 850.

2289 3977 2479 4031 Coosx
2511 3991 2725 4031 umcus
2755 3976 3432 4033 Anuosxo-Mmucrmus.
3464 4000 3493 4028 «
3516 3977 3709 4035 Codex
3734 3981 3884 4033 tan-

2217 4066 2523 4120 tummodo
2574 4065 2785 4121 unicus
2833 4065 3119 4121 hactenus
3170 4070 3433 4138 repertus
3474 4070 3584 4135 est,
3633 4083 3703 4123 ex
3750 4083 3885 4137 quo

2219 4153 2477 4225 primum
2500 4155 2535 4209 ﬂ
2548 4153 2667 4209 uxit
2684 4158 2741 4209 et
2762 4153 3335 4227 iterum,iterumque
3348 4155 3642 4211 Arnobius
3662 4170 3891 4211 emen-

2219 4243 2392 4298 datus
2429 4247 2538 4310 est,
2572 4242 2671 4314 qui
2698 4245 2823 4314 jam
2854 4243 2913 4298 in
2964 4243 3314 4300 bibliotheca
3362 4244 3524 4317 regia
3550 4244 3893 4300 Parisiensi

2220 4335 2427 4388 exstat.
2461 4332 2797 4400 Optandum
2827 4348 2961 4389 vero
2992 4338 3166 4403 esset,
3189 4336 3254 4388 ut
3273 4333 3481 4389 doctus
3513 4333 3751 4404 aliquis,
3777 4334 3895 4388 cui

2221 4420 2415 4477 aditus
2438 4422 2509 4475 ad
2536 4421 2797 4477 codicem
2812 4421 2968 4476 hunc
2988 4422 3215 4493 regium
3238 4426 3415 4494 patet,
3439 4438 3572 4478 eum
3594 4425 3897 4478 accurate

2220 4510 2592 4576 describeret,
2609 4525 2724 4580 quo
2744 4508 2954 4565 saeculo
2977 4509 3231 4581 scriptus
3252 4527 3382 4567 esse
3402 4510 3668 4566 videatur
3687 4511 3895 4566 ratio-

455 4602 694 4666 pr0pter
724 4593 1077 4666 peculiarem
1111 4596 1259 4651 hanc
1309 4596 1783 4654 distributionem
1825 4616 2110 4672 pauperes
2142 4616 2189 4679 Ι)
2221 4598 2592 4668 nibusjustis
2610 4597 2907 4668 probaret;
2932 4598 2989 4652 in
3004 4598 3357 4668 primisvero
3379 4599 3705 4655 numfmdis
3723 4599 3897 4656 adeo

458 4681 702 4738 clericos
751 4699 1123 4754 nequaquam
1152 4685 1396 4756 rejectos
1427 4686 1610 4743 fuisse
1643 4705 1676 4742 a
1706 4688 1964 4761 generali
2013 4706 2109 4744 cu-

452 4771 674 4843 jusque
716 4771 940 4827 mensis
989 4772 1425 4843 distributione,
1460 4792 1585 4845 quae
1635 4777 1941 4833 constabat
1982 4782 2109 4833 tum

555 4914 646 4985 77)
679 4913 863 4982 Idem,
893 4915 995 4985 Ep.
1030 4931 1266 4983 xxxvm,
1300 4921 1441 4973 tom.
1478 4918 1569 4984 IV,
1603 4936 1652 4975 c.
1685 4920 1790 4973 350
1814 4939 1869 4974 Α.

566 4933 646 4985 ιι)
679 4933 863 4982 ιαθω,
893 4933 934 4969 1:.
983 4956 995 4969 .
1030 4933 1266 4983 xxxvm,
1300 4933 1441 4973 tom.
1478 4933 1569 4984 1v,
1603 4936 1652 4975 c.
1685 4933 1790 4973 ὅου
1814 4939 1869 4974 Α.

681 4986 859 5068 Idem,
894 4933 1092 5068 de
1123 4986 1219 5059 0p.
1242 4996 1297 5043 et
1325 4990 1548 5057 Eleem.,
1572 4995 1716 5046 tom.
1748 4993 1840 5061 IV,
1864 5008 1913 5045 c.
1937 4993 2107 5047 612B.

555 5057 647 5128 79)
682 5057 864 5124 Idem,
884 5057 1038 5128 ibid.

551 5128 644 5266 80)
672 5128 853 5195 Idem,
879 5127 980 5184 lib.
1015 5130 1080 5185 de
1114 5132 1261 5187 Um't.
1294 5132 1461 5196 Eccl.,
1497 5136 1638 5185 tom.
1672 5131 1768 5201 IV,
1801 5149 1851 5186 c.
1891 5133 2016 5200 518,
2053 5152 2108 5189 13.

552 5201 616 5254 81
673 5199 819 5254 Cler.
854 5201 1017 5257 Rom.
1053 5203 1207 5266 apud
1262 5202 1553 5266 Cyprian.,
1587 5204 1687 5266 Ep.
1739 5221 1802 5266 ιι,
1836 5211 1975 5258 tom.
2016 5206 2108 5266 IV.

673 5199 819 5254 Cler.
854 5201 1017 5257 Rom.
1053 5203 1207 5274 apud
1262 5202 1553 5273 Cyprian.,
1587 5204 1687 5272 Ep.
1739 5199 1802 5272 i1,
1836 5211 1975 5258 tom.
2005 5199 2111 5275 71V,

676 5290 731 5325 Α.
763 5288 817 5325 B.

460 5286 509 5324 c.
540 5286 641 5325 αι
676 5290 731 5339 Α,
763 5288 817 5326 Β.

530 5342 643 5413 (82)
671 5342 864 5415 Cypr.,
899 5344 938 5399 l.
970 5345 1041 5399 de
1072 5343 1221 5398 Orat.
1274 5344 1450 5407 Dom.,
1502 5346 1542 5397 t.
1577 5343 1675 5413 IV,
1725 5362 1775 5400 c.
1809 5347 1935 5401 543.
1971 5365 2023 5402 Β.
2056 5365 2107 5403 c.

462 5428 641 5558 se(I83)
698 5487 869 5541 Nulla
919 5487 1050 5558 sint,
1078 5486 1225 5539 horis
1271 5486 1553 5558 nocturnis
1600 5502 1826 5557 precum
1870 5489 2111 5558 damna;

458 5556 966 5633 ῃαιιαρναιτόῃᾳζη
994 5556 1154 5633 pigro
1182 5564 1234 5633 et
1260 5556 1465 5633 ignava
1492 5557 1806 5629 dispendia.
1841 5556 2109 5633 Cyprian.

462 5626 572 5682 loc.
603 5628 724 5696 cit.,
758 5644 806 5681 c.
839 5626 965 5682 545.
998 5645 1053 5681 Α.
1080 5627 1443 5684 Christianos
1468 5626 1642 5685 noctu
1664 5626 1986 5689 conventus
2009 5634 2109 5689 ha-

465 5697 666 5753 buisse
696 5712 789 5753 res
812 5697 957 5755 satis
987 5701 1456 5758 nota.Nocturnas
1475 5705 1882 5762 convocationes
1914 5704 2110 5778 appel-

2221 4685 2288 4741 ch
2296 4685 2655 4740 aracteribus
2669 4690 2771 4740 aut
2785 4685 3091 4757 scripturae
3102 4688 3465 4753 compendiis
3476 4691 3747 4744 exaratus
3768 4688 3896 4758 sit,

2222 4779 2286 4830 ut
2306 4775 2476 4831 toties
2498 4792 2531 4831 a
2550 4773 2689 4830 viris
2711 4774 3021 4847 insigniter
3040 4775 3308 4843 eruditis,
3324 4793 3471 4848 quos
3492 4794 3599 4834 suo
3620 4776 3746 4833 loco
3772 4793 3907 4833 no-

2220 4918 2303 4973 lat
2325 4918 2718 4973 Tertullianus
2740 4918 2841 4973 lib.
2871 4936 2913 4973 11
2936 4920 3005 4974 ad
3032 4918 3299 4975 Uxorem.
3321 4921 3684 4976 Antelucanos
3704 4927 3911 4978 vocat

2223 4989 2446 5064 Plinius
2471 4990 2533 5064 in
2554 4991 2655 5064 Ep.
2682 4991 3010 5064 ad_Trajan.
3034 4991 3145 5064 Sed
3167 4991 3410 5064 insuper
3432 5009 3501 5046 ex
3521 4992 3748 5064 privata
3774 4992 3909 5047 ἀθ-

2221 5060 2472 5130 votione,
2505 5060 2707 5117 fideles
2756 5060 2901 5117 lecto
2933 5077 2995 5117 se
3021 5060 3384 5134 eripiebant,
3419 5072 3471 5118 et
3512 5060 3613 5134 per
3656 5067 3914 5134 noctem

2220 5134 2586 5206 exsurgebant
2617 5137 2854 5206 oratum,
2886 5138 2951 5206 ut
2979 5132 3429 5206 aitﬁTertullian,
3460 5132 3586 5190 loco
3618 5132 3915 5206 pralau—

2222 5204 2377 5259 dato.
2414 5204 2507 5259 Sic
2528 5204 2585 5258 in
2618 5204 3028 5275 Apologetico:
3061 5205 3146 5277 Ita
3175 5212 3518 5273 saturantur,
3546 5204 3735 5277 ιιι-ςιιί
3755 5222 3914 5261 me-

2219 5277 2494 5331 minerint
2512 5279 2684 5331 etiam
2706 5291 2804 5346 per
2830 5283 3037 5330 noctem
3059 5275 3401 5333 adorandum
3422 5279 3593 5334 Deum
3612 5275 3720 5333 sibi
3734 5293 3918 5334 esse-

2294 5347 2407 5419 (84)
2439 5347 2953 5420 Cyprian.,__Epist.
2987 5364 3025 5416 ι,
3077 5348 3146 5403 ad
3194 5349 3482 5418 Donatum,
3516 5350 3609 5405 ad.
3660 5348 3769 5405 lib.
3809 5353 3923 5408 ad

2222 5418 2535 5484 Donatum,
2554 5424 2696 5473 tom.
2730 5418 2819 5483 IV,
2848 5435 2897 5473 c.
2931 5419 3058 5489 222,
3086 5437 3140 5486 Β,
3172 5435 3293 5491 seq.

2294 5490 2406 5560 (85)
2439 5491 2619 5555 Idem,
2651 5491 2755 5561 Ep.
2789 5507 2896 5553 LIV,
2930 5494 3069 5545 tom.
3105 5491 3203 5561 III,
3232 5490 3281 5546 ci.
3314 5492 3440 5559 855,
3470 5509 3524 5547 Α.

2294 5562 2405 5633 (86)
2440 5563 2546 5631 Id.,
2580 5566 2680 5633 Ep.
2714 5579 2791 5616 1x.
2822 5566 2965 5616 tom.
3002 5562 3096 5627 IV,
3129 5579 3177 5617 c.
3208 5563 3335 5627 253,
3362 5580 3417 5617 A.

2316 5634 2405 5704 87)
2437 5633 2545 5706 Id.,
2578 5635 2681 5706 Ep.
2716 5650 2862 5699 Lx1x,
2898 5640 3039 5690 tom.
3074 5636 3170 5706 1X,
3205 5650 3254 5690 c.
3287 5635 3412 5705 407,
3434 5652 3490 5689 Α.

2314 5706 2404 5776 88)
2437 5705 2544 5775 Id.,
2577 5705 2905 5767 tractatude
2924 5705 3279 5777 Mortalitate,
3309 5710 3450 5768 tom.
3484 5707 3579 5778 IV,
3608 5706 3811 5774 0.596,
3836 5725 3929 5769 Α.
