4064 6196
286 315 385 367 ml

1035 432 1191 490 1724.

354 546 459 603 En.
494 547 755 603 Amemus
778 543 824 600 II
852 541 1182 598 Novatiani.
1206 537 1428 609 Oxonii,
1448 555 1480 594 e
1506 538 1760 594 Theatro
1778 534 1937 592 Sbel-

287 638 419 707 don,
460 637 641 693 in-8°.
692 632 997 689 Novatiani
1045 647 1211 703 cpera
1263 646 1390 701 quia
1438 630 1690 695 exstant,
1740 624 1939 683 omnia

285 727 606 783 correctius
638 724 813 795 longe
848 739 1023 794 quam
1054 735 1318 792 unquam
1350 718 1596 774 antehac
1628 715 1804 782 edita,
1828 729 1937 771 no-

286 817 480 887 tisque
509 813 813 869 illustrata
842 829 946 885 per
974 810 1309 866 Eduardum
1340 807 1746 864 Welcbmann.

355 904 723 960 Exhibentur
770 900 952 956 libelli
1000 900 1153 954 inter
1197 896 1591 953 Tertullianea
1640 892 1851 950 servati
1881 895 1941 948 et

290 994 469 1050 altera
524 993 595 1047 ad
652 996 821 1063 Cypr.
873 991 976 1061 Ep.
1024 987 1395 1053 Welchman,
1445 985 1545 1056 qui
1599 984 1941 1040 adversatur

289 1083 617 1150 Whistono,
650 1078 888 1151 repetiit
933 1080 1152 1132 textum
1205 1074 1608 1130 Gelenianum.
1649 1093 1680 1121 ‹‹
1711 1068 1939 1127 Mendis

288 1172 572 1228 universis
594 1169 815 1241 quibus
835 1172 962 1221 tum
982 1165 1039 1220 in
1061 1163 1523 1231 vocibus,tumin
1537 1159 1938 1217 clausularum

285 1258 769 1317 distinctionibus
796 1257 1016 1329 passim
1042 1254 1365 1324 laborabat,
1385 1250 1672 1308 medicam
1696 1262 1939 1304 manum

280 1366 519 1406 summa
536 1365 677 1403 cura
690 1364 751 1403 se
766 1345 1112 1417 apposuisse
1124 1343 1282 1399 dicit.
1304 1364 1324 1390 ι
1344 1343 1585 1412 Propter
1600 1355 1728 1411 quae
1744 1352 1939 1393 acrem

286 1438 565 1495 Jacksoni
581 1453 689 1491 nec
705 1436 875 1506 plane
891 1434 1249 1489 immeritam
1269 1445 1577 1487 censuram
1594 1442 1806 1501 passus
1826 1429 1938 1493 est,

282 1529 504 1584 menda
538 1544 572 1581 a
600 1524 856 1581 Pamelio
888 1527 1131 1590 remota,
1162 1520 1465 1577 Gelenium
1500 1517 1800 1589 sequendo
1830 1514 1941 1570 ite-

290 1634 433 1671 rum
478 1616 799 1681 infersisse,
826 1613 1117 1684 pluraque
1145 1610 1383 1667 omnino
1426 1606 1735 1679 reliquisse
1760 1618 1939 1676 quam

297 1704 627 1762 sustulisse
658 1702 993 1773 objicientis,
1025 1717 1156 1757 cum
1204 1705 1402 1756 tamen
1430 1711 1708 1769 magnam
1737 1708 1941 1750 earum

1768 278 2207 357 EMTOBUHJ

1966 425 2021 494 Α
2051 439 2168 481 non
2199 421 2355 496 quod
2384 437 2479 479 me
2499 418 2721 494 aliquid
2751 416 2959 478 fecisse
2973 410 3211 494 quosvis
3229 412 3437 489 putare
3454 406 3687 482 vellem,

3589 284 3689 346 ιη

2043 515 2146 574 sed
2175 512 2331 587 quod
2357 511 2503 569 alios
2532 509 2795 584 exemplo
2815 525 2966 577 meo,
2990 507 3039 563 si
3064 505 3285 570 liceret,
3308 516 3600 559 moverem
3620 500 3688 555 ut

2043 603 2103 661 in
2151 602 2393 661 edendis
2441 605 2704 659 veterum
2749 599 2916 655 libris
2957 597 3067 653 hac
3103 595 3197 651 via
3244 592 3598 658 incederent,
3632 591 3691 646 et

2046 709 2250 751 omnes
2278 692 2468 748 varias
2498 690 2777 747 lectiones
2823 687 3084 744 locorum
3124 684 3390 741 omnium
3420 680 3689 752 Scriptu-

2045 800 2141 851 rm,
2176 781 2278 855 qui
2329 781 2391 837 in
2438 793 2793 851 unoquoque
2838 775 3118 848 scriptore
3168 772 3442 842 citantur,
3484 783 3692 840 conge-

2046 875 2176 927 rent
2209 887 2221 927 :
2258 874 2433 942 atque
2470 868 2580 925 hoc
2610 868 2683 923 ad
2733 864 3188 939 promovendam
3238 874 3538 917 sacrarum
3570 855 3693 913 Lit-

2046 964 2307 1016 terarum
2355 956 2824 1014 emendationem
2873 957 2929 1011 et
2984 950 3375 1024 cognitionem
3436 946 3694 1003 multum

2046 1047 2399 1105 collaturum
2429 1045 2677 1103 conﬁdo.
2712 1066 2740 1093 ››

2118 1136 2275 1192 Notae
2308 1135 2558 1207 denique
2573 1138 2630 1190 et
2648 1132 3083 1190 observationes
3100 1128 3300 1185 multa
3324 1130 3382 1183 et
3410 1126 3696 1182 accurata

2047 1223 2461 1298 prolegomena
2488 1224 2661 1280 docta
2700 1222 3041 1293 iudicesque
3089 1212 3559 1289 locupletissimi,
3592 1227 3699 1267 nec

2049 1330 2164 1370 non
2212 1313 2273 1369 in
2325 1314 2502 1370 rebus
2550 1311 2865 1369 levioribus
2912 1326 3053 1366 cura
3102 1306 3435 1377 manifesta,
3468 1300 3700 1378 egregie

2047 1402 2288 1460 editoris
2315 1403 2439 1459 vice
2470 1402 2738 1459 functum
2765 1401 3130 1457 Jacksonum
3159 1395 3502 1453 ostendunt.

2705 1506 3039 1563 1730-1710.

2119 1601 2426 1659 Variorum
2448 1603 2597 1656 notis
2618 1602 2675 1654 et
2693 1594 3099 1654 commentarii
3120 1593 3182 1651 in
3203 1593 3484 1651 Octavium
3503 1588 3699 1647 Minu-

2050 1690 2123 1747 cii
2158 1690 2385 1757 Felicis,
2412 1689 2566 1745 inter
2593 1703 2742 1759 quos
2761 1687 2816 1743 J.
2850 1683 3107 1752 Jortinii,
3129 1686 3196 1739 ut
3219 1685 3386 1755 putat
3406 1677 3614 1737 Sexius
3639 1676 3702 1733 in

298 1798 538 1867 partem
570 1764 742 1848 facile
770 1764 1101 1848 emaculare
1149 1789 1420 1862 potuerit,
1454 1786 1504 1843 si
1533 1764 1942 1857 wAnglicanum
1973 1796 2023 1863 Β
2054 1780 2434 1843 Onomastico,
2468 1780 2620 1833 notas
2648 1775 2863 1833 criticis
2892 1772 2965 1867 in_
2985 1770 3557 1867 Μίςςσθιι,Δριξςξνυαιἐ
3588 1764 3702 1822 vol.

296 1854 443 1938 inss.
480 1880 821 1953 exemplare
849 1879 1106 1936 Pamelio
1137 1854 1498 1949 descriptum
1520 1890 1635 1931 non
1649 1854 1943 1945 neglexis-
1973 1854 2019 1863 ’⁷
2057 1871 2110 1938 1,
2139 1873 2182 1925 t.
2216 1870 2260 1938 Ι,
2290 1886 2348 1942 p.
2395 1868 2505 1939 23;
2556 1867 2669 1924 vol.
2701 1882 2765 1932 11,
2813 1868 2855 1919 t.
2889 1862 2987 1953 IlI,
3036 1878 3094 1953 p.
3149 1857 3385 1953 408L409
3407 1854 3700 1953 ;_Y(31LIII,

290 1978 377 2028 set
409 1976 467 2025 et
522 1942 707 2025 Fulvii
758 1969 951 2025 Ursini
993 1985 1061 2024 ex
1110 1984 1253 2023 mss.
1305 1942 1762 2021 observationes
1786 1978 1820 2016 a
1849 1960 1943 2016 Jo.
2054 1961 2097 2013 t.
2130 1959 2177 2027 Ι,
2210 1974 2266 2030 p.
2303 1959 2509 2025 19-22;
2541 1961 2584 2012 t.
2607 1955 2679 2024 II,
2719 1970 2777 2027 p.
2820 1951 3053 2008 177-181
3082 1967 3096 2018 ;
3140 1953 3183 2004 t.
3215 1948 3316 2018 III,
3347 1962 3404 2018 p.
3435 1942 3701 2000 322-224.

290 2062 573 2117 Wowero
621 2060 961 2131 exscriptas,
1013 2074 1162 2130 quas
1208 2054 1464 2112 nancisci
1513 2051 1787 2126 potuerit,
1829 2056 1946 2106 neu
2055 2078 2123 2089 —
2152 2048 2368 2106 Jerem.
2409 2044 2789 2114 Marcklandi,
2820 2042 2882 2098 in
2926 2041 3042 2131 vol.
3068 2057 3131 2109 ιι,
3181 2043 3225 2093 t.
3252 2038 3387 2131 I,_p.
3416 2033 3705 2131 54:60.:-

286 2150 531 2222 penitus
581 2121 990 2221 ignoravisset.
1030 2121 1310 2203 .Alter'um
1354 2121 1533 2216 quod—
1556 2140 1738 2198 addit.
1773 2121 1949 2194 'Wel-
2055 2136 2263 2193 Thom.
2311 2133 2717 2209 Wop-Kensii,
2766 2132 2827 2188 in
2878 2129 2990 2188 vol.
3052 2146 3130 2195 ιχ,
3186 2125 3352 2222 n.1,
3380 2141 3439 2197 p.
3483 2121 3702 2222 ‘51-73;

290 2239 666 2295 chmannum
698 2237 937 2308 quidem
988 2236 1185 2292 luxata
1215 2233 1407 2306 capita
1456 2233 1525 2289 ad
1559 2229 1795 2304 propria
1822 2228 1952 2284 loca

288 2327 641 2393 reduxisse;
676 2326 777 2381 sed
808 2324 868 2379 in
899 2325 1010 2381 hoc
1041 2328 1470 2381 antecessorem
1499 2319 1779 2376 habuisse
1808 2318 1950 2373 Res-

290 2416 467 2490 ponsi
503 2420 804 2471 auctorem
833 2418 1036 2470 contra
1062 2413 1128 2468 D.
1160 2409 1523 2468 Waterlandi
1552 2406 1950 2465 defensionem

295 2504 696 2577 quaestionum
720 2503 1135 2575 quarumdam,
1159 2517 1308 2572 quas
1338 2498 1522 2555 edidit
1549 2497 1621 2553 de
1648 2495 1953 2552 Trinitatis

295 2592 717 2661 controversia,
752 2608 857 2647 nec
885 2595 1082 2647 tamen
1113 2591 1241 2661 ejus
1294 2587 1635 2643 meminisse
1661 2589 1720 2642 et
1746 2585 1818 2641 de
1849 2600 1952 2640 no-

295 2681 437 2737 tulis
467 2682 642 2749 item,
674 2698 853 2736 unam
885 2684 942 2735 et
962 2682 1203 2736 alteram
1234 2684 1291 2734 et
1307 2677 1568 2733 locorum
1598 2676 1657 2731 S.
1692 2673 1951 2746 Scriptu-

299 2789 371 2826 ra
401 2770 665 2825 indicem
687 2769 856 2826 valde
876 2769 1283 2841 imperfectum
1314 2766 1630 2838 adjecisse:
1655 2763 1715 2819 id
1746 2760 1955 2819 multis

298 2861 547 2916 fortasse
578 2859 757 2931 paulo
789 2857 1054 2930 iniquius
1083 2858 1155 2913 ab
1185 2873 1252 2912 eo
1283 2856 1507 2911 dictum
1534 2852 1843 2910 videbitur.

1055 2966 1213 3020 1723.

377 3057 479 3111 En.
510 3059 764 3111 ANGLICA
809 3055 891 3110 III
935 3059 1259 3109 Novarum.
1313 3051 1557 3108 Londini
1603 3068 1617 3107 :
1668 3049 1823 3123 typis
1859 3049 1951 3105 Jo.

301 3146 501 3217 Darby
529 3150 587 3199 et
620 3146 687 3199 T.
722 3149 953 3212 Brown,
986 3147 1043 3198 et
1092 3141 1377 3213 impensis
1406 3139 1652 3196 Joannis
1699 3138 1861 3194 Noon
1890 3136 1951 3192 in

304 3236 425 3288 vico
445 3234 605 3288 dicto
627 3232 971 3304 Cheapside,
989 3232 1159 3302 juxta
1180 3229 1458 3287 sacellum
1480 3226 1948 3284 Metaxariorum.

303 3353 369 3362 —
394 3320 709 3377 Novatiani
739 3321 936 3376 Presb.
970 3318 1218 3375 Romani
1249 3334 1445 3391 opera,
1476 3333 1604 3389 quas
1638 3317 1958 3388 supersunt

304 3411 525 3479 omnia,
555 3414 695 3483 post
716 3408 916 3465 Jacobi
938 3407 1178 3464 Pamelii
1193 3406 1512 3480 Brugensis
1536 3404 1957 3473 recensionem,

303 3501 375 3555 ad
405 3499 776 3571 antiquiores
796 3498 1078 3555 editiones
1109 3496 1409 3569 castigata,
1427 3499 1485 3552 et
1513 3511 1549 3551 a
1578 3493 1778 3551 multis
1798 3508 1958 3549 men-

313 3588 403 3642 dis
426 3592 747 3660 expurgata
767 3604 779 3643 :
799 3585 1093 3643 illustrata
1117 3585 1293 3642 etiam
1313 3582 1741 3657 copiosissimis
1760 3581 1957 3638 obser-

307 3678 648 3733 vationibus
678 3682 737 3733 et
765 3676 937 3743 notis,
970 3676 1031 3730 in
1062 3675 1279 3747 quibus
1325 3678 1514 3729 totum
1544 3675 1959 3746 argumentum

306 3767 569 3822 auctoris
598 3767 669 3821 de
699 3763 904 3837 regula
935 3763 1072 3819 fidei
1101 3779 1169 3818 ex
1195 3766 1460 3819 veterum
1489 3765 1729 3817 Patrum
1751 3777 1962 3817 monu-

308 3854 533 3912 mentis
560 3854 675 3909 late
726 3852 1054 3909 discutitur.
1091 3850 1471 3908 Prasmittitur
1516 3849 1849 3907 dissertatio
1892 3850 1965 3905 de

311 3944 454 3999 Filio
486 3943 589 3998 Dei
632 3942 963 4007 homousio,
997 3941 1119 3999 sive
1146 3939 1550 3997 co-essentiall
1581 3940 1678 3995 uni
1712 3940 1825 3995 Deo
1855 3943 1963 3995 Pa-

308 4033 409 4087 tri.
460 4032 669 4087 Studio
722 4031 967 4087 Joannis
996 4030 1271 4098 Jackson,
1318 4028 1591 4085 Ecclesia
1633 4027 1965 4101 Anglicante

308 4120 663 4192 Presbyteri,
685 4124 747 4175 et
775 4120 845 4175 de
858 4118 1181 4176 Wherwell
1203 4117 1481 4176 comitatu
1503 4117 1804 4174 Hantoniaa
1829 4134 1970 4190 pra:-

305 4209 601 4267 bendarii.

378 4301 604 4355 Praeter
636 4314 724 4369 ea,
748 4314 873 4369 quae
903 4297 1172 4370 superior
1199 4297 1377 4354 editio
1398 4296 1825 4369 complectitur,
1848 4296 1970 4353 hac

312 4389 494 4444 etiam
527 4388 772 4444 alteram
807 4386 945 4443 cleri
976 4386 1224 4443 Romani
1253 4388 1324 4443 ad
1354 4386 1710 4459 Cyprianum
1741 4385 1969 4458 Episto-

318 4474 471 4545 lam,
500 4477 563 4531 de
591 4492 712 4546 qua
743 4492 921 4547 supra
964 4476 1142 4531 verba
1188 4476 1455 4531 fecimus.
1489 4476 1652 4541 Quod
1681 4474 1968 4533 rationem

2054 2225 2169 2283 vol.
2200 2242 2259 2292 x,
2309 2230 2353 2283 t.
2401 2225 2448 2293 Ι,
2491 2241 2549 2297 p.
2584 2223 2775 2279 11-54.
2805 2251 2875 2261 —
2928 2214 3260 2275 Heumanni
3308 2211 3595 2269 Ferculum
3638 2226 3704 2280 ιι,

2059 2314 2119 2370 in
2148 2314 2261 2371 vol.
2291 2331 2395 2385 vn,
2445 2316 2596 2385 part.
2651 2329 2714 2379 ιι,
2747 2328 2805 2383 p.
2857 2308 3132 2373 217-272;
3180 2303 3393 2361 Ferent.
3428 2301 3527 2371 ΙΙΙ,
3557 2297 3702 2354 ibid.

2059 2407 2209 2476 part.
2256 2420 2342 2471 ιιι,
2392 2419 2455 2475 p.
2514 2401 2784 2469 421-478;
2836 2397 3045 2455 Fercul.
3106 2412 3183 2463 IV,
3231 2391 3346 2450 vol.
3388 2406 3511 2458 vm,
3541 2405 3597 2461 p.
3650 2388 3704 2476 1,

2060 2475 2159 2565 pp.
2220 2491 2490 2560 145.134;
2542 2490 2750 2547 Fercul.
2798 2504 2834 2544 v
2885 2490 2943 2544 et
2997 2483 3105 2541 ult.
3155 2487 3305 2556 part.
3338 2496 3420 2550 ιιι,
3470 2495 3529 2551 p.
3575 2475 3707 2531 454-

2061 2582 2187 2637 479.
2219 2610 2287 2621 -
2316 2580 2410 2637 Fr.
2431 2583 2543 2636 Ott.
2571 2575 2901 2636 Menckenii
2920 2572 3185 2649 ἐπίκρισις
3209 2569 3475 2627 modesta
3503 2579 3706 2624 eorum

2061 2687 2172 2743 que
2202 2670 2273 2727 ad
2304 2668 2599 2726 Minucius
2629 2667 2878 2725 Felicem
2919 2682 2954 2720 a
2991 2662 3203 2720 celebr.
3234 2661 3576 2717 Heumanno
3602 2654 3705 2712 ob-

2062 2764 2289 2817 servata
2319 2763 2476 2816 sunt.
2504 2757 2679 2827 Ibid.,
2709 2774 2764 2813 v.
2797 2756 2969 2821 ἱιι-4ο,
3002 2770 3061 2827 p.
3088 2752 3215 2807 729.

2133 2938 2199 2995 D.
2232 2936 2454 3008 Bemig.
2504 2933 2777 3000 Ceillerii,
3017 2929 3082 2984 Β.
3123 2927 3259 2983 Hist.
3308 2921 3566 2994 generale
3608 2919 3708 2975 de:

2062 3035 2285 3085 autem:
2315 3022 2614 3081 scelestust.
2648 3024 2760 3078 art.
2792 3019 3018 3087 Ninum,
3051 3020 3092 3072 t.
3120 3015 3219 3083 III,
3249 3030 3307 3086 p.
3338 3011 3465 3067 223.

1985 3164 2057 3271 C_
2138 3205 2220 3261 De
2248 3208 2305 3259 8.
2337 3202 2630 3276 Stephano
2662 3217 2815 3274 papa
2860 3202 2918 3255 et
2963 3197 3238 3268 martyre,
3271 3192 3424 3249 inter
3451 3191 3579 3247 acta
3607 3187 3710 3247 SS.

2064 3293 2464 3360 Bollandiana,
2503 3292 2576 3346 ad
2624 3290 2782 3346 diem
2812 3290 2848 3343 2
2874 3301 3034 3360 aug.,
3080 3288 3223 3340 tom.
3258 3282 3306 3351 Ι,
3356 3299 3413 3355 p.
3456 3276 3711 3349 112-146,

2065 3386 2301 3440 auctore
2328 3381 2496 3438 Petro
2524 3378 2770 3436 Boscbo.
2881 3464 2951 3521 36

2812 3466 2877 3521 17

2812 3466 2971 3521 1736.

2137 3560 2215 3617 Cb
2225 3559 2323 3634 ph.
2345 3560 2412 3615 Α.
2435 3554 2763 3615 Heumanni
2790 3550 3116 3613 observatio
3145 3566 3262 3622 qua
3289 3561 3534 3605 numero
3548 3546 3710 3634 jure-

2069 3632 2474 3708 consultorum
2503 3646 2779 3704 eximitur
2820 3640 3111 3701 Minucius
3159 3637 3336 3707 Felix,
3362 3637 3420 3692 in
3452 3632 3717 3709 parergis

2070 3757 2173 3798 seu
2203 3737 2641 3796 accessionibus
2692 3736 2765 3792 ad
2814 3731 3007 3790 omnis
3032 3726 3262 3803 generis
3306 3724 3718 3784 eruditionem.

2071 3828 2365 3901 Goeting.,
2395 3826 2566 3883 in-8°.

2807 3909 2968 3968 1738.

2147 4004 2328 4065 Marci
2356 4001 2593 4060 Minucii
2624 4001 2831 4059 Felicis
2862 4015 2967 4073 pro
2995 4012 3059 4056 se
3088 3999 3146 4055 et
3174 3997 3333 4052 statu
3362 4008 3470 4049 suo
3501 3989 3718 4065 episto-

2076 4098 2136 4154 la
2174 4092 2533 4169 apologetioa
2585 4091 2657 4147 ad
2691 4091 2783 4147 Fr.
2829 4089 3098 4147 Ottonem
3144 4080 3577 4148 Menckenium,
3608 4095 3727 4151 qua

2075 4181 2407 4244 Heumanni
2449 4180 2776 4239 observatio
2825 4178 3115 4235 refutatur
3142 4174 3202 4231 in
3232 4175 3381 4233 Nova
3424 4172 3555 4228 Acta
3584 4172 3724 4226 Eru-

2076 4276 2264 4347 ditor.,
2293 4287 2439 4330 anno
2470 4271 2629 4339 1738,
2661 4286 2720 4344 p.
2749 4270 2893 4412 21(1).7
2932 4356 2966 4412 3

2898 4358 2929 4412 4

2826 4358 2986 4414 1743.

2153 4454 2255 4512 En.
2287 4453 2663 4509 Gaoaovuma
2690 4451 2734 4503 Ι.
2761 4442 3183 4511 Rotterodami,
3216 4457 3307 4513 ap.
3332 4439 3426 4497 Jo.
3453 4443 3595 4496 Dan.
3619 4437 3727 4494 Be-

318 4526 471 4545 ___,
506 4526 559 4531 η
597 4526 712 4546 1"
743 4526 920 4547 __,__
980 4526 1141 4531 ---η
1188 4526 1455 4531 _--_____-
1496 4526 1652 4541 νη
1681 4526 1953 4533 -__--_-_

313 4564 533 4620 attinet
545 4580 726 4636 quam
739 4564 798 4619 in
812 4565 1167 4621 recensendo
1177 4568 1339 4621 textu
1357 4568 1595 4621 secutus
1604 4571 1753 4632 est,a
1764 4562 1953 4620 Pame-

2081 4560 2235 4602 man.
2267 4570 2337 4583 —
2366 4541 2449 4596 Ex
2474 4553 2696 4595 recens.
2730 4532 3026 4603 Gronovii,
3057 4531 3150 4589 ed.
3183 4547 3236 4588 a.
3268 4529 3428 4597 1709,
3460 4526 3724 4602 repetita.

309 4654 482 4710 lianc
495 4653 761 4727 exemplo
774 4670 1077 4725 nunquam
1094 4669 1156 4709 se
1168 4653 1514 4710 discessisse
1525 4651 1974 4725 proﬁtetur,nisi

305 4744 559 4815 quando
577 4760 789 4799 sensus
800 4746 858 4799 et
878 4743 1025 4798 ratio
1041 4742 1296 4799 auctoris
1312 4741 1780 4799 emendationem
1800 4741 1972 4813 plane

298 4831 667 4905 postularet,
700 4835 801 4887 aut
824 4831 1085 4888 vindices
1105 4831 1273 4901 alios,
1294 4830 1385 4888 vel
1405 4830 1824 4904 exemplarium
1847 4828 1971 4885 suf-

302 4922 575 4995 fragium
610 4937 810 4976 secum
858 4920 1119 4989 haberet,
1152 4936 1271 4992 qua
1315 4920 1375 4976 in
1406 4937 1468 4977 re
1498 4922 1621 4977 Lat.
1655 4916 1884 4976 Latinio
1914 4920 1973 4975 et

300 5012 398 5067 Fr.
437 5010 626 5066 Junio
656 5009 937 5066 nonnulla
966 5026 1029 5067 se
1060 5010 1293 5082 debere,
1316 5009 1639 5083 plurimum
1666 5026 1799 5066 vero
1821 5024 1967 5066 mss.

297 5099 647 5173 Anglicano
669 5103 728 5155 et
746 5102 803 5156 F.
825 5102 952 5158 Urs.
976 5117 1121 5159 mss.
1149 5100 1304 5157 notis
1325 5101 1593 5172 adiutum
1614 5115 1677 5157 se
1693 5099 1968 5156 afﬁrmat.

296 5188 648 5247 Plurimum
671 5188 784 5244 sibi
801 5189 1019 5246 laboris
1039 5187 1365 5246 indulsisse
1386 5191 1582 5245 narrat
1610 5190 1677 5243 ut
1688 5185 1969 5244 versioni-

297 5282 424 5335 bus
448 5278 888 5350 Scripturarum
912 5277 1157 5334 diversis
1182 5281 1241 5335 et
1268 5282 1530 5335 veterum
1561 5280 1802 5335 Patrum
1823 5276 1969 5333 cita-

299 5369 585 5424 tionibus
599 5384 731 5422 cum
746 5366 1056 5441 archetypo
1067 5371 1227 5423 textu
1241 5366 1467 5424 collatis
1479 5380 1682 5424 omnes
1693 5364 1970 5423 lectiones

301 5457 512 5513 varias
526 5457 930 5527 cujuscunque
941 5458 1135 5512 textus
1146 5472 1182 5511 a
1194 5454 1512 5514 Novatiano
1525 5452 1847 5521 citati,inde
1864 5452 1972 5510 de-

306 5545 784 5617 duoendas,quze
804 5548 1005 5601 notata
1028 5542 1220 5617 dignae
1242 5547 1585 5614 essent,una
1605 5542 1973 5616 conquireret

309 5641 369 5694 et
398 5634 621 5693 lectori
643 5633 893 5694 sisteret.
927 5653 958 5686 ις
988 5634 1148 5696 Hanc
1173 5648 1307 5693 vero
1336 5647 1573 5707 operam
1601 5630 1731 5703 tuli,
1754 5630 1969 5705 inquit,

2149 4738 2251 4794 En.
2302 4740 2613 4792 Danaum
2662 4733 2731 4789 ΙΙ.
2788 4642 3057 4805 Cilligam
3112 4729 3175 4786 in
3218 4728 3327 4785 aid.
3376 4726 3555 4785 Acad.
3598 4741 3722 4782 exc.

2080 4827 2225 4886 Rob.
2277 4829 2337 4884 et
2379 4824 2560 4881 Andr.
2612 4822 2811 4881 Foulis
2866 4822 3043 4879 Acad.
3095 4817 3504 4894 typography.,
3555 4815 3725 4871 ιιι-4ο.

2080 4918 2158 4976 Μ.
2192 4915 2450 4973 Octavius
2478 4929 2548 4969 ex
2577 4927 2799 4970 recens.
2830 4912 2924 4968 Jo.
2956 4909 3193 4968 Davisii.
3226 4910 3445 4966 Textus
3469 4920 3603 4962 cum
3632 4901 3730 4958 in-

2079 5007 2205 5066 dice
2235 5004 2405 5064 solito
2438 5003 2627 5061 nitore
2655 5016 2995 5075 expressus.

2148 5185 2283 5245 Joh.
2312 5183 2510 5243 Wern.
2557 5181 2775 5238 Meiner
2814 5090 3049 5235 ξίζῗέιοῑί
3097 5174 3301 5233 Felicis
3345 5172 3459 5231 loci
3508 5170 3734 5248 aliquot

2080 5289 2384 5349 perperam
2416 5270 2732 5342 sollicitati,
2754 5287 2786 5326 a
2817 5265 3208 5341 corruptionis
3232 5264 3571 5339 suspicione
3600 5262 3727 5323 vin-

2078 5363 2279 5422 dicati.
2311 5359 2757 5435 Longosalissze,
2790 5358 2964 5502 i745".

2857 5448 2893 5500 7
2928 5448 2963 5501 2

2148 5544 2326 5601 Vsas.
2360 5541 2699 5598 Gsammca
2730 5536 2769 5591 Ι.
2804 5534 3049 5595 Minucii
3080 5535 3285 5594 Felicis
3319 5536 3600 5605 Octavius,
3633 5534 3725 5590 in-

2078 5635 2329 5709 terprete
2372 5630 2426 5691 J.
2478 5629 2540 5689 F.
2572 5623 2905 5701 Hellander,
2948 5625 3165 5702 prodiit
3210 5626 3532 5697 Franscof.,
3576 5622 3727 5682 in-8.
