4064 6196
353 370 427 429 1v
1838 351 2256 428 PWATIO

1045 497 1332 554 751—1755.

1013 495 1079 555 17
1175 497 1332 555 1755.

427 587 673 645 Gruneri
714 499 1390 646 observationgfcriticm
1417 587 1570 646 inter
1596 588 1733 647 Acta
1769 596 1997 646 societa-

358 680 427 735 tic
446 679 631 736 latinae
648 679 671 737 ι
690 682 923 749 mensis,
946 698 1000 737 ν.
1022 696 1107 751 ιιι,
1132 697 1188 752 p.
1216 682 1286 736 33
1304 698 1317 737 :
1337 698 1392 737 ν.
1408 698 1481 750 ιν,
1498 682 1765 752 p.208,v.
1790 683 1991 753 p.220.

1098 790 1256 843 1756.

377 869 639 935 ’νεικειο
698 879 916 933 ΙτΑιιεΑ
973 878 1014 934 Ι.
1069 879 1127 932 In
1184 878 1449 945 Venezia,
1503 894 1702 950 presso
1760 879 1996 935 Simone

354 966 547 1034 Occhi,
593 967 765 1033 in-80,
816 967 1088 1037 1’0tlavio,
1140 968 1196 1022 di
1237 968 1313 1023 M.
1364 967 1617 1023 Minucio
1667 968 1872 1035 Felice,
1906 985 1993 1024 re-

354 1060 479 1111 cato
510 1056 566 1110 in
599 1056 801 1128 lingua
834 1056 1078 1112 Italiana
1099 1056 1185 1112 col
1219 1060 1367 1112 testo
1399 1055 1579 1112 latino
1609 1074 1643 1112 a
1673 1056 1989 1125 rincontro,

352 1160 381 1198 e
411 1161 518 1200 con
552 1150 875 1217 opportune
905 1144 1271 1201 annotazioni
1324 1144 1611 1201 illustrato
1638 1147 1712 1201 da
1748 1147 1807 1200 D.
1842 1146 1992 1201 Mar-

349 1250 414 1289 co
449 1233 642 1289 Poleti.
679 1234 763 1290 Cl.
816 1236 877 1289 Β.
928 1239 1220 1290 Somasco.
1254 1266 1322 1274 -—
1370 1236 1534 1290 Haud
1584 1235 1778 1306 inepte
1821 1234 1990 1290 insti-

349 1328 544 1379 tutum
579 1323 784 1378 editori
817 1324 991 1380 cessit
1022 1325 1291 1397 (Paitoni,
1322 1325 1464 1381 Bibl.
1499 1325 1646 1393 degli
1674 1324 1863 1379 autori
1889 1340 1991 1379 an-

349 1413 486 1466 tichi
516 1410 667 1466 Grecz
696 1428 724 1466 e
747 1412 930 1467 Latini
957 1414 1340 1485 uolgarum-ti,
1371 1432 1432 1484 ιι,
1463 1414 1588 1470 250.
1620 1413 1860 1479 Gamba,
1892 1415 1991 1468 Se-

346 1502 429 1556 rie
459 1501 551 1557 dei
570 1503 705 1558 Tecti
731 1500 792 1556 di
818 1502 1033 1571 lingua,
1068 1516 1132 1558 n°
1160 1504 1343 1575 2354).

1086 1611 1243 1665 1760.

378 1688 383 1691 ’
419 1696 515 1753 Eo.
554 1698 928 1753 LINDNERANA
960 1698 981 1753 Ι
1012 1698 1457 1769 Longosalisszs,
1489 1701 1708 1770 sumpt.
1728 1699 1819 1754 Jo.
1851 1697 1984 1754 Chr.

347 1785 603 1856 Martini,
637 1787 796 1842 in-8°.
824 1818 891 1827 ——
924 1787 1175 1843 Octavius
1204 1793 1260 1843 et
1292 1788 1613 1860 Cyprianus
1641 1787 1705 1843 de
1742 1787 1989 1843 Vanilalc

345 1873 618 1929 idolorum
635 1892 657 1936 ,·
687 1906 754 1915 -—
784 1879 1031 1947 uterque
1053 1876 1378 1933 recensitus
1398 1881 1455 1932 et
1481 1875 1813 1932 illustratus
1835 1876 1989 1931 notis
2018 1872 2066 1936 B

341 1961 634 2021 variorum
666 1963 893 2019 selectis
915 1968 1090 2036 atque
1112 1965 1288 2021 etiam
1310 1965 1435 2021 suis
1457 1982 1491 2021 a
1518 1965 1686 2021 Joan.
1712 1965 1985 2022 Gottlieb.

343 2051 630 2107 Lindnero
681 2052 1008 2125 (Longosal.
1052 2052 1245 2121 Schol,
1287 2058 1415 2109 tum
1463 2057 1802 2122 correctore)
1854 2070 1990 2110 cum

343 2139 683 2211 praefatione
737 2142 828 2196 Jo.
885 2143 1032 2213 Aug.
1084 2143 1331 2198 Ernesti.
1384 2142 1696 2215 Diligentia
1747 2147 1805 2199 et
1850 2159 1992 2199 cura

345 2228 586 2285 editoris
618 2231 807 2301 prima
854 2231 1033 2303 hujus
1080 2231 1353 2289 editionis
1380 2232 1565 2287 virtus
1605 2236 1731 2300 est;
1780 2220 1993 2288 deinde

347 2318 550 2387 altera,
570 2319 725 2389 quod
757 2335 855 2375 eas
880 2337 1028 2391 quas
1058 2337 1127 2377 ex
1144 2320 1413 2376 Gronovii
1442 2321 1579 2377 inde
1609 2325 1869 2393 tempore
1889 2338 1986 2377 va-

348 2404 449 2462 riis
479 2405 621 2462 10018
645 2407 753 2462 viri
785 2408 938 2464 docti
970 2409 1040 2463 ad
1070 2408 1389 2465 Minucium
1420 2408 1883 2481 perpoliendum,
1920 2408 1987 2463 il-

344 2493 720 2552 lustrandum
770 2502 828 2552 et
880 2498 1314 2554 obscurandum
1363 2498 1537 2554 etiam
1578 2497 1990 2555 contulissent

341 2584 660 2657 symbolas,
711 2602 845 2641 cum
887 2586 1109 2660 judicio
1170 2588 1412 2643 dilectas
1455 2589 1765 2660 propinat;
1815 2586 1991 2643 tertia

343 2673 498 2746 quod
530 2674 707 2730 crisin
739 2676 1064 2732 modestam
1104 2680 1159 2731 et
1189 2680 1521 2733 accuratam
1554 2676 1740 2732 editor
1786 2676 1988 2747 sequi-

342 2766 459 2828 tur,
492 2780 619 2834 quae
652 2779 720 2819 ex
758 2766 983 2823 Ernesti
1015 2766 1242 2822 Summi
1291 2765 1593 2839 praeceptis
1625 2764 1989 2821 defendenda

341 2852 532 2924 magis
563 2859 619 2908 et
649 2853 988 2925 explicanda
1016 2855 1262 2913 lectione
1284 2854 1516 2928 vulgata
1548 2865 1724 2927 quam
1758 2854 1986 2925 conjec-

3656 372 3759 424 LVI

2027 499 2084 566 Α
2112 513 2243 554 rum
2289 497 2615 569 doctorum,
2648 497 2706 553 et
2751 511 2819 553 ea
2850 509 2979 569 qua
3023 492 3096 553 ad
3128 486 3304 571 κρίσιν
3356 487 3549 552 solum
3592 510 3754 567 spec-

2104 590 2235 643 tant
2262 602 2335 643 ne
2363 585 2458 654 iis,
2490 586 2707 659 quibus
2726 585 2848 642 hac
2878 601 3086 659 parum
3110 584 3361 657 placent,
3385 585 3555 640 teadio
3577 588 3755 655 esset,

2105 676 2369 748 exemplo
2399 677 2657 732 virorum
2701 674 3199 740 doctissimorum,
3231 674 3494 740 Gesneri,
3525 673 3754 743 Heynii,

2106 766 2470 837 sejungenda
2499 783 2533 821 a
2562 764 2805 836 reliquis
2838 780 2966 821 esse
3018 763 3202 818 duxit.
3234 764 3386 818 Tum
3416 762 3752 820 annotatio-

2104 871 2230 920 nes,
2262 871 2410 925 quas
2437 854 2577 910 olim
2607 854 2668 909 in
2696 854 2920 909 indices
2950 852 3278 923 conjecerat
3307 855 3365 907 et
3393 868 3542 923 quas
3581 853 3751 923 pauci

2103 943 2191 999 vel
2224 959 2395 999 nemo
2425 943 2506 999 ibi
2537 944 2853 1014 quaerebat,
2885 942 2995 997 sub
3026 945 3248 997 textum
3278 941 3587 998 revocavit.
3619 942 3750 997 Sin-

2102 1032 2241 1105 gula
2269 1032 2566 1089 acuratius
2597 1032 2873 1103 excussit,
2908 1047 3031 1099 nec,
3064 1030 3252 1087 sicubi
3282 1031 3356 1086 ab
3395 1047 3461 1086 eo
3492 1036 3749 1086 erratum

2102 1125 2209 1189 est,
2237 1121 2297 1177 id
2330 1122 2495 1177 fateri
2544 1120 2795 1194 ingenue
2826 1120 3134 1177 dubitavit.
3182 1118 3373 1175 Etiam
3403 1136 3507 1190 pro
3541 1119 3753 1175 disser-

2101 1210 2321 1266 tatione
2346 1208 2653 1277 Balduina,
2673 1209 2733 1265 in
2764 1208 2934 1265 terris
2952 1208 3169 1264 nostris
3199 1207 3343 1263 satis
3373 1212 3513 1263 nota
3533 1207 3752 1279 ubique

2101 1297 2290 1366 obvia,
2304 1296 2783 1369 deditepistolam
2797 1297 2947 1354 Clar.
2974 1298 3046 1353 ab
3058 1298 3252 1353 Hoven
3276 1314 3289 1352 :
3315 1298 3394 1352 De
3412 1313 3545 1353 vera
3564 1298 3751 1353 Minu-

2098 1388 2179 1443 cii
2187 1387 2542 1458 aetate,eique
2562 1386 2867 1457 subjunxit
2886 1387 3088 1441 breves
3112 1385 3747 1457 aliquotsxcursiones,

2100 1491 2231 1547 qua
2261 1479 2457 1532 tamen
2508 1479 2778 1532 notarum
2811 1474 3053 1533 modum
3105 1489 3426 1531 excessum
3474 1473 3748 1531 fuissent.

2872 1582 2976 1637 781
2987 1626 3000 1637 .

2167 1669 2385 1727 VERSIO
2411 1669 2654 1744 Anglica
2682 1670 2778 1726 VI.
2806 1582 3166 1743 Αῒζῗῗέὶοευθ
3192 1670 3267 1743 by
3296 1670 3529 1726 Marcus
3553 1670 3749 1725 Minu-

2096 1759 2222 1817 cius
2255 1759 2429 1827 Felix,
2463 1760 2805 1833 Edimburg,
2826 1760 2995 1816 in-8°.
3024 1760 3249 1831 Dignus
3278 1762 3368 1815 est
3383 1763 3586 1814 auctor
3606 1776 3747 1814 ano-

2097 1864 2329 1921 nymus,
2362 1850 2531 1920 cujus
2562 1865 2775 1905 nomen
2807 1849 3130 1920 detegatur,
3162 1862 3375 1919 nempe
3401 1846 3583 1903 David
3609 1845 3746 1903 Dal-

2099 1936 2345 2009 rymple,
2379 1937 2449 1993 de
2477 1936 2727 1993 Minucio
2755 1936 2976 2009 optime
3005 1934 3269 1992 meritus.

2869 2028 2995 2081 782.

2869 2028 2903 2079 7
2983 2068 2995 2081 .

2171 2116 2271 2171 Eo.
2308 2116 2681 2173 Susanna.
2713 2028 3077 2188 Wirtegirgi
3106 2115 3168 2170 in
3195 2113 3289 2170 oﬁ‘.
3316 2112 3536 2169 Stahel.
3568 2113 3742 2184 in-8°,

2101 2220 2233 2261 cum
2263 2207 2304 2260 t.
2340 2206 2392 2260 II
2425 2205 2680 2277 Operum
2709 2203 2978 2277 Cypriani
3009 2207 3251 2260 curante
3281 2201 3589 2259 Obertbﬁr.

2870 2295 2905 2347 7
2983 2336 2995 2348 .

2169 2384 2383 2440 VERSIO
2412 2384 2655 2440 GALLICA
2680 2294 3098 2456 comgetfgiosa
3147 2381 3375 2453 Octavii,
3410 2385 3647 2438 auctore
3675 2381 3743 2437 D.

2098 2473 2249 2529 Abb.
2281 2472 2353 2529 de
2382 2472 2631 2544 Gourcy,
2665 2471 2724 2527 in
2755 2475 2914 2528 tomo
2947 2474 2969 2527 Ι
3009 2471 3201 2545 operis
3231 2470 3325 2527 cui
3354 2469 3567 2527 titulus
3599 2486 3613 2525 :
3646 2471 3747 2527 De:

2097 2562 2322 2618 ancient
2350 2559 2688 2633 Apologistes
2716 2561 2785 2617 de
2812 2561 2868 2615 la
2895 2560 3166 2630 Religion.

2879 2652 2911 2702 7
2990 2691 3004 2706 .

2167 2738 2259 2794 Fr.
2292 2737 2395 2794 Pb.
2416 2737 2699 2808 Gourdin,
2723 2737 2805 2793 rei
2826 2650 3118 2793 litigarim
3149 2741 3207 2794 et
3226 2736 3573 2810 antiquariis
3598 2754 3742 2811 gna-

2094 2842 2215 2899 rus,
2246 2827 2319 2883 ad
2350 2827 2416 2883 D.
2449 2827 2727 2899 Grappin,
2759 2826 2825 2883 Ο.
2848 2826 2906 2882 S.
2941 2827 3024 2893 B.,
3058 2827 3351 2883 scribebat
3370 2827 3481 2883 hoc
3502 2844 3654 2883 anno
3679 2843 3741 2883 se

344 2915 493 2996 turis
510 2915 844 2999 exercendis
861 2950 1206 3017 occupatur:
1236 2915 1531 3017 postmma
1551 2915 1810 3012 tandem,
1828 2915 1984 3016 quod
2088 2917 2337 3015 jamJam
2368 2916 2833 3017 edituruuffom
2876 2932 3034 3017 ξῖονδθ
3056 2915 3292 3016 ,Gauicm
3322 2915 3605 3017 vf’rsionis

337 3029 587 3086 breviter
607 3035 663 3087 et
683 3034 1160 3104 summatim,nec
1182 3039 1376 3090 tamen
1400 3051 1533 3091 cum
1550 3033 1984 3106 persPicuitatis
2049 3079 2069 3099 ,

329 3119 563 3190 jactura
592 3120 841 3177 aliorum
871 3124 1018 3179 bene
1049 3123 1205 3179 dicta
1236 3122 1443 3195 repetit
1472 3124 1829 3195 omninoque
1859 3138 1979 3178 ser-

340 3209 532 3264 monis
563 3210 879 3265 maximam
912 3227 1113 3266 curam
1144 3212 1337 3266 habet.
1362 3210 1591 3267 Ernesti
1623 3211 1880 3283 praefatio
1912 3211 1981 3265 de

341 3312 643 3353 sacrorum
672 3298 1027 3371 scriptorum
1077 3298 1321 3355 lectione
1369 3316 1502 3354 cum
1554 3298 1982 3370 antiquioribus

346 3386 555 3440 Graecis
574 3390 631 3441 et
656 3386 932 3443 Romanis
955 3388 1336 3460 scriptoribus
1354 3388 1765 3461 conjungsnda
1793 3385 1987 3460 praeci-

345 3473 451 3545 pit.
477 3474 707 3531 Accedit
722 3476 974 3548 denique
995 3481 1203 3550 praeter
1222 3477 1362 3533 Bald
1373 3476 1493 3533 uini
1515 3474 1987 3533 dissertationem

345 3562 629 3620 Holstenii
659 3564 906 3637 epistola
929 3571 988 3621 et
1016 3566 1189 3622 index
1217 3567 1445 3639 triplex.

1093 3656 1247 3709 1762.

410 3742 465 3798 J.
502 3743 565 3797 D.
595 3742 722 3798 Van
753 3743 970 3812 Hoven,
1004 3759 1094 3816 ep.
1128 3744 1268 3799 hist.
1302 3744 1502 3800 critica
1534 3743 1605 3801 de
1634 3760 1769 3800 vera
1799 3746 1988 3810 aetate,

342 3830 625 3902 dignitate
655 3835 711 3888 et
741 3832 935 3904 patria
974 3833 1150 3889 Marci
1180 3833 1419 3889 Minucii
1470 3833 1698 3899 Felicis,
1729 3831 1986 3905 Campis,

343 3918 515 3987 in-40,
547 3920 645 3990 qui
675 3937 891 3993 magna
921 3922 1288 3978 contentione
1317 3922 1376 3977 id
1408 3923 1546 3995 egit,
1572 3926 1638 3977 ut
1668 3921 1987 3979 Minucium

348 4011 482 4064 ante
511 4008 935 4067 Tertullianum
965 4015 1021 4066 et
1051 4012 1127 4067 M.
1158 4011 1438 4068 Antonini
1486 4012 1849 4083 temporibus
1879 4009 1988 4065 ﬂo-

345 4097 536 4153 ruisse
562 4098 852 4170 probaret.
886 4102 1113 4156 Recusa
1158 4104 1247 4156 est
1274 4099 1394 4155 haec
1424 4098 1670 4172 epistola
1709 4098 1767 4153 in
1798 4104 1991 4155 aucto-

345 4185 429 4241 ris
461 4185 780 4259 spicilegiis
811 4189 1007 4245 critico
1035 4188 1384 4261 antiquariis
1415 4192 1472 4245 et
1501 4188 1560 4245 in
1592 4188 1867 4245 Lindneri
1887 4187 1988 4243 ad-

345 4275 563 4333 ditione
592 4279 852 4334 secunda
885 4279 1125 4335 Minucii
1156 4278 1381 4335 Felicis.

1086 4370 1241 4425 1763.

408 4457 581 4515 Vens.
636 4475 969 4516 GERMANICA
1014 4460 1087 4514 II.
1142 4458 1375 4526 Octavii,
1424 4457 1740 4531 interprete
1790 4470 1986 4528 magn.

342 4547 547 4603 Gottfr.
582 4548 871 4616 Liehwer,
903 4548 1072 4604 in-8'.

1095 4638 1251 4694 1766.

419 4731 520 4782 Eo.
553 4727 974 4784 GALLANDIANA.
1022 4728 1085 4782 In
1118 4727 1345 4783 collect.
1395 4742 1543 4781 nova
1588 4723 1739 4779 Vett.
1766 4724 1898 4792 ΡΡ.,
1943 4725 1986 4778 t.

346 4816 420 4873 II.
454 4816 733 4885 Venetiis,
765 4816 823 4871 in
857 4816 981 4884 fol.,
1013 4817 1086 4873 ad
1117 4816 1408 4889 duplicem
1452 4813 1671 4870 Davisii
1700 4812 1989 4870 recensio-

346 4924 503 4974 nem,
544 4906 773 4963 selectis
800 4906 1095 4963 variorum
1126 4906 1279 4963 notis
1310 4921 1440 4976 quae
1468 4906 1802 4960 contextum
1831 4918 1989 4959 ema-

346 4996 666 5055 culandum
698 4996 1069 5069 respicerent.

1093 5085 1249 5142 1767.

416 5179 474 5234 S.
508 5176 759 5234 Cornelii
790 5180 847 5233 et
876 5171 1449 5245 Novatianioperain
1479 5170 1682 5227 eadem
1701 5166 1991 5226 Gallandii

342 5265 714 5347 Collectione,
745 5271 784 5321 t.
835 5266 932 5339 III,
968 5283 1023 5337 p.
1072 5262 1329 5326 278287,
1361 5263 1419 5315 et
1464 5250 1729 5315 333-562.
1757 5261 1987 5325 Venet.,

344 5357 598 5413 in-folio.
646 5356 647 5359 “

1088 5445 1246 5498 1778.

418 5539 520 5594 Eo.
558 5540 920 5593 LINDNERANA
952 5535 1019 5589 II.
1043 5531 1326 5589 Secundis
1359 5530 1515 5586 curis
1546 5528 1629 5587 Cl.
1664 5528 1992 5585 Lindnerus

345 5627 681 5692 Minutium,
714 5624 1134 5701 Longosalissa:
1183 5620 1496 5694 evulgavit,
1544 5619 1716 5675 in-8°.
1749 5620 1814 5673 In
1845 5634 1993 5674 nova

342 5718 452 5778 hac
494 5713 745 5773 editione
777 5714 1052 5773 lectiones
1102 5711 1413 5784 variantes,
1444 5702 1812 5782 conjecturas
1839 5706 2005 5765 viro-‘

2093 3006 2356 3061 nucianaa
2386 3030 2400 3072 ;
2434 3021 2564 3076 quae
2583 3006 2655 3061 ad
2679 3004 2835 3060 hunc
2865 3005 3022 3062 diem
3053 3006 3414 3078 incomperta
3436 3005 3738 3062 remansit.

2861 3096 2959 3150 791
2974 3136 2989 3150 .

2167 3183 2234 3239 G.
2267 3183 2329 3238 F.
2364 3181 2565 3253 Steph.
2598 3182 2814 3239 Stierer
2830 3094 3277 3241 1.17):waioue:
3306 3183 3604 3241 nonnullae
3630 3186 3743 3239 cri-

2014 3233 2058 3301 (ἶ
2096 3233 2234 3330 είεὲ
2251 3233 3740 3344 i1;{an};stagna;"suasisset.

2096 3366 2282 3433 Ausp.
2314 3359 2483 3415 ίιι-4ο.

2834 3450 2994 3505 1792.

2168 3538 2383 3594 νεικειο
2409 3538 2724 3595 Brennum
2757 3539 2799 3594 Ι.
2827 3537 3045 3594 Octavii
3074 3537 3134 3593 in
3166 3552 3339 3609 opere
3368 3537 3463 3593 cui
3491 3536 3739 3593 titulus:

2101 3628 2365 3685 Colecwn
2391 3627 2456 3684 de
2487 3628 2565 3684 los
2592 3628 2924 3698 apologistas
2951 3627 3017 3683 de
3044 3628 3103 3683 la
3130 3627 3382 3698 Religion
3404 3627 3746 3697 [christiana,

2099 3716 2345 3773 reunida
2375 3733 2481 3789 por
2507 3716 2559 3772 el
2590 3732 2763 3774 senor
2791 3717 3009 3773 Abbate
3039 3715 3132 3772 del
3163 3715 3391 3788 Gourcy
3426 3715 3747 3771 traduceda

2100 3805 2155 3861 al
2185 3804 2501 3862 castellano
2525 3808 2584 3861 et
2621 3804 2888 3861 dedicata
2915 3805 2971 3861 al
3020 3805 3183 3861 sabio
3215 3804 3368 3862 clero
3396 3805 3468 3860 de
3512 3804 3746 3876 Espana

2099 3911 2207 3967 por
2234 3899 2298 3950 D.
2325 3892 2559 3951 Manuel
2591 3893 2788 3949 Imeno
2808 3910 2843 3965 y
2862 3892 3113 3950 Urriera.
3132 3892 3383 3950 Madaid.
3413 3897 3459 3950 t.
3490 3893 3561 3950 ll.
3594 3892 3745 3950 in-A.

2720 4013 2951 4054 ειεαυω
2987 4013 3105 4053 XIX.

2836 4087 2995 4143 1823.
3384 4136 3387 4139 γ

2168 4178 2343 4236 Vens.
2376 4182 2621 4234 GALLICA
2652 4176 2695 4233 Ι.
2725 4176 2953 4247 Octavii,
2982 4175 3233 4247 {auctore
3280 4175 3408 4229 Ant.
3440 4172 3743 4242 Pericaud,

2098 4271 2435 4326 recensente
2461 4270 2521 4322 C.
2566 4271 2775 4339 Bregot
2801 4266 2881 4321 dU
2912 4266 3045 4331 Lut,
3076 4262 3470 4337 praeeuntibus
3515 4262 3746 4319 Tertul-

2099 4355 2242 4414 liani
2257 4355 2406 4411 libro
2427 4356 2761 4428 Apologetico
2776 4358 2834 4409 et
2852 4356 3102 4409 tractatu
3121 4352 3188 4409 de
3204 4351 3746 4423 Praesa'iptionibus.

2837 4442 2997 4497 1824.

2170 4535 2343 4591 Vens.
2374 4533 2617 4594 GALLICA
2646 4530 2715 4585 V.
2743 4529 3024 4601 Ejusdem
3058 4529 3296 4597 Octavii,
3327 4543 3423 4600 op.
3455 4528 3524 4584 D.
3566 4527 3645 4584 M.
3676 4527 3747 4584 Ν.

2021 4608 2069 4673 Β
2098 4625 2160 4681 S.
2190 4621 2422 4678 Guillon
2453 4621 2515 4675 in
2546 4636 2611 4674 ιιι
2639 4616 2939 4674 volumine
2967 4616 3322 4673 Bibliotheca
3350 4617 3482 4688 ejus
3519 4614 3745 4673 selectae

2099 4711 2337 4768 Patrum
2361 4706 2632 4767 Ecclesia
2660 4705 2855 4762 latina
2884 4710 2942 4761 et
2968 4704 3289 4762 orientalis.

2126 4920 2131 4923 λ
2168 4895 2239 4947 Η.
2272 4888 2468 4947 Maiori
2509 4795 3005 4946 Commematif
3042 4884 3275 4941 Minucio
3318 4885 3519 4956 Felice,
3550 4881 3752 4940 Turici

2101 4980 2242 5023 in.R0

2097 4982 2261 5037 in-8°.

2836 5064 2996 5121 1836.

2166 5161 2344 5219 Vens.
2376 5160 2619 5217 GALLICA
2646 5156 2744 5224 VI,
2765 5158 3004 5212 auctore
3032 5152 3087 5210 J.
3108 5151 3176 5209 D.
3210 5150 3472 5221 Bucbon,
3493 5151 3595 5226 qui
3616 5167 3747 5210 eam

2097 5252 2347 5311 inseruit
2372 5251 2435 5307 in
2460 5246 2800 5307 collectione
2845 5240 3005 5299 diota
3029 5240 3336 5309 Pantheon,
3381 5242 3492 5299 sub
3533 5242 3645 5300 hoc
3670 5241 3751 5298 ti-

2098 5343 2225 5401 tulo
2255 5361 2272 5397 :
2305 5339 2481 5401 Glicia:
2508 5338 2573 5394 de
2596 5340 2947 5394 monument:
2966 5330 3234 5405 primitiis
3261 5331 3327 5388 de
3356 5330 3576 5404 l’Eglise
3594 5332 3753 5389 chre-

2100 5434 2307 5498 τέθηπα,
2337 5428 2511 5485 ιιι-4ο.

2838 5511 3000 5568 1836.

2174 5611 2276 5665 Eo.
2308 5609 2683 5666 MURALTIANA
2722 5602 2952 5672 Octavii,
2981 5604 3225 5659 curante
3269 5600 3375 5657 Ed.
3407 5601 3480 5657 de
3508 5598 3747 5672 Muralt,

2099 5698 2316 5772 Turici,
2340 5692 2489 5758 in.8.
2510 5694 2751 5757 Accedit
2766 5691 3183 5755 commentatio
3202 5691 3275 5751 de
3295 5690 3536 5753 Minucii
3553 5694 3751 5752 atate.
