  <div class='ocr_page' id='page_1' title='image "/cluster/home/n/w/nwhite01/storage/ocr_20150623/3/hvd.32044073549586/040.png"; bbox 0 0 4074 6194; ppageno 0'>
   <div class='ocr_carea' id='block_1_1' title="bbox 1734 355 3651 426">
    <p class='ocr_par' dir='ltr' id='par_1_1' title="bbox 1734 355 3651 426">
     <span class='ocr_line' id='line_1_1' title="bbox 1734 355 3651 426; baseline 0.001 -3"><span class='ocrx_word' id='word_1_1' title='bbox 1734 355 2169 424; x_wconf 78' lang='lat' dir='ltr'><strong>EDITORUM.</strong></span> <span class='ocrx_word' id='word_1_2' title='bbox 3523 372 3651 426; x_wconf 78' lang='lat' dir='ltr'><strong>1.1m</strong></span> 
     </span>
    </p>
   </div>
   <div class='ocr_carea' id='block_1_2' title="bbox 241 489 3649 570">
    <p class='ocr_par' dir='ltr' id='par_1_2' title="bbox 241 489 3649 570">
     <span class='ocr_line' id='line_1_2' title="bbox 241 489 3649 570; baseline -0.006 -3"><span class='ocrx_word' id='word_1_3' title='bbox 241 520 356 567; x_wconf 89' lang='lat' dir='ltr'><strong>tore</strong></span> <span class='ocrx_word' id='word_1_4' title='bbox 405 505 589 563; x_wconf 83' lang='lat' dir='ltr'><strong>maris</strong></span> <span class='ocrx_word' id='word_1_5' title='bbox 630 509 893 570; x_wconf 86' lang='lat' dir='ltr'><strong>erectum,</strong></span> <span class='ocrx_word' id='word_1_6' title='bbox 925 498 1079 557; x_wconf 85' lang='lat' dir='ltr'><strong>cultu</strong></span> <span class='ocrx_word' id='word_1_7' title='bbox 1127 506 1384 555; x_wconf 78' lang='lat' dir='ltr'><strong>venerant</strong></span> <span class='ocrx_word' id='word_1_8' title='bbox 1430 498 1743 569; x_wconf 69' lang='lat' dir='ltr'><strong>praecipuo;</strong></span> <span class='ocrx_word' id='word_1_9' title='bbox 1775 512 1879 551; x_wconf 88' lang='lat' dir='ltr'><strong>an-</strong></span> <span class='ocrx_word' id='word_1_10' title='bbox 1910 496 1966 562; x_wconf 73' lang='grc' dir='ltr'>Α</span> <span class='ocrx_word' id='word_1_11' title='bbox 1999 492 2164 549; x_wconf 98' lang='lat' dir='ltr'><strong>addit</strong></span> <span class='ocrx_word' id='word_1_12' title='bbox 2193 489 2567 549; x_wconf 78' lang='lat' dir='ltr'><strong>Mabillouius</strong></span> <span class='ocrx_word' id='word_1_13' title='bbox 2600 507 2613 550; x_wconf 91' lang='lat'>:</span> <span class='ocrx_word' id='word_1_14' title='bbox 2657 514 2687 543; x_wconf 90' lang='grc'><strong>‹‹</strong></span> <span class='ocrx_word' id='word_1_15' title='bbox 2722 491 2937 550; x_wconf 81' lang='lat' dir='ltr'><strong>Deinde</strong></span> <span class='ocrx_word' id='word_1_16' title='bbox 2985 492 3254 570; x_wconf 72' lang='lat' dir='ltr'><strong>sequitur</strong></span> <span class='ocrx_word' id='word_1_17' title='bbox 3299 492 3649 553; x_wconf 70' lang='lat' dir='ltr'><strong>Psalterium</strong></span> 
     </span>
    </p>
   </div>
   <div class='ocr_carea' id='block_1_3' title="bbox 239 579 3647 669">
    <p class='ocr_par' dir='ltr' id='par_1_3' title="bbox 239 579 3647 669">
     <span class='ocr_line' id='line_1_3' title="bbox 239 579 3647 669; baseline -0.004 -14"><span class='ocrx_word' id='word_1_18' title='bbox 239 610 530 669; x_wconf 80' lang='lat' dir='ltr'><strong>nuumque</strong></span> <span class='ocrx_word' id='word_1_19' title='bbox 558 599 728 666; x_wconf 88' lang='lat' dir='ltr'><strong>agunt</strong></span> <span class='ocrx_word' id='word_1_20' title='bbox 751 594 971 663; x_wconf 74' lang='lat' dir='ltr'><strong>festum,</strong></span> <span class='ocrx_word' id='word_1_21' title='bbox 1010 589 1151 662; x_wconf 77' lang='lat' dir='ltr'><strong>quod</strong></span> <span class='ocrx_word' id='word_1_22' title='bbox 1178 590 1372 644; x_wconf 84' lang='lat' dir='ltr'><strong>vocant</strong></span> <span class='ocrx_word' id='word_1_23' title='bbox 1398 587 1700 658; x_wconf 77' lang='lat' dir='ltr'><strong>Cypriane.</strong></span> <span class='ocrx_word' id='word_1_24' title='bbox 2006 597 2190 653; x_wconf 81' lang='lat' dir='ltr'><strong>graece</strong></span> <span class='ocrx_word' id='word_1_25' title='bbox 2219 584 2275 635; x_wconf 88' lang='lat' dir='ltr'><strong>et</strong></span> <span class='ocrx_word' id='word_1_26' title='bbox 2302 579 2527 650; x_wconf 75' lang='lat' dir='ltr'><strong>latine;</strong></span> <span class='ocrx_word' id='word_1_27' title='bbox 2546 581 2630 636; x_wconf 89' lang='lat' dir='ltr'><strong>ita</strong></span> <span class='ocrx_word' id='word_1_28' title='bbox 2659 585 2723 637; x_wconf 91' lang='lat' dir='ltr'><strong>ut</strong></span> <span class='ocrx_word' id='word_1_29' title='bbox 2752 581 2939 638; x_wconf 89' lang='lat' dir='ltr'><strong>versio</strong></span> <span class='ocrx_word' id='word_1_30' title='bbox 2969 579 3159 640; x_wconf 68' lang='lat' dir='ltr'><strong>latina</strong></span> <span class='ocrx_word' id='word_1_31' title='bbox 3190 584 3520 656; x_wconf 91' lang='lat' dir='ltr'><strong>oppositam</strong></span> <span class='ocrx_word' id='word_1_32' title='bbox 3544 602 3647 658; x_wconf 90' lang='lat' dir='ltr'><strong>pa-</strong></span> 
     </span>
    </p>
   </div>
   <div class='ocr_carea' id='block_1_4' title="bbox 1012 670 3651 741">
    <p class='ocr_par' dir='ltr' id='par_1_4' title="bbox 1012 670 3651 741">
     <span class='ocr_line' id='line_1_4' title="bbox 1012 670 3651 741; baseline 0.004 -20"><span class='ocrx_word' id='word_1_33' title='bbox 1012 679 1138 734; x_wconf 61' lang='lat'><strong>562,</strong></span> <span class='ocrx_word' id='word_1_34' title='bbox 2008 670 2208 741; x_wconf 90' lang='lat' dir='ltr'><strong>ginam</strong></span> <span class='ocrx_word' id='word_1_35' title='bbox 2238 672 2501 740; x_wconf 85' lang='lat' dir='ltr'><strong>occupet,</strong></span> <span class='ocrx_word' id='word_1_36' title='bbox 2534 670 2749 726; x_wconf 86' lang='lat' dir='ltr'><strong>unciali</strong></span> <span class='ocrx_word' id='word_1_37' title='bbox 2780 670 3131 740; x_wconf 78' lang='lat' dir='ltr'><strong>charactere,</strong></span> <span class='ocrx_word' id='word_1_38' title='bbox 3155 672 3283 730; x_wconf 90' lang='lat' dir='ltr'><strong>sine</strong></span> <span class='ocrx_word' id='word_1_39' title='bbox 3312 674 3651 732; x_wconf 82' lang='lat' dir='ltr'><strong>accentibus</strong></span> 
     </span>
    </p>
   </div>
   <div class='ocr_carea' id='block_1_5' title="bbox 313 756 1942 839">
    <p class='ocr_par' dir='ltr' id='par_1_5' title="bbox 313 768 1593 839">
     <span class='ocr_line' id='line_1_5' title="bbox 313 768 1593 839; baseline -0.009 -7"><span class='ocrx_word' id='word_1_40' title='bbox 313 780 743 832; x_wconf 64' lang='lat' dir='ltr'><strong>Cass1onoaus.</strong></span> <span class='ocrx_word' id='word_1_41' title='bbox 777 770 959 825; x_wconf 84' lang='lat' dir='ltr'><strong>Divin.</strong></span> <span class='ocrx_word' id='word_1_42' title='bbox 991 768 1255 837; x_wconf 87' lang='lat' dir='ltr'><strong>Lection.,</strong></span> <span class='ocrx_word' id='word_1_43' title='bbox 1290 784 1417 839; x_wconf 88' lang='lat' dir='ltr'><strong>cap.</strong></span> <span class='ocrx_word' id='word_1_44' title='bbox 1450 783 1548 822; x_wconf 71' lang='grc' dir='ltr'><strong>χιιι</strong></span> <span class='ocrx_word' id='word_1_45' title='bbox 1581 783 1593 821; x_wconf 91' lang='lat'><strong>:</strong></span> 
     </span>
    </p>
   </div>
   <div class='ocr_carea' id='block_1_6' title="bbox 2081 756 3653 839">
    <p class='ocr_par' dir='ltr' id='par_1_6' title="bbox 2094 756 3653 836">
     <span class='ocr_line' id='line_1_6' title="bbox 2094 756 3653 836; baseline 0.004 -23"><span class='ocrx_word' id='word_1_46' title='bbox 2094 757 2436 830; x_wconf 80' lang='lat' dir='ltr'><strong>spiritibus;</strong></span> <span class='ocrx_word' id='word_1_47' title='bbox 2468 756 2675 830; x_wconf 88' lang='lat' dir='ltr'><strong>incipit</strong></span> <span class='ocrx_word' id='word_1_48' title='bbox 2703 774 2737 814; x_wconf 90' lang='lat' dir='ltr'><strong>a</strong></span> <span class='ocrx_word' id='word_1_49' title='bbox 2782 775 2871 830; x_wconf 91' lang='lat' dir='ltr'><strong>ps.</strong></span> <span class='ocrx_word' id='word_1_50' title='bbox 2920 776 3079 831; x_wconf 84' lang='lat' dir='ltr'><strong>xvm,</strong></span> <span class='ocrx_word' id='word_1_51' title='bbox 3114 761 3282 832; x_wconf 74' lang='lat' dir='ltr'><strong>cuius</strong></span> <span class='ocrx_word' id='word_1_52' title='bbox 3311 778 3450 834; x_wconf 88' lang='lat' dir='ltr'><strong>pars</strong></span> <span class='ocrx_word' id='word_1_53' title='bbox 3493 763 3653 836; x_wconf 89' lang='lat' dir='ltr'><strong>prior</strong></span> 
     </span>
    </p>
   </div>
   <div class='ocr_carea' id='block_1_7' title="bbox 320 846 3655 931">
    <p class='ocr_par' dir='ltr' id='par_1_7' title="bbox 320 846 3655 931">
     <span class='ocr_line' id='line_1_7' title="bbox 320 846 3655 931; baseline -0.001 -14"><span class='ocrx_word' id='word_1_54' title='bbox 320 888 350 917; x_wconf 74' lang='grc' dir='ltr'><strong>«ι</strong></span> <span class='ocrx_word' id='word_1_55' title='bbox 380 860 769 921; x_wconf 88' lang='lat' dir='ltr'><strong>Beatissimus</strong></span> <span class='ocrx_word' id='word_1_56' title='bbox 801 857 1143 931; x_wconf 81' lang='lat' dir='ltr'><strong>Cyprianus,</strong></span> <span class='ocrx_word' id='word_1_57' title='bbox 1173 855 1332 913; x_wconf 91' lang='lat' dir='ltr'><strong>velut</strong></span> <span class='ocrx_word' id='word_1_58' title='bbox 1360 855 1556 911; x_wconf 91' lang='lat' dir='ltr'><strong>oleum</strong></span> <span class='ocrx_word' id='word_1_59' title='bbox 1587 854 1901 910; x_wconf 86' lang='lat' dir='ltr'><strong>decurrens</strong></span> <span class='ocrx_word' id='word_1_60' title='bbox 2009 848 2397 913; x_wconf 83' lang='lat' dir='ltr'><strong>desideratur,</strong></span> <span class='ocrx_word' id='word_1_61' title='bbox 2428 851 2485 903; x_wconf 91' lang='lat' dir='ltr'><strong>et</strong></span> <span class='ocrx_word' id='word_1_62' title='bbox 2525 846 2741 904; x_wconf 88' lang='lat' dir='ltr'><strong>desinit</strong></span> <span class='ocrx_word' id='word_1_63' title='bbox 2770 848 2828 902; x_wconf 92' lang='lat' dir='ltr'><strong>in</strong></span> <span class='ocrx_word' id='word_1_64' title='bbox 2882 866 3054 918; x_wconf 77' lang='lat' dir='ltr'><strong>LXXII,</strong></span> <span class='ocrx_word' id='word_1_65' title='bbox 3086 851 3257 921; x_wconf 87' lang='lat' dir='ltr'><strong>cujus</strong></span> <span class='ocrx_word' id='word_1_66' title='bbox 3287 867 3425 923; x_wconf 89' lang='lat' dir='ltr'><strong>pars</strong></span> <span class='ocrx_word' id='word_1_67' title='bbox 3466 856 3655 926; x_wconf 85' lang='lat' dir='ltr'><strong>poste-</strong></span> 
     </span>
    </p>
   </div>
   <div class='ocr_carea' id='block_1_8' title="bbox 247 935 3655 1019">
    <p class='ocr_par' dir='ltr' id='par_1_8' title="bbox 247 935 3655 1019">
     <span class='ocr_line' id='line_1_8' title="bbox 247 935 3655 1019; baseline -0.004 -7"><span class='ocrx_word' id='word_1_68' title='bbox 247 957 307 1011; x_wconf 87' lang='lat' dir='ltr'><strong>in</strong></span> <span class='ocrx_word' id='word_1_69' title='bbox 336 968 582 1011; x_wconf 86' lang='lat' dir='ltr'><strong>omnem</strong></span> <span class='ocrx_word' id='word_1_70' title='bbox 608 948 959 1006; x_wconf 80' lang='lat' dir='ltr'><strong>suavitatem</strong></span> <span class='ocrx_word' id='word_1_71' title='bbox 990 946 1193 1019; x_wconf 86' lang='lat' dir='ltr'><strong>lingua</strong></span> <span class='ocrx_word' id='word_1_72' title='bbox 1211 945 1538 1018; x_wconf 89' lang='lat' dir='ltr'><strong>composita</strong></span> <span class='ocrx_word' id='word_1_73' title='bbox 1563 962 1579 1013; x_wconf 88' lang='lat'><strong>;</strong></span> <span class='ocrx_word' id='word_1_74' title='bbox 1610 944 1900 1000; x_wconf 89' lang='lat' dir='ltr'><strong>declama-</strong></span> <span class='ocrx_word' id='word_1_75' title='bbox 2011 937 2130 994; x_wconf 90' lang='lat' dir='ltr'><strong>rior</strong></span> <span class='ocrx_word' id='word_1_76' title='bbox 2157 937 2336 993; x_wconf 87' lang='lat' dir='ltr'><strong>deest.</strong></span> <span class='ocrx_word' id='word_1_77' title='bbox 2367 956 2395 989; x_wconf 75' lang='grc' dir='ltr'><strong>ι</strong></span> <span class='ocrx_word' id='word_1_78' title='bbox 2428 936 2540 993; x_wconf 90' lang='lat' dir='ltr'><strong>Sed</strong></span> <span class='ocrx_word' id='word_1_79' title='bbox 2574 935 2728 993; x_wconf 88' lang='lat' dir='ltr'><strong>mala</strong></span> <span class='ocrx_word' id='word_1_80' title='bbox 2771 938 3093 994; x_wconf 88' lang='lat' dir='ltr'><strong>recentium</strong></span> <span class='ocrx_word' id='word_1_81' title='bbox 3123 942 3539 1013; x_wconf 81' lang='lat' dir='ltr'><strong>tempestatum</strong></span> <span class='ocrx_word' id='word_1_82' title='bbox 3570 942 3655 998; x_wconf 79' lang='lat' dir='ltr'><strong>in~</strong></span> 
     </span>
    </p>
   </div>
   <div class='ocr_carea' id='block_1_9' title="bbox 246 1025 3654 1114">
    <p class='ocr_par' dir='ltr' id='par_1_9' title="bbox 246 1025 3654 1114">
     <span class='ocr_line' id='line_1_9' title="bbox 246 1025 3654 1114; baseline -0.001 -22"><span class='ocrx_word' id='word_1_83' title='bbox 246 1050 337 1101; x_wconf 70' lang='grc' dir='ltr'><strong>ἰοι-</strong></span> <span class='ocrx_word' id='word_1_84' title='bbox 366 1041 629 1114; x_wconf 83' lang='lat' dir='ltr'><strong>insignis</strong></span> <span class='ocrx_word' id='word_1_85' title='bbox 674 1039 991 1109; x_wconf 89' lang='lat' dir='ltr'><strong>doctorque</strong></span> <span class='ocrx_word' id='word_1_86' title='bbox 1038 1034 1421 1091; x_wconf 84' lang='lat' dir='ltr'><strong>admirabilis.</strong></span> <span class='ocrx_word' id='word_1_87' title='bbox 1454 1035 1713 1099; x_wconf 87' lang='lat' dir='ltr'><strong>Quantos</strong></span> <span class='ocrx_word' id='word_1_88' title='bbox 1744 1032 1901 1088; x_wconf 89' lang='lat' dir='ltr'><strong>enim</strong></span> <span class='ocrx_word' id='word_1_89' title='bbox 2004 1025 2165 1098; x_wconf 89' lang='lat' dir='ltr'><strong>juria</strong></span> <span class='ocrx_word' id='word_1_90' title='bbox 2194 1043 2259 1081; x_wconf 94' lang='lat' dir='ltr'><strong>ac</strong></span> <span class='ocrx_word' id='word_1_91' title='bbox 2308 1026 2555 1081; x_wconf 85' lang='lat' dir='ltr'><strong>fortasse</strong></span> <span class='ocrx_word' id='word_1_92' title='bbox 2586 1025 2851 1081; x_wconf 90' lang='lat' dir='ltr'><strong>incendio</strong></span> <span class='ocrx_word' id='word_1_93' title='bbox 2899 1025 3268 1084; x_wconf 64' lang='lat' dir='ltr'><strong>Bibliotheca:</strong></span> <span class='ocrx_word' id='word_1_94' title='bbox 3312 1029 3654 1102; x_wconf 88' lang='lat' dir='ltr'><strong>Sangerma-</strong></span> 
     </span>
    </p>
   </div>
   <div class='ocr_carea' id='block_1_10' title="bbox 244 392 346 440">
    <p class='ocr_par' dir='ltr' id='par_1_10' title="bbox 244 392 346 440">
     <span class='ocr_line' id='line_1_10' title="bbox 244 392 346 440; baseline -0.029 0"><span class='ocrx_word' id='word_1_95' title='bbox 244 392 346 440; x_wconf 72' lang='lat' dir='ltr'><strong>LXI</strong></span> 
     </span>
    </p>
   </div>
   <div class='ocr_carea' id='block_1_11' title="bbox 248 1121 1906 1196">
    <p class='ocr_par' dir='ltr' id='par_1_11' title="bbox 248 1121 1906 1196">
     <span class='ocr_line' id='line_1_11' title="bbox 248 1121 1906 1196; baseline -0.008 -8"><span class='ocrx_word' id='word_1_96' title='bbox 248 1132 348 1189; x_wconf 88' lang='lat' dir='ltr'><strong>ille</strong></span> <span class='ocrx_word' id='word_1_97' title='bbox 389 1128 737 1185; x_wconf 86' lang='lat' dir='ltr'><strong>dubitantes</strong></span> <span class='ocrx_word' id='word_1_98' title='bbox 766 1142 882 1180; x_wconf 89' lang='lat' dir='ltr'><strong>non</strong></span> <span class='ocrx_word' id='word_1_99' title='bbox 935 1123 1173 1196; x_wconf 86' lang='lat' dir='ltr'><strong>pertulit</strong></span> <span class='ocrx_word' id='word_1_100' title='bbox 1224 1122 1363 1195; x_wconf 86' lang='lat' dir='ltr'><strong>labi,</strong></span> <span class='ocrx_word' id='word_1_101' title='bbox 1396 1122 1593 1195; x_wconf 87' lang='lat' dir='ltr'><strong>lapsos</strong></span> <span class='ocrx_word' id='word_1_102' title='bbox 1643 1138 1779 1178; x_wconf 90' lang='lat' dir='ltr'><strong>vero</strong></span> <span class='ocrx_word' id='word_1_103' title='bbox 1810 1121 1906 1176; x_wconf 82' lang='lat' dir='ltr'><strong>ﬁr-</strong></span> 
     </span>
    </p>
   </div>
   <div class='ocr_carea' id='block_1_12' title="bbox 254 1210 1904 1286">
    <p class='ocr_par' dir='ltr' id='par_1_12' title="bbox 254 1210 1904 1286">
     <span class='ocr_line' id='line_1_12' title="bbox 254 1210 1904 1286; baseline -0.007 -10"><span class='ocrx_word' id='word_1_104' title='bbox 254 1219 528 1276; x_wconf 86' lang='lat' dir='ltr'><strong>missima</strong></span> <span class='ocrx_word' id='word_1_105' title='bbox 595 1212 1007 1286; x_wconf 61' lang='lat' dir='ltr'><strong>praedicatione</strong></span> <span class='ocrx_word' id='word_1_106' title='bbox 1065 1210 1357 1278; x_wconf 90' lang='lat' dir='ltr'><strong>solidavit,</strong></span> <span class='ocrx_word' id='word_1_107' title='bbox 1413 1211 1774 1267; x_wconf 79' lang='lat' dir='ltr'><strong>confessores</strong></span> <span class='ocrx_word' id='word_1_108' title='bbox 1832 1210 1904 1265; x_wconf 90' lang='lat' dir='ltr'><strong>ad</strong></span> 
     </span>
    </p>
   </div>
   <div class='ocr_carea' id='block_1_13' title="bbox 255 1300 1905 1378">
    <p class='ocr_par' dir='ltr' id='par_1_13' title="bbox 255 1300 1905 1378">
     <span class='ocr_line' id='line_1_13' title="bbox 255 1300 1905 1378; baseline -0.006 -14"><span class='ocrx_word' id='word_1_109' title='bbox 255 1306 606 1378; x_wconf 75' lang='lat' dir='ltr'><strong>martyrium</strong></span> <span class='ocrx_word' id='word_1_110' title='bbox 636 1303 763 1374; x_wconf 90' lang='lat' dir='ltr'><strong>ipse</strong></span> <span class='ocrx_word' id='word_1_111' title='bbox 806 1300 1122 1373; x_wconf 83' lang='lat' dir='ltr'><strong>perduxit?</strong></span> <span class='ocrx_word' id='word_1_112' title='bbox 1153 1304 1209 1354; x_wconf 88' lang='lat' dir='ltr'><strong>et</strong></span> <span class='ocrx_word' id='word_1_113' title='bbox 1238 1315 1310 1354; x_wconf 91' lang='lat' dir='ltr'><strong>ne</strong></span> <span class='ocrx_word' id='word_1_114' title='bbox 1358 1300 1549 1355; x_wconf 90' lang='lat' dir='ltr'><strong>minor</strong></span> <span class='ocrx_word' id='word_1_115' title='bbox 1578 1304 1731 1356; x_wconf 89' lang='lat' dir='ltr'><strong>esset</strong></span> <span class='ocrx_word' id='word_1_116' title='bbox 1760 1316 1905 1372; x_wconf 70' lang='lat' dir='ltr'><strong>pra:-</strong></span> 
     </span>
    </p>
   </div>
   <div class='ocr_carea' id='block_1_14' title="bbox 256 1388 1907 1461">
    <p class='ocr_par' dir='ltr' id='par_1_14' title="bbox 256 1388 1907 1461">
     <span class='ocr_line' id='line_1_14' title="bbox 256 1388 1907 1461; baseline -0.005 -9"><span class='ocrx_word' id='word_1_117' title='bbox 256 1394 653 1453; x_wconf 83' lang='lat' dir='ltr'><strong>dicationibus</strong></span> <span class='ocrx_word' id='word_1_118' title='bbox 676 1390 821 1461; x_wconf 89' lang='lat' dir='ltr'><strong>suis,</strong></span> <span class='ocrx_word' id='word_1_119' title='bbox 843 1389 965 1461; x_wconf 91' lang='lat' dir='ltr'><strong>ipse</strong></span> <span class='ocrx_word' id='word_1_120' title='bbox 996 1404 1223 1459; x_wconf 88' lang='lat' dir='ltr'><strong>quoque</strong></span> <span class='ocrx_word' id='word_1_121' title='bbox 1246 1388 1503 1461; x_wconf 81' lang='lat' dir='ltr'><strong>martyrii</strong></span> <span class='ocrx_word' id='word_1_122' title='bbox 1538 1406 1771 1459; x_wconf 80' lang='lat' dir='ltr'><strong>corona,</strong></span> <span class='ocrx_word' id='word_1_123' title='bbox 1795 1388 1907 1443; x_wconf 87' lang='lat' dir='ltr'><strong>Do-</strong></span> 
     </span>
    </p>
   </div>
   <div class='ocr_carea' id='block_1_15' title="bbox 256 1477 1266 1554">
    <p class='ocr_par' dir='ltr' id='par_1_15' title="bbox 256 1477 1266 1554">
     <span class='ocr_line' id='line_1_15' title="bbox 256 1477 1266 1554; baseline -0.009 -12"><span class='ocrx_word' id='word_1_124' title='bbox 256 1485 420 1541; x_wconf 88' lang='lat' dir='ltr'><strong>mino</strong></span> <span class='ocrx_word' id='word_1_125' title='bbox 450 1482 785 1554; x_wconf 57' lang='lat' dir='ltr'><strong>praestante,</strong></span> <span class='ocrx_word' id='word_1_126' title='bbox 818 1477 1129 1532; x_wconf 89' lang='lat' dir='ltr'><strong>decoratus</strong></span> <span class='ocrx_word' id='word_1_127' title='bbox 1159 1480 1266 1533; x_wconf 91' lang='lat' dir='ltr'><strong>est.</strong></span> 
     </span>
    </p>
   </div>
   <div class='ocr_carea' id='block_1_16' title="bbox 332 1599 1165 1674">
    <p class='ocr_par' dir='ltr' id='par_1_16' title="bbox 332 1599 1165 1674">
     <span class='ocr_line' id='line_1_16' title="bbox 332 1599 1165 1674; baseline -0.012 -10"><span class='ocrx_word' id='word_1_128' title='bbox 332 1609 580 1669; x_wconf 74' lang='lat' dir='ltr'><strong>ENNOD.,</strong></span> <span class='ocrx_word' id='word_1_129' title='bbox 612 1603 790 1674; x_wconf 90' lang='lat' dir='ltr'><strong>episc.</strong></span> <span class='ocrx_word' id='word_1_130' title='bbox 824 1599 1115 1655; x_wconf 88' lang='lat' dir='ltr'><strong>Ticinens.</strong></span> <span class='ocrx_word' id='word_1_131' title='bbox 1151 1618 1165 1655; x_wconf 74' lang='grc' dir='ltr'>ε</span> 
     </span>
    </p>
   </div>
   <div class='ocr_carea' id='block_1_17' title="bbox 576 1707 1354 1772">
    <p class='ocr_par' dir='ltr' id='par_1_17' title="bbox 576 1707 1354 1772">
     <span class='ocr_line' id='line_1_17' title="bbox 576 1707 1354 1772; baseline -0.004 -12"><span class='ocrx_word' id='word_1_132' title='bbox 576 1710 735 1772; x_wconf 81' lang='lat' dir='ltr'><strong>Vatis</strong></span> <span class='ocrx_word' id='word_1_133' title='bbox 751 1707 999 1772; x_wconf 83' lang='lat' dir='ltr'><strong>Cypriani</strong></span> <span class='ocrx_word' id='word_1_134' title='bbox 1029 1711 1079 1757; x_wconf 88' lang='lat' dir='ltr'><strong>et</strong></span> <span class='ocrx_word' id='word_1_135' title='bbox 1107 1708 1354 1772; x_wconf 76' lang='lat' dir='ltr'><strong>martyris</strong></span> 
     </span>
    </p>
   </div>
   <div class='ocr_carea' id='block_1_18' title="bbox 584 1770 1426 1834">
    <p class='ocr_par' dir='ltr' id='par_1_18' title="bbox 584 1770 1426 1834">
     <span class='ocr_line' id='line_1_18' title="bbox 584 1770 1426 1834; baseline -0.001 -12"><span class='ocrx_word' id='word_1_136' title='bbox 584 1774 694 1831; x_wconf 83' lang='lat' dir='ltr'><strong>Cor,</strong></span> <span class='ocrx_word' id='word_1_137' title='bbox 724 1770 930 1834; x_wconf 81' lang='lat' dir='ltr'><strong>lingua,</strong></span> <span class='ocrx_word' id='word_1_138' title='bbox 965 1782 1171 1834; x_wconf 82' lang='lat' dir='ltr'><strong>sensus,</strong></span> <span class='ocrx_word' id='word_1_139' title='bbox 1194 1770 1426 1834; x_wconf 79' lang='lat' dir='ltr'><strong>dignitas</strong></span> 
     </span>
    </p>
   </div>
   <div class='ocr_carea' id='block_1_19' title="bbox 584 1831 1381 1894">
    <p class='ocr_par' dir='ltr' id='par_1_19' title="bbox 584 1831 1381 1894">
     <span class='ocr_line' id='line_1_19' title="bbox 584 1831 1381 1894; baseline -0.001 -10"><span class='ocrx_word' id='word_1_140' title='bbox 584 1836 801 1884; x_wconf 72' lang='lat' dir='ltr'><strong>Mortem</strong></span> <span class='ocrx_word' id='word_1_141' title='bbox 813 1831 1051 1881; x_wconf 37' lang='lat' dir='ltr'><strong>‘ferendo</strong></span> <span class='ocrx_word' id='word_1_142' title='bbox 1085 1831 1381 1894; x_wconf 72' lang='lat' dir='ltr'><strong>proferunt.</strong></span> 
     </span>
    </p>
   </div>
   <div class='ocr_carea' id='block_1_20' title="bbox 586 1894 1289 1955">
    <p class='ocr_par' dir='ltr' id='par_1_20' title="bbox 586 1894 1289 1955">
     <span class='ocr_line' id='line_1_20' title="bbox 586 1894 1289 1955; baseline -0.003 -10"><span class='ocrx_word' id='word_1_143' title='bbox 586 1895 761 1945; x_wconf 81' lang='lat' dir='ltr'><strong>Vitalis</strong></span> <span class='ocrx_word' id='word_1_144' title='bbox 792 1895 956 1944; x_wconf 89' lang='lat' dir='ltr'><strong>ictum</strong></span> <span class='ocrx_word' id='word_1_145' title='bbox 991 1907 1097 1943; x_wconf 83' lang='lat' dir='ltr'><strong>nex</strong></span> <span class='ocrx_word' id='word_1_146' title='bbox 1125 1894 1289 1955; x_wconf 87' lang='lat' dir='ltr'><strong>dedit,</strong></span> 
     </span>
    </p>
   </div>
   <div class='ocr_carea' id='block_1_21' title="bbox 581 1956 1339 2020">
    <p class='ocr_par' dir='ltr' id='par_1_21' title="bbox 581 1956 1339 2020">
     <span class='ocr_line' id='line_1_21' title="bbox 581 1956 1339 2020; baseline -0.003 -11"><span class='ocrx_word' id='word_1_147' title='bbox 581 1960 835 2009; x_wconf 81' lang='lat' dir='ltr'><strong>Macrone</strong></span> <span class='ocrx_word' id='word_1_148' title='bbox 862 1956 1137 2020; x_wconf 52' lang='lat' dir='ltr'><strong>partem;</strong></span> <span class='ocrx_word' id='word_1_149' title='bbox 1162 1957 1339 2020; x_wconf 78' lang='lat' dir='ltr'><strong>micat.</strong></span> 
     </span>
    </p>
   </div>
   <div class='ocr_carea' id='block_1_22' title="bbox 579 2018 1264 2081">
    <p class='ocr_par' dir='ltr' id='par_1_22' title="bbox 579 2018 1264 2081">
     <span class='ocr_line' id='line_1_22' title="bbox 579 2018 1264 2081; baseline -0.004 -10"><span class='ocrx_word' id='word_1_150' title='bbox 579 2021 746 2071; x_wconf 83' lang='lat' dir='ltr'><strong>Dictis</strong></span> <span class='ocrx_word' id='word_1_151' title='bbox 770 2018 1264 2081; x_wconf 58' lang='lat' dir='ltr'><strong>fuit&#39;prtefulgidus,</strong></span> 
     </span>
    </p>
   </div>
   <div class='ocr_carea' id='block_1_23' title="bbox 583 2080 1150 2140">
    <p class='ocr_par' dir='ltr' id='par_1_23' title="bbox 583 2080 1150 2140">
     <span class='ocr_line' id='line_1_23' title="bbox 583 2080 1150 2140; baseline -0.005 -8"><span class='ocrx_word' id='word_1_152' title='bbox 583 2084 646 2132; x_wconf 87' lang='lat' dir='ltr'><strong>Et</strong></span> <span class='ocrx_word' id='word_1_153' title='bbox 671 2096 764 2131; x_wconf 86' lang='lat' dir='ltr'><strong>ore</strong></span> <span class='ocrx_word' id='word_1_154' title='bbox 790 2080 942 2131; x_wconf 81' lang='lat' dir='ltr'><strong>dives</strong></span> <span class='ocrx_word' id='word_1_155' title='bbox 970 2080 1150 2140; x_wconf 84' lang='lat' dir='ltr'><strong>unico,</strong></span> 
     </span>
    </p>
   </div>
   <div class='ocr_carea' id='block_1_24' title="bbox 582 2142 1279 2206">
    <p class='ocr_par' dir='ltr' id='par_1_24' title="bbox 582 2142 1279 2206">
     <span class='ocr_line' id='line_1_24' title="bbox 582 2142 1279 2206; baseline -0.004 -12"><span class='ocrx_word' id='word_1_156' title='bbox 582 2143 855 2193; x_wconf 87' lang='lat' dir='ltr'><strong>Torrentis</strong></span> <span class='ocrx_word' id='word_1_157' title='bbox 884 2143 1029 2192; x_wconf 89' lang='lat' dir='ltr'><strong>unda</strong></span> <span class='ocrx_word' id='word_1_158' title='bbox 1055 2142 1279 2206; x_wconf 80' lang='lat' dir='ltr'><strong>gurgitis</strong></span> 
     </span>
    </p>
   </div>
   <div class='ocr_carea' id='block_1_25' title="bbox 584 2204 1250 2269">
    <p class='ocr_par' dir='ltr' id='par_1_25' title="bbox 584 2204 1250 2269">
     <span class='ocr_line' id='line_1_25' title="bbox 584 2204 1250 2269; baseline -0.002 -15"><span class='ocrx_word' id='word_1_159' title='bbox 584 2208 820 2269; x_wconf 85' lang='lat' dir='ltr'><strong>Impacta</strong></span> <span class='ocrx_word' id='word_1_160' title='bbox 847 2217 1015 2269; x_wconf 89' lang='lat' dir='ltr'><strong>cornu</strong></span> <span class='ocrx_word' id='word_1_161' title='bbox 1046 2204 1250 2267; x_wconf 75' lang='lat' dir='ltr'><strong>spicula</strong></span> 
     </span>
    </p>
   </div>
   <div class='ocr_carea' id='block_1_26' title="bbox 582 2267 1518 2329">
    <p class='ocr_par' dir='ltr' id='par_1_26' title="bbox 582 2267 1518 2329">
     <span class='ocr_line' id='line_1_26' title="bbox 582 2267 1518 2329; baseline -0.002 -9"><span class='ocrx_word' id='word_1_162' title='bbox 582 2267 839 2321; x_wconf 77' lang='lat' dir='ltr'><strong>Sermone</strong></span> <span class='ocrx_word' id='word_1_163' title='bbox 865 2268 1086 2317; x_wconf 82' lang='lat' dir='ltr'><strong>vincens</strong></span> <span class='ocrx_word' id='word_1_164' title='bbox 1118 2267 1383 2329; x_wconf 88' lang='lat' dir='ltr'><strong>promulo,</strong></span> <span class='ocrx_word' id='word_1_165' title='bbox 1419 2272 1518 2318; x_wconf 88' lang='lat' dir='ltr'><strong>etc.</strong></span> 
     </span>
    </p>
   </div>
   <div class='ocr_carea' id='block_1_27' title="bbox 941 2381 1256 2439">
    <p class='ocr_par' dir='ltr' id='par_1_27' title="bbox 941 2381 1256 2439">
     <span class='ocr_line' id='line_1_27' title="bbox 941 2381 1256 2439; baseline 0 -2"><span class='ocrx_word' id='word_1_166' title='bbox 941 2381 1256 2439; x_wconf 87' lang='lat' dir='ltr'><strong>CODICES.</strong></span> 
     </span>
    </p>
   </div>
   <div class='ocr_carea' id='block_1_28' title="bbox 873 2487 1317 2528">
    <p class='ocr_par' dir='ltr' id='par_1_28' title="bbox 873 2487 1317 2528">
     <span class='ocr_line' id='line_1_28' title="bbox 873 2487 1317 2528; baseline 0 -1"><span class='ocrx_word' id='word_1_167' title='bbox 873 2487 1103 2528; x_wconf 69' lang='lat' dir='ltr'><strong>SECULO</strong></span> <span class='ocrx_word' id='word_1_168' title='bbox 1139 2488 1317 2527; x_wconf 79' lang='lat' dir='ltr'><strong>lV-VII.</strong></span> 
     </span>
    </p>
   </div>
   <div class='ocr_carea' id='block_1_29' title="bbox 346 2578 1926 2651">
    <p class='ocr_par' dir='ltr' id='par_1_29' title="bbox 346 2578 1926 2651">
     <span class='ocr_line' id='line_1_29' title="bbox 346 2578 1926 2651; baseline -0.003 -7"><span class='ocrx_word' id='word_1_169' title='bbox 346 2586 527 2643; x_wconf 76' lang='lat' dir='ltr'><strong>Codex</strong></span> <span class='ocrx_word' id='word_1_170' title='bbox 554 2580 891 2639; x_wconf 82' lang='lat' dir='ltr'><strong>Parisiensis</strong></span> <span class='ocrx_word' id='word_1_171' title='bbox 919 2595 956 2633; x_wconf 96' lang='lat'><strong>1.</strong></span> <span class='ocrx_word' id='word_1_172' title='bbox 992 2579 1054 2633; x_wconf 92' lang='lat' dir='ltr'><strong>In</strong></span> <span class='ocrx_word' id='word_1_173' title='bbox 1086 2578 1234 2645; x_wconf 89' lang='lat' dir='ltr'><strong>Bibl,</strong></span> <span class='ocrx_word' id='word_1_174' title='bbox 1258 2578 1456 2651; x_wconf 86' lang='lat' dir='ltr'><strong>Regia,</strong></span> <span class='ocrx_word' id='word_1_175' title='bbox 1490 2582 1601 2637; x_wconf 92' lang='lat' dir='ltr'><strong>sub</strong></span> <span class='ocrx_word' id='word_1_176' title='bbox 1632 2597 1795 2638; x_wconf 89' lang='lat' dir='ltr'><strong>num.</strong></span> <span class='ocrx_word' id='word_1_177' title='bbox 1819 2584 1926 2640; x_wconf 93' lang='lat'><strong>712</strong></span> 
     </span>
    </p>
   </div>
   <div class='ocr_carea' id='block_1_30' title="bbox 274 2666 1927 2749">
    <p class='ocr_par' dir='ltr' id='par_1_30' title="bbox 274 2666 1927 2749">
     <span class='ocr_line' id='line_1_30' title="bbox 274 2666 1927 2749; baseline -0.002 -16"><span class='ocrx_word' id='word_1_178' title='bbox 274 2675 573 2749; x_wconf 89' lang='lat' dir='ltr'><strong>supplem.</strong></span> <span class='ocrx_word' id='word_1_179' title='bbox 607 2671 709 2726; x_wconf 90' lang='lat' dir='ltr'><strong>lat.</strong></span> <span class='ocrx_word' id='word_1_180' title='bbox 744 2667 884 2724; x_wconf 89' lang='lat' dir='ltr'><strong>olim</strong></span> <span class='ocrx_word' id='word_1_181' title='bbox 909 2666 970 2722; x_wconf 92' lang='lat' dir='ltr'><strong>in</strong></span> <span class='ocrx_word' id='word_1_182' title='bbox 1003 2666 1415 2725; x_wconf 77' lang='lat' dir='ltr'><strong>Sen-German.</strong></span> <span class='ocrx_word' id='word_1_183' title='bbox 1448 2670 1580 2725; x_wconf 87' lang='lat' dir='ltr'><strong>sub.</strong></span> <span class='ocrx_word' id='word_1_184' title='bbox 1612 2689 1775 2727; x_wconf 91' lang='lat' dir='ltr'><strong>num.</strong></span> <span class='ocrx_word' id='word_1_185' title='bbox 1802 2675 1927 2729; x_wconf 90' lang='lat'><strong>185-</strong></span> 
     </span>
    </p>
   </div>
   <div class='ocr_carea' id='block_1_31' title="bbox 276 2754 1929 2833">
    <p class='ocr_par' dir='ltr' id='par_1_31' title="bbox 276 2754 1929 2833">
     <span class='ocr_line' id='line_1_31' title="bbox 276 2754 1929 2833; baseline -0.003 -10"><span class='ocrx_word' id='word_1_186' title='bbox 276 2767 402 2833; x_wconf 76' lang='grc'><strong>186,</strong></span> <span class='ocrx_word' id='word_1_187' title='bbox 435 2767 610 2820; x_wconf 85' lang='lat' dir='ltr'><strong>antea</strong></span> <span class='ocrx_word' id='word_1_188' title='bbox 656 2759 715 2813; x_wconf 91' lang='lat' dir='ltr'><strong>in</strong></span> <span class='ocrx_word' id='word_1_189' title='bbox 764 2754 911 2811; x_wconf 89' lang='lat' dir='ltr'><strong>Bibl.</strong></span> <span class='ocrx_word' id='word_1_190' title='bbox 944 2754 1179 2811; x_wconf 91' lang='lat' dir='ltr'><strong>Coislin.</strong></span> <span class='ocrx_word' id='word_1_191' title='bbox 1232 2762 1599 2827; x_wconf 87' lang='lat' dir='ltr'><strong>asservatus;</strong></span> <span class='ocrx_word' id='word_1_192' title='bbox 1652 2761 1723 2817; x_wconf 93' lang='lat' dir='ltr'><strong>ab</strong></span> <span class='ocrx_word' id='word_1_193' title='bbox 1763 2761 1929 2819; x_wconf 87' lang='lat' dir='ltr'><strong>Italia</strong></span> 
     </span>
    </p>
   </div>
   <div class='ocr_carea' id='block_1_32' title="bbox 278 2844 1928 2920">
    <p class='ocr_par' dir='ltr' id='par_1_32' title="bbox 278 2844 1928 2920">
     <span class='ocr_line' id='line_1_32' title="bbox 278 2844 1928 2920; baseline -0.004 -7"><span class='ocrx_word' id='word_1_194' title='bbox 278 2859 424 2914; x_wconf 84' lang='lat' dir='ltr'><strong>forte</strong></span> <span class='ocrx_word' id='word_1_195' title='bbox 482 2852 781 2920; x_wconf 86' lang='lat' dir='ltr'><strong>acceptus,</strong></span> <span class='ocrx_word' id='word_1_196' title='bbox 834 2844 1283 2915; x_wconf 89' lang='lat' dir='ltr'><strong>conjicientibus</strong></span> <span class='ocrx_word' id='word_1_197' title='bbox 1332 2863 1489 2902; x_wconf 90' lang='lat' dir='ltr'><strong>mon.</strong></span> <span class='ocrx_word' id='word_1_198' title='bbox 1540 2850 1818 2919; x_wconf 91' lang='lat' dir='ltr'><strong>Benedd.,</strong></span> <span class='ocrx_word' id='word_1_199' title='bbox 1869 2851 1928 2905; x_wconf 91' lang='lat' dir='ltr'><strong>in</strong></span> 
     </span>
    </p>
   </div>
   <div class='ocr_carea' id='block_1_33' title="bbox 280 2933 1929 3008">
    <p class='ocr_par' dir='ltr' id='par_1_33' title="bbox 280 2933 1929 3008">
     <span class='ocr_line' id='line_1_33' title="bbox 280 2933 1929 3008; baseline -0.004 -7"><span class='ocrx_word' id='word_1_200' title='bbox 280 2948 472 3001; x_wconf 84' lang='lat' dir='ltr'><strong>forma</strong></span> <span class='ocrx_word' id='word_1_201' title='bbox 499 2940 557 2993; x_wconf 65' lang='lat'><strong>4°</strong></span> <span class='ocrx_word' id='word_1_202' title='bbox 585 2938 706 2992; x_wconf 80' lang='lat' dir='ltr'><strong>fere</strong></span> <span class='ocrx_word' id='word_1_203' title='bbox 735 2933 1035 3005; x_wconf 87' lang='lat' dir='ltr'><strong>quadrata,</strong></span> <span class='ocrx_word' id='word_1_204' title='bbox 1068 2933 1426 2990; x_wconf 88' lang='lat' dir='ltr'><strong>membranis</strong></span> <span class='ocrx_word' id='word_1_205' title='bbox 1457 2938 1513 2991; x_wconf 90' lang='lat' dir='ltr'><strong>et</strong></span> <span class='ocrx_word' id='word_1_206' title='bbox 1547 2936 1782 3008; x_wconf 89' lang='lat' dir='ltr'><strong>quidem</strong></span> <span class='ocrx_word' id='word_1_207' title='bbox 1814 2938 1929 2995; x_wconf 89' lang='lat' dir='ltr'><strong>ele-</strong></span> 
     </span>
    </p>
   </div>
   <div class='ocr_carea' id='block_1_34' title="bbox 286 3021 1931 3106">
    <p class='ocr_par' dir='ltr' id='par_1_34' title="bbox 286 3021 1931 3106">
     <span class='ocr_line' id='line_1_34' title="bbox 286 3021 1931 3106; baseline -0.001 -20"><span class='ocrx_word' id='word_1_208' title='bbox 286 3030 588 3106; x_wconf 82' lang='lat' dir='ltr'><strong>gantibus,</strong></span> <span class='ocrx_word' id='word_1_209' title='bbox 620 3040 738 3079; x_wconf 69' lang='lat' dir='ltr'><strong>aevo</strong></span> <span class='ocrx_word' id='word_1_210' title='bbox 768 3026 965 3078; x_wconf 88' lang='lat' dir='ltr'><strong>tamen</strong></span> <span class='ocrx_word' id='word_1_211' title='bbox 987 3021 1259 3093; x_wconf 89' lang='lat' dir='ltr'><strong>crispatis</strong></span> <span class='ocrx_word' id='word_1_212' title='bbox 1281 3027 1659 3096; x_wconf 91' lang='lat' dir='ltr'><strong>compactus;</strong></span> <span class='ocrx_word' id='word_1_213' title='bbox 1691 3026 1751 3081; x_wconf 90' lang='lat' dir='ltr'><strong>in</strong></span> <span class='ocrx_word' id='word_1_214' title='bbox 1784 3027 1931 3084; x_wconf 91' lang='lat' dir='ltr'><strong>duas</strong></span> 
     </span>
    </p>
   </div>
   <div class='ocr_carea' id='block_1_35' title="bbox 289 3109 1927 3185">
    <p class='ocr_par' dir='ltr' id='par_1_35' title="bbox 289 3109 1927 3185">
     <span class='ocr_line' id='line_1_35' title="bbox 289 3109 1927 3185; baseline -0.002 -9"><span class='ocrx_word' id='word_1_215' title='bbox 289 3120 597 3176; x_wconf 91' lang='lat' dir='ltr'><strong>columnas</strong></span> <span class='ocrx_word' id='word_1_216' title='bbox 616 3110 839 3184; x_wconf 88' lang='lat' dir='ltr'><strong>duplici</strong></span> <span class='ocrx_word' id='word_1_217' title='bbox 867 3109 1021 3165; x_wconf 86' lang='lat' dir='ltr'><strong>linea</strong></span> <span class='ocrx_word' id='word_1_218' title='bbox 1046 3110 1303 3166; x_wconf 88' lang='lat' dir='ltr'><strong>verticali</strong></span> <span class='ocrx_word' id='word_1_219' title='bbox 1327 3110 1585 3169; x_wconf 90' lang='lat' dir='ltr'><strong>inclusas</strong></span> <span class='ocrx_word' id='word_1_220' title='bbox 1608 3114 1927 3185; x_wconf 89' lang='lat' dir='ltr'><strong>discretus;</strong></span> 
     </span>
    </p>
   </div>
   <div class='ocr_carea' id='block_1_36' title="bbox 288 3198 2008 3291">
    <p class='ocr_par' dir='ltr' id='par_1_36' title="bbox 288 3198 2008 3291">
     <span class='ocr_line' id='line_1_36' title="bbox 288 3198 2008 3291; baseline -0.005 -26"><span class='ocrx_word' id='word_1_221' title='bbox 288 3210 624 3264; x_wconf 82' lang='lat' dir='ltr'><strong>charactere</strong></span> <span class='ocrx_word' id='word_1_222' title='bbox 653 3198 911 3291; x_wconf 73' lang='lat' dir='ltr'><strong>unaciali</strong></span> <span class='ocrx_word' id='word_1_223' title='bbox 923 3199 1203 3268; x_wconf 86' lang='lat' dir='ltr'><strong>Romano,</strong></span> <span class='ocrx_word' id='word_1_224' title='bbox 1228 3199 1431 3268; x_wconf 92' lang='lat' dir='ltr'><strong>nitido,</strong></span> <span class='ocrx_word' id='word_1_225' title='bbox 1454 3200 1649 3291; x_wconf 88' lang='lat' dir='ltr'><strong>pleno,</strong></span> <span class='ocrx_word' id='word_1_226' title='bbox 1673 3203 1831 3260; x_wconf 88' lang='lat' dir='ltr'><strong>haud</strong></span> <span class='ocrx_word' id='word_1_227' title='bbox 1853 3204 1935 3262; x_wconf 89' lang='lat' dir='ltr'><strong>ita</strong></span> <span class='ocrx_word' id='word_1_228' title='bbox 1964 3223 2008 3291; x_wconf 68' lang='grc' dir='ltr'>α</span> 
     </span>
    </p>
   </div>
   <div class='ocr_carea' id='block_1_37' title="bbox 289 3286 1935 3367">
    <p class='ocr_par' dir='ltr' id='par_1_37' title="bbox 289 3286 1935 3367">
     <span class='ocr_line' id='line_1_37' title="bbox 289 3286 1935 3367; baseline 0.002 -20"><span class='ocrx_word' id='word_1_229' title='bbox 289 3311 528 3367; x_wconf 80' lang='lat' dir='ltr'><strong>magno,</strong></span> <span class='ocrx_word' id='word_1_230' title='bbox 558 3286 1020 3360; x_wconf 86' lang='lat' dir='ltr'><strong>semi-anguloso</strong></span> <span class='ocrx_word' id='word_1_231' title='bbox 1041 3291 1309 3344; x_wconf 84' lang='lat' dir='ltr'><strong>exaratus</strong></span> <span class='ocrx_word' id='word_1_232' title='bbox 1334 3306 1348 3355; x_wconf 88' lang='lat'><strong>;</strong></span> <span class='ocrx_word' id='word_1_233' title='bbox 1382 3305 1516 3345; x_wconf 91' lang='lat' dir='ltr'><strong>cum</strong></span> <span class='ocrx_word' id='word_1_234' title='bbox 1542 3290 1751 3348; x_wconf 88' lang='lat' dir='ltr'><strong>litteris</strong></span> <span class='ocrx_word' id='word_1_235' title='bbox 1782 3294 1935 3350; x_wconf 90' lang='lat' dir='ltr'><strong>indi-</strong></span> 
     </span>
    </p>
   </div>
   <div class='ocr_carea' id='block_1_38' title="bbox 290 3374 1935 3452">
    <p class='ocr_par' dir='ltr' id='par_1_38' title="bbox 290 3374 1935 3452">
     <span class='ocr_line' id='line_1_38' title="bbox 290 3374 1935 3452; baseline -0.002 -12"><span class='ocrx_word' id='word_1_236' title='bbox 290 3383 550 3446; x_wconf 86' lang='lat' dir='ltr'><strong>stinctis,</strong></span> <span class='ocrx_word' id='word_1_237' title='bbox 608 3382 667 3433; x_wconf 87' lang='lat' dir='ltr'><strong>et</strong></span> <span class='ocrx_word' id='word_1_238' title='bbox 720 3375 1044 3442; x_wconf 88' lang='lat' dir='ltr'><strong>rotundis;</strong></span> <span class='ocrx_word' id='word_1_239' title='bbox 1127 3374 1490 3433; x_wconf 84' lang='lat' dir='ltr'><strong>tenuissimis</strong></span> <span class='ocrx_word' id='word_1_240' title='bbox 1543 3376 1935 3452; x_wconf 86' lang='lat' dir='ltr'><strong>lineamentis,</strong></span> 
     </span>
    </p>
   </div>
   <div class='ocr_carea' id='block_1_39' title="bbox 292 3464 1939 3540">
    <p class='ocr_par' dir='ltr' id='par_1_39' title="bbox 292 3464 1939 3540">
     <span class='ocr_line' id='line_1_39' title="bbox 292 3464 1939 3540; baseline -0.002 -10"><span class='ocrx_word' id='word_1_241' title='bbox 292 3474 482 3529; x_wconf 87' lang='lat' dir='ltr'><strong>hastis</strong></span> <span class='ocrx_word' id='word_1_242' title='bbox 542 3465 922 3523; x_wconf 81' lang='lat' dir='ltr'><strong>inferioribus</strong></span> <span class='ocrx_word' id='word_1_243' title='bbox 969 3464 1202 3536; x_wconf 89' lang='lat' dir='ltr'><strong>oblique</strong></span> <span class='ocrx_word' id='word_1_244' title='bbox 1260 3466 1476 3535; x_wconf 88' lang='lat' dir='ltr'><strong>sectis,</strong></span> <span class='ocrx_word' id='word_1_245' title='bbox 1536 3469 1939 3540; x_wconf 89' lang='lat' dir='ltr'><strong>superioribus</strong></span> 
     </span>
    </p>
   </div>
   <div class='ocr_carea' id='block_1_40' title="bbox 292 3551 1941 3628">
    <p class='ocr_par' dir='ltr' id='par_1_40' title="bbox 292 3551 1941 3628">
     <span class='ocr_line' id='line_1_40' title="bbox 292 3551 1941 3628; baseline -0.001 -12"><span class='ocrx_word' id='word_1_246' title='bbox 292 3578 429 3618; x_wconf 73' lang='lat' dir='ltr'><strong>vero</strong></span> <span class='ocrx_word' id='word_1_247' title='bbox 480 3559 543 3615; x_wconf 93' lang='lat' dir='ltr'><strong>in</strong></span> <span class='ocrx_word' id='word_1_248' title='bbox 599 3555 946 3618; x_wconf 81' lang='lat' dir='ltr'><strong>directum;</strong></span> <span class='ocrx_word' id='word_1_249' title='bbox 1010 3551 1362 3609; x_wconf 79' lang='lat' dir='ltr'><strong>unicialibus</strong></span> <span class='ocrx_word' id='word_1_250' title='bbox 1419 3556 1492 3609; x_wconf 88' lang='lat' dir='ltr'><strong>ad</strong></span> <span class='ocrx_word' id='word_1_251' title='bbox 1544 3559 1662 3612; x_wconf 89' lang='lat' dir='ltr'><strong>tres</strong></span> <span class='ocrx_word' id='word_1_252' title='bbox 1718 3558 1941 3628; x_wconf 90' lang='lat' dir='ltr'><strong>primas</strong></span> 
     </span>
    </p>
   </div>
   <div class='ocr_carea' id='block_1_41' title="bbox 299 3641 1942 3721">
    <p class='ocr_par' dir='ltr' id='par_1_41' title="bbox 299 3641 1942 3721">
     <span class='ocr_line' id='line_1_41' title="bbox 299 3641 1942 3721; baseline -0.002 -14"><span class='ocrx_word' id='word_1_253' title='bbox 299 3651 586 3721; x_wconf 86' lang='lat' dir='ltr'><strong>cujusque</strong></span> <span class='ocrx_word' id='word_1_254' title='bbox 614 3643 751 3699; x_wconf 90' lang='lat' dir='ltr'><strong>libri</strong></span> <span class='ocrx_word' id='word_1_255' title='bbox 779 3642 984 3709; x_wconf 87' lang='lat' dir='ltr'><strong>lineas,</strong></span> <span class='ocrx_word' id='word_1_256' title='bbox 1017 3641 1212 3697; x_wconf 87' lang='lat' dir='ltr'><strong>rubris</strong></span> <span class='ocrx_word' id='word_1_257' title='bbox 1242 3645 1299 3697; x_wconf 89' lang='lat' dir='ltr'><strong>et</strong></span> <span class='ocrx_word' id='word_1_258' title='bbox 1328 3641 1640 3714; x_wconf 88' lang='lat' dir='ltr'><strong>aliquando</strong></span> <span class='ocrx_word' id='word_1_259' title='bbox 1669 3645 1942 3718; x_wconf 89' lang='lat' dir='ltr'><strong>plumba-</strong></span> 
     </span>
    </p>
   </div>
   <div class='ocr_carea' id='block_1_42' title="bbox 296 3730 1943 3806">
    <p class='ocr_par' dir='ltr' id='par_1_42' title="bbox 296 3730 1943 3806">
     <span class='ocr_line' id='line_1_42' title="bbox 296 3730 1943 3806; baseline -0.002 -11"><span class='ocrx_word' id='word_1_260' title='bbox 296 3740 413 3805; x_wconf 86' lang='lat' dir='ltr'><strong>tis;</strong></span> <span class='ocrx_word' id='word_1_261' title='bbox 448 3735 525 3793; x_wconf 87' lang='lat' dir='ltr'><strong>ad</strong></span> <span class='ocrx_word' id='word_1_262' title='bbox 549 3732 756 3789; x_wconf 87' lang='lat' dir='ltr'><strong>titulos</strong></span> <span class='ocrx_word' id='word_1_263' title='bbox 783 3747 917 3786; x_wconf 89' lang='lat' dir='ltr'><strong>vero</strong></span> <span class='ocrx_word' id='word_1_264' title='bbox 964 3733 1019 3784; x_wconf 87' lang='lat' dir='ltr'><strong>et</strong></span> <span class='ocrx_word' id='word_1_265' title='bbox 1048 3730 1120 3785; x_wconf 84' lang='lat' dir='ltr'><strong>ad</strong></span> <span class='ocrx_word' id='word_1_266' title='bbox 1171 3730 1387 3786; x_wconf 90' lang='lat' dir='ltr'><strong>calcem</strong></span> <span class='ocrx_word' id='word_1_267' title='bbox 1420 3731 1479 3786; x_wconf 91' lang='lat' dir='ltr'><strong>in</strong></span> <span class='ocrx_word' id='word_1_268' title='bbox 1525 3749 1663 3789; x_wconf 89' lang='lat' dir='ltr'><strong>voce</strong></span> <span class='ocrx_word' id='word_1_269' title='bbox 1690 3736 1943 3806; x_wconf 85' lang='lat' dir='ltr'><strong>explicit,</strong></span> 
     </span>
    </p>
   </div>
   <div class='ocr_carea' id='block_1_43' title="bbox 296 3817 1946 3894">
    <p class='ocr_par' dir='ltr' id='par_1_43' title="bbox 296 3817 1946 3894">
     <span class='ocr_line' id='line_1_43' title="bbox 296 3817 1946 3894; baseline -0.004 -10"><span class='ocrx_word' id='word_1_270' title='bbox 296 3824 502 3884; x_wconf 83' lang='lat' dir='ltr'><strong>rubris</strong></span> <span class='ocrx_word' id='word_1_271' title='bbox 531 3826 587 3878; x_wconf 88' lang='lat' dir='ltr'><strong>et</strong></span> <span class='ocrx_word' id='word_1_272' title='bbox 612 3820 797 3892; x_wconf 85' lang='lat' dir='ltr'><strong>nigris</strong></span> <span class='ocrx_word' id='word_1_273' title='bbox 848 3817 1176 3874; x_wconf 87' lang='lat' dir='ltr'><strong>alternatim</strong></span> <span class='ocrx_word' id='word_1_274' title='bbox 1203 3835 1217 3885; x_wconf 91' lang='lat'><strong>;</strong></span> <span class='ocrx_word' id='word_1_275' title='bbox 1250 3818 1429 3875; x_wconf 88' lang='lat' dir='ltr'><strong>nullis</strong></span> <span class='ocrx_word' id='word_1_276' title='bbox 1475 3822 1733 3894; x_wconf 89' lang='lat' dir='ltr'><strong>punctis,</strong></span> <span class='ocrx_word' id='word_1_277' title='bbox 1764 3822 1946 3879; x_wconf 91' lang='lat' dir='ltr'><strong>nullis</strong></span> 
     </span>
    </p>
   </div>
   <div class='ocr_carea' id='block_1_44' title="bbox 303 3906 1948 3978">
    <p class='ocr_par' dir='ltr' id='par_1_44' title="bbox 303 3906 1948 3978">
     <span class='ocr_line' id='line_1_44' title="bbox 303 3906 1948 3978; baseline -0.002 -7"><span class='ocrx_word' id='word_1_278' title='bbox 303 3919 420 3971; x_wconf 84' lang='lat' dir='ltr'><strong>fere</strong></span> <span class='ocrx_word' id='word_1_279' title='bbox 479 3908 851 3976; x_wconf 86' lang='lat' dir='ltr'><strong>abbreviatis,</strong></span> <span class='ocrx_word' id='word_1_280' title='bbox 903 3906 1251 3978; x_wconf 86' lang='lat' dir='ltr'><strong>conjunctis,</strong></span> <span class='ocrx_word' id='word_1_281' title='bbox 1302 3911 1402 3963; x_wconf 89' lang='lat' dir='ltr'><strong>aut</strong></span> <span class='ocrx_word' id='word_1_282' title='bbox 1446 3908 1663 3965; x_wconf 86' lang='lat' dir='ltr'><strong>vitiatis</strong></span> <span class='ocrx_word' id='word_1_283' title='bbox 1707 3911 1948 3967; x_wconf 86' lang='lat' dir='ltr'><strong>vocibus</strong></span> 
     </span>
    </p>
   </div>
   <div class='ocr_carea' id='block_1_45' title="bbox 301 3995 1949 4067">
    <p class='ocr_par' dir='ltr' id='par_1_45' title="bbox 301 3995 1949 4067">
     <span class='ocr_line' id='line_1_45' title="bbox 301 3995 1949 4067; baseline -0.002 -7"><span class='ocrx_word' id='word_1_284' title='bbox 301 4003 657 4067; x_wconf 86' lang='lat' dir='ltr'><strong>distinctus;</strong></span> <span class='ocrx_word' id='word_1_285' title='bbox 692 3995 870 4051; x_wconf 86' lang='lat' dir='ltr'><strong>nullis</strong></span> <span class='ocrx_word' id='word_1_286' title='bbox 900 3995 1248 4067; x_wconf 87' lang='lat' dir='ltr'><strong>paginarum</strong></span> <span class='ocrx_word' id='word_1_287' title='bbox 1282 3996 1454 4066; x_wconf 90' lang='lat' dir='ltr'><strong>notis,</strong></span> <span class='ocrx_word' id='word_1_288' title='bbox 1488 3996 1603 4052; x_wconf 89' lang='lat' dir='ltr'><strong>nisi</strong></span> <span class='ocrx_word' id='word_1_289' title='bbox 1651 3998 1710 4054; x_wconf 90' lang='lat' dir='ltr'><strong>in</strong></span> <span class='ocrx_word' id='word_1_290' title='bbox 1741 3998 1949 4056; x_wconf 88' lang='lat' dir='ltr'><strong>ultimo</strong></span> 
     </span>
    </p>
   </div>
   <div class='ocr_carea' id='block_1_46' title="bbox 295 4082 1947 4158">
    <p class='ocr_par' dir='ltr' id='par_1_46' title="bbox 295 4082 1947 4158">
     <span class='ocr_line' id='line_1_46' title="bbox 295 4082 1947 4158; baseline -0.001 -12"><span class='ocrx_word' id='word_1_291' title='bbox 295 4087 715 4146; x_wconf 81' lang='lat' dir='ltr'><strong>fasciculorum</strong></span> <span class='ocrx_word' id='word_1_292' title='bbox 748 4083 885 4140; x_wconf 86' lang='lat' dir='ltr'><strong>folio</strong></span> <span class='ocrx_word' id='word_1_293' title='bbox 915 4088 973 4139; x_wconf 89' lang='lat' dir='ltr'><strong>et</strong></span> <span class='ocrx_word' id='word_1_294' title='bbox 1004 4099 1135 4138; x_wconf 90' lang='lat' dir='ltr'><strong>cum</strong></span> <span class='ocrx_word' id='word_1_295' title='bbox 1185 4082 1517 4140; x_wconf 89' lang='lat' dir='ltr'><strong>uncialibus</strong></span> <span class='ocrx_word' id='word_1_296' title='bbox 1547 4086 1947 4158; x_wconf 86' lang='lat' dir='ltr'><strong>subsignatus.</strong></span> 
     </span>
    </p>
   </div>
   <div class='ocr_carea' id='block_1_47' title="bbox 293 4171 1952 4243">
    <p class='ocr_par' dir='ltr' id='par_1_47' title="bbox 293 4171 1952 4243">
     <span class='ocr_line' id='line_1_47' title="bbox 293 4171 1952 4243; baseline -0.002 -8"><span class='ocrx_word' id='word_1_297' title='bbox 293 4180 530 4234; x_wconf 67' lang='lat' dir='ltr'><strong>Litterae</strong></span> <span class='ocrx_word' id='word_1_298' title='bbox 560 4173 874 4230; x_wconf 86' lang='lat' dir='ltr'><strong>mediocris</strong></span> <span class='ocrx_word' id='word_1_299' title='bbox 896 4176 1036 4228; x_wconf 87' lang='lat' dir='ltr'><strong>sunt</strong></span> <span class='ocrx_word' id='word_1_300' title='bbox 1058 4171 1503 4243; x_wconf 88' lang='lat' dir='ltr'><strong>magnitudinis,</strong></span> <span class='ocrx_word' id='word_1_301' title='bbox 1523 4173 1747 4231; x_wconf 88' lang='lat' dir='ltr'><strong>calamo</strong></span> <span class='ocrx_word' id='word_1_302' title='bbox 1769 4176 1952 4232; x_wconf 83' lang='lat' dir='ltr'><strong>subti-</strong></span> 
     </span>
    </p>
   </div>
   <div class='ocr_carea' id='block_1_48' title="bbox 292 4260 1948 4335">
    <p class='ocr_par' dir='ltr' id='par_1_48' title="bbox 292 4260 1948 4335">
     <span class='ocr_line' id='line_1_48' title="bbox 292 4260 1948 4335; baseline -0.002 -11"><span class='ocrx_word' id='word_1_303' title='bbox 292 4267 430 4324; x_wconf 91' lang='lat' dir='ltr'><strong>liori</strong></span> <span class='ocrx_word' id='word_1_304' title='bbox 489 4267 787 4329; x_wconf 57' lang='lat' dir='ltr'><strong>exaratis;</strong></span> <span class='ocrx_word' id='word_1_305' title='bbox 840 4260 1023 4316; x_wconf 69' lang='lat' dir='ltr'><strong>hastae</strong></span> <span class='ocrx_word' id='word_1_306' title='bbox 1069 4260 1374 4317; x_wconf 84' lang='lat' dir='ltr'><strong>inferiores</strong></span> <span class='ocrx_word' id='word_1_307' title='bbox 1426 4261 1519 4317; x_wconf 86' lang='lat' dir='ltr'><strong>vix</strong></span> <span class='ocrx_word' id='word_1_308' title='bbox 1566 4264 1948 4335; x_wconf 89' lang='lat' dir='ltr'><strong>descendunt,</strong></span> 
     </span>
    </p>
   </div>
   <div class='ocr_carea' id='block_1_49' title="bbox 292 4348 1951 4418">
    <p class='ocr_par' dir='ltr' id='par_1_49' title="bbox 292 4348 1951 4418">
     <span class='ocr_line' id='line_1_49' title="bbox 292 4348 1951 4418; baseline -0.002 -5"><span class='ocrx_word' id='word_1_309' title='bbox 292 4359 357 4413; x_wconf 91' lang='lat' dir='ltr'><strong>in</strong></span> <span class='ocrx_word' id='word_1_310' title='bbox 386 4373 420 4411; x_wconf 83' lang='grc' dir='ltr'>τ</span> <span class='ocrx_word' id='word_1_311' title='bbox 445 4359 783 4410; x_wconf 76' lang='lat' dir='ltr'><strong>transversa</strong></span> <span class='ocrx_word' id='word_1_312' title='bbox 812 4348 991 4418; x_wconf 88' lang='lat' dir='ltr'><strong>linea,</strong></span> <span class='ocrx_word' id='word_1_313' title='bbox 1023 4354 1087 4404; x_wconf 90' lang='lat' dir='ltr'><strong>ut</strong></span> <span class='ocrx_word' id='word_1_314' title='bbox 1114 4348 1173 4404; x_wconf 91' lang='lat' dir='ltr'><strong>in</strong></span> <span class='ocrx_word' id='word_1_315' title='bbox 1204 4365 1240 4404; x_wconf 77' lang='grc' dir='ltr'><strong>σι</strong></span> <span class='ocrx_word' id='word_1_316' title='bbox 1268 4353 1326 4405; x_wconf 91' lang='lat' dir='ltr'><strong>et</strong></span> <span class='ocrx_word' id='word_1_317' title='bbox 1355 4349 1416 4405; x_wconf 89' lang='lat' dir='ltr'><strong>in</strong></span> <span class='ocrx_word' id='word_1_318' title='bbox 1448 4367 1480 4404; x_wconf 93' lang='lat' dir='ltr'><strong>L</strong></span> <span class='ocrx_word' id='word_1_319' title='bbox 1508 4351 1810 4409; x_wconf 82' lang='lat' dir='ltr'><strong>inferiores</strong></span> <span class='ocrx_word' id='word_1_320' title='bbox 1842 4353 1951 4409; x_wconf 90' lang='lat' dir='ltr'><strong>du-</strong></span> 
     </span>
    </p>
   </div>
   <div class='ocr_carea' id='block_1_50' title="bbox 296 4436 1950 4511">
    <p class='ocr_par' dir='ltr' id='par_1_50' title="bbox 296 4436 1950 4511">
     <span class='ocr_line' id='line_1_50' title="bbox 296 4436 1950 4511; baseline -0.001 -11"><span class='ocrx_word' id='word_1_321' title='bbox 296 4449 429 4500; x_wconf 87' lang='lat' dir='ltr'><strong>ctus</strong></span> <span class='ocrx_word' id='word_1_322' title='bbox 462 4440 771 4497; x_wconf 82' lang='lat' dir='ltr'><strong>evanuisse</strong></span> <span class='ocrx_word' id='word_1_323' title='bbox 800 4438 1110 4505; x_wconf 78' lang='lat' dir='ltr'><strong>videntur;</strong></span> <span class='ocrx_word' id='word_1_324' title='bbox 1156 4436 1217 4492; x_wconf 91' lang='lat' dir='ltr'><strong>in</strong></span> <span class='ocrx_word' id='word_1_325' title='bbox 1249 4439 1364 4494; x_wconf 87' lang='lat' dir='ltr'><strong>fine</strong></span> <span class='ocrx_word' id='word_1_326' title='bbox 1390 4437 1577 4507; x_wconf 60' lang='lat' dir='ltr'><strong>lineae,</strong></span> <span class='ocrx_word' id='word_1_327' title='bbox 1610 4445 1861 4511; x_wconf 59' lang='lat' dir='ltr'><strong>,tantum</strong></span> <span class='ocrx_word' id='word_1_328' title='bbox 1895 4442 1950 4497; x_wconf 81' lang='grc' dir='ltr'><strong>ὁ.</strong></span> 
     </span>
    </p>
   </div>
   <div class='ocr_carea' id='block_1_51' title="bbox 298 4527 1950 4604">
    <p class='ocr_par' dir='ltr' id='par_1_51' title="bbox 298 4527 1950 4604">
     <span class='ocr_line' id='line_1_51' title="bbox 298 4527 1950 4604; baseline 0.002 -20"><span class='ocrx_word' id='word_1_329' title='bbox 298 4548 407 4604; x_wconf 87' lang='lat' dir='ltr'><strong>pro</strong></span> <span class='ocrx_word' id='word_1_330' title='bbox 440 4533 577 4590; x_wconf 84' lang='lat' dir='ltr'><strong>bus;</strong></span> <span class='ocrx_word' id='word_1_331' title='bbox 612 4527 755 4583; x_wconf 89' lang='lat' dir='ltr'><strong>alias</strong></span> <span class='ocrx_word' id='word_1_332' title='bbox 785 4543 819 4582; x_wconf 93' lang='lat' dir='ltr'><strong>a</strong></span> <span class='ocrx_word' id='word_1_333' title='bbox 847 4543 876 4582; x_wconf 86' lang='lat' dir='ltr'><strong>e</strong></span> <span class='ocrx_word' id='word_1_334' title='bbox 905 4542 1007 4597; x_wconf 92' lang='lat' dir='ltr'><strong>pro</strong></span> <span class='ocrx_word' id='word_1_335' title='bbox 1034 4540 1125 4586; x_wconf 72' lang='lat' dir='ltr'><strong>ee;</strong></span> <span class='ocrx_word' id='word_1_336' title='bbox 1174 4527 1323 4596; x_wconf 87' lang='lat' dir='ltr'><strong>Dms,</strong></span> <span class='ocrx_word' id='word_1_337' title='bbox 1353 4528 1478 4583; x_wconf 89' lang='lat' dir='ltr'><strong>Dmi</strong></span> <span class='ocrx_word' id='word_1_338' title='bbox 1531 4545 1633 4601; x_wconf 88' lang='lat' dir='ltr'><strong>pro</strong></span> <span class='ocrx_word' id='word_1_339' title='bbox 1665 4532 1950 4602; x_wconf 78' lang='lat' dir='ltr'><strong>Dominus,</strong></span> 
     </span>
    </p>
   </div>
   <div class='ocr_carea' id='block_1_52' title="bbox 295 4587 2032 4691">
    <p class='ocr_par' dir='ltr' id='par_1_52' title="bbox 295 4587 2032 4691">
     <span class='ocr_line' id='line_1_52' title="bbox 295 4587 2032 4691; baseline 0 -16"><span class='ocrx_word' id='word_1_340' title='bbox 295 4587 566 4679; x_wconf 53' lang='lat' dir='ltr'><strong>homini;</strong></span> <span class='ocrx_word' id='word_1_341' title='bbox 597 4633 650 4688; x_wconf 89' lang='lat' dir='ltr'><strong>q.</strong></span> <span class='ocrx_word' id='word_1_342' title='bbox 683 4632 786 4687; x_wconf 90' lang='lat' dir='ltr'><strong>pro</strong></span> <span class='ocrx_word' id='word_1_343' title='bbox 835 4587 941 4687; x_wconf 70' lang='lat' dir='ltr'><strong>que</strong></span> <span class='ocrx_word' id='word_1_344' title='bbox 960 4632 980 4677; x_wconf 84' lang='lat'><strong>,&#39;</strong></span> <span class='ocrx_word' id='word_1_345' title='bbox 1023 4614 1141 4670; x_wconf 86' lang='lat' dir='ltr'><strong>XPI</strong></span> <span class='ocrx_word' id='word_1_346' title='bbox 1173 4587 1320 4671; x_wconf 35' lang='lat' dir='ltr'><strong>cum,</strong></span> <span class='ocrx_word' id='word_1_347' title='bbox 1352 4587 1562 4673; x_wconf 75' lang='lat' dir='ltr'><strong>litteris</strong></span> <span class='ocrx_word' id='word_1_348' title='bbox 1610 4619 1812 4690; x_wconf 59' lang='lat' dir='ltr'><strong>graecis</strong></span> <span class='ocrx_word' id='word_1_349' title='bbox 1851 4587 1954 4691; x_wconf 71' lang='lat' dir='ltr'><strong>pro</strong></span> <span class='ocrx_word' id='word_1_350' title='bbox 1985 4587 2032 4653; x_wconf 68' lang='grc' dir='ltr'><strong>Β</strong></span> 
     </span>
    </p>
   </div>
   <div class='ocr_carea' id='block_1_53' title="bbox 300 4703 1957 4765">
    <p class='ocr_par' dir='ltr' id='par_1_53' title="bbox 300 4703 1957 4765">
     <span class='ocr_line' id='line_1_53' title="bbox 300 4703 1957 4765; baseline 0.002 -3"><span class='ocrx_word' id='word_1_351' title='bbox 300 4708 532 4762; x_wconf 74' lang='lat' dir='ltr'><strong>Christi.</strong></span> <span class='ocrx_word' id='word_1_352' title='bbox 564 4704 667 4759; x_wconf 80' lang='lat' dir='ltr'><strong>His</strong></span> <span class='ocrx_word' id='word_1_353' title='bbox 710 4703 1143 4760; x_wconf 89' lang='lat' dir='ltr'><strong>characteribus</strong></span> <span class='ocrx_word' id='word_1_354' title='bbox 1191 4705 1417 4762; x_wconf 89' lang='lat' dir='ltr'><strong>idoneis</strong></span> <span class='ocrx_word' id='word_1_355' title='bbox 1445 4710 1502 4761; x_wconf 93' lang='lat' dir='ltr'><strong>et</strong></span> <span class='ocrx_word' id='word_1_356' title='bbox 1547 4708 1957 4765; x_wconf 85' lang='lat' dir='ltr'><strong>constantibus</strong></span> 
     </span>
    </p>
   </div>
   <div class='ocr_carea' id='block_1_54' title="bbox 296 4792 1957 4865">
    <p class='ocr_par' dir='ltr' id='par_1_54' title="bbox 296 4792 1957 4865">
     <span class='ocr_line' id='line_1_54' title="bbox 296 4792 1957 4865; baseline -0.001 -12"><span class='ocrx_word' id='word_1_357' title='bbox 296 4797 412 4853; x_wconf 84' lang='lat' dir='ltr'><strong>etsi</strong></span> <span class='ocrx_word' id='word_1_358' title='bbox 444 4808 654 4850; x_wconf 88' lang='lat' dir='ltr'><strong>omnes</strong></span> <span class='ocrx_word' id='word_1_359' title='bbox 701 4792 1076 4862; x_wconf 88' lang='lat' dir='ltr'><strong>attenderint,</strong></span> <span class='ocrx_word' id='word_1_360' title='bbox 1109 4792 1209 4847; x_wconf 90' lang='lat' dir='ltr'><strong>alii</strong></span> <span class='ocrx_word' id='word_1_361' title='bbox 1235 4794 1306 4848; x_wconf 91' lang='lat' dir='ltr'><strong>ad</strong></span> <span class='ocrx_word' id='word_1_362' title='bbox 1358 4799 1547 4850; x_wconf 73' lang='lat' dir='ltr'><strong>IV‘But</strong></span> <span class='ocrx_word' id='word_1_363' title='bbox 1570 4811 1624 4865; x_wconf 80' lang='grc' dir='ltr'><strong>ν,</strong></span> <span class='ocrx_word' id='word_1_364' title='bbox 1657 4795 1757 4851; x_wconf 89' lang='lat' dir='ltr'><strong>alii</strong></span> <span class='ocrx_word' id='word_1_365' title='bbox 1798 4797 1869 4851; x_wconf 90' lang='lat' dir='ltr'><strong>ad</strong></span> <span class='ocrx_word' id='word_1_366' title='bbox 1898 4812 1957 4852; x_wconf 92' lang='lat' dir='ltr'><strong>v1</strong></span> 
     </span>
    </p>
   </div>
   <div class='ocr_carea' id='block_1_55' title="bbox 299 4879 1957 4953">
    <p class='ocr_par' dir='ltr' id='par_1_55' title="bbox 299 4879 1957 4953">
     <span class='ocr_line' id='line_1_55' title="bbox 299 4879 1957 4953; baseline -0.002 -12"><span class='ocrx_word' id='word_1_367' title='bbox 299 4890 404 4941; x_wconf 88' lang='lat' dir='ltr'><strong>aut</strong></span> <span class='ocrx_word' id='word_1_368' title='bbox 449 4899 531 4937; x_wconf 83' lang='lat' dir='ltr'><strong>v11</strong></span> <span class='ocrx_word' id='word_1_369' title='bbox 580 4879 774 4936; x_wconf 66' lang='lat' dir='ltr'><strong>seacul.</strong></span> <span class='ocrx_word' id='word_1_370' title='bbox 827 4880 1082 4936; x_wconf 89' lang='lat' dir='ltr'><strong>codicem</strong></span> <span class='ocrx_word' id='word_1_371' title='bbox 1139 4881 1479 4953; x_wconf 88' lang='lat' dir='ltr'><strong>ascripsere.</strong></span> <span class='ocrx_word' id='word_1_372' title='bbox 1527 4883 1658 4938; x_wconf 78' lang='lat' dir='ltr'><strong>Haec</strong></span> <span class='ocrx_word' id='word_1_373' title='bbox 1710 4887 1851 4938; x_wconf 89' lang='lat' dir='ltr'><strong>sunt</strong></span> <span class='ocrx_word' id='word_1_374' title='bbox 1894 4882 1957 4938; x_wconf 88' lang='lat' dir='ltr'><strong>in</strong></span> 
     </span>
    </p>
   </div>
   <div class='ocr_carea' id='block_1_56' title="bbox 296 4968 1954 5046">
    <p class='ocr_par' dir='ltr' id='par_1_56' title="bbox 296 4968 1954 5046">
     <span class='ocr_line' id='line_1_56' title="bbox 296 4968 1954 5046; baseline -0.001 -18"><span class='ocrx_word' id='word_1_375' title='bbox 296 4972 498 5046; x_wconf 82' lang='lat' dir='ltr'><strong>primo</strong></span> <span class='ocrx_word' id='word_1_376' title='bbox 522 4969 659 5025; x_wconf 85' lang='lat' dir='ltr'><strong>folio</strong></span> <span class='ocrx_word' id='word_1_377' title='bbox 688 4969 939 5040; x_wconf 80' lang='lat' dir='ltr'><strong>ipsumet</strong></span> <span class='ocrx_word' id='word_1_378' title='bbox 967 4968 1033 5023; x_wconf 91' lang='lat' dir='ltr'><strong>D.</strong></span> <span class='ocrx_word' id='word_1_379' title='bbox 1064 4968 1116 5023; x_wconf 83' lang='lat' dir='ltr'><strong>J.</strong></span> <span class='ocrx_word' id='word_1_380' title='bbox 1147 4968 1468 5025; x_wconf 88' lang='lat' dir='ltr'><strong>Mabillonii</strong></span> <span class='ocrx_word' id='word_1_381' title='bbox 1491 4987 1668 5027; x_wconf 90' lang='lat' dir='ltr'><strong>manu</strong></span> <span class='ocrx_word' id='word_1_382' title='bbox 1692 4971 1910 5044; x_wconf 83' lang='lat' dir='ltr'><strong>scripta</strong></span> <span class='ocrx_word' id='word_1_383' title='bbox 1940 4988 1954 5027; x_wconf 91' lang='lat'>:</span> 
     </span>
    </p>
   </div>
   <div class='ocr_carea' id='block_1_57' title="bbox 300 5056 1962 5128">
    <p class='ocr_par' dir='ltr' id='par_1_57' title="bbox 300 5056 1962 5128">
     <span class='ocr_line' id='line_1_57' title="bbox 300 5056 1962 5128; baseline 0.001 -15"><span class='ocrx_word' id='word_1_384' title='bbox 300 5084 335 5113; x_wconf 74' lang='grc' dir='ltr'><strong><em>κ</em></strong></span> <span class='ocrx_word' id='word_1_385' title='bbox 366 5060 556 5117; x_wconf 83' lang='lat' dir='ltr'><strong>Codex</strong></span> <span class='ocrx_word' id='word_1_386' title='bbox 585 5057 819 5128; x_wconf 88' lang='lat' dir='ltr'><strong>septimi</strong></span> <span class='ocrx_word' id='word_1_387' title='bbox 850 5057 1082 5112; x_wconf 89' lang='lat' dir='ltr'><strong>circiter</strong></span> <span class='ocrx_word' id='word_1_388' title='bbox 1131 5056 1366 5125; x_wconf 61' lang='lat' dir='ltr'><strong>saculi;</strong></span> <span class='ocrx_word' id='word_1_389' title='bbox 1400 5080 1428 5109; x_wconf 87' lang='grc'>››</span> <span class='ocrx_word' id='word_1_390' title='bbox 1462 5060 1672 5115; x_wconf 88' lang='lat' dir='ltr'><strong>deinde</strong></span> <span class='ocrx_word' id='word_1_391' title='bbox 1720 5064 1962 5116; x_wconf 90' lang='lat' dir='ltr'><strong>annotat</strong></span> 
     </span>
    </p>
   </div>
   <div class='ocr_carea' id='block_1_58' title="bbox 299 5146 1959 5223">
    <p class='ocr_par' dir='ltr' id='par_1_58' title="bbox 299 5146 1959 5223">
     <span class='ocr_line' id='line_1_58' title="bbox 299 5146 1959 5223; baseline 0 -18"><span class='ocrx_word' id='word_1_392' title='bbox 299 5167 440 5223; x_wconf 76' lang='lat' dir='ltr'><strong>quae</strong></span> <span class='ocrx_word' id='word_1_393' title='bbox 471 5148 533 5203; x_wconf 89' lang='lat' dir='ltr'><strong>in</strong></span> <span class='ocrx_word' id='word_1_394' title='bbox 558 5162 625 5202; x_wconf 88' lang='lat' dir='ltr'><strong>eo</strong></span> <span class='ocrx_word' id='word_1_395' title='bbox 650 5146 1049 5213; x_wconf 90' lang='lat' dir='ltr'><strong>continentur,</strong></span> <span class='ocrx_word' id='word_1_396' title='bbox 1074 5149 1197 5201; x_wconf 91' lang='lat' dir='ltr'><strong>tum</strong></span> <span class='ocrx_word' id='word_1_397' title='bbox 1234 5163 1360 5217; x_wconf 58' lang='lat' dir='ltr'><strong>qua!</strong></span> <span class='ocrx_word' id='word_1_398' title='bbox 1382 5148 1629 5214; x_wconf 87' lang='lat' dir='ltr'><strong>desunt;</strong></span> <span class='ocrx_word' id='word_1_399' title='bbox 1662 5164 1731 5205; x_wconf 89' lang='lat' dir='ltr'><strong>ea</strong></span> <span class='ocrx_word' id='word_1_400' title='bbox 1761 5153 1959 5205; x_wconf 87' lang='lat' dir='ltr'><strong>autem</strong></span> 
     </span>
    </p>
   </div>
   <div class='ocr_carea' id='block_1_59' title="bbox 300 5234 1960 5307">
    <p class='ocr_par' dir='ltr' id='par_1_59' title="bbox 300 5234 1960 5307">
     <span class='ocr_line' id='line_1_59' title="bbox 300 5234 1960 5307; baseline -0.002 -12"><span class='ocrx_word' id='word_1_401' title='bbox 300 5243 453 5295; x_wconf 86' lang='lat' dir='ltr'><strong>sunt</strong></span> <span class='ocrx_word' id='word_1_402' title='bbox 482 5236 541 5290; x_wconf 90' lang='lat' dir='ltr'><strong>in</strong></span> <span class='ocrx_word' id='word_1_403' title='bbox 574 5234 781 5307; x_wconf 89' lang='lat' dir='ltr'><strong>primis</strong></span> <span class='ocrx_word' id='word_1_404' title='bbox 823 5234 1083 5306; x_wconf 61' lang='lat' dir='ltr'><strong>epistola:</strong></span> <span class='ocrx_word' id='word_1_405' title='bbox 1136 5251 1377 5304; x_wconf 89' lang='lat' dir='ltr'><strong>omnes;</strong></span> <span class='ocrx_word' id='word_1_406' title='bbox 1428 5236 1659 5291; x_wconf 87' lang='lat' dir='ltr'><strong>initium</strong></span> <span class='ocrx_word' id='word_1_407' title='bbox 1692 5236 1825 5292; x_wconf 91' lang='lat' dir='ltr'><strong>libri</strong></span> <span class='ocrx_word' id='word_1_408' title='bbox 1856 5252 1960 5293; x_wconf 92' lang='lat' dir='ltr'><strong>seu</strong></span> 
     </span>
    </p>
   </div>
   <div class='ocr_carea' id='block_1_60' title="bbox 299 5323 1961 5399">
    <p class='ocr_par' dir='ltr' id='par_1_60' title="bbox 299 5323 1961 5399">
     <span class='ocr_line' id='line_1_60' title="bbox 299 5323 1961 5399; baseline -0.001 -17"><span class='ocrx_word' id='word_1_409' title='bbox 299 5327 479 5399; x_wconf 83' lang='lat' dir='ltr'><strong>epist.</strong></span> <span class='ocrx_word' id='word_1_410' title='bbox 531 5325 611 5379; x_wconf 86' lang='lat' dir='ltr'><strong>ad</strong></span> <span class='ocrx_word' id='word_1_411' title='bbox 655 5326 966 5392; x_wconf 79' lang='lat' dir='ltr'><strong>Donatum;</strong></span> <span class='ocrx_word' id='word_1_412' title='bbox 1013 5327 1174 5379; x_wconf 91' lang='lat' dir='ltr'><strong>totus</strong></span> <span class='ocrx_word' id='word_1_413' title='bbox 1203 5323 1351 5379; x_wconf 87' lang='lat' dir='ltr'><strong>liber</strong></span> <span class='ocrx_word' id='word_1_414' title='bbox 1396 5324 1464 5379; x_wconf 89' lang='lat' dir='ltr'><strong>de</strong></span> <span class='ocrx_word' id='word_1_415' title='bbox 1501 5324 1624 5381; x_wconf 87' lang='lat' dir='ltr'><strong>Zelo</strong></span> <span class='ocrx_word' id='word_1_416' title='bbox 1666 5328 1719 5380; x_wconf 85' lang='lat' dir='ltr'><strong>et</strong></span> <span class='ocrx_word' id='word_1_417' title='bbox 1750 5326 1961 5391; x_wconf 87' lang='lat' dir='ltr'><strong>Livore,</strong></span> 
     </span>
    </p>
   </div>
   <div class='ocr_carea' id='block_1_61' title="bbox 300 5412 1962 5486">
    <p class='ocr_par' dir='ltr' id='par_1_61' title="bbox 300 5412 1962 5486">
     <span class='ocr_line' id='line_1_61' title="bbox 300 5412 1962 5486; baseline -0.002 -15"><span class='ocrx_word' id='word_1_418' title='bbox 300 5414 551 5471; x_wconf 87' lang='lat' dir='ltr'><strong>initium</strong></span> <span class='ocrx_word' id='word_1_419' title='bbox 586 5412 717 5468; x_wconf 91' lang='lat' dir='ltr'><strong>libri</strong></span> <span class='ocrx_word' id='word_1_420' title='bbox 744 5412 815 5467; x_wconf 91' lang='lat' dir='ltr'><strong>ad</strong></span> <span class='ocrx_word' id='word_1_421' title='bbox 856 5414 1235 5485; x_wconf 76' lang='lat' dir='ltr'><strong>Fortunatam,</strong></span> <span class='ocrx_word' id='word_1_422' title='bbox 1269 5414 1487 5469; x_wconf 91' lang='lat' dir='ltr'><strong>recenti</strong></span> <span class='ocrx_word' id='word_1_423' title='bbox 1519 5430 1696 5469; x_wconf 87' lang='lat' dir='ltr'><strong>manu</strong></span> <span class='ocrx_word' id='word_1_424' title='bbox 1728 5412 1962 5486; x_wconf 89' lang='lat' dir='ltr'><strong>supple-</strong></span> 
     </span>
    </p>
   </div>
   <div class='ocr_carea' id='block_1_62' title="bbox 300 5500 1965 5571">
    <p class='ocr_par' dir='ltr' id='par_1_62' title="bbox 300 5500 1965 5571">
     <span class='ocr_line' id='line_1_62' title="bbox 300 5500 1965 5571; baseline -0.001 -12"><span class='ocrx_word' id='word_1_425' title='bbox 300 5508 439 5559; x_wconf 83' lang='lat' dir='ltr'><strong>tum</strong></span> <span class='ocrx_word' id='word_1_426' title='bbox 472 5503 534 5556; x_wconf 92' lang='lat' dir='ltr'><strong>in</strong></span> <span class='ocrx_word' id='word_1_427' title='bbox 557 5500 842 5569; x_wconf 90' lang='lat' dir='ltr'><strong>concilio;</strong></span> <span class='ocrx_word' id='word_1_428' title='bbox 877 5501 937 5556; x_wconf 89' lang='lat' dir='ltr'><strong>in</strong></span> <span class='ocrx_word' id='word_1_429' title='bbox 967 5502 1200 5557; x_wconf 75' lang='lat' dir='ltr'><strong>concilio</strong></span> <span class='ocrx_word' id='word_1_430' title='bbox 1228 5502 1696 5571; x_wconf 76' lang='lat' dir='ltr'><strong>Carthaginiensi,</strong></span> <span class='ocrx_word' id='word_1_431' title='bbox 1730 5507 1965 5558; x_wconf 88' lang='lat' dir='ltr'><strong>senten-</strong></span> 
     </span>
    </p>
   </div>
   <div class='ocr_carea' id='block_1_63' title="bbox 304 5590 1966 5664">
    <p class='ocr_par' dir='ltr' id='par_1_63' title="bbox 304 5590 1966 5664">
     <span class='ocr_line' id='line_1_63' title="bbox 304 5590 1966 5664; baseline -0.002 -15"><span class='ocrx_word' id='word_1_432' title='bbox 304 5592 404 5649; x_wconf 72' lang='lat' dir='ltr'><strong>tiae</strong></span> <span class='ocrx_word' id='word_1_433' title='bbox 436 5591 623 5664; x_wconf 88' lang='lat' dir='ltr'><strong>episc.</strong></span> <span class='ocrx_word' id='word_1_434' title='bbox 647 5607 682 5645; x_wconf 88' lang='lat' dir='ltr'><strong>a</strong></span> <span class='ocrx_word' id='word_1_435' title='bbox 710 5591 780 5644; x_wconf 88' lang='grc'><strong>53</strong></span> <span class='ocrx_word' id='word_1_436' title='bbox 810 5590 882 5647; x_wconf 92' lang='lat' dir='ltr'><strong>ad</strong></span> <span class='ocrx_word' id='word_1_437' title='bbox 911 5592 1019 5660; x_wconf 87' lang='lat'><strong>69;</strong></span> <span class='ocrx_word' id='word_1_438' title='bbox 1062 5590 1300 5647; x_wconf 89' lang='lat' dir='ltr'><strong>initium</strong></span> <span class='ocrx_word' id='word_1_439' title='bbox 1348 5592 1479 5647; x_wconf 90' lang='lat' dir='ltr'><strong>libri</strong></span> <span class='ocrx_word' id='word_1_440' title='bbox 1509 5592 1575 5647; x_wconf 90' lang='lat' dir='ltr'><strong>de</strong></span> <span class='ocrx_word' id='word_1_441' title='bbox 1603 5591 1787 5648; x_wconf 82' lang='lat' dir='ltr'><strong>Laude</strong></span> <span class='ocrx_word' id='word_1_442' title='bbox 1812 5607 1966 5649; x_wconf 86' lang='lat' dir='ltr'><strong>mar-</strong></span> 
     </span>
    </p>
   </div>
   <div class='ocr_carea' id='block_1_64' title="bbox 306 5680 1966 5765">
    <p class='ocr_par' dir='ltr' id='par_1_64' title="bbox 306 5680 1966 5765">
     <span class='ocr_line' id='line_1_64' title="bbox 306 5680 1966 5765; baseline -0.002 -18"><span class='ocrx_word' id='word_1_443' title='bbox 306 5685 475 5764; x_wconf 77' lang='lat' dir='ltr'><strong>tyrii,</strong></span> <span class='ocrx_word' id='word_1_444' title='bbox 506 5680 551 5747; x_wconf 85' lang='grc' dir='ltr'><strong>ι.</strong></span> <span class='ocrx_word' id='word_1_445' title='bbox 581 5696 647 5763; x_wconf 77' lang='grc' dir='ltr'><strong>ιιι</strong></span> <span class='ocrx_word' id='word_1_446' title='bbox 675 5680 1128 5765; x_wconf 66' lang='lat' dir='ltr'><strong>Testimoniorum</strong></span> <span class='ocrx_word' id='word_1_447' title='bbox 1171 5680 1427 5764; x_wconf 73' lang='lat' dir='ltr'><strong>adversus</strong></span> <span class='ocrx_word' id='word_1_448' title='bbox 1474 5680 1710 5747; x_wconf 60' lang='lat' dir='ltr'><strong>Iudaeos.</strong></span> <span class='ocrx_word' id='word_1_449' title='bbox 1741 5710 1810 5725; x_wconf 86' lang='grc'><strong><em>--</em></strong></span> <span class='ocrx_word' id='word_1_450' title='bbox 1838 5680 1966 5743; x_wconf 69' lang='lat' dir='ltr'><strong>Haec</strong></span> 
     </span>
    </p>
   </div>
   <div class='ocr_carea' id='block_1_65' title="bbox 2014 1114 3659 1189">
    <p class='ocr_par' dir='ltr' id='par_1_65' title="bbox 2014 1114 3659 1189">
     <span class='ocr_line' id='line_1_65' title="bbox 2014 1114 3659 1189; baseline 0.003 -18"><span class='ocrx_word' id='word_1_451' title='bbox 2014 1116 2215 1171; x_wconf 89' lang='lat' dir='ltr'><strong>nensis</strong></span> <span class='ocrx_word' id='word_1_452' title='bbox 2245 1116 2353 1170; x_wconf 87' lang='lat' dir='ltr'><strong>hoc</strong></span> <span class='ocrx_word' id='word_1_453' title='bbox 2384 1114 2734 1170; x_wconf 89' lang='lat' dir='ltr'><strong>Psalterium</strong></span> <span class='ocrx_word' id='word_1_454' title='bbox 2766 1114 3004 1172; x_wconf 91' lang='lat' dir='ltr'><strong>omnino</strong></span> <span class='ocrx_word' id='word_1_455' title='bbox 3047 1116 3238 1189; x_wconf 90' lang='lat' dir='ltr'><strong>periit.</strong></span> <span class='ocrx_word' id='word_1_456' title='bbox 3267 1118 3350 1173; x_wconf 83' lang='lat' dir='ltr'><strong>Cf.</strong></span> <span class='ocrx_word' id='word_1_457' title='bbox 3383 1119 3523 1176; x_wconf 90' lang='lat' dir='ltr'><strong>Nov.</strong></span> <span class='ocrx_word' id='word_1_458' title='bbox 3557 1120 3659 1175; x_wconf 83' lang='lat' dir='ltr'><strong>Di-</strong></span> 
     </span>
    </p>
   </div>
   <div class='ocr_carea' id='block_1_66' title="bbox 2014 1203 3656 1278">
    <p class='ocr_par' dir='ltr' id='par_1_66' title="bbox 2014 1203 3656 1278">
     <span class='ocr_line' id='line_1_66' title="bbox 2014 1203 3656 1278; baseline 0.004 -19"><span class='ocrx_word' id='word_1_459' title='bbox 2014 1204 2195 1277; x_wconf 91' lang='lat' dir='ltr'><strong>plom.</strong></span> <span class='ocrx_word' id='word_1_460' title='bbox 2226 1208 2270 1259; x_wconf 93' lang='lat' dir='ltr'><strong>t.</strong></span> <span class='ocrx_word' id='word_1_461' title='bbox 2304 1203 2402 1269; x_wconf 92' lang='lat' dir='ltr'><strong>III,</strong></span> <span class='ocrx_word' id='word_1_462' title='bbox 2435 1204 2606 1275; x_wconf 90' lang='lat' dir='ltr'><strong>p.55,</strong></span> <span class='ocrx_word' id='word_1_463' title='bbox 2639 1207 2756 1259; x_wconf 91' lang='lat' dir='ltr'><strong>not.</strong></span> <span class='ocrx_word' id='word_1_464' title='bbox 2791 1203 2845 1273; x_wconf 77' lang='lat'><strong>1,</strong></span> <span class='ocrx_word' id='word_1_465' title='bbox 2877 1205 3274 1277; x_wconf 80' lang='lat' dir='ltr'><strong>Pateographie</strong></span> <span class='ocrx_word' id='word_1_466' title='bbox 3303 1209 3656 1278; x_wconf 79' lang='lat' dir='ltr'><strong>universelle,</strong></span> 
     </span>
    </p>
   </div>
   <div class='ocr_carea' id='block_1_67' title="bbox 2015 1291 3656 1366">
    <p class='ocr_par' dir='ltr' id='par_1_67' title="bbox 2015 1291 3656 1366">
     <span class='ocr_line' id='line_1_67' title="bbox 2015 1291 3656 1366; baseline 0.003 -17"><span class='ocrx_word' id='word_1_467' title='bbox 2015 1291 2352 1349; x_wconf 86' lang='lat' dir='ltr'><strong>auctoribus</strong></span> <span class='ocrx_word' id='word_1_468' title='bbox 2381 1293 2443 1347; x_wconf 93' lang='lat' dir='ltr'><strong>D.</strong></span> <span class='ocrx_word' id='word_1_469' title='bbox 2497 1291 2899 1363; x_wconf 89' lang='lat' dir='ltr'><strong>Champollion</strong></span> <span class='ocrx_word' id='word_1_470' title='bbox 2928 1292 3131 1366; x_wconf 88' lang='lat' dir='ltr'><strong>Figeac</strong></span> <span class='ocrx_word' id='word_1_471' title='bbox 3161 1299 3218 1350; x_wconf 88' lang='lat' dir='ltr'><strong>et</strong></span> <span class='ocrx_word' id='word_1_472' title='bbox 3246 1295 3412 1352; x_wconf 82' lang='lat' dir='ltr'><strong>Aimé</strong></span> <span class='ocrx_word' id='word_1_473' title='bbox 3446 1296 3656 1355; x_wconf 84' lang='lat' dir='ltr'><strong>Cham-</strong></span> 
     </span>
    </p>
   </div>
   <div class='ocr_carea' id='block_1_68' title="bbox 2016 1380 3311 1455">
    <p class='ocr_par' dir='ltr' id='par_1_68' title="bbox 2016 1380 3311 1455">
     <span class='ocr_line' id='line_1_68' title="bbox 2016 1380 3311 1455; baseline -0.001 -16"><span class='ocrx_word' id='word_1_474' title='bbox 2016 1382 2255 1455; x_wconf 91' lang='lat' dir='ltr'><strong>pollion.</strong></span> <span class='ocrx_word' id='word_1_475' title='bbox 2288 1380 2497 1447; x_wconf 88' lang='lat' dir='ltr'><strong>Paris.,</strong></span> <span class='ocrx_word' id='word_1_476' title='bbox 2529 1381 2682 1452; x_wconf 91' lang='lat' dir='ltr'><strong>apud</strong></span> <span class='ocrx_word' id='word_1_477' title='bbox 2714 1381 2892 1436; x_wconf 88' lang='lat' dir='ltr'><strong>Firm.</strong></span> <span class='ocrx_word' id='word_1_478' title='bbox 2923 1381 3117 1452; x_wconf 90' lang='lat' dir='ltr'><strong>Didot,</strong></span> <span class='ocrx_word' id='word_1_479' title='bbox 3151 1382 3311 1439; x_wconf 77' lang='grc'><strong>1840.</strong></span> 
     </span>
    </p>
   </div>
   <div class='ocr_carea' id='block_1_69' title="bbox 2090 1469 3655 1543">
    <p class='ocr_par' dir='ltr' id='par_1_69' title="bbox 2090 1469 3655 1543">
     <span class='ocr_line' id='line_1_69' title="bbox 2090 1469 3655 1543; baseline 0.003 -16"><span class='ocrx_word' id='word_1_480' title='bbox 2090 1472 2272 1527; x_wconf 87' lang='lat' dir='ltr'><strong>Codex</strong></span> <span class='ocrx_word' id='word_1_481' title='bbox 2300 1470 2731 1541; x_wconf 79' lang='lat' dir='ltr'><strong>Aurelianensis,</strong></span> <span class='ocrx_word' id='word_1_482' title='bbox 2764 1469 2973 1526; x_wconf 80' lang='lat' dir='ltr'><strong>litteris</strong></span> <span class='ocrx_word' id='word_1_483' title='bbox 3010 1471 3385 1543; x_wconf 86' lang='lat' dir='ltr'><strong>unicialibus,</strong></span> <span class='ocrx_word' id='word_1_484' title='bbox 3416 1475 3474 1530; x_wconf 94' lang='lat' dir='ltr'><strong>in</strong></span> <span class='ocrx_word' id='word_1_485' title='bbox 3507 1476 3655 1532; x_wconf 91' lang='lat' dir='ltr'><strong>Bibl.</strong></span> 
     </span>
    </p>
   </div>
   <div class='ocr_carea' id='block_1_70' title="bbox 2019 1557 3661 1633">
    <p class='ocr_par' dir='ltr' id='par_1_70' title="bbox 2019 1557 3661 1633">
     <span class='ocr_line' id='line_1_70' title="bbox 2019 1557 3661 1633; baseline 0.002 -16"><span class='ocrx_word' id='word_1_486' title='bbox 2019 1562 2238 1633; x_wconf 68' lang='lat' dir='ltr'><strong>public.</strong></span> <span class='ocrx_word' id='word_1_487' title='bbox 2272 1559 2412 1615; x_wconf 90' lang='lat' dir='ltr'><strong>olim</strong></span> <span class='ocrx_word' id='word_1_488' title='bbox 2444 1558 2881 1615; x_wconf 88' lang='lat' dir='ltr'><strong>San-Benedict.</strong></span> <span class='ocrx_word' id='word_1_489' title='bbox 2927 1557 3169 1627; x_wconf 88' lang='lat' dir='ltr'><strong>Floriac,</strong></span> <span class='ocrx_word' id='word_1_490' title='bbox 3204 1560 3337 1617; x_wconf 87' lang='lat' dir='ltr'><strong>libr.</strong></span> <span class='ocrx_word' id='word_1_491' title='bbox 3369 1563 3435 1619; x_wconf 81' lang='lat' dir='ltr'><strong>de</strong></span> <span class='ocrx_word' id='word_1_492' title='bbox 3462 1563 3661 1622; x_wconf 75' lang='lat' dir='ltr'><strong>Morta-</strong></span> 
     </span>
    </p>
   </div>
   <div class='ocr_carea' id='block_1_71' title="bbox 2025 1648 3286 1721">
    <p class='ocr_par' dir='ltr' id='par_1_71' title="bbox 2025 1648 3286 1721">
     <span class='ocr_line' id='line_1_71' title="bbox 2025 1648 3286 1721; baseline 0.002 -16"><span class='ocrx_word' id='word_1_493' title='bbox 2025 1650 2182 1707; x_wconf 81' lang='lat' dir='ltr'><strong>litate</strong></span> <span class='ocrx_word' id='word_1_494' title='bbox 2209 1653 2267 1705; x_wconf 87' lang='lat' dir='ltr'><strong>et</strong></span> <span class='ocrx_word' id='word_1_495' title='bbox 2298 1648 2363 1705; x_wconf 87' lang='lat' dir='ltr'><strong>de</strong></span> <span class='ocrx_word' id='word_1_496' title='bbox 2388 1651 2743 1704; x_wconf 80' lang='lat' dir='ltr'><strong>Sacramento</strong></span> <span class='ocrx_word' id='word_1_497' title='bbox 2770 1649 2982 1711; x_wconf 72' lang='lat' dir='ltr'><strong>colicis.</strong></span> <span class='ocrx_word' id='word_1_498' title='bbox 3014 1648 3286 1721; x_wconf 84' lang='lat' dir='ltr'><strong>(Hoenel.)</strong></span> 
     </span>
    </p>
   </div>
   <div class='ocr_carea' id='block_1_72' title="bbox 2655 1771 3037 1812">
    <p class='ocr_par' dir='ltr' id='par_1_72' title="bbox 2655 1771 3037 1812">
     <span class='ocr_line' id='line_1_72' title="bbox 2655 1771 3037 1812; baseline 0.003 -2"><span class='ocrx_word' id='word_1_499' title='bbox 2655 1771 2880 1811; x_wconf 57' lang='grc' dir='ltr'><strong>διδουιο</strong></span> <span class='ocrx_word' id='word_1_500' title='bbox 2919 1772 3037 1812; x_wconf 77' lang='lat' dir='ltr'><strong>VIII.</strong></span> 
     </span>
    </p>
   </div>
   <div class='ocr_carea' id='block_1_73' title="bbox 1940 1844 3663 1927">
    <p class='ocr_par' dir='ltr' id='par_1_73' title="bbox 1940 1844 3663 1927">
     <span class='ocr_line' id='line_1_73' title="bbox 1940 1844 3663 1927; baseline 0.006 -28"><span class='ocrx_word' id='word_1_501' title='bbox 1940 1862 1989 1927; x_wconf 84' lang='lat' dir='ltr'><strong>B</strong></span> <span class='ocrx_word' id='word_1_502' title='bbox 2095 1848 2275 1905; x_wconf 81' lang='lat' dir='ltr'><strong>Codex</strong></span> <span class='ocrx_word' id='word_1_503' title='bbox 2335 1846 2667 1915; x_wconf 77' lang='lat' dir='ltr'><strong>Veronensis,</strong></span> <span class='ocrx_word' id='word_1_504' title='bbox 2718 1844 3061 1915; x_wconf 66' lang='lat' dir='ltr'><strong>maiusculis</strong></span> <span class='ocrx_word' id='word_1_505' title='bbox 3109 1844 3322 1905; x_wconf 89' lang='lat' dir='ltr'><strong>litteris</strong></span> <span class='ocrx_word' id='word_1_506' title='bbox 3368 1857 3663 1922; x_wconf 81' lang='lat' dir='ltr'><strong>exaratus,</strong></span> 
     </span>
    </p>
   </div>
   <div class='ocr_carea' id='block_1_74' title="bbox 2022 1932 3663 2005">
    <p class='ocr_par' dir='ltr' id='par_1_74' title="bbox 2022 1932 3663 2005">
     <span class='ocr_line' id='line_1_74' title="bbox 2022 1932 3663 2005; baseline 0.003 -12"><span class='ocrx_word' id='word_1_507' title='bbox 2022 1942 2157 1994; x_wconf 89' lang='lat' dir='ltr'><strong>ante</strong></span> <span class='ocrx_word' id='word_1_508' title='bbox 2201 1951 2387 1992; x_wconf 87' lang='lat' dir='ltr'><strong>annos</strong></span> <span class='ocrx_word' id='word_1_509' title='bbox 2434 1932 2594 1989; x_wconf 90' lang='lat' dir='ltr'><strong>mille</strong></span> <span class='ocrx_word' id='word_1_510' title='bbox 2637 1933 2892 2005; x_wconf 90' lang='lat' dir='ltr'><strong>scriptus</strong></span> <span class='ocrx_word' id='word_1_511' title='bbox 2939 1934 3189 1991; x_wconf 88' lang='lat' dir='ltr'><strong>refertur</strong></span> <span class='ocrx_word' id='word_1_512' title='bbox 3215 1936 3275 1993; x_wconf 91' lang='lat' dir='ltr'><strong>in</strong></span> <span class='ocrx_word' id='word_1_513' title='bbox 3324 1938 3515 1997; x_wconf 83' lang='lat' dir='ltr'><strong>Diario</strong></span> <span class='ocrx_word' id='word_1_514' title='bbox 3542 1942 3663 1999; x_wconf 81' lang='lat' dir='ltr'><strong>Ital.</strong></span> 
     </span>
    </p>
   </div>
   <div class='ocr_carea' id='block_1_75' title="bbox 2024 2024 2480 2096">
    <p class='ocr_par' dir='ltr' id='par_1_75' title="bbox 2024 2024 2480 2096">
     <span class='ocr_line' id='line_1_75' title="bbox 2024 2024 2480 2096; baseline -0.009 -14"><span class='ocrx_word' id='word_1_515' title='bbox 2024 2024 2268 2093; x_wconf 86' lang='lat' dir='ltr'><strong>Mabill.,</strong></span> <span class='ocrx_word' id='word_1_516' title='bbox 2301 2041 2358 2096; x_wconf 86' lang='lat' dir='ltr'><strong>p.</strong></span> <span class='ocrx_word' id='word_1_517' title='bbox 2390 2024 2480 2078; x_wconf 87' lang='lat'><strong>23.</strong></span> 
     </span>
    </p>
   </div>
   <div class='ocr_carea' id='block_1_76' title="bbox 2673 2127 3019 2168">
    <p class='ocr_par' dir='ltr' id='par_1_76' title="bbox 2673 2127 3019 2168">
     <span class='ocr_line' id='line_1_76' title="bbox 2673 2127 3019 2168; baseline 0.003 -1"><span class='ocrx_word' id='word_1_518' title='bbox 2673 2127 2903 2168; x_wconf 61' lang='grc' dir='ltr'><strong>ΒΔΕοοιο</strong></span> <span class='ocrx_word' id='word_1_519' title='bbox 2942 2129 3019 2168; x_wconf 77' lang='lat' dir='ltr'><strong>IX.</strong></span> 
     </span>
    </p>
   </div>
   <div class='ocr_carea' id='block_1_77' title="bbox 2100 2201 3672 2279">
    <p class='ocr_par' dir='ltr' id='par_1_77' title="bbox 2100 2201 3672 2279">
     <span class='ocr_line' id='line_1_77' title="bbox 2100 2201 3672 2279; baseline 0.003 -19"><span class='ocrx_word' id='word_1_520' title='bbox 2100 2204 2280 2260; x_wconf 87' lang='lat' dir='ltr'><strong>Codex</strong></span> <span class='ocrx_word' id='word_1_521' title='bbox 2308 2202 2640 2257; x_wconf 83' lang='lat' dir='ltr'><strong>Parisiensis</strong></span> <span class='ocrx_word' id='word_1_522' title='bbox 2684 2217 2766 2257; x_wconf 91' lang='lat'><strong>111.</strong></span> <span class='ocrx_word' id='word_1_523' title='bbox 2819 2201 3093 2259; x_wconf 90' lang='lat' dir='ltr'><strong>Biblioth.</strong></span> <span class='ocrx_word' id='word_1_524' title='bbox 3144 2204 3304 2279; x_wconf 79' lang='lat' dir='ltr'><strong>Beg.,</strong></span> <span class='ocrx_word' id='word_1_525' title='bbox 3338 2207 3499 2276; x_wconf 81' lang='grc'><strong>1647,</strong></span> <span class='ocrx_word' id='word_1_526' title='bbox 3528 2207 3672 2266; x_wconf 88' lang='lat' dir='ltr'><strong>olim</strong></span> 
     </span>
    </p>
   </div>
   <div class='ocr_carea' id='block_1_78' title="bbox 2029 2289 2961 2367">
    <p class='ocr_par' dir='ltr' id='par_1_78' title="bbox 2029 2289 2961 2367">
     <span class='ocr_line' id='line_1_78' title="bbox 2029 2289 2961 2367; baseline -0.003 -17"><span class='ocrx_word' id='word_1_527' title='bbox 2029 2295 2280 2350; x_wconf 88' lang='lat' dir='ltr'><strong>Colbert.</strong></span> <span class='ocrx_word' id='word_1_528' title='bbox 2312 2289 2608 2367; x_wconf 82' lang='lat' dir='ltr'><strong>quscula</strong></span> <span class='ocrx_word' id='word_1_529' title='bbox 2634 2307 2729 2345; x_wconf 84' lang='lat' dir='ltr'><strong>x1v</strong></span> <span class='ocrx_word' id='word_1_530' title='bbox 2758 2290 2961 2347; x_wconf 83' lang='lat' dir='ltr'><strong>in-t‘ol.</strong></span> 
     </span>
    </p>
   </div>
   <div class='ocr_carea' id='block_1_79' title="bbox 2104 2380 3677 2460">
    <p class='ocr_par' dir='ltr' id='par_1_79' title="bbox 2104 2380 3677 2460">
     <span class='ocr_line' id='line_1_79' title="bbox 2104 2380 3677 2460; baseline 0.007 -23"><span class='ocrx_word' id='word_1_531' title='bbox 2104 2382 2281 2439; x_wconf 89' lang='lat' dir='ltr'><strong>Codex</strong></span> <span class='ocrx_word' id='word_1_532' title='bbox 2325 2381 2437 2436; x_wconf 84' lang='lat' dir='ltr'><strong>Son</strong></span> <span class='ocrx_word' id='word_1_533' title='bbox 2480 2380 2754 2436; x_wconf 81' lang='lat' dir='ltr'><strong>Gallensis</strong></span> <span class='ocrx_word' id='word_1_534' title='bbox 2784 2398 2823 2435; x_wconf 90' lang='lat'><strong>1.</strong></span> <span class='ocrx_word' id='word_1_535' title='bbox 2855 2381 3126 2453; x_wconf 81' lang='lat' dir='ltr'><strong>Cypriani</strong></span> <span class='ocrx_word' id='word_1_536' title='bbox 3173 2387 3230 2440; x_wconf 90' lang='lat' dir='ltr'><strong>et</strong></span> <span class='ocrx_word' id='word_1_537' title='bbox 3276 2385 3537 2460; x_wconf 86' lang='lat' dir='ltr'><strong>Gregorii</strong></span> <span class='ocrx_word' id='word_1_538' title='bbox 3568 2390 3677 2448; x_wconf 87' lang='lat' dir='ltr'><strong>Na-</strong></span> 
     </span>
    </p>
   </div>
   <div class='ocr_carea' id='block_1_80' title="bbox 2031 2468 3675 2543">
    <p class='ocr_par' dir='ltr' id='par_1_80' title="bbox 2031 2468 3675 2543">
     <span class='ocr_line' id='line_1_80' title="bbox 2031 2468 3675 2543; baseline 0.005 -16"><span class='ocrx_word' id='word_1_539' title='bbox 2031 2471 2291 2528; x_wconf 88' lang='lat' dir='ltr'><strong>zianzeni</strong></span> <span class='ocrx_word' id='word_1_540' title='bbox 2321 2468 2636 2543; x_wconf 91' lang='lat' dir='ltr'><strong>opuscula;</strong></span> <span class='ocrx_word' id='word_1_541' title='bbox 2687 2469 2867 2525; x_wconf 80' lang='lat' dir='ltr'><strong>codex</strong></span> <span class='ocrx_word' id='word_1_542' title='bbox 2911 2469 3123 2539; x_wconf 90' lang='lat' dir='ltr'><strong>bonus,</strong></span> <span class='ocrx_word' id='word_1_543' title='bbox 3156 2475 3502 2534; x_wconf 86' lang='lat' dir='ltr'><strong>membrana</strong></span> <span class='ocrx_word' id='word_1_544' title='bbox 3537 2478 3675 2537; x_wconf 88' lang='lat' dir='ltr'><strong>hinc</strong></span> 
     </span>
    </p>
   </div>
   <div class='ocr_carea' id='block_1_81' title="bbox 2032 2558 3674 2639">
    <p class='ocr_par' dir='ltr' id='par_1_81' title="bbox 2032 2558 3674 2639">
     <span class='ocr_line' id='line_1_81' title="bbox 2032 2558 3674 2639; baseline -0.007 -24"><span class='ocrx_word' id='word_1_545' title='bbox 2032 2561 2169 2617; x_wconf 86' lang='lat' dir='ltr'><strong>inde</strong></span> <span class='ocrx_word' id='word_1_546' title='bbox 2198 2558 2453 2625; x_wconf 90' lang='lat' dir='ltr'><strong>sordida,</strong></span> <span class='ocrx_word' id='word_1_547' title='bbox 2495 2560 2869 2629; x_wconf 88' lang='lat' dir='ltr'><strong>compactura</strong></span> <span class='ocrx_word' id='word_1_548' title='bbox 2917 2560 3210 2630; x_wconf 70' lang='lat' dir='ltr'><strong>primaeva,</strong></span> <span class='ocrx_word' id='word_1_549' title='bbox 3243 2566 3461 2622; x_wconf 88' lang='lat' dir='ltr'><strong>memb.</strong></span> <span class='ocrx_word' id='word_1_550' title='bbox 3509 2567 3674 2639; x_wconf 54' lang='lat' dir='ltr'><strong>in-So’</strong></span> 
     </span>
    </p>
   </div>
   <div class='ocr_carea' id='block_1_82' title="bbox 2035 2646 2678 2720">
    <p class='ocr_par' dir='ltr' id='par_1_82' title="bbox 2035 2646 2678 2720">
     <span class='ocr_line' id='line_1_82' title="bbox 2035 2646 2678 2720; baseline -0.008 -15"><span class='ocrx_word' id='word_1_551' title='bbox 2035 2650 2176 2720; x_wconf 87' lang='lat' dir='ltr'><strong>maj.</strong></span> <span class='ocrx_word' id='word_1_552' title='bbox 2208 2648 2290 2719; x_wconf 90' lang='lat' dir='ltr'><strong>(S.</strong></span> <span class='ocrx_word' id='word_1_553' title='bbox 2321 2648 2447 2714; x_wconf 83' lang='lat'><strong>272,</strong></span> <span class='ocrx_word' id='word_1_554' title='bbox 2480 2646 2541 2700; x_wconf 88' lang='lat' dir='ltr'><strong>n°</strong></span> <span class='ocrx_word' id='word_1_555' title='bbox 2566 2646 2678 2717; x_wconf 88' lang='lat'><strong>90).</strong></span> 
     </span>
    </p>
   </div>
   <div class='ocr_carea' id='block_1_83' title="bbox 2108 2734 3681 2818">
    <p class='ocr_par' dir='ltr' id='par_1_83' title="bbox 2108 2734 3681 2818">
     <span class='ocr_line' id='line_1_83' title="bbox 2108 2734 3681 2818; baseline 0.005 -25"><span class='ocrx_word' id='word_1_556' title='bbox 2108 2736 2288 2793; x_wconf 83' lang='lat' dir='ltr'><strong>Codex</strong></span> <span class='ocrx_word' id='word_1_557' title='bbox 2326 2734 2773 2803; x_wconf 76' lang='lat' dir='ltr'><strong>Vindobonensis,</strong></span> <span class='ocrx_word' id='word_1_558' title='bbox 2806 2751 2873 2791; x_wconf 82' lang='lat' dir='ltr'><strong>ex</strong></span> <span class='ocrx_word' id='word_1_559' title='bbox 2910 2736 3173 2811; x_wconf 88' lang='lat' dir='ltr'><strong>catalogo</strong></span> <span class='ocrx_word' id='word_1_560' title='bbox 3222 2740 3444 2812; x_wconf 88' lang='lat' dir='ltr'><strong>Denis.,</strong></span> <span class='ocrx_word' id='word_1_561' title='bbox 3491 2744 3605 2801; x_wconf 88' lang='lat' dir='ltr'><strong>vol.</strong></span> <span class='ocrx_word' id='word_1_562' title='bbox 3640 2762 3681 2818; x_wconf 95' lang='lat'><strong>1,</strong></span> 
     </span>
    </p>
   </div>
   <div class='ocr_carea' id='block_1_84' title="bbox 2038 2825 2309 2883">
    <p class='ocr_par' dir='ltr' id='par_1_84' title="bbox 2038 2825 2309 2883">
     <span class='ocr_line' id='line_1_84' title="bbox 2038 2825 2309 2883; baseline -0.004 0"><span class='ocrx_word' id='word_1_563' title='bbox 2038 2826 2147 2883; x_wconf 93' lang='lat' dir='ltr'><strong>col.</strong></span> <span class='ocrx_word' id='word_1_564' title='bbox 2177 2825 2309 2882; x_wconf 81' lang='lat'><strong>582.</strong></span> 
     </span>
    </p>
   </div>
   <div class='ocr_carea' id='block_1_85' title="bbox 2692 2928 3015 2970">
    <p class='ocr_par' dir='ltr' id='par_1_85' title="bbox 2692 2928 3015 2970">
     <span class='ocr_line' id='line_1_85' title="bbox 2692 2928 3015 2970; baseline 0.006 -2"><span class='ocrx_word' id='word_1_565' title='bbox 2692 2928 2920 2970; x_wconf 56' lang='grc' dir='ltr'><strong>διαιτιο</strong></span> <span class='ocrx_word' id='word_1_566' title='bbox 2959 2930 3015 2970; x_wconf 80' lang='lat' dir='ltr'><strong>X.</strong></span> 
     </span>
    </p>
   </div>
   <div class='ocr_carea' id='block_1_86' title="bbox 2108 3000 3685 3075">
    <p class='ocr_par' dir='ltr' id='par_1_86' title="bbox 2108 3000 3685 3075">
     <span class='ocr_line' id='line_1_86' title="bbox 2108 3000 3685 3075; baseline 0.003 -16"><span class='ocrx_word' id='word_1_567' title='bbox 2108 3002 2289 3060; x_wconf 79' lang='lat' dir='ltr'><strong>Codex</strong></span> <span class='ocrx_word' id='word_1_568' title='bbox 2312 3000 2650 3057; x_wconf 78' lang='lat' dir='ltr'><strong>Parisiensis</strong></span> <span class='ocrx_word' id='word_1_569' title='bbox 2692 3016 2773 3054; x_wconf 86' lang='grc' dir='ltr'><strong>ιιι.</strong></span> <span class='ocrx_word' id='word_1_570' title='bbox 2809 3000 2956 3055; x_wconf 89' lang='lat' dir='ltr'><strong>Bibl.</strong></span> <span class='ocrx_word' id='word_1_571' title='bbox 3007 3016 3153 3074; x_wconf 88' lang='lat' dir='ltr'><strong>reg.,</strong></span> <span class='ocrx_word' id='word_1_572' title='bbox 3201 3003 3362 3075; x_wconf 89' lang='lat'><strong>2178,</strong></span> <span class='ocrx_word' id='word_1_573' title='bbox 3394 3004 3534 3063; x_wconf 89' lang='lat' dir='ltr'><strong>olim</strong></span> <span class='ocrx_word' id='word_1_574' title='bbox 3562 3007 3685 3064; x_wconf 87' lang='lat' dir='ltr'><strong>Col-</strong></span> 
     </span>
    </p>
   </div>
   <div class='ocr_carea' id='block_1_87' title="bbox 2040 3087 3375 3162">
    <p class='ocr_par' dir='ltr' id='par_1_87' title="bbox 2040 3087 3375 3162">
     <span class='ocr_line' id='line_1_87' title="bbox 2040 3087 3375 3162; baseline 0.001 -14"><span class='ocrx_word' id='word_1_575' title='bbox 2040 3093 2211 3158; x_wconf 90' lang='lat' dir='ltr'><strong>bert.,</strong></span> <span class='ocrx_word' id='word_1_576' title='bbox 2243 3090 2414 3159; x_wconf 71' lang='grc' dir='ltr'><strong>ιιι-4ο,</strong></span> <span class='ocrx_word' id='word_1_577' title='bbox 2446 3089 2634 3144; x_wconf 84' lang='lat' dir='ltr'><strong>forma</strong></span> <span class='ocrx_word' id='word_1_578' title='bbox 2662 3087 2933 3161; x_wconf 88' lang='lat' dir='ltr'><strong>oblonga,</strong></span> <span class='ocrx_word' id='word_1_579' title='bbox 2964 3090 3250 3162; x_wconf 90' lang='lat' dir='ltr'><strong>opuscula</strong></span> <span class='ocrx_word' id='word_1_580' title='bbox 3277 3110 3375 3151; x_wconf 87' lang='lat' dir='ltr'><strong>vn.</strong></span> 
     </span>
    </p>
   </div>
   <div class='ocr_carea' id='block_1_88' title="bbox 2117 3178 3687 3259">
    <p class='ocr_par' dir='ltr' id='par_1_88' title="bbox 2117 3178 3687 3259">
     <span class='ocr_line' id='line_1_88' title="bbox 2117 3178 3687 3259; baseline 0.003 -22"><span class='ocrx_word' id='word_1_581' title='bbox 2117 3180 2296 3237; x_wconf 83' lang='lat' dir='ltr'><strong>Codex</strong></span> <span class='ocrx_word' id='word_1_582' title='bbox 2323 3178 2845 3249; x_wconf 82' lang='lat' dir='ltr'><strong>Montispessutanus</strong></span> <span class='ocrx_word' id='word_1_583' title='bbox 2870 3194 2911 3249; x_wconf 88' lang='grc' dir='ltr'><strong>ι,</strong></span> <span class='ocrx_word' id='word_1_584' title='bbox 2942 3194 3012 3235; x_wconf 82' lang='lat' dir='ltr'><strong>ex</strong></span> <span class='ocrx_word' id='word_1_585' title='bbox 3039 3178 3206 3237; x_wconf 89' lang='lat' dir='ltr'><strong>libris</strong></span> <span class='ocrx_word' id='word_1_586' title='bbox 3234 3183 3473 3241; x_wconf 89' lang='lat' dir='ltr'><strong>oratorii</strong></span> <span class='ocrx_word' id='word_1_587' title='bbox 3493 3184 3687 3259; x_wconf 89' lang='lat' dir='ltr'><strong>Trec.,</strong></span> 
     </span>
    </p>
   </div>
   <div class='ocr_carea' id='block_1_89' title="bbox 2045 3267 3231 3337">
    <p class='ocr_par' dir='ltr' id='par_1_89' title="bbox 2045 3267 3231 3337">
     <span class='ocr_line' id='line_1_89' title="bbox 2045 3267 3231 3337; baseline -0.003 -9"><span class='ocrx_word' id='word_1_588' title='bbox 2045 3270 2206 3328; x_wconf 90' lang='lat' dir='ltr'><strong>olim.</strong></span> <span class='ocrx_word' id='word_1_589' title='bbox 2239 3270 2330 3327; x_wconf 88' lang='lat' dir='ltr'><strong>Fr.</strong></span> <span class='ocrx_word' id='word_1_590' title='bbox 2363 3267 2586 3336; x_wconf 68' lang='lat' dir='ltr'><strong>Pithmi,</strong></span> <span class='ocrx_word' id='word_1_591' title='bbox 2617 3267 3037 3337; x_wconf 90' lang='lat' dir='ltr'><strong>membranac.,</strong></span> <span class='ocrx_word' id='word_1_592' title='bbox 3065 3268 3231 3325; x_wconf 71' lang='grc' dir='ltr'><strong>ιιι-4ο.</strong></span> 
     </span>
    </p>
   </div>
   <div class='ocr_carea' id='block_1_90' title="bbox 2119 3357 3691 3435">
    <p class='ocr_par' dir='ltr' id='par_1_90' title="bbox 2119 3357 3691 3435">
     <span class='ocr_line' id='line_1_90' title="bbox 2119 3357 3691 3435; baseline 0.004 -19"><span class='ocrx_word' id='word_1_593' title='bbox 2119 3360 2305 3417; x_wconf 83' lang='lat' dir='ltr'><strong>Oratio</strong></span> <span class='ocrx_word' id='word_1_594' title='bbox 2347 3357 2413 3413; x_wconf 87' lang='lat' dir='ltr'><strong>de</strong></span> <span class='ocrx_word' id='word_1_595' title='bbox 2458 3357 2805 3412; x_wconf 76' lang='lat' dir='ltr'><strong>Pxnitentia.</strong></span> <span class='ocrx_word' id='word_1_596' title='bbox 2856 3357 2939 3413; x_wconf 80' lang='lat' dir='ltr'><strong>Cf.</strong></span> <span class='ocrx_word' id='word_1_597' title='bbox 3000 3357 3222 3427; x_wconf 84' lang='lat' dir='ltr'><strong>Baluz.,</strong></span> <span class='ocrx_word' id='word_1_598' title='bbox 3272 3360 3331 3415; x_wconf 90' lang='lat' dir='ltr'><strong>in</strong></span> <span class='ocrx_word' id='word_1_599' title='bbox 3383 3361 3691 3435; x_wconf 80' lang='lat' dir='ltr'><strong>Capitular.</strong></span> 
     </span>
    </p>
   </div>
   <div class='ocr_carea' id='block_1_91' title="bbox 2045 3445 3450 3521">
    <p class='ocr_par' dir='ltr' id='par_1_91' title="bbox 2045 3445 3450 3521">
     <span class='ocr_line' id='line_1_91' title="bbox 2045 3445 3450 3521; baseline 0.004 -20"><span class='ocrx_word' id='word_1_600' title='bbox 2045 3466 2192 3521; x_wconf 83' lang='lat' dir='ltr'><strong>regg.</strong></span> <span class='ocrx_word' id='word_1_601' title='bbox 2225 3450 2340 3515; x_wconf 84' lang='lat' dir='ltr'><strong>Fr.,</strong></span> <span class='ocrx_word' id='word_1_602' title='bbox 2374 3445 2630 3519; x_wconf 59' lang='lat' dir='ltr'><strong>praefatio</strong></span> <span class='ocrx_word' id='word_1_603' title='bbox 2661 3461 2788 3517; x_wconf 91' lang='lat' dir='ltr'><strong>cap.</strong></span> <span class='ocrx_word' id='word_1_604' title='bbox 2822 3462 2963 3501; x_wconf 80' lang='lat' dir='ltr'><strong>Lxxv</strong></span> <span class='ocrx_word' id='word_1_605' title='bbox 2992 3450 3050 3502; x_wconf 87' lang='lat' dir='ltr'><strong>et</strong></span> <span class='ocrx_word' id='word_1_606' title='bbox 3077 3450 3121 3503; x_wconf 87' lang='lat' dir='ltr'><strong>t.</strong></span> <span class='ocrx_word' id='word_1_607' title='bbox 3156 3451 3201 3519; x_wconf 89' lang='grc' dir='ltr'>Ι,</span> <span class='ocrx_word' id='word_1_608' title='bbox 3234 3465 3293 3520; x_wconf 89' lang='lat' dir='ltr'><strong>p.</strong></span> <span class='ocrx_word' id='word_1_609' title='bbox 3322 3449 3450 3506; x_wconf 90' lang='lat'><strong>691.</strong></span> 
     </span>
    </p>
   </div>
   <div class='ocr_carea' id='block_1_92' title="bbox 2699 3566 3045 3609">
    <p class='ocr_par' dir='ltr' id='par_1_92' title="bbox 2699 3566 3045 3609">
     <span class='ocr_line' id='line_1_92' title="bbox 2699 3566 3045 3609; baseline 0.003 -3"><span class='ocrx_word' id='word_1_610' title='bbox 2699 3566 2854 3609; x_wconf 64' lang='grc' dir='ltr'><strong>ελεαυ</strong></span> <span class='ocrx_word' id='word_1_611' title='bbox 2862 3566 2928 3607; x_wconf 75' lang='grc' dir='ltr'><strong>ιο</strong></span> <span class='ocrx_word' id='word_1_612' title='bbox 2964 3568 3021 3607; x_wconf 74' lang='lat' dir='ltr'><strong>XI</strong></span> <span class='ocrx_word' id='word_1_613' title='bbox 3031 3592 3045 3607; x_wconf 89' lang='lat'><strong>.</strong></span> 
     </span>
    </p>
   </div>
   <div class='ocr_carea' id='block_1_93' title="bbox 2119 3638 3698 3716">
    <p class='ocr_par' dir='ltr' id='par_1_93' title="bbox 2119 3638 3698 3716">
     <span class='ocr_line' id='line_1_93' title="bbox 2119 3638 3698 3716; baseline 0.001 -16"><span class='ocrx_word' id='word_1_614' title='bbox 2119 3641 2302 3701; x_wconf 86' lang='lat' dir='ltr'><strong>Codex</strong></span> <span class='ocrx_word' id='word_1_615' title='bbox 2356 3640 2843 3709; x_wconf 83' lang='lat' dir='ltr'><strong>Strateburgensis,</strong></span> <span class='ocrx_word' id='word_1_616' title='bbox 2900 3638 2960 3696; x_wconf 90' lang='lat' dir='ltr'><strong>in</strong></span> <span class='ocrx_word' id='word_1_617' title='bbox 3009 3640 3161 3698; x_wconf 90' lang='lat' dir='ltr'><strong>Bibl.</strong></span> <span class='ocrx_word' id='word_1_618' title='bbox 3211 3640 3470 3716; x_wconf 75' lang='lat' dir='ltr'><strong>publica,</strong></span> <span class='ocrx_word' id='word_1_619' title='bbox 3515 3661 3698 3703; x_wconf 86' lang='lat' dir='ltr'><strong>mem-</strong></span> 
     </span>
    </p>
   </div>
   <div class='ocr_carea' id='block_1_94' title="bbox 2051 3730 2738 3801">
    <p class='ocr_par' dir='ltr' id='par_1_94' title="bbox 2051 3730 2738 3801">
     <span class='ocr_line' id='line_1_94' title="bbox 2051 3730 2738 3801; baseline -0.006 -13"><span class='ocrx_word' id='word_1_620' title='bbox 2051 3732 2219 3788; x_wconf 92' lang='lat' dir='ltr'><strong>bran.</strong></span> <span class='ocrx_word' id='word_1_621' title='bbox 2256 3730 2528 3801; x_wconf 80' lang='lat' dir='ltr'><strong>Cypriani</strong></span> <span class='ocrx_word' id='word_1_622' title='bbox 2553 3744 2738 3800; x_wconf 79' lang='lat' dir='ltr'><strong>opera.</strong></span> 
     </span>
    </p>
   </div>
   <div class='ocr_carea' id='block_1_95' title="bbox 2684 3833 3053 3875">
    <p class='ocr_par' dir='ltr' id='par_1_95' title="bbox 2684 3833 3053 3875">
     <span class='ocr_line' id='line_1_95' title="bbox 2684 3833 3053 3875; baseline 0.003 -2"><span class='ocrx_word' id='word_1_623' title='bbox 2684 3833 2915 3874; x_wconf 62' lang='grc' dir='ltr'><strong>δτι-ιουιο</strong></span> <span class='ocrx_word' id='word_1_624' title='bbox 2952 3835 3053 3875; x_wconf 74' lang='lat' dir='ltr'><strong>XII.</strong></span> 
     </span>
    </p>
   </div>
   <div class='ocr_carea' id='block_1_96' title="bbox 2128 3906 3709 3981">
    <p class='ocr_par' dir='ltr' id='par_1_96' title="bbox 2128 3906 3709 3981">
     <span class='ocr_line' id='line_1_96' title="bbox 2128 3906 3709 3981; baseline 0.003 -17"><span class='ocrx_word' id='word_1_625' title='bbox 2128 3907 2305 3964; x_wconf 89' lang='lat' dir='ltr'><strong>Codex</strong></span> <span class='ocrx_word' id='word_1_626' title='bbox 2328 3907 2662 3963; x_wconf 82' lang='lat' dir='ltr'><strong>Parisiensis</strong></span> <span class='ocrx_word' id='word_1_627' title='bbox 2692 3922 2768 3977; x_wconf 91' lang='lat' dir='ltr'><strong>1v,</strong></span> <span class='ocrx_word' id='word_1_628' title='bbox 2802 3906 2951 3963; x_wconf 88' lang='lat' dir='ltr'><strong>Bibl.</strong></span> <span class='ocrx_word' id='word_1_629' title='bbox 2984 3924 3127 3981; x_wconf 89' lang='lat' dir='ltr'><strong>reg.,</strong></span> <span class='ocrx_word' id='word_1_630' title='bbox 3175 3910 3334 3980; x_wconf 87' lang='grc'><strong>1648,</strong></span> <span class='ocrx_word' id='word_1_631' title='bbox 3366 3910 3507 3969; x_wconf 88' lang='lat' dir='ltr'><strong>olim</strong></span> <span class='ocrx_word' id='word_1_632' title='bbox 3538 3912 3709 3968; x_wconf 88' lang='lat' dir='ltr'><strong>Balu-</strong></span> 
     </span>
    </p>
   </div>
   <div class='ocr_carea' id='block_1_97' title="bbox 2056 3994 3442 4068">
    <p class='ocr_par' dir='ltr' id='par_1_97' title="bbox 2056 3994 3442 4068">
     <span class='ocr_line' id='line_1_97' title="bbox 2056 3994 3442 4068; baseline 0.002 -16"><span class='ocrx_word' id='word_1_633' title='bbox 2056 3997 2283 4065; x_wconf 83' lang='lat' dir='ltr'><strong>zianus,</strong></span> <span class='ocrx_word' id='word_1_634' title='bbox 2308 3994 2527 4063; x_wconf 84' lang='lat' dir='ltr'><strong>in-fol.,</strong></span> <span class='ocrx_word' id='word_1_635' title='bbox 2561 3994 2842 4067; x_wconf 88' lang='lat' dir='ltr'><strong>opuscula</strong></span> <span class='ocrx_word' id='word_1_636' title='bbox 2869 4012 2971 4065; x_wconf 87' lang='lat' dir='ltr'><strong>x11,</strong></span> <span class='ocrx_word' id='word_1_637' title='bbox 3002 3997 3204 4068; x_wconf 88' lang='lat' dir='ltr'><strong>spuria</strong></span> <span class='ocrx_word' id='word_1_638' title='bbox 3236 3998 3442 4055; x_wconf 87' lang='lat' dir='ltr'><strong>multa.</strong></span> 
     </span>
    </p>
   </div>
   <div class='ocr_carea' id='block_1_98' title="bbox 2131 4083 3709 4161">
    <p class='ocr_par' dir='ltr' id='par_1_98' title="bbox 2131 4083 3709 4161">
     <span class='ocr_line' id='line_1_98' title="bbox 2131 4083 3709 4161; baseline 0.003 -20"><span class='ocrx_word' id='word_1_639' title='bbox 2131 4084 2309 4141; x_wconf 87' lang='lat' dir='ltr'><strong>Codex</strong></span> <span class='ocrx_word' id='word_1_640' title='bbox 2336 4084 2681 4139; x_wconf 78' lang='lat' dir='ltr'><strong>Parisiensis</strong></span> <span class='ocrx_word' id='word_1_641' title='bbox 2708 4100 2763 4155; x_wconf 85' lang='grc' dir='ltr'><strong>ν,</strong></span> <span class='ocrx_word' id='word_1_642' title='bbox 2806 4083 2948 4139; x_wconf 91' lang='lat' dir='ltr'><strong>Bibl.</strong></span> <span class='ocrx_word' id='word_1_643' title='bbox 2976 4101 3121 4158; x_wconf 89' lang='lat' dir='ltr'><strong>reg.,</strong></span> <span class='ocrx_word' id='word_1_644' title='bbox 3171 4087 3330 4159; x_wconf 88' lang='lat'><strong>1653,</strong></span> <span class='ocrx_word' id='word_1_645' title='bbox 3363 4087 3504 4144; x_wconf 90' lang='lat' dir='ltr'><strong>olim</strong></span> <span class='ocrx_word' id='word_1_646' title='bbox 3535 4086 3709 4161; x_wconf 87' lang='lat' dir='ltr'><strong>Bigo-</strong></span> 
     </span>
    </p>
   </div>
   <div class='ocr_carea' id='block_1_99' title="bbox 2060 4171 2999 4241">
    <p class='ocr_par' dir='ltr' id='par_1_99' title="bbox 2060 4171 2999 4241">
     <span class='ocr_line' id='line_1_99' title="bbox 2060 4171 2999 4241; baseline -0.001 -12"><span class='ocrx_word' id='word_1_647' title='bbox 2060 4173 2274 4241; x_wconf 89' lang='lat' dir='ltr'><strong>tianus,</strong></span> <span class='ocrx_word' id='word_1_648' title='bbox 2307 4171 2475 4226; x_wconf 91' lang='lat' dir='ltr'><strong>initio</strong></span> <span class='ocrx_word' id='word_1_649' title='bbox 2503 4174 2561 4227; x_wconf 90' lang='lat' dir='ltr'><strong>et</strong></span> <span class='ocrx_word' id='word_1_650' title='bbox 2590 4171 2705 4228; x_wconf 79' lang='lat' dir='ltr'><strong>fine</strong></span> <span class='ocrx_word' id='word_1_651' title='bbox 2732 4172 2999 4229; x_wconf 87' lang='lat' dir='ltr'><strong>mutilus.</strong></span> 
     </span>
    </p>
   </div>
   <div class='ocr_carea' id='block_1_100' title="bbox 2132 4260 3699 4336">
    <p class='ocr_par' dir='ltr' id='par_1_100' title="bbox 2132 4260 3699 4336">
     <span class='ocr_line' id='line_1_100' title="bbox 2132 4260 3699 4336; baseline 0.002 -19"><span class='ocrx_word' id='word_1_652' title='bbox 2132 4260 2310 4318; x_wconf 86' lang='lat' dir='ltr'><strong>Codex</strong></span> <span class='ocrx_word' id='word_1_653' title='bbox 2345 4262 2679 4317; x_wconf 82' lang='lat' dir='ltr'><strong>Parisiensis</strong></span> <span class='ocrx_word' id='word_1_654' title='bbox 2724 4278 2801 4332; x_wconf 89' lang='lat' dir='ltr'><strong>v1,</strong></span> <span class='ocrx_word' id='word_1_655' title='bbox 2853 4261 3130 4320; x_wconf 85' lang='lat' dir='ltr'><strong>Biblioth.</strong></span> <span class='ocrx_word' id='word_1_656' title='bbox 3179 4279 3299 4336; x_wconf 90' lang='lat' dir='ltr'><strong>reg.</strong></span> <span class='ocrx_word' id='word_1_657' title='bbox 3352 4264 3513 4330; x_wconf 80' lang='grc'><strong>1654,</strong></span> <span class='ocrx_word' id='word_1_658' title='bbox 3560 4262 3699 4320; x_wconf 90' lang='lat' dir='ltr'><strong>olim</strong></span> 
     </span>
    </p>
   </div>
   <div class='ocr_carea' id='block_1_101' title="bbox 2058 4348 3703 4418">
    <p class='ocr_par' dir='ltr' id='par_1_101' title="bbox 2058 4348 3703 4418">
     <span class='ocr_line' id='line_1_101' title="bbox 2058 4348 3703 4418; baseline 0.002 -12"><span class='ocrx_word' id='word_1_659' title='bbox 2058 4348 2428 4418; x_wconf 86' lang='lat' dir='ltr'><strong>Baluzianus,</strong></span> <span class='ocrx_word' id='word_1_660' title='bbox 2452 4365 2486 4405; x_wconf 90' lang='lat' dir='ltr'><strong>a</strong></span> <span class='ocrx_word' id='word_1_661' title='bbox 2514 4348 2757 4406; x_wconf 88' lang='lat' dir='ltr'><strong>Girardo</strong></span> <span class='ocrx_word' id='word_1_662' title='bbox 2786 4354 3021 4407; x_wconf 89' lang='lat' dir='ltr'><strong>cantore</strong></span> <span class='ocrx_word' id='word_1_663' title='bbox 3040 4352 3099 4408; x_wconf 89' lang='lat' dir='ltr'><strong>S.</strong></span> <span class='ocrx_word' id='word_1_664' title='bbox 3123 4351 3309 4407; x_wconf 87' lang='lat' dir='ltr'><strong>Mauri</strong></span> <span class='ocrx_word' id='word_1_665' title='bbox 3336 4352 3703 4410; x_wconf 84' lang='lat' dir='ltr'><strong>Fossatensis</strong></span> 
     </span>
    </p>
   </div>
   <div class='ocr_carea' id='block_1_102' title="bbox 2060 4437 2579 4509">
    <p class='ocr_par' dir='ltr' id='par_1_102' title="bbox 2060 4437 2579 4509">
     <span class='ocr_line' id='line_1_102' title="bbox 2060 4437 2579 4509; baseline -0.008 -12"><span class='ocrx_word' id='word_1_666' title='bbox 2060 4443 2353 4509; x_wconf 83' lang='lat' dir='ltr'><strong>exaratus,</strong></span> <span class='ocrx_word' id='word_1_667' title='bbox 2384 4437 2579 4494; x_wconf 90' lang='lat' dir='ltr'><strong>in-fol.</strong></span> 
     </span>
    </p>
   </div>
   <div class='ocr_carea' id='block_1_103' title="bbox 2136 4524 3607 4599">
    <p class='ocr_par' dir='ltr' id='par_1_103' title="bbox 2136 4524 3607 4599">
     <span class='ocr_line' id='line_1_103' title="bbox 2136 4524 3607 4599; baseline 0.001 -14"><span class='ocrx_word' id='word_1_668' title='bbox 2136 4528 2313 4586; x_wconf 87' lang='lat' dir='ltr'><strong>Codex</strong></span> <span class='ocrx_word' id='word_1_669' title='bbox 2345 4526 2699 4594; x_wconf 80' lang='lat' dir='ltr'><strong>Parisiensis,</strong></span> <span class='ocrx_word' id='word_1_670' title='bbox 2726 4541 2826 4596; x_wconf 84' lang='lat' dir='ltr'><strong>v11,</strong></span> <span class='ocrx_word' id='word_1_671' title='bbox 2859 4524 3003 4581; x_wconf 88' lang='lat' dir='ltr'><strong>Bibl.</strong></span> <span class='ocrx_word' id='word_1_672' title='bbox 3038 4542 3185 4599; x_wconf 86' lang='lat' dir='ltr'><strong>reg.,</strong></span> <span class='ocrx_word' id='word_1_673' title='bbox 3209 4526 3369 4599; x_wconf 79' lang='grc'><strong>1655,</strong></span> <span class='ocrx_word' id='word_1_674' title='bbox 3400 4527 3607 4587; x_wconf 85' lang='lat' dir='ltr'><strong>in-fol.</strong></span> 
     </span>
    </p>
   </div>
   <div class='ocr_carea' id='block_1_104' title="bbox 2137 4612 3712 4688">
    <p class='ocr_par' dir='ltr' id='par_1_104' title="bbox 2137 4612 3712 4688">
     <span class='ocr_line' id='line_1_104' title="bbox 2137 4612 3712 4688; baseline 0.003 -15"><span class='ocrx_word' id='word_1_675' title='bbox 2137 4616 2315 4673; x_wconf 80' lang='lat' dir='ltr'><strong>Codex</strong></span> <span class='ocrx_word' id='word_1_676' title='bbox 2327 4616 2681 4681; x_wconf 80' lang='lat' dir='ltr'><strong>Parisiensis,</strong></span> <span class='ocrx_word' id='word_1_677' title='bbox 2695 4630 2815 4682; x_wconf 86' lang='lat' dir='ltr'><strong>v111,</strong></span> <span class='ocrx_word' id='word_1_678' title='bbox 2838 4612 2983 4669; x_wconf 92' lang='lat' dir='ltr'><strong>Bibl.</strong></span> <span class='ocrx_word' id='word_1_679' title='bbox 3007 4630 3129 4688; x_wconf 89' lang='lat' dir='ltr'><strong>reg.</strong></span> <span class='ocrx_word' id='word_1_680' title='bbox 3141 4659 3154 4686; x_wconf 90' lang='lat'><strong>,</strong></span> <span class='ocrx_word' id='word_1_681' title='bbox 3174 4617 3284 4673; x_wconf 90' lang='lat' dir='ltr'><strong>sub</strong></span> <span class='ocrx_word' id='word_1_682' title='bbox 3299 4617 3475 4675; x_wconf 81' lang='lat' dir='ltr'><strong>ﬁnem</strong></span> <span class='ocrx_word' id='word_1_683' title='bbox 3488 4617 3712 4678; x_wconf 64' lang='lat' dir='ltr'><strong>seculi.</strong></span> 
     </span>
    </p>
   </div>
   <div class='ocr_carea' id='block_1_105' title="bbox 2137 4702 3710 4782">
    <p class='ocr_par' dir='ltr' id='par_1_105' title="bbox 2137 4702 3710 4782">
     <span class='ocr_line' id='line_1_105' title="bbox 2137 4702 3710 4782; baseline 0.003 -22"><span class='ocrx_word' id='word_1_684' title='bbox 2137 4705 2314 4761; x_wconf 83' lang='lat' dir='ltr'><strong>Codex</strong></span> <span class='ocrx_word' id='word_1_685' title='bbox 2343 4703 2696 4771; x_wconf 76' lang='lat' dir='ltr'><strong>Parisiensis,</strong></span> <span class='ocrx_word' id='word_1_686' title='bbox 2731 4719 2806 4771; x_wconf 89' lang='lat' dir='ltr'><strong>1x,</strong></span> <span class='ocrx_word' id='word_1_687' title='bbox 2838 4702 2985 4759; x_wconf 92' lang='lat' dir='ltr'><strong>Bibl.</strong></span> <span class='ocrx_word' id='word_1_688' title='bbox 3019 4720 3165 4778; x_wconf 89' lang='lat' dir='ltr'><strong>reg.,</strong></span> <span class='ocrx_word' id='word_1_689' title='bbox 3195 4706 3356 4764; x_wconf 80' lang='grc'><strong>5248.</strong></span> <span class='ocrx_word' id='word_1_690' title='bbox 3386 4708 3441 4765; x_wconf 91' lang='lat' dir='ltr'><strong>S.</strong></span> <span class='ocrx_word' id='word_1_691' title='bbox 3474 4707 3710 4782; x_wconf 76' lang='lat' dir='ltr'><strong>Cypria-</strong></span> 
     </span>
    </p>
   </div>
   <div class='ocr_carea' id='block_1_106' title="bbox 2066 4794 2595 4865">
    <p class='ocr_par' dir='ltr' id='par_1_106' title="bbox 2066 4794 2595 4865">
     <span class='ocr_line' id='line_1_106' title="bbox 2066 4794 2595 4865; baseline -0.002 -16"><span class='ocrx_word' id='word_1_692' title='bbox 2066 4794 2124 4849; x_wconf 91' lang='lat' dir='ltr'><strong>ni</strong></span> <span class='ocrx_word' id='word_1_693' title='bbox 2155 4795 2285 4849; x_wconf 70' lang='lat' dir='ltr'><strong>duae</strong></span> <span class='ocrx_word' id='word_1_694' title='bbox 2314 4794 2595 4865; x_wconf 68' lang='lat' dir='ltr'><strong>Epistolas.</strong></span> 
     </span>
    </p>
   </div>
   <div class='ocr_carea' id='block_1_107' title="bbox 2140 4882 3718 4957">
    <p class='ocr_par' dir='ltr' id='par_1_107' title="bbox 2140 4882 3718 4957">
     <span class='ocr_line' id='line_1_107' title="bbox 2140 4882 3718 4957; baseline 0.001 -19"><span class='ocrx_word' id='word_1_695' title='bbox 2140 4882 2323 4939; x_wconf 68' lang='lat' dir='ltr'><strong>Codex</strong></span> <span class='ocrx_word' id='word_1_696' title='bbox 2353 4882 2691 4938; x_wconf 75' lang='lat' dir='ltr'><strong>Parisiensis</strong></span> <span class='ocrx_word' id='word_1_697' title='bbox 2733 4898 2789 4951; x_wconf 74' lang='grc' dir='ltr'><strong>κ,</strong></span> <span class='ocrx_word' id='word_1_698' title='bbox 2822 4882 3303 4957; x_wconf 85' lang='lat' dir='ltr'><strong>martyrologium</strong></span> <span class='ocrx_word' id='word_1_699' title='bbox 3354 4889 3411 4941; x_wconf 91' lang='lat' dir='ltr'><strong>et</strong></span> <span class='ocrx_word' id='word_1_700' title='bbox 3458 4884 3718 4941; x_wconf 91' lang='lat' dir='ltr'><strong>necrolo-</strong></span> 
     </span>
    </p>
   </div>
   <div class='ocr_carea' id='block_1_108' title="bbox 2067 4969 3712 5045">
    <p class='ocr_par' dir='ltr' id='par_1_108' title="bbox 2067 4969 3712 5045">
     <span class='ocr_line' id='line_1_108' title="bbox 2067 4969 3712 5045; baseline 0 -18"><span class='ocrx_word' id='word_1_701' title='bbox 2067 4972 2228 5045; x_wconf 88' lang='lat' dir='ltr'><strong>gium</strong></span> <span class='ocrx_word' id='word_1_702' title='bbox 2263 4974 2745 5028; x_wconf 88' lang='lat' dir='ltr'><strong>Carcassonense.</strong></span> <span class='ocrx_word' id='word_1_703' title='bbox 2778 5002 2847 5013; x_wconf 86' lang='lat'><strong>—-</strong></span> <span class='ocrx_word' id='word_1_704' title='bbox 2891 4974 2949 5028; x_wconf 89' lang='lat'><strong>8.</strong></span> <span class='ocrx_word' id='word_1_705' title='bbox 2980 4973 3251 5045; x_wconf 90' lang='lat' dir='ltr'><strong>Cypriani</strong></span> <span class='ocrx_word' id='word_1_706' title='bbox 3281 4973 3407 5028; x_wconf 72' lang='lat' dir='ltr'><strong>dua:</strong></span> <span class='ocrx_word' id='word_1_707' title='bbox 3455 4969 3712 5045; x_wconf 65' lang='lat' dir='ltr'><strong>epistola:</strong></span> 
     </span>
    </p>
   </div>
   <div class='ocr_carea' id='block_1_109' title="bbox 2068 5060 3721 5132">
    <p class='ocr_par' dir='ltr' id='par_1_109' title="bbox 2068 5060 3721 5132">
     <span class='ocr_line' id='line_1_109' title="bbox 2068 5060 3721 5132; baseline 0 -16"><span class='ocrx_word' id='word_1_708' title='bbox 2068 5060 2137 5116; x_wconf 87' lang='lat' dir='ltr'><strong>ad</strong></span> <span class='ocrx_word' id='word_1_709' title='bbox 2172 5065 2508 5128; x_wconf 84' lang='lat' dir='ltr'><strong>Successum,</strong></span> <span class='ocrx_word' id='word_1_710' title='bbox 2541 5060 2611 5115; x_wconf 85' lang='lat' dir='ltr'><strong>ad</strong></span> <span class='ocrx_word' id='word_1_711' title='bbox 2668 5060 2891 5116; x_wconf 85' lang='lat' dir='ltr'><strong>Clerum</strong></span> <span class='ocrx_word' id='word_1_712' title='bbox 2936 5069 2993 5116; x_wconf 85' lang='lat' dir='ltr'><strong>et</strong></span> <span class='ocrx_word' id='word_1_713' title='bbox 3034 5061 3242 5132; x_wconf 80' lang='lat' dir='ltr'><strong>plebem</strong></span> <span class='ocrx_word' id='word_1_714' title='bbox 3294 5060 3721 5132; x_wconf 81' lang='lat' dir='ltr'><strong>Carthaginien-</strong></span> 
     </span>
    </p>
   </div>
   <div class='ocr_carea' id='block_1_110' title="bbox 2069 5166 3715 5309">
    <p class='ocr_par' dir='ltr' id='par_1_110' title="bbox 2069 5166 3715 5309">
     <span class='ocr_line' id='line_1_110' title="bbox 2069 5166 3715 5309; baseline -0.001 -15"><span class='ocrx_word' id='word_1_715' title='bbox 2069 5166 2322 5295; x_wconf 53' lang='lat' dir='ltr'><strong>sengodex</strong></span> <span class='ocrx_word' id='word_1_716' title='bbox 2354 5238 2623 5294; x_wconf 75' lang='lat' dir='ltr'><strong>Trecensi:</strong></span> <span class='ocrx_word' id='word_1_717' title='bbox 2648 5255 2687 5304; x_wconf 92' lang='lat'><strong>1,</strong></span> <span class='ocrx_word' id='word_1_718' title='bbox 2717 5236 2887 5293; x_wconf 89' lang='lat' dir='ltr'><strong>ﬂores</strong></span> <span class='ocrx_word' id='word_1_719' title='bbox 2934 5237 3216 5294; x_wconf 87' lang='lat' dir='ltr'><strong>librorum</strong></span> <span class='ocrx_word' id='word_1_720' title='bbox 3267 5237 3368 5293; x_wconf 90' lang='lat' dir='ltr'><strong>SS.</strong></span> <span class='ocrx_word' id='word_1_721' title='bbox 3402 5235 3715 5309; x_wconf 82' lang='lat' dir='ltr'><strong>Ambrosii,</strong></span> 
     </span>
    </p>
   </div>
   <div class='ocr_carea' id='block_1_111' title="bbox 2071 5324 3715 5399">
    <p class='ocr_par' dir='ltr' id='par_1_111' title="bbox 2071 5324 3715 5399">
     <span class='ocr_line' id='line_1_111' title="bbox 2071 5324 3715 5399; baseline -0.001 -16"><span class='ocrx_word' id='word_1_722' title='bbox 2071 5327 2329 5393; x_wconf 89' lang='lat' dir='ltr'><strong>Hieron.,</strong></span> <span class='ocrx_word' id='word_1_723' title='bbox 2362 5326 2651 5399; x_wconf 87' lang='lat' dir='ltr'><strong>Cypriani,</strong></span> <span class='ocrx_word' id='word_1_724' title='bbox 2684 5331 2817 5395; x_wconf 89' lang='lat' dir='ltr'><strong>etc.,</strong></span> <span class='ocrx_word' id='word_1_725' title='bbox 2867 5326 3261 5383; x_wconf 85' lang='lat' dir='ltr'><strong>membranae.</strong></span> <span class='ocrx_word' id='word_1_726' title='bbox 3312 5324 3431 5381; x_wconf 71' lang='lat' dir='ltr'><strong>iri-4</strong></span> <span class='ocrx_word' id='word_1_727' title='bbox 3459 5328 3585 5398; x_wconf 89' lang='lat' dir='ltr'><strong>(qq.</strong></span> <span class='ocrx_word' id='word_1_728' title='bbox 3627 5340 3715 5395; x_wconf 89' lang='lat'><strong>111,</strong></span> 
     </span>
    </p>
   </div>
   <div class='ocr_carea' id='block_1_112' title="bbox 2069 5417 3717 5577">
    <p class='ocr_par' dir='ltr' id='par_1_112' title="bbox 2069 5417 3717 5577">
     <span class='ocr_line' id='line_1_112' title="bbox 2069 5417 3717 5577; baseline 0.001 -17"><span class='ocrx_word' id='word_1_729' title='bbox 2069 5417 2323 5561; x_wconf 71' lang='lat' dir='ltr'><strong>2)Codex</strong></span> <span class='ocrx_word' id='word_1_730' title='bbox 2342 5506 2701 5573; x_wconf 71' lang='lat' dir='ltr'><strong>Meermanni,</strong></span> <span class='ocrx_word' id='word_1_731' title='bbox 2732 5503 2941 5559; x_wconf 90' lang='lat' dir='ltr'><strong>deinde</strong></span> <span class='ocrx_word' id='word_1_732' title='bbox 2982 5505 3227 5572; x_wconf 84' lang='lat' dir='ltr'><strong>Routhi:,</strong></span> <span class='ocrx_word' id='word_1_733' title='bbox 3260 5504 3361 5577; x_wconf 89' lang='lat' dir='ltr'><strong>qui</strong></span> <span class='ocrx_word' id='word_1_734' title='bbox 3390 5519 3526 5561; x_wconf 90' lang='lat' dir='ltr'><strong>eum</strong></span> <span class='ocrx_word' id='word_1_735' title='bbox 3568 5504 3717 5561; x_wconf 81' lang='lat' dir='ltr'><strong>duo-</strong></span> 
     </span>
    </p>
   </div>
   <div class='ocr_carea' id='block_1_113' title="bbox 2074 5591 3720 5668">
    <p class='ocr_par' dir='ltr' id='par_1_113' title="bbox 2074 5591 3720 5668">
     <span class='ocr_line' id='line_1_113' title="bbox 2074 5591 3720 5668; baseline 0.003 -19"><span class='ocrx_word' id='word_1_736' title='bbox 2074 5594 2300 5650; x_wconf 88' lang='lat' dir='ltr'><strong>decimo</strong></span> <span class='ocrx_word' id='word_1_737' title='bbox 2333 5592 2544 5649; x_wconf 68' lang='lat' dir='ltr'><strong>saeculo</strong></span> <span class='ocrx_word' id='word_1_738' title='bbox 2575 5594 2857 5664; x_wconf 87' lang='lat' dir='ltr'><strong>assignat,</strong></span> <span class='ocrx_word' id='word_1_739' title='bbox 2891 5596 3153 5649; x_wconf 87' lang='lat' dir='ltr'><strong>annotat.</strong></span> <span class='ocrx_word' id='word_1_740' title='bbox 3185 5593 3244 5651; x_wconf 89' lang='lat' dir='ltr'><strong>in</strong></span> <span class='ocrx_word' id='word_1_741' title='bbox 3295 5593 3426 5650; x_wconf 89' lang='lat' dir='ltr'><strong>libr.</strong></span> <span class='ocrx_word' id='word_1_742' title='bbox 3453 5594 3622 5668; x_wconf 84' lang='lat' dir='ltr'><strong>Cypr.</strong></span> <span class='ocrx_word' id='word_1_743' title='bbox 3654 5591 3720 5654; x_wconf 69' lang='lat' dir='ltr'><strong>d0</strong></span> 
     </span>
    </p>
   </div>
   <div class='ocr_carea' id='block_1_114' title="bbox 2075 5679 2933 5756">
    <p class='ocr_par' dir='ltr' id='par_1_114' title="bbox 2075 5679 2933 5756">
     <span class='ocr_line' id='line_1_114' title="bbox 2075 5679 2933 5756; baseline 0 -12"><span class='ocrx_word' id='word_1_744' title='bbox 2075 5682 2347 5744; x_wconf 80' lang='lat' dir='ltr'><strong>idolorum</strong></span> <span class='ocrx_word' id='word_1_745' title='bbox 2378 5683 2649 5755; x_wconf 74' lang='lat' dir='ltr'><strong>Vanitate,</strong></span> <span class='ocrx_word' id='word_1_746' title='bbox 2680 5697 2737 5756; x_wconf 80' lang='grc' dir='ltr'><strong>ρ.</strong></span> <span class='ocrx_word' id='word_1_747' title='bbox 2766 5679 2868 5739; x_wconf 83' lang='grc'><strong>331</strong></span> <span class='ocrx_word' id='word_1_748' title='bbox 2885 5697 2933 5744; x_wconf 82' lang='lat' dir='ltr'><strong>r.</strong></span> 
     </span>
    </p>
   </div>
  </div>
