4064 6196
220 275 331 319 LXV

212 481 694 534 monasteriemis.
750 478 943 535 Unum
1012 483 1143 538 bibl.
1198 484 1639 541 Salisburzemis.
1690 487 1879 544 Unum

217 566 343 620 bibl.
402 568 776 625 Cottonianaz.
831 570 976 626 Item
1025 570 1367 649 collationes
1414 575 1619 631 codicis
1664 578 1882 649 collegii

212 657 475 725 Corpori:
540 656 748 711 Christi
804 658 1213 733 Cantabrigix,
1272 648 1329 716 et
1380 662 1621 719 alterius
1680 648 1867 720 Londi-

205 745 391 798 nensi:
422 761 536 815 per
578 745 673 800 Th.
704 745 840 801 Cale
868 748 1101 814 factam,
1137 749 1277 805 item
1300 750 1541 808 alterius
1568 754 1878 823 cujusdam

205 832 642 889 Salisburiensis
672 851 778 906 per
807 835 1147 909 episcopum
1184 841 1566 911 Asaphemem.
1602 842 1876 898 Collatia-

204 938 307 976 nes
338 923 519 977 codd.
575 924 793 978 Thuani
828 926 1193 982 camobiorum
1218 927 1274 983 S.
1314 930 1593 985 Michaelis
1622 930 1682 986 in
1724 932 1875 1003 peri-

204 1009 340 1065 culo
408 1011 619 1076 maris,
679 1012 737 1067 S.
802 1013 1032 1070 Victoris
1084 1018 1439 1086 Parisiensis,
1495 1020 1553 1073 S.
1616 1021 1877 1075 Mauritii

197 1100 560 1166 Fossatensis,
611 1104 669 1155 et
699 1100 757 1155 S.
790 1103 945 1157 Petri
997 1104 1338 1161 Corbeiensis
1388 1122 1492 1178 per
1529 1111 1639 1162 PP.
1692 1108 1870 1163 Bene-

195 1186 457 1243 dictinos
492 1188 736 1244 Lutetiae
769 1196 1022 1246 curatas.
1057 1192 1412 1248 Collationes
1447 1193 1673 1265 aliquot
1699 1196 1868 1251 codd.

194 1275 253 1330 in
292 1277 580 1347 Vaticana,
633 1279 866 1336 Verona:
904 1284 963 1335 et
990 1282 1293 1338 Beneventi
1335 1284 1732 1351 existentium,
1766 1301 1870 1340 nec

194 1382 307 1419 non
341 1366 505 1437 regis
552 1365 798 1433 Galliae;
834 1369 1033 1425 studio
1064 1370 1133 1443 D.
1169 1372 1312 1426 Rob.
1360 1372 1553 1444 Rigby.
1593 1374 1871 1429 Praeterea

201 1454 354 1509 ratio
385 1454 596 1510 habita
627 1457 796 1511 codd.
845 1474 881 1511 a
905 1457 1029 1514 Jac.
1070 1459 1349 1526 Pamelio,
1388 1460 1710 1530 Goulartio,
1743 1463 1866 1518 Nic.

204 1543 417 1608 Fabro,
452 1544 583 1599 Lat.
619 1545 872 1609 Latinio.
904 1550 1037 1617 etc.,
1071 1548 1489 1605 adbibitorum.

273 1631 629 1688 6.Ba.luzius
654 1651 767 1689 non
795 1634 990 1691 solum
1024 1637 1222 1693 omnia
1251 1639 1514 1709 priorum
1542 1639 1867 1695 editionum

204 1736 281 1775 ex
331 1720 646 1776 codicibus
691 1739 818 1778 mss.
876 1725 1143 1781 subsidia
1197 1726 1388 1783 denuo
1440 1728 1717 1795 excussit,
1764 1729 1865 1784 sed

215 1808 561 1881 complures
593 1810 659 1865 de
685 1828 826 1867 novo
860 1813 1037 1869 etiam
1084 1815 1401 1885 consuluit,
1436 1833 1585 1888 quos
1616 1817 1867 1873 strictim

216 1905 523 1953 enumerat
554 1899 830 1956 Mai-anus
864 1900 1185 1975 Prolegom.
1220 1922 1281 1977 p.
1314 1922 1519 1961 CXLVII.
1548 1904 1866 1961 Multorum

208 2004 337 2042 vero
368 1988 565 2044 varias
610 1988 895 2046 lectiones
942 1991 1108 2047 libris
1158 1993 1283 2049 suis
1334 1994 1708 2065 ascripserat,
1740 1995 1863 2062 sed,

204 2076 488 2147 quoniam
520 2078 703 2133 citius
747 2078 833 2133 illi
866 2079 1352 2153 distraherentur,
1381 2082 1614 2155 plenam
1663 2099 1864 2139 eorum

196 2165 476 2221 notitiam
511 2164 794 2239 colligam
824 2185 940 2224 non
972 2168 1202 2227 licebat.

676 2291 978 2332 EDITIONES
1017 2294 1390 2335 CYPRIANICE.

261 2362 620 2417 Editionum
644 2364 916 2436 Cypriani
936 2371 1158 2439 septem
1181 2366 1401 2424 classes
1430 2369 1735 2425 commode
1752 2368 1868 2425 dis-

190 2452 356 2504 cerni
389 2456 672 2522 possunt,
704 2468 959 2523 quarum
1008 2455 1201 2527 prima
1228 2456 1302 2511 ab
1331 2473 1483 2512 anno
1524 2457 1684 2523 1471,
1717 2474 1750 2512 a
1779 2462 1864 2513 te-

191 2540 354 2594 neris
388 2539 586 2595 initiis
622 2540 898 2597 Romanis
926 2543 1211 2617 principis
1243 2546 1314 2600 ad
1345 2545 1660 2601 editionem
1691 2546 1863 2602 Rem-

191 2627 531 2682 boltianam
565 2630 947 2700 producenda
978 2634 1371 2700 est;secunda
1400 2652 1434 2689 a
1462 2634 1866 2691 Bemboltiana

192 2718 259 2771 ad
294 2716 679 2772 Erasmicam
708 2736 721 2785 ;
756 2719 927 2774 tertia
956 2720 1313 2777 Erasmicam
1343 2722 1515 2777 toties
1557 2724 1862 2794 repetitam

185 2803 369 2860 habet
398 2822 415 2872 ;
443 2813 727 2876 quartam
762 2807 1050 2865 Pamelius
1075 2810 1374 2883 ;quintam
1407 2811 1865 2884 Rigaltius,sex-

186 2898 311 2948 tam
344 2892 596 2961 Fellus;
632 2894 943 2966 septimam
973 2897 1246 2954 Baluzius
1292 2899 1586 2955 instruxit.
1622 2899 1759 2955 Inde
1789 2901 1861 2955 ad

188 2986 467 3036 nostram
506 2998 703 3053 usque
732 2983 1104 3042 Baluzianam
1156 2987 1334 3043 simul
1367 2992 1424 3043 et
1451 2987 1860 3055 Oxoniensem,

188 3069 417 3141 duplex
449 3071 771 3127 deducitur
808 3075 1129 3132 editionum
1173 3078 1335 3144 ordo,
1368 3094 1618 3149 quarum
1650 3078 1722 3134 ad
1754 3078 1861 3133 Ba-

186 3156 420 3215 lnzium
456 3158 617 3227 aliae,
648 3160 774 3216 aliae
805 3163 875 3217 ad
908 3163 1133 3221 Fellum
1164 3166 1475 3222 referendae
1506 3170 1664 3223 sunt.

356 3284 545 3325 Ριιω
586 3285 908 3326 ευῐτιοκυω
948 3288 1144 3328 BANCTI
1185 3289 1450 3330 CYPRIANI
1489 3291 1704 3331 εκῐιωε.

707 3358 990 3417 Editiones
1012 3363 1371 3434 primigenia.

861 3465 1089 3505 δέεαι]ιο
1128 3468 1220 3507 ιν.

800 3542 1004 3595 Anno
1076 3540 1290 3595 1471.

274 3624 488 3679 Eni-no
520 3641 803 3681 PRINCEPS
832 3627 1339 3685 Romnalﬂoma
1371 3630 1432 3685 in
1462 3630 1636 3686 domo
1653 3629 1805 3686 Petri
1817 3634 1876 3686 et

202 3712 519 3768 Francisci
550 3715 624 3769 de
655 3715 919 3772 Maximis
951 3733 1053 3789 per
1080 3718 1648 3791 Conr.Sweynheym
1667 3721 1872 3775 etArn.

208 3800 534 3867 Pannartz,
567 3802 821 3859 in-folio.
856 3805 913 3860 S.
946 3807 1215 3878 Cypriani
1246 3807 1729 3879 Carthaginensis
1759 3808 1875 3880 epi-

196 3892 365 3962 scopi
403 3890 677 3963 epistola
708 3909 779 3947 ex
806 3896 1199 3967 recognitione
1228 3896 1629 3969 Job.Andreae,
1653 3901 1711 3953 et
1739 3912 1874 3953 cum

196 3981 485 4049 ejusdem
519 3980 774 4052 epistola
801 3982 873 4038 ad
903 3983 1155 4040 Paulum
1186 3985 1235 4041 II
1266 3986 1327 4041 in
1356 3985 1471 4041 ﬁne
1502 4003 1517 4041 :

336 4122 573 4191 Aspicis,
607 4122 838 4191 illustris
861 4125 1028 4177 lector
1059 4128 1386 4191 quicunque,
1418 4127 1649 4191 libellos.

436 4184 496 4235 Si
526 4187 680 4254 cupis
702 4187 971 4254 artificum
1001 4184 1225 4240 nomina
1260 4184 1436 4254 nosse,
1466 4190 1597 4254 lege.

338 4249 555 4315 Aspera
581 4249 783 4298 ridebis
810 4254 1131 4314 cognomina
1157 4254 1396 4303 Teutone
1422 4249 1571 4315 (sici;
1599 4252 1799 4303 forsan.

439 4310 656 4374 Mitigat
682 4326 769 4361 ars
797 4310 962 4363 musis
992 4316 1159 4365 inscia
1188 4315 1350 4365 verba
1382 4310 1574 4365 virum.

292 4444 414 4525 (90)
474 4443 917 4525 Errorem__qu_i_
961 4447 1170 4504 saeculo
1238 4447 1526 4525 praeterito
1598 4446 1884 4525 plurimos

199 4507 417 4591 hujus
478 4507 1042 4591 argumentidibros
1097 4507 1884 4591 occupaveransaapiusque
1916 4507 1961 4572 D

195 4586 439 4642 exinde
472 4587 788 4663 ct__iterum
813 4591 1091 4663 explosus
1142 4586 1473 4663 estIgSpiras
1517 4586 1665 4663 hanc
1688 4586 1883 4645 editio-

186 4676 349 4713 nem
375 4657 675 4728 prodiisse,
719 4660 825 4713 viri
858 4657 1093 4717 nomine
1122 4657 1387 4717 fraudem
1419 4662 1685 4727 faciente,
1710 4665 1885 4717 verbo

187 4738 493 4807 notasse,
520 4730 706 4807 juvet.
750 4731 863 4807 Nec
894 4750 1028 4788 vero
1060 4750 1220 4807 error
1247 4732 1358 4807 iste
1387 4733 1461 4787 iis
1494 4734 1688 4807 magis
1712 4734 1886 4804 objici

186 4802 539 4871 debet,qui
572 4802 857 4871 superiori
891 4821 1007 4860 (evo
1026 4804 1293 4860 notitiam
1312 4802 1655 4860 litterariam
1677 4802 1887 4859 horum

185 4874 319 4929 acri
333 4880 603 4948 ptprum
623 4874 1141 4948 conderent,quam
1164 4875 1311 4947 ipsis
1342 4892 1542 4931 eorum
1566 4874 1890 4948 editoribus

185 4942 782 5019 exprobrandusdis
811 4942 1035 5019 scilicet
1053 4942 1270 5019 quib-us
1302 4963 1482 5019 manu
1516 4947 1733 5003 versari
1758 4946 1891 5003 illas

182 5014 456 5072 veteres
511 5014 643 5068 edd.
674 5016 955 5091 ‘oontigit,
985 5014 1140 5091 quod
1188 5019 1289 5091 vix
1337 5017 1481 5091 illis.
1528 5020 1586 5075 ln
1640 5019 1891 5091 istorum

186 5091 627 5162 παρηγορεῖ
674 5086 1027 5146 Reinhartus
1073 5090 1394 5146 Altorﬁnus
1444 5090 1584 5162 Epp.
1633 5089 1803 5161 Cypr.
1837 5107 1888 5145 a.

188 5159 403 5233 i589,
451 5155 665 5233 editor,
699 5161 799 5233 qui
842 5170 1155 5233 utramque
1203 5155 1547 5233 Romanam'
1580 5155 1802 5217 scilicet
1841 5167 1898 5217 et

184 5232 529 5306 Venetam
562 5228 652 5281 ed.
686 5228 753 5306 ex
782 5232 930 5289 Bibl.
963 5228 1441 5306 Norimbergensi
1472 5231 1898 5306 Aipsicommo-

188 5306 434 5358 datam
478 5298 753 5371 inspexit,
786 5321 889 5360 nec
921 5310 1120 5361 tamen
1168 5298 1337 5361 alitér
1366 5306 1437 5359 de
1468 5298 1586 5360 illis
1620 5305 1899 5374 loquitur,

188 5393 259 5431 ac
324 5374 393 5429 si
462 5386 593 5449 per
622 5388 891 5449 somnum
942 5378 1015 5449 de
1062 5376 1524 5449 iisaccepisset,
1586 5375 1903 5449 Spirensem

188 5459 459 5521 recens,
501 5443 671 5521 cujus
702 5447 908 5503 artifex
935 5448 1284 5521 Vindelinus
1316 5443 1559 5521 quidam
1610 5443 1900 5502 laudetur.

1722 269 2154 333 EDITOHUM.

217 388 479 445 delianz.
519 389 716 446 Unum
749 390 879 446 bibl.
911 393 1285 449 Eboracensis.
1319 394 1511 451 Unum
1543 397 1671 453 bibl.
1708 400 1873 454 Wcst-
1907 401 1963 467 Α

3508 297 3649 353 LXVI

2114 403 3387 519 Conradus_Sweynbeym,ArnoldusPanartzque
3404 412 3646 474 magistri

2182 465 2362 514 Romae
2395 473 2777 519 impresserunt
2805 470 2929 517 talia
2958 470 3121 519 multa
3152 485 3287 519 simu

2182 465 2362 514 Romae
2395 465 2777 529 impr'esserunt
2805 470 2929 517 talia
2958 470 3121 519 multa
3152 472 3287 520 simu

2116 527 2301 576 Petrus
2330 542 2451 577 cum
2475 527 2643 578 fratre
2674 531 2969 587 Francisco,
3004 533 3263 582 Maximus
3288 536 3442 585 ambo

2178 590 2313 639 Huic
2342 591 2490 654 operi
2521 596 2757 654 optatam
2784 594 3125 645 contribuere
3154 596 3393 646 domum.

2535 726 2607 777 Μ.
2649 724 2839 780 CCCC.
2885 726 3074 782 LXXI.

2057 809 2138 864 Ex
2169 810 2429 882 Epistola
2474 811 2791 869 Aleriensis
2836 813 3022 885 liquet
3061 815 3211 871 hanc
3254 816 3313 872 S.
3362 819 3630 891 Cypriani

1985 898 2297 955 editionem
2330 902 2696 972 praecessisse
2726 903 3042 959 editionem
3075 922 3223 961 sacr.
3280 907 3629 979 Bibliorum,

1983 1003 2236 1058 quorum
2268 990 2737 1061 impressionem,
2761 997 2993 1064 propter
3016 992 3229 1048 chartas
3261 996 3502 1067 majoris
3533 999 3629 1053 de-

1982 1075 2221 1148 fectum,
2271 1077 2697 1151 interrumpere
2726 1082 2909 1136 coacti
2963 1082 3195 1137 fuerant
3222 1084 3476 1154 opifices.
3512 1086 3625 1142 Has

1981 1171 2174 1221 autem
2206 1166 2483 1237 epistulas
2509 1184 2570 1223 se
2589 1169 2971 1241 descripsisse
3002 1170 3174 1225 refert
3190 1188 3257 1226 ex
3285 1177 3512 1228 vetusto
3526 1190 3621 1229 co-

1979 1254 2107 1310 dice
2127 1255 2598 1321 Parisiensi,cum
2619 1256 2949 1312 studiorum
2980 1274 3158 1314 causa
3179 1259 3237 1313 in
3255 1261 3455 1315 eadem
3478 1263 3621 1318 urbe

1978 1349 2325 1399 versaretur.
2362 1348 2493 1398 Haec
2536 1345 2663 1415 ejus
2694 1345 2959 1416 epistola,
2994 1346 3086 1401 cui
3138 1348 3385 1403 inseruit
3432 1350 3629 1421 expla-

1980 1431 2273 1487 nationem
2329 1431 2649 1487 multorum
2700 1433 3115 1489 vocabulorum
3163 1452 3196 1489 a
3251 1437 3307 1492 S.
3343 1437 3629 1508 Cypriano

1978 1520 2396 1585 adhibitorum,
2430 1538 2557 1592 quis
2588 1544 2617 1571 ‹‹
2650 1539 2892 1594 propere
2922 1522 3298 1595 perlegenda,
3332 1546 3360 1575 »
3405 1534 3470 1581 ut
3501 1526 3628 1598 ipse

1978 1609 2079 1674 ait,
2112 1632 2139 1658 ‹‹
2174 1608 2422 1680 alicujus
2450 1610 2969 1681 interpretamenti,
3022 1618 3257 1684 propter
3286 1615 3629 1687 tyrunculos

1979 1697 2263 1768 quosdam
2295 1697 2590 1753 litterariae
2640 1698 2955 1767 facultatis,
2990 1699 3253 1771 indigere
3284 1705 3563 1769 crederet,
3599 1728 3629 1754 »

1977 1802 2111 1841 cum
2172 1785 2383 1853 indice,
2443 1787 2542 1857 qui
2599 1785 2941 1842 immediate
2996 1788 3325 1859 subjicitur,
3379 1797 3627 1863 occupat

1978 1874 2152 1947 paulo
2182 1875 2379 1930 minus
2424 1892 2601 1946 quam
2628 1876 2740 1930 tria
2789 1875 2945 1931 folia.
2980 1876 3253 1948 Exempla
3282 1883 3536 1949 quatuor
3566 1880 3626 1934 in

1978 1963 2344 2019 bibliothecis
2374 1964 2654 2019 Romanis
2685 1980 2748 2019 se
2773 1968 3057 2021 tractasse
3084 1966 3391 2038 Audi/[redi
3425 1969 3629 2024 acerbe

1976 2053 2146 2108 docet
2174 2054 2553 2125 Lairium,qui
2581 2058 2789 2126 praeter
2816 2054 3129 2111 Grevennaa
3147 2054 3443 2128 exemplar
3467 2056 3627 2111 aliud

1976 2140 2133 2198 haud
2186 2142 2423 2211 vidisse,
2473 2159 2580 2198 nec
2610 2142 2777 2199 facile
2827 2159 3134 2199 occurrere
3179 2144 3422 2201 dixerat.
3471 2146 3627 2201 Enu-

1977 2235 2237 2288 meratur
2268 2231 2327 2286 in
2358 2232 2478 2288 Cat.
2509 2231 2656 2287 Bibl.
2690 2231 2853 2304 Chig.

2784 2348 2819 2399 7
2862 2390 2874 2402 .

2046 2436 2149 2489 En.
2190 2435 2423 2491 Vanam
2455 2437 2498 2504 Ι,
2552 2348 3104 2507 νωεοηδιῖηιιςηειε.
3138 2438 3416 2507 Venetiis,
3467 2440 3625 2510 apud

1973 2523 2360 2580 Vendelinum
2417 2525 2489 2580 de
2546 2524 2716 2597 Spira
2771 2525 2932 2597 (90"),
2992 2525 3186 2581 in-tol.
3244 2526 3303 2582 S.
3347 2525 3624 2598 Cypriani

1972 2612 2259 2684 Epistolas.
2296 2615 2359 2669 In
2389 2613 2504 2669 ﬁne
2538 2631 2551 2668 :

2034 2720 2290 2784 Loguitur
2317 2719 2482 2769 lector
2516 2719 2595 2784 ad
2624 2720 2970 2784 Vindelinum
3018 2721 3325 2784 Spireneem
3371 2720 3628 2772 artiﬁcem

1972 2782 2065 2844 qui
2093 2782 2357 2846 Epistolas
2386 2782 2527 2832 Beati
2547 2782 2797 2846 Cypriani
2828 2782 3002 2833 reddit
3034 2782 3089 2832 in
3124 2784 3315 2833 lucem.

2518 2892 2589 2944 Μ.
2633 2888 2827 2944 CCCC.
2873 2888 3063 2943 LXXI.

2043 2978 2393 3047 Quanquam
2427 2993 2541 3031 non
2574 2993 2643 3033 ex
2688 2976 2901 3044 verbis,
2931 2976 3116 3031 reddit
3144 2978 3205 3031 in
3255 2977 3456 3047 lucem,
3491 2992 3626 3032 cum

1973 3065 2145 3121 docto
2203 3065 2423 3121 editors
2477 3064 2737 3138 Catalogi
2794 3063 3066 3120 biblioth.
3120 3064 3430 3121 Crevennae
3492 3066 3633 3121 1776

1896 3139 1939 3206 C
1977 3154 2151 3221 ίῐι-4ο,
2184 3158 2324 3209 tom.
2382 3154 2425 3225 Ι,
2458 3170 2515 3226 p.
2546 3154 2638 3220 59,
2688 3153 2841 3209 hanc
2881 3153 3200 3210 editionem
3253 3154 3517 3211 Romana
3542 3171 3632 3210 re-

1978 3241 2295 3298 centiorem
2326 3257 2456 3297 esse
2486 3242 2727 3313 probem
2753 3258 2768 3309 ;
2791 3242 3022 3297 certiori
3054 3248 3251 3298 tamen
3284 3248 3633 3314 argumento

1980 3331 2125 3387 illud
2155 3347 2283 3387 esse
2313 3330 2422 3387 hac
2447 3330 2751 3386 occasione
2783 3331 2989 3401 possit,
3013 3332 3163 3401 quod
3199 3347 3335 3386 cum
3368 3331 3635 3387 Romana

1981 3420 2157 3476 editio
2188 3420 2319 3475 cod.
2365 3436 2474 3475 ms.
2510 3419 2666 3474 unde
2696 3434 2967 3489 expressa
2998 3418 3095 3487 sit,
3140 3418 3378 3485 indicet,
3410 3418 3632 3473 Veneta

1983 3512 2187 3565 contra
2216 3509 2287 3563 de
2318 3506 2496 3564 simili
2523 3506 2794 3579 praesidio
2824 3506 3078 3573 sileat,et
3107 3507 3220 3563 hoc
3242 3507 3367 3578 ipso
3401 3506 3632 3563 silentio

1983 3598 2301 3654 editionem
2359 3598 2665 3668 antiquam
2724 3600 2859 3651 ante
2887 3612 3160 3652 excusam
3218 3601 3635 3669 repraesentare

1984 3704 2047 3743 se
2076 3686 2592 3742 testetur.Gravius
2625 3689 2988 3740 momentum
3020 3688 3214 3740 textus
3238 3685 3389 3740 inter
3416 3688 3638 3741 utram-

1985 3792 2101 3848 que
2129 3774 2554 3843 convenientia,
2590 3790 2738 3845 quze,
2770 3778 3024 3830 testante
3054 3774 3257 3830 eodem
3289 3774 3412 3829 viro
3443 3775 3633 3840 docto,

1984 3868 2149 3921 tanta
2205 3869 2314 3930 est,
2367 3868 2451 3934 ut,
2502 3868 2711 3935 praeter
2766 3864 2979 3918 menda
3036 3864 3304 3934 quaedam
3364 3867 3638 3935 typogra-

1988 3952 2179 4025 phica,
2210 3968 2337 4022 quas
2367 3950 2715 4006 Vindelinus
2747 3967 2778 4005 e
2810 3950 3074 4006 Romana
3103 3949 3419 4007 sustulisse
3457 3947 3642 4005 videri

1989 4041 2217 4108 debeat,
2250 4056 2493 4111 prorsus
2538 4038 2702 4094 illam
2735 4038 2857 4095 haec
2907 4040 3119 4095 referat
3151 4040 3283 4111 (91).
3330 4070 3397 4080 -
3446 4037 3644 4094 Nitore

1990 4134 2047 4187 et
2077 4128 2370 4202 elegantia
2398 4128 2542 4184 artis
2573 4128 2902 4184 Romanam
2932 4128 3164 4184 vincere
3184 4126 3643 4201 putatur.Caret,

1992 4222 2058 4273 ut
2087 4234 2290 4273 omnes
2322 4218 2439 4272 fere
2490 4217 2669 4287 hujus
2716 4217 2901 4273 aetatis
2953 4216 3262 4287 editiones,
3295 4216 3645 4289 paginarum

1993 4306 2336 4363 foliorumve
2366 4305 2649 4375 numeris,
2683 4304 3029 4361 custodibus
3056 4322 3123 4361 ac
3154 4303 3647 4377 signaturis.Tex-

1994 4450 2373 4507 infensiorem
2407 4448 2573 4505 facile
2628 4447 2902 4505 lectorem
2933 4447 3193 4513 habebit,
3224 4447 3323 4504 ubi
3380 4462 3583 4503 recens
3612 4464 3649 4504 a

1994 4522 2241 4578 lectione
2270 4538 2471 4577 eorum
2520 4537 2649 4578 quas
2681 4524 2950 4574 accurate
2979 4518 3038 4572 in
3072 4518 3275 4573 limine
3303 4519 3476 4575 istius
3520 4517 3648 4574 edi-

1994 4594 2167 4673 tionis
2196 4591 2498 4673 superbis
2530 4589 2806 4673 Marauus
2839 4590 3391 4673 prazcepittin‘eum
3424 4589 3650 4673 incide-

1994 4667 2089 4722 rit.
2120 4661 2293 4719 Scire
2325 4663 2501 4718 etiam
2542 4661 2713 4744 vaelim
2765 4661 3041 4744 quaenam
3085 4661 3162 4743 sit
3210 4662 3311 4744 illa
3357 4666 3514 4744 uetus
3547 4666 3650 4744 ξἰ-

1994 4746 2128 4793 neta
2159 4751 2336 4807 quam
2378 4750 2509 4788 cum
2532 4733 2801 4807 Spirensi
2833 4750 2950 4807 una
2997 4734 3213 4807 saepius
3236 4733 3446 4807 plaudat
3476 4733 3649 4807 Balu-

1995 4810 2142 4864 zius.
2176 4804 2259 4861 Cf.
2290 4810 2459 4860 notas
2490 4806 2564 4859 ab
2596 4804 2696 4858 lib.
2728 4804 3143 4862 Testimonior.
3177 4806 3458 4862 adversus
3488 4806 3650 4872 Jud.,

2000 4877 2685 4956 p._§9§._‘§_caoeussiANN.
2775 4946 2814 4956 λ
2869 4948 2881 4956 _
2986 4948 2996 4956 .
3126 4946 3139 4956 .
3253 4948 3391 4956 ,ΠΗ
3574 4944 3626 4956 Η

2072 4948 2183 5021 (91)
2215 4948 2361 5004 Mira
2392 4952 2548 5021 sunt
2596 4963 2723 5021 quae
2775 4946 3183 5021 Duburius_in
3239 4944 3656 5021 Bibliographie

2000 5018 2333 5091 instructius
2362 5018 2974 5091 (instruendaverius)
2994 5019 3065 5074 de
3096 5018 3205 5091 hac
3238 5018 3495 5091 editione
3524 5032 3657 5091 n_ar-

2003 5098 2135 5148 rat:
2173 5115 2193 5141 ι
2228 5090 2349 5146 Elle
2372 5088 2416 5145 'a
2446 5089 2655 5145 mérité
2698 5088 2918 5144 d'avoir
2958 5088 3054 5145 'été
3094 5088 3236 5145 celle
3275 5104 3388 5159 que
3414 5088 3510 5159 LM.
3548 5088 3657 5143 Ba-

2004 5166 2131 5241 luz_e
2162 5181 2196 5218 a
2224 5161 2441 5241 cboisie
2474 5178 2620 5241 pour
2649 5160 2947 5241 travailler
2974 5165 3008 5217 ὰ
3036 5157 3309 5241 l'édition—
3330 5157 3469 5241 q_u:il
3507 5174 3663 5241 noue

2006 5254 2040 5291 a
2069 5235 2292 5290 donnée
2323 5234 2392 5288 de
2421 5230 2491 5287 ce
2515 5232 2655 5286 Pere
2686 5231 2755 5285 de
2786 5230 3040 5302 l’Eglise,
3074 5236 3130 5286 et
3164 5231 3202 5284 il
3235 5247 3303 5285 en
3354 5230 3552 5287 faisait
3580 5248 3664 5287 un

2008 5323 2106 5363 cas
2137 5311 2261 5361 tout
2288 5302 2644 5376 particulier.
2680 5302 2863 5376 Ellea
2880 5302 3209 5376 l’avantage
3242 5302 3315 5357 de
3344 5305 3669 5360 renfermer

2010 5374 2310 5447 beaucoup
2337 5377 2409 5429 de
2442 5390 2717 5447 passages
2746 5374 3073 5447 originaux,
3108 5389 3219 5447 que
3273 5380 3362 5429 cet
3388 5382 3672 5447 auteur_a

2012 5451 2102 5505 eté
2150 5444 2350 5520 obligéi
2388 5444 2458 5502 de
2510 5444 2956 5503 soustraire‘ou
2988 5445 3060 5501 de
3111 5444 3368 5519 changer
3418 5447 3566 5507 dans
3612 5444 3672 5505 la

184 5518 473 5573 Pariter
523 5514 773 5592 editores
825 5520 997 5592 Angli
1032 5526 1089 5577 et
1116 5538 1185 5578 ex
1228 5520 1301 5592 iis
1334 5514 1623 5592 fBaluzius
1676 5534 1907 5590 semper
2015 5522 2234 5577 sienne.
2267 5514 2302 5569 εἴ
2334 5519 2413 5573 In.

191 5593 570 5664 Spirensem
603 5584 753 5644 hanc
802 5584 1125 5666 appillant.
1153 5591 1375 5658 Baluzii
1408 5606 1571 5649 error
1617 5584 1824 5645 autem'
1840 5606 1906 5646 eo

575 5714 841 5782 Parnm.
885 5718 993 5783 Ill.

3328 5736 3359 5786 ἑ
