4064 6196
382 343 551 394 LXVII

1882 330 2297 393 PREFATIO

3603 352 3759 404 vaul

381 432 491 533 tui,
526 480 697 536 quem
730 464 1065 537 praecedunt
1094 464 1233 520 folia
1262 466 1400 532 duo,
1427 461 1679 519 indicem
1721 463 2024 535 prmferen-
2058 465 2111 529 Α
2142 463 2337 518 album
2372 464 2489 519 fere
2535 467 2720 519 totum
2753 462 3117 537 conspicitur
3165 472 3375 540 praeter
3424 487 3632 544 pauca,
3660 491 3759 545 qua

382 552 467 608 tia
496 554 629 625 (92),
664 554 871 610 titulus
902 554 1339 625 superscriptus
1372 567 1383 606 :

381 667 650 731 Incipiunt
678 670 941 733 Epistolas,
969 668 1452 733 CaacilniCypriani
1482 667 1547 716 ad
1569 667 1893 733 Cornelium
1940 668 2029 715 Pa-

618 731 754 794 pam,
790 736 843 780 et
868 732 1037 793 prima
1066 731 1132 779 de
1164 731 1527 789 Confessione,
1558 732 1791 780 feliciter.

460 846 523 899 In
554 846 664 901 hac
692 843 944 900 editione
972 842 1191 900 Veneta
1215 845 1511 900 habentur
1540 846 1716 899 etiam
1747 844 2030 900 Testimo-

391 934 622 989 niorum
676 934 804 989 adv.
836 934 1070 989 Judazoe
1122 934 1190 988 ad
1227 933 1533 999 Quirinum
1575 933 1729 1000 libri,
1761 934 1861 987 sed
1915 931 2031 987 duo

389 1025 644 1089 tantum,
677 1026 735 1079 et
765 1023 965 1078 multis
996 1020 1224 1078 lacunis
1271 1022 1638 1089 laborantes;
1672 1021 1827 1076 haud
1857 1021 2032 1076 dubie

388 1109 622 1167 eosdem
646 1111 773 1181 jam
807 1111 1206 1167 Romana‘sub
1236 1110 1502 1183 epistolis
1534 1110 1959 1181 complectitur.

1128 1234 1289 1290 4483.

458 1342 686 1396 νεΝετΑ
732 1342 802 1397 ΙΙ.
836 1341 1092 1397 Veneliis
1138 1344 1288 1414 apud
1343 1347 1552 1397 Lucam
1602 1344 1913 1408 Venetum,
1942 1338 2034 1393 in-

387 1428 486 1486 fol.
539 1429 810 1502 Epistolas
858 1434 914 1486 et
964 1430 1292 1502 opuscula:
1330 1430 1387 1485 in
1442 1431 1555 1484 ﬁne
1607 1429 1774 1483 :Divi
1826 1425 2034 1483 Caecilii

387 1517 656 1591 Cypriani
688 1518 795 1573 viri
812 1518 1169 1574 sanctissimi
1188 1523 1243 1574 et
1260 1517 1727 1590 eloquentissimi
1745 1515 2035 1588 Epistolas

387 1607 755 1663 exactissime
805 1608 1133 1680 recognitas
1189 1609 1372 1663 Lucas
1422 1608 1697 1677 Venetus,
1748 1605 2034 1661 Dominici

387 1695 568 1763 ﬁlius,
630 1692 804 1751 solita
859 1695 1161 1768 diligentia
1211 1697 1513 1768 impressit
1566 1695 1824 1750 Venetiis
1883 1712 2035 1750 anno

388 1784 595 1839 salutis
658 1801 1094 1850 mccccnxxxul,
1162 1785 1349 1857 pridie
1411 1785 1607 1840 Nonas
1685 1784 2036 1839 Decembres

2137 553 2195 605 in
2228 552 2451 623 paginae
2469 552 2735 608 secundae
2753 553 3027 609 extremis
3046 571 3116 610 ex
3132 555 3485 629 Hieronymo
3504 559 3759 632 impressa

2138 640 2414 711 leguntur
2464 642 2569 697 hoc
2609 640 2783 698 titulo
2817 658 2830 696 :
2860 642 2943 697 Ex
2991 644 3132 699 libro
3187 645 3331 701 beati
3376 649 3689 722 Hieronymi
3710 650 3764 707 de

2138 728 2274 782 viris
2312 729 2645 796 illustribus,
2697 731 2761 787 de
2808 731 2958 787 beato
2988 733 3291 804 Cypriane.
3346 734 3639 808 Incipiunt
3664 736 3761 810 epi-

2139 816 2298 871 stolae
2332 833 2364 872 a
2398 816 2573 873 fol.xx
2600 823 2655 874 et
2685 819 3062 891 proferuntur
3083 838 3117 878 a
3146 822 3469 895 signaturis
3492 829 3535 880 A
3559 829 3581 879 Ι
3606 842 3760 898 usque

2140 907 2209 960 ad
2234 903 2281 961 Ρι
2302 904 2611 975 inclusive;
2632 908 2829 979 quinis
2856 911 3036 965 ferme
3058 910 3312 984 plagulis
3342 918 3630 971 consertis
3649 916 3757 970 sub-

2140 993 2421 1066 scriptum
2457 1012 2470 1050 :
2506 1018 2533 1046 ‹‹
2568 995 2898 1067 Expliciunt
2949 997 3210 1071 epistolae
3241 1001 3477 1073 gloriosi
3515 1002 3762 1076 martyris

2140 1083 2406 1155 Cypriani
2440 1088 2589 1139 Cart.
2616 1083 2819 1158 episc.;
2845 1094 3066 1159 quanta
3096 1088 3431 1162 eloquentia
3452 1096 3763 1165 quantaque

2141 1171 2406 1228 doctrina
2435 1172 2587 1229 inter
2626 1172 2838 1231 cathol.
2872 1174 3137 1233 doctores
3188 1177 3501 1248 refulserit,
3534 1180 3768 1254 epistolae

2141 1262 2269 1331 ejus
2282 1260 2758 1333 Splendidissime
2772 1263 3083 1321 verborum
3110 1272 3323 1323 ornatu
3347 1270 3769 1325 sententiarum-

2143 1365 2255 1421 que
2292 1352 2555 1407 ubertate
2584 1349 2801 1424 optime
2830 1352 3239 1413 testiﬁcantur.
3282 1380 3302 1406 α
3342 1357 3483 1415 Hinc
3535 1376 3679 1414 novo
3706 1359 3771 1414 si-

2143 1442 2527 1510 gnaturarum
2550 1436 2749 1498 ordine
2766 1444 2813 1497 Α
2833 1441 2878 1498 D
2901 1444 3318 1514 quaterniones
3341 1451 3663 1519 sequuntur
3678 1447 3769 1503 hac

2144 1527 2526 1599 inscriptione
2561 1542 2574 1585 :

2144 1616 2336 1689 Incipit
2362 1617 2661 1689 prolongus
2684 1616 2739 1667 in
2769 1616 2934 1689 libros
2963 1616 3104 1689 beati
3125 1620 3371 1689 Cyprianl
3392 1625 3638 1689 martyris
3662 1638 3776 1689 con-

2204 1682 2289 1727 tra
2311 1679 2749 1751 Judmosﬁditos.
2780 1682 2880 1740 Qui
2909 1685 3131 1751 quidem
3162 1679 3416 1750 prologue
3450 1679 3771 1751 est'epistola

2207 1742 2453 1803 quaedam
2482 1742 2549 1791 ad
2577 1744 2856 1802 Quirinum
2886 1742 3108 1809 scripta.

387 1834 598 1943 (652i;
626 1834 2035 1944 lie/2.1.2.33;5.2;;satiassgszag
2066 1834 2113 1899 Β
2144 1839 2515 1944 119231321?
2552 1857 2566 1944 ξ

387 1960 449 2017 in
474 1960 622 2016 Bibl.
675 1961 1015 2019 Pinelliana.
1048 1963 1133 2019 Cf.
1167 1966 1282 2020 Cat.
1331 1963 1573 2029 Moretli,
1604 1967 1743 2018 tom.
1778 1962 1823 2030 Ι,
1856 1978 1912 2033 p.
1943 1963 2033 2031 95,

389 2067 450 2104 n.
480 2050 607 2105 578.
631 2052 938 2108 Tractatus
964 2055 1021 2108 et
1051 2067 1350 2107 sermones
1374 2050 1686 2107 nonnullos
1718 2050 2036 2106 accessisse

389 2138 644 2211 propriis
697 2140 979 2197 adhibitis
1020 2141 1212 2197 verbis
1259 2138 1579 2196 Audiii‘redi
1610 2140 1688 2195 in
1731 2141 1854 2196 Cat.
1886 2138 2034 2196 Bibl.

390 2226 684 2298 Casanat.,
714 2232 857 2284 tom.
911 2230 983 2295 II,
1016 2246 1074 2300 p.
1105 2231 1231 2299 524,
1281 2229 1493 2302 prodit.
1534 2231 1607 2284 At
1652 2230 1841 2301 major
1884 2232 2037 2285 certe

390 2332 528 2387 pars
557 2333 758 2372 eorum
790 2334 918 2389 quae
948 2317 1354 2373 Remboltiana
1382 2319 1474 2374 ed.
1509 2319 1747 2389 praebet,
1773 2318 1898 2387 jam
1940 2315 2037 2371 hic

388 2403 624 2476 vulgata
654 2410 761 2473 est,
798 2411 861 2461 ut
891 2423 959 2462 ex
987 2406 1325 2479 praefatione
1354 2408 1414 2462 C.
1448 2407 1519 2461 de
1550 2406 1610 2461 P.
1644 2407 1714 2461 ad
1746 2407 1867 2461 Jac.
1894 2406 2035 2461 Gra-

391 2490 673 2550 solarium
705 2495 887 2551 civem
917 2492 1226 2560 Venetum,
1258 2492 1357 2567 qui
1389 2493 1539 2550 hanc
1570 2493 1883 2550 editionem
1918 2509 2039 2550 ma-

389 2581 546 2637 xime
578 2581 874 2655 flagitasse
925 2582 1160 2652 dicitur,
1195 2582 1255 2639 in
1305 2582 1595 2639 Rembolt.
1628 2581 1719 2639 ed.
1771 2584 2034 2655 repetita,

388 2669 1183 2745 intelleximusPraacipuum
1216 2674 1390 2728 habet
1420 2673 1528 2728 hoc
1559 2670 2034 2742 commodi,quod

391 2757 654 2832 epistolis
687 2757 936 2833 singulis
965 2763 1019 2817 et
1049 2761 1398 2816 tractatibus
1430 2761 1753 2816 summaria
1803 2762 2038 2833 praeﬁxa

390 2848 512 2904 sint
542 2849 752 2915 brevia,
773 2867 1019 2923 quisque
1049 2852 1107 2905 in
1141 2848 1402 2905 tabulam
1430 2848 1773 2922 compendio
1804 2847 2038 2905 redacta

389 2942 524 3008 post
552 2936 950 3008 praefationem
982 2938 1446 3011 conspiciuntur.

462 3021 565 3081 His
596 3023 856 3097 proxime
904 3024 1310 3099 adjungcndas
1343 3028 1480 3099 puto
1525 3025 1811 3082 editiones
1859 3040 2036 3098 quas-

391 3112 527 3169 dam
559 3114 668 3170 hoc
697 3112 904 3170 saeculo
954 3114 1176 3188 absque
1206 3115 1345 3171 anni
1392 3112 1481 3170 vel
1513 3114 1622 3170 loci
1676 3115 1852 3171 etiam
1900 3120 2037 3170 nota

395 3200 598 3258 factas.

1015 3301 1220 3357 Incerto
1250 3315 1415 3357 anno.

463 3406 600 3463 Sine
630 3424 805 3475 anno,
829 3406 1053 3475 Brixiae,
1086 3407 1257 3464 in-4o.
1290 3404 1500 3465 Caecilii
1528 3404 1797 3479 Cypriani
1844 3424 2035 3463 sermo

389 3495 460 3552 de
515 3494 786 3552 Oratione
841 3496 1169 3561 Dominica,
1203 3493 1443 3564 scilicet,
1496 3495 1665 3552 Pater
1720 3498 1924 3567 noster,
1975 3496 2035 3551 in

387 3600 503 3655 quo
533 3585 701 3641 docet
729 3602 846 3657 qua
890 3584 1266 3659 potissimum
1313 3584 1570 3642 oratione
1602 3583 1706 3652 uti,
1741 3590 1797 3641 et
1846 3582 2035 3658 quali-

387 3676 476 3728 ter
504 3674 577 3728 ad
610 3690 737 3729 eam
770 3675 1045 3731 accedere
1073 3680 1128 3730 et
1158 3692 1274 3746 quo
1304 3679 1473 3747 gestu
1505 3674 1763 3745 corporis
1785 3679 1841 3729 et
1863 3671 2033 3729 modo

386 3760 543 3818 vocis
590 3764 916 3831 conveniat,
947 3763 1046 3836 qui
1097 3780 1160 3819 se
1189 3760 1589 3818 Christianum
1622 3779 1749 3817 esse
1801 3763 2032 3818 asserit.

384 3882 454 3892 —
483 3851 620 3922 (Cat.
651 3852 717 3906 de
745 3853 800 3908 la
827 3855 889 3908 Β.
923 3852 975 3908 d.
1013 3854 1097 3921 R.,
1129 3870 1185 3925 p.
1219 3852 1344 3919 366,
1378 3864 1441 3906 n0
1467 3851 1592 3916 502,
1626 3850 1725 3905 ubi
1758 3848 2031 3923 additur;

383 3947 532 3997 vetus
562 3937 747 4010 editio,
796 3943 949 3997 circa
972 3958 1187 3996 annum
1233 3938 1415 4011 4490).
1448 3936 1599 3995 Alibi
1628 3935 1818 4011 legere
1867 3937 2029 3994 illam

385 4045 502 4085 non
533 4029 795 4085 memini.

1007 4130 1215 4184 Incerto
1242 4144 1409 4182 anno.

454 4235 652 4290 Enmo
683 4250 1035 4290 INNOMINATA
1056 4234 1240 4289 I.Sine
1267 4232 1391 4288 loco
1421 4236 1481 4288 et
1507 4248 1661 4287 anno
1692 4237 1752 4287 et
1766 4236 2033 4305 typogra-

380 4323 722 4395 pho.Prima
750 4323 928 4393 hujus
957 4322 1415 4394 generis.Sancti
1445 4321 1717 4393 Cypriani
1735 4321 2026 4393 Epistolas,

380 4412 629 4468 in-folio.
664 4413 744 4467 Ab
776 4412 942 4467 initio
991 4412 1240 4466 occurrit
1278 4428 1289 4465 :
1325 4433 1351 4460 ‹‹
1389 4409 1613 4465 Tabula
1650 4411 2024 4466 materiarum

378 4496 758 4572 epistolarum
816 4498 967 4556 beati
1026 4498 1294 4573 Cypriani
1368 4497 1639 4571 martyris
1698 4500 2023 4555 secundum

377 4585 642 4643 ordinem
673 4586 967 4661 alphabeti
1001 4611 1027 4638 ν
1060 4588 1077 4661 (

376 4676 523 4733 lium
554 4677 698 4733 satis
729 4677 1010 4749 locuples)
1037 4677 1292 4748 «incipit
1322 4676 1619 4733 feliciter.»
1643 4674 2022 4732 Subnectitur

373 4764 670 4821 indiculus
709 4770 1115 4821 contentorum
1147 4779 1279 4821 cum
1326 4766 1600 4821 brevibus
1631 4765 2017 4837 argumentis.

372 4854 523 4911 Sunt
553 4868 687 4910 vero
716 4851 857 4927 Epp.
888 4870 1156 4911 Lxxm.—
1181 4854 1265 4909 Ad
1296 4851 1604 4918 Quirinum
1635 4849 1768 4908 libri
1802 4856 2018 4909 tres.—

370 4944 574 5001 Sermo
604 4944 668 4999 Β.
704 4944 1017 5017 Augustini
1050 4946 1119 5000 de
1143 4949 1203 5000 Β.
1237 4943 1619 5016 Cypriano.—
1648 4940 1844 4998 Oratio
1874 4943 2011 5015 Cyp.

371 5033 670 5105 martyris.
702 5060 772 5075 --
803 5034 945 5089 Item
992 5033 1175 5089 oratio
1229 5033 1494 5102 ejusdem
1543 5047 1719 5102 quam
1772 5032 1883 5086 sub
1924 5032 2017 5087 die

366 5121 661 5194 passionis
687 5136 806 5177 suae
837 5123 1002 5178 dixit.
1035 5153 1104 5163 --
1152 5121 1350 5177 Passio
1382 5122 1447 5175 B.
1480 5118 1773 5191 Cypriani.
1809 5148 1875 5159 -—
1907 5120 2015 5176 Sex

364 5207 500 5266 libri
532 5212 603 5266 ad
632 5208 940 5275 Quirinum
973 5226 1183 5284 agmen
1227 5208 1536 5264 claudunt.
1568 5206 1859 5278 Occupani
1893 5208 2013 5264 haec

363 5295 501 5356 folia
550 5316 690 5355 xvm
735 5317 869 5356 cum
922 5298 1241 5372 signaturis
1271 5303 1317 5350 A
1349 5296 1477 5352 etB
1516 5311 1591 5350 γι.
1643 5293 1869 5351 Folium
1917 5312 2013 5353 xxx

431 5439 690 5513 (92)_Une
719 5441 866 5497 (able
903 5440 1280 5513 partz'culzere,
1314 5435 1626 5513 Deburius,
1662 5437 2008 5513 juniorLin-

2125 4931 2567 4995 CmciliiCypriani
2579 4931 2972 4995 episcopiCarth

2147 1926 2380 2008 Explipiﬂt-
2390 1927 2530 2008 liber
2541 1930 2968 2008 pterftigus‘Caacilii
2992 1933 3240 2008 Cypriani
3269 1934 3503 2008 gloriosi.
3520 1936 3772 2008 martyris,

2209 1986 2593 2057 archiepiscopi
2623 1986 3311 2057 Carthaginensisbratoris
3340 1986 3772 2057 excellentissimi,

2211 2050 2277 2122 ad
2308 2050 2606 2122 Quirinum.
2642 2054 2697 2122 In
2720 2050 3160 2122 quo'libro,sicut
3192 2062 3246 2108 et
3273 2058 3328 2108 in
3359 2060 3570 2110 duobus
3599 2050 3773 2122 priori?

2207 2115 2464 2187 busﬁdes
2493 2115 2757 2166 catholica
2784 2124 2971 2187 contra
2989 2120 3296 2187 Judaaorum
3310 2122 3588 2187 perﬁdiam
3599 2115 3777 2187 etsen-

2207 2176 2382 2246 tilium
2412 2192 2623 2246 errores
2652 2194 2923 2230 sacrarum
2935 2176 3327 2246 scripturarum
3357 2176 3778 2236 testimoniisvfor-

2207 2240 2411 2289 tissime
2440 2243 2681 2291 munitur
2715 2246 2767 2292 et
2794 2240 3188 2296 corroboratur.
3221 2248 3328 2297 Deo
3357 2247 3570 2313 gratias.

2218 2337 2596 2395 Characteres
2626 2345 2898 2412 typorum
2918 2338 3143 2399 similes
3174 2358 3303 2401 esse
3332 2343 3404 2400 iis
3435 2362 3563 2417 qua
3594 2346 3653 2400 in
3672 2346 3783 2401 edi-

2149 2425 2303 2481 tione
2332 2425 2673 2483 Officiorum
2722 2427 3016 2487 Ciceronis
3047 2428 3415 2504 Moguntina,
3466 2433 3625 2505 1465,
3657 2450 3780 2490 con-

2148 2514 2474 2585 spiciantur
2502 2521 2711 2588 praeter
2734 2514 2955 2575 litteras
2986 2534 3205 2592 paucas
3229 2521 3590 2593 majusculas
3615 2522 3790 2578 Debu-

2147 2603 2271 2658 rius
2285 2618 2385 2659 seu
2396 2604 2516 2677 .qui
2531 2606 2969 2664 accuratissime
2991 2606 3142 2665 hanc
3159 2608 3475 2666 editionem
3489 2608 3794 2684 descripsit

2147 2692 2206 2747 in
2236 2690 2350 2748 Cat.
2386 2692 2457 2749 de
2482 2694 2539 2750 la
2570 2694 2711 2750 Bibl.
2744 2692 2819 2751 du
2846 2693 2953 2753 duo
2973 2696 3039 2753 de
3068 2702 3124 2754 1a
3176 2698 3311 2767 Val.,
3347 2702 3488 2756 tom.
3528 2700 3571 2767 Ι,
3606 2716 3658 2772 p.
3695 2699 3788 2755 151

2146 2797 2235 2854 sq.
2270 2782 2545 2838 afﬁrmat.
2580 2782 2775 2839 Medias
2828 2790 2966 2842 sunt
2992 2785 3147 2843 inter
3173 2788 3475 2861 gothicum
3506 2792 3563 2846 et
3603 2804 3790 2846 roma-

2147 2884 2288 2925 num
2339 2870 2754 2930 characterem.
2788 2871 3026 2947 Propter
3077 2874 3295 2934 librum
3316 2875 3556 2935 tertium
3603 2874 3791 2935 Testi-

2148 2957 2481 3016 moniorum
2530 2958 2811 3019 adversus
2859 2964 3094 3021 Judaaos
3140 2964 3212 3021 ad
3274 2967 3423 3022 hanc
3479 2963 3791 3023 editionem

2147 3047 2369 3104 adverti
2428 3047 2623 3121 velim,
2676 3066 2810 3107 cum
2867 3050 3041 3125 vulgo
3100 3053 3329 3125 primus
3391 3071 3460 3111 ex
3520 3052 3647 3111 cod.
3680 3068 3794 3111 ms.

2149 3141 2396 3194 monast.
2432 3137 2868 3196 Gemblacensis
2910 3138 3180 3198 emisisse
3209 3144 3575 3200 existimetur
3620 3141 3792 3199 Eras-

2067 3203 2110 3269 (ἶ
2149 3243 2303 3283 mus.
2352 3224 2537 3283 Editio
2585 3224 2706 3285 haec
2750 3229 2892 3286 adeo
2959 3245 3066 3287 nec
3113 3228 3352 3288 Erasmo
3382 3232 3639 3287 innotuit
3686 3244 3797 3288 nec

2146 3315 2438 3371 editorum
2490 3317 2830 3388 aequiorum
2877 3319 3005 3387 ulli,
3038 3325 3247 3392 praeter
3295 3319 3641 3385 Pamelium,
3686 3321 3794 3392 qui

2146 3405 2301 3475 quod
2340 3421 2410 3460 ex
2457 3407 2891 3477 comparatione
2918 3409 3205 3463 annotatt.
3250 3406 3377 3478 ejus
3425 3409 3499 3464 ad
3548 3409 3798 3465 tertium

2145 3492 2302 3548 hunc
2348 3493 2564 3549 librum
2614 3494 2829 3563 discas,
2861 3500 2927 3552 ut
2975 3496 3146 3551 multi
3195 3497 3415 3568 potius,
3455 3497 3557 3568 qui
3608 3514 3799 3554 manu

2144 3583 2466 3638 versavisse
2487 3584 2614 3654 ejus
2645 3583 2942 3655 exemplar
2968 3585 3216 3655 professi
3264 3590 3424 3652 sunt,
3456 3591 3803 3642 constanter

2144 3670 2398 3726 duorum
2426 3674 2657 3727 tantum
2685 3674 2965 3730 adversus
2987 3673 3221 3730 Judaos
3242 3672 3529 3731 librorum
3548 3675 3805 3730 mentio-

2145 3774 2276 3814 nem
2306 3760 2542 3829 faciant,
2576 3759 2843 3833 aliosque
2889 3761 3071 3817 etiam
3104 3762 3539 3835 circumspectis
3579 3763 3809 3818 mentis

2143 3846 2295 3905 viros
2325 3849 2385 3903 in
2419 3854 2614 3921 partes
2642 3849 3244 3907 traxerint.Nimirum
3277 3856 3477 3907 autem
3509 3850 3669 3907 aliud
3702 3851 3814 3906 hic

2141 3936 2283 3993 latet
2313 3956 2325 3993 :
2355 3937 2570 4010 duplex
2616 3941 2805 3993 exstat
2850 3937 3027 3993 editio
3074 3938 3445 3995 innominata
3481 3964 3496 4009 ι
3536 3953 3809 4011 quarum

2141 4025 2404 4094 alteram,
2436 4041 2617 4097 quam
2657 4027 2784 4097 jam
2831 4025 3256 4099 descripsimus
3305 4028 3634 4084 adhibitam
3691 4041 3814 4084 seu

2140 4116 2432 4187 cognitam
2463 4115 2727 4170 dicemus
2749 4114 3041 4171 editorum
3060 4115 3344 4172 hactenus
3374 4115 3519 4171 nulli
3547 4142 3561 4183 ;
3586 4114 3816 4185 altera,

2138 4204 2209 4259 de
2257 4221 2371 4275 qua
2413 4200 2613 4260 statim
2662 4219 3046 4277 exponamus,
3094 4206 3359 4261 omnium
3407 4222 3505 4262 ore
3544 4205 3813 4277 jactata,

2137 4294 2237 4348 sed
2290 4294 2430 4364 quia
2487 4306 2559 4348 ne
2616 4293 2792 4349 verbo
2850 4293 3089 4365 quidem
3139 4292 3495 4351 describeret
3550 4292 3821 4364 aliquis,

2137 4398 2417 4453 magnum
2447 4397 2701 4436 errorem
2731 4381 2976 4454 peperit.
3004 4380 3319 4452 Pamelius,
3354 4382 3455 4455 qui
3488 4378 3635 4436 nihil
3672 4399 3823 4437 am-

2136 4469 2291 4540 plius
2316 4470 2552 4541 quidem
2598 4468 2798 4526 retulit
2827 4471 2900 4527 de
2949 4488 3037 4536 ea,
3070 4488 3249 4542 quam
3282 4472 3482 4527 statim
3527 4474 3670 4542 post
3702 4470 3824 4525 in-

1157 4604 1205 4643 e.
1242 4585 1413 4643 index
1441 4559 1637 4642 retium
1672 4582 2019 4642 mammam-
2054 4568 2100 4634 D
2132 4564 2365 4613 ventam
2425 4565 2606 4613 artem
2673 4559 3159 4631 typographicam
3224 4574 3502 4616 excusam
3582 4559 3825 4628 videri,

2130 4650 2328 4702 censet
2355 4654 2548 4702 tamen
2581 4644 2768 4702 multo
2800 4645 3029 4702 Erasmi
3064 4648 3522 4720 castigatiorem.

2199 4735 2400 4793 Eumo
2432 4754 2783 4793 ΙΝΝΟΜΙΝΑΤΔ
2815 4734 2884 4793 ll.
2921 4769 2987 4778 —-
3039 4736 3176 4794 Sine
3204 4737 3329 4795 loco
3379 4744 3435 4795 et
3482 4754 3665 4806 anno,
3705 4736 3827 4795 in-

2128 4825 2229 4882 fol.
2261 4824 2472 4898 Incipit
2501 4826 2573 4881 ab
2603 4824 2799 4882 indice
2828 4830 3236 4883 contentorum
3266 4829 3552 4901 inscripto
3587 4846 3600 4883 :

3043 4934 3245 4999 luensis
3259 4936 3312 4999 et
3322 4932 3825 4999 martyrisdignis-

2187 4995 2309 5042 simi
2337 4994 2454 5043 libri
2484 4998 2537 5043 et
2564 4994 2819 5057 epistolas.
2841 5018 2901 5031 —-
2929 4994 3201 5057 Incipiunt
3227 4994 3479 5047 leliciteri
3505 4997 3585 5047 Ad
3604 4994 3823 5046 Dima-

2187 5057 2301 5121 tum
2337 5057 2401 5105 de
2423 5056 2769 5121 vanitatibus
2790 5056 3196 5121 stASpectaculia
3224 5060 3354 5121 (93).
3384 5084 3444 5095 -—-
3476 5059 3555 5109 Ad
3586 5060 3819 5109 Demo-

2184 5120 2438 5186 tri_anum.
2472 5119 2545 5186 De
2591 5119 2803 5186 pietatip
2840 5118 3034 5186 _0pere_
3058 5123 3111 5168 et
3154 5118 3511 5186 Eleemosyna
3550 5122 3704 5186 Χμζ.
3743 5147 3823 5158 -

2185 5181 2263 5247 ad
2294 5180 2645 5247 Fortunatuin
2669 5181 2733 5230 de
2761 5180 3827 5247 ExhortationeAmartyrii'.Ae—DeZelogel.

2184 5244 2364 5293 livore.
2390 5270 2448 5279 -
2478 5243 2550 5292 De
2586 5244 2726 5292 Bono
2755 5241 3119 5304 patientim.—
3147 5244 3221 5295 De
3252 5241 3582 5296 Mortalitate.
3607 5273 3675 5280 —
3716 5244 3817 5296 De

2184 5305 2378 5357 Habitu
2406 5304 2840 5369 virginum—Ad
2869 5304 3133 5357 Caecilium
3154 5305 3219 5358 de
3237 5309 3577 5359 Sacramenta
3594 5306 3824 5357 Domi-

2122 5455 2185 5496 n°
2212 5443 2267 5507 2,
2300 5443 2356 5496 et
2385 5440 2444 5495 in
2493 5439 2729 5505 Bened.,
2758 5450 2825 5495 n°
2875 5440 2920 5495 1.
2954 5441 3294 5498 Oxoniensis
3340 5442 3530 5499 editor
3567 5448 3819 5497 tamen

368 5506 870 5585 quit.'Utramque
900 5506 948 5566 si
989 5512 1102 5567 diis
1134 5509 1340 5581 placet,
1373 5506 1684 5563 editionem
1736 5510 2009 5568 manibus
2118 5506 2420 5584 inscripsit
2469 5510 2688 5567 librum
2718 5510 2786 5567 de
2820 5510 3021 5585 Gratia
3071 5516 3195 5585 Dei,
3228 5530 3284 5585 p.
3324 5517 3374 5583 1,
3405 5512 3504 5571 ubi
3550 5511 3825 5573 videsis

360 5581 459 5642 ille
486 5581 726 5637 triverat
750 5583 762 5635 l
782 5581 1238 5639 ’SCHOENBMANN.

432 5653 544 5728 (93)
588 5655 792 5708 Postea
848 5653 1001 5711 inter
1054 5651 1331 5726 epistolas
1388 5650 1605 5707 relatus
1663 5668 1697 5707 a
1752 5653 2006 5711 Pamelio

2118 5586 2287 5641 docta
2316 5584 2444 5655 ejus
2475 5585 2777 5645 annotata.
2808 5584 3246 5648 Senosnzmrm.
