4074 6194
315 402 515 448 LXXIII

387 608 573 662 Versio
626 606 955 661 Germanica
978 609 1019 660 Ι.
1057 605 1365 661 Tractatus
1423 607 1493 661 de
1549 604 1965 677 Singularitate

314 696 681 763 clericorum,
705 695 805 766 qui
829 694 999 767 vulgo
1028 695 1177 750 inter
1197 693 1463 766 Cypriani
1489 711 1663 766 opera
1695 693 1959 748 habetur.

311 788 356 840 A
389 783 771 839 celeberrimo
803 783 1061 839 Cochlaao
1091 783 1412 838 Theodisce
1441 783 1713 854 evulgata
1744 783 1871 848 fuit,
1889 785 1964 835 te-

310 879 397 928 ste
427 871 854 943 Ceillierio,qui
876 875 1069 927 autem
1094 888 1198 927 nec
1220 871 1414 927 locum
1443 888 1547 928 nec
1568 872 1817 927 formam
1847 870 1963 924 edi-

312 962 494 1016 tionis
524 959 846 1016 adnotavit.

381 1055 480 1107 ED.
518 1050 815 1104 Enamsca
842 1048 988 1104 VIII.
1010 1048 1164 1118 Bas.,
1185 1048 1244 1103 in
1269 1049 1365 1104 oﬂ‘.
1392 1049 1796 1121 Herwagiana,
1824 1047 1961 1102 in-fb

309 1139 512 1210 (Fabr.
547 1137 672 1208 ib.).
698 1137 886 1208 Hujus
913 1141 1164 1207 quatuor
1192 1137 1546 1208 exemplaria
1571 1155 1620 1192 c.
1655 1153 1797 1192 mss.
1826 1135 1956 1191 coll.

309 1229 368 1282 in
400 1226 544 1282 bibl.
573 1226 882 1281 Baluziana
911 1231 1096 1281 erant.

1053 1315 1213 1370 1541.

382 1405 484 1459 En.
516 1410 865 1460 PARISIBNSIB
894 1403 990 1459 III.
1025 1403 1208 1458 Paris.
1241 1420 1332 1475 ap.
1358 1402 1641 1474 Arnulph.
1678 1402 1958 1473 Langele—

307 1491 782 1558 rium,in-fol.—
811 1492 1001 1547 Editio
1033 1491 1180 1546 finde
1211 1491 1558 1563 interpolata
1586 1496 1642 1546 et
1671 1490 1956 1546 contami-

307 1588 448 1637 nata
478 1581 616 1636 licet
643 1579 1114 1652 repurgationem
1139 1580 1323 1650 jactet
1354 1581 1412 1634 in
1436 1579 1824 1651 titulo,eoque
1855 1579 1958 1634 im-

305 1670 604 1743 pudentiaa
634 1669 928 1740 progressi
957 1669 1076 1723 sint
1099 1668 1737 1738 curatores,utErasmi
1764 1669 1959 1739 praefa-

306 1760 457 1814 tioni
488 1759 630 1813 datm
654 1757 1086 1825 Lovanii,l519,
1112 1757 1568 1828 subscripserint
1597 1757 1776 1812 Paris.
1799 1758 1952 1811 1541.

1809 383 2220 447 EDITORUM
2230 431 2244 446 .

3543 411 3729 460 LXXIV

1994 515 2048 581 Α
2082 515 2376 584 Erasmus,
2409 523 2575 592 quasi
2609 540 2674 578 ex
2707 526 2975 596 opposito
3008 526 3410 599 inspiceretur.
3446 531 3513 583 Et
3541 546 3724 586 anno-

2076 605 2414 663 tatiunculze
2472 628 2568 665 seu
2635 614 3046 685 castigationes
3121 614 3339 685 aliquot
3395 617 3723 674 doctissimi

2075 695 2381 767 utriusque
2429 698 2640 771 linguai
2692 701 2795 755 viri
2827 702 3054 757 Henrici
3107 703 3326 770 Gravii,
3359 705 3560 761 breves
3607 705 3719 762 ille

2072 783 2311 852 quidem
2343 790 2399 840 et
2431 804 2645 858 paucae,
2667 790 2767 844 sed
2791 795 3129 862 opportunae
3153 796 3348 848 tamen
3379 798 3437 848 et
3453 794 3716 850 erudite.

2071 870 2140 924 Et
2169 872 2340 927 index
2372 891 2574 941 novus,
2607 877 2896 948 copiosior
2923 877 3090 950 longe
3120 885 3344 936 vetusto
3374 881 3472 937 illo
3505 887 3562 938 et
3592 901 3718 940 ma-

2069 959 2159 1030 gis
2190 960 2473 1034 digestus,
2499 966 2624 1035 jam
2674 982 2873 1022 recens
2922 983 3096 1038 opera
3127 968 3532 1026 Bartholommi
3564 973 3717 1028 Lau-

2072 1049 2250 1104 rentis
2281 1051 2561 1123 adjectus.
2597 1055 2744 1120 Quid
2779 1054 2915 1110 huic
2944 1056 3180 1112 editioni
3211 1059 3589 1114 tribuendum
3612 1061 3714 1129 sit,

2071 1137 2237 1192 facile
2269 1142 2521 1196 sentient
2567 1143 2606 1197 ii
2637 1144 2734 1214 qui
2768 1145 2852 1198 vel
2898 1146 3218 1200 anteriores
3267 1146 3537 1218 Cypriani
3578 1149 3712 1205 edd.

2070 1227 2247 1296 probe
2296 1231 2514 1296 norint,
2546 1231 2635 1286 vel
2668 1231 2817 1288 hanc
2868 1249 2999 1288 cum
3055 1234 3258 1305 quavis
3307 1235 3566 1292 conferre
3597 1254 3714 1294 non

2071 1315 2287 1370 fuerint
2316 1321 2558 1388 gravati.

2139 1404 2613 1463 Erasmianarum
2639 1414 2900 1474 annotat,
2936 1409 3158 1482 aliquot
3185 1415 3383 1468 tamen
3423 1414 3563 1485 quia
3592 1415 3716 1484 pri-

2066 1492 2240 1547 vatim
2274 1495 2398 1549 suis
2430 1495 2571 1552 locis
2593 1498 2776 1569 aptari
2813 1516 2928 1554 non
2959 1499 3250 1568 volebant,
3274 1502 3346 1556 ab
3370 1501 3534 1558 initio
3556 1517 3714 1558 seor-

2067 1597 2198 1635 sum
2233 1599 2365 1638 cum
2399 1585 2880 1657 castigationibus
2903 1587 3094 1644 Gravii
3126 1589 3357 1647 relictae.
3391 1591 3473 1645 Ad
3496 1590 3711 1647 librum

2066 1669 2137 1724 de
2194 1670 2356 1743 dupl.
2413 1673 2684 1746 Martyrio
2731 1675 2974 1731 Gravius
3023 1678 3406 1750 suspicatur:
3449 1679 3710 1749 phrasim

2069 1764 2371 1815 Erasmum
2404 1761 2600 1832 ipsum
2651 1768 2753 1819 aut
2800 1765 3134 1837 quempiam
3169 1768 3409 1822 Erasmo
3452 1768 3708 1824 similem

310 1846 604 1902 Pamelius
629 1847 737 1901 hac
770 1847 842 1901 de
873 1862 932 1901 re
949 1849 1210 1916 queritur
1230 1846 1289 1900 in
1312 1851 1534 1901 annott.
1552 1847 1620 1901 ad
1645 1845 1861 1901 librum
1887 1847 1958 1902 de
1984 1881 2032 1947 B
2066 1848 2277 1903 referre
2307 1850 2503 1921 potius
2525 1858 2842 1920 auctorem,
2869 1870 3044 1924 quam
3068 1855 3439 1925 Cyprianum.
3465 1857 3526 1911 In
3549 1874 3709 1912 eam-

310 1935 584 1991 Oratione
613 1935 936 2004 Dominica,
970 1937 1040 1990 ad
1071 1935 1245 1990 verba
1269 1935 1605 1991 :Excusatio
1636 1935 1742 1990 tibi
1771 1935 1950 2005 nulla,

304 2031 440 2091 etc.,
473 2041 603 2096 quae
632 2024 910 2095 leguntur
939 2025 1114 2080 etiam
1145 2025 1300 2096 apud
1333 2024 1578 2080 Caveum
1604 2042 1661 2096 p.
1694 2025 1812 2079 129.
1839 2029 1952 2079 Hu-

298 2115 396 2183 jus
427 2111 790 2184 exemplaria
820 2111 950 2167 coil.
977 2129 1027 2167 c.
1061 2129 1205 2168 mss.
1231 2113 1399 2168 codd.
1427 2114 1734 2169 exstabant
1762 2113 1821 2168 in
1854 2115 1952 2169 Ba-

300 2202 555 2256 luziana.

1041 2291 1200 2346 1541.

364 2380 470 2434 En.
508 2383 873 2434 PARISIENSIS
901 2378 992 2432 IV.
1026 2378 1233 2450 Paris.,
1269 2395 1363 2451 ap.
1423 2379 1636 2434 Oudin.
1691 2380 1948 2451 (Audoe-

297 2469 465 2530 num)
498 2467 768 2537 Parvum,
802 2467 958 2523 haud
991 2467 1166 2523 dubie
1197 2468 1255 2522 in
1299 2469 1344 2522 f0
1372 2469 1543 2533 (Bibl.
1599 2468 1765 2523 Barb.
1824 2473 1944 2523 Cat.

294 2557 384 2610 ed.
417 2555 723 2626 secunda).

1039 2644 1197 2698 1541.

361 2733 467 2788 Eo.
502 2736 868 2789 PARISIENSIS
896 2732 968 2800 V,
988 2737 1279 2788 Enasmca
1309 2733 1401 2788 IX.
1425 2733 1594 2794 Ibid.,
1630 2733 1941 2804 ap.Franc.

296 2821 776 2892 Reynault.in-f°.
795 2852 862 2864 —
891 2821 971 2876 Ex
1002 2823 1094 2878 ed.
1126 2827 1184 2877 et
1211 2839 1346 2877 cum
1369 2839 1506 2876 ann.
1533 2822 1775 2877 Erasmi.
1801 2821 1939 2893 (Cat.

297 2911 436 2965 Bibl.
471 2911 598 2982 Reg.
635 2927 692 2982 p.
725 2911 876 2982 365.)

1035 3000 1192 3054 1541.

361 3088 466 3143 Eo.
504 3087 885 3144 PARISIENSIB.
908 3088 1002 3144 Vl.
1033 3089 1203 3160 Apud
1233 3089 1534 3144 Nicolaum
1565 3087 1838 3161 Gulgant.
1859 3091 1942 3144 in-

297 3176 338 3229 ῐδ
361 3176 639 3246 (Ceillier,
674 3194 760 3247 ni,
789 3194 847 3250 p.
879 3178 1029 3250 218).

1035 3267 1190 3322 1541.

362 3353 467 3410 Eo.
502 3354 801 3411 ERASKICA
830 3354 896 3410 X.
927 3356 1197 3428 Antverp.
1223 3355 1393 3410 in-8°.
1427 3355 1769 3428 Cyprianus.
1794 3355 1936 3427 (Cat.

292 3442 434 3496 Bibl.
467 3443 602 3497 Mus.
637 3445 898 3500 Britann.
932 3445 1116 3500 Lond.
1155 3445 1290 3499 1787
1319 3444 1504 3516 in-i‘.)

1035 3533 1193 3588 1541.

364 3620 465 3674 Eo.
500 3620 790 3676 ERASMICA
845 3621 940 3676 XI.
1000 3621 1257 3691 Basileaa,
1291 3639 1360 3677 ex
1415 3623 1565 3677 offic.
1626 3621 1940 3694 Herwagii,

295 3706 574 3764 laudante
604 3709 890 3781 Nourryo.
1529 3721 1531 3723 ’

1037 3801 1196 3854 1542.

365 3887 468 3942 Eo.
503 3887 795 3944 Enasmcm
841 3887 960 3944 XII.
1010 3889 1359 3960 Antverpiae,
1393 3905 1514 3945 exc.
1546 3891 1632 3946 Jo.
1665 3889 1940 3946 Crinitus.

297 3975 357 4029 D.
390 3975 453 4029 C.
490 3974 658 4047 Cypr.
693 3976 795 4048 Ep.
829 3976 1026 4032 Carth.
1063 3981 1118 4032 et
1148 3977 1419 4050 Martyris
1474 3978 1678 4050 Opera,
1713 3980 1769 4033 in
1828 3980 1942 4034 duo

292 4067 486 4118 tomos
514 4064 719 4120 divisa.
755 4068 856 4120 Est
908 4064 1270 4122 Coloniensis
1301 4084 1396 4122 an.
1463 4068 1621 4133 1522,
1653 4067 1942 4123 indicibus

291 4157 490 4207 tamen
523 4151 884 4208 exilioribus.

1041 4244 1196 4298 1544.

362 4330 468 4384 Eo.
504 4330 798 4386 ERASMICA
825 4329 977 4396 XIII,
1009 4331 1181 4404 vulgo
1230 4331 1538 4388 GRAVIANA.
1572 4333 1844 4403 Colonia,
1876 4351 1946 4390 ex

292 4418 530 4472 officina
561 4423 680 4489 typ.
708 4419 856 4474 Petri
890 4419 1152 4486 Quentel,
1177 4437 1377 4475 mense
1407 4428 1675 4493 augusto.
1700 4423 1766 4478 D.
1799 4424 1943 4482 (ἔαξε.

292 4506 461 4577 Cypr.
497 4537 568 4546 ——
602 4507 899 4574 Universa,
922 4524 1047 4578 quae
1080 4508 1318 4579 quidem
1375 4515 1600 4565 exstare
1657 4512 1940 4582 sciuntur,

2063 1938 2195 1992 dem
2229 1941 2581 1996 sententiam
2629 1942 2733 1996 ivit
2781 1949 2982 2015 postea
3013 1942 3303 1999 Pamelius
3334 1944 3480 2000 alios
3527 1945 3705 2001 etiam

2061 2032 2452 2084 assentatores
2510 2035 2734 2087 nactus.
2787 2033 2954 2087 Errat
3008 2049 3140 2088 vero
3198 2033 3511 2104 Pamelius,
3562 2034 3705 2088 dum

2063 2121 2375 2189 utramque
2405 2119 2828 2176 Frobenianam
2877 2121 3034 2177 hunc
3065 2122 3280 2177 librum
3331 2123 3586 2194 proferre
3615 2123 3705 2177 in-

2060 2206 2208 2275 quit,
2239 2207 2554 2277 siquidem,
2588 2217 2653 2264 ut
2682 2226 2788 2264 suo
2820 2209 2942 2265 loco
2976 2211 3276 2282 professus
3305 2214 3412 2280 est,
3437 2226 3706 2266 versave-

2061 2294 2135 2348 rit
2163 2293 2446 2350 editiones
2478 2313 2572 2351 an.
2610 2297 2748 2351 1520
2778 2302 2835 2352 et
2860 2298 3000 2352 4525
3040 2298 3207 2369 (3)....
3246 2297 3477 2354 Baluzio
3508 2303 3706 2355 aucto-

2059 2399 2139 2448 re,
2175 2400 2286 2438 non
2327 2383 2453 2455 ipse
2485 2385 2732 2440 Gravius
2782 2385 2930 2440 hanc
2981 2387 3072 2440 ed.
3106 2387 3346 2453 curavit,
3381 2387 3481 2442 sed
3530 2385 3702 2456 alius,

2057 2471 2158 2540 qui
2190 2472 2504 2542 exemplari
2549 2473 2723 2544 edito,
2757 2473 3105 2544 conjecturis
3155 2479 3211 2529 et
3239 2475 3414 2530 variis
3443 2474 3704 2530 lectioni-

2056 2559 2167 2614 bus
2198 2576 2265 2614 ex
2292 2561 2456 2615 codd.
2497 2578 2638 2616 mss.
2675 2579 2707 2615 a
2736 2561 2927 2618 Gravii
2983 2579 3158 2616 manu
3193 2567 3391 2618 notato
3424 2567 3701 2619 uteretur.

2055 2649 2215 2713 Quod
2269 2666 2336 2704 ex
2385 2650 2564 2704 totius
2612 2648 2885 2706 editionis
2937 2651 3315 2708 adornatione
3356 2651 3702 2708 concludere

2055 2736 2198 2790 mihi
2232 2737 2317 2791 vir
2347 2737 2765 2808 sagacissimus
2787 2739 2948 2793 visus
2979 2743 3067 2794 est
3100 2755 3229 2810 qua:
3257 2755 3399 2795 sane
3432 2739 3569 2796 huic
3599 2756 3700 2796 su-

2052 2825 2298 2897 spicioni
2332 2827 2500 2883 favet.

2795 2917 2952 2972 1544.

2123 3004 2218 3053 En.
2257 3001 2546 3056 ERASMICA
2565 3001 2702 3066 XIV,
2727 3001 3024 3057 Gmmm
3043 3002 3108 3056 II.
3131 3001 3387 3067 Basileae,
3420 3001 3478 3057 in
3502 3002 3695 3067 Quen-

2051 3087 2263 3143 teliana
2309 3089 2543 3144 officina
2592 3091 2821 3144 Henrici
2870 3090 3026 3146 edita
3057 3091 3292 3146 fuerunt
3335 3091 3540 3147 eadem
3588 3092 3696 3164 Cy-

2051 3176 2239 3248 priani
2282 3194 2476 3249 opera,
2509 3179 2791 3235 referente
2838 3179 2903 3234 D.
2939 3180 3200 3253 Nourryo
3229 3184 3428 3236 nostro
3477 3185 3534 3236 et
3563 3184 3696 3254 post

1969 3239 2014 3308 θ
2052 3239 2189 3322 eum
2221 3239 2492 3339 Lumper.

2790 3358 2946 3412 1544.

2124 3449 2222 3499 En.
2249 3445 2659 3501 LUGDUNENSIS
2679 3449 2772 3500 1V.
2797 3445 3078 3517 Lugduni,
3103 3447 3257 3518 apud
3287 3447 3502 3519 Gryph.
3530 3447 3698 3517 in-8°,

2049 3537 2086 3588 2
2115 3533 2249 3590 voll.
2286 3534 2423 3589 Vide
2453 3527 2803 3606 superiores.

2803 3625 2956 3678 1546.

2125 3711 2223 3766 En.
2260 3715 2488 3766 VENE’I‘A
2520 3713 2588 3767 II.
2621 3711 2846 3778 Venet.,
2871 3713 3038 3768 in-4°.
3061 3712 3332 3786 Cypriani
3354 3713 3699 3772 Exorcismi.

2053 3801 2261 3873 (Barb).

2796 3891 2952 3946 1547.

2126 3978 2228 4034 En.
2265 3979 2483 4034 VENE'I‘A
2534 3979 2626 4034 ΙῐῙ.
2663 3979 2882 4048 Venet.,
2934 3980 3004 4034 ad
3055 3980 3290 4052 signum
3335 3981 3490 4053 Spei,
3549 3980 3702 4035 in-8°

2055 4066 2247 4138 (Fabr.
2281 4066 2474 4135 teste).
2506 4067 2691 4138 Opera
2722 4068 2966 4136 adjectis
3011 4069 3276 4136 eiusdem
3324 4067 3698 4125 Carminibus

2054 4155 2124 4210 de
2154 4155 2336 4210 Cruce
2370 4155 2796 4227 Redemptoris.
2829 4155 2968 4227 (Cat.
3002 4157 3149 4212 Bibl.
3181 4157 3359 4228 Chig.)

2801 4245 2958 4299 1549.

2125 4332 2226 4387 En.
2264 4333 2558 4388 ERASMICA
2587 4332 2697 4399 XV,
2730 4332 3022 4388 GRAVIANA
3071 4332 3168 4388 ΙΙΙ.
3201 4332 3442 4388 Coloniae
3481 4331 3697 4404 (in-fol.

2056 4427 2240 4492 puto),
2272 4438 2340 4476 ex
2370 4423 2557 4491 ejusd.
2593 4421 2783 4476 Gravii
2816 4422 3168 4476 recensione.
3204 4419 3462 4476 Fabricio
3492 4425 3660 4477 teste.

2792 4511 2948 4564 1549.

292 4612 474 4666 opera
507 4597 674 4663 :jam
707 4596 1022 4652 novissime
1049 4612 1117 4652 ex
1145 4597 1527 4669 castigatione
1561 4602 1687 4655 Des.
1722 4602 1945 4657 Erasmi
1973 4606 2023 4671 Β
2127 4601 2225 4654 En.
2263 4599 2483 4652 ERASM.
2539 4598 2686 4651 XVI.
2740 4597 2992 4666 Basileaz,
3025 4599 3179 4668 apud
3231 4597 3500 4670 Froben.,
3531 4599 3697 4655 testi-

292 4683 571 4739 Roterod.
589 4683 926 4756 diligentius
947 4684 1130 4740 multo
1152 4702 1329 4756 quam
1353 4687 1636 4742 hactenus
1659 4705 1939 4760 unquam,

289 4770 723 4842 exemplarium
775 4772 1311 4844 manuscriptorum
1347 4776 1611 4832 subsidio
1651 4795 1680 4831 a
1714 4779 1943 4833 mendis

288 4859 608 4914 vindicata.
641 4859 787 4915 Cum
818 4861 1150 4915 accessione
1183 4862 1361 4917 libelli
1393 4863 1676 4936 Cypriano
1734 4866 1939 4922 inscri-

287 4948 626 5018 pti,eruditi
661 4949 979 5004 admodum
1012 4966 1077 5003 ac
1107 4950 1296 5022 pii,de
1317 4953 1587 5024 Martyrio
1610 4955 1846 5025 duplici,
1868 4958 1938 5011 ad

290 5037 703 5091 Fortunatam.
735 5039 1124 5093 Accesserunt
1154 5043 1209 5093 et
1256 5042 1660 5098 annotationes
1694 5044 1936 5110 Erasmi,

289 5142 403 5179 non
440 5125 676 5196 quidem
737 5143 924 5181 unum
973 5126 1034 5181 in
1093 5126 1307 5192 locum,
1343 5131 1730 5202 praecipitatae,
1766 5134 1940 5188 sicuti

286 5215 602 5284 hucusque
635 5215 854 5269 factum
886 5219 977 5270 est
1003 5231 1015 5270 :
1039 5217 1140 5271 sed
1173 5217 1296 5272 suis
1321 5235 1565 5289 quaeque
1591 5220 1732 5275 locis
1753 5222 1938 5277 diver-

288 5319 354 5356 sa
365 5303 434 5357 ch
445 5307 772 5357 aracterum
791 5304 984 5374 specie
999 5321 1153 5359 nunc
1168 5305 1252 5375 pri
1264 5323 1420 5360 mum
1447 5307 1676 5363 insertaa
1697 5325 1708 5362 :
1725 5310 1938 5380 partim

287 5397 354 5445 ut
411 5391 595 5445 lector
639 5391 934 5462 quaerendi
995 5392 1163 5448 taedio
1214 5393 1521 5465 levaretur,
1581 5399 1813 5469 partim,
1878 5405 1940 5454 ut

286 5480 663 5535 commodius
690 5485 746 5534 et
777 5481 1030 5549 acutius,
1046 5482 1186 5552 quid
1205 5483 1315 5538 sibi
1340 5483 1522 5540 velint
1544 5487 1864 5557 Cyprianus
1883 5495 1937 5544 et

361 5605 439 5669 (3)
471 5603 587 5658 Nec
615 5604 675 5658 in
706 5604 960 5660 editione
989 5605 1348 5661 Frobeniana
1383 5609 1539 5673 1521,
1592 5625 1696 5664 nec
1755 5611 1815 5664 in
1873 5628 1939 5666 ea

292 5675 432 5728 1525
465 5691 642 5745 quam
673 5681 988 5749 utramque
1021 5683 1218 5748 utpote
1248 5679 1308 5732 in
1344 5679 1693 5735 bibliotheca
1740 5687 1940 5737 nostra

2052 4689 2163 4743 bus
2199 4687 2468 4758 Dupinio,
2501 4686 2784 4756 Nourryo,
2815 4685 3096 4742 Ceillierio
3129 4692 3186 4742 et
3208 4693 3478 4760 Lumper.

2790 4776 2943 4829 1549.

2122 4865 2220 4920 En.
2255 4866 2664 4920 LUGDUNENSIB
2709 4864 2775 4917 V.
2832 4865 3004 4931 In-8°,
3057 4865 3445 4921 referentibus
3487 4865 3696 4921 iisdem

2048 4955 2318 5010 testibus.

2788 5043 2944 5096 1550.

2121 5134 2221 5187 En.
2257 5137 2550 5186 ERASMICA
2591 5128 2760 5184 XVII.
2813 5129 3074 5200 Basileae,
3106 5130 3261 5201 apud
3291 5129 3688 5200 Herwagium,

2046 5224 2194 5276 teste
2223 5220 2502 5289 Nourryo.

2783 5307 2940 5360 1550.

2117 5399 2216 5452 En.
2253 5396 2659 5450 LUGDUNENSIS
2690 5394 2778 5458 VI,
2806 5395 2979 5464 in-S‘,
3005 5393 3157 5466 apud
3189 5393 3509 5465 Gryphum,
3543 5397 3691 5450 teste

2048 5485 2298 5558 Dupinio
2323 5490 2380 5539 et
2409 5481 2717 5539 Ceillierio.

2047 5616 2394 5679 exstantem,
2428 5609 2737 5680 diligenter
2764 5606 2967 5672 evolvi,
3000 5605 3276 5664 laudatus
3302 5612 3584 5666 tractatus
3616 5609 3688 5666 de

2049 5683 2266 5755 duplici
2303 5680 2574 5754 Martyrio
2608 5680 2874 5736 habetur.
2913 5684 3170 5736 LUMPER.
