4074 6194
355 395 522 446 LXXV

1115 518 1270 572 1553.

438 606 614 660 Versio
645 605 974 662 Germanica
1006 606 1078 671 II,
1101 623 1133 659 a
1163 605 1366 660 Melch.
1398 604 1715 664 Ambachio
1737 604 1796 658 in
1817 603 2006 657 lucem

357 693 605 767 prolata,
637 695 746 749 sub
796 694 904 748 hoc
933 693 1103 747 titulo
1155 709 1167 748 :
1214 693 1271 747 S.
1324 693 1532 747 Czecilii
1583 692 1874 765 Cypriani,
1909 693 2010 746 des

359 783 514 839 alten
570 781 803 837 Christl.
863 782 1108 839 Lebrers
1158 799 1216 836 u.
1280 781 1546 836 Bischofs
1599 781 1904 851 Predigten
1948 797 2008 835 u.

356 871 648 928 Schriften
680 870 788 924 mit
813 869 1186 925 Summarien
1238 888 1296 924 u.
1333 870 1734 941 Erklarungen
1768 869 2012 924 etlicher

355 958 607 1014 dnnkler
653 957 915 1029 Sprucbe
968 976 1025 1012 u.
1065 961 1310 1023 Worter,
1343 959 1517 1013 deren
1574 959 1632 1014 S.
1686 957 2010 1030 Cyprianus

353 1046 691 1119 gebraucht,
752 1063 861 1102 aus
912 1047 971 1101 S.
1033 1046 1300 1118 Cypriani
1365 1045 1550 1101 selbst
1632 1063 1688 1101 u.
1751 1047 2012 1101 Anderer

353 1133 593 1190 Christl.
629 1135 843 1189 Lehrer
892 1135 1141 1190 Scriften
1193 1135 1520 1190 erlaeutert.
1554 1134 1878 1205 Zeugniiss,
1914 1151 2008 1189 ur-

353 1221 496 1277 theil
529 1239 586 1277 u.
622 1223 736 1278 Lob
781 1224 883 1277 der
935 1223 1312 1278 furnemstem
1370 1222 1583 1276 Lehrer
1633 1240 1764 1278 vom
1800 1224 2008 1287 Leben,

360 1311 538 1366 Lehre
585 1329 644 1367 u.
698 1311 888 1367 leiden
939 1313 995 1366 S.
1048 1312 1255 1366 Caecilii
1309 1311 1598 1383 Cypriani,
1647 1312 1908 1367 Norimb.
1940 1344 2010 1354 —

358 1397 485 1453 Non
517 1397 714 1454 omnia
743 1398 961 1469 scripta
991 1397 1332 1453 Germanice
1360 1398 1730 1453 exhibentur.

1111 1514 1269 1570 1554.

428 1621 530 1677 En.
565 1621 966 1677 LUGDUNENSIS
996 1621 1120 1676 VII.
1153 1621 1446 1694 Lugduni,
1483 1621 1636 1692 apud
1677 1620 1999 1693 Gryphum,

357 1709 535 1778 ἰῑι-8ο,
568 1714 716 1766 teste
747 1709 1009 1765 Marano.

1109 1797 1267 1852 1556.

424 1887 528 1941 Eo.
581 1886 984 1942 Leonum-mus
1032 1847 1483 1953 VIIIfI'bidem,
1537 1886 1709 1957 ill-8°,
1758 1887 2008 1945 testibus
2035 1879 2085 1944 B
2435 1847 3347 1957 ῗίῖῗίλξίέξῗ,ζ³θ,ἓέῗῗξῇίίφίῖς

353 1973 617 2048 Nourryo
647 1979 705 2031 et
732 1974 1042 2032 Ceillierio.

1098 2083 1258 2139 1557.

421 2170 480 2226 S.
513 2170 807 2243 Cypriani,
837 2169 986 2226 liber
1026 2171 1097 2226 de
1133 2171 1363 2228 Unitate
1394 2171 1685 2239 Ecclesiae,
1715 2189 1850 2227 cum
1901 2190 2002 2229 an-

350 2258 771 2323 notationibus,
803 2257 1008 2315 itidem
1041 2276 1180 2314 cum
1214 2261 1524 2332 Augustini
1558 2262 1708 2316 libro
1738 2263 2002 2331 ejusdem

351 2347 711 2418 argumenti,
767 2349 1073 2418 praemissa
1130 2348 1196 2404 G.
1258 2348 1469 2404 Calixti
1547 2350 2001 2412 introductione,

349 2436 622 2504 Helmst.,
652 2437 827 2492 in-80.

1095 2527 1254 2582 1558.

424 2633 530 2687 En.
561 2631 859 2687 ERASMICA
887 2633 1078 2688 XVIII.
1121 2633 1380 2699 Basileze,
1413 2635 1564 2704 apud
1600 2633 1998 2705 Herwagium,

353 2720 574 2792 in-fol.,
607 2736 677 2776 ex
705 2721 796 2776 ed.
847 2725 905 2775 et
934 2723 1413 2777 annotationibus
1463 2723 1529 2776 D.
1564 2724 1809 2777 Erasmi.
1844 2723 2003 2778 Hanc

353 2809 600 2865 laudant
633 2810 942 2881 Dupinius,
974 2811 1302 2866 Ceillierius
1333 2816 1389 2865 et
1420 2811 1716 2866 Maranus.

1130 2927 1255 2980 560.

1097 2927 1255 2981 4560.

428 3014 632 3084 Paris.,
664 3015 847 3071 forma
879 3032 994 3070 non
1027 3015 1372 3088 signiﬁcata.
1399 3015 1672 3072 Carmina
1692 3017 1763 3070 de
1793 3017 2001 3072 Genesi

357 3107 413 3162 et
443 3103 698 3160 Sodoma
725 3105 958 3176 (Bm-1).).

1100 3195 1258 3250 1563.

429 3299 529 3354 Eo.
554 3299 1184 3364 MANUTIANA,ROMANA
1200 3300 1267 3354 II.
1283 3301 1497 3371 Romae,
1513 3303 1667 3373 apud
1690 3302 1852 3356 Paul.
1882 3301 2002 3356 Ma-

362 3388 596 3445 nutium
624 3387 756 3444 Aldi
791 3389 848 3445 F.
880 3388 1035 3442 in-Ib.
1069 3389 1137 3444 D.
1170 3389 1229 3444 C.
1264 3391 1324 3445 C.
1373 3391 1476 3462 Ep.
1509 3390 1567 3444 C.
1606 3395 1662 3446 et
1703 3390 2003 3462 gloriosis-

357 3477 492 3533 simi
524 3477 796 3548 martyris
824 3477 1029 3548 Opera,
1047 3479 1116 3532 ad
1141 3479 1442 3535 veritatem
1470 3480 2002 3535 vetustissimorum

355 3563 778 3636 exemplarium
811 3581 1046 3625 summa
1093 3566 1203 3621 ﬁde
1233 3569 1564 3636 emendata,
1596 3569 1793 3623 addito
1823 3568 2002 3622 etiam

359 3653 564 3726 quinto
616 3653 995 3724 epistolarum
1044 3654 1213 3721 libro,
1265 3661 1435 3710 antea
1479 3673 1780 3728 nunquam
1827 3658 2002 3712 edito.

351 3741 483 3796 Alia
514 3740 701 3796 eidem
757 3741 1042 3813 Cypriano
1089 3743 1360 3813 ascripta.
1394 3745 1538 3798 Cum
1591 3746 1778 3800 indice
1811 3762 1999 3801 rerum

353 3845 419 3883 ac
475 3828 788 3884 verborum
849 3829 1320 3884 memorabilium
1392 3832 1644 3886 maxima
1701 3833 2004 3904 diligentia

353 3916 615 3974 collecto.

423 4005 736 4062 Recensuit
768 4005 1005 4062 Latinus
1058 4007 1334 4076 Latinius,
1369 4009 1629 4064 adhibito
1676 4012 2002 4068 vetustissi-

351 4110 446 4149 mo
493 4094 688 4149 codice
738 4110 806 4148 ex
863 4094 1174 4149 Veronensi
1238 4095 1586 4153 bibliotheca
1643 4100 1902 4165 advecto,
1938 4119 2003 4156 ac

349 4181 566 4238 litteris
597 4181 964 4253 capitalibus,
994 4188 1127 4239 ante
1158 4200 1342 4239 annos
1375 4185 1532 4240 mille
1564 4193 1817 4248 exarato.
1848 4190 2005 4244 aliis-

351 4287 466 4343 que
497 4288 640 4327 mss.
675 4269 1126 4341 exemplaribus,
1161 4273 1231 4326 de
1264 4274 1478 4343 quibus
1523 4274 1774 4346 singulis
1805 4281 2001 4332 tamen

353 4359 648 4441 afﬁrmare
680 4375 795 4414 non
826 4359 1042 4424 ausim,
1079 4360 1148 4414 ad
1189 4377 1426 4415 manum
1463 4362 1694 4432 iuerint,
1728 4363 1785 4418 in
1820 4365 2004 4436 prima

352 4447 463 4501 hac
494 4448 850 4515 recensione,
900 4464 1101 4503 necne.
1153 4449 1438 4505 Dominic.
1492 4458 1717 4507 Macrus
1770 4454 1827 4507 in
1877 4455 2003 4508 Vita

355 4533 484 4601 ejus
517 4551 530 4588 :
565 4556 593 4582 «
627 4534 849 4601 Multis,
881 4535 1093 4608 inquit,
1127 4537 1342 4609 vigiliis
1375 4557 1439 4594 ac
1486 4539 1787 4596 laboribus
1827 4559 1999 4613 quam

353 4619 608 4692 plurima
645 4617 954 4693 collegerat
998 4625 1068 4678 ad
1122 4617 1470 4680 illustranda
1501 4627 1625 4682 loca
1678 4629 1874 4700 aliqua
1904 4631 2001 4685 ob-

353 4707 635 4762 scuriora.
666 4707 972 4762 Paraverat
1003 4712 1173 4764 etiam
1229 4715 1513 4782 quasdam
1547 4719 1997 4772 annotatiuncu-

355 4793 465 4864 las,
499 4793 559 4848 in
591 4794 826 4865 quibus,
857 4801 987 4866 post
1017 4798 1208 4852 varias
1239 4800 1504 4855 codicum
1537 4802 1816 4859 lectiones
1849 4805 1997 4860 indi-

354 4886 723 4952 catas,quam
747 4882 871 4953 ipse
890 4885 1138 4940 maxime
1156 4891 1310 4940 esset
1331 4894 1585 4958 secutus,
1602 4891 1995 4960 signiﬁcabat;

355 4971 592 5027 additus
623 4972 799 5026 etiam
823 4973 894 5027 ab
925 4991 989 5028 eo
1009 4974 1118 5029 fuit
1148 4975 1411 5030 sincerus
1427 4977 1805 5048 epistolarum
1830 4980 1994 5047 liber,

355 5059 543 5115 multa
571 5060 824 5131 denique
853 5077 1089 5116 summa
1136 5063 1248 5118 ﬁde
1278 5062 1551 5118 restituta
1583 5065 1830 5122 fuerant.
1864 5068 1996 5138 Sed,

354 5148 490 5216 quia
519 5152 721 5204 contra
768 5148 1118 5220 scriptorum
1167 5151 1435 5205 codicum
1469 5153 1664 5216 ﬁdem,
1717 5154 1999 5211 nonnulla

353 5241 596 5301 retenta,
645 5237 843 5310 aliqua
891 5239 1106 5304 addita,
1151 5257 1326 5309 quam
1386 5239 1640 5311 plurima
1688 5242 1998 5300 immutata

353 5325 680 5394 (operarum
731 5327 906 5382 etiam
957 5327 1202 5398 incuria)
1253 5329 1683 5397 considerabat,
1737 5348 1849 5385 non
1909 5339 1995 5387 est

352 5428 565 5482 passus
597 5429 806 5469 nomen
826 5431 998 5469 suum
1021 5433 1054 5469 a
1074 5415 1330 5470 Manutio
1355 5414 1474 5470 ullo
1509 5419 1675 5472 modo
1697 5419 1754 5472 in
1779 5420 1868 5474 ed.
1892 5421 1992 5475 ad-

422 5606 498 5677 (4)
529 5609 716 5678 Hujus
749 5610 1052 5666 rarissima
1091 5627 1218 5666 esse
1248 5611 1512 5682 exempla
1542 5629 1684 5667 mss.
1719 5612 1991 5672 Baluzius

348 5684 564 5747 monet,
598 5695 701 5735 nec
733 5697 939 5752 parum
991 5682 1271 5752 gloriatur
1319 5683 1432 5737 duo
1478 5684 1586 5736 sibi
1641 5685 1991 5755 exunpluria

1859 381 2274 442 PREFA'I‘IO

2041 515 2094 580 Α
2127 515 2322 578 scribi,
2358 531 2428 569 ne
2455 516 2628 570 ﬁdem
2651 532 2819 570 suam
2842 512 2928 570 vel
2950 513 3244 569 levissime
3271 511 3615 568 inﬁrmaret.
3642 534 3669 561 »
3700 545 3766 552 —

3586 396 3765 440 LXXVI

2120 603 2430 658 Recensuit
2452 605 2659 659 deinde
2682 605 2937 660 secunda
2949 602 3068 658 vice
3090 603 3160 656 ad
3187 601 3327 656 edit.
3347 600 3761 655 Pamelianam:

2120 707 2250 761 quae
2279 692 2406 762 ejus
2437 709 2592 748 curae
2621 695 2678 747 in
2712 691 2858 748 Bibl.
2892 694 3063 747 Sacra
3092 695 3150 746 et
3179 691 3332 757 Prof,
3369 707 3464 761 pp.
3503 691 3600 745 194
3634 707 3761 761 sqq.

2119 779 2486 849 exhibentur,
2521 782 2581 836 in
2635 782 2850 854 quibus
2899 781 3046 836 satis
3073 780 3146 835 de
3192 779 3452 834 Manutio
3483 779 3761 848 queritur,

2120 867 2410 939 simulque
2433 886 2580 942 aegre
2599 871 2709 925 fert
2734 871 2989 926 Manutio
3009 869 3190 940 hujus
3211 868 3486 924 editionis
3509 868 3710 922 laudes
3732 884 3764 921 a

2121 956 2376 1013 Pamelio
2423 959 2696 1014 tributae.
2731 960 2914 1014 Habet
2961 959 3083 1014 haec
3112 959 3203 1013 ed.
3233 957 3450 1018 iomnia
3481 973 3608 1027 quae
3639 955 3760 1010 vul-

2121 1051 2256 1118 gata
2303 1051 2468 1101 erant
2515 1048 2572 1101 in
2627 1048 2984 1103 Erasmianis
3029 1051 3087 1102 et
3135 1046 3332 1102 Gravii
3384 1046 3515 1100 edd.
3563 1050 3764 1116 praeter

2123 1133 2444 1190 Firmiliani
2477 1137 2548 1190 ad
2580 1136 2931 1207 Cyprianum
2964 1135 3272 1207 epistolam
3319 1140 3519 1190 contra
3549 1135 3760 1206 episto-

2120 1221 2236 1276 lam
2269 1224 2546 1294 Stephani
2581 1243 2738 1298 papa:
2773 1226 2831 1280 in
2866 1224 3078 1280 Pamel.
3111 1229 3169 1278 et
3195 1223 3298 1279 Ox.
3334 1241 3391 1278 n.
3425 1225 3512 1290 75,
3549 1224 3619 1277 de
3651 1240 3761 1294 quo

2121 1312 2362 1366 Latinus
2398 1313 2652 1368 Latinius
2703 1315 2759 1368 in
2809 1313 2954 1368 Bibl.
2990 1331 3047 1384 p.
3084 1313 3206 1383 177,
3239 1316 3440 1367 contra
3489 1318 3762 1366 annotata

2121 1399 2456 1456 Pameliana
2487 1419 2500 1457 :
2535 1425 2562 1452 «
2599 1404 2717 1475 Ego
2751 1402 2991 1457 Latinus
3023 1401 3216 1472 omisi,
3250 1401 3462 1471 inquit,
3498 1418 3612 1455 non
3643 1401 3761 1455 Ma-

2120 1489 2343 1560 nutius,
2367 1507 2502 1546 cum
2527 1493 2816 1563 majorum
2840 1490 3105 1562 exempla
3129 1495 3391 1555 secutus,
3413 1493 3540 1544 tum
3573 1489 3763 1545 homi-

2119 1575 2212 1632 nis
2234 1579 2617 1649 petulantiam
2640 1581 2982 1637 detestatus.
2999 1599 3032 1632 ι
3045 1579 3303 1635 Accessit
3315 1584 3509 1635 autem
3532 1579 3603 1634 de
3619 1596 3762 1635 novo

2118 1669 2572 1744 praeterrlibrum
2601 1687 2639 1724 v
2667 1669 3072 1741 epistolarum,
3104 1669 3206 1740 qui
3235 1685 3310 1724 xv
3339 1673 3590 1738 constat,
3618 1669 3764 1724 inter

2115 1761 2218 1816 illa
2274 1776 2399 1831 quae
2457 1759 2666 1814 ascribi
2723 1759 3008 1832 Cypriane
3063 1758 3270 1824 solent,
3321 1757 3511 1812 dubiae
3566 1762 3761 1813 tamen

3353 1847 3426 1918 4),
3474 1851 3601 1902 tum
3632 1846 3763 1902 Vita

2116 1937 2388 2011 Cypriani
2434 1953 2536 2008 per
2583 1936 2855 1992 Pontium
2906 1936 3256 2007 conscripta,
3290 1952 3408 1990 una
3452 1951 3586 1991 cum
3616 1936 3760 1990 Actu

2116 2025 2430 2100 passionis,
2464 2027 2633 2097 cujus
2663 2025 2789 2098 ipse
2819 2025 3061 2081 Pontius
3092 2024 3361 2080 meminit
3398 2028 3456 2079 et
3486 2023 3760 2080 Passione

2113 2119 2305 2189 Cypr.,
2338 2132 2465 2187 qua:
2515 2114 2574 2169 in
2624 2113 3029 2186 superioribus
3074 2115 3207 2172 edd.
3259 2113 3524 2169 exstabat
3574 2117 3632 2168 et
3667 2112 3762 2168 hic

2116 2204 2294 2260 Paulo
2312 2204 2554 2259 diacono
2571 2201 2868 2258 tribuitur.
2891 2205 3055 2270 Quod
3080 2205 3151 2259 ad
3176 2202 3444 2259 habitum
3468 2202 3648 2272 hujus
3667 2202 3758 2257 ed.

2113 2299 2418 2348 externum
2467 2297 2712 2363 spectat,
2773 2293 2968 2348 nescio
3028 2310 3101 2348 an
3152 2291 3520 2364 splendidam
3568 2289 3761 2362 potius

2115 2398 2291 2453 quam
2324 2381 2566 2436 nitidam
2612 2381 2802 2436 dicere
2831 2381 3044 2437 debeas
3071 2400 3086 2449 ;
3140 2381 3192 2436 is
3217 2385 3370 2436 certe
3400 2385 3672 2452 typorum
3702 2379 3758 2434 in

2112 2469 2356 2540 epistola
2387 2469 2742 2524 dedicatoria
2775 2471 2843 2523 ad
2897 2469 3121 2524 cardiu.
3154 2474 3533 2524 Borromeum
3566 2499 3636 2508 —-—
3665 2470 3761 2522 ad-

2113 2558 2431 2613 bibitorum
2463 2563 2552 2612 est
2585 2558 2770 2612 honos
2800 2551 3048 2632 ἀκρίϐεια
3083 2563 3148 2612 ut
3193 2557 3281 2613 vel
3330 2557 3605 2626 summis,
3640 2558 3762 2629 qui-

2114 2647 2224 2701 bus
2257 2647 2428 2700 hodie
2480 2645 2645 2700 Italia
2694 2645 2996 2717 gloriatur,
3030 2647 3376 2702 contendere
3429 2646 3621 2716 possis
3653 2646 3758 2701 bu-

2104 2736 2206 2806 jus
2238 2736 2379 2790 artis
2423 2735 2867 2801 monumentis;
2917 2751 3022 2789 nec
3071 2734 3278 2806 reliqui
3326 2739 3540 2800 textus,
3574 2734 3760 2790 minor

2113 2824 2263 2891 licet,
2299 2822 2485 2877 multo
2534 2822 2774 2876 inferior
2804 2826 2891 2877 est
2931 2823 3252 2879 character.
3288 2824 3351 2878 In
3401 2821 3543 2878 bibl.
3582 2825 3752 2878 Acad.

2112 2911 2410 2984 exemplar
2455 2928 2586 2966 cum
2647 2911 2953 2967 collatione
3003 2913 3172 2967 codd.
3217 2913 3349 2967 Ver.
3401 2913 3523 2968 Vat.
3577 2913 3754 2967 Bene-

2111 3006 2290 3072 vent.,
2313 3007 2444 3062 etc.,
2481 3005 2668 3055 exstat
2699 3001 2868 3070 cujus
2897 2999 3034 3055 olim
3062 3018 3367 3072 possessor
3398 3002 3507 3055 fuit
3536 3001 3752 3072 Joseph

2109 3091 2320 3158 Smith,
2355 3089 2560 3144 consul
2612 3089 2924 3144 Britannus
2972 3090 3127 3161 apud
3183 3090 3448 3146 Venetos.
3497 3091 3558 3144 In
3607 3088 3748 3143 bibl.

2113 3179 2309 3234 Baluz.
2344 3179 2523 3249 hujus
2556 3177 2822 3248 exempla
2850 3179 2964 3232 duo
2995 3195 3132 3234 cum
3163 3195 3305 3234 mss.
3333 3177 3544 3233 collata
3572 3182 3756 3232 exsta-

2033 3245 2076 3310 (ἶ
2115 3270 2274 3322 bant.

2853 3355 3011 3410 1564.

2186 3446 2286 3500 En.
2347 3445 2738 3510 MORELLIANA,
2799 3443 3102 3499 PARIENSIS
3157 3444 3223 3498 V.
3286 3444 3541 3513 Parisiis,
3607 3447 3758 3516 apud

2115 3534 2269 3590 Guil.
2338 3533 2600 3596 Desbois,
2653 3532 2802 3586 in-f°.
2863 3563 2934 3574 —-
2988 3537 3172 3604 Opera
3228 3533 3447 3599 omnia,
3499 3539 3762 3589 veterum

2113 3619 2536 3691 exemplarium
2569 3619 2873 3674 collatione
2915 3624 3244 3692 repurgata,
3278 3619 3454 3675 editio
3507 3626 3679 3677 aucta
3708 3629 3765 3676 et

2114 3710 2618 3765 observationibus
2651 3707 2960 3776 illustrata,
2995 3708 3296 3779 diligentia
3325 3714 3381 3764 et
3410 3708 3608 3764 labore
3628 3710 3762 3764 Gui-

2114 3797 2230 3853 liel.
2266 3796 2530 3853 Morellii.
2565 3797 2844 3851 Przefatus
2892 3801 2980 3850 est
3009 3796 3183 3851 Hadr.
3216 3797 3547 3864 Turnebus,
3591 3799 3759 3853 resti~

2114 3894 2242 3941 tuta
2270 3904 2361 3958 ep.
2411 3885 2752 3948 Firmiliani,
2787 3885 2922 3940 add.
2973 3901 3064 3955 ep.
3097 3902 3155 3939 1v
3202 3885 3307 3941 int.
3342 3886 3558 3940 Pamel.
3601 3891 3757 3941 Prae-

2113 3981 2270 4030 terea
2309 3989 2604 4029 accessere
2651 3973 2903 4043 ascripta
2933 3972 3218 4045 Cypriano
3252 3990 3264 4028 :
3299 3975 3448 4030 liber
3477 3975 3548 4028 de
3592 3974 3757 4029 Alea-

2114 4065 2361 4128 toribus,
2393 4078 2567 4133 quem
2599 4061 2869 4132 Cypriani
2899 4077 3028 4116 esse
3056 4061 3146 4116 vix
3170 4062 3405 4118 dubitat
3434 4064 3757 4130 Pamelius;

2113 4153 2383 4207 Carmina
2416 4169 2427 4205 :
2462 4151 2725 4218 Genesis,
2754 4151 3028 4217 Sodoma,
3051 4151 3121 4204 ad
3155 4151 3512 4216 Senatorem,
3546 4154 3616 4206 de
3647 4152 3758 4207 Pa-

2112 4241 2251 4295 scha
2297 4239 2543 4294 Domini.
2577 4268 2646 4280 ——-
2699 4240 2783 4292 Ad
2819 4238 3099 4310 Vigilium
3147 4239 3291 4295 Celsi
3323 4239 3382 4294 in
3432 4240 3759 4295 altercatio-

2114 4344 2245 4382 nem
2276 4328 2511 4381 Jasonis
2543 4331 2601 4381 et
2631 4325 2859 4397 Papisci
2906 4326 3186 4398 praefatio.
3221 4359 3289 4369 --
3336 4328 3626 4383 Adversus
3654 4327 3757 4382 Ju-

2109 4417 2286 4482 daos,
2319 4415 2418 4486 qui
2450 4415 2695 4469 insecuti
2728 4419 2869 4469 sunt
2899 4414 3218 4470 Christum.
3251 4447 3321 4456 —-
3349 4417 3423 4472 De
3452 4416 3758 4471 duodecim

2112 4501 2512 4556 Abusionibus
2542 4502 2757 4556 seaculi.
2790 4533 2860 4542 ——
2891 4502 3204 4575 Dispositio
3243 4521 3436 4560 coenae.
3469 4536 3537 4544 ——
3569 4505 3760 4575 Hujus

2032 4612 2076 4675 ι)
2108 4592 2199 4646 ed.
2234 4594 2456 4661 septem
2487 4591 2840 4661 exemplaria
2868 4607 2918 4646 c.
2977 4609 3122 4647 mss.
3155 4594 3323 4648 codd.
3358 4593 3490 4649 coll.
3527 4593 3584 4647 in
3616 4594 3755 4649 bibl.

2109 4679 2418 4733 Baluziana
2447 4679 2833 4734 habebantur.

2848 4787 3004 4843 1564.

2179 4873 2297 4928 Soli
2357 4879 2636 4929 tractatus
2692 4874 3039 4947 Cyprianici,
3099 4880 3233 4947 post
3289 4877 3497 4932 Leonis
3556 4879 3754 4953 Magni

2107 4978 2301 5032 opera,
2337 4962 2592 5028 Parisiis,
2625 4964 2778 5035 apud
2811 4963 3118 5019 Claudium
3147 4965 3288 5018 editi
3318 4966 3574 5034 fuerunt,
3607 4971 3754 5024 rel'e-

2108 5055 2267 5104 rente
2297 5049 2528 5107 Nicolao
2558 5051 2837 5124 Nourryo.

2845 5159 3004 5214 1565.

2183 5248 2361 5302 Versio
2394 5246 2609 5302 Gallica
2643 5248 2681 5301 I.
2743 5247 3055 5302 Sermones
3103 5247 3162 5303 S.
3213 5249 3482 5322 Cypriani
3537 5250 3756 5306 Gallice

2105 5335 2356 5389 reddidit
2403 5337 2746 5391 Franciscus
2801 5336 2870 5390 de
2930 5337 3286 5407 Belleforest,
3347 5344 3492 5394 testo
3549 5341 3754 5396 eodem

2104 5424 2407 5481 Ceillierio.
2442 5426 2622 5494 Paris,
2658 5426 2831 5479 in-80.

2102 5617 2434 5690 contigisse,
2469 5622 2621 5693 quod
2658 5623 2876 5678 nemini
2907 5623 3198 5680 editorum
3229 5625 3511 5699 priorum.
3539 5628 3750 5685 Senos-

2100 5706 2238 5745 NEM.
