4074 6194
402 388 555 435 XXIX

375 576 630 666 primum
674 594 1046 646 accesserunt
1085 603 1231 642 nova
1282 583 1567 640 breviaria
1597 577 1843 652 singulis
1868 576 2015 666 Epp.

1852 349 2264 414 PR/EFATIO

374 522 574 578 supra.
590 503 779 560 Editio
813 502 1019 558 ultima
1038 498 1330 572 prioribus
1350 494 1732 558 emendatior,
1754 487 1846 544 cui
1865 501 2020 578 nunc
2050 485 2105 550 Α

3621 359 3780 406 LXXX

2884 475 3042 531 1617.

2201 570 2303 623 En.
2340 568 2668 622 PAMELIANA
2696 565 2794 620 VI.
2825 563 3046 630 Colon.,
3085 562 3237 618 in-l°.
3271 567 3430 618 Hanc
3459 563 3777 620 editionem

376 651 434 738 et
460 679 802 736 tractalibus
835 677 1097 749 praefixa;
1123 679 1412 746 perpetuae
1436 676 1584 726 notae
1608 670 1678 725 ad
1698 651 2020 736 marginem
2131 657 2390 712 referunt
2417 661 2686 710 Mzoranus
2716 658 2773 709 et
2803 653 3122 709 Fabricius.
3158 651 3320 723 (Bibl.
3358 651 3534 723 Bodl.)

381 786 508 841 quae
557 767 813 823 auctoris
870 764 1211 820 methodum
1263 763 1563 826 indicant;
1615 753 2024 828 responsiones

381 856 600 930 passim
634 856 943 923 interjectaa
977 853 1050 907 ad
1084 868 1152 907 ea
1180 867 1307 922 quae
1341 847 1631 905 Pamelius
1661 860 1764 916 pro
1785 843 2026 912 dogma-

382 951 509 1001 tum
557 942 988 1014 pontiﬁciorum
1039 940 1483 995 conﬁrmatione
1531 952 1599 991 ex
1644 930 1926 1005 Cypriano
1973 931 2030 980 et

2789 795 3119 851 1620-1664.

2207 912 2526 968 Hermanni
2563 911 2916 968 Rothmanni
2952 910 3280 982 The0s0phia
3313 912 3642 982 priscorum
3676 911 3786 965 Pa-

380 998 675 1087 veteribus
722 1028 1009 1100 theologis
1059 1027 1326 1099 protulit.
1359 998 1758 1094 Chronologiaa
1804 1019 1945 1072 item
1977 1018 2033 1068 et

2204 1018 2296 1057 um
2328 999 2670 1056 Tertulliani
2713 1004 2770 1054 et
2798 998 3087 1070 Cypriani,
3121 1003 3256 1065 etc.,
3289 1002 3496 1069 quater
3542 998 3654 1053 sub
3690 1015 3785 1053 va-

381 1119 690 1189 theologiaa
719 1117 992 1190 Cypriani
1015 1133 1200 1172 novus
1229 1115 1423 1179 index,
1446 1129 1580 1168 cum
1611 1108 1857 1182 epistola
1876 1105 2032 1160 dedi-

2140 1091 2242 1146 riis
2272 1088 2461 1144 titulis
2490 1087 2772 1158 evulgata,
2806 1087 3076 1153 Vitemb.,
3108 1086 3169 1141 in
3201 1088 3252 1140 4.
3285 1088 3368 1143 Ct'.
3399 1085 3608 1140 Annal.
3643 1087 3784 1140 Ter-

387 1174 619 1264 catori;
633 1174 891 1261 Simonis
921 1203 1204 1260 Goulartii
1236 1204 1304 1258 ad
1338 1174 1613 1258 ecclesias
1643 1174 1701 1253 in
1731 1191 2035 1252 Bollandia

2209 1177 2452 1232 llianeos
2505 1176 2564 1230 in
2616 1181 2755 1232 tom.
2799 1175 2822 1230 Ι
2871 1175 3114 1246 hujusce
3171 1174 3461 1240 Biblioth,
3517 1174 3589 1228 ad
3647 1191 3785 1228 ann.

389 1299 447 1351 et
475 1293 747 1350 Zelandia
776 1291 1066 1348 collectas.
1099 1293 1240 1361 (Cat.
1273 1290 1420 1345 Bibl.
1455 1290 1745 1354 Casanat.,
1776 1289 1820 1339 t.
1871 1283 1943 1352 ΙΙ,
1975 1298 2032 1352 ρ.

390 1384 542 1453 523.)
570 1383 651 1437 Cf.
686 1381 981 1437 Possevin.
1030 1382 1177 1451 App.
1229 1382 1286 1434 S.
1338 1381 1383 1434 ι.
1411 1379 1454 1444 Ι,
1500 1375 1714 1448 p.396,
1766 1376 1823 1427 et
1855 1370 2034 1426 Sand.

394 1472 598 1526 Exstat
625 1469 802 1525 etiam
832 1469 892 1524 in
923 1467 1069 1523 Bibl.
1098 1466 1386 1534 Leidensi,
1420 1470 1480 1522 et
1506 1465 1566 1520 in
1597 1463 1749 1518 Mus.
1782 1459 1948 1515 Britt.

2145 1267 2303 1333 1620,
2340 1266 2499 1335 1636,
2536 1265 2693 1334 1655,
2727 1265 2889 1319 1661.

2219 1442 2318 1496 En.
2353 1441 2680 1496 PAMELIANA
2726 1441 2816 1497 VI.
2868 1352 3076 1510 ἓξὲξ,
3109 1438 3255 1494 in-t".
3307 1439 3492 1510 (Tom.
3538 1437 3610 1492 II.
3644 1438 3798 1494 Bibl.

471 1564 548 1613 De
574 1557 686 1613 hac
715 1556 996 1613 Goularlii
1041 1554 1292 1612 editione
1339 1529 1662 1609 Ceillierius
1691 1555 1749 1606 et
1779 1546 2041 1605 Baluzius
2150 1529 2334 1600 σῘιίθο)

401 1662 650 1718 sequens
681 1645 866 1701 tulere
889 1644 1181 1716 judicium
1215 1659 1230 1700 :
1262 1643 1525 1699 ordinem
1555 1638 1794 1696 Pamelii
1824 1642 1882 1692 et
1911 1652 2044 1691 con-

401 1739 623 1792 textum
663 1738 901 1790 secutus
948 1737 1056 1801 est,
1088 1733 1188 1788 sed
1219 1733 1292 1786 de
1339 1747 1446 1786 suo
1485 1727 1709 1784 addidit
1752 1726 1959 1798 longas
1989 1728 2047 1780 et

403 1839 678 1914 operosae
709 1823 781 1914 ad
804 1821 1142 1914 “legendum
1173 1818 1652 1914 pbservationes,
1679 1817 1896 1914 quibus
1939 1814 2044 1914 Pna-
2077 1847 2127 1914 B

407 1909 651 1966 melium
682 1908 942 1966 refellere
970 1913 1028 1965 et
1057 1909 1115 1964 S.
1165 1907 1518 1980 Cyprianum
1567 1904 1935 1962 calvinistam
1965 1901 2048 1958 fa-

407 2014 535 2055 cere
565 2001 812 2054 conatus
841 2001 951 2054 est.

1151 2084 1310 2141 1593.

427 2202 434 2206 ·
482 2187 587 2241 Ει).
621 2185 938 2241 ϐουιΑιιτιι
967 2183 1039 2238 ΙΙ.
1071 2183 1331 2249 Geneve,
1354 2181 1564 2250 in-l'ol.,
1588 2196 1719 2235 cum
1755 2179 1908 2234 notis
1928 2178 2052 2234 Jac.

414 2272 654 2330 Pamelii
686 2276 744 2327 et
772 2272 1030 2328 Simonis
1076 2269 1356 2327 Goulartii
1406 2271 1476 2325 ad
1509 2286 1607 2324 eas
1637 2268 2054 2324 observationi-

415 2363 550 2418 bus.
585 2361 716 2415 Hzec
767 2363 954 2415 exstat
982 2359 1039 2414 in
1072 2359 1213 2415 bibl.
1267 2357 1679 2414 Barberiniana
1707 2360 1873 2424 (Cal,
1907 2363 1950 2412 t.
1984 2357 2049 2427 Ι).

416 2450 581 2506 Rom.
619 2449 780 2514 1867,
807 2449 843 2502 2
869 2447 980 2504 vol.
1013 2447 1200 2503 in-fol.

1038 2587 1267 2626 δεσυιο
1304 2587 1442 2626 XVII.

1152 2669 1308 2722 1600.

483 2776 689 2832 Thom.
722 2775 959 2831 Jamesii
982 2774 1291 2846 Cyprianus
1321 2773 1618 2837 redivivus,
1644 2772 1752 2828 hoc
1775 2776 1862 2828 est
1885 2770 2054 2828 Eleu-

413 2864 560 2919 chus
588 2880 787 2920 eorum
822 2880 952 2935 quae
1000 2863 1058 2917 in
1095 2862 1376 2934 opusculo
1425 2861 1692 2934 Cypriani
1726 2861 1796 2916 de
1824 2861 2059 2916 Unitate

414 2951 678 3008 Ecclesiae
709 2957 850 3007 sunt
877 2952 1094 3020 addita,
1127 2952 1387 3006 detracta
1416 2949 1584 3023 lapsu
1621 2949 2056 3022 typographico,

416 3041 530 3097 alio
560 3041 764 3111 quovis
798 3040 964 3096 modo
987 3038 1330 3112 supposita;
1367 3040 1626 3106 London,
1659 3040 1831 3094 ἱη-Ιιο.
1860 3069 1928 3079 -
1948 3037 2058 3093 Ubi

415 3129 698 3202 legendus
729 3135 819 3184 est
847 3129 1105 3184 Andreas
1139 3128 1396 3193 Rivetus,
1425 3127 1526 3182 lib.
1561 3145 1598 3182 ιι
1629 3127 1823 3182 Critic.
1857 3143 2056 3191 sacrae,

421 3233 549 3289 cap.
583 3218 671 3282 14,
698 3223 740 3274 t.
774 3218 842 3286 ΙΙ,
872 3232 1006 3286 opp.
1039 3216 1353 3287 Theolog.,
1386 3233 1444 3286 p.
1480 3215 1636 3270 1095.

1161 3339 1318 3393 1603.

493 3441 593 3492 En.
622 3437 951 3492 PAMELIANA
984 3436 1074 3492 lV.
1112 3436 1373 3505 Parisiis,
1405 3436 1572 3503 in-l",
1595 3437 1748 3507 apud
1781 3436 2070 3491 Sebastia-

422 3541 565 3581 num
597 3525 904 3580 Nivellium
939 3525 1103 3596 (Bibl.
1131 3525 1328 3592 Barb.,
1361 3529 1403 3579 t.
1452 3525 1492 3591 Ι,
1527 3525 1670 3579 Bibl.
1702 3523 1856 3579 Bodl.
1893 3523 2065 3579 Catal.

421 3613 554 3670 edit.
587 3613 865 3684 secunda).

1165 3703 1322 3756 1603.

497 3791 598 3846 En.
632 3794 959 3845 ΡΑΜειιΑΝΑ
987 3793 1303 3858 Gouua'rn
1329 3790 1424 3846 ΙΙΙ.
1457 3789 1710 3856 Parisiis,
1734 3791 1891 3844 in-l‘.
1916 3790 2068 3846 Edit.

428 3877 664 3935 Pamelii
699 3895 904 3934 recusa
933 3895 1067 3933 cum
1099 3877 1601 3933 observationibus
1632 3877 1935 3934 Goulartii.

1166 4003 1321 4058 1603.

501 4099 770 4171 Cypriani
803 4100 873 4155 de
921 4098 1208 4155 idolorum
1251 4099 1534 4167 Vanitate,
1568 4099 1738 4170 in-8°,
1789 4100 1916 4156 sine
1947 4101 2072 4156 loco

432 4188 598 4259 (Bibl.
631 4189 881 4257 Barber).

1173 4276 1332 4330 1603.

501 4365 724 4421 Theod.
761 4364 968 4420 Petreii
1010 4364 1294 4435 Confessio
1347 4365 1714 4420 Tertullianea
1762 4370 1814 4420 et
1845 4367 2074 4438 Cypria-

429 4470 662 4518 neanea,
691 4460 942 4525 quatuor
976 4454 1100 4520 lib.,
1139 4454 1340 4520 Paris.,
1374 4454 1544 4523 in-8°,
1580 4455 1834 4524 partium
1881 4456 2075 4511 studio

433 4541 757 4634 admodum
780 4542 1077 4634 laborans,
1101 4541 1291 4613 inquit
1321 4541 1643 4608 Walchius,
1668 4543 1815 4598 Bibl.
1843 4543 2072 4599 Patrist.
2105 4569 2153 4634 D

433 4644 562 4702 cap.
591 4629 647 4693 9,
676 4631 704 4696 §
731 4630 819 4683 9-4.

1172 4719 1329 4772 1607.

505 4806 608 4862 En.
639 4807 964 4861 PAMELIANA
1012 4806 1073 4861 V.
1127 4805 1333 4872 Paris.,
1367 4806 1536 4876 in-4°,
1589 4808 1766 4879 apud.
1820 4807 1953 4863 Seb.
1982 4808 2077 4864 Ni-

432 4893 566 4951 vell.
599 4894 682 4951 Cf.
717 4895 809 4950 ed.
843 4895 999 4950 1603.

1175 4983 1332 5039 1616.

507 5072 610 5128 En.
643 5072 972 5127 PAMELIANA
1003 5070 1314 5127 Gouun'rn
1333 5071 1424 5126 IV.
1448 5071 1650 5139 Paris.,
1679 5073 1836 5144 apud
1869 5073 2076 5129 Sebas-

435 5161 664 5216 tianum
694 5159 988 5229 Chapelet,
1015 5175 1146 5214 cum
1179 5160 1657 5215 annotationibus
1685 5161 1990 5230 Goulartii,
2023 5166 2080 5215 et

437 5247 600 5302 Pauli
644 5246 906 5313 Manutii,
941 5245 1254 5301 Guillielmi
1308 5245 1547 5302 Morellii
1597 5249 1919 5304 editionum
1970 5264 2078 5320 ope

438 5336 766 5402 emendata,
801 5339 946 5390 teste
979 5335 1260 5406 Nourryo.

1185 5459 1341 5514 1617.

509 5557 610 5612 En.
645 5556 966 5610 PAMELIANA
994 5559 1304 5611 Gonnum!
1353 5559 1422 5610 V.
1457 5558 1720 5625 Gonevae,
1752 5555 1909 5624 in-fl’,
1942 5572 2075 5612 cum

437 5645 594 5704 notis
620 5639 903 5701 Goulartii
934 5648 991 5702 et
1019 5642 1278 5713 Pamelii,
1310 5647 1456 5700 teste
1485 5641 1790 5699 Ceillierio.

2962 1618 3050 1670 29.

2962 1618 2996 1670 2
3037 1659 3050 1670 .

2232 1707 2409 1762 Versio
2439 1705 2766 1762 Germanica
2814 1617 3032 1761 11116-3
3080 1706 3388 1760 Tractatus
3442 1705 3502 1759 D.
3536 1704 3809 1776 Cypriani

2158 1796 2230 1850 de
2261 1795 2634 1861 Mortalitate,
2669 1794 3010 1850 Germanice
3057 1810 3260 1850 versus
3291 1811 3393 1865 per
3441 1793 3800 1849 Ludovicum

2167 1884 2524 1949 Lavaterum,
2562 1883 2672 1938 sub
2703 1883 2811 1937 hoc
2857 1881 3028 1936 titulo
3065 1899 3077 1936 :
3111 1880 3460 1936 Traktaelein
3510 1881 3624 1937 den
3672 1879 3815 1936 heil-

2163 1971 2428 2044 Cypriani
2463 1988 2572 2026 von
2607 1971 2710 2025 der
2761 1969 3061 2025 Pestilenz.
3113 1969 3360 2042 Tiguri.,
3409 1969 3579 2026 in-8°.
3613 1969 3814 2038 (Catal.

2164 2059 2370 2131 Tigur.)

2907 2148 3065 2203 1632.

2236 2237 2337 2291 En.
2370 2237 2701 2292 PAMBLIANA
2732 2235 2846 2293 VII.
2881 2236 3102 2300 Colon.,
3130 2234 3282 2302 ἱππ-1η,
3307 2235 3479 2303 (Bibl.
3510 2236 3708 2306 Barb.)

2237 2431 2337 2486 En.
2372 2430 2695 2486 Panum/1
2726 2430 2870 2485 VIII.
2905 2429 3113 2497 Paris.,
3135 2429 3287 2484 in-f".
3313 2431 3534 2502 (Dupin,
3561 2430 3812 2497 Ceillier,

2166 2523 2415 2587 Maron.)

2907 2607 3066 2662 1632.

2236 2695 2578 2768 Cyprianus,
2611 2695 2683 2750 de
2728 2694 2963 2750 Unitate
3010 2694 3298 2761 Ecclesiae,
3332 2711 3468 2750 cum
3499 2711 3642 2751 mss.
3677 2693 3811 2750 coll.

2165 2790 2224 2840 et
2273 2788 2498 2839 annott.
2542 2783 2877 2839 illustratus
2935 2784 3131 2839 studio
3185 2783 3449 2840 Jeremiae
3507 2783 3810 2856 Stephani.

2166 2873 2429 2945 (Catalog.
2462 2873 2611 2927 Bibl.
2645 2871 2897 2927 Leidens.
2928 2877 2979 2928 et
3012 2873 3198 2943 Tigur.
3236 2878 3277 2927 t.
3314 2874 3436 2944 lll.)

2238 3077 2342 3132 Eo.
2401 3081 2738 3132 PAMELIANA
2795 2988 3139 3145 IX.1(;’3a3ris,
3197 3075 3355 3130 in-f°.
3415 3076 3582 3142 (Bibl.
3641 3076 3822 3132 Casa-

2178 3167 2320 3235 ηαι.)

2915 3253 3075 3309 1633.

2249 3349 2326 3397 De
2357 3347 2514 3397 Bono
2544 3340 2858 3410 Patientia,
2881 3357 3013 3397 cum
3048 3341 3202 3397 notis
3229 3341 3494 3396 Jeremia:
3518 3339 3821 3412 Stephani.

2177 3431 2354 3488 Oxon.
2389 3430 2557 3484 in-8°.

2917 3518 3074 3575 1643.

2248 3605 2592 3678 Cyprianus,
2620 3605 2692 3660 de
2723 3604 3015 3661 [dolorum
3045 3606 3323 3672 vanitate,
3347 3621 3480 3660 cum
3502 3605 3822 3660 observatt.

2177 3694 2432 3768 Rigaltii.
2465 3692 2633 3765 (Bibl.
2667 3694 2826 3749 Bold.
2857 3698 2909 3750 et
2937 3693 3127 3764 Barb.)

2915 3809 3076 3864 4644.

2252 3900 2354 3954 Ει).
2388 3902 2720 3954 ΡΑΜεωΑΝΑ
2750 3899 3066 3952 GOULABTII
3095 3897 3185 3952 IV.
3209 3897 3352 3952 Eam
3380 3897 3625 3952 laudant
3653 3895 3828 3967 Dupi-

2183 3988 2336 4057 nius,
2368 3987 2665 4058 Nourryus
2696 3991 2752 4042 et
2777 3985 3121 4041 Ceillierius.

2261 4195 2437 4249 Versio
2487 4193 2698 4249 Gallica
2738 4190 2827 4246 IV.
2879 4102 3188 4246 Ttgﬁatus
3241 4190 3311 4245 de
3359 4188 3560 4260 Lapsis
3617 4187 3835 4243 Gallice

2185 4282 2448 4336 redditus
2481 4283 2553 4336 ab
2583 4277 2860 4348 Arnoldo,
2892 4294 2992 4333 seu
3027 4277 3242 4333 Gallice
3276 4294 3288 4330 ε
3325 4279 3503 4332 Troile
3528 4277 3618 4332 des
3661 4275 3835 4331 Chré-

2186 4373 2328 4425 tiens
2357 4373 2454 4442 qui
2481 4372 2683 4425 étaient
2727 4366 2934 4422 tombés
2980 4366 3188 4422 durant
3217 4368 3272 4424 la
3314 4367 3676 4438 perséculion,
3707 4369 3827 4419 tra-

2185 4458 2305 4512 duit
2331 4474 2435 4530 par
2459 4458 2526 4512 Μ.
2559 4456 2810 4513 Arnaull.
2841 4453 3041 4527 (Catal.
3072 4453 3218 4510 Bibl.
3255 4455 3492 4518 Bunav.,
3527 4471 3582 4526 p.
3612 4454 3727 4523 50.)

2842 4637 3061 4676 CLASSIS
3097 4638 3154 4676 ν.

2673 4763 2951 4820 Editiones
2980 4764 3332 4832 Rigallianz.

2935 4905 3092 4960 1648.

2259 5023 2358 5078 En.
2393 5023 2739 5078 RIGALTIANA
2759 5023 2803 5089 Ι,
2847 5021 3205 5076 PARISIENSIS
3236 5021 3360 5074 XII.
3402 5024 3588 5076 Lutet.
3623 5021 3832 5091 Paris.,

2186 5130 2280 5184 ap.
2314 5115 2362 5164 V
2393 5112 2450 5166 d.
2487 5110 2801 5167 Mathurini
2830 5108 3074 5180 Dupuis,
3095 5108 3188 5163 via
3215 5108 3500 5178 Jacobaaa,
3532 5110 3642 5164 sub
3664 5111 3833 5181 signo

2187 5201 2443 5266 Coronae,
2479 5199 2663 5254 in-fol.
2697 5230 2764 5239 -—
2797 5198 2853 5252 1°
2883 5197 2942 5252 S.
2978 5196 3036 5252 C.
3071 5197 3134 5252 C.
3179 5213 3354 5267 opera
3387 5197 3604 5252 Nicolai
3639 5199 3833 5266 Rigal-

2186 5289 2248 5344 tii
2285 5287 2788 5343 observationibus
2820 5286 2892 5340 ad
2923 5289 3186 5340 veterum
3209 5285 3626 5356 exemplarium
3659 5287 3834 5341 ﬁdem

2188 5375 2483 5447 recognita
2514 5381 2572 5433 et
2599 5374 2912 5430 illustrata.
2945 5374 3004 5427 2°
3032 5374 3159 5429 Nic.
3208 5373 3439 5447 Rigaltii
3472 5373 3839 5430 Observatio-

2185 5481 2290 5520 nes
2320 5464 2391 5518 ad
2421 5465 2480 5520 C.
2512 5469 2570 5518 C.
2603 5462 2703 5534 Ep.
2737 5467 2794 5517 et
2824 5463 3040 5518 Tractt.
3075 5461 3228 5517 Diss.
3263 5462 3537 5534 anonymi
3583 5462 3832 5534 scripto-

2187 5553 2266 5608 ris
2299 5551 2525 5623 antiqui
2557 5552 2627 5606 de
2657 5551 2924 5622 Baptimo
2955 5551 3361 5607 hereticorum
3397 5568 3551 5606 nunc
3574 5552 3832 5622 primum

2185 5641 2344 5697 edita
2372 5657 2442 5696 ex
2469 5639 2615 5696 Bibl.
2649 5639 3009 5712 Remigiana.
