  <div class='ocr_page' id='page_1' title='image "/cluster/home/n/w/nwhite01/storage/ocr_20150623/3/hvd.32044073549586/050.png"; bbox 0 0 4074 6194; ppageno 0'>
   <div class='ocr_carea' id='block_1_1' title="bbox 298 420 476 466">
    <p class='ocr_par' dir='ltr' id='par_1_1' title="bbox 298 420 476 466">
     <span class='ocr_line' id='line_1_1' title="bbox 298 420 476 466; baseline 0 -1"><span class='ocrx_word' id='word_1_1' title='bbox 298 420 476 466; x_wconf 75' lang='lat' dir='ltr'><strong>LXXXI</strong></span> 
     </span>
    </p>
   </div>
   <div class='ocr_carea' id='block_1_2' title="bbox 354 593 1935 659">
    <p class='ocr_par' dir='ltr' id='par_1_2' title="bbox 354 593 1935 659">
     <span class='ocr_line' id='line_1_2' title="bbox 354 593 1935 659; baseline -0.002 -13"><span class='ocrx_word' id='word_1_2' title='bbox 354 593 512 659; x_wconf 85' lang='lat' dir='ltr'><strong>cipua</strong></span> <span class='ocrx_word' id='word_1_3' title='bbox 540 596 731 645; x_wconf 87' lang='lat' dir='ltr'><strong>veteris</strong></span> <span class='ocrx_word' id='word_1_4' title='bbox 759 593 1043 659; x_wconf 56' lang='lat' dir='ltr'><strong>scripturis</strong></span> <span class='ocrx_word' id='word_1_5' title='bbox 1064 593 1489 659; x_wconf 75' lang='lat' dir='ltr'><strong>liniamenta,ab</strong></span> <span class='ocrx_word' id='word_1_6' title='bbox 1507 593 1677 659; x_wconf 75' lang='lat' dir='ltr'><strong>ipsius</strong></span> <span class='ocrx_word' id='word_1_7' title='bbox 1705 595 1935 659; x_wconf 76' lang='lat' dir='ltr'><strong>auctoris</strong></span> 
     </span>
    </p>
   </div>
   <div class='ocr_carea' id='block_1_3' title="bbox 352 609 1932 722">
    <p class='ocr_par' dir='ltr' id='par_1_3' title="bbox 352 609 1932 722">
     <span class='ocr_line' id='line_1_3' title="bbox 354 609 1932 706; baseline -0.002 -60"><span class='ocrx_word' id='word_1_8' title='bbox 354 611 512 659; x_wconf 78' lang='lat' dir='ltr'><strong>cipua</strong></span> <span class='ocrx_word' id='word_1_9' title='bbox 540 609 731 645; x_wconf 76' lang='lat' dir='ltr'><strong>veteris</strong></span> <span class='ocrx_word' id='word_1_10' title='bbox 759 609 1035 706; x_wconf 56' lang='lat' dir='ltr'><strong>scripturis</strong></span> <span class='ocrx_word' id='word_1_11' title='bbox 1064 609 1489 653; x_wconf 74' lang='lat' dir='ltr'><strong>uneamenta,an</strong></span> <span class='ocrx_word' id='word_1_12' title='bbox 1507 609 1677 657; x_wconf 81' lang='lat' dir='ltr'><strong>ipsius</strong></span> <span class='ocrx_word' id='word_1_13' title='bbox 1705 609 1932 644; x_wconf 76' lang='lat' dir='ltr'><strong>auctoris</strong></span> 
     </span>
     <span class='ocr_line' id='line_1_4' title="bbox 352 656 1932 722; baseline -0.002 -14"><span class='ocrx_word' id='word_1_14' title='bbox 352 660 491 722; x_wconf 84' lang='lat' dir='ltr'><strong>stylo</strong></span> <span class='ocrx_word' id='word_1_15' title='bbox 518 664 731 722; x_wconf 83' lang='lat' dir='ltr'><strong>servata</strong></span> <span class='ocrx_word' id='word_1_16' title='bbox 758 657 861 706; x_wconf 84' lang='lat' dir='ltr'><strong>ﬁde</strong></span> <span class='ocrx_word' id='word_1_17' title='bbox 886 657 985 706; x_wconf 84' lang='lat' dir='ltr'><strong>iter</strong></span> <span class='ocrx_word' id='word_1_18' title='bbox 1030 656 1331 722; x_wconf 79' lang='lat' dir='ltr'><strong>inoptimis</strong></span> <span class='ocrx_word' id='word_1_19' title='bbox 1360 656 1932 722; x_wconf 60' lang='lat' dir='ltr'><strong>exemplaribusYero-</strong></span> 
     </span>
    </p>
   </div>
   <div class='ocr_carea' id='block_1_4' title="bbox 354 718 1932 780">
    <p class='ocr_par' dir='ltr' id='par_1_4' title="bbox 354 718 1932 780">
     <span class='ocr_line' id='line_1_5' title="bbox 354 718 1932 780; baseline -0.001 -11"><span class='ocrx_word' id='word_1_20' title='bbox 354 718 506 769; x_wconf 81' lang='lat' dir='ltr'><strong>nénsi</strong></span> <span class='ocrx_word' id='word_1_21' title='bbox 540 727 594 770; x_wconf 91' lang='lat' dir='ltr'><strong>et</strong></span> <span class='ocrx_word' id='word_1_22' title='bbox 624 721 1001 769; x_wconf 73' lang='lat' dir='ltr'><strong>Beneventano</strong></span> <span class='ocrx_word' id='word_1_23' title='bbox 1032 718 1235 767; x_wconf 74' lang='lat' dir='ltr'><strong>collatis</strong></span> <span class='ocrx_word' id='word_1_24' title='bbox 1254 718 1377 767; x_wconf 91' lang='lat' dir='ltr'><strong>olim</strong></span> <span class='ocrx_word' id='word_1_25' title='bbox 1410 732 1442 768; x_wconf 87' lang='lat' dir='ltr'><strong>a</strong></span> <span class='ocrx_word' id='word_1_26' title='bbox 1470 718 1717 767; x_wconf 88' lang='lat' dir='ltr'><strong>Marcello</strong></span> <span class='ocrx_word' id='word_1_27' title='bbox 1749 720 1807 779; x_wconf 88' lang='lat' dir='ltr'><strong>(ll</strong></span> <span class='ocrx_word' id='word_1_28' title='bbox 1843 733 1932 780; x_wconf 92' lang='lat' dir='ltr'><strong>pa-</strong></span> 
     </span>
    </p>
   </div>
   <div class='ocr_carea' id='block_1_5' title="bbox 352 781 1932 847">
    <p class='ocr_par' dir='ltr' id='par_1_5' title="bbox 352 781 1932 847">
     <span class='ocr_line' id='line_1_6' title="bbox 352 781 1932 847; baseline -0.002 -16"><span class='ocrx_word' id='word_1_29' title='bbox 352 786 443 847; x_wconf 89' lang='lat' dir='ltr'><strong>pa)</strong></span> <span class='ocrx_word' id='word_1_30' title='bbox 473 788 527 831; x_wconf 85' lang='lat' dir='ltr'><strong>et</strong></span> <span class='ocrx_word' id='word_1_31' title='bbox 574 784 834 847; x_wconf 24' lang='lat' dir='ltr'><strong>Antonio,</strong></span> <span class='ocrx_word' id='word_1_32' title='bbox 859 782 1154 847; x_wconf 74' lang='lat' dir='ltr'><strong>Augustino</strong></span> <span class='ocrx_word' id='word_1_33' title='bbox 1201 782 1451 847; x_wconf 82' lang='lat' dir='ltr'><strong>episcopo</strong></span> <span class='ocrx_word' id='word_1_34' title='bbox 1504 784 1633 847; x_wconf 70' lang='lat' dir='ltr'><strong>tunc</strong></span> <span class='ocrx_word' id='word_1_35' title='bbox 1661 781 1889 847; x_wconf 54' lang='lat' dir='ltr'><strong>Alli_tan_o</strong></span> <span class='ocrx_word' id='word_1_36' title='bbox 1921 795 1932 828; x_wconf 88' lang='lat'><strong>:</strong></span> 
     </span>
    </p>
   </div>
   <div class='ocr_carea' id='block_1_6' title="bbox 350 843 1933 908">
    <p class='ocr_par' dir='ltr' id='par_1_6' title="bbox 350 843 1933 908">
     <span class='ocr_line' id='line_1_7' title="bbox 350 843 1933 908; baseline -0.001 -14"><span class='ocrx_word' id='word_1_37' title='bbox 350 843 471 907; x_wconf 62' lang='lat' dir='ltr'><strong>Quae</strong></span> <span class='ocrx_word' id='word_1_38' title='bbox 501 847 555 893; x_wconf 90' lang='lat' dir='ltr'><strong>in</strong></span> <span class='ocrx_word' id='word_1_39' title='bbox 586 844 843 908; x_wconf 82' lang='lat' dir='ltr'><strong>Cypriani</strong></span> <span class='ocrx_word' id='word_1_40' title='bbox 868 843 1136 893; x_wconf 81' lang='lat' dir='ltr'><strong>volumine</strong></span> <span class='ocrx_word' id='word_1_41' title='bbox 1166 843 1492 908; x_wconf 36' lang='lat' dir='ltr'><strong>manuUCar.</strong></span> <span class='ocrx_word' id='word_1_42' title='bbox 1512 843 1805 908; x_wconf 18' lang='lat' dir='ltr'><strong>AMonchalli</strong></span> <span class='ocrx_word' id='word_1_43' title='bbox 1836 844 1933 908; x_wconf 71' lang='grc' dir='ltr'><strong>Το-</strong></span> 
     </span>
    </p>
   </div>
   <div class='ocr_carea' id='block_1_7' title="bbox 349 904 1937 969">
    <p class='ocr_par' dir='ltr' id='par_1_7' title="bbox 349 904 1937 969">
     <span class='ocr_line' id='line_1_8' title="bbox 349 904 1937 969; baseline -0.001 -13"><span class='ocrx_word' id='word_1_44' title='bbox 349 904 579 956; x_wconf 78' lang='lat' dir='ltr'><strong>losatnm</strong></span> <span class='ocrx_word' id='word_1_45' title='bbox 610 904 997 969; x_wconf 77' lang='lat' dir='ltr'><strong>archiepiscopi</strong></span> <span class='ocrx_word' id='word_1_46' title='bbox 1048 919 1254 969; x_wconf 86' lang='lat' dir='ltr'><strong>summa</strong></span> <span class='ocrx_word' id='word_1_47' title='bbox 1285 904 1561 969; x_wconf 81' lang='lat' dir='ltr'><strong>diligentia</strong></span> <span class='ocrx_word' id='word_1_48' title='bbox 1586 919 1663 969; x_wconf 75' lang='lat' dir='ltr'><strong>ac</strong></span> <span class='ocrx_word' id='word_1_49' title='bbox 1690 906 1792 969; x_wconf 82' lang='lat' dir='ltr'><strong>ﬁde</strong></span> <span class='ocrx_word' id='word_1_50' title='bbox 1821 905 1937 969; x_wconf 86' lang='lat' dir='ltr'><strong>des-</strong></span> 
     </span>
    </p>
   </div>
   <div class='ocr_carea' id='block_1_8' title="bbox 349 967 1935 1032">
    <p class='ocr_par' dir='ltr' id='par_1_8' title="bbox 349 967 1935 1032">
     <span class='ocr_line' id='line_1_9' title="bbox 349 967 1935 1032; baseline -0.001 -15"><span class='ocrx_word' id='word_1_51' title='bbox 349 970 539 1031; x_wconf 84' lang='lat' dir='ltr'><strong>cripta,</strong></span> <span class='ocrx_word' id='word_1_52' title='bbox 572 967 831 1032; x_wconf 70' lang='lat' dir='ltr'><strong>perpetuo</strong></span> <span class='ocrx_word' id='word_1_53' title='bbox 862 967 1018 1032; x_wconf 84' lang='lat' dir='ltr'><strong>nobis</strong></span> <span class='ocrx_word' id='word_1_54' title='bbox 1056 981 1158 1018; x_wconf 81' lang='lat' dir='ltr'><strong>usu</strong></span> <span class='ocrx_word' id='word_1_55' title='bbox 1186 968 1353 1018; x_wconf 79' lang='lat' dir='ltr'><strong>fuere.</strong></span> <span class='ocrx_word' id='word_1_56' title='bbox 1383 967 1556 1031; x_wconf 69' lang='lat' dir='ltr'><strong>Atque</strong></span> <span class='ocrx_word' id='word_1_57' title='bbox 1586 967 1671 1017; x_wconf 89' lang='lat' dir='ltr'><strong>hic</strong></span> <span class='ocrx_word' id='word_1_58' title='bbox 1710 967 1794 1016; x_wconf 87' lang='lat' dir='ltr'><strong>illa</strong></span> <span class='ocrx_word' id='word_1_59' title='bbox 1822 968 1935 1032; x_wconf 39' lang='lat' dir='ltr'><strong>qui:</strong></span> 
     </span>
    </p>
   </div>
   <div class='ocr_carea' id='block_1_9' title="bbox 348 1030 1937 1093">
    <p class='ocr_par' dir='ltr' id='par_1_9' title="bbox 348 1030 1937 1093">
     <span class='ocr_line' id='line_1_10' title="bbox 348 1030 1937 1093; baseline -0.001 -14"><span class='ocrx_word' id='word_1_60' title='bbox 348 1030 469 1081; x_wconf 84' lang='lat' dir='ltr'><strong>dem</strong></span> <span class='ocrx_word' id='word_1_61' title='bbox 501 1030 705 1092; x_wconf 54' lang='lat' dir='ltr'><strong>in&#39;ipso</strong></span> <span class='ocrx_word' id='word_1_62' title='bbox 736 1030 986 1093; x_wconf 88' lang='lat' dir='ltr'><strong>Cypriani</strong></span> <span class='ocrx_word' id='word_1_63' title='bbox 1029 1043 1253 1093; x_wconf 82' lang='lat' dir='ltr'><strong>operum</strong></span> <span class='ocrx_word' id='word_1_64' title='bbox 1283 1030 1533 1093; x_wconf 69' lang='lat' dir='ltr'><strong>contextu</strong></span> <span class='ocrx_word' id='word_1_65' title='bbox 1562 1030 1937 1093; x_wconf 65' lang='lat' dir='ltr'><strong>repraesentari</strong></span> 
     </span>
    </p>
   </div>
   <div class='ocr_carea' id='block_1_10' title="bbox 346 1091 1935 1154">
    <p class='ocr_par' dir='ltr' id='par_1_10' title="bbox 346 1091 1935 1154">
     <span class='ocr_line' id='line_1_11' title="bbox 346 1091 1935 1154; baseline -0.003 -11"><span class='ocrx_word' id='word_1_66' title='bbox 346 1094 533 1143; x_wconf 84' lang='lat' dir='ltr'><strong>omnia</strong></span> <span class='ocrx_word' id='word_1_67' title='bbox 560 1091 947 1142; x_wconf 47' lang='lat' dir='ltr'><strong>debuisse—non</strong></span> <span class='ocrx_word' id='word_1_68' title='bbox 978 1091 1218 1153; x_wconf 78' lang='lat' dir='ltr'><strong>inﬁcior;</strong></span> <span class='ocrx_word' id='word_1_69' title='bbox 1244 1105 1346 1141; x_wconf 88' lang='lat' dir='ltr'><strong>nec</strong></span> <span class='ocrx_word' id='word_1_70' title='bbox 1366 1106 1452 1141; x_wconf 93' lang='lat' dir='ltr'><strong>me</strong></span> <span class='ocrx_word' id='word_1_71' title='bbox 1481 1091 1703 1154; x_wconf 82' lang='lat' dir='ltr'><strong>hujusce</strong></span> <span class='ocrx_word' id='word_1_72' title='bbox 1732 1092 1935 1140; x_wconf 77' lang='lat' dir='ltr'><strong>consilii</strong></span> 
     </span>
    </p>
   </div>
   <div class='ocr_carea' id='block_1_11' title="bbox 346 1154 1936 1218">
    <p class='ocr_par' dir='ltr' id='par_1_11' title="bbox 346 1154 1936 1218">
     <span class='ocr_line' id='line_1_12' title="bbox 346 1154 1936 1218; baseline -0.003 -13"><span class='ocrx_word' id='word_1_73' title='bbox 346 1157 663 1218; x_wconf 79' lang='lat' dir='ltr'><strong>ambiguum</strong></span> <span class='ocrx_word' id='word_1_74' title='bbox 708 1156 873 1218; x_wconf 82' lang='lat' dir='ltr'><strong>fuisse</strong></span> <span class='ocrx_word' id='word_1_75' title='bbox 897 1168 1171 1218; x_wconf 61' lang='lat' dir='ltr'><strong>umquam</strong></span> <span class='ocrx_word' id='word_1_76' title='bbox 1203 1154 1493 1218; x_wconf 82' lang='lat' dir='ltr'><strong>existimari</strong></span> <span class='ocrx_word' id='word_1_77' title='bbox 1521 1154 1679 1203; x_wconf 84' lang='lat' dir='ltr'><strong>velim</strong></span> <span class='ocrx_word' id='word_1_78' title='bbox 1706 1167 1718 1214; x_wconf 91' lang='lat'>;</span> <span class='ocrx_word' id='word_1_79' title='bbox 1750 1154 1936 1218; x_wconf 79' lang='lat' dir='ltr'><strong>tristis-</strong></span> 
     </span>
    </p>
   </div>
   <div class='ocr_carea' id='block_1_12' title="bbox 349 1216 1937 1280">
    <p class='ocr_par' dir='ltr' id='par_1_12' title="bbox 349 1216 1937 1280">
     <span class='ocr_line' id='line_1_13' title="bbox 349 1216 1937 1280; baseline -0.002 -14"><span class='ocrx_word' id='word_1_80' title='bbox 349 1220 482 1266; x_wconf 89' lang='lat' dir='ltr'><strong>sime</strong></span> <span class='ocrx_word' id='word_1_81' title='bbox 506 1216 649 1280; x_wconf 53' lang='lat' dir='ltr'><strong>&#39;tuli,</strong></span> <span class='ocrx_word' id='word_1_82' title='bbox 687 1217 832 1280; x_wconf 89' lang='lat' dir='ltr'><strong>quod</strong></span> <span class='ocrx_word' id='word_1_83' title='bbox 872 1216 1262 1280; x_wconf 54' lang='lat' dir='ltr'><strong>testinantibus</strong></span> <span class='ocrx_word' id='word_1_84' title='bbox 1313 1216 1493 1279; x_wconf 87' lang='lat' dir='ltr'><strong>operis</strong></span> <span class='ocrx_word' id='word_1_85' title='bbox 1541 1216 1937 1280; x_wconf 82' lang='lat' dir='ltr'><strong>typographicis</strong></span> 
     </span>
    </p>
   </div>
   <div class='ocr_carea' id='block_1_13' title="bbox 345 1278 1097 1329">
    <p class='ocr_par' dir='ltr' id='par_1_13' title="bbox 345 1278 1097 1329">
     <span class='ocr_line' id='line_1_14' title="bbox 345 1278 1097 1329; baseline -0.001 -1"><span class='ocrx_word' id='word_1_86' title='bbox 345 1281 536 1329; x_wconf 80' lang='lat' dir='ltr'><strong>adesse</strong></span> <span class='ocrx_word' id='word_1_87' title='bbox 566 1278 842 1328; x_wconf 36' lang='lat' dir='ltr'><strong>mibi‘non</strong></span> <span class='ocrx_word' id='word_1_88' title='bbox 872 1278 1097 1328; x_wconf 76' lang='lat' dir='ltr'><strong>licuerit.</strong></span> 
     </span>
    </p>
   </div>
   <div class='ocr_carea' id='block_1_14' title="bbox 355 1358 1936 1430">
    <p class='ocr_par' dir='ltr' id='par_1_14' title="bbox 355 1358 1936 1430">
     <span class='ocr_line' id='line_1_15' title="bbox 355 1358 1936 1430; baseline -0.002 -16"><span class='ocrx_word' id='word_1_89' title='bbox 355 1358 808 1414; x_wconf 81' lang='lat' dir='ltr'><strong>Observationes</strong></span> <span class='ocrx_word' id='word_1_90' title='bbox 837 1374 993 1429; x_wconf 87' lang='lat' dir='ltr'><strong>ergo,</strong></span> <span class='ocrx_word' id='word_1_91' title='bbox 1024 1359 1220 1430; x_wconf 88' lang='lat' dir='ltr'><strong>inquit</strong></span> <span class='ocrx_word' id='word_1_92' title='bbox 1246 1358 1691 1423; x_wconf 66' lang='lat' dir='ltr'><strong>Schmnemann,</strong></span> <span class='ocrx_word' id='word_1_93' title='bbox 1723 1358 1936 1429; x_wconf 82' lang='lat' dir='ltr'><strong>partim</strong></span> 
     </span>
    </p>
   </div>
   <div class='ocr_carea' id='block_1_15' title="bbox 286 1445 1939 1517">
    <p class='ocr_par' dir='ltr' id='par_1_15' title="bbox 286 1445 1939 1517">
     <span class='ocr_line' id='line_1_16' title="bbox 286 1445 1939 1517; baseline 0 -16"><span class='ocrx_word' id='word_1_94' title='bbox 286 1448 345 1502; x_wconf 91' lang='lat' dir='ltr'><strong>in</strong></span> <span class='ocrx_word' id='word_1_95' title='bbox 377 1447 652 1502; x_wconf 82' lang='lat' dir='ltr'><strong>lectionis</strong></span> <span class='ocrx_word' id='word_1_96' title='bbox 680 1445 955 1502; x_wconf 86' lang='lat' dir='ltr'><strong>varietate</strong></span> <span class='ocrx_word' id='word_1_97' title='bbox 986 1445 1541 1502; x_wconf 87' lang='lat' dir='ltr'><strong>codd.laudatorum</strong></span> <span class='ocrx_word' id='word_1_98' title='bbox 1558 1445 1939 1517; x_wconf 84' lang='lat' dir='ltr'><strong>dijudicanda</strong></span> 
     </span>
    </p>
   </div>
   <div class='ocr_carea' id='block_1_16' title="bbox 286 1533 1938 1605">
    <p class='ocr_par' dir='ltr' id='par_1_16' title="bbox 286 1533 1938 1605">
     <span class='ocr_line' id='line_1_17' title="bbox 286 1533 1938 1605; baseline 0 -18"><span class='ocrx_word' id='word_1_99' title='bbox 286 1542 617 1601; x_wconf 82' lang='lat' dir='ltr'><strong>versantur,</strong></span> <span class='ocrx_word' id='word_1_100' title='bbox 633 1534 845 1605; x_wconf 86' lang='lat' dir='ltr'><strong>partim</strong></span> <span class='ocrx_word' id='word_1_101' title='bbox 879 1533 1238 1589; x_wconf 90' lang='lat' dir='ltr'><strong>scholiorum</strong></span> <span class='ocrx_word' id='word_1_102' title='bbox 1260 1533 1445 1589; x_wconf 87' lang='lat' dir='ltr'><strong>vicem</strong></span> <span class='ocrx_word' id='word_1_103' title='bbox 1465 1533 1781 1599; x_wconf 81' lang='lat' dir='ltr'><strong>sustinent,</strong></span> <span class='ocrx_word' id='word_1_104' title='bbox 1808 1549 1938 1605; x_wconf 65' lang='lat' dir='ltr'><strong>quis</strong></span> 
     </span>
    </p>
   </div>
   <div class='ocr_carea' id='block_1_17' title="bbox 284 1620 1939 1695">
    <p class='ocr_par' dir='ltr' id='par_1_17' title="bbox 284 1620 1939 1695">
     <span class='ocr_line' id='line_1_18' title="bbox 284 1620 1939 1695; baseline -0.001 -17"><span class='ocrx_word' id='word_1_105' title='bbox 284 1629 349 1679; x_wconf 91' lang='lat' dir='ltr'><strong>ut</strong></span> <span class='ocrx_word' id='word_1_106' title='bbox 376 1622 577 1679; x_wconf 62' lang='lat' dir='ltr'><strong>brevia</strong></span> <span class='ocrx_word' id='word_1_107' title='bbox 606 1626 747 1677; x_wconf 89' lang='lat' dir='ltr'><strong>sunt</strong></span> <span class='ocrx_word' id='word_1_108' title='bbox 793 1621 1091 1695; x_wconf 87' lang='lat' dir='ltr'><strong>pleraque,</strong></span> <span class='ocrx_word' id='word_1_109' title='bbox 1123 1621 1205 1677; x_wconf 87' lang='lat' dir='ltr'><strong>ita</strong></span> <span class='ocrx_word' id='word_1_110' title='bbox 1250 1622 1401 1695; x_wconf 82' lang='lat' dir='ltr'><strong>frugi</strong></span> <span class='ocrx_word' id='word_1_111' title='bbox 1451 1620 1793 1693; x_wconf 88' lang='lat' dir='ltr'><strong>plenissima</strong></span> <span class='ocrx_word' id='word_1_112' title='bbox 1820 1625 1877 1676; x_wconf 91' lang='lat' dir='ltr'><strong>et</strong></span> <span class='ocrx_word' id='word_1_113' title='bbox 1904 1638 1939 1676; x_wconf 91' lang='lat' dir='ltr'><strong>a</strong></span> 
     </span>
    </p>
   </div>
   <div class='ocr_carea' id='block_1_18' title="bbox 286 1708 1935 1786">
    <p class='ocr_par' dir='ltr' id='par_1_18' title="bbox 286 1708 1935 1786">
     <span class='ocr_line' id='line_1_19' title="bbox 286 1708 1935 1786; baseline -0.001 -19"><span class='ocrx_word' id='word_1_114' title='bbox 286 1717 445 1767; x_wconf 83' lang='lat' dir='ltr'><strong>recto</strong></span> <span class='ocrx_word' id='word_1_115' title='bbox 472 1717 530 1767; x_wconf 89' lang='lat' dir='ltr'><strong>et</strong></span> <span class='ocrx_word' id='word_1_116' title='bbox 575 1710 829 1783; x_wconf 85' lang='lat' dir='ltr'><strong>eleganti</strong></span> <span class='ocrx_word' id='word_1_117' title='bbox 852 1711 1077 1782; x_wconf 90' lang='lat' dir='ltr'><strong>judicio</strong></span> <span class='ocrx_word' id='word_1_118' title='bbox 1116 1716 1174 1765; x_wconf 90' lang='lat' dir='ltr'><strong>et</strong></span> <span class='ocrx_word' id='word_1_119' title='bbox 1202 1709 1435 1783; x_wconf 89' lang='lat' dir='ltr'><strong>egregia</strong></span> <span class='ocrx_word' id='word_1_120' title='bbox 1464 1708 1741 1786; x_wconf 79' lang='grc' dir='ltr'><strong>παρῥησίᾳ</strong></span> <span class='ocrx_word' id='word_1_121' title='bbox 1769 1726 1935 1765; x_wconf 89' lang='lat' dir='ltr'><strong>cons-</strong></span> 
     </span>
    </p>
   </div>
   <div class='ocr_carea' id='block_1_19' title="bbox 285 1798 1939 1873">
    <p class='ocr_par' dir='ltr' id='par_1_19' title="bbox 285 1798 1939 1873">
     <span class='ocr_line' id='line_1_20' title="bbox 285 1798 1939 1873; baseline -0.003 -18"><span class='ocrx_word' id='word_1_122' title='bbox 285 1801 483 1873; x_wconf 89' lang='lat' dir='ltr'><strong>picua.</strong></span> <span class='ocrx_word' id='word_1_123' title='bbox 513 1800 743 1856; x_wconf 83' lang='lat' dir='ltr'><strong>Accedit</strong></span> <span class='ocrx_word' id='word_1_124' title='bbox 774 1805 1053 1871; x_wconf 65' lang='lat' dir='ltr'><strong>praeterea</strong></span> <span class='ocrx_word' id='word_1_125' title='bbox 1085 1800 1145 1855; x_wconf 92' lang='lat' dir='ltr'><strong>in</strong></span> <span class='ocrx_word' id='word_1_126' title='bbox 1178 1798 1603 1855; x_wconf 90' lang='lat' dir='ltr'><strong>Tertullianum</strong></span> <span class='ocrx_word' id='word_1_127' title='bbox 1638 1804 1811 1855; x_wconf 87' lang='lat' dir='ltr'><strong>antea</strong></span> <span class='ocrx_word' id='word_1_128' title='bbox 1846 1816 1939 1854; x_wconf 91' lang='lat' dir='ltr'><strong>su-</strong></span> 
     </span>
    </p>
   </div>
   <div class='ocr_carea' id='block_1_20' title="bbox 287 1888 2017 1967">
    <p class='ocr_par' dir='ltr' id='par_1_20' title="bbox 287 1888 2017 1967">
     <span class='ocr_line' id='line_1_21' title="bbox 287 1888 2017 1967; baseline -0.001 -22"><span class='ocrx_word' id='word_1_129' title='bbox 287 1890 614 1963; x_wconf 85' lang='lat' dir='ltr'><strong>perioribns</strong></span> <span class='ocrx_word' id='word_1_130' title='bbox 658 1889 830 1945; x_wconf 88' lang='lat' dir='ltr'><strong>annis</strong></span> <span class='ocrx_word' id='word_1_131' title='bbox 861 1889 1084 1944; x_wconf 91' lang='lat' dir='ltr'><strong>editum</strong></span> <span class='ocrx_word' id='word_1_132' title='bbox 1134 1889 1290 1944; x_wconf 91' lang='lat' dir='ltr'><strong>obss.</strong></span> <span class='ocrx_word' id='word_1_133' title='bbox 1342 1888 1731 1961; x_wconf 84' lang='lat' dir='ltr'><strong>spicilegium,</strong></span> <span class='ocrx_word' id='word_1_134' title='bbox 1763 1893 1820 1944; x_wconf 91' lang='lat' dir='ltr'><strong>et</strong></span> <span class='ocrx_word' id='word_1_135' title='bbox 1850 1888 1938 1943; x_wconf 85' lang='lat' dir='ltr'><strong>fa-</strong></span> <span class='ocrx_word' id='word_1_136' title='bbox 1968 1902 2017 1967; x_wconf 80' lang='grc' dir='ltr'><strong>Β</strong></span> 
     </span>
    </p>
   </div>
   <div class='ocr_carea' id='block_1_21' title="bbox 281 1976 1931 2049">
    <p class='ocr_par' dir='ltr' id='par_1_21' title="bbox 281 1976 1931 2049">
     <span class='ocr_line' id='line_1_22' title="bbox 281 1976 1931 2049; baseline -0.001 -14"><span class='ocrx_word' id='word_1_137' title='bbox 281 1995 486 2035; x_wconf 88' lang='lat' dir='ltr'><strong>mosus</strong></span> <span class='ocrx_word' id='word_1_138' title='bbox 518 1978 613 2033; x_wconf 90' lang='lat' dir='ltr'><strong>ille</strong></span> <span class='ocrx_word' id='word_1_139' title='bbox 645 1977 709 2034; x_wconf 85' lang='lat' dir='ltr'><strong>de</strong></span> <span class='ocrx_word' id='word_1_140' title='bbox 748 1979 1009 2048; x_wconf 76' lang='lat' dir='ltr'><strong>Corporis</strong></span> <span class='ocrx_word' id='word_1_141' title='bbox 1039 1976 1246 2032; x_wconf 78' lang='lat' dir='ltr'><strong>Christi</strong></span> <span class='ocrx_word' id='word_1_142' title='bbox 1271 1978 1690 2049; x_wconf 79' lang='lat' dir='ltr'><strong>pulchritudine</strong></span> <span class='ocrx_word' id='word_1_143' title='bbox 1723 1982 1931 2034; x_wconf 89' lang='lat' dir='ltr'><strong>tracta-</strong></span> 
     </span>
    </p>
   </div>
   <div class='ocr_carea' id='block_1_22' title="bbox 279 2065 1933 2138">
    <p class='ocr_par' dir='ltr' id='par_1_22' title="bbox 279 2065 1933 2138">
     <span class='ocr_line' id='line_1_23' title="bbox 279 2065 1933 2138; baseline -0.002 -15"><span class='ocrx_word' id='word_1_144' title='bbox 279 2074 394 2123; x_wconf 87' lang='lat' dir='ltr'><strong>tus.</strong></span> <span class='ocrx_word' id='word_1_145' title='bbox 433 2067 589 2123; x_wconf 83' lang='lat' dir='ltr'><strong>Ordo</strong></span> <span class='ocrx_word' id='word_1_146' title='bbox 636 2066 787 2122; x_wconf 89' lang='lat' dir='ltr'><strong>idem</strong></span> <span class='ocrx_word' id='word_1_147' title='bbox 830 2082 899 2121; x_wconf 90' lang='lat' dir='ltr'><strong>ac</strong></span> <span class='ocrx_word' id='word_1_148' title='bbox 945 2065 1300 2133; x_wconf 80' lang='lat' dir='ltr'><strong>Pameliana,</strong></span> <span class='ocrx_word' id='word_1_149' title='bbox 1336 2082 1674 2138; x_wconf 88' lang='lat' dir='ltr'><strong>quanquam</strong></span> <span class='ocrx_word' id='word_1_150' title='bbox 1729 2083 1843 2121; x_wconf 90' lang='lat' dir='ltr'><strong>non</strong></span> <span class='ocrx_word' id='word_1_151' title='bbox 1874 2066 1933 2120; x_wconf 91' lang='lat' dir='ltr'><strong>in</strong></span> 
     </span>
    </p>
   </div>
   <div class='ocr_carea' id='block_1_23' title="bbox 281 2154 1934 2227">
    <p class='ocr_par' dir='ltr' id='par_1_23' title="bbox 281 2154 1934 2227">
     <span class='ocr_line' id='line_1_24' title="bbox 281 2154 1934 2227; baseline -0.002 -15"><span class='ocrx_word' id='word_1_152' title='bbox 281 2163 394 2212; x_wconf 88' lang='lat' dir='ltr'><strong>tres</strong></span> <span class='ocrx_word' id='word_1_153' title='bbox 445 2160 641 2212; x_wconf 80' lang='lat' dir='ltr'><strong>tomos</strong></span> <span class='ocrx_word' id='word_1_154' title='bbox 688 2154 949 2211; x_wconf 91' lang='lat' dir='ltr'><strong>distincti</strong></span> <span class='ocrx_word' id='word_1_155' title='bbox 1003 2160 1142 2211; x_wconf 89' lang='lat' dir='ltr'><strong>sunt</strong></span> <span class='ocrx_word' id='word_1_156' title='bbox 1190 2154 1345 2212; x_wconf 89' lang='lat' dir='ltr'><strong>libri.</strong></span> <span class='ocrx_word' id='word_1_157' title='bbox 1388 2155 1707 2227; x_wconf 82' lang='lat' dir='ltr'><strong>Epistulam</strong></span> <span class='ocrx_word' id='word_1_158' title='bbox 1759 2156 1934 2211; x_wconf 87' lang='lat' dir='ltr'><strong>etiam</strong></span> 
     </span>
    </p>
   </div>
   <div class='ocr_carea' id='block_1_24' title="bbox 282 2242 1937 2316">
    <p class='ocr_par' dir='ltr' id='par_1_24' title="bbox 282 2242 1937 2316">
     <span class='ocr_line' id='line_1_25' title="bbox 282 2242 1937 2316; baseline 0.001 -17"><span class='ocrx_word' id='word_1_159' title='bbox 282 2245 541 2316; x_wconf 89' lang='lat' dir='ltr'><strong>primam</strong></span> <span class='ocrx_word' id='word_1_160' title='bbox 573 2261 671 2300; x_wconf 90' lang='lat' dir='ltr'><strong>seu</strong></span> <span class='ocrx_word' id='word_1_161' title='bbox 703 2245 913 2316; x_wconf 84' lang='lat' dir='ltr'><strong>fragm.</strong></span> <span class='ocrx_word' id='word_1_162' title='bbox 965 2242 1222 2316; x_wconf 66' lang='lat' dir='ltr'><strong>epistolae</strong></span> <span class='ocrx_word' id='word_1_163' title='bbox 1252 2244 1473 2315; x_wconf 89' lang='lat' dir='ltr'><strong>potius,</strong></span> <span class='ocrx_word' id='word_1_164' title='bbox 1504 2244 1658 2314; x_wconf 90' lang='lat' dir='ltr'><strong>quod</strong></span> <span class='ocrx_word' id='word_1_165' title='bbox 1710 2246 1937 2315; x_wconf 90' lang='lat' dir='ltr'><strong>primus</strong></span> 
     </span>
    </p>
   </div>
   <div class='ocr_carea' id='block_1_25' title="bbox 282 2329 1932 2404">
    <p class='ocr_par' dir='ltr' id='par_1_25' title="bbox 282 2329 1932 2404">
     <span class='ocr_line' id='line_1_26' title="bbox 282 2329 1932 2404; baseline 0.002 -21"><span class='ocrx_word' id='word_1_166' title='bbox 282 2332 626 2404; x_wconf 84' lang='lat' dir='ltr'><strong>vulgaverat</strong></span> <span class='ocrx_word' id='word_1_167' title='bbox 675 2330 990 2397; x_wconf 86' lang='lat' dir='ltr'><strong>Pamelius,</strong></span> <span class='ocrx_word' id='word_1_168' title='bbox 1023 2331 1224 2387; x_wconf 89' lang='lat' dir='ltr'><strong>omisit</strong></span> <span class='ocrx_word' id='word_1_169' title='bbox 1273 2329 1578 2403; x_wconf 89' lang='lat' dir='ltr'><strong>Rigaltius.</strong></span> <span class='ocrx_word' id='word_1_170' title='bbox 1614 2330 1800 2400; x_wconf 84' lang='lat' dir='ltr'><strong>Hujus</strong></span> <span class='ocrx_word' id='word_1_171' title='bbox 1842 2330 1932 2386; x_wconf 89' lang='lat' dir='ltr'><strong>ed.</strong></span> 
     </span>
    </p>
   </div>
   <div class='ocr_carea' id='block_1_26' title="bbox 283 2418 1935 2492">
    <p class='ocr_par' dir='ltr' id='par_1_26' title="bbox 283 2418 1935 2492">
     <span class='ocr_line' id='line_1_27' title="bbox 283 2418 1935 2492; baseline -0.001 -18"><span class='ocrx_word' id='word_1_172' title='bbox 283 2426 545 2492; x_wconf 88' lang='lat' dir='ltr'><strong>quatuor</strong></span> <span class='ocrx_word' id='word_1_173' title='bbox 573 2419 840 2492; x_wconf 85' lang='lat' dir='ltr'><strong>exempla</strong></span> <span class='ocrx_word' id='word_1_174' title='bbox 870 2438 920 2476; x_wconf 91' lang='lat' dir='ltr'><strong>c.</strong></span> <span class='ocrx_word' id='word_1_175' title='bbox 956 2437 1100 2476; x_wconf 91' lang='lat' dir='ltr'><strong>mss.</strong></span> <span class='ocrx_word' id='word_1_176' title='bbox 1134 2419 1301 2476; x_wconf 88' lang='lat' dir='ltr'><strong>codd.</strong></span> <span class='ocrx_word' id='word_1_177' title='bbox 1336 2418 1467 2475; x_wconf 90' lang='lat' dir='ltr'><strong>coll.</strong></span> <span class='ocrx_word' id='word_1_178' title='bbox 1498 2418 1559 2474; x_wconf 89' lang='lat' dir='ltr'><strong>in</strong></span> <span class='ocrx_word' id='word_1_179' title='bbox 1592 2418 1737 2474; x_wconf 89' lang='lat' dir='ltr'><strong>Bibl.</strong></span> <span class='ocrx_word' id='word_1_180' title='bbox 1775 2420 1935 2474; x_wconf 83' lang='lat' dir='ltr'><strong>Baiu-</strong></span> 
     </span>
    </p>
   </div>
   <div class='ocr_carea' id='block_1_27' title="bbox 281 2508 815 2564">
    <p class='ocr_par' dir='ltr' id='par_1_27' title="bbox 281 2508 815 2564">
     <span class='ocr_line' id='line_1_28' title="bbox 281 2508 815 2564; baseline 0.004 -2"><span class='ocrx_word' id='word_1_181' title='bbox 281 2508 450 2563; x_wconf 87' lang='lat' dir='ltr'><strong>ziana</strong></span> <span class='ocrx_word' id='word_1_182' title='bbox 482 2510 815 2564; x_wconf 79' lang='lat' dir='ltr'><strong>exstabant.</strong></span> 
     </span>
    </p>
   </div>
   <div class='ocr_carea' id='block_1_28' title="bbox 353 2595 1934 2669">
    <p class='ocr_par' dir='ltr' id='par_1_28' title="bbox 353 2595 1934 2669">
     <span class='ocr_line' id='line_1_29' title="bbox 353 2595 1934 2669; baseline 0 -16"><span class='ocrx_word' id='word_1_183' title='bbox 353 2598 438 2653; x_wconf 92' lang='lat' dir='ltr'><strong>De</strong></span> <span class='ocrx_word' id='word_1_184' title='bbox 472 2597 707 2669; x_wconf 88' lang='lat' dir='ltr'><strong>Rigaltii</strong></span> <span class='ocrx_word' id='word_1_185' title='bbox 740 2596 995 2653; x_wconf 88' lang='lat' dir='ltr'><strong>editione</strong></span> <span class='ocrx_word' id='word_1_186' title='bbox 1038 2596 1123 2652; x_wconf 89' lang='lat' dir='ltr'><strong>ita</strong></span> <span class='ocrx_word' id='word_1_187' title='bbox 1175 2600 1376 2652; x_wconf 87' lang='lat' dir='ltr'><strong>censet</strong></span> <span class='ocrx_word' id='word_1_188' title='bbox 1423 2595 1707 2669; x_wconf 90' lang='lat' dir='ltr'><strong>Dupinius</strong></span> <span class='ocrx_word' id='word_1_189' title='bbox 1741 2614 1753 2652; x_wconf 93' lang='lat'><strong>:</strong></span> <span class='ocrx_word' id='word_1_190' title='bbox 1790 2620 1817 2646; x_wconf 85' lang='lat'><strong><em>«</em></strong></span> <span class='ocrx_word' id='word_1_191' title='bbox 1851 2598 1934 2653; x_wconf 89' lang='lat' dir='ltr'><strong>Ad</strong></span> 
     </span>
    </p>
   </div>
   <div class='ocr_carea' id='block_1_29' title="bbox 279 2684 1935 2759">
    <p class='ocr_par' dir='ltr' id='par_1_29' title="bbox 279 2684 1935 2759">
     <span class='ocr_line' id='line_1_30' title="bbox 279 2684 1935 2759; baseline 0 -17"><span class='ocrx_word' id='word_1_192' title='bbox 279 2688 408 2757; x_wconf 84' lang='lat' dir='ltr'><strong>ejus</strong></span> <span class='ocrx_word' id='word_1_193' title='bbox 440 2686 781 2758; x_wconf 83' lang='lat' dir='ltr'><strong>exemplum</strong></span> <span class='ocrx_word' id='word_1_194' title='bbox 813 2686 880 2741; x_wconf 95' lang='lat' dir='ltr'><strong>D.</strong></span> <span class='ocrx_word' id='word_1_195' title='bbox 915 2684 1224 2759; x_wconf 89' lang='lat' dir='ltr'><strong>Rigaltius,</strong></span> <span class='ocrx_word' id='word_1_196' title='bbox 1258 2685 1618 2742; x_wconf 88' lang='lat' dir='ltr'><strong>Tertulliano</strong></span> <span class='ocrx_word' id='word_1_197' title='bbox 1648 2686 1707 2742; x_wconf 91' lang='lat' dir='ltr'><strong>in</strong></span> <span class='ocrx_word' id='word_1_198' title='bbox 1744 2686 1935 2743; x_wconf 90' lang='lat' dir='ltr'><strong>lucem</strong></span> 
     </span>
    </p>
   </div>
   <div class='ocr_carea' id='block_1_30' title="bbox 278 2774 1937 2847">
    <p class='ocr_par' dir='ltr' id='par_1_30' title="bbox 278 2774 1937 2847">
     <span class='ocr_line' id='line_1_31' title="bbox 278 2774 1937 2847; baseline 0.001 -18"><span class='ocrx_word' id='word_1_199' title='bbox 278 2777 526 2841; x_wconf 84' lang='lat' dir='ltr'><strong>emisso,</strong></span> <span class='ocrx_word' id='word_1_200' title='bbox 576 2775 929 2847; x_wconf 81' lang='lat' dir='ltr'><strong>Cyprianum</strong></span> <span class='ocrx_word' id='word_1_201' title='bbox 980 2774 1182 2845; x_wconf 88' lang='lat' dir='ltr'><strong>edidit,</strong></span> <span class='ocrx_word' id='word_1_202' title='bbox 1236 2774 1500 2846; x_wconf 89' lang='lat' dir='ltr'><strong>nihilque</strong></span> <span class='ocrx_word' id='word_1_203' title='bbox 1550 2774 1611 2830; x_wconf 90' lang='lat' dir='ltr'><strong>in</strong></span> <span class='ocrx_word' id='word_1_204' title='bbox 1659 2776 1861 2831; x_wconf 90' lang='lat' dir='ltr'><strong>ordine</strong></span> <span class='ocrx_word' id='word_1_205' title='bbox 1902 2793 1937 2831; x_wconf 91' lang='lat' dir='ltr'><strong>a</strong></span> 
     </span>
    </p>
   </div>
   <div class='ocr_carea' id='block_1_31' title="bbox 278 2862 1935 2934">
    <p class='ocr_par' dir='ltr' id='par_1_31' title="bbox 278 2862 1935 2934">
     <span class='ocr_line' id='line_1_32' title="bbox 278 2862 1935 2934; baseline 0 -17"><span class='ocrx_word' id='word_1_206' title='bbox 278 2863 542 2919; x_wconf 87' lang='lat' dir='ltr'><strong>Pamelio</strong></span> <span class='ocrx_word' id='word_1_207' title='bbox 588 2864 894 2919; x_wconf 88' lang='lat' dir='ltr'><strong>observato</strong></span> <span class='ocrx_word' id='word_1_208' title='bbox 942 2866 1199 2933; x_wconf 87' lang='lat' dir='ltr'><strong>mutans,</strong></span> <span class='ocrx_word' id='word_1_209' title='bbox 1232 2862 1411 2933; x_wconf 87' lang='lat' dir='ltr'><strong>hujus</strong></span> <span class='ocrx_word' id='word_1_210' title='bbox 1459 2863 1713 2919; x_wconf 87' lang='lat' dir='ltr'><strong>auctoris</strong></span> <span class='ocrx_word' id='word_1_211' title='bbox 1761 2879 1935 2934; x_wconf 86' lang='lat' dir='ltr'><strong>Opera</strong></span> 
     </span>
    </p>
   </div>
   <div class='ocr_carea' id='block_1_32' title="bbox 276 2950 1933 3024">
    <p class='ocr_par' dir='ltr' id='par_1_32' title="bbox 276 2950 1933 3024">
     <span class='ocr_line' id='line_1_33' title="bbox 276 2950 1933 3024; baseline 0.001 -18"><span class='ocrx_word' id='word_1_212' title='bbox 276 2956 514 3006; x_wconf 88' lang='lat' dir='ltr'><strong>tantum</strong></span> <span class='ocrx_word' id='word_1_213' title='bbox 540 2952 788 3006; x_wconf 86' lang='lat' dir='ltr'><strong>correxit</strong></span> <span class='ocrx_word' id='word_1_214' title='bbox 807 2966 876 3006; x_wconf 77' lang='lat' dir='ltr'><strong>ex</strong></span> <span class='ocrx_word' id='word_1_215' title='bbox 905 2951 1135 3006; x_wconf 89' lang='lat' dir='ltr'><strong>duobus</strong></span> <span class='ocrx_word' id='word_1_216' title='bbox 1161 2950 1342 3006; x_wconf 64' lang='lat' dir='ltr'><strong>Italia;</strong></span> <span class='ocrx_word' id='word_1_217' title='bbox 1363 2952 1933 3024; x_wconf 69' lang='lat' dir='ltr'><strong>manuscriptis,qum</strong></span> 
     </span>
    </p>
   </div>
   <div class='ocr_carea' id='block_1_33' title="bbox 276 3038 1933 3111">
    <p class='ocr_par' dir='ltr' id='par_1_33' title="bbox 276 3038 1933 3111">
     <span class='ocr_line' id='line_1_34' title="bbox 276 3038 1933 3111; baseline 0.001 -18"><span class='ocrx_word' id='word_1_218' title='bbox 276 3040 347 3095; x_wconf 91' lang='lat' dir='ltr'><strong>de</strong></span> <span class='ocrx_word' id='word_1_219' title='bbox 378 3038 679 3103; x_wconf 77' lang='lat' dir='ltr'><strong>Monchal,</strong></span> <span class='ocrx_word' id='word_1_220' title='bbox 715 3038 1192 3111; x_wconf 83' lang='lat' dir='ltr'><strong>archiepiscopus</strong></span> <span class='ocrx_word' id='word_1_221' title='bbox 1228 3038 1573 3111; x_wconf 88' lang='lat' dir='ltr'><strong>Tolosanus,</strong></span> <span class='ocrx_word' id='word_1_222' title='bbox 1609 3041 1680 3096; x_wconf 89' lang='lat' dir='ltr'><strong>ad</strong></span> <span class='ocrx_word' id='word_1_223' title='bbox 1712 3040 1933 3111; x_wconf 87' lang='lat' dir='ltr'><strong>margi-</strong></span> 
     </span>
    </p>
   </div>
   <div class='ocr_carea' id='block_1_34' title="bbox 276 3126 1933 3202">
    <p class='ocr_par' dir='ltr' id='par_1_34' title="bbox 276 3126 1933 3202">
     <span class='ocr_line' id='line_1_35' title="bbox 276 3126 1933 3202; baseline 0.003 -20"><span class='ocrx_word' id='word_1_224' title='bbox 276 3145 406 3184; x_wconf 89' lang='lat' dir='ltr'><strong>nem</strong></span> <span class='ocrx_word' id='word_1_225' title='bbox 442 3129 721 3200; x_wconf 77' lang='lat' dir='ltr'><strong>Cypriani</strong></span> <span class='ocrx_word' id='word_1_226' title='bbox 753 3128 843 3183; x_wconf 89' lang='lat' dir='ltr'><strong>sui</strong></span> <span class='ocrx_word' id='word_1_227' title='bbox 874 3126 1246 3199; x_wconf 88' lang='lat' dir='ltr'><strong>ascripserat,</strong></span> <span class='ocrx_word' id='word_1_228' title='bbox 1278 3134 1565 3201; x_wconf 88' lang='lat' dir='ltr'><strong>notasque</strong></span> <span class='ocrx_word' id='word_1_229' title='bbox 1584 3132 1933 3202; x_wconf 86' lang='lat' dir='ltr'><strong>conscripsit</strong></span> 
     </span>
    </p>
   </div>
   <div class='ocr_carea' id='block_1_35' title="bbox 275 3216 1926 3289">
    <p class='ocr_par' dir='ltr' id='par_1_35' title="bbox 275 3216 1926 3289">
     <span class='ocr_line' id='line_1_36' title="bbox 275 3216 1926 3289; baseline 0.002 -18"><span class='ocrx_word' id='word_1_230' title='bbox 275 3219 343 3271; x_wconf 81' lang='lat' dir='ltr'><strong>ad</strong></span> <span class='ocrx_word' id='word_1_231' title='bbox 376 3218 513 3272; x_wconf 87' lang='lat' dir='ltr'><strong>loca</strong></span> <span class='ocrx_word' id='word_1_232' title='bbox 560 3216 824 3272; x_wconf 76' lang='lat' dir='ltr'><strong>difficilia</strong></span> <span class='ocrx_word' id='word_1_233' title='bbox 870 3216 1233 3289; x_wconf 81' lang='lat' dir='ltr'><strong>explicanda,</strong></span> <span class='ocrx_word' id='word_1_234' title='bbox 1274 3223 1330 3272; x_wconf 89' lang='lat' dir='ltr'><strong>et</strong></span> <span class='ocrx_word' id='word_1_235' title='bbox 1375 3218 1807 3275; x_wconf 85' lang='lat' dir='ltr'><strong>observationes</strong></span> <span class='ocrx_word' id='word_1_236' title='bbox 1857 3221 1926 3275; x_wconf 90' lang='lat' dir='ltr'><strong>ad</strong></span> 
     </span>
    </p>
   </div>
   <div class='ocr_carea' id='block_1_36' title="bbox 276 3304 1925 3377">
    <p class='ocr_par' dir='ltr' id='par_1_36' title="bbox 276 3304 1925 3377">
     <span class='ocr_line' id='line_1_37' title="bbox 276 3304 1925 3377; baseline 0.002 -18"><span class='ocrx_word' id='word_1_237' title='bbox 276 3305 661 3377; x_wconf 82' lang='lat' dir='ltr'><strong>disciplinam</strong></span> <span class='ocrx_word' id='word_1_238' title='bbox 710 3304 923 3361; x_wconf 90' lang='lat' dir='ltr'><strong>horum</strong></span> <span class='ocrx_word' id='word_1_239' title='bbox 953 3309 1284 3377; x_wconf 87' lang='lat' dir='ltr'><strong>temporum</strong></span> <span class='ocrx_word' id='word_1_240' title='bbox 1332 3305 1783 3375; x_wconf 89' lang='lat' dir='ltr'><strong>illustrandam;</strong></span> <span class='ocrx_word' id='word_1_241' title='bbox 1827 3309 1925 3363; x_wconf 81' lang='lat' dir='ltr'><strong>ha-</strong></span> 
     </span>
    </p>
   </div>
   <div class='ocr_carea' id='block_1_37' title="bbox 274 3392 1931 3467">
    <p class='ocr_par' dir='ltr' id='par_1_37' title="bbox 274 3392 1931 3467">
     <span class='ocr_line' id='line_1_38' title="bbox 274 3392 1931 3467; baseline 0.001 -20"><span class='ocrx_word' id='word_1_242' title='bbox 274 3410 405 3447; x_wconf 82' lang='lat' dir='ltr'><strong>rum</strong></span> <span class='ocrx_word' id='word_1_243' title='bbox 439 3393 922 3449; x_wconf 81' lang='lat' dir='ltr'><strong>Observationum</strong></span> <span class='ocrx_word' id='word_1_244' title='bbox 955 3392 1253 3449; x_wconf 64' lang='lat' dir='ltr'><strong>nonnulla:</strong></span> <span class='ocrx_word' id='word_1_245' title='bbox 1301 3395 1552 3451; x_wconf 89' lang='lat' dir='ltr'><strong>audaces</strong></span> <span class='ocrx_word' id='word_1_246' title='bbox 1582 3396 1817 3467; x_wconf 88' lang='lat' dir='ltr'><strong>quidem</strong></span> <span class='ocrx_word' id='word_1_247' title='bbox 1852 3398 1931 3450; x_wconf 87' lang='lat' dir='ltr'><strong>vi-</strong></span> 
     </span>
    </p>
   </div>
   <div class='ocr_carea' id='block_1_38' title="bbox 274 3481 1932 3553">
    <p class='ocr_par' dir='ltr' id='par_1_38' title="bbox 274 3481 1932 3553">
     <span class='ocr_line' id='line_1_39' title="bbox 274 3481 1932 3553; baseline 0.002 -18"><span class='ocrx_word' id='word_1_248' title='bbox 274 3482 520 3549; x_wconf 86' lang='lat' dir='ltr'><strong>dentur,</strong></span> <span class='ocrx_word' id='word_1_249' title='bbox 554 3488 616 3535; x_wconf 88' lang='lat' dir='ltr'><strong>at</strong></span> <span class='ocrx_word' id='word_1_250' title='bbox 640 3496 736 3536; x_wconf 84' lang='lat' dir='ltr'><strong>eas</strong></span> <span class='ocrx_word' id='word_1_251' title='bbox 765 3482 824 3536; x_wconf 91' lang='lat' dir='ltr'><strong>in</strong></span> <span class='ocrx_word' id='word_1_252' title='bbox 859 3481 1195 3553; x_wconf 66' lang='lat' dir='ltr'><strong>praefatione</strong></span> <span class='ocrx_word' id='word_1_253' title='bbox 1225 3498 1502 3538; x_wconf 85' lang='lat' dir='ltr'><strong>excusare</strong></span> <span class='ocrx_word' id='word_1_254' title='bbox 1524 3492 1781 3539; x_wconf 86' lang='lat' dir='ltr'><strong>conatur.</strong></span> <span class='ocrx_word' id='word_1_255' title='bbox 1815 3486 1932 3538; x_wconf 88' lang='lat' dir='ltr'><strong>Ad-</strong></span> 
     </span>
    </p>
   </div>
   <div class='ocr_carea' id='block_1_39' title="bbox 274 3569 1930 3642">
    <p class='ocr_par' dir='ltr' id='par_1_39' title="bbox 274 3569 1930 3642">
     <span class='ocr_line' id='line_1_40' title="bbox 274 3569 1930 3642; baseline 0.001 -17"><span class='ocrx_word' id='word_1_256' title='bbox 274 3572 359 3625; x_wconf 88' lang='lat' dir='ltr'><strong>dit</strong></span> <span class='ocrx_word' id='word_1_257' title='bbox 392 3570 704 3642; x_wconf 85' lang='lat' dir='ltr'><strong>Remigius</strong></span> <span class='ocrx_word' id='word_1_258' title='bbox 735 3570 982 3641; x_wconf 89' lang='lat' dir='ltr'><strong>Ceillier,</strong></span> <span class='ocrx_word' id='word_1_259' title='bbox 1014 3571 1167 3642; x_wconf 90' lang='lat' dir='ltr'><strong>quod</strong></span> <span class='ocrx_word' id='word_1_260' title='bbox 1199 3569 1456 3627; x_wconf 89' lang='lat' dir='ltr'><strong>liberalis</strong></span> <span class='ocrx_word' id='word_1_261' title='bbox 1488 3570 1722 3642; x_wconf 87' lang='lat' dir='ltr'><strong>Rigaltii</strong></span> <span class='ocrx_word' id='word_1_262' title='bbox 1752 3574 1930 3627; x_wconf 88' lang='lat' dir='ltr'><strong>auda-</strong></span> 
     </span>
    </p>
   </div>
   <div class='ocr_carea' id='block_1_40' title="bbox 273 3658 1930 3733">
    <p class='ocr_par' dir='ltr' id='par_1_40' title="bbox 273 3658 1930 3733">
     <span class='ocr_line' id='line_1_41' title="bbox 273 3658 1930 3733; baseline 0.002 -19"><span class='ocrx_word' id='word_1_263' title='bbox 273 3660 381 3730; x_wconf 86' lang='lat' dir='ltr'><strong>cia,</strong></span> <span class='ocrx_word' id='word_1_264' title='bbox 416 3676 541 3730; x_wconf 89' lang='lat' dir='ltr'><strong>qua</strong></span> <span class='ocrx_word' id='word_1_265' title='bbox 563 3659 686 3714; x_wconf 89' lang='lat' dir='ltr'><strong>suis</strong></span> <span class='ocrx_word' id='word_1_266' title='bbox 706 3660 1153 3715; x_wconf 91' lang='lat' dir='ltr'><strong>Commentariis</strong></span> <span class='ocrx_word' id='word_1_267' title='bbox 1173 3658 1300 3715; x_wconf 91' lang='lat' dir='ltr'><strong>loco</strong></span> <span class='ocrx_word' id='word_1_268' title='bbox 1329 3661 1593 3731; x_wconf 63' lang='lat' dir='ltr'><strong>quadam</strong></span> <span class='ocrx_word' id='word_1_269' title='bbox 1611 3660 1677 3715; x_wconf 90' lang='lat' dir='ltr'><strong>D.</strong></span> <span class='ocrx_word' id='word_1_270' title='bbox 1696 3662 1862 3733; x_wconf 88' lang='lat' dir='ltr'><strong>Cypri</strong></span> <span class='ocrx_word' id='word_1_271' title='bbox 1872 3678 1930 3717; x_wconf 90' lang='lat' dir='ltr'><strong>a-</strong></span> 
     </span>
    </p>
   </div>
   <div class='ocr_carea' id='block_1_41' title="bbox 274 3748 1927 3821">
    <p class='ocr_par' dir='ltr' id='par_1_41' title="bbox 274 3748 1927 3821">
     <span class='ocr_line' id='line_1_42' title="bbox 274 3748 1927 3821; baseline 0.001 -18"><span class='ocrx_word' id='word_1_272' title='bbox 274 3751 328 3803; x_wconf 89' lang='lat' dir='ltr'><strong>ni</strong></span> <span class='ocrx_word' id='word_1_273' title='bbox 380 3751 799 3821; x_wconf 66' lang='lat' dir='ltr'><strong>praarogativas</strong></span> <span class='ocrx_word' id='word_1_274' title='bbox 847 3748 1246 3804; x_wconf 88' lang='lat' dir='ltr'><strong>Romanorum</strong></span> <span class='ocrx_word' id='word_1_275' title='bbox 1295 3748 1698 3821; x_wconf 90' lang='lat' dir='ltr'><strong>episcoporum</strong></span> <span class='ocrx_word' id='word_1_276' title='bbox 1749 3752 1927 3805; x_wconf 82' lang='lat' dir='ltr'><strong>stabi-</strong></span> 
     </span>
    </p>
   </div>
   <div class='ocr_carea' id='block_1_42' title="bbox 271 3837 1928 3908">
    <p class='ocr_par' dir='ltr' id='par_1_42' title="bbox 271 3837 1928 3908">
     <span class='ocr_line' id='line_1_43' title="bbox 271 3837 1928 3908; baseline 0.002 -19"><span class='ocrx_word' id='word_1_277' title='bbox 271 3837 481 3892; x_wconf 87' lang='lat' dir='ltr'><strong>lientia</strong></span> <span class='ocrx_word' id='word_1_278' title='bbox 514 3853 787 3893; x_wconf 86' lang='lat' dir='ltr'><strong>enervare</strong></span> <span class='ocrx_word' id='word_1_279' title='bbox 829 3837 1144 3907; x_wconf 89' lang='lat' dir='ltr'><strong>studuerit,</strong></span> <span class='ocrx_word' id='word_1_280' title='bbox 1178 3853 1290 3893; x_wconf 90' lang='lat' dir='ltr'><strong>non</strong></span> <span class='ocrx_word' id='word_1_281' title='bbox 1337 3853 1557 3908; x_wconf 86' lang='lat' dir='ltr'><strong>paucos</strong></span> <span class='ocrx_word' id='word_1_282' title='bbox 1600 3838 1788 3893; x_wconf 91' lang='lat' dir='ltr'><strong>eidem</strong></span> <span class='ocrx_word' id='word_1_283' title='bbox 1824 3840 1928 3893; x_wconf 83' lang='lat' dir='ltr'><strong>ad-</strong></span> 
     </span>
    </p>
   </div>
   <div class='ocr_carea' id='block_1_43' title="bbox 268 3924 1930 3998">
    <p class='ocr_par' dir='ltr' id='par_1_43' title="bbox 268 3924 1930 3998">
     <span class='ocr_line' id='line_1_44' title="bbox 268 3924 1930 3998; baseline 0.002 -21"><span class='ocrx_word' id='word_1_284' title='bbox 268 3925 566 3980; x_wconf 88' lang='lat' dir='ltr'><strong>versarios</strong></span> <span class='ocrx_word' id='word_1_285' title='bbox 601 3924 888 3990; x_wconf 86' lang='lat' dir='ltr'><strong>conﬂarit,</strong></span> <span class='ocrx_word' id='word_1_286' title='bbox 938 3924 1092 3980; x_wconf 91' lang='lat' dir='ltr'><strong>inter</strong></span> <span class='ocrx_word' id='word_1_287' title='bbox 1138 3942 1285 3996; x_wconf 90' lang='lat' dir='ltr'><strong>quos</strong></span> <span class='ocrx_word' id='word_1_288' title='bbox 1334 3926 1621 3997; x_wconf 69' lang='lat' dir='ltr'><strong>praecipue</strong></span> <span class='ocrx_word' id='word_1_289' title='bbox 1668 3926 1930 3998; x_wconf 81' lang='lat' dir='ltr'><strong>Albaspi-</strong></span> 
     </span>
    </p>
   </div>
   <div class='ocr_carea' id='block_1_44' title="bbox 270 4012 1927 4087">
    <p class='ocr_par' dir='ltr' id='par_1_44' title="bbox 270 4012 1927 4087">
     <span class='ocr_line' id='line_1_45' title="bbox 270 4012 1927 4087; baseline 0.002 -21"><span class='ocrx_word' id='word_1_290' title='bbox 270 4030 462 4077; x_wconf 64' lang='lat' dir='ltr'><strong>naeus,</strong></span> <span class='ocrx_word' id='word_1_291' title='bbox 492 4014 616 4084; x_wconf 90' lang='lat' dir='ltr'><strong>qui,</strong></span> <span class='ocrx_word' id='word_1_292' title='bbox 648 4018 794 4068; x_wconf 90' lang='lat' dir='ltr'><strong>teste</strong></span> <span class='ocrx_word' id='word_1_293' title='bbox 824 4013 1068 4085; x_wconf 88' lang='lat' dir='ltr'><strong>Hugone</strong></span> <span class='ocrx_word' id='word_1_294' title='bbox 1096 4012 1293 4069; x_wconf 88' lang='lat' dir='ltr'><strong>Grotio</strong></span> <span class='ocrx_word' id='word_1_295' title='bbox 1323 4014 1527 4086; x_wconf 87' lang='lat' dir='ltr'><strong>(Epist.</strong></span> <span class='ocrx_word' id='word_1_296' title='bbox 1552 4015 1624 4070; x_wconf 89' lang='lat' dir='ltr'><strong>ad</strong></span> <span class='ocrx_word' id='word_1_297' title='bbox 1656 4015 1927 4087; x_wconf 82' lang='lat' dir='ltr'><strong>Salmas.,</strong></span> 
     </span>
    </p>
   </div>
   <div class='ocr_carea' id='block_1_45' title="bbox 270 4101 1928 4173">
    <p class='ocr_par' dir='ltr' id='par_1_45' title="bbox 270 4101 1928 4173">
     <span class='ocr_line' id='line_1_46' title="bbox 270 4101 1928 4173; baseline 0.003 -19"><span class='ocrx_word' id='word_1_298' title='bbox 270 4117 325 4171; x_wconf 90' lang='lat' dir='ltr'><strong>p.</strong></span> <span class='ocrx_word' id='word_1_299' title='bbox 358 4101 518 4171; x_wconf 77' lang='lat'><strong>323),</strong></span> <span class='ocrx_word' id='word_1_300' title='bbox 552 4102 823 4156; x_wconf 87' lang='lat' dir='ltr'><strong>eumdem</strong></span> <span class='ocrx_word' id='word_1_301' title='bbox 870 4105 1155 4173; x_wconf 91' lang='lat' dir='ltr'><strong>tanquam</strong></span> <span class='ocrx_word' id='word_1_302' title='bbox 1202 4102 1535 4158; x_wconf 72' lang='lat' dir='ltr'><strong>haereticum</strong></span> <span class='ocrx_word' id='word_1_303' title='bbox 1585 4104 1928 4159; x_wconf 75' lang='lat' dir='ltr'><strong>denuntias-</strong></span> 
     </span>
    </p>
   </div>
   <div class='ocr_carea' id='block_1_46' title="bbox 269 4188 1923 4261">
    <p class='ocr_par' dir='ltr' id='par_1_46' title="bbox 269 4188 1923 4261">
     <span class='ocr_line' id='line_1_47' title="bbox 269 4188 1923 4261; baseline 0.001 -18"><span class='ocrx_word' id='word_1_304' title='bbox 269 4195 378 4257; x_wconf 89' lang='lat' dir='ltr'><strong>set,</strong></span> <span class='ocrx_word' id='word_1_305' title='bbox 444 4188 561 4242; x_wconf 88' lang='lat' dir='ltr'><strong>nisi</strong></span> <span class='ocrx_word' id='word_1_306' title='bbox 614 4206 772 4244; x_wconf 90' lang='lat' dir='ltr'><strong>mors</strong></span> <span class='ocrx_word' id='word_1_307' title='bbox 828 4191 1095 4261; x_wconf 88' lang='lat' dir='ltr'><strong>ejusdem</strong></span> <span class='ocrx_word' id='word_1_308' title='bbox 1144 4190 1452 4247; x_wconf 88' lang='lat' dir='ltr'><strong>conatibus</strong></span> <span class='ocrx_word' id='word_1_309' title='bbox 1498 4190 1923 4247; x_wconf 84' lang='lat' dir='ltr'><strong>intervenisset.</strong></span> 
     </span>
    </p>
   </div>
   <div class='ocr_carea' id='block_1_47' title="bbox 266 4277 1925 4352">
    <p class='ocr_par' dir='ltr' id='par_1_47' title="bbox 266 4277 1925 4352">
     <span class='ocr_line' id='line_1_48' title="bbox 266 4277 1925 4352; baseline 0.004 -21"><span class='ocrx_word' id='word_1_310' title='bbox 266 4277 419 4332; x_wconf 79' lang='lat' dir='ltr'><strong>Male</strong></span> <span class='ocrx_word' id='word_1_311' title='bbox 453 4294 687 4348; x_wconf 89' lang='lat' dir='ltr'><strong>quoque</strong></span> <span class='ocrx_word' id='word_1_312' title='bbox 735 4278 902 4333; x_wconf 91' lang='lat' dir='ltr'><strong>audit</strong></span> <span class='ocrx_word' id='word_1_313' title='bbox 941 4280 1095 4351; x_wconf 90' lang='lat' dir='ltr'><strong>apud</strong></span> <span class='ocrx_word' id='word_1_314' title='bbox 1149 4279 1470 4351; x_wconf 86' lang='lat' dir='ltr'><strong>theologos,</strong></span> <span class='ocrx_word' id='word_1_315' title='bbox 1519 4282 1669 4352; x_wconf 91' lang='lat' dir='ltr'><strong>quod</strong></span> <span class='ocrx_word' id='word_1_316' title='bbox 1705 4281 1925 4351; x_wconf 87' lang='lat' dir='ltr'><strong>Baptis-</strong></span> 
     </span>
    </p>
   </div>
   <div class='ocr_carea' id='block_1_48' title="bbox 268 4366 1923 4440">
    <p class='ocr_par' dir='ltr' id='par_1_48' title="bbox 268 4366 1923 4440">
     <span class='ocr_line' id='line_1_49' title="bbox 268 4366 1923 4440; baseline 0.004 -20"><span class='ocrx_word' id='word_1_317' title='bbox 268 4384 437 4420; x_wconf 91' lang='lat' dir='ltr'><strong>mum</strong></span> <span class='ocrx_word' id='word_1_318' title='bbox 476 4366 791 4421; x_wconf 79' lang='lat' dir='ltr'><strong>infantium</strong></span> <span class='ocrx_word' id='word_1_319' title='bbox 814 4367 1151 4423; x_wconf 89' lang='lat' dir='ltr'><strong>traditionis</strong></span> <span class='ocrx_word' id='word_1_320' title='bbox 1181 4384 1309 4423; x_wconf 89' lang='lat' dir='ltr'><strong>esse</strong></span> <span class='ocrx_word' id='word_1_321' title='bbox 1340 4369 1665 4440; x_wconf 66' lang='lat' dir='ltr'><strong>apostolicis</strong></span> <span class='ocrx_word' id='word_1_322' title='bbox 1696 4370 1923 4426; x_wconf 80' lang='lat' dir='ltr'><strong>inﬁcia-</strong></span> 
     </span>
    </p>
   </div>
   <div class='ocr_carea' id='block_1_49' title="bbox 265 4456 599 4511">
    <p class='ocr_par' dir='ltr' id='par_1_49' title="bbox 265 4456 599 4511">
     <span class='ocr_line' id='line_1_50' title="bbox 265 4456 599 4511; baseline 0.009 -5"><span class='ocrx_word' id='word_1_323' title='bbox 265 4460 363 4511; x_wconf 88' lang='lat' dir='ltr'><strong>tns</strong></span> <span class='ocrx_word' id='word_1_324' title='bbox 398 4456 599 4510; x_wconf 84' lang='lat' dir='ltr'><strong>fuerit.</strong></span> 
     </span>
    </p>
   </div>
   <div class='ocr_carea' id='block_1_50' title="bbox 1016 4545 1174 4600">
    <p class='ocr_par' dir='ltr' id='par_1_50' title="bbox 1016 4545 1174 4600">
     <span class='ocr_line' id='line_1_51' title="bbox 1016 4545 1174 4600; baseline 0.013 -2"><span class='ocrx_word' id='word_1_325' title='bbox 1016 4545 1174 4600; x_wconf 86' lang='grc'>1649.</span> 
     </span>
    </p>
   </div>
   <div class='ocr_carea' id='block_1_51' title="bbox 1759 402 2196 465">
    <p class='ocr_par' dir='ltr' id='par_1_51' title="bbox 1759 402 2196 465">
     <span class='ocr_line' id='line_1_52' title="bbox 1759 402 2196 465; baseline 0.007 -4"><span class='ocrx_word' id='word_1_326' title='bbox 1759 402 2170 465; x_wconf 82' lang='lat' dir='ltr'><strong>EDITORUM</strong></span> <span class='ocrx_word' id='word_1_327' title='bbox 2180 447 2196 464; x_wconf 96' lang='lat'><strong>.</strong></span> 
     </span>
    </p>
   </div>
   <div class='ocr_carea' id='block_1_52' title="bbox 297 529 2019 599">
    <p class='ocr_par' dir='ltr' id='par_1_52' title="bbox 297 529 2019 599">
     <span class='ocr_line' id='line_1_53' title="bbox 297 529 2019 599; baseline -0.004 -14"><span class='ocrx_word' id='word_1_328' title='bbox 297 533 664 599; x_wconf 78' lang='lat' dir='ltr'><strong>AdEpistolas</strong></span> <span class='ocrx_word' id='word_1_329' title='bbox 690 537 747 599; x_wconf 79' lang='lat' dir='ltr'><strong>et</strong></span> <span class='ocrx_word' id='word_1_330' title='bbox 758 529 1544 599; x_wconf 65' lang='lat' dir='ltr'><strong>Tractatus,_itigaltlusinquit,</strong></span> <span class='ocrx_word' id='word_1_331' title='bbox 1567 532 1776 599; x_wconf 68' lang='lat' dir='ltr'><strong>ostendi</strong></span> <span class='ocrx_word' id='word_1_332' title='bbox 1800 544 1935 599; x_wconf 67' lang='lat' dir='ltr'><strong>pris-</strong></span> <span class='ocrx_word' id='word_1_333' title='bbox 1964 534 2019 599; x_wconf 76' lang='grc' dir='ltr'><strong>Α</strong></span> 
     </span>
    </p>
   </div>
   <div class='ocr_carea' id='block_1_53' title="bbox 3485 419 3694 466">
    <p class='ocr_par' dir='ltr' id='par_1_53' title="bbox 3485 419 3694 466">
     <span class='ocr_line' id='line_1_54' title="bbox 3485 419 3694 466; baseline 0.005 -1"><span class='ocrx_word' id='word_1_334' title='bbox 3485 419 3694 466; x_wconf 76' lang='lat' dir='ltr'><strong>LXXX&quot;</strong></span> 
     </span>
    </p>
   </div>
   <div class='ocr_carea' id='block_1_54' title="bbox 2120 622 3687 695">
    <p class='ocr_par' dir='ltr' id='par_1_54' title="bbox 2120 622 3687 695">
     <span class='ocr_line' id='line_1_55' title="bbox 2120 622 3687 695; baseline 0.001 -18"><span class='ocrx_word' id='word_1_335' title='bbox 2120 623 2299 678; x_wconf 73' lang='lat' dir='ltr'><strong>Versio</strong></span> <span class='ocrx_word' id='word_1_336' title='bbox 2358 622 2564 678; x_wconf 79' lang='lat' dir='ltr'><strong>Gallica</strong></span> <span class='ocrx_word' id='word_1_337' title='bbox 2611 623 2705 679; x_wconf 90' lang='lat' dir='ltr'><strong>VI.</strong></span> <span class='ocrx_word' id='word_1_338' title='bbox 2755 624 3058 680; x_wconf 83' lang='lat' dir='ltr'><strong>Referente</strong></span> <span class='ocrx_word' id='word_1_339' title='bbox 3115 625 3319 680; x_wconf 89' lang='lat' dir='ltr'><strong>eodem</strong></span> <span class='ocrx_word' id='word_1_340' title='bbox 3377 624 3687 695; x_wconf 88' lang='lat' dir='ltr'><strong>Ceillierio,</strong></span> 
     </span>
    </p>
   </div>
   <div class='ocr_carea' id='block_1_55' title="bbox 2043 713 3686 785">
    <p class='ocr_par' dir='ltr' id='par_1_55' title="bbox 2043 713 3686 785">
     <span class='ocr_line' id='line_1_56' title="bbox 2043 713 3686 785; baseline 0.002 -20"><span class='ocrx_word' id='word_1_341' title='bbox 2043 715 2328 765; x_wconf 90' lang='lat' dir='ltr'><strong>tractatus</strong></span> <span class='ocrx_word' id='word_1_342' title='bbox 2381 716 2440 765; x_wconf 78' lang='grc' dir='ltr'><strong>Ο.</strong></span> <span class='ocrx_word' id='word_1_343' title='bbox 2487 713 2750 784; x_wconf 83' lang='lat' dir='ltr'><strong>Cypriani</strong></span> <span class='ocrx_word' id='word_1_344' title='bbox 2800 714 2869 768; x_wconf 91' lang='lat' dir='ltr'><strong>de</strong></span> <span class='ocrx_word' id='word_1_345' title='bbox 2909 714 3287 785; x_wconf 89' lang='lat' dir='ltr'><strong>Eleemosyna</strong></span> <span class='ocrx_word' id='word_1_346' title='bbox 3336 714 3584 769; x_wconf 88' lang='lat' dir='ltr'><strong>habetur</strong></span> <span class='ocrx_word' id='word_1_347' title='bbox 3616 716 3686 768; x_wconf 87' lang='lat' dir='ltr'><strong>ad</strong></span> 
     </span>
    </p>
   </div>
   <div class='ocr_carea' id='block_1_56' title="bbox 2047 799 3687 873">
    <p class='ocr_par' dir='ltr' id='par_1_56' title="bbox 2047 799 3687 873">
     <span class='ocr_line' id='line_1_57' title="bbox 2047 799 3687 873; baseline 0.002 -19"><span class='ocrx_word' id='word_1_348' title='bbox 2047 800 2220 855; x_wconf 84' lang='lat' dir='ltr'><strong>ﬁnem</strong></span> <span class='ocrx_word' id='word_1_349' title='bbox 2270 799 2582 856; x_wconf 86' lang='lat' dir='ltr'><strong>voluminis</strong></span> <span class='ocrx_word' id='word_1_350' title='bbox 2631 802 2870 856; x_wconf 90' lang='lat' dir='ltr'><strong>secundi</strong></span> <span class='ocrx_word' id='word_1_351' title='bbox 2922 802 3150 857; x_wconf 88' lang='lat' dir='ltr'><strong>abbatis</strong></span> <span class='ocrx_word' id='word_1_352' title='bbox 3199 802 3335 856; x_wconf 89' lang='lat' dir='ltr'><strong>San.</strong></span> <span class='ocrx_word' id='word_1_353' title='bbox 3377 803 3582 873; x_wconf 83' lang='lat' dir='ltr'><strong>Cyrani</strong></span> <span class='ocrx_word' id='word_1_354' title='bbox 3618 804 3687 857; x_wconf 93' lang='lat' dir='ltr'><strong>de</strong></span> 
     </span>
    </p>
   </div>
   <div class='ocr_carea' id='block_1_57' title="bbox 2044 888 3687 963">
    <p class='ocr_par' dir='ltr' id='par_1_57' title="bbox 2044 888 3687 963">
     <span class='ocr_line' id='line_1_58' title="bbox 2044 888 3687 963; baseline 0.002 -20"><span class='ocrx_word' id='word_1_355' title='bbox 2044 888 2424 961; x_wconf 86' lang='lat' dir='ltr'><strong>Eleemosyna</strong></span> <span class='ocrx_word' id='word_1_356' title='bbox 2453 889 2793 955; x_wconf 88' lang='lat' dir='ltr'><strong>christiana,</strong></span> <span class='ocrx_word' id='word_1_357' title='bbox 2823 890 2974 945; x_wconf 89' lang='lat' dir='ltr'><strong>inter</strong></span> <span class='ocrx_word' id='word_1_358' title='bbox 3023 890 3243 962; x_wconf 67' lang='lat' dir='ltr'><strong>praefati</strong></span> <span class='ocrx_word' id='word_1_359' title='bbox 3276 891 3511 946; x_wconf 87' lang='lat' dir='ltr'><strong>abbatis</strong></span> <span class='ocrx_word' id='word_1_360' title='bbox 3543 908 3687 963; x_wconf 89' lang='lat' dir='ltr'><strong>opu-</strong></span> 
     </span>
    </p>
   </div>
   <div class='ocr_carea' id='block_1_58' title="bbox 2048 978 2198 1033">
    <p class='ocr_par' dir='ltr' id='par_1_58' title="bbox 2048 978 2198 1033">
     <span class='ocr_line' id='line_1_59' title="bbox 2048 978 2198 1033; baseline -0.007 0"><span class='ocrx_word' id='word_1_361' title='bbox 2048 978 2198 1033; x_wconf 91' lang='lat' dir='ltr'><strong>cula.</strong></span> 
     </span>
    </p>
   </div>
   <div class='ocr_carea' id='block_1_59' title="bbox 2791 1066 2949 1121">
    <p class='ocr_par' dir='ltr' id='par_1_59' title="bbox 2791 1066 2949 1121">
     <span class='ocr_line' id='line_1_60' title="bbox 2791 1066 2949 1121; baseline -0.006 0"><span class='ocrx_word' id='word_1_362' title='bbox 2791 1066 2949 1121; x_wconf 90' lang='lat'><strong>1666.</strong></span> 
     </span>
    </p>
   </div>
   <div class='ocr_carea' id='block_1_60' title="bbox 2118 1154 3689 1227">
    <p class='ocr_par' dir='ltr' id='par_1_60' title="bbox 2118 1154 3689 1227">
     <span class='ocr_line' id='line_1_61' title="bbox 2118 1154 3689 1227; baseline 0.002 -19"><span class='ocrx_word' id='word_1_363' title='bbox 2118 1154 2217 1208; x_wconf 87' lang='lat' dir='ltr'><strong>En.</strong></span> <span class='ocrx_word' id='word_1_364' title='bbox 2249 1154 2585 1222; x_wconf 77' lang='lat' dir='ltr'><strong>PRIORIANA,</strong></span> <span class='ocrx_word' id='word_1_365' title='bbox 2620 1158 2983 1210; x_wconf 73' lang='lat' dir='ltr'><strong>PARISIENSIS</strong></span> <span class='ocrx_word' id='word_1_366' title='bbox 3013 1154 3127 1209; x_wconf 83' lang='lat' dir='ltr'><strong>XV.</strong></span> <span class='ocrx_word' id='word_1_367' title='bbox 3159 1185 3229 1195; x_wconf 89' lang='lat'><strong>-—</strong></span> <span class='ocrx_word' id='word_1_368' title='bbox 3259 1154 3438 1210; x_wconf 90' lang='lat' dir='ltr'><strong>Paris.</strong></span> <span class='ocrx_word' id='word_1_369' title='bbox 3476 1172 3567 1227; x_wconf 86' lang='lat' dir='ltr'><strong>ap.</strong></span> <span class='ocrx_word' id='word_1_370' title='bbox 3600 1157 3689 1211; x_wconf 85' lang='lat' dir='ltr'><strong>Jo.</strong></span> 
     </span>
    </p>
   </div>
   <div class='ocr_carea' id='block_1_61' title="bbox 2047 1242 3690 1315">
    <p class='ocr_par' dir='ltr' id='par_1_61' title="bbox 2047 1242 3690 1315">
     <span class='ocr_line' id='line_1_62' title="bbox 2047 1242 3690 1315; baseline 0.001 -19"><span class='ocrx_word' id='word_1_371' title='bbox 2047 1242 2288 1314; x_wconf 90' lang='lat' dir='ltr'><strong>Dupuis,</strong></span> <span class='ocrx_word' id='word_1_372' title='bbox 2324 1244 2482 1297; x_wconf 72' lang='lat' dir='ltr'><strong>in-l“.</strong></span> <span class='ocrx_word' id='word_1_373' title='bbox 2515 1244 2596 1297; x_wconf 84' lang='lat' dir='ltr'><strong>Ex</strong></span> <span class='ocrx_word' id='word_1_374' title='bbox 2647 1243 2899 1297; x_wconf 89' lang='lat' dir='ltr'><strong>editione</strong></span> <span class='ocrx_word' id='word_1_375' title='bbox 2953 1242 3205 1315; x_wconf 84' lang='lat' dir='ltr'><strong>Rigaltii,</strong></span> <span class='ocrx_word' id='word_1_376' title='bbox 3238 1259 3372 1298; x_wconf 90' lang='lat' dir='ltr'><strong>cum</strong></span> <span class='ocrx_word' id='word_1_377' title='bbox 3426 1246 3690 1313; x_wconf 89' lang='lat' dir='ltr'><strong>ejusdem</strong></span> 
     </span>
    </p>
   </div>
   <div class='ocr_carea' id='block_1_62' title="bbox 2047 1330 3689 1402">
    <p class='ocr_par' dir='ltr' id='par_1_62' title="bbox 2047 1330 3689 1402">
     <span class='ocr_line' id='line_1_63' title="bbox 2047 1330 3689 1402; baseline 0.001 -16"><span class='ocrx_word' id='word_1_378' title='bbox 2047 1331 2521 1387; x_wconf 83' lang='lat' dir='ltr'><strong>annotationibus</strong></span> <span class='ocrx_word' id='word_1_379' title='bbox 2574 1332 2815 1402; x_wconf 83' lang='lat' dir='ltr'><strong>integris</strong></span> <span class='ocrx_word' id='word_1_380' title='bbox 2862 1331 2987 1386; x_wconf 86' lang='lat' dir='ltr'><strong>Jac.</strong></span> <span class='ocrx_word' id='word_1_381' title='bbox 3050 1330 3290 1386; x_wconf 90' lang='lat' dir='ltr'><strong>Pamelii</strong></span> <span class='ocrx_word' id='word_1_382' title='bbox 3337 1334 3395 1386; x_wconf 90' lang='lat' dir='ltr'><strong>et</strong></span> <span class='ocrx_word' id='word_1_383' title='bbox 3442 1330 3689 1387; x_wconf 90' lang='lat' dir='ltr'><strong>aliorum</strong></span> 
     </span>
    </p>
   </div>
   <div class='ocr_carea' id='block_1_63' title="bbox 2046 1418 3687 1475">
    <p class='ocr_par' dir='ltr' id='par_1_63' title="bbox 2046 1418 3687 1475">
     <span class='ocr_line' id='line_1_64' title="bbox 2046 1418 3687 1475; baseline -0.001 0"><span class='ocrx_word' id='word_1_384' title='bbox 2046 1419 2482 1475; x_wconf 87' lang='lat' dir='ltr'><strong>commentariis</strong></span> <span class='ocrx_word' id='word_1_385' title='bbox 2512 1436 2777 1475; x_wconf 90' lang='lat' dir='ltr'><strong>seorsum</strong></span> <span class='ocrx_word' id='word_1_386' title='bbox 2827 1424 2997 1474; x_wconf 88' lang='lat' dir='ltr'><strong>antea</strong></span> <span class='ocrx_word' id='word_1_387' title='bbox 3042 1418 3233 1474; x_wconf 82' lang='lat' dir='ltr'><strong>editis.</strong></span> <span class='ocrx_word' id='word_1_388' title='bbox 3282 1420 3579 1474; x_wconf 79' lang='lat' dir='ltr'><strong>Accedunt</strong></span> <span class='ocrx_word' id='word_1_389' title='bbox 3611 1420 3687 1475; x_wconf 88' lang='lat' dir='ltr'><strong>M.</strong></span> 
     </span>
    </p>
   </div>
   <div class='ocr_carea' id='block_1_64' title="bbox 2047 1507 3689 1575">
    <p class='ocr_par' dir='ltr' id='par_1_64' title="bbox 2047 1507 3689 1575">
     <span class='ocr_line' id='line_1_65' title="bbox 2047 1507 3689 1575; baseline 0.001 -12"><span class='ocrx_word' id='word_1_390' title='bbox 2047 1508 2286 1563; x_wconf 89' lang='lat' dir='ltr'><strong>Minucii</strong></span> <span class='ocrx_word' id='word_1_391' title='bbox 2318 1508 2523 1564; x_wconf 89' lang='lat' dir='ltr'><strong>Felicis</strong></span> <span class='ocrx_word' id='word_1_392' title='bbox 2553 1508 2859 1575; x_wconf 87' lang='lat' dir='ltr'><strong>Octavius;</strong></span> <span class='ocrx_word' id='word_1_393' title='bbox 2910 1507 3148 1564; x_wconf 86' lang='lat' dir='ltr'><strong>Arnohii</strong></span> <span class='ocrx_word' id='word_1_394' title='bbox 3180 1508 3301 1563; x_wconf 85' lang='lat' dir='ltr'><strong>Afri</strong></span> <span class='ocrx_word' id='word_1_395' title='bbox 3334 1508 3413 1564; x_wconf 89' lang='lat' dir='ltr'><strong>lib</strong></span> <span class='ocrx_word' id='word_1_396' title='bbox 3444 1525 3525 1563; x_wconf 81' lang='lat' dir='ltr'><strong>vn</strong></span> <span class='ocrx_word' id='word_1_397' title='bbox 3556 1508 3689 1564; x_wconf 92' lang='lat' dir='ltr'><strong>adv.</strong></span> 
     </span>
    </p>
   </div>
   <div class='ocr_carea' id='block_1_65' title="bbox 2046 1598 3688 1671">
    <p class='ocr_par' dir='ltr' id='par_1_65' title="bbox 2046 1598 3688 1671">
     <span class='ocr_line' id='line_1_66' title="bbox 2046 1598 3688 1671; baseline 0.001 -18"><span class='ocrx_word' id='word_1_398' title='bbox 2046 1598 2256 1654; x_wconf 89' lang='lat' dir='ltr'><strong>Gentes</strong></span> <span class='ocrx_word' id='word_1_399' title='bbox 2283 1616 2297 1666; x_wconf 90' lang='lat'><strong>;</strong></span> <span class='ocrx_word' id='word_1_400' title='bbox 2328 1598 2467 1653; x_wconf 90' lang='lat' dir='ltr'><strong>Julii</strong></span> <span class='ocrx_word' id='word_1_401' title='bbox 2500 1600 2732 1654; x_wconf 89' lang='lat' dir='ltr'><strong>Firmici</strong></span> <span class='ocrx_word' id='word_1_402' title='bbox 2765 1599 2904 1654; x_wconf 91' lang='lat' dir='ltr'><strong>Mat.</strong></span> <span class='ocrx_word' id='word_1_403' title='bbox 2937 1598 3039 1654; x_wconf 89' lang='lat' dir='ltr'><strong>lib.</strong></span> <span class='ocrx_word' id='word_1_404' title='bbox 3074 1599 3146 1654; x_wconf 88' lang='lat' dir='ltr'><strong>de</strong></span> <span class='ocrx_word' id='word_1_405' title='bbox 3175 1599 3383 1654; x_wconf 90' lang='lat' dir='ltr'><strong>Errore</strong></span> <span class='ocrx_word' id='word_1_406' title='bbox 3413 1599 3688 1671; x_wconf 79' lang='lat' dir='ltr'><strong>profana-</strong></span> 
     </span>
    </p>
   </div>
   <div class='ocr_carea' id='block_1_66' title="bbox 2046 1686 3687 1760">
    <p class='ocr_par' dir='ltr' id='par_1_66' title="bbox 2046 1686 3687 1760">
     <span class='ocr_line' id='line_1_67' title="bbox 2046 1686 3687 1760; baseline 0.001 -18"><span class='ocrx_word' id='word_1_407' title='bbox 2046 1704 2177 1742; x_wconf 89' lang='lat' dir='ltr'><strong>rum</strong></span> <span class='ocrx_word' id='word_1_408' title='bbox 2212 1686 2580 1760; x_wconf 83' lang='lat' dir='ltr'><strong>Religionum</strong></span> <span class='ocrx_word' id='word_1_409' title='bbox 2607 1706 2621 1755; x_wconf 89' lang='lat'><strong>;</strong></span> <span class='ocrx_word' id='word_1_410' title='bbox 2652 1688 3059 1744; x_wconf 89' lang='lat' dir='ltr'><strong>Commodiani</strong></span> <span class='ocrx_word' id='word_1_411' title='bbox 3107 1687 3524 1743; x_wconf 89' lang='lat' dir='ltr'><strong>instructiones</strong></span> <span class='ocrx_word' id='word_1_412' title='bbox 3554 1688 3687 1744; x_wconf 82' lang='lat' dir='ltr'><strong>adv.</strong></span> 
     </span>
    </p>
   </div>
   <div class='ocr_carea' id='block_1_67' title="bbox 2046 1775 3694 1849">
    <p class='ocr_par' dir='ltr' id='par_1_67' title="bbox 2046 1775 3694 1849">
     <span class='ocr_line' id='line_1_68' title="bbox 2046 1775 3694 1849; baseline -0.001 -17"><span class='ocrx_word' id='word_1_413' title='bbox 2046 1775 2318 1832; x_wconf 90' lang='lat' dir='ltr'><strong>Gentium</strong></span> <span class='ocrx_word' id='word_1_414' title='bbox 2372 1777 2510 1832; x_wconf 87' lang='lat' dir='ltr'><strong>deos</strong></span> <span class='ocrx_word' id='word_1_415' title='bbox 2558 1793 2691 1832; x_wconf 88' lang='lat' dir='ltr'><strong>cum</strong></span> <span class='ocrx_word' id='word_1_416' title='bbox 2746 1778 2939 1848; x_wconf 90' lang='lat' dir='ltr'><strong>ejusd.</strong></span> <span class='ocrx_word' id='word_1_417' title='bbox 2990 1776 3113 1831; x_wconf 88' lang='lat' dir='ltr'><strong>Nic.</strong></span> <span class='ocrx_word' id='word_1_418' title='bbox 3147 1776 3376 1849; x_wconf 87' lang='lat' dir='ltr'><strong>Rigallii</strong></span> <span class='ocrx_word' id='word_1_419' title='bbox 3429 1776 3694 1841; x_wconf 89' lang='lat' dir='ltr'><strong>notis,et</strong></span> 
     </span>
    </p>
   </div>
   <div class='ocr_carea' id='block_1_68' title="bbox 2046 1863 3695 1921">
    <p class='ocr_par' dir='ltr' id='par_1_68' title="bbox 2046 1863 3695 1921">
     <span class='ocr_line' id='line_1_69' title="bbox 2046 1863 3695 1921; baseline 0.001 -2"><span class='ocrx_word' id='word_1_420' title='bbox 2046 1865 2337 1921; x_wconf 90' lang='lat' dir='ltr'><strong>variorum</strong></span> <span class='ocrx_word' id='word_1_421' title='bbox 2366 1866 2817 1921; x_wconf 90' lang='lat' dir='ltr'><strong>Commentariis</strong></span> <span class='ocrx_word' id='word_1_422' title='bbox 2839 1867 2929 1921; x_wconf 93' lang='lat' dir='ltr'><strong>ed.</strong></span> <span class='ocrx_word' id='word_1_423' title='bbox 2954 1870 3126 1921; x_wconf 90' lang='lat' dir='ltr'><strong>aucta</strong></span> <span class='ocrx_word' id='word_1_424' title='bbox 3154 1869 3210 1920; x_wconf 89' lang='lat' dir='ltr'><strong>et</strong></span> <span class='ocrx_word' id='word_1_425' title='bbox 3238 1863 3393 1920; x_wconf 90' lang='lat' dir='ltr'><strong>notis</strong></span> <span class='ocrx_word' id='word_1_426' title='bbox 3422 1863 3695 1920; x_wconf 85' lang='lat' dir='ltr'><strong>illustra-</strong></span> 
     </span>
    </p>
   </div>
   <div class='ocr_carea' id='block_1_69' title="bbox 2048 1954 2873 2026">
    <p class='ocr_par' dir='ltr' id='par_1_69' title="bbox 2048 1954 2873 2026">
     <span class='ocr_line' id='line_1_70' title="bbox 2048 1954 2873 2026; baseline 0.001 -18"><span class='ocrx_word' id='word_1_427' title='bbox 2048 1958 2107 2009; x_wconf 87' lang='lat' dir='ltr'><strong>ta</strong></span> <span class='ocrx_word' id='word_1_428' title='bbox 2137 1954 2331 2009; x_wconf 87' lang='lat' dir='ltr'><strong>studio</strong></span> <span class='ocrx_word' id='word_1_429' title='bbox 2363 1954 2613 2026; x_wconf 89' lang='lat' dir='ltr'><strong>Philippi</strong></span> <span class='ocrx_word' id='word_1_430' title='bbox 2644 1954 2873 2010; x_wconf 88' lang='lat' dir='ltr'><strong>Priorii.</strong></span> 
     </span>
    </p>
   </div>
   <div class='ocr_carea' id='block_1_70' title="bbox 2783 2044 2941 2099">
    <p class='ocr_par' dir='ltr' id='par_1_70' title="bbox 2783 2044 2941 2099">
     <span class='ocr_line' id='line_1_71' title="bbox 2783 2044 2941 2099; baseline 0 -1"><span class='ocrx_word' id='word_1_431' title='bbox 2783 2044 2941 2099; x_wconf 91' lang='lat'><strong>1667.</strong></span> 
     </span>
    </p>
   </div>
   <div class='ocr_carea' id='block_1_71' title="bbox 2117 2129 3688 2204">
    <p class='ocr_par' dir='ltr' id='par_1_71' title="bbox 2117 2129 3688 2204">
     <span class='ocr_line' id='line_1_72' title="bbox 2117 2129 3688 2204; baseline 0 -19"><span class='ocrx_word' id='word_1_432' title='bbox 2117 2132 2331 2186; x_wconf 88' lang='lat' dir='ltr'><strong>Ludov.</strong></span> <span class='ocrx_word' id='word_1_433' title='bbox 2364 2132 2734 2187; x_wconf 89' lang='lat' dir='ltr'><strong>Thomassini</strong></span> <span class='ocrx_word' id='word_1_434' title='bbox 2770 2132 2962 2204; x_wconf 87' lang='lat' dir='ltr'><strong>presb.</strong></span> <span class='ocrx_word' id='word_1_435' title='bbox 2986 2146 3255 2203; x_wconf 87' lang='lat' dir='ltr'><strong>congreg.</strong></span> <span class='ocrx_word' id='word_1_436' title='bbox 3288 2129 3446 2185; x_wconf 90' lang='lat' dir='ltr'><strong>Orat.</strong></span> <span class='ocrx_word' id='word_1_437' title='bbox 3477 2129 3688 2185; x_wconf 56' lang='lat' dir='ltr'><strong>Disser-</strong></span> 
     </span>
    </p>
   </div>
   <div class='ocr_carea' id='block_1_72' title="bbox 2044 2217 3679 2291">
    <p class='ocr_par' dir='ltr' id='par_1_72' title="bbox 2044 2217 3679 2291">
     <span class='ocr_line' id='line_1_73' title="bbox 2044 2217 3679 2291; baseline -0.002 -18"><span class='ocrx_word' id='word_1_438' title='bbox 2044 2220 2180 2275; x_wconf 76' lang='lat' dir='ltr'><strong>tatio</strong></span> <span class='ocrx_word' id='word_1_439' title='bbox 2212 2220 2269 2274; x_wconf 82' lang='lat' dir='ltr'><strong>in</strong></span> <span class='ocrx_word' id='word_1_440' title='bbox 2293 2220 2526 2290; x_wconf 73' lang='lat' dir='ltr'><strong>synodo:</strong></span> <span class='ocrx_word' id='word_1_441' title='bbox 2554 2222 2656 2275; x_wconf 73' lang='lat' dir='ltr'><strong>sub</strong></span> <span class='ocrx_word' id='word_1_442' title='bbox 2709 2220 2979 2291; x_wconf 77' lang='lat' dir='ltr'><strong>Stephano</strong></span> <span class='ocrx_word' id='word_1_443' title='bbox 3010 2236 3156 2291; x_wconf 86' lang='lat' dir='ltr'><strong>papa</strong></span> <span class='ocrx_word' id='word_1_444' title='bbox 3204 2222 3263 2273; x_wconf 80' lang='lat' dir='ltr'><strong>in</strong></span> <span class='ocrx_word' id='word_1_445' title='bbox 3292 2233 3458 2273; x_wconf 76' lang='lat' dir='ltr'><strong>causa</strong></span> <span class='ocrx_word' id='word_1_446' title='bbox 3505 2217 3679 2288; x_wconf 80' lang='lat' dir='ltr'><strong>bapti-</strong></span> 
     </span>
    </p>
   </div>
   <div class='ocr_carea' id='block_1_73' title="bbox 2044 2306 3681 2378">
    <p class='ocr_par' dir='ltr' id='par_1_73' title="bbox 2044 2306 3681 2378">
     <span class='ocr_line' id='line_1_74' title="bbox 2044 2306 3681 2378; baseline -0.003 -16"><span class='ocrx_word' id='word_1_447' title='bbox 2044 2309 2154 2362; x_wconf 73' lang='lat' dir='ltr'><strong>smi</strong></span> <span class='ocrx_word' id='word_1_448' title='bbox 2181 2306 2576 2371; x_wconf 65' lang='lat' dir='ltr'><strong>hzreticorum,</strong></span> <span class='ocrx_word' id='word_1_449' title='bbox 2629 2311 2955 2377; x_wconf 81' lang='lat' dir='ltr'><strong>Romanam,</strong></span> <span class='ocrx_word' id='word_1_450' title='bbox 3006 2307 3507 2378; x_wconf 78' lang='lat' dir='ltr'><strong>Carthaginensem,</strong></span> <span class='ocrx_word' id='word_1_451' title='bbox 3548 2310 3681 2373; x_wconf 88' lang='lat' dir='ltr'><strong>etc.,</strong></span> 
     </span>
    </p>
   </div>
   <div class='ocr_carea' id='block_1_74' title="bbox 2045 2392 3683 2464">
    <p class='ocr_par' dir='ltr' id='par_1_74' title="bbox 2045 2392 3683 2464">
     <span class='ocr_line' id='line_1_75' title="bbox 2045 2392 3683 2464; baseline -0.002 -14"><span class='ocrx_word' id='word_1_452' title='bbox 2045 2412 2183 2450; x_wconf 91' lang='lat' dir='ltr'><strong>ann.</strong></span> <span class='ocrx_word' id='word_1_453' title='bbox 2217 2395 2429 2451; x_wconf 89' lang='lat' dir='ltr'><strong>Christi</strong></span> <span class='ocrx_word' id='word_1_454' title='bbox 2459 2397 2585 2464; x_wconf 87' lang='lat'><strong>256,</strong></span> <span class='ocrx_word' id='word_1_455' title='bbox 2616 2397 2742 2462; x_wconf 80' lang='grc'><strong>257,</strong></span> <span class='ocrx_word' id='word_1_456' title='bbox 2774 2400 2882 2451; x_wconf 87' lang='lat' dir='ltr'><strong>etc.</strong></span> <span class='ocrx_word' id='word_1_457' title='bbox 2911 2414 2924 2457; x_wconf 86' lang='lat'><strong>;</strong></span> <span class='ocrx_word' id='word_1_458' title='bbox 2955 2395 3106 2451; x_wconf 88' lang='lat' dir='ltr'><strong>inter</strong></span> <span class='ocrx_word' id='word_1_459' title='bbox 3131 2394 3365 2450; x_wconf 88' lang='lat' dir='ltr'><strong>Dissert.</strong></span> <span class='ocrx_word' id='word_1_460' title='bbox 3398 2394 3457 2448; x_wconf 92' lang='lat' dir='ltr'><strong>in</strong></span> <span class='ocrx_word' id='word_1_461' title='bbox 3490 2392 3683 2448; x_wconf 66' lang='lat' dir='ltr'><strong>conci-</strong></span> 
     </span>
    </p>
   </div>
   <div class='ocr_carea' id='block_1_75' title="bbox 2047 2478 3687 2556">
    <p class='ocr_par' dir='ltr' id='par_1_75' title="bbox 2047 2478 3687 2556">
     <span class='ocr_line' id='line_1_76' title="bbox 2047 2478 3687 2556; baseline -0.001 -20"><span class='ocrx_word' id='word_1_462' title='bbox 2047 2482 2125 2537; x_wconf 91' lang='lat' dir='ltr'><strong>lia</strong></span> <span class='ocrx_word' id='word_1_463' title='bbox 2155 2488 2281 2538; x_wconf 91' lang='lat' dir='ltr'><strong>tum</strong></span> <span class='ocrx_word' id='word_1_464' title='bbox 2312 2485 2624 2556; x_wconf 87' lang='lat' dir='ltr'><strong>generalia,</strong></span> <span class='ocrx_word' id='word_1_465' title='bbox 2666 2490 2793 2539; x_wconf 91' lang='lat' dir='ltr'><strong>tum</strong></span> <span class='ocrx_word' id='word_1_466' title='bbox 2826 2478 3220 2556; x_wconf 86' lang='lat' dir='ltr'><strong>particularia.</strong></span> <span class='ocrx_word' id='word_1_467' title='bbox 3257 2483 3444 2537; x_wconf 87' lang='lat' dir='ltr'><strong>Lutet.</strong></span> <span class='ocrx_word' id='word_1_468' title='bbox 3480 2481 3687 2549; x_wconf 86' lang='lat' dir='ltr'><strong>Paris.,</strong></span> 
     </span>
    </p>
   </div>
   <div class='ocr_carea' id='block_1_76' title="bbox 2044 2570 2212 2627">
    <p class='ocr_par' dir='ltr' id='par_1_76' title="bbox 2044 2570 2212 2627">
     <span class='ocr_line' id='line_1_77' title="bbox 2044 2570 2212 2627; baseline 0.012 -2"><span class='ocrx_word' id='word_1_469' title='bbox 2044 2570 2212 2627; x_wconf 60' lang='lat' dir='ltr'><strong>in-li&quot;.</strong></span> 
     </span>
    </p>
   </div>
   <div class='ocr_carea' id='block_1_77' title="bbox 2783 2660 2939 2716">
    <p class='ocr_par' dir='ltr' id='par_1_77' title="bbox 2783 2660 2939 2716">
     <span class='ocr_line' id='line_1_78' title="bbox 2783 2660 2939 2716; baseline -0.006 0"><span class='ocrx_word' id='word_1_470' title='bbox 2783 2660 2939 2716; x_wconf 85' lang='lat'><strong>1669.</strong></span> 
     </span>
    </p>
   </div>
   <div class='ocr_carea' id='block_1_78' title="bbox 2116 2747 3684 2810">
    <p class='ocr_par' dir='ltr' id='par_1_78' title="bbox 2116 2747 3684 2810">
     <span class='ocr_line' id='line_1_79' title="bbox 2116 2747 3684 2810; baseline -0.001 -7"><span class='ocrx_word' id='word_1_471' title='bbox 2116 2747 2341 2805; x_wconf 88' lang='lat' dir='ltr'><strong>Sebast.</strong></span> <span class='ocrx_word' id='word_1_472' title='bbox 2405 2749 2713 2806; x_wconf 83' lang='lat' dir='ltr'><strong>Niemanni</strong></span> <span class='ocrx_word' id='word_1_473' title='bbox 2771 2750 3092 2806; x_wconf 70' lang='lat' dir='ltr'><strong>Dissertatio</strong></span> <span class='ocrx_word' id='word_1_474' title='bbox 3160 2749 3225 2805; x_wconf 86' lang='lat' dir='ltr'><strong>de</strong></span> <span class='ocrx_word' id='word_1_475' title='bbox 3300 2747 3639 2804; x_wconf 74' lang='lat' dir='ltr'><strong>Libellaticis</strong></span> <span class='ocrx_word' id='word_1_476' title='bbox 3670 2784 3684 2810; x_wconf 96' lang='lat'><strong>,</strong></span> 
     </span>
    </p>
   </div>
   <div class='ocr_carea' id='block_1_79' title="bbox 2048 2838 2215 2894">
    <p class='ocr_par' dir='ltr' id='par_1_79' title="bbox 2048 2838 2215 2894">
     <span class='ocr_line' id='line_1_80' title="bbox 2048 2838 2215 2894; baseline 0.018 -3"><span class='ocrx_word' id='word_1_477' title='bbox 2048 2838 2215 2894; x_wconf 68' lang='lat' dir='ltr'><strong>lenae.</strong></span> 
     </span>
    </p>
   </div>
   <div class='ocr_carea' id='block_1_80' title="bbox 2777 2929 2933 2983">
    <p class='ocr_par' dir='ltr' id='par_1_80' title="bbox 2777 2929 2933 2983">
     <span class='ocr_line' id='line_1_81' title="bbox 2777 2929 2933 2983; baseline 0.013 -2"><span class='ocrx_word' id='word_1_478' title='bbox 2777 2929 2933 2983; x_wconf 87' lang='lat'><strong>1681.</strong></span> 
     </span>
    </p>
   </div>
   <div class='ocr_carea' id='block_1_81' title="bbox 2112 3011 3685 3086">
    <p class='ocr_par' dir='ltr' id='par_1_81' title="bbox 2112 3011 3685 3086">
     <span class='ocr_line' id='line_1_82' title="bbox 2112 3011 3685 3086; baseline -0.001 -18"><span class='ocrx_word' id='word_1_479' title='bbox 2112 3013 2360 3079; x_wconf 81' lang='lat' dir='ltr'><strong>Altorﬁi,</strong></span> <span class='ocrx_word' id='word_1_480' title='bbox 2393 3015 2546 3086; x_wconf 85' lang='lat' dir='ltr'><strong>typis</strong></span> <span class='ocrx_word' id='word_1_481' title='bbox 2574 3018 2630 3069; x_wconf 87' lang='lat' dir='ltr'><strong>et</strong></span> <span class='ocrx_word' id='word_1_482' title='bbox 2651 3014 2793 3086; x_wconf 90' lang='lat' dir='ltr'><strong>imp.</strong></span> <span class='ocrx_word' id='word_1_483' title='bbox 2818 3015 2962 3069; x_wconf 84' lang='lat' dir='ltr'><strong>Heu.</strong></span> <span class='ocrx_word' id='word_1_484' title='bbox 2987 3013 3218 3086; x_wconf 86' lang='lat' dir='ltr'><strong>Meyeri,</strong></span> <span class='ocrx_word' id='word_1_485' title='bbox 3243 3013 3418 3079; x_wconf 67' lang='grc' dir='ltr'><strong>ἰπὶ-4ο,</strong></span> <span class='ocrx_word' id='word_1_486' title='bbox 3452 3011 3685 3084; x_wconf 88' lang='lat' dir='ltr'><strong>Cypria-</strong></span> 
     </span>
    </p>
   </div>
   <div class='ocr_carea' id='block_1_82' title="bbox 2041 3098 3687 3174">
    <p class='ocr_par' dir='ltr' id='par_1_82' title="bbox 2041 3098 3687 3174">
     <span class='ocr_line' id='line_1_83' title="bbox 2041 3098 3687 3174; baseline -0.002 -18"><span class='ocrx_word' id='word_1_487' title='bbox 2041 3103 2099 3156; x_wconf 91' lang='lat' dir='ltr'><strong>ni</strong></span> <span class='ocrx_word' id='word_1_488' title='bbox 2132 3107 2189 3157; x_wconf 89' lang='lat' dir='ltr'><strong>et</strong></span> <span class='ocrx_word' id='word_1_489' title='bbox 2218 3102 2465 3157; x_wconf 87' lang='lat' dir='ltr'><strong>aliorum</strong></span> <span class='ocrx_word' id='word_1_490' title='bbox 2512 3103 2901 3174; x_wconf 89' lang='lat' dir='ltr'><strong>quorumdam</strong></span> <span class='ocrx_word' id='word_1_491' title='bbox 2932 3103 3004 3157; x_wconf 90' lang='lat' dir='ltr'><strong>ad</strong></span> <span class='ocrx_word' id='word_1_492' title='bbox 3056 3102 3253 3173; x_wconf 91' lang='lat' dir='ltr'><strong>ipsum</strong></span> <span class='ocrx_word' id='word_1_493' title='bbox 3282 3099 3369 3155; x_wconf 89' lang='lat' dir='ltr'><strong>vel</strong></span> <span class='ocrx_word' id='word_1_494' title='bbox 3418 3099 3477 3154; x_wconf 91' lang='lat' dir='ltr'><strong>in</strong></span> <span class='ocrx_word' id='word_1_495' title='bbox 3508 3098 3687 3155; x_wconf 88' lang='lat' dir='ltr'><strong>simili</strong></span> 
     </span>
    </p>
   </div>
   <div class='ocr_carea' id='block_1_83' title="bbox 2042 3186 3689 3262">
    <p class='ocr_par' dir='ltr' id='par_1_83' title="bbox 2042 3186 3689 3262">
     <span class='ocr_line' id='line_1_84' title="bbox 2042 3186 3689 3262; baseline -0.001 -18"><span class='ocrx_word' id='word_1_496' title='bbox 2042 3206 2220 3245; x_wconf 86' lang='lat' dir='ltr'><strong>causa</strong></span> <span class='ocrx_word' id='word_1_497' title='bbox 2250 3190 2478 3261; x_wconf 76' lang='lat' dir='ltr'><strong>scriptae</strong></span> <span class='ocrx_word' id='word_1_498' title='bbox 2501 3190 2772 3262; x_wconf 65' lang='lat' dir='ltr'><strong>Epistolm</strong></span> <span class='ocrx_word' id='word_1_499' title='bbox 2801 3207 2995 3259; x_wconf 80' lang='lat' dir='ltr'><strong>xxcm,</strong></span> <span class='ocrx_word' id='word_1_500' title='bbox 3019 3189 3221 3246; x_wconf 87' lang='lat' dir='ltr'><strong>ordine</strong></span> <span class='ocrx_word' id='word_1_501' title='bbox 3252 3186 3587 3244; x_wconf 86' lang='lat' dir='ltr'><strong>Pameliano</strong></span> <span class='ocrx_word' id='word_1_502' title='bbox 3610 3187 3689 3242; x_wconf 88' lang='lat' dir='ltr'><strong>lo-</strong></span> 
     </span>
    </p>
   </div>
   <div class='ocr_carea' id='block_1_84' title="bbox 1962 3265 3689 3346">
    <p class='ocr_par' dir='ltr' id='par_1_84' title="bbox 1962 3265 3689 3346">
     <span class='ocr_line' id='line_1_85' title="bbox 1962 3265 3689 3346; baseline 0 -15"><span class='ocrx_word' id='word_1_503' title='bbox 1962 3265 2005 3331; x_wconf 88' lang='lat' dir='ltr'><strong>C</strong></span> <span class='ocrx_word' id='word_1_504' title='bbox 2042 3282 2204 3346; x_wconf 66' lang='lat' dir='ltr'><strong>catae,</strong></span> <span class='ocrx_word' id='word_1_505' title='bbox 2238 3294 2306 3333; x_wconf 83' lang='lat' dir='ltr'><strong>ex</strong></span> <span class='ocrx_word' id='word_1_506' title='bbox 2335 3279 2473 3333; x_wconf 91' lang='lat' dir='ltr'><strong>edit.</strong></span> <span class='ocrx_word' id='word_1_507' title='bbox 2525 3278 2902 3335; x_wconf 86' lang='lat' dir='ltr'><strong>Goulartiana</strong></span> <span class='ocrx_word' id='word_1_508' title='bbox 2954 3279 3012 3334; x_wconf 90' lang='lat' dir='ltr'><strong>in</strong></span> <span class='ocrx_word' id='word_1_509' title='bbox 3041 3278 3328 3334; x_wconf 80' lang='lat' dir='ltr'><strong>santiones</strong></span> <span class='ocrx_word' id='word_1_510' title='bbox 3379 3276 3598 3339; x_wconf 69' lang='lat' dir='ltr'><strong>divisae,</strong></span> <span class='ocrx_word' id='word_1_511' title='bbox 3631 3281 3689 3332; x_wconf 90' lang='lat' dir='ltr'><strong>et</strong></span> 
     </span>
    </p>
   </div>
   <div class='ocr_carea' id='block_1_85' title="bbox 2043 3365 3684 3439">
    <p class='ocr_par' dir='ltr' id='par_1_85' title="bbox 2043 3365 3684 3439">
     <span class='ocr_line' id='line_1_86' title="bbox 2043 3365 3684 3439; baseline -0.002 -18"><span class='ocrx_word' id='word_1_512' title='bbox 2043 3383 2173 3421; x_wconf 90' lang='lat' dir='ltr'><strong>cum</strong></span> <span class='ocrx_word' id='word_1_513' title='bbox 2207 3367 2265 3422; x_wconf 91' lang='lat' dir='ltr'><strong>S.</strong></span> <span class='ocrx_word' id='word_1_514' title='bbox 2298 3367 2611 3439; x_wconf 87' lang='lat' dir='ltr'><strong>Augustini</strong></span> <span class='ocrx_word' id='word_1_515' title='bbox 2643 3368 2713 3422; x_wconf 93' lang='lat' dir='ltr'><strong>ad</strong></span> <span class='ocrx_word' id='word_1_516' title='bbox 2744 3367 3013 3439; x_wconf 84' lang='lat' dir='ltr'><strong>Cypriani</strong></span> <span class='ocrx_word' id='word_1_517' title='bbox 3047 3370 3395 3438; x_wconf 90' lang='lat' dir='ltr'><strong>argumenta</strong></span> <span class='ocrx_word' id='word_1_518' title='bbox 3436 3366 3508 3419; x_wconf 91' lang='lat' dir='ltr'><strong>de</strong></span> <span class='ocrx_word' id='word_1_519' title='bbox 3537 3365 3684 3435; x_wconf 91' lang='lat' dir='ltr'><strong>Bap-</strong></span> 
     </span>
    </p>
   </div>
   <div class='ocr_carea' id='block_1_86' title="bbox 2041 3454 3683 3529">
    <p class='ocr_par' dir='ltr' id='par_1_86' title="bbox 2041 3454 3683 3529">
     <span class='ocr_line' id='line_1_87' title="bbox 2041 3454 3683 3529; baseline -0.002 -19"><span class='ocrx_word' id='word_1_520' title='bbox 2041 3457 2218 3512; x_wconf 89' lang='lat' dir='ltr'><strong>tismo</strong></span> <span class='ocrx_word' id='word_1_521' title='bbox 2269 3456 2670 3511; x_wconf 65' lang='lat' dir='ltr'><strong>haereticorum</strong></span> <span class='ocrx_word' id='word_1_522' title='bbox 2718 3456 3198 3529; x_wconf 89' lang='lat' dir='ltr'><strong>responsionibus</strong></span> <span class='ocrx_word' id='word_1_523' title='bbox 3230 3472 3337 3510; x_wconf 91' lang='lat' dir='ltr'><strong>suo</strong></span> <span class='ocrx_word' id='word_1_524' title='bbox 3385 3454 3511 3509; x_wconf 93' lang='lat' dir='ltr'><strong>loco</strong></span> <span class='ocrx_word' id='word_1_525' title='bbox 3542 3455 3683 3507; x_wconf 85' lang='lat' dir='ltr'><strong>sub-</strong></span> 
     </span>
    </p>
   </div>
   <div class='ocr_carea' id='block_1_87' title="bbox 2032 3542 3683 3617">
    <p class='ocr_par' dir='ltr' id='par_1_87' title="bbox 2032 3542 3683 3617">
     <span class='ocr_line' id='line_1_88' title="bbox 2032 3542 3683 3617; baseline -0.002 -18"><span class='ocrx_word' id='word_1_526' title='bbox 2032 3544 2276 3617; x_wconf 84' lang='lat' dir='ltr'><strong>junctis,</strong></span> <span class='ocrx_word' id='word_1_527' title='bbox 2305 3545 2484 3600; x_wconf 90' lang='lat' dir='ltr'><strong>variis</strong></span> <span class='ocrx_word' id='word_1_528' title='bbox 2514 3546 2689 3601; x_wconf 90' lang='lat' dir='ltr'><strong>etiam</strong></span> <span class='ocrx_word' id='word_1_529' title='bbox 2733 3545 2996 3613; x_wconf 88' lang='lat' dir='ltr'><strong>Pamelii,</strong></span> <span class='ocrx_word' id='word_1_530' title='bbox 3029 3543 3281 3616; x_wconf 80' lang='lat' dir='ltr'><strong>Rigaltii,</strong></span> <span class='ocrx_word' id='word_1_531' title='bbox 3314 3542 3683 3613; x_wconf 86' lang='lat' dir='ltr'><strong>aliorumque</strong></span> 
     </span>
    </p>
   </div>
   <div class='ocr_carea' id='block_1_88' title="bbox 2041 3630 3680 3705">
    <p class='ocr_par' dir='ltr' id='par_1_88' title="bbox 2041 3630 3680 3705">
     <span class='ocr_line' id='line_1_89' title="bbox 2041 3630 3680 3705; baseline -0.002 -18"><span class='ocrx_word' id='word_1_532' title='bbox 2041 3634 2389 3688; x_wconf 80' lang='lat' dir='ltr'><strong>lectionibus</strong></span> <span class='ocrx_word' id='word_1_533' title='bbox 2420 3638 2477 3689; x_wconf 92' lang='lat' dir='ltr'><strong>et</strong></span> <span class='ocrx_word' id='word_1_534' title='bbox 2504 3635 2878 3705; x_wconf 88' lang='lat' dir='ltr'><strong>conjecturis,</strong></span> <span class='ocrx_word' id='word_1_535' title='bbox 2912 3638 2977 3688; x_wconf 92' lang='lat' dir='ltr'><strong>ut</strong></span> <span class='ocrx_word' id='word_1_536' title='bbox 3007 3637 3064 3688; x_wconf 92' lang='lat' dir='ltr'><strong>et</strong></span> <span class='ocrx_word' id='word_1_537' title='bbox 3092 3630 3353 3689; x_wconf 90' lang='lat' dir='ltr'><strong>Gratiani</strong></span> <span class='ocrx_word' id='word_1_538' title='bbox 3382 3630 3442 3685; x_wconf 90' lang='lat' dir='ltr'><strong>in</strong></span> <span class='ocrx_word' id='word_1_539' title='bbox 3477 3634 3680 3685; x_wconf 90' lang='lat' dir='ltr'><strong>Decre-</strong></span> 
     </span>
    </p>
   </div>
   <div class='ocr_carea' id='block_1_89' title="bbox 2039 3718 3685 3791">
    <p class='ocr_par' dir='ltr' id='par_1_89' title="bbox 2039 3718 3685 3791">
     <span class='ocr_line' id='line_1_90' title="bbox 2039 3718 3685 3791; baseline -0.002 -16"><span class='ocrx_word' id='word_1_540' title='bbox 2039 3726 2117 3791; x_wconf 87' lang='lat' dir='ltr'><strong>to,</strong></span> <span class='ocrx_word' id='word_1_541' title='bbox 2150 3721 2458 3777; x_wconf 91' lang='lat' dir='ltr'><strong>Lombardi</strong></span> <span class='ocrx_word' id='word_1_542' title='bbox 2510 3722 2568 3776; x_wconf 93' lang='lat' dir='ltr'><strong>in</strong></span> <span class='ocrx_word' id='word_1_543' title='bbox 2619 3722 2786 3778; x_wconf 91' lang='lat' dir='ltr'><strong>libris</strong></span> <span class='ocrx_word' id='word_1_544' title='bbox 2836 3722 3296 3791; x_wconf 90' lang='lat' dir='ltr'><strong>Sententiarum,</strong></span> <span class='ocrx_word' id='word_1_545' title='bbox 3347 3735 3413 3775; x_wconf 91' lang='lat' dir='ltr'><strong>ac</strong></span> <span class='ocrx_word' id='word_1_546' title='bbox 3443 3718 3685 3775; x_wconf 74' lang='lat' dir='ltr'><strong>Thomze</strong></span> 
     </span>
    </p>
   </div>
   <div class='ocr_carea' id='block_1_90' title="bbox 2037 3806 3686 3882">
    <p class='ocr_par' dir='ltr' id='par_1_90' title="bbox 2037 3806 3686 3882">
     <span class='ocr_line' id='line_1_91' title="bbox 2037 3806 3686 3882; baseline -0.004 -17"><span class='ocrx_word' id='word_1_547' title='bbox 2037 3810 2341 3882; x_wconf 83' lang='lat' dir='ltr'><strong>Aquinatis</strong></span> <span class='ocrx_word' id='word_1_548' title='bbox 2370 3810 2430 3865; x_wconf 91' lang='lat' dir='ltr'><strong>in</strong></span> <span class='ocrx_word' id='word_1_549' title='bbox 2475 3812 2720 3867; x_wconf 91' lang='lat' dir='ltr'><strong>Summa</strong></span> <span class='ocrx_word' id='word_1_550' title='bbox 2768 3810 3072 3882; x_wconf 62' lang='lat' dir='ltr'><strong>theologia</strong></span> <span class='ocrx_word' id='word_1_551' title='bbox 3122 3807 3575 3881; x_wconf 89' lang='lat' dir='ltr'><strong>allegationibus</strong></span> <span class='ocrx_word' id='word_1_552' title='bbox 3626 3806 3686 3860; x_wconf 91' lang='lat' dir='ltr'><strong>in</strong></span> 
     </span>
    </p>
   </div>
   <div class='ocr_carea' id='block_1_91' title="bbox 2039 3894 3683 3971">
    <p class='ocr_par' dir='ltr' id='par_1_91' title="bbox 2039 3894 3683 3971">
     <span class='ocr_line' id='line_1_92' title="bbox 2039 3894 3683 3971; baseline -0.003 -19"><span class='ocrx_word' id='word_1_553' title='bbox 2039 3899 2302 3971; x_wconf 88' lang='lat' dir='ltr'><strong>margine</strong></span> <span class='ocrx_word' id='word_1_554' title='bbox 2335 3899 2571 3968; x_wconf 89' lang='lat' dir='ltr'><strong>notatis,</strong></span> <span class='ocrx_word' id='word_1_555' title='bbox 2604 3904 2661 3954; x_wconf 89' lang='lat' dir='ltr'><strong>et</strong></span> <span class='ocrx_word' id='word_1_556' title='bbox 2689 3898 2915 3969; x_wconf 89' lang='lat' dir='ltr'><strong>aliquot</strong></span> <span class='ocrx_word' id='word_1_557' title='bbox 2958 3898 3209 3969; x_wconf 89' lang='lat' dir='ltr'><strong>denique</strong></span> <span class='ocrx_word' id='word_1_558' title='bbox 3239 3895 3487 3951; x_wconf 89' lang='lat' dir='ltr'><strong>utilibus</strong></span> <span class='ocrx_word' id='word_1_559' title='bbox 3532 3894 3683 3948; x_wconf 89' lang='lat' dir='ltr'><strong>indi-</strong></span> 
     </span>
    </p>
   </div>
   <div class='ocr_carea' id='block_1_92' title="bbox 2036 3981 3681 4049">
    <p class='ocr_par' dir='ltr' id='par_1_92' title="bbox 2036 3981 3681 4049">
     <span class='ocr_line' id='line_1_93' title="bbox 2036 3981 3681 4049; baseline -0.005 -6"><span class='ocrx_word' id='word_1_560' title='bbox 2036 3989 2203 4043; x_wconf 90' lang='lat' dir='ltr'><strong>cibus</strong></span> <span class='ocrx_word' id='word_1_561' title='bbox 2234 3989 2478 4043; x_wconf 80' lang='lat' dir='ltr'><strong>seorsin:</strong></span> <span class='ocrx_word' id='word_1_562' title='bbox 2512 3988 2679 4043; x_wconf 67' lang='lat' dir='ltr'><strong>edita)</strong></span> <span class='ocrx_word' id='word_1_563' title='bbox 2710 3987 2903 4042; x_wconf 89' lang='lat' dir='ltr'><strong>studio</strong></span> <span class='ocrx_word' id='word_1_564' title='bbox 2955 3987 3122 4041; x_wconf 68' lang='lat' dir='ltr'><strong>Lucis</strong></span> <span class='ocrx_word' id='word_1_565' title='bbox 3157 3984 3306 4039; x_wconf 86' lang='lat' dir='ltr'><strong>Frid.</strong></span> <span class='ocrx_word' id='word_1_566' title='bbox 3340 3981 3681 4049; x_wconf 86' lang='lat' dir='ltr'><strong>Reinbardi,</strong></span> 
     </span>
    </p>
   </div>
   <div class='ocr_carea' id='block_1_93' title="bbox 2037 4069 3679 4148">
    <p class='ocr_par' dir='ltr' id='par_1_93' title="bbox 2037 4069 3679 4148">
     <span class='ocr_line' id='line_1_94' title="bbox 2037 4069 3679 4148; baseline -0.004 -19"><span class='ocrx_word' id='word_1_567' title='bbox 2037 4074 2289 4148; x_wconf 86' lang='lat' dir='ltr'><strong>theologi</strong></span> <span class='ocrx_word' id='word_1_568' title='bbox 2333 4075 2393 4131; x_wconf 91' lang='lat' dir='ltr'><strong>in</strong></span> <span class='ocrx_word' id='word_1_569' title='bbox 2445 4076 2825 4132; x_wconf 85' lang='lat' dir='ltr'><strong>Universitate</strong></span> <span class='ocrx_word' id='word_1_570' title='bbox 2872 4073 3078 4129; x_wconf 81' lang='lat' dir='ltr'><strong>Altort&#39;.</strong></span> <span class='ocrx_word' id='word_1_571' title='bbox 3111 4077 3173 4127; x_wconf 86' lang='lat' dir='ltr'><strong>P.</strong></span> <span class='ocrx_word' id='word_1_572' title='bbox 3207 4072 3290 4144; x_wconf 92' lang='lat' dir='ltr'><strong>P.,</strong></span> <span class='ocrx_word' id='word_1_573' title='bbox 3323 4074 3431 4126; x_wconf 92' lang='lat' dir='ltr'><strong>etc.</strong></span> <span class='ocrx_word' id='word_1_574' title='bbox 3462 4069 3679 4123; x_wconf 86' lang='lat' dir='ltr'><strong>Textus</strong></span> 
     </span>
    </p>
   </div>
   <div class='ocr_carea' id='block_1_94' title="bbox 2036 4154 3674 4236">
    <p class='ocr_par' dir='ltr' id='par_1_94' title="bbox 2036 4154 3674 4236">
     <span class='ocr_line' id='line_1_95' title="bbox 2036 4154 3674 4236; baseline -0.007 -17"><span class='ocrx_word' id='word_1_575' title='bbox 2036 4163 2120 4219; x_wconf 89' lang='lat' dir='ltr'><strong>uti</strong></span> <span class='ocrx_word' id='word_1_576' title='bbox 2153 4164 2293 4218; x_wconf 90' lang='lat' dir='ltr'><strong>ordo</strong></span> <span class='ocrx_word' id='word_1_577' title='bbox 2341 4163 2724 4236; x_wconf 88' lang='lat' dir='ltr'><strong>epistolarum</strong></span> <span class='ocrx_word' id='word_1_578' title='bbox 2774 4168 2864 4218; x_wconf 87' lang='lat' dir='ltr'><strong>est</strong></span> <span class='ocrx_word' id='word_1_579' title='bbox 2915 4160 3301 4227; x_wconf 85' lang='lat' dir='ltr'><strong>Pamelianus,</strong></span> <span class='ocrx_word' id='word_1_580' title='bbox 3352 4156 3565 4212; x_wconf 80' lang='lat' dir='ltr'><strong>additis</strong></span> <span class='ocrx_word' id='word_1_581' title='bbox 3616 4154 3674 4209; x_wconf 93' lang='lat' dir='ltr'><strong>in</strong></span> 
     </span>
    </p>
   </div>
   <div class='ocr_carea' id='block_1_95' title="bbox 2037 4244 3677 4324">
    <p class='ocr_par' dir='ltr' id='par_1_95' title="bbox 2037 4244 3677 4324">
     <span class='ocr_line' id='line_1_96' title="bbox 2037 4244 3677 4324; baseline -0.006 -17"><span class='ocrx_word' id='word_1_582' title='bbox 2037 4251 2299 4324; x_wconf 89' lang='lat' dir='ltr'><strong>margine</strong></span> <span class='ocrx_word' id='word_1_583' title='bbox 2330 4253 2707 4307; x_wconf 89' lang='lat' dir='ltr'><strong>varietatibus</strong></span> <span class='ocrx_word' id='word_1_584' title='bbox 2738 4252 3003 4306; x_wconf 88' lang='lat' dir='ltr'><strong>omnium</strong></span> <span class='ocrx_word' id='word_1_585' title='bbox 3037 4251 3152 4305; x_wconf 88' lang='lat' dir='ltr'><strong>fere</strong></span> <span class='ocrx_word' id='word_1_586' title='bbox 3181 4248 3349 4305; x_wconf 91' lang='lat' dir='ltr'><strong>codd.</strong></span> <span class='ocrx_word' id='word_1_587' title='bbox 3382 4244 3537 4317; x_wconf 90' lang='lat' dir='ltr'><strong>apud</strong></span> <span class='ocrx_word' id='word_1_588' title='bbox 3572 4244 3677 4298; x_wconf 90' lang='lat' dir='ltr'><strong>Pa-</strong></span> 
     </span>
    </p>
   </div>
   <div class='ocr_carea' id='block_1_96' title="bbox 2037 4332 3675 4412">
    <p class='ocr_par' dir='ltr' id='par_1_96' title="bbox 2037 4332 3675 4412">
     <span class='ocr_line' id='line_1_97' title="bbox 2037 4332 3675 4412; baseline -0.007 -17"><span class='ocrx_word' id='word_1_589' title='bbox 2037 4340 2298 4395; x_wconf 89' lang='lat' dir='ltr'><strong>melium.</strong></span> <span class='ocrx_word' id='word_1_590' title='bbox 2334 4340 2648 4412; x_wconf 89' lang='lat' dir='ltr'><strong>Rigaltium</strong></span> <span class='ocrx_word' id='word_1_591' title='bbox 2682 4346 2738 4394; x_wconf 90' lang='lat' dir='ltr'><strong>et</strong></span> <span class='ocrx_word' id='word_1_592' title='bbox 2767 4338 3132 4395; x_wconf 87' lang='lat' dir='ltr'><strong>Goulartium</strong></span> <span class='ocrx_word' id='word_1_593' title='bbox 3166 4335 3370 4392; x_wconf 91' lang='lat' dir='ltr'><strong>obviis.</strong></span> <span class='ocrx_word' id='word_1_594' title='bbox 3412 4332 3675 4388; x_wconf 90' lang='lat' dir='ltr'><strong>Plurium</strong></span> 
     </span>
    </p>
   </div>
   <div class='ocr_carea' id='block_1_97' title="bbox 2036 4421 3677 4485">
    <p class='ocr_par' dir='ltr' id='par_1_97' title="bbox 2036 4421 3677 4485">
     <span class='ocr_line' id='line_1_98' title="bbox 2036 4421 3677 4485; baseline -0.005 -2"><span class='ocrx_word' id='word_1_595' title='bbox 2036 4446 2177 4484; x_wconf 88' lang='lat' dir='ltr'><strong>mss.</strong></span> <span class='ocrx_word' id='word_1_596' title='bbox 2212 4429 2581 4485; x_wconf 87' lang='lat' dir='ltr'><strong>eGermania</strong></span> <span class='ocrx_word' id='word_1_597' title='bbox 2626 4428 3079 4483; x_wconf 90' lang='lat' dir='ltr'><strong>obtinendorum</strong></span> <span class='ocrx_word' id='word_1_598' title='bbox 3129 4423 3419 4479; x_wconf 84' lang='lat' dir='ltr'><strong>desiderio</strong></span> <span class='ocrx_word' id='word_1_599' title='bbox 3471 4437 3534 4475; x_wconf 90' lang='lat' dir='ltr'><strong>se</strong></span> <span class='ocrx_word' id='word_1_600' title='bbox 3575 4421 3677 4474; x_wconf 79' lang='lat' dir='ltr'><strong>fla-</strong></span> 
     </span>
    </p>
   </div>
   <div class='ocr_carea' id='block_1_98' title="bbox 2034 4513 3675 4589">
    <p class='ocr_par' dir='ltr' id='par_1_98' title="bbox 2034 4513 3675 4589">
     <span class='ocr_line' id='line_1_99' title="bbox 2034 4513 3675 4589; baseline -0.005 -16"><span class='ocrx_word' id='word_1_601' title='bbox 2034 4533 2256 4589; x_wconf 86' lang='lat' dir='ltr'><strong>grasse,</strong></span> <span class='ocrx_word' id='word_1_602' title='bbox 2291 4517 2371 4572; x_wconf 90' lang='lat' dir='ltr'><strong>ait</strong></span> <span class='ocrx_word' id='word_1_603' title='bbox 2399 4518 2621 4583; x_wconf 89' lang='lat' dir='ltr'><strong>editor;</strong></span> <span class='ocrx_word' id='word_1_604' title='bbox 2654 4532 2856 4570; x_wconf 90' lang='lat' dir='ltr'><strong>omnes</strong></span> <span class='ocrx_word' id='word_1_605' title='bbox 2888 4519 3084 4569; x_wconf 88' lang='lat' dir='ltr'><strong>autem</strong></span> <span class='ocrx_word' id='word_1_606' title='bbox 3120 4513 3398 4581; x_wconf 88' lang='lat' dir='ltr'><strong>fautores,</strong></span> <span class='ocrx_word' id='word_1_607' title='bbox 3431 4526 3580 4582; x_wconf 89' lang='lat' dir='ltr'><strong>quos</strong></span> <span class='ocrx_word' id='word_1_608' title='bbox 3610 4525 3675 4565; x_wconf 90' lang='lat' dir='ltr'><strong>eo</strong></span> 
     </span>
    </p>
   </div>
   <div class='ocr_carea' id='block_1_99' title="bbox 338 4598 3676 4707">
    <p class='ocr_par' dir='ltr' id='par_1_99' title="bbox 338 4598 3676 4707">
     <span class='ocr_line' id='line_1_100' title="bbox 338 4598 3676 4707; baseline 0.002 -22"><span class='ocrx_word' id='word_1_609' title='bbox 338 4637 446 4686; x_wconf 82' lang='lat' dir='ltr'><strong>En.</strong></span> <span class='ocrx_word' id='word_1_610' title='bbox 484 4630 830 4686; x_wconf 74' lang='lat' dir='ltr'><strong>RIGALTIANA</strong></span> <span class='ocrx_word' id='word_1_611' title='bbox 863 4631 930 4687; x_wconf 87' lang='grc' dir='ltr'><strong>ῐῙ.</strong></span> <span class='ocrx_word' id='word_1_612' title='bbox 964 4663 1031 4673; x_wconf 90' lang='grc'><strong>-</strong></span> <span class='ocrx_word' id='word_1_613' title='bbox 1066 4598 1212 4688; x_wconf 86' lang='lat' dir='ltr'><strong>Ibid.</strong></span> <span class='ocrx_word' id='word_1_614' title='bbox 1256 4633 1409 4705; x_wconf 90' lang='lat' dir='ltr'><strong>apud</strong></span> <span class='ocrx_word' id='word_1_615' title='bbox 1444 4636 1737 4702; x_wconf 89' lang='lat' dir='ltr'><strong>eumdem,</strong></span> <span class='ocrx_word' id='word_1_616' title='bbox 1764 4636 1923 4707; x_wconf 66' lang='lat' dir='ltr'><strong>in-f“,</strong></span> <span class='ocrx_word' id='word_1_617' title='bbox 1952 4625 2001 4691; x_wconf 88' lang='lat' dir='ltr'><strong>D</strong></span> <span class='ocrx_word' id='word_1_618' title='bbox 2033 4607 2267 4706; x_wconf 55' lang='lat' dir='ltr'><strong>&quot;Pmine</strong></span> <span class='ocrx_word' id='word_1_619' title='bbox 2296 4605 2709 4703; x_wconf 53' lang='grc' dir='ltr'><strong>ίηίθῗρθηπθιν</strong></span> <span class='ocrx_word' id='word_1_620' title='bbox 2741 4604 3082 4707; x_wconf 53' lang='grc' dir='ltr'><strong>θοτξλξηιδθξΡ</strong></span> <span class='ocrx_word' id='word_1_621' title='bbox 3114 4604 3351 4707; x_wconf 57' lang='grc' dir='ltr'><strong>Ἶυῗδίοδ</strong></span> <span class='ocrx_word' id='word_1_622' title='bbox 3381 4616 3509 4699; x_wconf 63' lang='lat'><strong>838,8</strong></span> <span class='ocrx_word' id='word_1_623' title='bbox 3549 4598 3676 4707; x_wconf 51' lang='lat' dir='ltr'><strong>ino&#39;</strong></span> 
     </span>
    </p>
   </div>
   <div class='ocr_carea' id='block_1_100' title="bbox 260 4719 1634 4792">
    <p class='ocr_par' dir='ltr' id='par_1_100' title="bbox 260 4719 1634 4792">
     <span class='ocr_line' id='line_1_101' title="bbox 260 4719 1634 4792; baseline 0.002 -17"><span class='ocrx_word' id='word_1_624' title='bbox 260 4720 541 4792; x_wconf 85' lang='lat' dir='ltr'><strong>repetita.</strong></span> <span class='ocrx_word' id='word_1_625' title='bbox 577 4719 637 4773; x_wconf 91' lang='lat' dir='ltr'><strong>C.</strong></span> <span class='ocrx_word' id='word_1_626' title='bbox 673 4736 782 4775; x_wconf 90' lang='lat' dir='ltr'><strong>ms.</strong></span> <span class='ocrx_word' id='word_1_627' title='bbox 816 4719 1025 4776; x_wconf 88' lang='lat' dir='ltr'><strong>collata</strong></span> <span class='ocrx_word' id='word_1_628' title='bbox 1050 4721 1109 4775; x_wconf 92' lang='lat' dir='ltr'><strong>in</strong></span> <span class='ocrx_word' id='word_1_629' title='bbox 1140 4721 1263 4777; x_wconf 91' lang='lat' dir='ltr'><strong>Cat.</strong></span> <span class='ocrx_word' id='word_1_630' title='bbox 1298 4721 1439 4777; x_wconf 90' lang='lat' dir='ltr'><strong>Bibl.</strong></span> <span class='ocrx_word' id='word_1_631' title='bbox 1473 4722 1634 4779; x_wconf 92' lang='lat' dir='ltr'><strong>Bold.</strong></span> 
     </span>
    </p>
   </div>
   <div class='ocr_carea' id='block_1_101' title="bbox 1012 4810 1173 4868">
    <p class='ocr_par' dir='ltr' id='par_1_101' title="bbox 1012 4810 1173 4868">
     <span class='ocr_line' id='line_1_102' title="bbox 1012 4810 1173 4868; baseline 0.019 -4"><span class='ocrx_word' id='word_1_632' title='bbox 1012 4810 1173 4868; x_wconf 88' lang='lat'><strong>1650.</strong></span> 
     </span>
    </p>
   </div>
   <div class='ocr_carea' id='block_1_102' title="bbox 334 4895 1919 4973">
    <p class='ocr_par' dir='ltr' id='par_1_102' title="bbox 334 4895 1919 4973">
     <span class='ocr_line' id='line_1_103' title="bbox 334 4895 1919 4973; baseline 0.002 -20"><span class='ocrx_word' id='word_1_633' title='bbox 334 4897 605 4967; x_wconf 79' lang='lat' dir='ltr'><strong>Londini,</strong></span> <span class='ocrx_word' id='word_1_634' title='bbox 638 4897 809 4963; x_wconf 85' lang='lat' dir='ltr'><strong>in-8°,</strong></span> <span class='ocrx_word' id='word_1_635' title='bbox 838 4895 1111 4969; x_wconf 84' lang='lat' dir='ltr'><strong>Cypriani</strong></span> <span class='ocrx_word' id='word_1_636' title='bbox 1140 4899 1424 4971; x_wconf 91' lang='lat' dir='ltr'><strong>opuscula</strong></span> <span class='ocrx_word' id='word_1_637' title='bbox 1451 4901 1610 4956; x_wconf 88' lang='lat' dir='ltr'><strong>varia</strong></span> <span class='ocrx_word' id='word_1_638' title='bbox 1644 4917 1657 4958; x_wconf 89' lang='lat'><strong>:</strong></span> <span class='ocrx_word' id='word_1_639' title='bbox 1686 4902 1919 4973; x_wconf 88' lang='lat' dir='ltr'><strong>Episto-</strong></span> 
     </span>
    </p>
   </div>
   <div class='ocr_carea' id='block_1_103' title="bbox 253 4986 1917 5062">
    <p class='ocr_par' dir='ltr' id='par_1_103' title="bbox 253 4986 1917 5062">
     <span class='ocr_line' id='line_1_104' title="bbox 253 4986 1917 5062; baseline 0.003 -22"><span class='ocrx_word' id='word_1_640' title='bbox 253 4986 349 5055; x_wconf 59' lang='lat' dir='ltr'><strong>las,</strong></span> <span class='ocrx_word' id='word_1_641' title='bbox 384 4988 465 5040; x_wconf 90' lang='lat' dir='ltr'><strong>de</strong></span> <span class='ocrx_word' id='word_1_642' title='bbox 508 4986 719 5039; x_wconf 84' lang='lat' dir='ltr'><strong>Habitu</strong></span> <span class='ocrx_word' id='word_1_643' title='bbox 766 4990 825 5039; x_wconf 90' lang='lat' dir='ltr'><strong>et</strong></span> <span class='ocrx_word' id='word_1_644' title='bbox 853 4986 1165 5057; x_wconf 90' lang='lat' dir='ltr'><strong>disciplina</strong></span> <span class='ocrx_word' id='word_1_645' title='bbox 1208 4988 1540 5061; x_wconf 84' lang='lat' dir='ltr'><strong>Virginum,</strong></span> <span class='ocrx_word' id='word_1_646' title='bbox 1574 4990 1643 5044; x_wconf 89' lang='lat' dir='ltr'><strong>de</strong></span> <span class='ocrx_word' id='word_1_647' title='bbox 1694 4992 1917 5062; x_wconf 88' lang='lat' dir='ltr'><strong>Lapsis,</strong></span> 
     </span>
    </p>
   </div>
   <div class='ocr_carea' id='block_1_104' title="bbox 252 5073 1916 5148">
    <p class='ocr_par' dir='ltr' id='par_1_104' title="bbox 252 5073 1916 5148">
     <span class='ocr_line' id='line_1_105' title="bbox 252 5073 1916 5148; baseline 0.003 -19"><span class='ocrx_word' id='word_1_648' title='bbox 252 5076 327 5129; x_wconf 91' lang='lat' dir='ltr'><strong>de</strong></span> <span class='ocrx_word' id='word_1_649' title='bbox 369 5074 611 5130; x_wconf 88' lang='lat' dir='ltr'><strong>Unitale</strong></span> <span class='ocrx_word' id='word_1_650' title='bbox 662 5073 949 5144; x_wconf 61' lang='lat' dir='ltr'><strong>Ecclesia,</strong></span> <span class='ocrx_word' id='word_1_651' title='bbox 982 5075 1054 5130; x_wconf 91' lang='lat' dir='ltr'><strong>de</strong></span> <span class='ocrx_word' id='word_1_652' title='bbox 1092 5076 1365 5133; x_wconf 86' lang='lat' dir='ltr'><strong>Oratione</strong></span> <span class='ocrx_word' id='word_1_653' title='bbox 1417 5078 1733 5148; x_wconf 85' lang='lat' dir='ltr'><strong>Dominica,</strong></span> <span class='ocrx_word' id='word_1_654' title='bbox 1782 5087 1916 5147; x_wconf 86' lang='lat' dir='ltr'><strong>ctc.,</strong></span> 
     </span>
    </p>
   </div>
   <div class='ocr_carea' id='block_1_105' title="bbox 250 5162 1915 5239">
    <p class='ocr_par' dir='ltr' id='par_1_105' title="bbox 250 5162 1915 5239">
     <span class='ocr_line' id='line_1_106' title="bbox 250 5162 1915 5239; baseline 0.004 -22"><span class='ocrx_word' id='word_1_655' title='bbox 250 5164 419 5217; x_wconf 87' lang='lat' dir='ltr'><strong>inter</strong></span> <span class='ocrx_word' id='word_1_656' title='bbox 450 5162 650 5217; x_wconf 87' lang='lat' dir='ltr'><strong>Franc.</strong></span> <span class='ocrx_word' id='word_1_657' title='bbox 706 5162 863 5217; x_wconf 87' lang='lat' dir='ltr'><strong>Reus</strong></span> <span class='ocrx_word' id='word_1_658' title='bbox 895 5162 1065 5219; x_wconf 83' lang='lat' dir='ltr'><strong>Mella</strong></span> <span class='ocrx_word' id='word_1_659' title='bbox 1111 5164 1363 5236; x_wconf 85' lang='lat' dir='ltr'><strong>Patrum,</strong></span> <span class='ocrx_word' id='word_1_660' title='bbox 1396 5184 1453 5239; x_wconf 92' lang='lat' dir='ltr'><strong>p.</strong></span> <span class='ocrx_word' id='word_1_661' title='bbox 1487 5167 1741 5223; x_wconf 69' lang='grc'><strong>843-944.</strong></span> <span class='ocrx_word' id='word_1_662' title='bbox 1774 5170 1915 5235; x_wconf 82' lang='lat' dir='ltr'><strong>(Cat.</strong></span> 
     </span>
    </p>
   </div>
   <div class='ocr_carea' id='block_1_106' title="bbox 246 5252 681 5319">
    <p class='ocr_par' dir='ltr' id='par_1_106' title="bbox 246 5252 681 5319">
     <span class='ocr_line' id='line_1_107' title="bbox 246 5252 681 5319; baseline 0 -14"><span class='ocrx_word' id='word_1_663' title='bbox 246 5252 405 5307; x_wconf 80' lang='lat' dir='ltr'><strong>Bibl.</strong></span> <span class='ocrx_word' id='word_1_664' title='bbox 445 5252 681 5319; x_wconf 87' lang='lat' dir='ltr'><strong>Bunav.)</strong></span> 
     </span>
    </p>
   </div>
   <div class='ocr_carea' id='block_1_107' title="bbox 1011 5342 1169 5398">
    <p class='ocr_par' dir='ltr' id='par_1_107' title="bbox 1011 5342 1169 5398">
     <span class='ocr_line' id='line_1_108' title="bbox 1011 5342 1169 5398; baseline 0.013 -3"><span class='ocrx_word' id='word_1_665' title='bbox 1011 5342 1169 5398; x_wconf 81' lang='grc'>1664.</span> 
     </span>
    </p>
   </div>
   <div class='ocr_carea' id='block_1_108' title="bbox 331 5428 1913 5503">
    <p class='ocr_par' dir='ltr' id='par_1_108' title="bbox 331 5428 1913 5503">
     <span class='ocr_line' id='line_1_109' title="bbox 331 5428 1913 5503; baseline 0.006 -23"><span class='ocrx_word' id='word_1_666' title='bbox 331 5430 542 5483; x_wconf 69' lang='lat' dir='ltr'><strong>Ver-sio</strong></span> <span class='ocrx_word' id='word_1_667' title='bbox 574 5428 787 5483; x_wconf 81' lang='lat' dir='ltr'><strong>Gallica</strong></span> <span class='ocrx_word' id='word_1_668' title='bbox 832 5431 902 5483; x_wconf 68' lang='grc' dir='ltr'><strong>ν.</strong></span> <span class='ocrx_word' id='word_1_669' title='bbox 939 5430 1001 5487; x_wconf 94' lang='lat' dir='ltr'><strong>D.</strong></span> <span class='ocrx_word' id='word_1_670' title='bbox 1032 5430 1298 5503; x_wconf 87' lang='lat' dir='ltr'><strong>Cypriani</strong></span> <span class='ocrx_word' id='word_1_671' title='bbox 1348 5435 1634 5489; x_wconf 83' lang='lat' dir='ltr'><strong>tractatus</strong></span> <span class='ocrx_word' id='word_1_672' title='bbox 1677 5435 1747 5489; x_wconf 91' lang='lat' dir='ltr'><strong>de</strong></span> <span class='ocrx_word' id='word_1_673' title='bbox 1777 5435 1913 5490; x_wconf 75' lang='lat' dir='ltr'><strong>Ora-</strong></span> 
     </span>
    </p>
   </div>
   <div class='ocr_carea' id='block_1_109' title="bbox 250 5516 1913 5589">
    <p class='ocr_par' dir='ltr' id='par_1_109' title="bbox 250 5516 1913 5589">
     <span class='ocr_line' id='line_1_110' title="bbox 250 5516 1913 5589; baseline 0.004 -19"><span class='ocrx_word' id='word_1_674' title='bbox 250 5517 425 5570; x_wconf 86' lang='lat' dir='ltr'><strong>tione</strong></span> <span class='ocrx_word' id='word_1_675' title='bbox 477 5516 775 5572; x_wconf 87' lang='lat' dir='ltr'><strong>Dominica</strong></span> <span class='ocrx_word' id='word_1_676' title='bbox 822 5520 881 5571; x_wconf 86' lang='lat' dir='ltr'><strong>et</strong></span> <span class='ocrx_word' id='word_1_677' title='bbox 919 5518 991 5573; x_wconf 88' lang='lat' dir='ltr'><strong>de</strong></span> <span class='ocrx_word' id='word_1_678' title='bbox 1039 5518 1405 5589; x_wconf 81' lang='lat' dir='ltr'><strong>Mortalitate,</strong></span> <span class='ocrx_word' id='word_1_679' title='bbox 1438 5520 1913 5577; x_wconf 73' lang='lat' dir='ltr'><strong>Galliceredditi</strong></span> 
     </span>
    </p>
   </div>
   <div class='ocr_carea' id='block_1_110' title="bbox 253 5603 1911 5684">
    <p class='ocr_par' dir='ltr' id='par_1_110' title="bbox 253 5603 1911 5684">
     <span class='ocr_line' id='line_1_111' title="bbox 253 5603 1911 5684; baseline 0.004 -25"><span class='ocrx_word' id='word_1_680' title='bbox 253 5621 363 5676; x_wconf 89' lang='lat' dir='ltr'><strong>per</strong></span> <span class='ocrx_word' id='word_1_681' title='bbox 417 5603 734 5659; x_wconf 88' lang='lat' dir='ltr'><strong>Dominum</strong></span> <span class='ocrx_word' id='word_1_682' title='bbox 783 5604 977 5677; x_wconf 76' lang='lat' dir='ltr'><strong>Lava),</strong></span> <span class='ocrx_word' id='word_1_683' title='bbox 1009 5606 1048 5661; x_wconf 91' lang='lat' dir='ltr'><strong>i.</strong></span> <span class='ocrx_word' id='word_1_684' title='bbox 1081 5622 1133 5674; x_wconf 81' lang='grc' dir='ltr'><strong>ο,</strong></span> <span class='ocrx_word' id='word_1_685' title='bbox 1164 5624 1268 5680; x_wconf 88' lang='lat' dir='ltr'><strong>per</strong></span> <span class='ocrx_word' id='word_1_686' title='bbox 1297 5610 1505 5665; x_wconf 88' lang='lat' dir='ltr'><strong>ducem</strong></span> <span class='ocrx_word' id='word_1_687' title='bbox 1557 5610 1626 5666; x_wconf 92' lang='lat' dir='ltr'><strong>de</strong></span> <span class='ocrx_word' id='word_1_688' title='bbox 1668 5612 1911 5684; x_wconf 74' lang='lat' dir='ltr'><strong>Luynes,</strong></span> 
     </span>
    </p>
   </div>
   <div class='ocr_carea' id='block_1_111' title="bbox 256 5691 756 5748">
    <p class='ocr_par' dir='ltr' id='par_1_111' title="bbox 256 5691 756 5748">
     <span class='ocr_line' id='line_1_112' title="bbox 256 5691 756 5748; baseline 0 0"><span class='ocrx_word' id='word_1_689' title='bbox 256 5698 420 5748; x_wconf 86' lang='lat' dir='ltr'><strong>teste</strong></span> <span class='ocrx_word' id='word_1_690' title='bbox 451 5691 756 5748; x_wconf 86' lang='lat' dir='ltr'><strong>Ceillierio.</strong></span> 
     </span>
    </p>
   </div>
   <div class='ocr_carea' id='block_1_112' title="bbox 2032 4688 3673 4767">
    <p class='ocr_par' dir='ltr' id='par_1_112' title="bbox 2032 4688 3673 4767">
     <span class='ocr_line' id='line_1_113' title="bbox 2032 4688 3673 4767; baseline -0.005 -17"><span class='ocrx_word' id='word_1_691' title='bbox 2032 4696 2185 4767; x_wconf 89' lang='lat' dir='ltr'><strong>piam</strong></span> <span class='ocrx_word' id='word_1_692' title='bbox 2212 4712 2226 4760; x_wconf 90' lang='lat'><strong>;</strong></span> <span class='ocrx_word' id='word_1_693' title='bbox 2259 4694 2551 4763; x_wconf 87' lang='lat' dir='ltr'><strong>accepisse</strong></span> <span class='ocrx_word' id='word_1_694' title='bbox 2573 4704 2764 4747; x_wconf 90' lang='lat' dir='ltr'><strong>tamen</strong></span> <span class='ocrx_word' id='word_1_695' title='bbox 2783 4708 2813 4746; x_wconf 91' lang='lat' dir='ltr'><strong>e</strong></span> <span class='ocrx_word' id='word_1_696' title='bbox 2837 4690 2979 4747; x_wconf 91' lang='lat' dir='ltr'><strong>bibl.</strong></span> <span class='ocrx_word' id='word_1_697' title='bbox 3010 4688 3483 4761; x_wconf 88' lang='lat' dir='ltr'><strong>Norimbergensi</strong></span> <span class='ocrx_word' id='word_1_698' title='bbox 3507 4692 3673 4742; x_wconf 88' lang='lat' dir='ltr'><strong>uten-</strong></span> 
     </span>
    </p>
   </div>
   <div class='ocr_carea' id='block_1_113' title="bbox 2031 4778 3671 4842">
    <p class='ocr_par' dir='ltr' id='par_1_113' title="bbox 2031 4778 3671 4842">
     <span class='ocr_line' id='line_1_114' title="bbox 2031 4778 3671 4842; baseline -0.005 -6"><span class='ocrx_word' id='word_1_699' title='bbox 2031 4784 2135 4837; x_wconf 86' lang='lat' dir='ltr'><strong>das</strong></span> <span class='ocrx_word' id='word_1_700' title='bbox 2162 4784 2448 4838; x_wconf 88' lang='lat' dir='ltr'><strong>editiones</strong></span> <span class='ocrx_word' id='word_1_701' title='bbox 2480 4782 2794 4836; x_wconf 79' lang='lat' dir='ltr'><strong>Romanam</strong></span> <span class='ocrx_word' id='word_1_702' title='bbox 2826 4788 2883 4837; x_wconf 89' lang='lat' dir='ltr'><strong>et</strong></span> <span class='ocrx_word' id='word_1_703' title='bbox 2912 4781 3194 4836; x_wconf 88' lang='lat' dir='ltr'><strong>Venetam</strong></span> <span class='ocrx_word' id='word_1_704' title='bbox 3230 4779 3386 4842; x_wconf 85' lang='grc'>1471,</span> <span class='ocrx_word' id='word_1_705' title='bbox 3418 4782 3475 4832; x_wconf 91' lang='lat' dir='ltr'><strong>et</strong></span> <span class='ocrx_word' id='word_1_706' title='bbox 3504 4778 3671 4830; x_wconf 85' lang='lat' dir='ltr'><strong>inno-</strong></span> 
     </span>
    </p>
   </div>
   <div class='ocr_carea' id='block_1_114' title="bbox 2031 4864 3667 4942">
    <p class='ocr_par' dir='ltr' id='par_1_114' title="bbox 2031 4864 3667 4942">
     <span class='ocr_line' id='line_1_115' title="bbox 2031 4864 3667 4942; baseline -0.006 -17"><span class='ocrx_word' id='word_1_707' title='bbox 2031 4872 2311 4925; x_wconf 89' lang='lat' dir='ltr'><strong>minatam</strong></span> <span class='ocrx_word' id='word_1_708' title='bbox 2337 4887 2351 4938; x_wconf 90' lang='lat'><strong>;</strong></span> <span class='ocrx_word' id='word_1_709' title='bbox 2382 4887 2528 4942; x_wconf 92' lang='lat' dir='ltr'><strong>quas</strong></span> <span class='ocrx_word' id='word_1_710' title='bbox 2553 4869 2759 4925; x_wconf 89' lang='lat' dir='ltr'><strong>saltem</strong></span> <span class='ocrx_word' id='word_1_711' title='bbox 2783 4875 3047 4926; x_wconf 84' lang='lat' dir='ltr'><strong>excutere</strong></span> <span class='ocrx_word' id='word_1_712' title='bbox 3075 4868 3377 4924; x_wconf 87' lang='lat' dir='ltr'><strong>debuisset</strong></span> <span class='ocrx_word' id='word_1_713' title='bbox 3398 4864 3667 4929; x_wconf 90' lang='lat' dir='ltr'><strong>curiosis,</strong></span> 
     </span>
    </p>
   </div>
   <div class='ocr_carea' id='block_1_115' title="bbox 2029 4952 3670 5031">
    <p class='ocr_par' dir='ltr' id='par_1_115' title="bbox 2029 4952 3670 5031">
     <span class='ocr_line' id='line_1_116' title="bbox 2029 4952 3670 5031; baseline -0.005 -17"><span class='ocrx_word' id='word_1_714' title='bbox 2029 4975 2347 5031; x_wconf 89' lang='lat' dir='ltr'><strong>earumque</strong></span> <span class='ocrx_word' id='word_1_715' title='bbox 2377 4958 2567 5014; x_wconf 89' lang='lat' dir='ltr'><strong>varias</strong></span> <span class='ocrx_word' id='word_1_716' title='bbox 2611 4958 2890 5014; x_wconf 89' lang='lat' dir='ltr'><strong>lectiones</strong></span> <span class='ocrx_word' id='word_1_717' title='bbox 2921 4957 3196 5014; x_wconf 88' lang='lat' dir='ltr'><strong>disertius</strong></span> <span class='ocrx_word' id='word_1_718' title='bbox 3227 4955 3505 5011; x_wconf 91' lang='lat' dir='ltr'><strong>indicare.</strong></span> <span class='ocrx_word' id='word_1_719' title='bbox 3540 4952 3670 5007; x_wconf 66' lang='lat' dir='ltr'><strong>Haec</strong></span> 
     </span>
    </p>
   </div>
   <div class='ocr_carea' id='block_1_116' title="bbox 2028 5038 3671 5119">
    <p class='ocr_par' dir='ltr' id='par_1_116' title="bbox 2028 5038 3671 5119">
     <span class='ocr_line' id='line_1_117' title="bbox 2028 5038 3671 5119; baseline -0.006 -18"><span class='ocrx_word' id='word_1_720' title='bbox 2028 5047 2225 5118; x_wconf 91' lang='lat' dir='ltr'><strong>editio,</strong></span> <span class='ocrx_word' id='word_1_721' title='bbox 2250 5048 2448 5118; x_wconf 89' lang='lat' dir='ltr'><strong>judice</strong></span> <span class='ocrx_word' id='word_1_722' title='bbox 2496 5047 2768 5119; x_wconf 90' lang='lat' dir='ltr'><strong>Dupinio,</strong></span> <span class='ocrx_word' id='word_1_723' title='bbox 2801 5046 2947 5102; x_wconf 90' lang='lat' dir='ltr'><strong>nihil</strong></span> <span class='ocrx_word' id='word_1_724' title='bbox 2994 5046 3186 5113; x_wconf 89' lang='lat' dir='ltr'><strong>habet,</strong></span> <span class='ocrx_word' id='word_1_725' title='bbox 3220 5045 3377 5116; x_wconf 89' lang='lat' dir='ltr'><strong>quod</strong></span> <span class='ocrx_word' id='word_1_726' title='bbox 3427 5043 3485 5096; x_wconf 93' lang='lat' dir='ltr'><strong>in</strong></span> <span class='ocrx_word' id='word_1_727' title='bbox 3540 5038 3671 5095; x_wconf 87' lang='lat' dir='ltr'><strong>aliis</strong></span> 
     </span>
    </p>
   </div>
   <div class='ocr_carea' id='block_1_117' title="bbox 2029 5132 3675 5206">
    <p class='ocr_par' dir='ltr' id='par_1_117' title="bbox 2029 5132 3675 5206">
     <span class='ocr_line' id='line_1_118' title="bbox 2029 5132 3675 5206; baseline -0.005 -16"><span class='ocrx_word' id='word_1_728' title='bbox 2029 5153 2142 5191; x_wconf 91' lang='lat' dir='ltr'><strong>non</strong></span> <span class='ocrx_word' id='word_1_729' title='bbox 2174 5138 2524 5205; x_wconf 88' lang='lat' dir='ltr'><strong>inveniatur,</strong></span> <span class='ocrx_word' id='word_1_730' title='bbox 2560 5135 2673 5191; x_wconf 87' lang='lat' dir='ltr'><strong>nisi</strong></span> <span class='ocrx_word' id='word_1_731' title='bbox 2705 5137 2856 5206; x_wconf 91' lang='lat' dir='ltr'><strong>quod</strong></span> <span class='ocrx_word' id='word_1_732' title='bbox 2908 5152 2978 5192; x_wconf 87' lang='lat' dir='ltr'><strong>ex</strong></span> <span class='ocrx_word' id='word_1_733' title='bbox 3011 5137 3156 5191; x_wconf 87' lang='lat' dir='ltr'><strong>bene</strong></span> <span class='ocrx_word' id='word_1_734' title='bbox 3192 5132 3393 5188; x_wconf 89' lang='lat' dir='ltr'><strong>multis</strong></span> <span class='ocrx_word' id='word_1_735' title='bbox 3439 5145 3675 5185; x_wconf 84' lang='lat' dir='ltr'><strong>manus-</strong></span> 
     </span>
    </p>
   </div>
   <div class='ocr_carea' id='block_1_118' title="bbox 2028 5224 2667 5297">
    <p class='ocr_par' dir='ltr' id='par_1_118' title="bbox 2028 5224 2667 5297">
     <span class='ocr_line' id='line_1_119' title="bbox 2028 5224 2667 5297; baseline 0.002 -19"><span class='ocrx_word' id='word_1_736' title='bbox 2028 5224 2226 5297; x_wconf 86' lang='lat' dir='ltr'><strong>criptis</strong></span> <span class='ocrx_word' id='word_1_737' title='bbox 2258 5227 2543 5281; x_wconf 88' lang='lat' dir='ltr'><strong>recensita</strong></span> <span class='ocrx_word' id='word_1_738' title='bbox 2573 5226 2667 5281; x_wconf 79' lang='lat' dir='ltr'><strong>sit.</strong></span> 
     </span>
    </p>
   </div>
   <div class='ocr_carea' id='block_1_119' title="bbox 2681 5383 3014 5423">
    <p class='ocr_par' dir='ltr' id='par_1_119' title="bbox 2681 5383 3014 5423">
     <span class='ocr_line' id='line_1_120' title="bbox 2681 5383 3014 5423; baseline 0 -2"><span class='ocrx_word' id='word_1_739' title='bbox 2681 5383 2899 5422; x_wconf 78' lang='lat' dir='ltr'><strong>CLASSIS</strong></span> <span class='ocrx_word' id='word_1_740' title='bbox 2938 5384 3014 5423; x_wconf 78' lang='lat' dir='ltr'><strong>VI.</strong></span> 
     </span>
    </p>
   </div>
   <div class='ocr_carea' id='block_1_120' title="bbox 2524 5478 3178 5535">
    <p class='ocr_par' dir='ltr' id='par_1_120' title="bbox 2524 5478 3178 5535">
     <span class='ocr_line' id='line_1_121' title="bbox 2524 5478 3178 5535; baseline 0 -1"><span class='ocrx_word' id='word_1_741' title='bbox 2524 5480 2799 5535; x_wconf 75' lang='lat' dir='ltr'><strong>Editiones</strong></span> <span class='ocrx_word' id='word_1_742' title='bbox 2831 5478 2979 5533; x_wconf 70' lang='lat' dir='ltr'><strong>Oxon</strong></span> <span class='ocrx_word' id='word_1_743' title='bbox 2988 5479 3178 5534; x_wconf 77' lang='lat' dir='ltr'><strong>ienses.</strong></span> 
     </span>
    </p>
   </div>
   <div class='ocr_carea' id='block_1_121' title="bbox 2762 5593 2917 5649">
    <p class='ocr_par' dir='ltr' id='par_1_121' title="bbox 2762 5593 2917 5649">
     <span class='ocr_line' id='line_1_122' title="bbox 2762 5593 2917 5649; baseline 0.006 -1"><span class='ocrx_word' id='word_1_744' title='bbox 2762 5593 2917 5649; x_wconf 87' lang='lat'><strong>1682.</strong></span> 
     </span>
    </p>
   </div>
   <div class='ocr_carea' id='block_1_122' title="bbox 2095 5698 3665 5774">
    <p class='ocr_par' dir='ltr' id='par_1_122' title="bbox 2095 5698 3665 5774">
     <span class='ocr_line' id='line_1_123' title="bbox 2095 5698 3665 5774; baseline -0.003 -17"><span class='ocrx_word' id='word_1_745' title='bbox 2095 5702 2320 5769; x_wconf 73' lang='lat' dir='ltr'><strong>Oxom&#39;i,</strong></span> <span class='ocrx_word' id='word_1_746' title='bbox 2347 5718 2380 5757; x_wconf 74' lang='grc' dir='ltr'>ε</span> <span class='ocrx_word' id='word_1_747' title='bbox 2408 5701 2614 5756; x_wconf 82' lang='lat' dir='ltr'><strong>theatro</strong></span> <span class='ocrx_word' id='word_1_748' title='bbox 2644 5698 3063 5771; x_wconf 79' lang='lat' dir='ltr'><strong>Scheldom&#39;ano,</strong></span> <span class='ocrx_word' id='word_1_749' title='bbox 3113 5702 3269 5771; x_wconf 76' lang='lat' dir='ltr'><strong>in-f&quot;,</strong></span> <span class='ocrx_word' id='word_1_750' title='bbox 3300 5702 3359 5758; x_wconf 90' lang='lat' dir='ltr'><strong>S.</strong></span> <span class='ocrx_word' id='word_1_751' title='bbox 3393 5699 3665 5774; x_wconf 85' lang='lat' dir='ltr'><strong>Cypriani</strong></span> 
     </span>
    </p>
   </div>
  </div>
