4064 6196
423 344 660 392 LXXIII

426 549 812 605 Oxoniensem
843 550 1202 621 episcopum.
1239 549 1532 605 Accedunt
1553 549 1805 606 Annales
1835 550 2067 622 Cypria-

426 639 562 706 nici,
597 639 717 694 sive
748 639 1022 694 tredecim
1064 655 1352 693 annorum
1384 639 1600 711 quibus
1649 639 1707 694 S.
1742 639 2065 712 Cyprianus

421 728 574 782 inter
595 727 953 782 Christianos
975 731 1238 782 versatus
1269 732 1376 792 est,
1405 728 1600 783 brevis
1630 727 1877 784 historia
1897 727 2063 784 chro-

419 815 679 887 nologice
708 813 999 870 delineata
1017 830 1122 886 per
1139 815 1424 872 Joannem
1441 816 1844 873 Cestriensem.
1872 815 2066 873 Prima

419 905 597 974 hujus
634 902 906 958 editionis
955 903 1061 957 dos
1109 908 1217 971 est,
1250 905 1406 974 quod
1437 909 1724 960 tractatus
1777 905 2063 977 Cypriano

415 990 704 1062 suppositi
726 995 825 1045 eta
847 991 1140 1062 prioribus
1152 993 1327 1050 etiam
1351 993 1674 1048 editoribus
1688 995 1856 1064 quasi
1877 993 2064 1066 gradu

411 1081 670 1136 submoti
699 1084 756 1136 et
785 1080 1030 1136 seorsim
1065 1082 1323 1152 repositi,
1349 1082 1432 1138 ita
1457 1086 1676 1151 tamen,
1702 1091 1764 1139 ut
1785 1088 1886 1138 aut
1907 1100 2061 1153 quae-

410 1168 659 1224 stionem
691 1168 760 1225 de
790 1172 947 1224 statu
979 1185 1182 1225 eorum
1232 1170 1514 1226 intactam
1546 1172 1926 1242 praeterirent,
1962 1157 2063 1227 aut

407 1273 512 1328 pro
534 1256 834 1328 aliquibus
860 1257 972 1330 ipsi
997 1257 1478 1330 fidejuberent,ut
1500 1259 2062 1333 Pamelius,prorsus

409 1349 552 1402 sunt
581 1361 650 1402 ex
679 1345 906 1416 reliquo
945 1347 1304 1420 scriptorum
1337 1364 1581 1405 numero
1631 1347 1956 1418 eliminati;
1991 1366 2062 1404 ne

407 1450 542 1490 vero
573 1450 610 1490 a
650 1434 1002 1506 quibusdam
1043 1435 1357 1494 lectoribus
1411 1438 1884 1494 desiderarentur
1931 1438 2061 1494 uni-

407 1522 580 1591 versi,
603 1537 740 1581 cum
772 1522 1007 1580 ineditis
1039 1523 1230 1582 adhuc
1264 1526 1621 1599 quibusdam
1651 1525 1781 1582 aliis
1812 1525 2060 1582 seorsim

383 1612 852 1687 _excudicuravit
871 1612 1077 1682 editor,
1105 1613 1206 1670 tali
1229 1613 1402 1672 etiam
1427 1615 1630 1688 forma,
1648 1619 1713 1673 ut
1733 1631 1865 1672 cum
1882 1615 2060 1688 gemi—

408 1700 502 1758 nis
532 1702 838 1758 commode
860 1702 1035 1776 jungi
1066 1706 1329 1775 possent.
1361 1704 1522 1770 Quod
1555 1705 1627 1760 ad
1658 1704 1916 1777 genuina
1946 1704 2061 1760 ista

406 1793 650 1862 spectat,
668 1790 956 1862 Epistolas
978 1807 1121 1848 novo
1145 1810 1210 1850 ac
1231 1792 1403 1866 longe
1425 1811 1458 1850 a
1477 1793 1718 1850 Pamelii
1737 1793 2059 1850 dissidente

407 1877 609 1934 ordine
652 1877 934 1950 digessit;
986 1881 1484 1954 annotationibus,
1517 1899 1644 1954 quis
1694 1883 1998 1939 commode
2026 1899 2060 1938 a

409 1965 812 2038 superioribus
834 1967 1176 2038 editoribus,
1197 1969 1256 2026 in
1278 1969 1485 2040 primis
1503 1988 1536 2025 a
1566 1969 1837 2041 Rigaltio,
1863 1970 2057 2026 consi-

408 2058 598 2128 gnatae
628 2060 813 2124 erant,
845 2055 991 2127 ipsis
1019 2073 1221 2114 eorum
1253 2058 1467 2126 verbis,
1500 2058 1831 2116 charactere
1861 2062 2056 2114 tamen

412 2141 693 2214 peculiari
723 2143 1030 2217 descriptis
1061 2162 1199 2203 suas
1229 2146 1473 2216 addidit,
1489 2147 1559 2202 de
1589 2147 1804 2220 quibus
1835 2146 1952 2203 fere
1971 2145 2056 2202 ni-

413 2231 527 2287 mis
559 2231 822 2289 modeste
851 2235 1048 2306 sentit,
1068 2235 1390 2292 admonens
1418 2235 1593 2292 etiam
1618 2235 1881 2304 lectores,
1902 2239 1986 2305 ut,
2002 2233 2053 2288 si

411 2320 502 2374 cui
531 2320 674 2378 forte
685 2320 950 2392 Cypriani
965 2323 1469 2395 placitisvideatur
1484 2342 1650 2397 aequo
1663 2323 2055 2395 addictior,re-

408 2412 616 2478 putent
629 2425 690 2464 se
703 2413 868 2466 notas
881 2411 952 2467 ad
979 2411 1332 2485 Cyprianum
1356 2431 1471 2470 non
1494 2414 1552 2470 in
1570 2429 1704 2469 eum
1721 2411 2049 2485 scripsisse.

403 2496 618 2551 Tutelae
640 2497 936 2569 quoddam
959 2516 1145 2571 genus
1165 2501 1459 2573 suscipere
1479 2502 1780 2567 editorem,
1806 2516 1910 2555 nec
1925 2516 2054 2571 pro-

405 2583 590 2654 priam
624 2585 871 2641 liberare
902 2588 1098 2654 ﬁdem,
1134 2590 1247 2646 nisi
1277 2591 1530 2646 auctoris
1562 2590 1653 2645 sui
1685 2594 1942 2644 tueatur.
1966 2589 2049 2642 Ad

405 2671 806 2744 dispositionis
835 2675 1038 2734 laudes
1054 2678 1494 2752 pertinet.quod
1530 2681 1744 2751 insigni
1765 2679 2048 2735 lectorum

403 2763 710 2817 commodo
758 2764 943 2819 textui
991 2767 1160 2820 varies
1210 2767 1487 2823 lectiones
1533 2769 1809 2839 primum,
1844 2767 2052 2822 deinde

408 2855 689 2905 annotata
718 2853 1144 2923 subjiciantur;
1177 2861 1458 2926 praeterea
1477 2861 1669 2912 textus
1691 2858 1816 2928 ipse
1838 2855 1895 2909 in
1922 2855 2050 2908 bre-

405 2954 501 2994 ves
531 2940 928 3012 paragraphos
948 2943 1265 3000 distinctus
1293 2944 1662 3018 singulisque
1683 2961 1884 3002 eorum
1907 2947 2050 3002 sunt

399 3027 660 3094 adjuncti
691 3028 935 3087 indiculi
968 3031 1338 3104 marginales.
1363 3033 1575 3090 Praeter
1596 3051 1664 3090 ea
1685 3051 1813 3108 quae
1846 3034 2051 3091 titulus

403 3115 729 3186 pollicetur,
752 3119 1041 3188 praemissi
1073 3125 1211 3177 sunt
1239 3120 1382 3177 Vitae
1405 3123 1673 3194 Cypriani
1705 3123 1928 3181 indices
1945 3124 2050 3180 Pa-

1908 329 2326 394 PREFA’I‘IO

423 463 612 532 Opera
640 461 937 532 recognita
967 466 1024 516 et
1053 459 1346 516 illustrata
1374 477 1479 531 per
1527 462 1809 516 Joannem
1841 459 2065 516 Fellum
2096 465 2150 530 Α

2089 1831 2138 1898 Β

3614 340 3829 387 LXXXIV

2925 455 3079 516 1690.

2245 568 2346 623 En.
2379 567 2717 624 Oxomsusxs
2748 567 2818 623 II.
2865 567 3102 638 Breme,
3135 564 3378 635 sumpti.
3413 564 3608 619 Herm.
3644 564 3820 619 Brau-

2174 673 2256 725 er,
2287 673 2485 728 gymn.
2535 656 2886 729 typograph.
2934 653 3278 712 Oxoniensis
3325 653 3397 710 ad
3445 667 3700 723 unguem
3736 668 3819 707 re-

2176 761 2334 800 cusa.
2371 745 2712 817 Subjunctis
2742 743 3030 800 Dodwelli
3062 743 3216 800 Dies.
3249 742 3630 815 Cyprianicis.

2915 859 3074 918 1694.

2244 961 2404 1016 Com.
2448 956 2703 1016 Danielis
2749 957 2964 1017 Frichli
2992 957 3058 1016 de
3105 956 3438 1017 Libellaticis
3479 956 3541 1010 in
3588 954 3825 1010 Ecclesia

2171 1051 2346 1102 vetere
2363 1064 2385 1108 ι
2416 1045 2643 1119 Lipsius.

2915 1135 3074 1192 1697.

2245 1224 2462 1293 Romae,
2494 1224 2688 1280 in-fol.
2720 1225 2779 1280 S.
2812 1223 3083 1297 Cypriani
3113 1222 3465 1296 opusculum
3492 1223 3563 1278 de
3595 1221 3828 1278 Unitate

2171 1311 2440 1370 Ecclesia
2487 1312 2786 1371 catholica:
2835 1314 2895 1370 in
2939 1314 3033 1372 J0.
3086 1312 3324 1372 Thomas
3375 1312 3447 1367 de
3491 1311 3826 1368 Roccaberti

2170 1401 2320 1458 Bibl.
2355 1403 2505 1459 Max.
2537 1403 2748 1460 Pontif.
2784 1403 2978 1469 Rom.,
3009 1406 3053 1460 ι.
3084 1401 3182 1473 VI,
3211 1419 3271 1474 p.
3303 1401 3559 1458 903.911.

2240 1609 2340 1661 Eo.
2373 1606 2718 1664 Oxomsmsrs
2763 1609 2859 1664 lii.
2912 1519 3358 1675 frgigstelodami,
3407 1621 3500 1680 ap.
3551 1607 3642 1660 Jo.
3675 1605 3820 1659 Lud.

2169 1694 2240 1748 de
2276 1699 2492 1761 Lorme,
2525 1694 2711 1751 in-fol.
2763 1696 2865 1751 Ed.
2914 1696 3105 1765 tertia,
3140 1693 3236 1749 cui
3267 1693 3480 1748 additas
3529 1697 3668 1748 sunt
3696 1692 3823 1748 Dis-

2171 1786 2371 1838 sertat.
2403 1783 2755 1856 Cyprianicaa
2787 1785 2854 1841 II.
2891 1783 3200 1841 Dodwelli.
3229 1782 3515 1854 Repetitio
3545 1787 3821 1838 Bremen-

2170 1871 2218 1928 si
2251 1887 2355 1944 per
2385 1872 2584 1928 omnia
2613 1873 2849 1929 similis.

2777 2083 3008 2122 δεσυιο
3046 2083 3206 2124 XVIII.

2909 2235 3068 2291 1700.

2233 2358 2331 2409 Ec.
2366 2353 2703 2410 Oxomsnsrs
2734 2351 2825 2424 IV,
2874 2349 3222 2422 Amstelod.,
3275 2351 3460 2408 in-fol.
3495 2352 3696 2408 eadem
3754 2368 3821 2406 ac

2163 2458 2359 2513 supra.
2393 2440 2660 2512 (Catalog.
2694 2440 2825 2496 bibl.
2863 2443 3124 2496 Casanat.
3159 2443 3203 2496 t.
3238 2441 3336 2510 II.)

2897 2555 3058 2613 4709.

2230 2655 2414 2713 Caecil.
2446 2654 2768 2727 Cyprianus
2799 2655 2870 2711 de
2894 2654 3183 2709 idolorum
3215 2653 3505 2721 Vanitate,
3535 2671 3669 2710 cum
3701 2671 3806 2710 no-

2160 2746 2237 2800 tis
2269 2746 2391 2800 Nic.
2427 2743 2660 2817 Rigaltii
2691 2747 2752 2799 ct
2777 2743 2900 2800 Jac.
2949 2742 3243 2807 Gronovii,
3279 2744 3544 2814 Lugduni
3577 2748 3808 2799 Batavo-

2161 2850 2290 2888 rum
2325 2833 2550 2888 Minutii
2584 2831 2788 2888 Felicis
2818 2831 3073 2899 Octavio,
3109 2848 3166 2903 p.
3209 2831 3462 2887 392401.
3497 2832 3619 2887 Cat.
3654 2831 3802 2886 Bibl.

2160 2923 2380 2978 Bunav.
2412 2925 2470 2977 et
2493 2921 2758 2994 Tigurin.

2901 3009 3060 3065 1740.

2235 3108 2444 3174 Romae,
2481 3107 2654 3163 in-8°.
2677 3111 2736 3162 8.
2769 3105 2980 3163 Caecilii
3007 3105 3277 3179 Cypriani
3307 3105 3806 3163 Testimoniorum

405 3203 637 3259 meliani
686 3221 821 3262 cum
851 3207 1144 3264 indicibus
1192 3215 1620 3278 mammarum,
1670 3214 1888 3284 quibus
1927 3214 2042 3269 edi-
2072 3197 2114 3265 C
2154 3197 2225 3250 ad
2258 3196 2564 3262 Quirinum
2612 3195 2764 3251 liber
2807 3195 3018 3251 tertius
3067 3194 3128 3251 in
3178 3195 3438 3284 ,Institut.
3469 3195 3804 3267 Theologic.

402 3291 592 3350 tiones
621 3293 869 3366 Erasmi,
891 3297 1154 3366 Manutii,
1179 3298 1415 3357 Pamelii
1434 3309 1492 3357 et
1520 3301 1864 3359 Oxoniensis
1895 3302 2048 3359 inter

402 3397 466 3436 se
494 3389 926 3455 comparantur.
961 3386 1041 3442 De
1073 3387 1252 3443 niiore
1283 3395 1338 3444 et
1389 3396 1596 3447 ornatu
1629 3393 2046 3465 typograpbico

404 3469 584 3541 hujus
615 3473 889 3531 editionis
922 3492 1158 3532 monere
1188 3480 1563 3550 supersedeo.

1138 3593 1296 3649 1684.

475 3677 631 3730 Verr.
664 3677 860 3732 Italica
905 3679 963 3734 V.
1012 3679 1318 3737 Tractatus
1364 3685 1641 3740 adversus
1695 3687 2043 3744 feminarum

398 3762 596 3817 luxum
629 3771 936 3838 excerptas
983 3785 1051 3824 ex
1095 3768 1244 3825 libro
1273 3772 1346 3826 de
1395 3773 1714 3845 Disciplina
1753 3781 1812 3830 et
1841 3776 2042 3832 habitu

394 3849 687 3921 virginum
734 3855 927 3911 Italice
957 3858 1241 3928 redditus,
1275 3865 1421 3916 teste
1475 3863 1728 3919 Eudoxio
1760 3864 2044 3932 Philenio,

403 3939 617 4011 Romae,
650 3958 719 3997 ex
747 3945 1134 4018 typographia
1165 3948 1228 4003 R.
1265 3950 1324 4004 C.
1362 3959 1426 4004 A.

1142 4062 1298 4117 1864.

470 4153 889 4211 Diam-lationes
948 4157 1295 4231 Cyprianicc'e
1352 4163 1423 4217 ab
1469 4164 1712 4221 Henrico
1763 4167 2040 4223 Dodwell.

399 4241 576 4382 71.11;.
616 4242 1000 4318 Dubliniensi,
1032 4248 1283 4322 Oxonie,
1317 4268 1348 4307 e
1380 4252 1602 4308 theatro
1629 4253 2041 4326 Sbeldoniano,

399 4345 480 4382 ιη-
558 4372 570 4382 .

396 4345 570 4384 IIl-136.

475 4515 654 4572 Versio
687 4517 897 4576 Gallica
949 4520 1042 4578 VI.
1090 4523 1323 4580 Selectaa
1362 4529 1420 4581 D.
1473 4528 1742 4600 Cypriani
1775 4529 2044 4601 Epistola

406 4603 476 4659 ad
536 4606 896 4664 confessores
954 4627 1019 4666 ac
1063 4619 1344 4685 martyres
1389 4615 1446 4670 in
1505 4617 1723 4672 idioma
1762 4618 2044 4674 Gallicum

404 4691 700 4746 translatas
758 4711 890 4752 cum
950 4699 1455 4758 observationibus
1521 4705 1815 4762 historicis
1872 4714 2046 4780 atque

407 4779 723 4838 moralibus
755 4801 788 4838 a
819 4785 1195 4845 celeberrimo
1227 4791 1494 4864 Lenfant,
1523 4801 1756 4851 auctore
1785 4779 2045 4854 Historiae

403 4869 782 4928 conciliorum
813 4874 1033 4947 Pisani,
1079 4881 1539 4939 Constantiensis
1579 4900 1643 4940 ac
1673 4885 2042 4942 Basileensis.

343 5002 348 5006 .
396 4956 661 5032 (Catalog.
696 4961 826 5020 bibl.
860 4965 1078 5021 Bunav.
1112 4967 1386 5041 Ceillier.)

1137 5083 1294 5138 1689.

461 5171 593 5227 Joh.
628 5173 830 5230 Clerici
879 5177 1253 5234 Summarium
1285 5184 1412 5238 vitae
1455 5185 1507 5239 S.
1560 5189 1851 5259 Cypriani,
1885 5191 2040 5260 quod

402 5276 531 5316 cum
583 5265 640 5317 in
689 5263 849 5320 illius
896 5266 1306 5325 bibliothecam
1355 5273 1685 5328 universam
1738 5277 1858 5345 XII,
1914 5279 2037 5348 212,

401 5352 749 5408 translatum
797 5361 971 5424 esset,
1024 5359 1336 5428 separatim
1385 5361 1621 5431 prodiit,
1653 5382 1764 5420 non
1811 5373 2038 5422 tantum

399 5438 633 5496 Gallice.
668 5443 1016 5512 Amstelod.,
1050 5445 1230 5514 in-12,
1264 5449 1362 5502 sed
1397 5450 1571 5506 etiam
1605 5453 1947 5512 Germanice
1979 5459 2036 5513 in

397 5527 597 5621 Clerici
655 5533 900 5587 deutsch
949 5536 1281 5592 iiberstzten
1333 5535 1766 5599 lebensbescbr.
1819 5546 2040 5621 einiger

391 5617 828 5692 kircheuvaeter,
860 5641 995 5697 pag.
1031 5625 1151 5682 138.

2156 3287 2445 3356 antiquor.
2479 3288 2740 3353 Patrum,
2797 3292 2834 3339 t.
2889 3289 2961 3355 Π,
2995 3301 3053 3356 p.
3098 3283 3252 3354 4-90,
3306 3301 3374 3339 ex
3422 3285 3809 3356 typographia

2154 3379 2210 3428 S.
2244 3375 2587 3447 Congregat.
2630 3374 2701 3429 de
2733 3377 2978 3445 Propag.
3015 3373 3148 3444 ﬁde,
3201 3373 3409 3429 edente
3442 3378 3499 3428 Β.
3551 3374 3806 3446 Josepbo

2157 3461 2340 3517 Maria
2369 3461 2684 3518 Thomasio
2714 3463 2774 3518 S.
2808 3463 2871 3517 Β.
2905 3462 2969 3518 E.
3002 3460 3303 3518 cardinali.

2894 3579 3058 3634 1716.

2234 3670 2407 3725 Versio
2438 3667 2648 3726 Gallica
2696 3666 2812 3722 VII.
2845 3671 2970 3722 Prae
3022 3667 3300 3725 omnibus
3350 3665 3625 3738 praeclara
3668 3685 3803 3722 cum

2154 3756 2264 3812 hoc
2309 3757 2527 3814 titulo:
2562 3758 2659 3812 Les
2708 3756 2944 3812 OEuvres
2992 3755 3056 3812 de
3085 3756 3140 3816 S.
3195 3758 3452 3828 Cyprien,
3503 3760 3698 3829 avique
3739 3756 3810 3813 de

2156 3845 2426 3916 Carthage
2454 3855 2505 3901 et
2535 3849 2770 3918 martyr,
2803 3844 3066 3900 traduites
3098 3861 3166 3901 en
3193 3845 3446 3922 franpaz's
3485 3862 3587 3918 par
3613 3846 3810 3900 Pierre

2155 3935 2452 4006 Lombard,
2483 3950 2610 3992 aveo
2651 3934 2744 3992 de:
2789 3949 3149 4008 remarques;
3195 3951 3303 3992 une
3329 3935 3581 3989 nouvelle
3624 3935 3712 3990 vis
3739 3934 3810 3989 de

2153 4023 2208 4079 S.
2244 4023 2497 4096 Cypricn,
2533 4025 2668 4078 tirée
2695 4023 2760 4079 de
2801 4039 2884 4080 ses
2913 4022 3102 4096 écrits,
3135 4030 3188 4084 et
3235 4039 3344 4078 una
3373 4023 3516 4077 table
3564 4022 3654 4080 de:
3683 4017 3807 4078 ina-

2153 4112 2338 4167 tz'éres.
2373 4110 2646 4182 Rothom,
2675 4109 2843 4165 in-lio.

2895 4199 3052 4255 1717.

2223 4297 2300 4350 La
2335 4296 2422 4351 Vis
2466 4294 2533 4350 de
2563 4293 2622 4351 S.
2673 4294 2931 4368 Cyprien,
2963 4295 3186 4354 docteur
3237 4298 3302 4354 de
3332 4298 3570 4371 l’Eglise,
3611 4300 3815 4369 eaeque

2152 4382 2217 4438 de
2246 4383 2513 4453 Carthage
2541 4389 2595 4437 et
2621 4392 2860 4455 martyr,
2891 4383 3029 4438 dans
3059 4385 3297 4454 laquelle
3324 4401 3394 4440 an
3422 4390 3673 4442 trouvera
3704 4385 3809 4440 ιά-

2154 4471 2316 4541 brégé
2343 4470 2436 4525 des
2465 4486 2730 4541 ouvrages
2759 4471 2823 4527 de
2859 4487 2920 4528 ce
2962 4473 3121 4538 Pera,
3152 4473 3243 4528 de:
3288 4482 3440 4528 notes
3469 4475 3727 4544 critiques
3756 4482 3817 4527 et

2074 4559 2122 4628 D
2153 4556 2480 4631 historz'ques
2507 4566 2561 4614 ct
2607 4557 2696 4614 des
2743 4557 3126 4616 dissertations
3175 4560 3552 4637 théologiqucs
3581 4578 3678 4616 sur
3728 4561 3812 4615 les

2155 4645 2464 4718 diﬁérentcs
2501 4647 2880 4703 contestations
2926 4647 2992 4706 de
3037 4663 3137 4705 son
3166 4653 3360 4721 temps.
3413 4649 3594 4716 Paris,
3628 4649 3807 4704 in-é".

2155 4733 2314 4804 Opus
2348 4734 2452 4789 hoc
2483 4733 2610 4789 sine
2634 4734 2889 4791 auctoris
2921 4736 3159 4793 nomine
3190 4737 3262 4792 ad
3295 4736 3591 4808 publicum
3633 4753 3811 4793 usum

2153 4822 2505 4879 translatum
2552 4826 2688 4879 est:
2737 4821 2883 4880 illud
2927 4830 3124 4884 autem
3176 4825 3246 4882 D.
3289 4825 3492 4882 Jacobi
3547 4825 3814 4883 Gervasii

2153 4927 2281 4967 esse
2312 4928 2516 4968 omnes
2537 4912 2897 4986 jampridem
2927 4913 3490 4972 animadverterunt.

2893 5020 3052 5076 1717.

2225 5109 2419 5164 Verrio
2447 5107 2679 5179 Anglica
2708 5107 2752 5164 Ι.
2783 5106 3130 5180 Cyprianus,
3181 5107 3376 5166 editus
3405 5113 3565 5166 textu
3599 5109 3815 5164 Latino

2152 5197 2210 5248 et
2235 5196 2496 5251 versione
2514 5195 2755 5267 Anglice
2773 5199 2831 5250 et
2861 5196 3015 5251 notis
3032 5212 3066 5250 a
3085 5195 3214 5251 Nat.
3231 5196 3570 5264 Marshallo,
3596 5197 3753 5254 Lond
3766 5239 3812 5260 .,

2151 5281 2308 5337 in-lb.

2892 5373 3050 5431 1719.

2225 5461 2404 5516 Versio
2447 5461 2658 5520 Gallica
2703 5461 2849 5522 VIII.
2903 5463 3215 5520 Tractatus
3267 5463 3338 5520 de
3385 5464 3809 5536 Singularitate

2147 5548 2512 5616 clericorum,
2545 5551 2696 5608 inter
2725 5567 2904 5623 opera
2938 5551 3120 5616 dubia
3166 5553 3224 5610 S.
3259 5553 3550 5624 Cypriani,
3583 5552 3811 5612 Gallice

2149 5635 2365 5709 prodiit
2393 5637 2574 5694 Paris.
2609 5655 2704 5712 ap.
2737 5638 2980 5714 Lottin.,
3010 5643 3160 5696 teste
3187 5640 3497 5702 Ceillierio.
