4074 6194
226 334 432 380 LXXXIX

992 451 1118 504 796.

992 451 1027 502 7
1104 490 1118 504 .

284 538 557 608 Epistolas
588 537 942 610 Cyprianicse
962 450 1125 594 1inst);
1152 539 1320 608 epist.
1356 539 1473 595 RR.
1506 540 1859 597 Pontiﬁcum

227 629 281 684 D.
311 628 640 683 Constantii
670 644 740 682 ex
782 627 1035 683 editione
1077 631 1136 683 C.
1189 628 1287 684 Tr.
1320 627 1495 685 Gottl.
1540 628 1859 687 Schwnne-

226 734 371 781 man,
406 716 671 789 Gotting,
703 716 884 772 in-8°.

964 824 1121 881 1815.

286 930 547 985 Concilia
578 930 1085 1002 Carthaginensia,
1115 930 1175 985 in
1197 930 1860 1003 Reliq.sacr.auctorum

227 1019 452 1075 secundi
486 1019 764 1090 tertiique
792 1019 987 1075 saeculi
1038 1020 1096 1075 in
1147 1021 1316 1077 codd.
1370 1037 1513 1077 mss.
1546 1020 1859 1087 recensuit,

228 1109 485 1178 notisque
518 1108 839 1164 illustravit
870 1109 1157 1165 Martinus
1180 1110 1302 1166 Jos.
1354 1110 1568 1178 Routh,
1602 1110 1663 1165 S.
1696 1110 1763 1166 T.
1799 1109 1860 1165 P.

226 1196 440 1270 collegii
474 1198 537 1254 S.
572 1196 925 1267 Magdalenae
954 1214 1170 1269 praeses
1203 1217 1217 1267 ;
1248 1201 1453 1272 Oxon.,
1485 1198 1657 1256 in-8°.

876 1339 1205 1397 1818-1820.

289 1446 469 1500 Versio
503 1444 831 1501 Germanica
865 1445 934 1515 V,
984 1464 1126 1503 cura
1181 1447 1259 1504 M.
1315 1448 1707 1520 Feyerabend,
1741 1450 1862 1507 Mo-

226 1535 386 1590 nach.
421 1552 499 1603 Iv,
533 1535 696 1589 iu-8°.

875 1643 1197 1701 1822-1823.

294 1748 603 1804 Authentia
634 1748 1013 1820 epistolarum
1046 1750 1519 1823 Cyprianicarum
1544 1753 1614 1809 de
1644 1753 1867 1825 Baptis-

1698 318 2136 380 EDITORUM.
3538 335 3617 382 xc

1887 455 1943 518 Α

2716 449 2874 504 1841.

2042 570 2120 619 De
2150 564 2605 636 Anabaptisticis
2634 564 2904 636 Cypriani
2942 564 3207 635 epistolis
3238 568 3295 619 et
3352 564 3615 637 synodis,

1972 652 2167 708 saecul.
2201 654 2372 709 tertio
2404 652 2463 708 in
2495 653 2741 725 gratiam
2774 652 3260 725 rebaptizantium
3291 652 3531 709 habitis.

2717 822 2871 876 1842.

2053 940 2168 995 Vita
2198 938 2252 994 S.
2287 939 2552 1010 Cypriani
2575 935 2814 1009 Anglico
2845 952 3112 992 sermone
3142 935 3494 1008 conscripta,
3518 912 3621 992 au-l

1973 1032 2128 1083 ctore
2159 1027 2347 1095 Poole,
2382 1036 2437 1083 et
2466 1028 2523 1081 in
2555 1024 2841 1082 Gallicum
2871 1041 3057 1091 versa,
3092 1042 3214 1080 cur.
3277 1026 3370 1082 Fr.
3429 1026 3485 1080 Z.
3519 1027 3619 1081 Co-

1975 1115 2197 1172 lumbel
2228 1116 2497 1188 Lugdun.

2725 1258 2882 1312 1844.

2045 1375 2201 1429 Nova
2230 1375 2368 1429 edit.
2403 1373 2718 1428 Baluziana
2764 1377 2821 1428 et
2868 1372 3236 1427 Oxoniensis.
3288 1402 3356 1412 —-
3404 1372 3615 1437 Paris,

1975 1468 2215 1518 curante
2242 1463 2388 1518 J.-P.
2421 1463 2632 1534 Migne,
2664 1461 2839 1531 hujus
2870 1460 3243 1517 Bibliothecaa
3267 1461 3505 1516 editore.
3539 1462 3620 1516 Ex

1977 1569 2091 1607 uno
2119 1552 2357 1621 hujusce
2382 1550 2657 1606 editionis
2681 1556 2995 1621 conspectu
3028 1550 3087 1603 in
3112 1550 3300 1621 prima
3329 1549 3451 1604 LW
3485 1566 3617 1621 pag.

1976 1640 2210 1711 praefixo
2242 1640 2493 1710 quisque
2531 1639 2927 1710 deprehendet
2978 1637 3116 1709 quid
3177 1637 3419 1694 editioni
3456 1637 3621 1692 Balu-

1976 1728 2156 1783 zianaa
2186 1727 2759 1799 addiderimus,quid
2791 1726 3203 1794 amoverimus,
3237 1726 3327 1781 vel
3358 1730 3620 1781 mutave-

227 1855 321 1894 mo
351 1814 753 1893 haereticorum
789 1814 1145 1911 impugnata.
1178 1840 1239 1896 in
1294 1843 1554 1898 Litteras.
1612 1814 1861 1913 Zeitimg.
1896 1822 1945 1887 Β
1976 1817 2181 1913 mlius;
2207 1816 2428 1913 Addita
2475 1830 2645 1913 ΡΨἾὊ
2693 1816 2853 1913 mf”?
2882 1831 2894 1870 ⁵
2929 1815 2983 1868 1⁰
3015 1814 3097 1913 ῙΠ,
3128 1817 3248 1913 “llo
3298 1817 3494 1871 tenus
3518 1818 3624 1913 CF“

222 1932 287 1985 Ρ.
320 1926 566 1983 Eatholik
621 1928 1094 1998 Religionslehrer,
1154 1946 1291 1985 ann.
1354 1931 1514 1999 1822,
1563 1931 1703 1989 fasc.
1760 1947 1863 2002 vn,

228 2032 283 2088 p.
310 2016 401 2085 79,
434 2016 559 2084 102,
592 2021 652 2071 et
681 2033 818 2071 ann.
853 2016 1011 2088 1823,
1048 2017 1190 2073 fasc.
1223 2035 1300 2087 IV,
1334 2035 1391 2091 p.
1419 2019 1510 2075 33.

960 2141 1125 2197 1831.

292 2248 379 2303 Fr.
415 2246 595 2303 Guill.
644 2247 921 2320 Rettberg
979 2248 1237 2305 Thascius
1302 2248 1493 2306 Caecil.
1557 2250 1870 2322 Cyprianus

226 2337 567 2405 Dargestem
593 2337 734 2393 noch
761 2339 972 2395 seinem
1014 2339 1192 2394 Seben
1251 2338 1367 2394 und
1426 2338 1672 2407 Wirlren,
1731 2338 1867 2396 Got-

224 2424 365 2496 ting,
396 2426 570 2480 in-8°.

974 2543 1131 2598 1832.

287 2630 344 2685 S.
380 2629 598 2686 Caecilii
623 2629 896 2702 Cypriani
926 2630 1061 2687 libri
1111 2631 1182 2689 de
1234 2631 1529 2689 Idolorum
1579 2633 1870 2704 Vanitate,

222 2720 287 2773 de
313 2718 674 2773 Mortalitate
706 2719 827 2774 sive
859 2720 929 2775 de
960 2724 1142 2791 peste,
1192 2721 1264 2777 de
1312 2721 1494 2794 Opere
1537 2726 1596 2778 et
1624 2720 1872 2778 eleemo-

228 2809 406 2879 synis,
440 2808 517 2863 de
538 2807 669 2863 Zelo
700 2813 759 2863 et
786 2807 988 2874 livore,
1018 2825 1123 2865 nec
1154 2827 1269 2866 non
1300 2815 1359 2866 et
1399 2810 1721 2867 Firmiliani
1751 2810 1874 2883 epi-

226 2898 517 2951 stola......
554 2912 774 2965 recens,
807 2904 1093 2969 notasque
1123 2915 1261 2954 suas
1281 2903 1339 2955 et
1369 2900 1618 2956 aliorum
1648 2898 1877 2955 addidit

222 2985 388 3040 Mart.
423 2984 552 3049 Jos,
588 2985 802 3055 Routh,
835 2985 896 3041 S.
931 2988 997 3042 T.
1032 2987 1092 3042 P.
1128 2988 1260 3046 coll.
1293 2989 1351 3044 S.
1402 2989 1593 3062 Magd.
1638 3005 1871 3061 presses.

220 3072 430 3140 Oxon.,
462 3073 640 3140 in-8°,
675 3075 767 3129 ed.
800 3074 985 3131 altera
1012 3080 1069 3130 et
1096 3082 1251 3133 auct.
1284 3077 1429 3133 ibid.
1466 3095 1600 3134 ann.
1642 3078 1799 3134 1840.

974 3220 1132 3279 1834.

288 3323 457 3378 Fred.
490 3322 707 3378 Schem
746 3324 1024 3380 Excursus
1079 3326 1151 3381 ad
1207 3332 1507 3384 tractatum
1562 3328 1627 3384 de
1682 3329 1877 3400 Lapsi:

221 3428 335 3466 una
366 3428 507 3467 cum
542 3412 803 3468 versione
835 3428 1019 3486 germ.
1054 3415 1323 3486 ejusdem
1367 3416 1502 3473 libri
1539 3420 1597 3474 et
1626 3416 1875 3474 aliorum

220 3500 422 3555 trium.
455 3501 734 3568 Monast,
766 3500 931 3558 in-80.

978 3619 1135 3675 1835.

287 3726 342 3777 S.
376 3722 655 3794 Cypriani
686 3738 863 3795 opera
892 3724 951 3780 in
983 3725 1323 3783 collectione
1385 3726 1601 3784 selecta
1638 3728 1735 3784 SS.
1766 3728 1874 3785 Pa-

222 3828 371 3881 rum,
408 3816 712 3867 accurant.
748 3812 862 3867 DD.
905 3813 1127 3871 Caillau
1172 3819 1227 3871 et
1286 3816 1513 3889 Guyon,
1546 3816 1752 3886 Paris.,
1784 3816 1874 3873 in-

220 3906 408 3971 ccepta
437 3906 497 3955 et
531 3900 762 3956 Mediol.
794 3903 1099 3973 translata,
1132 3905 1168 3960 2
1198 3905 1313 3961 vol.
1348 3906 1539 3962 in-12.

978 4028 1135 4083 1836.

287 4132 346 4186 S.
376 4131 655 4204 Cypriani
687 4149 863 4203 opera
892 4134 964 4189 ad
1002 4151 1271 4192 normam
1303 4136 1580 4194 editionis
1612 4136 1874 4194 Baluzia-

216 4238 323 4287 ne,
356 4220 611 4277 semotis
642 4221 813 4289 notis,
849 4223 941 4278 ed.
984 4224 1217 4297 duplex,
1268 4225 1452 4283 altera
1498 4227 1660 4295 in-8°,
1694 4226 1879 4284 altera

216 4310 396 4375 ἱππ-12,
429 4310 753 4381 separatim
783 4311 969 4379 Paris,
1001 4318 1060 4368 et
1089 4314 1351 4382 Vesont.,
1405 4317 1560 4389 apud
1594 4315 1878 4374 Gauthier

214 4398 430 4455 fratres
458 4404 519 4455 et
548 4416 672 4454 soc.

972 4516 1157 4573 4838.-

283 4620 392 4674 Εο.
431 4620 778 4677 LIPSIENSIS.
814 4622 923 4677 Th.
976 4626 1034 4679 C.
1085 4624 1354 4698 Cypriani
1399 4642 1575 4699 opera
1620 4628 1878 4700 genuina

211 4708 281 4761 ad
318 4708 690 4781 optimorum
726 4710 1006 4767 librorum
1040 4713 1215 4770 ﬁdem
1257 4731 1553 4789 expressa,
1602 4717 1877 4790 brevique

212 4798 606 4853 annotatione
636 4798 942 4866 instructa,
976 4806 1218 4859 curante
1246 4804 1317 4860 D.
1345 4805 1400 4860 J.
1434 4806 1503 4862 Η.
1555 4805 1873 4876 Goldhorn,

212 4888 255 4937 t.
292 4886 363 4955 II,
400 4886 581 4954 in-12,
616 4886 827 4960 Lipsiae
857 4890 1193 4961 sumptibus
1222 4896 1279 4949 et
1306 4894 1463 4967 typis
1485 4894 1698 4952 Bernh.
1722 4894 1876 4951 Tau-

211 4972 576 5045 chnitzjun.
1316 4982 1319 4985 λ

980 5094 1139 5151 1840.

284 5194 713 5266 Conr.Stheph.
737 5196 1011 5255 Matthies
1037 5204 1322 5273 Expositio
1353 5202 1874 5275 biblica,historica,

213 5282 543 5352 dogmatica
572 5288 947 5358 Baptismatis,
980 5289 1151 5364 in-8°,
1182 5291 1437 5350 Berolin.

974 5433 1135 5489 1841.

219 5533 484 5676 orer-sia
515 5536 740 5677 Agam
767 5538 834 5594 II.
869 5539 923 5593 S.
974 5538 1276 5613 Cyprian’s
1323 5541 1640 5617 Treatises,
1687 5545 1727 5601 2
1752 5543 1874 5616 ed.,

300 5638 430 5677 οη..
464 5639 555 5677 1n-
621 5666 637 5677 .

300 5638 430 5689 on.,
464 5638 637 5682 ιιι-δυ.

1977 1905 2224 1979 prianici
2245 1905 2495 1960 decursu
2520 1908 2643 1959 tum
2683 1903 3033 1959 selectarum
3081 1902 3398 1958 lectionum
3443 1902 3629 1959 varia-

1976 2011 2109 2049 rum
2140 1993 2442 2065 spicilegia
2462 1992 2751 2065 praecipue
2781 2008 2852 2047 ex
2879 1990 3292 2047 ed.0xoniensi
3324 1994 3619 2063 excerpta;

1974 2084 2033 2138 2°
2064 2083 2198 2138 hinc
2228 2087 2284 2138 et
2313 2082 2445 2138 inde
2476 2082 2885 2138 annotationes
2916 2079 3213 2136 nonnullae
3244 2097 3314 2136 ex
3342 2079 3618 2148 Pamelio,

1977 2172 2155 2239 Fello,
2201 2171 2416 2239 Routh,
2458 2170 2734 2228 Godhorn
2792 2174 3072 2225 mutuatae
3104 2186 3120 2238 ;
3150 2170 3207 2225 3°
3235 2170 3298 2225 In
3356 2168 3502 2225 libro
3560 2168 3627 2225 de

1979 2261 2255 2317 Idolorum
2283 2261 2529 2316 vanitate
2558 2259 2794 2315 uberior
2825 2264 3096 2315 notarum
3157 2274 3323 2330 seges
3380 2275 3448 2313 ex
3502 2257 3624 2312 edi-

1978 2350 2136 2406 tione
2160 2349 2433 2407 Lindneri
2464 2349 2536 2405 ad
2568 2353 2801 2404 nostros
2828 2365 2971 2403 usus
3016 2347 3352 2403 adductaz4°
3383 2348 3445 2401 In
3479 2363 3622 2418 opu-

1981 2438 2162 2495 sculis
2194 2439 2392 2495 dubiis
2421 2444 2568 2494 notae
2596 2436 2937 2493 Pamelianas
2959 2436 3031 2491 ab
3062 2436 3371 2492 Oxoniensi
3405 2436 3627 2491 editors

1982 2532 2221 2583 servata:
2254 2545 2268 2593 ;
2299 2528 2357 2581 50
2387 2526 2682 2598 Opuscula
2702 2525 3092 2595 tria,quorum
3120 2541 3154 2579 a
3174 2524 3409 2579 Baluzio
3440 2540 3625 2579 unum

1983 2616 2294 2682 omissum,
2326 2632 2534 2687 nempe
2563 2614 2628 2671 de
2650 2615 2859 2670 Pascha
2882 2612 3269 2685 Computusjn
3303 2613 3623 2683 appendice

1984 2706 2134 2776 apud
2161 2704 2713 2771 Oxoniens,editus;
2746 2703 2993 2758 alterum
3025 2719 3059 2757 a
3086 2702 3227 2757 J.-C.
3262 2700 3615 2756 Trombellio

1983 2792 2240 2865 primum
2271 2792 2329 2847 in
2362 2793 2552 2847 lucem
2585 2792 2806 2847 scilicet
2836 2790 3169 2861 S.Cypriani
3199 2789 3627 2845 Exhorlalioad

1983 2882 2373 2937 Pamitentiam
2402 2885 2634 2936 erutum
2665 2906 2678 2945 ;
2720 2879 2994 2934 ultimum
3024 2879 3252 2945 deinde,
3281 2878 3532 2945 Carmen,
3556 2878 3627 2934 ad

1985 2971 2233 3040 Felicem,
2265 2970 2338 3024 de
2377 2969 2821 3024 Resurrectione
2870 2971 3235 3022 mortuorum
3282 2967 3340 3021 in
3380 2968 3631 3022 Veterum

1984 3058 2182 3129 Script.
2215 3066 2268 3113 et
2296 3073 2541 3112 manum.
2574 3056 2915 3128 amplissima
2963 3053 3312 3125 Collectione,
3345 3058 3388 3110 t.
3422 3054 3517 3123 IV,
3549 3055 3623 3111 ab

1906 3185 1950 3252 α
1989 3145 2295 3201 Edmundo
2341 3146 2599 3201 Martene
2650 3144 3024 3217 evulgatum;
3056 3144 3114 3198 6°
3162 3143 3502 3199 Dissertatio
3552 3142 3622 3199 D.

1986 3234 2168 3291 Nicol.
2205 3235 2280 3290 Le
2309 3234 2558 3308 Nourry,
2580 3250 2790 3305 magna
2819 3249 3011 3288 rerum
3045 3233 3310 3288 ubertate
3340 3236 3624 3303 praestans

1989 3324 2050 3378 in
2081 3324 2351 3396 Cypriani
2378 3323 2561 3378 libros
2590 3322 2661 3378 ad
2694 3323 3104 3378 Demetrianum
3158 3324 3215 3375 et
3250 3320 3315 3375 de
3342 3320 3626 3376 Idolorum

1992 3412 2241 3469 Vanitate
2257 3429 2280 3475 ,°
2307 3413 2367 3466 7°
2395 3412 2628 3467 Henrici
2684 3409 2969 3466 Dodwelli
3026 3408 3462 3465 dissertationes
3518 3408 3625 3480 Cy-

1989 3501 2263 3573 prianicae
2292 3506 2409 3555 tres
2446 3518 2461 3568 ;
2487 3500 2544 3554 8°
2573 3500 2822 3555 Demum
2852 3496 3151 3559 inultima
3164 3496 3438 3553 editionis
3472 3513 3627 3552 coro-

1987 3589 2125 3644 nide
2152 3587 2536 3661 apposuimus
2566 3586 2711 3643 satis
2742 3585 2987 3642 multam
3020 3584 3248 3658 copiam
3278 3584 3629 3641 selectarum

1985 3677 2401 3733 Oxoniensium
2425 3680 2483 3732 et
2504 3675 2741 3732 Routhii
2762 3673 3273 3745 notarum,quibus
3290 3673 3497 3729 exinde
3513 3690 3631 3729 non

1988 3771 2218 3822 tantum
2249 3764 2582 3836 Baluziana,
2615 3765 2715 3820 sed
2748 3769 2804 3819 et
2849 3763 2907 3819 in
2961 3762 3183 3835 optima
3212 3766 3374 3835 parte
3430 3761 3627 3835 Angli-

1986 3872 2132 3911 cana
2160 3854 2335 3911 editio
2367 3855 2426 3909 in
2458 3853 2567 3909 hac
2596 3858 2801 3909 nostra
2825 3852 3080 3908 rediviva
3106 3851 3495 3907 exhiberetur.

2056 3944 2186 4000 Haec
2215 3948 2411 3999 autem
2444 3942 2528 3998 vel
2561 3942 2705 3998 alias
2734 3941 3023 4013 ponenda,
3054 3940 3143 3996 vel
3189 3939 3423 4011 penitus
3454 3938 3634 3995 omit.

1986 4034 2162 4091 tenda
2191 4033 2467 4088 duximus
2502 4049 2515 4087 :
2546 4032 2599 4086 1°
2627 4031 2685 4097 S,
2718 4029 2989 4103 Cypriani
3020 4029 3154 4085 Vita
3198 4047 3228 4083 a
3279 4028 3483 4084 Pontio
3514 4027 3634 4084 dia-

1988 4140 2132 4179 cono
2182 4120 2417 4193 scripta,
2476 4124 2735 4192 Actaque
2792 4116 3231 4192 proconsularis
3287 4116 3535 4173 seorsim
3570 4121 3627 4172 et

1988 4212 2158 4280 infra,
2191 4227 2299 4267 suo
2329 4226 2539 4282 nempe
2570 4226 2721 4266 anno
2739 4209 2954 4264 dantur
2985 4225 2999 4275 ;
3031 4208 3089 4261 2°
3120 4205 3407 4279 Epistolas
3438 4205 3630 4261 Ponti-

1988 4302 2135 4369 ﬁcis,
2169 4301 2287 4356 sive
2316 4298 2568 4356 Cornelii
2598 4300 2669 4355 ad
2708 4298 3062 4371 Cyprianum
3121 4294 3240 4351 sive
3267 4294 3536 4367 Cypriani
3568 4297 3629 4349 et

1988 4389 2234 4446 aliorum
2268 4388 2338 4443 ad
2362 4388 2654 4443 Romanos
2684 4384 3079 4449 Pontiﬁces,in
3102 4383 3211 4438 hoc
3238 4381 3408 4436 tertio
3441 4385 3620 4447 torno,

1988 4478 2089 4533 ubi
2140 4478 2212 4533 de
2255 4477 2352 4533 SS.
2412 4474 2698 4542 Cornelio,
2762 4472 2953 4540 Lucio,
3007 4470 3324 4543 Stephano,
3359 4468 3619 4526 inserere

1905 4550 1954 4616 D
1986 4565 2318 4632 debuimus,
2352 4580 2455 4619 nec
2487 4568 2683 4619 tamen
2710 4577 2949 4617 monere
2976 4559 3150 4617 toties
3182 4559 3479 4627 lectorem,
3506 4558 3625 4615 imo

1990 4659 2047 4710 et
2104 4653 2323 4710 omissa
2394 4650 2698 4707 breviatim
2773 4648 3161 4722 perstringere
3238 4647 3627 4720 negleximus,

1988 4741 2214 4815 quoties
2243 4740 2567 4813 quidquam
2591 4738 2736 4795 alias
2788 4739 3001 4795 referre
3061 4737 3319 4811 oportuit
3350 4755 3365 4803 ;
3396 4739 3454 4793 3°
3488 4737 3627 4809 Epi-

1988 4830 2169 4888 stolas
2200 4829 2508 4902 synodicas
2527 4826 2587 4882 in
2618 4827 2822 4884 eodem
2846 4831 3100 4891 tomo,ac
3124 4825 3447 4898 praesertim
3478 4824 3633 4880 inter

1988 4924 2119 4977 acta
2149 4920 2219 4975 de
2247 4917 2601 4991 Baptismate
2624 4916 3026 4972 haereticorum
3046 4919 3104 4970 et
3118 4914 3365 4970 concilia
3386 4912 3625 4968 Cartha-

1989 5008 2257 5082 ginensia
2304 5006 2677 5079 seposuimus
2713 5024 2727 5073 ;
2760 5005 2818 5059 4ο
2864 5008 3020 5059 Duos
3073 5017 3498 5074 anonymorum
3530 5016 3630 5054 au-

1990 5104 2216 5156 ctorum
2248 5097 2307 5152 in
2337 5097 2542 5153 eadem
2573 5093 2994 5166 disceptatione
3041 5091 3292 5162 scriptos
3348 5089 3531 5143 libros
3562 5103 3632 5143 ex

1990 5204 2161 5259 opere
2185 5185 2529 5258 Cyprianico
2560 5183 2908 5251 amovimus,
2952 5186 3009 5237 et
3056 5179 3171 5235 alia
3222 5177 3496 5233 dedimus
3530 5194 3543 5245 ;
3577 5177 3636 5232 5°

1989 5275 2141 5333 Celsi
2224 5273 2535 5344 cujusdam
2618 5271 2679 5326 in
2745 5269 3179 5327 altercationem
3261 5264 3496 5322 Jasonis
3583 5272 3641 5323 et

1991 5362 2224 5436 Papisci
2256 5363 2327 5417 de
2356 5361 2605 5417 Judaica
2654 5358 3058 5414 incredulitate
3090 5356 3163 5410 ad
3193 5353 3479 5426 Vigilium
3516 5355 3637 5427 epi-

1990 5469 2237 5525 scOpum
2269 5449 2689 5523 praefationem,
2748 5464 2872 5517 quas
2928 5445 3081 5499 inter
3129 5460 3307 5515 opera
3363 5442 3639 5518 Cypriani

1990 5542 2121 5599 ideo
2151 5542 2346 5597 forsan
2379 5537 2659 5611 praecipiti
2690 5532 3169 5604 nimiumjudicio
3196 5534 3475 5606 adoptata
3505 5533 3639 5599 fuit,

1990 5630 2146 5701 quod
2177 5629 2237 5685 in
2267 5628 2464 5685 codice
2494 5624 2824 5684 Golbertino
2859 5623 2995 5680 1403
3049 5623 3292 5695 signato,
3344 5621 3454 5680 hoc
3506 5622 3641 5693 ejus
