4064 6196
1219 352 3562 412 ω

1216 555 1454 602 ελΕοῠιο
1497 557 1591 612 IlI,
1640 556 1814 602 CIRCA
1857 555 2065 602 ANNUM
2109 557 2348 602 CHRISTI
2391 557 2555 602 CCIII.

1632 720 2157 848 ACTA

783 970 958 1058 SS.
1081 968 1795 1061 PEBPETUIE
1896 973 2064 1057 ET
2169 971 3002 1064 FELICITATIS

1539 1177 2225 1269 MARTYRUM

1264 1515 2532 1642 PROLEGOMENA

749 1747 862 1819 (Ex
888 1744 1049 1802 Actis
1078 1744 1402 1818 Martyrum
1431 1744 1676 1802 sinceris
1713 1743 1776 1801 V.
1809 1748 1870 1802 C.
1901 1741 2246 1800 Theoderici
2277 1742 2562 1817 RUINART,
2595 1760 2730 1820 pag.
2759 1746 2832 1802 77
2873 1749 3030 1820 sqq.)

1594 2030 1782 2087 1-10
1817 2028 2170 2088 SYNOPSIS.

260 2165 292 2220 Ι.
317 2164 376 2220 De
399 2166 564 2221 horum
587 2166 857 2222 Actorum
885 2163 1043 2220 editis
1073 2171 1126 2219 et
1152 2178 1286 2219 mss.
1319 2193 1388 2203 —
1433 2164 1501 2218 II.
1534 2165 1881 2237 Perpetaaiet
1911 2163 2163 2219 Felicitas
2205 2180 2279 2219 an
2312 2164 2715 2237 Tuburbitanee.
2748 2195 2817 2206 -
2866 2165 2964 2222 III.
3018 2167 3137 2223 Non
3183 2167 3465 2237 Tuburbii,
3495 2170 3590 2226 sed

312 2237 586 2307 Carthagine
611 2238 955 2308 martyrium
993 2249 1177 2307 passm
1212 2242 1535 2308 noscuntur.
1563 2234 1652 2275 —’
1680 2234 1775 2289 IV.
1809 2236 2034 2308 Tempus
2061 2237 2341 2306 passionis
2369 2235 2704 2308 inquiritur.
2745 2267 2814 2278 -—-
2860 2237 2928 2292 V.
2959 2238 3035 2294 De
3083 2239 3284 2295 horum
3329 2234 3590 2298 Actorum

302 2305 498 2380 auctore,
527 2325 615 2365 seu
641 2305 830 2380 potius
857 2305 1162 2362 collectore.
1190 2307 1279 2380 An
1312 2307 1697 2362 Tertullianus.
1734 2337 1802 2347 ——
1831 2305 2204 2380 VI.’Nor_z__/iait
2231 2305 2576 2380 Mointaaistai
2596 2326 2618 2363 ,ο
2647 2316 2834 2366 contra
2869 2309 3158 2366 Valerium.
3189 2342 3259 2354 —
3299 2311 3419 2368 VII.
3467 2315 3589 2370 Ea:-

296 2379 506 2452 p_todztur
530 2377 740 2436 iterum
771 2379 1228 2452 commentum‘de
1257 2380 1500 2452 auctoris
1526 2381 1912 2452 montanismo.
1938 2409 2002 2418 —
2034 2377 2181 2452 VIII.
2214 2380 2283 2433 De
2311 2379 2510 2452 harum
2554 2379 2860 2452 Martyrum
2907 2382 3058 2436 cultu
3098 2387 3152 2438 et
3197 2385 3485 2440 "tentoria.
3517 2413 3588 2428 -—

301 2450 374 2503 IX.
394 2452 646 2522 Ejusmodi
677 2453 813 2525 Acta
842 2451 1100 2525 adversus
1130 2449 1439 2525 Samuelem
1466 2450 1804 2518 Basnagium
1833 2467 1868 2504 a
1894 2452 2010 2505 υίνο
2039 2449 2348 2505 doctissimo
2376 2449 2584 2507 dudum
2613 2449 2921 2508 vindicata.
2949 2452 3154 2521 Quanti
3179 2455 3436 2525 facienda
3455 2457 3590 2513 sint.

291 2524 398 2577 Acta
416 2523 832 2595 proconsularia
860 2521 1108 2593 deinceps
1127 2521 1443 2577 omittenda.

291 2657 325 2715 l.
351 2657 569 2713 Multum
601 2657 958 2725 desiderata,
991 2661 1048 2711 et
1079 2657 1300 2711 frustra
1330 2655 1389 2710 in
1418 2654 1596 2710 variis
1629 2654 1993 2711 bibliothecis
2024 2657 2124 2711 diu
2172 2656 2524 2728 conquisita,
2567 2659 2708 2713 Acta
2751 2673 3031 2730 germana
3079 2664 3416 2718 sanctarum
3447 2661 3592 2719 Per-

234 2751 378 2817 petua
406 2752 457 2802 et
480 2746 826 2812 Felicitatis,
858 2745 1077 2800 invenit
1104 2745 1340 2800 tandem
1387 2743 1866 2800 studiosissimus
1915 2761 2095 2800 sacrae
2142 2746 2516 2817 antiquitatis
2548 2748 2876 2818 indagator,
2905 2748 3090 2804 Lucas
3137 2748 3497 2819 Holstenius,
3529 2752 3589 2808 in

235 2836 386 2890 codice
413 2853 515 2890 ms.
547 2835 706 2890 sacri
737 2834 1078 2890 monasterii
1104 2833 1438 2889 Casinensis
1473 2850 1485 2887 :
1522 2833 1678 2887 unde
1708 2837 1874 2889 eruta
1901 2838 1958 2888 et
1990 2834 2184 2889 Roma
2217 2834 2470 2905 vulgata,
2503 2836 2705 2890 eadem
2734 2840 2935 2907 postea
2980 2853 3116 2892 cum
3160 2839 3425 2909 ejusdem
3461 2839 3594 2896 Hol-

227 2924 361 2978 stenii
389 2925 552 2992 notis,
582 2923 834 2980 Parisiis
865 2923 1046 2979 edidit
1072 2923 1356 2978 Henricus
1387 2920 1673 2977 Valesius.
1707 2922 1823 2977 Nos
1853 2939 1986 2978 vero
2017 2939 2084 2978 ea
2132 2923 2484 2994 proferimus
2531 2940 2600 2978 ex
2645 2924 2874 2979 duobus
2922 2925 3219 2981 codicibus
3268 2943 3412 2983 mss.
3456 2944 3593 2984 cum

227 3013 385 3066 eadem
407 3013 663 3068 editione
695 3011 922 3068 collatis
950 3028 963 3067 :
997 3027 1247 3082 quorum
1280 3027 1432 3065 unus
1462 3015 1550 3065 est
1580 3009 1847 3066 Ecclesiae
1884 3009 2375 3082 Salisburgensis;
2409 3013 2581 3082 cujus
2600 3011 2818 3067 codicis
2836 3012 3026 3068 varias
3057 3013 3333 3070 lectiones
3358 3014 3593 3087 sapien-

221 3101 396 3157 tissimi
421 3102 522 3156 viri
551 3100 800 3157 Antonii
835 3101 1041 3167 Faure,
1073 3099 1326 3171 theologi
1358 3099 1707 3154 Parisiensis
1735 3103 1791 3154 et
1847 3099 2152 3155 Remensis
2204 3098 2458 3156 ecclesias
2507 3099 2820 3172 praepositi,
2874 3101 3156 3158 beneﬁcio
3209 3102 3542 3176 accepimus
3574 3121 3588 3160 :

227 3189 343 3244 alter
364 3207 485 3246 vero
515 3191 617 3261 qui
660 3190 732 3244 ad
767 3206 952 3245 annos
981 3190 1089 3244 800
1117 3189 1359 3255 accedit,
1393 3192 1482 3242 est
1510 3186 1872 3243 bibliothecae
1903 3187 2087 3243 nostri
2132 3188 2473 3244 monasterii
2522 3188 2718 3245 Sancti
2775 3188 3026 3245 Cornelii
3082 3191 3587 3264 Compendiensis.

224 3278 514 3335 Invenimus
544 3279 735 3336 etiam
769 3278 828 3332 in
861 3277 1090 3335 schedis
1119 3276 1435 3332 Mabillonii
1470 3276 1654 3331 nostri
1685 3279 1956 3346 excerpta
1983 3291 2052 3330 ex
2099 3275 2310 3331 iisdem
2338 3276 2500 3332 Actis
2547 3293 2663 3333 non
2714 3279 3143 3335 contemnenda
3172 3297 3185 3348 ;
3241 3280 3342 3336 sed
3389 3297 3420 3336 e
3473 3297 3590 3353 quo

221 3367 379 3422 codice
399 3385 461 3423 ea
483 3367 794 3438 descripta
823 3367 962 3432 sint,
996 3382 1111 3421 non
1143 3365 1456 3421 indicatur.
1489 3368 1666 3420 Porro
1697 3365 1754 3418 in
1788 3363 1860 3419 iis
1884 3363 2027 3420 locis
2061 3364 2120 3420 in
2153 3365 2366 3436 quibus
2396 3365 2624 3422 codices
2655 3383 2801 3422 mss.
2833 3365 2985 3422 inter
3013 3383 3142 3423 sese
3178 3368 3267 3424 vel
3311 3369 3384 3424 ab
3415 3369 3591 3427 editis

220 3453 477 3524 dissident,
507 3462 566 3513 et
596 3460 805 3510 tamen
838 3459 1085 3527 utraque
1117 3453 1286 3509 lectio
1318 3453 1452 3508 ferri
1487 3457 1697 3524 potest,
1728 3452 2066 3509 varietatem
2098 3453 2156 3507 in
2189 3453 2409 3510 notulis
2438 3453 2841 3526 apposuimus,
2866 3471 2939 3511 ne
2966 3459 3185 3512 temere
3214 3456 3274 3512 in
3305 3459 3426 3513 tam
3455 3474 3592 3529 pre-

212 3543 336 3599 tioso
361 3544 618 3601 Ecclesiae
659 3547 1045 3599 monumento
1075 3542 1294 3614 aliquid
1325 3543 1672 3598 immutasse
1701 3541 2048 3598 videremur.
2086 3543 2299 3598 Eadem
2332 3542 2508 3599 etiam
2537 3542 2766 3600 cautela
2797 3543 2890 3600 usi
2921 3561 3153 3613 sumus,
3185 3546 3234 3601 si
3265 3547 3498 3616 quando
3528 3545 3590 3602 in

212 3646 335 3690 mss.
363 3634 664 3690 codicibus
693 3631 794 3688 ubi
825 3632 1028 3688 eadem
1054 3633 1199 3687 Acta
1224 3630 1427 3687 vitiata
1456 3631 1765 3696 habentur,
1799 3629 2019 3702 aliquid
2055 3635 2259 3687 notatu
2290 3631 2538 3705 dignum
2569 3632 2842 3688 occurrit.

270 3725 333 3776 11.
365 3723 488 3778 Tria
513 3721 780 3794 inquirit
808 3721 1075 3776 eruditus
1102 3719 1370 3776 Valesius
1401 3719 1461 3773 in
1495 3718 1826 3788 praefatione
1856 3720 1929 3774 ad
1961 3719 2084 3775 haec
2114 3723 2258 3775 Acta
2290 3736 2304 3775 :
2361 3720 2572 3792 primo,
2623 3721 2865 3776 ubinam
2918 3721 3004 3777 his
3053 3721 3330 3779 mulieres
3381 3726 3596 3781 sancta:

207 3825 371 3881 passae
397 3812 551 3881 sint;
587 3810 880 3876 secundo,
913 3825 1030 3880 quo
1071 3814 1331 3880 tempore
1381 3807 1728 3878 martyrium
1779 3809 2284 3877 consummarint;
2337 3826 2405 3865 ac
2447 3810 2686 3866 tandem
2735 3809 3011 3881 quisnam
3053 3811 3265 3868 horum
3316 3817 3596 3871 Actorum

210 3905 380 3955 auctor
407 3917 506 3956 seu
537 3900 750 3972 potius
777 3897 1048 3954 collector
1079 3897 1253 3952 fuerit
1282 3913 1296 3952 :
1347 3897 1417 3952 de
1460 3895 1680 3968 quibus
1709 3896 1983 3952 omnibus
2010 3897 2181 3952 etiam
2216 3897 2310 3953 hic
2342 3898 2545 3969 paucis
2575 3898 2864 3969 agendum
2896 3903 3004 3955 est.
3037 3899 3200 3964 Quod
3231 3901 3304 3956 ad
3335 3901 3596 3973 primum

208 3988 385 4044 attinet
411 3991 774 4062 priusquam
805 3987 1036 4042 sincera
1064 3987 1276 4041 harum
1307 3990 1631 4056 martyrum
1663 3987 1804 4040 Acta
1834 3989 2064 4057 reperta
2095 3985 2363 4053 fuissent,
2397 4001 2568 4042 nemo
2599 3987 2717 4042 fere
2746 3986 2807 4041 in
2838 3987 3085 4044 dubium
3116 3988 3422 4045 revocabat
3452 3991 3597 4062 quin

204 4079 389 4134 eadem
419 4080 560 4153 ipsa
594 4078 825 4134 fuerint
855 4093 1002 4149 quas
1032 4076 1143 4130 sub
1174 4075 1501 4130 Sanctarum
1533 4074 2030 4130 Tuburbz'tanarum
2061 4074 2296 4130 nomine
2325 4074 2468 4131 varii
2499 4079 2764 4131 auctores
2795 4075 3199 4134 "celebrabant.
3240 4078 3301 4133 Id
3351 4094 3596 4150 persua-

208 4164 371 4234 debat,
400 4174 617 4240 prater
655 4166 1067 4238 quorumdam,
1100 4164 1276 4220 etiam
1300 4169 1582 4231 veterum,
1619 4162 2164 4236 martyrologiorum
2211 4163 2642 4230 auctoritatem,
2673 4170 2818 4220 Acta
2864 4182 2989 4236 quas
3038 4166 3151 4223 sub
3196 4167 3490 4239 Perpetuos
3537 4170 3597 4222 et

201 4253 489 4313 Felicitatis
520 4255 777 4313 nomine
805 4253 1387 4320 circumferebantur,
1412 4253 1469 4308 in
1493 4251 1708 4324 quibus
1738 4268 1836 4309 eas
1865 4252 2144 4308 Tuburbii
2169 4269 2374 4325 passas
2395 4253 2578 4309 fuisse
2599 4253 2833 4309 disertis
2851 4254 3046 4310 verbis
3072 4271 3412 4327 expressum
3435 4258 3594 4311 erat:

202 4346 250 4394 et
273 4347 531 4414 quamvis
562 4347 631 4400 in
663 4344 760 4400 his
789 4343 946 4398 Actis
978 4342 1261 4398 nonnulla
1285 4341 1424 4398 viris
1455 4341 1700 4397 eruditis
1746 4340 1957 4398 vitiosa
2003 4358 2068 4397 ac
2117 4342 2427 4414 depravata
2471 4341 2827 4410 viderentur,
2860 4342 3060 4398 nullus
3105 4347 3302 4398 tamen
3350 4343 3421 4398 de
3469 4342 3595 4398 loco

201 4434 435 4504 martyrii
465 4434 771 4490 hactenus
821 4432 1200 4505 quaestionem
1243 4435 1518 4486 moverat.
1547 4431 1786 4498 Verum,
1833 4447 2017 4501 quum
2067 4429 2453 4487 Holstenianze
2511 4431 2785 4487 editionis
2840 4431 3142 4487 occasione
3196 4448 3291 4487 res
3338 4429 3598 4487 exactius

204 4519 590 4591 discuteretur,
630 4522 802 4578 aliter
829 4521 970 4577 viris
999 4519 1358 4576 doctioribus
1386 4521 1579 4576 visum
1609 4524 1716 4590 est,
1749 4536 1816 4575 ac
1866 4536 1981 4591 pra:
2031 4520 2256 4576 caeteris
2304 4520 2551 4576 Henrico
2599 4519 2871 4588 Valesio;
2926 4519 3029 4592 qui
3081 4519 3306 4576 libratis
3350 4536 3478 4592 qum
3527 4534 3598 4576 ex

196 4613 427 4684 utraque
452 4618 635 4685 parte
665 4610 856 4667 afferri
891 4613 1159 4682 poterant
1189 4609 1524 4680 momentis,
1556 4609 1663 4664 has
1695 4613 2002 4681 martyres,
2036 4625 2151 4664 non
2185 4608 2490 4673 Tuburbii,
2524 4609 2625 4664 sed
2664 4607 3012 4680 Carthagine
3060 4608 3406 4681 martyrium
3461 4625 3599 4665 con-

188 4714 508 4758 summasse
541 4703 955 4756 asseveranter
983 4698 1401 4771 pronuntiavit.
1436 4699 1596 4754 Hanc
1627 4697 1979 4754 sententiam
2012 4698 2218 4770 probat
2247 4698 2314 4752 V.
2348 4701 2406 4754 C.
2440 4703 2570 4753 tum
2614 4713 2684 4752 ex
2725 4697 2870 4770 ipsis
2914 4698 3096 4765 Actis,
3127 4702 3255 4754 tum
3305 4698 3481 4754 etiam
3533 4713 3604 4754 ex

186 4789 568 4862 antiquorum
608 4787 963 4859 scriptorum
987 4786 1348 4842 auctoritate.
1382 4787 1462 4841 Ex
1489 4786 1649 4842 Actis
1687 4787 1978 4842 evincitur
2027 4786 2134 4842 has
2178 4791 2463 4858 martyres
2512 4786 2933 4858 proconsulari
2958 4791 3243 4858 potestate
3291 4788 3604 4842 damnatas

186 4879 356 4934 fuisse
383 4906 398 4946 ;
431 4896 503 4934 ac
539 4877 828 4951 proinde,
861 4881 925 4931 ut
974 4876 1074 4944 ait,
1106 4893 1220 4930 non
1252 4875 1534 4930 Tuburbii
1564 4875 1623 4929 in
1655 4874 2024 4945 Mauritania,
2059 4891 2242 4946 quum
2275 4875 2334 4929 in
2365 4891 2434 4931 ea
2464 4875 2761 4947 provincia
2803 4875 3032 4930 nullum
3076 4877 3178 4947 jus
3227 4873 3607 4947 proconsules

185 4965 458 5025 baberent
484 4987 499 5037 ;
539 4983 778 5032 verum,
812 4971 876 5020 ut
905 4965 964 5020 in
995 4982 1143 5020 nova
1168 4965 1421 5020 editione
1450 4965 1881 5037 Augustiniana
1911 4965 2283 5020 observatum
2314 4969 2423 5036 est,
2457 4981 2643 5036 quum
2674 4963 2888 5036 duplex
2919 4964 3093 5020 fuerit
3134 4964 3502 5020 Tuburbium
3546 4961 3607 5016 in

185 5056 606 5126 proconsulari
641 5055 936 5126 provincia
964 5053 1168 5124 situm,
1201 5058 1375 5125 atque
1404 5054 1462 5108 in
1495 5053 1777 5110 alterutra
1804 5069 2006 5110 earum
2037 5053 2337 5109 civitatum
2371 5053 2638 5110 fortassis
2667 5053 3166 5125 amphitheatrum
3198 5056 3368 5120 esset,
3393 5065 3610 5122 quum-

185 5160 287 5217 que
315 5163 383 5203 ex
407 5146 489 5202 iis
515 5161 673 5215 una,
705 5144 1034 5199 Tuburbium
1064 5143 1242 5214 majus
1272 5143 1580 5209 diceretur,
1613 5160 1822 5215 parum
1852 5141 2007 5199 valet
2033 5159 2100 5200 ea
2128 5142 2344 5200 Valesii
2371 5144 2517 5199 ratio
2551 5160 2565 5199 :
2609 5143 2723 5199 nisi
2756 5142 2984 5199 dicatur
3032 5140 3448 5215 martyrologia
3492 5139 3611 5197 fere

184 5238 375 5291 omnia
409 5233 771 5292 Tuburbium
801 5236 861 5288 in
891 5234 1239 5289 Mauritania
1267 5232 1642 5304 expressisse.

244 5329 338 5383 ΙΙ
377 5332 492 5381 III.
532 5327 774 5382 Certius
805 5341 873 5380 ex
902 5327 1313 5397 argumentum
1365 5322 1518 5393 quod
1547 5337 1615 5378 ex
1672 5321 2016 5379 auctoritate
2043 5325 2306 5379 veterum
2337 5320 2435 5396 qui
2485 5320 2558 5378 de
2597 5322 2821 5379 sanctis
2868 5324 3153 5393 Perpetua
3208 5322 3265 5376 ct
3321 5318 3618 5376 Felicitate

182 5418 600 5489 scripserunt,
664 5413 984 5470 deducitur.
1038 5413 1207 5480 Nam,
1263 5411 1650 5484 praeterquam
1710 5413 1864 5482 quod
1921 5411 2116 5468 Victor
2144 5412 2401 5469 Vitensis
2431 5428 2530 5468 eas
2561 5433 2590 5461 ‹‹
2621 5411 2972 5482 Carthagine
3013 5410 3075 5465 in
3120 5407 3367 5465 basilica
3411 5407 3624 5482 maiori

182 5510 448 5582 sepultas
484 5505 694 5561 fuisse
725 5526 752 5553 ››
779 5504 1038 5560 afﬁrmat
1069 5504 1168 5576 (1),
1201 5503 1448 5574 Prosper
1477 5502 1535 5557 in
1569 5501 1828 5559 Chronico
1859 5503 2198 5571 Labbasano,
2231 5503 2382 5558 Beda
2411 5501 2469 5556 in
2503 5501 2652 5557 libro
2699 5501 2764 5557 de
2807 5515 2906 5558 sea:
2929 5500 3208 5558 {Etatibus
3253 5500 3472 5570 Mundi,
3504 5501 3624 5556 imo

246 5671 324 5742 (1)
355 5668 534 5724 Vict.
576 5662 728 5731 ‘Vit.,
755 5665 821 5720 de
847 5666 1116 5720 Persecut.
1154 5662 1411 5732 Vandal.,
1445 5661 1546 5719 ltb.
1580 5681 1619 5735 ι,
1652 5679 1777 5736 cap.
1810 5680 1895 5731 IlI,
1931 5680 2063 5737 pag.
2096 5665 2150 5734 5,
2185 5663 2321 5719 edit.
2357 5659 2540 5717 Paris.
2575 5660 2732 5716 1694.

524 5794 804 5855 Persen.
849 5792 954 5854 111.
1956 5773 1963 5780 ’
3275 5790 3304 5852 1
