4064 6196
412 327 480 385 11
684 377 690 384 .
1646 315 1921 379 PASSIO
1965 315 2017 376 Si

2170 314 2568 376 lAltTYRUM
3712 311 3775 380 12

412 463 470 515 et
501 459 558 513 in
595 456 976 526 Martyrologio
1005 455 1218 508 sincero
1249 451 1540 522 (quamvis
1592 449 1734 504 illud
1783 450 1937 520 quod
1993 449 2100 502 sub
2151 450 2276 515 ejus
2327 448 2559 502 nomine
2609 444 3036 508 circumfertur,
3071 442 3238 499 aliter
3273 442 3530 513 habeat),
3571 440 3780 512 Regino,

415 547 691 602 Rabnnus
724 545 781 598 in
813 542 1211 612 .llartyrologio,
1247 538 1474 610 aliaque
1503 539 1651 594 bene
1702 539 1892 592 multa
1941 536 2375 609 martyrologia,
2407 553 2540 591 cum
2589 536 2744 590 edita
2792 539 2919 588 tum
2977 551 3141 604 ωειλ,
3177 537 3240 587 ut
3286 532 3480 586 videre
3530 534 3616 585 est
3661 530 3786 599 apud

411 634 821 691 Bollandianos
853 633 919 686 all
957 631 1108 684 diem
1133 645 1209 683 v11
1244 627 1460 694 martii,
1494 626 1783 699 expressis
1816 625 2004 682 verbis
2035 625 2141 679 has
2173 630 2405 680 sanctas
2437 629 2722 697 martyres
2753 624 2906 694 apud
2940 621 3353 693 Carthaginem
3407 636 3610 691 passas
3643 619 3790 673 fuisse

417 727 710 780 asserunt.
740 721 854 776 Nec
887 731 1163 788 reponere
1183 717 1351 786 juvat
1380 715 1452 770 ab
1481 715 1808 787 Augustino
1840 713 1899 768 in
1930 713 2204 768 Sermone
2233 730 2409 778 xxxu,
2445 730 2478 767 a
2506 712 2815 768 Sirmondo
2846 712 3022 780 edito,
3056 710 3156 782 qui
3206 715 3295 764 est
3344 727 3501 764 nova:
3555 705 3795 764 editionis

420 828 649 877 cccxnv,
681 810 788 864 has
819 809 1103 878 martyres
1134 805 1532 860 Tuburbitanas
1562 802 1837 875 appellari
1873 818 1886 857 :
1926 819 2058 857 nam
2080 802 2140 856 in
2173 799 2368 856 codice
2398 817 2508 856 ms.
2545 819 2614 857 ex
2645 817 2760 872 quo
2791 801 3139 872 desumptus
3169 803 3259 854 est
3305 797 3415 853 iste
3465 812 3670 863 sermo,
3695 812 3791 851 non

425 899 944 961 Tuburbitanarum,
975 898 1041 949 ut
1071 893 1318 949 correxit
1350 892 1716 960 Sirmondus,
1749 891 1848 946 sed
1881 889 2310 945 Suburbitarum
2341 888 2575 962 legitur.
2608 889 2833 944 Diceret
2863 889 3009 944 forte
3040 886 3254 959 aliquis
3297 902 3394 942 eas
3428 886 3796 942 Suburbz'tanas

423 989 604 1044 fuisse
638 986 842 1052 dictas,
869 983 1024 1056 quod
1054 981 1114 1038 in
1147 981 1430 1053 suburbio
1461 979 1830 1052 Carthaginis
1862 994 2046 1051 passae
2075 978 2343 1035 fuissent.
2377 979 2511 1047 Sed,
2544 977 2654 1034 etsi
2684 979 2855 1033 detur
2884 977 3041 1034 hunc
3065 975 3260 1032 locum
3283 980 3433 1032 recte
3457 993 3491 1030 a
3512 974 3796 1031 Sirmundo

425 1075 802 1134 emendatum
834 1073 1035 1144 fuisse,
1067 1070 1212 1127 nihil
1242 1071 1380 1126 inde
1405 1073 1606 1125 contra
1632 1067 1848 1125 Valesii
1879 1067 2231 1124 sententiam
2262 1067 2471 1124 deduci
2502 1070 2712 1138 potest.
2747 1068 2982 1124 Fatetur
3012 1066 3251 1138 quidem
3305 1066 3375 1121 de
3405 1063 3803 1121 Tuburbitanis

427 1163 786 1237 martyribus
815 1161 911 1218 hic
938 1160 1332 1234 Augustinum
1365 1174 1571 1231 agere;
1607 1161 1666 1214 at
1691 1161 1864 1230 negat
1891 1157 2061 1229 plane
2089 1173 2188 1213 eas
2218 1173 2346 1213 esse
2377 1159 2721 1228 Perpetuam
2754 1159 2811 1211 et
2856 1155 3212 1210 Felicitatem
3246 1172 3258 1210 :
3307 1155 3379 1210 de
3427 1154 3641 1227 quibus
3681 1152 3810 1208 alias

431 1271 586 1326 saepe
609 1268 789 1325 agens
819 1249 1210 1323 Augustinus,
1240 1263 1564 1320 numquam
1595 1263 1694 1302 eas
1722 1246 2180 1311 Tuburbitanas,
2212 1246 2312 1301 sed
2344 1245 2578 1318 proprio
2609 1260 2842 1317 semper
2869 1246 3105 1300 nomine
3133 1245 3463 1316 Perpetuam
3507 1247 3559 1299 et
3583 1242 3809 1298 Felicita-

434 1351 546 1399 tem
576 1339 906 1414 appellavit.
943 1337 1256 1395 Contendit
1283 1353 1416 1393 vero
1444 1335 1532 1390 vir
1564 1335 1829 1392 BPUdItUS
1864 1334 2378 1390 Tuburbita-narum
2405 1335 2643 1389 nomine
2689 1333 2785 1388 hic
2834 1350 2868 1388 a
2906 1337 3106 1388 sancto
3147 1332 3472 1405 Augustino
3501 1331 3811 1398 Maximam,

435 1430 788 1488 Donatillam
815 1445 882 1485 ac
916 1427 1245 1484 Secundam
1277 1425 1613 1497 designatas
1644 1424 1846 1490 fuisse,
1883 1440 2008 1495 quae
2041 1423 2280 1494 quidem
2313 1421 2600 1477 Tuburbii
2632 1422 2741 1478 sub
2771 1421 3076 1477 Valeriano
3125 1424 3182 1477 et
3221 1421 3480 1476 Gallieno
3521 1421 3817 1492 imperato-

439 1521 606 1576 ribus
635 1535 824 1592 passm
855 1517 1151 1573 dicuntur.
1185 1516 1254 1570 Et
1284 1515 1521 1587 quidem
1553 1515 1610 1568 id
1644 1513 1855 1570 Valesii
1885 1527 2232 1584 responsum
2264 1512 2600 1568 conﬁrmari
2633 1516 2830 1584 posset
2857 1529 2925 1567 ex
2956 1515 3183 1567 vetusto
3229 1509 3567 1566 kalendario
3599 1508 3821 1564 Cartha-

441 1608 693 1684 giniensi
724 1607 878 1679 apud
908 1604 1335 1672 Mabillonium,
1368 1603 1468 1658 ubi
1499 1607 1840 1659 sanctarum
1866 1602 2406 1657 Tuburbitanarum
2437 1601 2651 1656 festum
2686 1600 2960 1657 recolitur
2987 1617 3050 1655 ιιι
3085 1599 3364 1656 kalendas
3397 1598 3630 1670 augusti
3658 1614 3668 1653 :
3717 1614 3822 1668 quo

443 1698 536 1754 die
580 1713 870 1766 nusquam
899 1695 1185 1766 Perpetua
1216 1697 1274 1750 et
1304 1691 1592 1758 Felicitas,
1624 1690 1874 1747 Maxima
1919 1707 2053 1746 vero
2105 1697 2160 1745 et
2209 1689 2376 1745 socia:
2425 1689 2483 1744 in
2525 1689 2799 1746 omnibus
2853 1687 3282 1762 martyrologiis
3331 1691 3581 1743 mortem
3633 1686 3828 1742 obiisse

447 1787 798 1843 referuntur.

519 1875 612 1931 ιν.
643 1875 751 1930 Diu
787 1889 900 1929 non
931 1870 1384 1928 immorabimur
1411 1869 1470 1924 in
1502 1869 1858 1942 assignando
1889 1872 2151 1940 tempore
2173 1885 2287 1940 quo
2311 1868 2435 1924 istas
2457 1869 2639 1924 beatae
2671 1873 2954 1938 martyres
2977 1867 3308 1940 passionem
3338 1868 3824 1922 consummarunt.

445 1967 589 2022 Acta
615 1967 672 2019 et
703 1959 1117 2033 martyrologia
1149 1975 1276 2030 quas
1315 1975 1413 2013 eas
1445 1959 1554 2014 sub
1578 1957 1887 2013 Valeriano
1914 1961 1970 2012 et
1997 1955 2256 2012 Gallieno
2290 1974 2497 2029 passas
2537 1957 2717 2012 fuisse
2748 1959 3027 2025 referunt,
3061 1956 3147 2012 vel
3197 1974 3266 2012 ex
3310 1973 3375 2012 eo
3429 1956 3834 2011 convincuntur

449 2052 604 2117 falsi,
639 2051 793 2123 quod
824 2046 1218 2105 Tertullianus
1251 2047 1350 2118 qui
1383 2047 1444 2101 in
1476 2045 1624 2101 libro
1653 2046 1721 2102 de
1745 2047 1972 2111 Anima,
2008 2045 2300 2117 Perpetuus
2331 2045 2616 2110 meminit,
2651 2045 2750 2100 diu
2783 2050 2916 2101 ante
2946 2046 3156 2101 horum
3179 2046 3596 2116 imperatorum
3621 2048 3839 2114 tempus

452 2158 484 2197 e
513 2141 633 2195 vita
661 2137 992 2195 excesserit.
1023 2134 1230 2192 Melius
1263 2136 1458 2206 itaque
1485 2134 1546 2188 in
1577 2134 1986 2208 Martyrologio
2015 2134 2270 2206 genuino
2302 2135 2466 2190 Bedze
2499 2134 2747 2206 aliisque
2777 2134 3056 2207 antiquis,
3089 2134 3146 2190 id
3183 2134 3526 2207 martyrium
3561 2133 3632 2188 ad
3659 2132 3841 2189 Severi

455 2226 825 2302 imperatoris
851 2231 1084 2296 tempus
1115 2227 1417 2280 revocatur
1447 2240 1460 2280 :
1502 2224 1719 2297 quibus
1747 2226 1889 2280 Acta
1919 2224 2148 2280 sincera
2176 2224 2586 2292 consentiunt;
2620 2223 2910 2295 siquidem
2944 2224 3022 2279 ibi
3063 2223 3140 2296 (2)
3181 2228 3394 2280 sancta:
3443 2226 3719 2294 martyres
3760 2220 3848 2276 die

455 2318 639 2381 natali
669 2315 813 2373 Getae
843 2314 1079 2372 Caesaris
1105 2313 1310 2370 bestiis
1343 2314 1580 2386 objectis
1612 2317 1753 2370 sunt
1779 2331 1792 2369 ε
1827 2313 1980 2384 quod
2012 2329 2164 2369 anno
2195 2313 2409 2369 Christi
2439 2330 2551 2369 ccn
2583 2317 2684 2368 aut
2730 2313 3019 2386 sequenti,
3051 2312 3247 2369 idibus
3297 2313 3515 2382 martii,
3548 2311 3850 2383 contigisse

456 2406 888 2463 existimamus.
3467 2421 3470 2424 .

528 2487 1048 2566 V.’Inquirendum
1081 2492 1315 2548 tandem
1351 2491 1626 2564 quisnam
1658 2491 1834 2547 fuerit
1877 2491 2087 2547 horum
2119 2508 2133 2546 Α

2246 2509 2396 2547 )rum
2447 2495 2670 2554 auctor,
2705 2509 2805 2548 seu
2855 2491 3050 2564 potius
3099 2491 3390 2558 collector,
3423 2508 3606 2563 quum
3658 2507 3851 2548 eorum

456 2584 774 2640 maximam
806 2586 1028 2654 partem
1063 2597 1096 2635 a
1128 2581 1412 2652 Perpetua
1439 2584 1497 2634 et
1523 2579 1731 2634 Saturo
1762 2580 2040 2650 scriptam
2073 2580 2256 2636 fuisse
2285 2596 2457 2635 nemo
2489 2579 2736 2635 inﬁciari
2768 2580 2970 2652 possit.
3007 2581 3067 2636 Id
3117 2597 3265 2652 opus
3309 2579 3662 2636 Tertulliano
3688 2580 3853 2636 attri-

454 2672 582 2730 buit
612 2675 816 2729 auctor
843 2668 1100 2742 epistolis
1130 2667 1488 2738 Biturigibus
1517 2668 1748 2738 scriptae
1778 2668 1847 2722 ad
1875 2667 2183 2723 Henricum
2216 2667 2515 2723 Valesium
2547 2683 2560 2724 :
2600 2673 2754 2741 quod
2788 2672 2854 2724 ut
2883 2670 3175 2741 probaret,
3196 2668 3425 2724 collatis
3458 2667 3659 2724 multis
3687 2670 3852 2724 Acto-

454 2778 587 2817 rum
617 2760 761 2817 locis
792 2775 927 2815 cum
951 2757 1081 2814 aliis
1111 2755 1456 2813 Tertulliani
1486 2757 1781 2828 operibus,
1814 2757 2070 2812 ostendit
2097 2757 2368 2812 eumdem
2398 2759 2498 2813 12
2531 2757 2770 2814 omnino
2797 2757 3037 2829 stylum,
3070 2760 3304 2814 easdem
3336 2758 3610 2830 loquendi
3639 2758 3853 2814 formu-

455 2851 564 2918 las,
597 2867 664 2905 ac
694 2847 869 2904 etiam
901 2847 1116 2918 saepius
1148 2847 1352 2901 eadem
1379 2846 1556 2900 verba
1579 2845 1639 2900 in
1669 2844 1936 2916 utrisque
1968 2845 2228 2916 reperiri.
2258 2848 2346 2900 An
2376 2861 2508 2902 vero
2542 2863 2664 2902 rem
2691 2846 2929 2902 omnino
2962 2847 3209 2918 evincat,
3242 2847 3339 2902 alii
3365 2847 3731 2918 judicabunt.

528 2939 617 2994 VI.
649 2940 722 2993 At
749 2936 981 2992 Valesio
1012 2933 1285 2992 assentiri
1317 2951 1430 2989 non
1466 2951 1727 3004 possum,
1761 2934 1882 2989 haec
1910 2937 2052 2990 Acta
2081 2952 2114 2989 a
2146 2935 2402 2990 Montani
2433 2939 2736 3002 sectatore,
2757 2935 3027 3007 quisquis
3058 2935 3156 2991 ille
3187 2936 3381 3002 fuerit,
3415 2935 3657 2992 collecta
3680 2935 3867 2992 fuisse

461 3025 844 3083 existimanti.
877 3025 937 3080 ld
970 3029 1166 3079 tamen
1193 3022 1539 3078 certissimis
1568 3022 1800 3078 indiciis
1830 3022 2100 3094 colligere
2130 3022 2241 3078 sibi
2267 3024 2500 3079 videtur
2544 3024 2632 3079 vir
2683 3023 3141 3081 eruditissimus.
3175 3026 3308 3089 Quae
3358 3025 3595 3096 quidem
3647 3025 3868 3081 indicia

462 3115 585 3171 haec
617 3118 774 3183 sunt,
807 3113 959 3184 quod
994 3116 1196 3167 auctor
1225 3110 1325 3167 ille
1356 3127 1534 3166 novas
1566 3111 1900 3182 prophetias
1932 3111 2186 3183 recipere
2215 3129 2278 3167 se
2309 3113 2668 3182 profiteatur,
2701 3119 2759 3168 et
2787 3131 2885 3169 eas
2905 3113 3124 3169 Veteris
3153 3114 3512 3169 Testamenti
3545 3114 3875 3186 prophetiis

460 3203 632 3275 longe
663 3207 999 3272 anteponat.
1036 3201 1100 3254 Id
1131 3201 1338 3270 probat
1365 3215 1433 3255 ex
1465 3197 1792 3254 collectoris
1820 3199 2008 3270 ipsius
2037 3200 2254 3268 verbis,
2284 3201 2383 3270 qui
2415 3201 2498 3256 sic
2528 3201 2588 3256 in
2619 3203 2955 3274 praefatione
2985 3203 3248 3274 loquitur
3279 3221 3292 3258 :
3342 3225 3370 3253 ‹‹
3407 3205 3607 3274 Itaque
3653 3207 3710 3259 et
3759 3220 3876 3260 nos

464 3292 563 3364 qui
593 3291 749 3347 sicut
779 3288 1134 3362 prophetias,
1167 3288 1247 3343 ita
1275 3293 1332 3342 et
1357 3287 1610 3343 visiones
1644 3303 1842 3355 novas,
1877 3291 2095 3358 pariter
2124 3289 2531 3360 repromissae,
2557 3295 2614 3345 et
2645 3291 3020 3363 agnoscimus
3049 3296 3105 3347 et
3134 3292 3510 3347 honoramus.
3537 3315 3566 3342 »
3597 3294 3668 3348 Et
3691 3293 3877 3365 paulo

461 3385 597 3438 ante
625 3379 850 3435 dixerat
876 3395 890 3434 :
925 3398 954 3427 «
984 3377 1094 3432 Sed
1125 3375 1378 3432 viderint
1406 3375 1508 3448 qui
1537 3392 1716 3431 unam
1744 3376 2020 3432 virtutem
2049 3378 2299 3449 Spiritus
2330 3382 2505 3434 unius
2537 3380 2721 3435 sancti
2773 3397 2875 3453 pro
2923 3381 3194 3436 aetatibus
3219 3381 3484 3452 judicent
3513 3386 3881 3454 temporum,

461 3486 645 3542 quum
679 3468 905 3538 majora
935 3465 1259 3537 reputanda
1287 3465 1408 3520 sint
1436 3464 1721 3520 novitiora
1749 3480 1990 3536 quaeque
2020 3471 2086 3520 ut
2115 3466 2542 3522 novissimiora.
2578 3491 2607 3518 »
2639 3469 2872 3534 Verum,
2900 3470 3008 3525 etsi
3039 3470 3159 3525 haec
3191 3472 3362 3526 verba
3393 3472 3585 3542 primo
3635 3478 3892 3544 aspectu

457 3557 721 3614 Montani
751 3572 977 3611 errores
1008 3570 1213 3624 sapere
1242 3554 1567 3618 videantur,
1599 3553 1650 3608 si
1679 3558 1875 3610 tamen
1909 3553 2083 3626 paulo
2126 3555 2459 3611 accuratius
2492 3557 3083 3628 dispiciantur,.nihil
3129 3559 3188 3614 in
3239 3560 3384 3632 ipsis
3433 3561 3718 3617 contineri
3761 3563 3894 3618 nisi

462 3647 848 3702 orthodoxum
880 3649 935 3698 et
967 3643 1096 3697 ﬁdei
1130 3641 1424 3697 catholica:
1455 3641 1625 3714 plane
1653 3659 1975 3699 consonum
2009 3644 2282 3716 reperies.
2316 3645 2440 3700 Non
2472 3646 2630 3701 enim
2662 3647 2771 3702 iste
2801 3654 3006 3704 auctor
3051 3648 3302 3704 visiones
3351 3650 3707 3706 novissimae
3738 3668 3892 3708 cum

462 3735 780 3807 Scripturis
807 3732 1124 3798 canonicis,
1155 3737 1220 3786 ut
1252 3732 1476 3802 putavit
1505 3731 1788 3800 Valesius,
1817 3734 1918 3788 sed
1951 3733 2320 3790 solummodo
2350 3751 2484 3790 cum
2515 3740 2772 3791 veterum
2807 3743 3129 3810 martyrum
3160 3738 3484 3794 visionibus
3538 3743 3595 3795 et
3647 3740 3892 3796 revela—

461 3823 722 3880 tionibus
753 3825 1053 3893 comparat
1079 3839 1093 3889 ;
1127 3820 1448 3892 asseritque
1478 3837 1593 3876 non
1625 3821 1836 3876 minori
1867 3822 2234 3878 veneratione
2263 3823 2563 3880 habendas
2593 3842 2721 3881 esse
2751 3843 2878 3897 quea
2912 3843 3018 3882 suo
3041 3831 3318 3899 tempore,
3345 3845 3522 3899 quam
3556 3845 3687 3901 quas
3719 3832 3893 3902 pris-

463 3913 546 3969 cis
577 3910 963 3982 temporibus,
994 3910 1051 3965 id
1083 3915 1172 3965 est
1196 3909 1384 3980 primo
1418 3915 1520 3964 aut
1550 3911 1806 3966 secundo
1839 3909 2103 3965 Ecclesiae
2135 3912 2348 3967 szeculo
2379 3914 2742 3986 contigerant
2777 3933 2788 3971 :
2835 3916 2954 3971 imo
3002 3921 3060 3970 et
3105 3916 3475 3987 aliquatenus
3530 3917 3639 3974 has
3697 3935 3908 3978 novas

463 4001 842 4058 revelationes
873 3998 1081 4066 maiori
1111 3998 1305 4054 studio
1336 3997 1743 4070 suscipiendas
1767 4015 1894 4054 esse
1925 4000 2084 4067 dicit,
2113 4016 2296 4071 quum
2328 4004 2593 4073 exempla
2622 4019 2688 4058 eo
2720 4004 3048 4060 efﬁcaciora
3077 4004 3215 4072 sint,
3250 4023 3363 4078 quo
3396 4008 3588 4079 magis
3619 4024 3905 4079 praesen-

463 4090 547 4145 tia
577 4107 590 4144 :
625 4094 754 4144 tum
782 4087 992 4156 deinde
1023 4089 1180 4159 quod
1214 4086 1301 4142 haa
1334 4087 1662 4143 novissimae
1692 4087 1967 4156 visiones,
2001 4105 2129 4160 quae
2176 4090 2490 4161 aliquando
2539 4097 2759 4148 veteres
2808 4095 3013 4148 futura:
3061 4099 3247 4164 erant,
3280 4095 3477 4167 aliqua
3528 4098 3917 4154 auctoritate

465 4177 772 4234 fulcienda
798 4180 1017 4243 essent,
1050 4180 1115 4231 ut
1145 4193 1179 4231 a
1211 4176 1458 4247 posteris
1489 4178 1883 4232 crederentur.
1930 4177 1992 4231 Id
2029 4182 2184 4248 patet
2215 4195 2284 4234 ex
2315 4181 2516 4235 eadem
2563 4182 2751 4252 ipsius
2803 4183 3058 4238 auctoris
3105 4187 3227 4239 tota
3274 4184 3633 4256 prafatione,
3671 4186 3784 4240 ubi
3820 4204 3914 4244 ne

466 4283 652 4322 unum
685 4266 923 4338 quidem
955 4265 1196 4321 verbum
1217 4267 1289 4321 de
1318 4265 1632 4337 Scriptura:
1664 4282 1841 4321 sacrae
1869 4282 2001 4320 cum
2033 4266 2359 4324 visionibus
2383 4275 2706 4341 martyrum
2739 4271 3174 4342 comparatione
3205 4272 3488 4329 habetur:
3515 4275 3627 4330 «Si
3658 4280 3913 4344 vetera,

463 4356 654 4426 inquit
683 4353 816 4410 fidei
845 4352 1177 4425 exempla...
1212 4358 1515 4425 prepterea
1541 4354 1603 4408 in
1635 4353 1844 4409 litteris
1875 4359 2014 4409 sunt
2042 4355 2272 4426 digesta
2305 4357 2645 4414 ut-lectione
2673 4375 2897 4427 eorum,
2934 4361 3102 4432 quasi
3153 4363 3608 4434 repensitatione
3653 4381 3922 4436 rerum,

461 4449 520 4502 et
547 4445 702 4501 Deus
732 4443 1050 4499 honoratur
1079 4447 1138 4499 et
1165 4443 1339 4499 homo
1365 4443 1741 4511 confortetur,
1775 4461 1880 4498 cur
1908 4459 2020 4497 non
2055 4450 2111 4498 et
2141 4461 2289 4500 nova
2319 4447 2671 4502 documenta
2709 4465 2872 4520 teque
2908 4450 3139 4522 utrique
3169 4468 3356 4506 causae
3388 4454 3818 4511 convenientia
3851 4464 3934 4513 et.

463 4531 851 4605 digerantur?
874 4536 982 4587 etc.
1019 4553 1048 4581 ››
1071 4532 1270 4601 Porro,
1293 4531 1402 4587 etsi
1434 4531 1546 4587 iste
1576 4535 1778 4586 auctor
1805 4531 2013 4586 harum
2047 4537 2368 4606 martyrum
2401 4536 2676 4604 visiones,
2696 4553 2764 4593 ex
2793 4537 2867 4594 iis
2897 4555 3024 4595 esse
3054 4556 3198 4610 quas
3229 4545 3380 4597 Deus
3411 4559 3512 4613 per
3537 4543 3779 4599 Joelem
3807 4562 3933 4602 re-

463 4621 830 4692 promiserat,
865 4620 1433 4686 existimaverit,non
1457 4625 1654 4676 tamen
1686 4621 1822 4676 inde
1854 4622 2234 4693 consequitur
2263 4625 2418 4694 quod
2441 4641 2538 4680 eas
2559 4626 2875 4698 Scripturis
2898 4629 3081 4684 sacris
3111 4631 3488 4702 aequipararit
3513 4657 3526 4689 :
3594 4632 3767 4688 sicut
3793 4651 3935 4694 nec

461 4708 720 4767 Ecclesia
751 4707 1011 4764 fidelium
1042 4709 1198 4765 dicta
1225 4708 1312 4764 vel
1344 4710 1562 4781 scripta
1589 4710 1742 4765 inter
1770 4709 1877 4765 has
1907 4711 2237 4782 Scripturas
2269 4713 2582 4769 canonicas
2613 4718 2992 4787 computavit,
3018 4719 3286 4789 quamvis
3315 4737 3431 4775 non
3472 4722 3795 4779 dubitaret
3832 4728 3934 4783 ab

460 4815 528 4855 eo
559 4797 914 4887 processisse
946 4815 981 4853 a
1015 4815 1130 4887 quo
1162 4797 1259 4854 alii
1291 4799 1507 4853 dantur
1538 4815 1750 4871 genera
1781 4798 2144 4872 linguarum,
2181 4801 2276 4856 alii
2312 4803 2649 4876 prophetiae,
2684 4805 2780 4860 alii
2813 4822 3001 4862 sermo
3033 4808 3351 4881 sapientizr,
3389 4809 3518 4867 aliis
3545 4811 3663 4868 alia
3700 4813 3937 4887 dona,

461 4904 592 4961 quae
621 4886 859 4942 laudato
887 4886 1070 4943 Joelis
1099 4887 1438 4943 testimonio
1471 4888 1859 4959 praenuntiata
1891 4893 1949 4944 et
1981 4891 2270 4962 promissa
2303 4892 2484 4948 fuisse
2515 4898 2738 4950 certum
2769 4900 2879 4951 est.

530 4978 649 5033 VII.
683 4977 818 5042 Sed,
851 4993 923 5031 ne
955 4976 1221 5032 fortassis
1253 4976 1481 5048 aliquos
1512 4982 1783 5032 moveant
1835 4978 2091 5034 auctoris
2145 4981 2502 5051 praefationis
2548 4985 2745 5050 verba,
2779 4985 2879 5056 qui
2927 5002 3025 5042 eas
3071 4986 3322 5044 visiones
3373 4990 3541 5060 quasi
3591 4991 3948 5052 divinitus

457 5066 775 5139 inspiratas
803 5065 1024 5128 laudat,
1057 5081 1124 5119 ea
1156 5067 1229 5120 de
1259 5082 1318 5120 re
1350 5065 1680 5154 audiendus
1713 5069 1802 5119 est
1829 5067 2214 5154 Augustinus,
2249 5068 2370 5139 qui,
2403 5069 2542 5125 licet
2572 5074 2862 5144 expressis
2892 5078 2958 5128 ut
2986 5074 3172 5142 aiunt,
3199 5077 3392 5132 verbis
3438 5078 3544 5134 has
3575 5081 3952 5154 Perpetua;

457 5155 710 5212 visiones
742 5171 776 5210 a
804 5171 1025 5211 canone
1055 5156 1486 5224 Scripturarum
1519 5153 1793 5209 excludat
1822 5153 1920 5225 (3),
1953 5171 2054 5210 eas
2085 5161 2280 5211 tamen
2313 5181 2338 5207 ‹‹
2375 5158 2602 5216 divinas
2633 5161 3014 5218 revelationes
3047 5184 3073 5211 »
3106 5163 3380 5236 appellat,
3428 5172 3601 5239 atque
3655 5187 3696 5224 ει
3760 5171 3961 5229 ﬁde-

451 5243 608 5300 libus
655 5243 933 5316 religione
981 5241 1624 5332 honorandasasserit
1679 5242 1779 5314 (4).
1828 5265 1856 5292 ‹‹
1889 5243 2334 5332 Exhortationes
2373 5263 2599 5314 earum,
2633 5273 2654 5300 ι
2709 5249 3025 5321 (Perpetuae
3071 5256 3129 5307 et
3176 5252 3517 5327 Felicitatis)
3566 5258 3828 5332 inquit,
3871 5261 3958 5319 in

454 5334 675 5390 dininis
706 5329 1307 5394 revelationibusJau
1325 5329 1776 5402 triumphosque
1807 5331 2148 5402 passionum
2177 5349 2311 5389 cum
2345 5317 3095 5409 legerentur,iand_ivimus;
3120 5358 3302 5414 eaque
3333 5317 3531 5400 omnia
3560 5317 3960 5408 venborurri

454 5421 684 5494 digesta
710 5424 768 5476 et
796 5419 1092 5474 illustrata
1122 5417 1455 5474 luminibus
1486 5435 1625 5473 aure
1669 5420 2058 5490 percepimus,
2097 5428 2287 5478 mente
2340 5426 2752 5496 spectavimus,
2787 5427 3065 5500 religione
3114 5430 3552 5499 honoravimus,
3585 5435 3963 5496 charitate

452 5510 847 5566 laudavimus.
879 5529 908 5557 »
940 5506 1020 5562 De
1052 5505 1259 5562 iisdem
1290 5506 1618 5564 visionibus
1650 5507 1917 5579 pluribus
1948 5509 2079 5564 aliis
2113 5511 2171 5565 in
2205 5510 2346 5568 locis
2367 5513 2884 5586 agitAugustinus,
2914 5534 3061 5589 quas
3087 5519 3144 5573 in
3169 5519 3424 5576 Ecclesia
3442 5523 3685 5594 publice
3715 5523 3970 5584 lectas

524 5671 602 5736 (2)
631 5669 762 5723 Acta
789 5669 1052 5739 passz'on.,
1087 5671 1232 5736 etc.,
1264 5684 1390 5739 cap.
1426 5669 1515 5722 16.

795 5669 1052 5739 ραδδιόηη
1087 5671 1232 5736 etc.,
1264 5684 1390 5739 cap.
1426 5669 1515 5722 16.
2220 5688 2279 5725 n.
2317 5672 2400 5728 12,

521 5737 2078 5830 (,°;)Anug._l_ib:1Sig/inliinhetigiturcity???ncilllenatx
2263 5744 2397 5815 (ld.,
2428 5744 2599 5802 Serm.
2647 5765 2686 5818 ι,
2741 5765 2871 5818 nov,
2919 5749 3057 5807 edit.
3108 5750 3234 5824 280,
3262 5755 3430 5809 'tom.
3479 5753 3547 5828 V,
3596 5772 3666 5830 p.
3739 5759 3968 5821 1134.

454 5809 587 5892 cap.
628 5809 933 5885 10,'num.
989 5811 1074 5883 12,
1123 5813 1182 5868 et
1229 5809 1330 5868 lib.
1384 5809 1472 5884 ιιι,
1523 5811 1593 5870 ad
1647 5813 1916 5885 Vz'ncent.,
1958 5828 2008 5872 c.
2039 5815 2094 5886 9,
