4064 6196
291 313 342 372 13
1347 300 1788 363 PERPETUE
1830 301 1931 362 ET
1977 301 2478 362 FELICITA'I‘IS.
3546 303 3621 361 M

288 433 421 498 fuisse
442 439 674 494 testatur
700 434 795 506 (5).
827 433 938 489 Sed
971 433 1223 503 tandem,
1257 436 1321 487 ut
1355 449 1469 487 uno
1501 433 1671 486 verbo
1704 449 1822 486 rem
1855 433 2182 496 conﬁciam,
2213 450 2327 502 qua
2359 433 2581 487 ratione
2624 431 2932 488 haireticus
2962 436 3018 488 et
3062 433 3318 490 Montani
3349 439 3617 506 sectator,

288 533 336 586 ad
362 525 790 584 communionem
820 540 954 578 cum
987 522 1081 576 his
1113 522 1344 576 feminis
1377 522 1722 575 servandam
1756 538 1893 576 suos
1942 521 2366 586 adhortaretur,
2400 538 2545 592 quas
2579 521 2634 574 in
2668 520 3084 577 catholicorum
3131 539 3278 594 quos
3310 522 3617 595 Psychicos

284 619 526 682 vocabant,
576 612 983 669 communione
1034 611 1246 666 obiissc
1298 609 1610 665 sciebant?
1642 610 1756 666 Nec
1805 609 1862 664 id
1896 615 2163 681 poterant
2210 611 2474 681 ignorare
2505 609 2543 662 ii
2571 610 2640 664 ad
2687 625 2831 679 quos
2885 609 3006 666 haec
3052 615 3253 667 auctor
3303 612 3615 679 scribebat,

285 708 517 779 siquidem
545 720 638 758 eos
669 702 766 772 qui
797 698 1072 772 martyrio
1104 704 1417 771 praesentes
1450 699 1698 765 fuerant,
1730 697 2048 770 alloquitur
2078 715 2091 754 :
2128 723 2153 748 «
2189 701 2268 752 An
2282 698 2868 769 nuntiamus,inquit,
2887 699 3074 769 vobis,
3106 700 3316 756 fratres
3345 705 3402 756 et
3431 699 3619 769 ﬁlioli,

284 803 330 852 ut
352 801 396 852 et
418 811 503 850 vos
531 792 624 864 qui
653 788 1022 855 interfuistis,
1058 787 1528 843 rememoremini
1562 786 1758 859 gloriae
1789 787 2042 856 Domini,
2082 810 2102 835 1
2138 793 2245 843 etc.
2282 788 2393 842 Sed
2427 787 2498 841 de
2529 786 2619 841 his
2652 786 2815 843 satis.
2845 788 2976 844 Jam
3010 788 3212 859 paucis
3242 790 3314 844 de
3343 788 3460 847 illis
3491 807 3618 863 quae
3711 843 3716 846 ,

285 889 328 941 in
352 887 523 940 barum
553 885 871 951 martyrum
906 877 1108 932 laudes
1136 894 1168 931 a
1197 876 1374 931 variis
1401 876 1739 931 auctoribus
1772 876 1929 931 dicta
1960 881 2118 943 sunt,
2152 876 2445 947 agendum
2477 879 2566 930 est
2595 876 2691 947 (6).

338 970 687 1028 VIII.Celebris
722 983 956 1038 semper
988 966 1097 1020 fuit
1127 965 1187 1018 in
1219 963 1827 1036 Ecclesia,praasertim
1860 965 2498 1030 Africana,sanctarum
2529 969 2826 1036 Perpetuis
2857 969 2914 1020 et
2941 964 3257 1024 Felicitatis
3288 967 3612 1037 memoria;

283 1065 328 1118 in
354 1077 557 1134 quarum
586 1058 673 1113 die
705 1055 884 1111 natali
918 1060 1036 1110 tres
1065 1058 1350 1108 tractatus
1381 1057 1651 1108 sanctum
1684 1053 2078 1125 Augustinum
2109 1053 2386 1110 habuisse
2417 1057 2669 1109 testatur
2696 1053 2996 1110 Possidius
3026 1054 3088 1109 in
3115 1055 3380 1125 Indicuto,
3421 1057 3525 1128 qui
3553 1057 3615 1113 in

285 1168 406 1206 nova
429 1149 638 1203 editione
687 1148 827 1201 sunt
857 1143 1166 1198 Sermones
1216 1159 1451 1210 ccnxxx,
1484 1158 1717 1197 ccnxxxr
1766 1146 1822 1197 et
1851 1158 2129 1197 cccxxx“.
2182 1143 2534 1212 Aliquandiu
2566 1142 2710 1199 haesi
2740 1160 2813 1198 an
2861 1142 2970 1198 bos
3007 1159 3307 1200 sermones
3353 1144 3615 1218 integros

284 1240 377 1294 huc
400 1239 670 1310 proferrem
704 1251 716 1288 :
753 1238 832 1298 at,
885 1248 1067 1304 quum
1097 1231 1157 1285 in
1214 1231 1479 1285 omnium
1509 1232 1625 1286 fere
1670 1231 1944 1286 manibus
1975 1231 2304 1286 habeantur
2349 1231 2658 1304 Augustini
2687 1247 2882 1302 opera,
2911 1231 3107 1287 visum
3136 1236 3226 1288 est
3267 1233 3411 1290 satis
3441 1233 3513 1300 si,
3542 1233 3616 1290 iis

285 1327 488 1390 omissis,
516 1343 573 1380 ea
597 1341 715 1395 quae
749 1323 822 1377 ad
861 1321 1002 1376 Acta
1031 1319 1388 1392 peculiarius
1420 1319 1768 1385 referuntur,
1804 1319 1862 1374 in
1895 1319 2111 1374 notulis
2143 1321 2212 1374 ad
2246 1323 2467 1374 textum
2501 1320 2862 1376 adnotarem.
2894 1319 3170 1378 Pluribus
3219 1320 3354 1378 aliis
3382 1321 3444 1377 in
3471 1321 3615 1378 locis

284 1419 338 1473 de
363 1417 535 1471 iisdem
561 1411 913 1480 martyribus
962 1425 1283 1479 earumque
1313 1407 1486 1463 sociis
1518 1408 1636 1480 agit
1669 1408 1823 1462 idem
1877 1413 2114 1464 sanctus
2146 1409 2373 1464 Doctor.
2404 1432 2432 1459 <<
2466 1409 2820 1465 Fortissimae.
2851 1409 3147 1482 Perpetua:
3175 1413 3234 1466 et
3261 1415 3617 1484 commarty-

288 1523 390 1560 rum
420 1530 436 1551 ι
467 1503 705 1559 meminit
732 1497 1134 1556 Tertullianus
1164 1497 1266 1552 lib.
1299 1497 1364 1552 de
1390 1499 1607 1564 Anima,
1642 1514 1767 1568 cap.
1799 1498 1890 1562 55,
1924 1502 1987 1551 ut
2009 1499 2134 1568 jam
2167 1497 2444 1554 diximus.
2479 1498 2689 1553 Omnia
2721 1497 3134 1572 martyrologia
3162 1515 3365 1556 earum
3395 1501 3613 1557 festum

288 1595 344 1650 ad
368 1593 496 1648 diem
518 1608 583 1646 VII
610 1589 796 1646 martii
848 1586 1128 1652 referunt,
1167 1602 1284 1656 qua
1315 1585 1408 1640 die
1454 1585 1737 1640 hactenus
1768 1587 1921 1657 apud
1973 1603 2076 1640 nos
2107 1586 2450 1642 celebratur.
2517 1589 2610 1642 l4
2637 1587 3042 1644 Memorantur
3093 1592 3373 1660 praeterea
3406 1605 3612 1646 earum

294 1683 493 1736 nomina
516 1681 568 1734 in
592 1694 790 1734 canone
820 1677 1007 1732 Missae
1038 1679 1330 1741 Romanae,
1367 1674 1424 1728 in
1453 1673 1849 1729 vetustissimo
1880 1675 2337 1730 Sacramentario
2372 1673 2692 1743 Gallicano,
2723 1677 2880 1747 quod
2910 1676 3096 1732 edidit
3125 1681 3325 1735 noster
3353 1677 3614 1736 Mabillo-

297 1771 429 1824 nius.
456 1769 576 1824 Item
601 1768 651 1822 in
679 1782 889 1821 canone
937 1765 1128 1820 Missae
1158 1762 1606 1819 Sacramentarii
1659 1761 2018 1835 Gregoriani,
2047 1763 2311 1833 quamvis
2338 1764 2549 1819 harum
2584 1769 2922 1821 sanctarum
2973 1765 3256 1823 festivitas
3283 1767 3438 1824 inter
3465 1767 3613 1825 alias

297 1859 367 1912 ibi
396 1863 576 1912 notatas
616 1873 715 1912 non
744 1853 1054 1922 habeatur,
1088 1853 1246 1924 quod
1295 1851 1560 1907 fortassis
1589 1868 1658 1906 ea
1690 1855 1951 1924 tempore
2002 1852 2470 1924 Quadragesimse
2502 1854 2819 1922 contingat.
2850 1855 3029 1909 Anest
3073 1855 3250 1910 etiam
3281 1872 3314 1911 a
3343 1857 3614 1913 vetustis-

299 1947 418 2002 simo
439 1945 724 2000 kalendario
776 1941 1186 1998 Mabilloniano
1217 1939 1488 1996 Ecclesiae
1537 1939 1818 1995 Africana:
1847 1957 1861 1995 :
1896 1941 2020 2010 sed,
2071 1957 2249 2012 quum
2282 1958 2351 1995 ex
2374 1941 2696 2013 Augustino
2727 1947 2949 1998 certum
2981 1942 3058 1997 sit
3081 1957 3284 2000 earum
3331 1944 3614 2002 festivita-

291 2043 378 2090 tem
403 2037 504 2104 ejus
531 2040 775 2104 tempore
805 2032 1154 2088 celebratam
1186 2030 1391 2093 fuisse,
1426 2030 1735 2084 dicendum
1768 2030 1942 2100 quod,
1976 2030 2024 2084 si
2056 2030 2114 2083 in
2144 2046 2210 2086 eo
2244 2031 2750 2086 Tuburbitanarum
2779 2032 3014 2088 nomine
3043 2048 3160 2088 non
3209 2033 3612 2105 designentur,

280 2123 610 2178 kalendarium
644 2122 802 2177 istud
831 2120 1130 2191 integrum
1165 2134 1281 2172 non
1315 2116 1410 2179 sit,
1442 2117 1503 2170 in
1535 2133 1650 2188 quo
1682 2132 1881 2172 revera
1912 2117 2187 2173 februarii
2219 2117 2343 2174 dies
2364 2118 2672 2174 duodecim
2691 2134 2756 2174 ac
2783 2118 3032 2175 martius
3062 2123 3117 2176 et
3147 2120 3346 2192 aprilis
3377 2136 3611 2178 menses

272 2213 438 2284 integri
489 2212 900 2267 desiderantur.
935 2209 1098 2272 Quod
1158 2210 1351 2261 autem
1385 2211 1596 2260 earum‘
1649 2205 1933 2260 festivitas
1965 2205 2138 2260 etiam
2197 2207 2404 2278 primis
2435 2207 2798 2278 temporibus
2857 2207 3051 2263 Romae
3091 2209 3382 2265 celebrata
3412 2209 3611 2282 fuerit,

263 2307 391 2373 patet
415 2318 472 2355 ex
496 2298 714 2355 missali
744 2296 956 2353 Gelasii
989 2300 1046 2350 et
1074 2311 1143 2351 ex
1173 2295 1413 2365 antiquo
1446 2293 1862 2366 martyrologio
1893 2294 2276 2361 Bucheriano,
2311 2294 2410 2350 ubi
2442 2295 2563 2351 haec
2597 2295 2884 2351 habentur
2916 2314 2930 2352 :
2969 2319 2989 2346 α
3024 2297 3206 2353 Nonis
3255 2298 3453 2353 martii
3481 2302 3610 2354 Per-

258 2396 408 2462 petnaa
436 2397 484 2446 et
530 2388 847 2445 Felicitatis
877 2384 1100 2440 Africae.
1137 2408 1156 2434 ι
1197 2385 1355 2439 Idem
1405 2383 1623 2438 habent
1653 2388 1858 2438 caetera
1887 2383 2320 2456 martyrologia,
2354 2401 2484 2439 cum
2519 2389 2730 2454 vetera,
2763 2389 2885 2440 tum
2915 2387 3254 2443 recentiora.
3299 2386 3610 2444 Celebran-

259 2485 337 2533 tur
359 2496 468 2533 cum
495 2479 669 2534 sociis
715 2478 775 2532 in
821 2474 1144 2546 Menologio
1184 2476 1511 2528 Graecorum
1563 2471 1762 2527 Basilii
1811 2471 2180 2543 imperatoris
2210 2473 2302 2528 die
2335 2490 2375 2527 ιι
2429 2473 2724 2528 februarii.
2778 2475 2996 2529 Harum
3043 2474 3302 2547 reliquiae
3347 2480 3610 2550 tempore

253 2568 530 2625 Vandalicas
576 2565 1005 2639 persecutionis
1036 2579 1100 2619 ex
1149 2563 1346 2618 Africa
1374 2562 1621 2616 Romam
1674 2559 1875 2616 delatae
1907 2561 2204 2631 dicuntur,
2256 2579 2402 2632 quas
2429 2563 2810 2633 postmodum
2859 2563 3066 2619 exinde
3110 2563 3396 2621 Rodulfus
3443 2564 3612 2622 Bitu-

254 2657 523 2728 rigensium
575 2655 1056 2727 archiepiscopus
1087 2651 1310 2722 accepit
1354 2649 1565 2705 saeculo
1601 2667 1675 2716 1x,
1709 2665 1929 2721 easque
1980 2650 2037 2704 in
2071 2650 2444 2706 monasteriis
2492 2651 2805 2706 Doverensi
2837 2656 2892 2707 et
2939 2651 3325 2723 Bellilocensi,
3359 2655 3431 2711 ab
3481 2654 3610 2727 ipso

251 2747 473 2813 conditis,
521 2745 815 2818 deposuit.
847 2742 1013 2798 Certe
1064 2741 1354 2810 hodieque
1386 2739 1657 2793 monachi
1689 2737 2070 2804 Benedictini,
2121 2739 2244 2810 qui,
2276 2740 2572 2795 destructa
2616 2741 2855 2811 Dovera,
2887 2741 3216 2800 Virsionem
3255 2743 3613 2816 migrarunt,

251 2851 296 2889 se
319 2836 474 2890 beata:
503 2835 805 2906 Perpetuis
835 2830 1112 2902 reliquias
1143 2829 1355 2884 habere
1385 2827 1731 2900 gloriantur.

299 2924 390 2980 Sed
412 2927 529 2996 jam
563 2925 697 2994 ipsa
728 2925 869 2977 Acta
899 2919 1246 2991 proferenda
1276 2922 1417 2972 sunt
1451 2933 1462 2970 :
1499 2933 1626 2988 qum
1662 2919 1947 2986 quantum
1979 2934 2047 2971 ex
2075 2917 2288 2972 nostris
2339 2918 2640 2974 codicibus
2670 2919 3066 2975 emendatiora
3111 2921 3414 2992 prodeant,
3447 2921 3612 2992 quis-

247 3030 353 3083 que,
381 3015 422 3067 si
449 3030 514 3068 ea
543 3028 686 3067 cum
720 3009 890 3065 editis
921 3007 1181 3063 conferre
1209 3006 1479 3071 voluerit,
1513 3004 1679 3059 facile
1708 3005 2222 3059 animadvertet.ld
2254 3009 2406 3060 certe
2435 3007 2829 3076 spernendum
2863 3023 2978 3062 non
3008 3009 3278 3080 est,quod
3309 3007 3609 3066 Saturnini

248 3117 418 3158 nomen
447 3107 501 3157 et
531 3100 887 3172 martyrium
913 3112 1113 3153 eorum
1146 3111 1254 3163 ope
1285 3092 1736 3149 restituerimus.
1772 3093 2085 3165 Hucusque
2115 3092 2198 3149 Cl.
2231 3094 2595 3151 RUINARTIUS

299 3226 360 3298 (5)
387 3233 522 3300 Ang.
552 3231 740 3284 Serm.
771 3225 899 3279 282.
2034 3218 2111 3290 (6)
2143 3217 2365 3289 Mabil.,
2398 3222 2540 3276 tom.
2575 3220 2598 3274 Ι
2627 3220 2761 3276 Mus.
2792 3221 2916 3279 Ital.

1417 3524 2302 3694 PASSIO
2370 3511 2413 3632 ἲ

1201 3770 1909 3859 SANCTARUM
1965 3763 2640 3859 MARTYRUM

687 3938 1585 4070 PEBPETUzE
1677 3939 1880 4065 ET
1972 3921 3144 4079 FELICITATIS”).

223 4142 362 4210 (Acta
387 4144 528 4199 sine.
567 4140 814 4211 Martyr.
846 4137 915 4193 D.
944 4137 1230 4204 RUINABT,
1263 4152 1320 4207 p.
1351 4135 1422 4187 77
1454 4151 1578 4206 sqq.
1609 4134 1828 4278 AgtaagS'

2217 4131 2386 4189 Mart.
2422 4132 2518 4205 III,
2549 4133 2675 4190 633.
2707 4132 2974 4192 Galland.
3009 4135 3157 4193 Bibl.
3189 4137 3457 4197 Vett.PP.
3487 4142 3617 4210 LII,

1594 4463 2230 4553 PRIEFATIO.

293 4614 349 4671 Si
378 4620 556 4672 vetera
606 4611 746 4669 ﬁdei
794 4607 1080 4682 exempla,
1114 4611 1172 4663 et
1219 4605 1321 4662 Dei
1366 4604 1615 4678 gratiam
1663 4604 1868 4662 testiﬁ-
1979 4604 2698 4661 cantiaetzediﬁcationem
2719 4602 2977 4663 hominis
2998 4607 3628 4683 operantia,propterea

1636 4738 1840 4798 Variae
1867 4737 2167 4799 lectiones
2196 4737 2222 4763 *

288 4862 304 4894 ι
338 4855 641 4913 Passionis
699 4867 897 4909 nomen
952 4850 1270 4922 retinemus,
1305 4845 1449 4922 quod
1502 4845 1588 4900 his
1647 4846 1806 4922 actia
1834 4848 2161 4922 competere
2185 4843 2378 4922 probat
2431 4843 2754 4922 Holstmius.
2785 4848 2849 4902 In
2905 4846 3025 4904 cod.
3060 4849 3362 4922 Salisbury.
3406 4850 3636 4908 additur

228 4929 280 4982 in
303 4932 535 4984 civitate
565 4925 916 4983 Turbitana.
946 4921 1062 4977 Sed
1090 4921 1152 4975 in
1179 4935 1240 4976 eo
1267 4916 1381 4974 cod.
1415 4918 1559 4974 deest
1581 4917 1860 4988 prae/aiio,
1890 4918 2033 4972 sicut
2061 4918 2110 4971 et
2139 4916 2200 4970 in.
2228 4916 2662 4987 Compendiensi.

1654 5041 1988 5104 Variorum
2024 5047 2214 5102 notae.

286 5161 358 5230 (7)
395 5159 601 5230 Passio
628 5156 722 5211 SS.
777 5156 859 5230 In_
893 5169 1005 5230 ms.
1049 5148 1352 5230 Casinensi
1401 5147 1600 5203 nullus
1638 5149 1888 5230 apparet
1995 5147 2324 5230 pnrout‘sine
2350 5146 2527 5230 dubio
2555 5149 2771 5230 tuncin
2791 5149 2978 5206 fronte
3003 5148 3329 5230 multorum
3352 5149 3640 5230 exempla-

219 5217 420 5286 titulus
457 5247 501 5303 ς,
542 5229 798 5303 meoque.
845 5225 1131 5303 Meteilus
1169 5217 1885 5303 curiosos..8°retsn'tium
1997 5217 2151 5303 eam
2183 5217 2671 5303 hsiusﬂpueceli
2702 5237 2830 5302 que
2861 5221 3104 5303 sessim.
3129 5222 3454 5303 exstabat.
3488 5217 3642 5303 Iése-

224 5305 417 5358 oculos
450 5289 978 5371 elegantissimum
1010 5294 1119 5348 hac
1153 5309 1330 5371 sacrae
1362 5289 1732 5371 antiquitatis
1762 5307 1885 5371 Ino:
1997 5289 2172 5371 batur
2201 5289 2557 5371 etsolebant
2584 5289 2977 5371 illic’similia
2993 5292 3213 5371 scripta
3243 5293 3327 5371 sic
3375 5289 3642 5371 inscribi,

223 5360 592 5429 numenturﬁ
621 5367 1048 5439 subterfugisse
1086 5364 1374 5439 existimo.
1410 5360 1528 5439 Ego
1576 5361 1888 5439 Augustini
2000 5365 2064 5439 ut
2095 5360 2477 5439 intelligimus
2525 5377 2592 5439 ex
2623 5364 3002 5439 martyrids.
3049 5360 3318 5439 Cypriani
3379 5384 3413 5439 a
3445 5360 3644 5423 Pontio

222 5447 590 5501 auctoritate
642 5431 962 5495 Passionevm
1017 5435 1291 5507 inscripsi
1349 5452 1362 5502 ;
1419 5431 1503 5488 ita
1558 5431 1713 5507 enim
1768 5432 1892 5507 ipse
2001 5431 2252 5507 Qiacono
2285 5431 2596 5507 descripto,
2630 5438 2686 5488 et
2716 5433 2845 5507 aliis
2876 5434 2933 5488 id
2965 5431 3172 5507 genus.
3199 5435 3259 5492 Si
3289 5438 3424 5507 quis
3453 5443 3648 5495 tamen

226 5523 384 5573 vocat
417 5515 585 5570 locis
615 5529 790 5583 supra
823 5509 1025 5565 relatis
1057 5509 1116 5561 in
1149 5503 1300 5562 Psal.
1330 5522 1503 5571 XLVII,
1539 5509 1597 5559 et
1626 5505 1811 5559 Serm.
1835 5505 1890 5568 3,
2003 5503 2198 5559 Graeco
2249 5503 2482 5559 nomine
2530 5505 2861 5575 Martyrium
2905 5503 3197 5577 appellare
3246 5503 3432 5576 malit,
3475 5510 3653 5566 habet

280 5664 299 5681 '
330 5659 616 5707 Lectiones
640 5659 792 5700 varix
821 5653 1146 5713 desumuntu
1205 5661 1270 5695 ex
1297 5646 1425 5695 edit.
1458 5645 1802 5713 D.Al1uinartii
1834 5645 1972 5713 inter
2004 5643 2358 5713 {lctasa‘ncera
2388 5647 2703 5713 martyrum,
2746 5657 2864 5707 pag.
2888 5650 2953 5713 j?
2987 5649 3039 5695 et
3089 5660 3238 5713 seqq,
3285 5649 3656 5700 Annotahbn“

229 5705 359 5771 ven;
374 5705 505 5769 tum
542 5729 612 5764 ex
636 5715 817 5764 eodem
849 5712 1148 5777 Ruinartio,
1181 5713 1292 5777 tum
1326 5722 1387 5756 ex
1421 5707 1714 5777 posthumis
1747 5706 2180 5777 Luctenﬂolstenii
2213 5705 2355 5777 notis
2372 5717 2443 5777 ex
2477 5705 2593 5768 ejus
2622 5705 2941 5758 Adversarii?
2970 5705 3253 5777 excerp’tis,
3283 5716 3394 5762 tum
3438 5713 3653 5768 demum

230 5767 686 5838 ei'breivioribus
714 5779 768 5829 P.
797 5775 1002 5830 Possini
1032 5787 1060 5824 e
1091 5767 1199 5823 soc.
1230 5774 1356 5826 Jesu
1377 5767 1442 5820 ad
1475 5770 1687 5824 easdem
1719 5773 1874 5822 notas
1903 5767 2339 5833 Paralipomenis.
2371 5767 2494 5831 Epo.
