4064 6196
453 308 532 369 15

452 439 510 494 in
544 438 755 494 litteris
786 438 885 492 15
919 437 1057 490 sunt
1086 432 1314 503 digesta
1343 429 1440 499 (8),
1465 430 1530 482 ut
1559 426 1805 484 lectione
1863 445 2094 494 eorum,

451 528 620 599 quasi
667 524 1119 598 repensitatione
1172 533 1389 587 rerum,
1421 521 1477 572 et
1507 517 1661 572 Deus
1700 517 2014 572 bonoretur
2043 522 2100 572 et

452 617 627 671 homo
659 616 1154 676 eonfortetur;cur
1180 623 1294 662 non
1322 610 1379 660 et
1410 623 1555 661 nova
1576 607 1924 661 documenta
1939 623 2100 678 teque

453 705 688 774 utrique
717 719 906 759 causa:
940 695 1340 754 convenientia
1361 699 1418 750 et
1447 694 1826 766 digerantur?
1845 695 1931 749 vel
1962 694 2097 766 quia

455 795 514 846 et
543 790 665 845 haec
693 795 884 844 vetera
914 785 1110 840 futura
1137 782 1492 853 quandoque
1521 785 1660 837 sunt
1688 786 1745 837 et
1775 781 2104 838 necessaria

458 877 728 950 posteris,
762 874 811 930 si
841 875 899 928 in
930 871 1202 945 praesenti
1235 887 1343 926 suo
1373 874 1634 942 tempore
1676 869 1889 926 minori
1921 871 2100 942 depu-

459 970 666 1021 tantur
693 961 1027 1020 auctoritati
1058 961 1134 1032 (9)
1157 962 1392 1032 propter
1422 962 1841 1030 praesumptam
1870 975 2104 1014 venera-

459 1055 678 1112 tionem
712 1050 1098 1124 antiquitatis.
1131 1049 1243 1105 Sed
1283 1047 1537 1103 viderint
1567 1047 1667 1118 qui
1697 1064 1876 1103 unam
1922 1047 2105 1103 virtu-

463 1149 583 1200 tem
614 1142 868 1215 Spiritus
919 1139 1098 1195 unius
1127 1137 1337 1208 sancti,
1377 1153 1482 1208 pro
1532 1135 1802 1192 «statibus
1835 1136 2108 1208 judicent

464 1236 796 1304 temporum
825 1247 838 1298 ;
871 1245 1007 1284 eum
1038 1227 1264 1297 majora
1291 1226 1616 1296 reputanda
1653 1225 1774 1280 sint
1824 1224 2109 1281 novitiora

467 1336 711 1393 quaeque
741 1324 807 1374 ut
835 1315 1244 1374 novissimiora
1290 1314 1424 1386 (10),
1456 1315 1781 1370 secundum
1829 1316 2106 1370 exubera-

466 1409 685 1465 tionem
717 1407 916 1480 gratiae
960 1406 1020 1460 in
1049 1405 1260 1460 ultima
1282 1402 1477 1459 saeculi
1529 1403 1719 1474 spatia
1768 1404 2016 1458 decreta.
2047 1403 2106 1456 In

465 1498 778 1553 novissimis
809 1496 965 1552 enim
1021 1493 1230 1558 diebus,
1259 1491 1393 1546 dicit
1426 1493 1704 1558 Dominus,
1735 1491 2017 1562 effundam
2047 1491 2112 1545 de

463 1588 681 1659 Spiritu
707 1601 824 1641 meo
870 1599 1036 1656 super
1062 1598 1278 1638 omnem
1324 1597 1589 1647 carnem,-
1617 1588 1670 1636 et
1704 1580 2110 1652 prophetabunt

463 1676 573 1747 filii
599 1676 846 1747 ﬁliaeque
875 1689 1080 1729 eorum.
1109 1675 1176 1726 Et
1205 1685 1374 1742 super
1401 1685 1581 1724 servos
1609 1672 1660 1724 et
1689 1669 1924 1725 ancillas
1962 1683 2110 1724 meas

461 1764 528 1820 de
558 1779 674 1820 meo
701 1763 917 1832 Spiritu
962 1759 1243 1832 e/Tundam
1271 1775 1290 1813 :
1323 1767 1376 1814 et
1402 1759 1631 1828 juvenes
1679 1759 1913 1814 visiones
1956 1757 2110 1813 vide-

463 1853 617 1919 bunt,
648 1859 699 1908 et
725 1867 883 1906 senes
910 1851 1130 1906 somnia
1155 1849 1510 1904 somniabunt
1557 1847 1734 1918 (Joel.,
1768 1864 1831 1913 ιι,
1863 1847 1953 1914 48,
2005 1847 2110 1916 19;

459 1942 604 2009 Act.,
637 1958 699 2012 ιι,
735 1940 822 2011 17,
855 1939 1178 2011 18).Ιιει(]ιιθ
1209 1941 1266 1992 et
1294 1953 1404 1992 nos
1435 1935 1534 2008 qui
1568 1935 1723 1991 sicut
1752 1935 2110 2008 prophetiae,

461 2029 547 2086 ita
591 2033 649 2086 et
693 2027 948 2085 visiones
979 2043 1156 2084 novas
1193 2026 1305 2098 (11)
1352 2025 1570 2097 pariter
1619 2024 2006 2096 repromissae
2054 2031 2114 2083 et

1889 2179 2114 2242 Verior

465 2317 526 2371 in
558 2316 666 2370 hac
697 2313 828 2386 ipsa
853 2311 1192 2386 parratione
1221 2312 1379 2368 unde
1402 2311 1796 2381 conjecturam
1819 2328 1989 2368 suam
2009 2313 2113 2369 ful-

467 2387 585 2444 cire
617 2384 822 2458 possit.
852 2384 1234 2458 HOLSTENIus.

538 2453 708 2529 (8)'ln
741 2457 944 2529 litteris
967 2460 1095 2510 sunt
1142 2456 1369 2526 digesta.
1404 2453 1687 2529 Legerem
1715 2453 2006 2529 libentius
2051 2459 2111 2512 in

467 2525 700 2585 litteras.
733 2528 826 2582 Sic
857 2526 1013 2582 enim
1063 2525 1308 2582 Pontius
1340 2525 1624 2597 principio
1667 2525 1820 2580 Libri
1851 2527 1921 2582 de
1971 2528 2110 2583 Pas-

465 2601 626 2656 sione
675 2601 734 2656 S.
769 2598 1042 2671 Cypriani
1077 2599 1384 2671 :VOperibus
1430 2598 1546 2668 ejus
1575 2597 1640 2671 de
1684 2599 1896 2652 meritis
1943 2603 2112 2654 etiam

466 2673 585 2729 haec
609 2669 987 2741 praerogativa
1014 2670 1255 2737 debetur,
1286 2673 1344 2724 ut
1381 2669 1692 2741 exemplum
1719 2684 1881 2723 suum
1928 2671 1988 2723 in
2020 2671 2111 2724 lit-

467 2739 620 2799 teras
651 2739 980 2814 digeratur,-
1013 2741 1113 2796 ubi
1145 2741 1342 2796 minus
1373 2743 1526 2795 recte
1555 2739 1777 2795 editum
1826 2743 1937 2806 est,
1968 2741 2112 2796 diri-

503 2819 649 2870 atur.
680 2814 888 2869 Hons'r.

467 2833 649 2884 gaiur.
681 2833 888 2869 nons'r.

468 2885 617 2958 __A(9)
647 2884 846 2958 itineri
876 2883 1230 2958 (deputantur
1255 2882 1594 2958 auctoritati.
1627 2882 1721 2958 Sic
1769 2881 2112 2958 Tertulliani

467 2952 571 3011 lib.
600 2952 686 3012 'de
727 2952 1108 3026 Paenit.,‘cap.
1158 2954 1191 3008 3
1224 2969 1237 3008 :
1269 2953 1328 3026 Id
1354 2961 1586 3026 peccato
1607 2952 2028 3026 deputandum,
2078 2972 2112 3010 a

467 3043 571 3099 quo
613 3028 750 3099 Deus
795 3023 1069 3099 arcetsEt'
1108 3041 1247 3099 mori
1289 3023 1552 3099 ibidem:
1589 3023 1972 3099 Quaedeticto
2016 3026 2112 3082 de-

465 3095 713 3168 putanda
760 3102 906 3153 sunt.
958 3097 1137 3151 Idem.
1189 3096 1290 3150 lib.
1324 3096 1388 3150 de
1426 3095 1684 3168 vetandis
1740 3097 2053 3168 Virginibus
2090 3115 2110 3152 :

471 3169 571 3240 Sed
603 3171 726 3224 nolo
753 3170 896 3222 hunc
919 3183 1127 3222 morem
1152 3169 1375 3240 veritati
1399 3167 1674 3240 deputare.
1710 3167 1779 3221 Et
1826 3168 2104 3224 adversus
2136 3173 2178 3240 C

473 3239 901 3311 dermogenem,
934 3239 1131 3309 cap.11
1172 3255 1184 3292 :
1219 3239 1353 3305 Qua:
1380 3238 1529 3311 maio
1557 3237 1895 3311 deputantur
1917 3256 2105 3294 secun-

471 3311 597 3366 Jum
626 3309 763 3365 mali
789 3319 992 3364 statum
1019 3313 1426 3380 computantur.
1458 3309 1608 3363 Tum
1629 3309 1794 3374 ibid.,
1826 3326 1952 3380 cap.
1990 3312 2055 3364 13
2087 3328 2101 3366 :

467 3398 562 3436 am
590 3399 688 3436 nec
725 3383 867 3437 bona
916 3383 1034 3451 ipsa
1062 3382 1166 3436 Deo
1215 3383 1652 3453 deputabuntur.
1705 3380 1770 3434 Et
1822 3397 1949 3453 cap.
1981 3382 2053 3435 25
2085 3398 2098 3436 :

460 3453 688 3508 Materia
733 3453 878 3524 apud
925 3453 1418 3524 llermogenemiin
1466 3452 1755 3524 originem
1782 3457 1831 3506 et
1877 3452 2100 3508 causam

459 3525 735 3579 malorum
765 3522 1080 3596 deputatur.
1115 3525 1196 3596 De
1227 3522 1576 3589 ldololalria,
1605 3538 1652 3596 e.
1703 3523 2100 3596 10_;7Necessi-i

458 3600 542 3650 tas
574 3596 644 3650 ad
687 3593 1091 3651 excusationem
1138 3595 1445 3664 deputatur.
1481 3593 1738 3664 Denique
1780 3593 1927 3650 libro
1963 3615 1996 3662 I,
2030 3595 2100 3650 ad

462 3667 713 3738 Uxorem,
747 3684 872 3738 cap.
909 3668 940 3720 4
973 3682 984 3719 :
1019 3667 1144 3720 Jam
1175 3668 1234 3718 in
1266 3668 1427 3720 terris
1473 3667 1541 3720 de
1566 3665 1798 3738 familia
1841 3668 2100 3736 Angelica

454 3737 809 3808 deputantur.
822 3737 831 3738 “
844 3737 1046 3791 Ηοιετ.
1511 3788 1520 3796 ,

525 3809 638 3880 (10)
682 3810 960 3864 Novitzora
1003 3821 1239 3880 quaeque
1277 3811 1341 3880 ut
1382 3808 1787 3880 novissimiora.
1841 3809 2094 3863 Tantum

452 3879 511 3950 in
532 3877 637 3935 bis
663 3881 776 3936 sibi
798 3880 971 3934 licere
989 3877 1245 3934 Africani
1260 3877 1683 3932 voluerunt.Sie
1703 3880 1854 3950 apud
1871 3880 2094 3935 Tertul-

449 3949 675 4006 lianum
705 3953 1043 4006 extremiora
1067 3955 1124 4005 et
1151 3951 1549 4004 extremissimi
1569 3966 1683 4004 non
1717 3950 1897 4006 semel
1915 3951 2091 4022 leges.

448 4022 542 4077 Sic
581 4023 736 4094 apud
786 4022 1118 4093 Apuleium,
1159 4023 1646 4094 postremissimus,
1698 4027 1755 4075 et
1801 4024 2093 4094 novissimo

446 4092 765 4148 extremius.
816 4092 984 4165 Apud
1013 4092 1357 4159 Arnobium,
1382 4094 1849 4165 7minimissimus.
1883 4093 2088 4148 Hocs'r.

393 4175 398 4180 ‘
452 4235 468 4236 ί
515 4166 630 4234 (11)
672 4164 992 4236 Prophetias
1045 4166 1127 4236 ita
1179 4168 1228 4218 et
1278 4164 1518 4236 visiones
1572 4165 2092 4236 novas._Test'atur

447 4235 700 4291 Irenaeus
733 4234 884 4307 apud
923 4235 1239 4290 Eusebium
1277 4234 1375 4290 lib.
1412 4251 1468 4304 v,
1501 4251 1626 4306 cap.
1655 4237 1715 4307 _7,
1747 4234 2000 4307 visiones
2031 4241 2089 4292 et

443 4305 852 4379 prophetiasin
881 4307 1136 4362 Ecclesia
1155 4322 1270 4379 suo
1281 4312 1391 4361 tem
1402 4322 1536 4379 p_ore
1551 4305 1751 4379 multis
1766 4306 1944 4379 luisse
1957 4323 2090 4379 eon-

444 4377 641 4436 cessas
657 4395 670 4432 :
687 4380 842 4450 quod
856 4379 1010 4433 idem
1025 4379 1094 4433 de
1109 4393 1214 4450 suo
1241 4377 1406 4450 docet
1418 4377 2086 4450 DionysiusAlexandri-

442 4467 554 4522 nus
576 4447 730 4522 apud
756 4448 1574 4522 eumdemUEusebium,cujus
1595 4465 1663 4502 ex
1689 4447 1903 4522 illustri
1937 4449 2082 4522 loco,

439 4518 542 4575 lib.
575 4518 631 4587 νζ
681 4538 810 4592 cap.
865 4522 919 4585 3,
953 4521 1050 4575 ubi
1097 4521 1168 4575 de
1206 4524 1505 4592 Montano,
1559 4524 1785 4592 constat
1829 4519 2086 4592 viguisse

439 4591 646 4663 primis
678 4590 944 4648 Ecclesia:
967 4591 1333 4663 temporibus
1363 4590 1517 4646 inter
1535 4590 2082 4663 Christianos',praa-

436 4660 526 4717 ter
573 4662 687 4735 alia
736 4660 1110 4730 charismata,
1161 4663 1336 4735 etiam
1367 4660 1801 4735 prophetiam:
1853 4660 2082 4735 ex'quo

437 4750 547 4788 usu
580 4734 808 4789 videtur
836 4735 1144 4790 Montanus
1174 4733 1560 4789 haeresiarcba
1608 4734 1882 4789 ﬁduciam
1917 4733 2079 4788 sum-

434 4805 899 4878 psisse_vocandi
963 4806 1285 4862 doctrinam
1330 4821 1523 4873 suam,
1571 4822 1778 4860 novam
1829 4805 2078 4878 prophe-

383 4887 386 4892 '
435 4875 597 4932 tiam.
631 4876 836 4934 HOLsr.

502 4949 616 5020 (12)
655 4951 881 5005 Virtutes
911 4948 1148 5020 Spiritus
1177 4948 1355 5002 sancti
1383 4948 1463 5002 ad
1492 4948 1921 5020 instrumentum
1971 4951 2073 5004 Ec-

430 5017 608 5092 clesiae
654 5017 994 5092 deputamus.
1057 5019 1158 5092 Hie
1208 5036 1351 5073 usus
1411 5017 1586 5072 vocis.
1630 5020 2072 5092 instrumentum

428 5088 729 5147 Africanas
763 5109 827 5147 ac
874 5091 1275 5146 Tcrtullianeaa
1325 5088 1766 5143 consuetudinis
1822 5095 1930 5143 est.
1983 5090 2070 5144 Ita

425 5163 581 5218 enim
614 5165 1010 5219 Tertullianus
1042 5162 1141 5215 lib.
1164 5161 1230 5215 de
1258 5163 1407 5228 Fuga
1436 5162 1499 5214 in
1527 5161 1915 5229 persecutione,
1953 5162 2066 5229 0.2,

420 5235 640 5290 Diaboli
689 5236 1044 5305 iniquitatem
1073 5233 1158 5305 (ad
1215 5233 2069 5305 instrumentum,persecutionis

417 5321 547 5361 esse
579 5307 680 5360 ait.
717 5303 874 5360 Idem
907 5305 1006 5358 lib.
1041 5303 1110 5357 de
1138 5304 1336 5356 Pamit.
1370 5318 1497 5372 cap.
1523 5304 1558 5355 6
1592 5319 1604 5356 :
1637 5304 2066 5358 Instrumentum

414 5377 984 5440 Pwnitentiaemetus.
1016 5373 1212 5428 Lib.de
1242 5375 1538 5440 Patientia,
1574 5375 1778 5443 eap.15
1807 5392 1825 5428 :
1857 5376 2066 5429 Instru-

409 5455 657 5504 mentum
682 5446 1012 5514 sustinendi,
1045 5446 1344 5500 Patientia.
1383 5445 1500 5500 Lib.
1537 5461 1576 5498 ιι
1607 5445 1672 5499 de
1703 5445 1865 5500 Cultu
1897 5448 2061 5515 femi-

407 5536 630 5586 narum,
681 5535 807 5589 cap.
857 5521 936 5574 7:
973 5520 1399 5573 Instrumentum
1445 5515 1744 5587 pudicitiae,
1795 5521 2057 5586 gravitas.

406 5590 531 5644 Lib.
567 5607 583 5644 x
613 5590 684 5644 ad
719 5591 974 5658 Uxorem,
1008 5607 1133 5661 cap.
1164 5589 1245 5661 8‘:
1279 5589 1444 5642 Nobis
1491 5589 1832 5661 continentia
1869 5589 1939 5642 ad
1969 5591 2058 5643 in-

396 5663 770 5734 ,trumentum
814 5659 1138 5718 aeternitatis
1187 5659 1562 5716 demonstrata
1607 5667 1685 5714 est
1725 5677 1760 5715 a
1805 5660 2055 5716 Domino.

1690 296 1966 359 PASSIO
2012 297 2126 359 SS.

2172 295 2624 359 MARTYRUM
3778 297 3847 360 16

2124 429 2177 495 Α
2207 428 2582 500 agnoscimus
2638 431 2694 483 et
2749 425 3136 494 honoramus,
3196 427 3549 500 cmterasque
3607 427 3849 485 virtutes

2208 518 2459 588 Spiritus
2492 518 2676 572 sancti
2710 517 2780 571 ad
2814 515 3275 571 instrumentum
3307 515 3574 572 Ecclesiae
3607 517 3843 589 deputa-

2210 622 2343 660 mus
2368 606 2499 676 (1‘2),
2533 605 2625 660 cui
2677 609 2736 661 et
2767 604 2983 659 missus
3015 609 3103 659 est
3151 603 3306 660 idem
3340 605 3540 661 omnia
3587 605 3853 661 donativa

2209 693 2629 748 administrans
2689 693 2746 748 in
2805 693 3082 748 omnibus
3140 692 3275 764 (13),
3311 699 3482 765 prout
3539 693 3852 766 unicuique

2211 781 2511 838 distribuit
2559 781 2864 851 Dominus,
2894 783 2996 836 16
3049 781 3379 838 necessario
3410 786 3466 837 et
3513 782 3850 855 digerimus,

2210 875 2267 926 et
2295 871 2366 926 ad
2397 869 2643 942 gloriam
2694 870 2795 925 Dei
2826 870 3071 925 lectione
3103 870 3500 939 celebramus;
3541 876 3608 926 ut
3638 887 3710 926 ne
3749 888 3856 944 qua

2212 963 2315 1016 aut
2359 959 2731 1015 imbecillitas
2763 964 2866 1014 aut
2907 959 3234 1030 desperatio
3266 959 3400 1014 fidei
3443 960 3599 1032 apud
3643 964 3856 1016 veteres

2213 1052 2445 1104 tantum
2493 1047 2744 1104 aestimet
2774 1047 3024 1120 gratiam
3075 1048 3398 1105 divinitatis
3436 1053 3853 1118 conversatam,

2215 1137 2335 1194 sive
2365 1142 2713 1207 martyrum,
2745 1137 2865 1193 sive
2924 1137 2982 1192 in
3043 1136 3464 1193 revelationum
3527 1138 3856 1211 dignatione

2216 1226 2328 1298 (14)
2370 1242 2384 1281 :
2419 1242 2552 1281 eum
2585 1241 2818 1296 semper
2847 1225 3000 1280 Deus
3031 1229 3304 1296 operetur
3332 1242 3460 1296 quae
3507 1226 3853 1298 repromisit,

2217 1333 2332 1372 non
2365 1315 2739 1371 credentibus
2769 1315 2829 1369 in
2882 1314 3289 1370 testimonium
3320 1315 3456 1386 (15),
3490 1315 3857 1371 credentibus

2219 1405 2276 1459 in
2310 1404 2678 1460 beneﬁcium.
2711 1403 2781 1458 Et
2830 1420 2935 1459 nos
2964 1402 3184 1474 itaque,
3216 1404 3370 1474 quod
3423 1403 3759 1460 audivimus
3805 1410 3861 1460 et

2219 1492 2708 1549 contrectavimus
2758 1492 3181 1547 annuntiamus
3231 1497 3288 1548 et
3334 1492 3520 1564 vobis,
3555 1492 3762 1548 fratres
3806 1497 3864 1548 et

2220 1581 2406 1648 ﬁlioli,
2442 1586 2506 1636 ut
2563 1586 2620 1636 et
2675 1597 2776 1636 vos
2835 1581 2933 1652 qui
2989 1580 3362 1653 interfuistis,
3396 1581 3864 1638 rememoremini

2219 1671 2412 1745 gloriae
2441 1670 2694 1740 Domini,
2727 1674 2806 1735 et,
2838 1670 2938 1742 qui
2983 1686 3139 1726 nunc
3171 1670 3522 1742 cognoscitis
3553 1687 3656 1742 per
3703 1671 3867 1727 audi-

2218 1765 2368 1830 tum,
2401 1759 2875 1816 communionem
2923 1758 3188 1815 habeatis
3220 1776 3355 1814 eum
3387 1759 3607 1816 sanctis
3650 1764 3870 1833 marty-

2223 1850 2472 1916 ribus,et
2503 1864 2606 1921 per
2631 1847 2763 1904 illos
2794 1863 2929 1904 eum
2962 1848 3208 1902 Domino
3238 1848 3379 1904 Jesu
3410 1847 3759 1917 Christo,cui
3780 1853 3872 1906 est

2221 1937 2456 1995 claritas
2487 1942 2544 1992 et
2575 1940 2762 1993 honor
2787 1935 2849 1992 in
2879 1935 3094 1993 saecula
3123 1935 3492 1994 saeculorum.
3523 1939 3726 1994 Amen.

2117 2199 2224 2242 um
2253 2186 2445 2243 notae.

2220 2314 2346 2370 Lib.
2381 2315 2451 2370 de
2478 2315 2754 2386 Baptismo
2785 2327 2961 2386 agens
2995 2312 3066 2367 de
3097 2328 3261 2384 aqua
3292 2312 3614 2386 elemento:
3647 2316 3872 2385 Quanta

2219 2389 2300 2442 vis
2327 2390 2449 2458 ejus
2478 2385 2575 2441 aut
2603 2386 2788 2456 gratia
2807 2385 2988 2455 tquot
3018 2386 3264 2458 ingenia,
3295 2385 3660 2458 quoto/ﬁcia,
3691 2403 3868 2458 quan-

2221 2456 2360 2512 tum"
2390 2459 2816 2512 instrumentum
2864 2457 3064 2511 mundo
3093 2457 3273 2526 feret?
3301 2456 3563 2527 Denique
3605 2456 3871 2528 Apologe-

2219 2531 2318 2584 tici
2346 2545 2472 2600 cap.
2499 2530 2562 2583 17
2597 2545 2610 2583 :
2647 2533 2792 2582 Deus
2822 2531 2989 2582 totum
3019 2528 3214 2581 molem
3243 2528 3409 2582 istam
3437 2543 3562 2582 cum
3599 2531 3749 2583 omni
3772 2529 3871 2584 in-

2217 2605 2526 2656 strumento
2583 2600 2970 2654 elementorum
2994 2639 3008 2664 ,
3063 2614 3351 2668 corporum
3376 2643 3389 2668 ,
3448 2601 3746 2670 spirituum
3800 2600 3874 2656 de

2219 2673 2395 2727 nihilo
2423 2674 2710 2741 expressit.
2746 2670 2952 2725 Hocs'r.

2292 2744 2402 2813 (13)
2435 2739 2633 2799 omnia
2657 2741 2914 2813 donativo
2951 2739 3347 2813 administrans
3365 2741 3422 2795 in
3447 2742 3720 2813 omnibus,
3753 2745 3873 2813 etc.

2224 2810 2408 2869 Loeus
2439 2829 2750 2886 expressus
2781 2828 2850 2868 ex
2880 2810 3054 2866 Paulo
3086 2812 3107 2865 Ι
3139 2813 3352 2886 Coram
3384 2813 3460 2886 Α4,
3496 2812 3594 2886 ubi
3626 2810 3874 2886 dera-

2222 2885 2480 2941 rismalis
2512 2883 2786 2953 disserit,
2821 2900 2946 2953 quae
2997 2887 3197 2938 noster
3240 2883 3332 2938 hic
3375 2883 3644 2938 Donativa
3671 2883 3873 2951 vertit,

2221 2956 2330 3028 hac
2361 2973 2592 3028 quoque
2645 2955 2704 3010 in
2738 2971 2801 3028 re
2839 2953 3268 3010 Tertullianum
3313 2955 3591 3028 referens.
3625 2955 3679 3028 ls
3707 2955 3868 3028 enim

2220 3027 2323 3082 lib.
2361 3025 2416 3094 εἴ,
2449 3025 2708 3083 adversus
2755 3027 3104 3092 Mareionem,
3160 3041 3286 3097 cap.
3325 3042 3337 3080 :
3374 3027 3509 3081 Deus
3539 3025 3686 3097 dedit
3730 3025 3872 3095 ﬁliis

2220 3099 2528 3164 hominum,
2562 3099 2617 3153 id
2643 3107 2723 3154 est
2750 3098 3026 3162 donativo,
3058 3111 3185 3167 qua:
3212 3096 3562 3152 Charismata
3603 3096 3866 3152 dicimus.

2220 3171 2285 3225 Et
2314 3170 2412 3225 lib.
2450 3189 2466 3224 1
2497 3170 2566 3225 ad
2612 3185 2859 3233 uxorem,
2915 3186 3042 3240 cap.
3079 3185 3091 3222 :
3125 3169 3499 3222 Extendamur
3547 3170 3607 3223 in
3648 3171 3861 3240 priora,

2217 3243 2508 3296 meliorum
2561 3241 2940 3296 donativorum
2992 3239 3280 3294 sectatores
3333 3241 3525 3294 simus.
3561 3239 3657 3294 [ta
3699 3239 3866 3295 enim

2257 3313 2700 3368 raestantissima
2729 3311 2828 3366 illa
2856 3311 3033 3366 editio
3067 3309 3282 3382 Nicolai
3314 3310 3549 3382 Rigaltii
3582 3309 3740 3382 legit.
3763 3311 3866 3366 Sic

2257 3330 2700 3368 rzestanussima
2729 3330 2828 3366 ma
2856 3330 3033 3366 caluo
3067 3330 3282 3367 lVlCOlal
3314 3330 3549 3382 nigaitu
3582 3330 3740 3382 legit.
3763 3330 3855 3366 DIC

2212 3330 2314 3438 Εἰ).
2347 3384 2412 3438 de
2443 3385 2742 3439 Resurrect.
2776 3384 2958 3437 carnis
2985 3381 3154 3436 vertit
3183 3381 3324 3435 illud
3359 3383 3430 3436 ad
3464 3381 3629 3436 Rom.
3664 3399 3737 3446 v1,
3770 3383 3806 3436 3
3839 3399 3855 3437 :

2211 3455 2497 3526 Stipendia
2525 3456 2952 3526 delinquentig,
2971 3469 3134 3521 mors,
3167 3453 3490 3526 donativum
3520 3458 3701 3526 autem
3732 3453 3857 3520 Dei,

2209 3523 2321 3582 vita
2345 3535 2592 3587 aeterna;
2625 3523 2778 3597 quod
2837 3525 2909 3579 ab
2943 3525 3385 3597 imperatorum,
3412 3523 3757 3579 liberalitate
3798 3529 3866 3579 et.

2211 3615 2270 3653 re
2303 3598 2541 3652 militari
2572 3595 2890 3652 deductum
2923 3595 3094 3651 nemo
3123 3601 3212 3650 est
3240 3595 3340 3666 qui
3373 3595 3620 3666 ignoret.
3643 3597 3861 3650 llons'r.

2281 3670 2392 3739 (14)
2419 3668 2545 3724 Sive
2588 3673 2924 3739 martyrum,
2953 3669 3068 3723 sive
3100 3669 3205 3739 ing
3227 3667 3625 3739 revelationum
3650 3666 3866 3735 digna-

2207 3736 2381 3795 tione.
2420 3736 2914 3811 Frequentissima
2961 3737 3114 3811 apud
3164 3736 3700 3811 Tertullianumet
3745 3739 3869 3810 Cy-

2207 3812 2502 3880 prianum,
2535 3807 2796 3882 aliosque
2845 3810 2974 3880 ejus
3002 3807 3113 3882 aevi
3165 3808 3465 3882 Africanps
3517 3807 3867 3882 scriptores.

2205 3879 2553 3952 Dignationis
2601 3879 2718 3937 vox_
2754 3898 2855 3953 pro
2903 3881 3110 3953 gratia,
3161 3895 3359 3953 quam_
3388 3879 3542 3953 Deus
3591 3880 3871 3953 conferre

2205 3951 2306 4008 aut
2337 3961 2608 4026 praestare
2639 3951 3511 4026 dignatur’.Pontius_ia_VitaAS.
3543 3951 3820 4026 Cypriani
3849 3970 3868 4008 :

2203 4022 2374 4096 Finge
2401 4026 2554 4096 enim
2581 4022 2911 4096 tunc‘illum‘
2941 4023 3205 4096 martyrii
3231 4022 3552 4096 dignatione
3572 4022 3871 4096 _'transla-

2201 4093 2338 4150 tum}
2375 4095 2596 4152 Ibidem
2646 4100 2778 4165 post
2805 4093 3103 4149 visionem
3143 4093 3202 4148 S.
3237 4095 3518 4165 Cypriane
3567 4093 3628 4148 in
3677 4093 3873 4151 exilio

2201 4173 2520 4236 ostensam,
2569 4165 2877 4237 subjungit
2909 4181 2920 4220 :
2958 4165 3100 4232 Quid
3147 4165 3250 4237 hac
3277 4165 3614 4237 reuelatione
3659 4168 3873 4220 mani-

2195 4240 2391 4308 festius
2411 4241 2436 4290 .9
2463 4238 2593 4309 quid
2624 4236 2725 4293 hac
2752 4236 3072 4308 dignatione
3119 4236 3338 4307 felicius
3359 4240 3384 4290 γ
3403 4237 3480 4309 Et
3512 4236 3664 4290 infra
3678 4253 3708 4309 _:
3739 4237 3875 4294 Sed

2198 4307 2484 4364 Crastinus“
2506 4310 2617 4363 dies
2648 4311 2744 4363 ille
2773 4307 2931 4380 quem
2959 4311 3092 4380 ante
3119 4324 3331 4362 annum
3380 4307 3877 4380 dignatiodivina

2235 4380 2554 4452 raediajerat.
2593 4382 2677 4434 Ita
2723 4376 3047 4452 ijrianus
3080 4379 3366 4452 ipse_non
3400 4376 3577 4452 semel
3629 4376 3734 4452 lib.
3774 4397 3873 4447 Iv,

2238 4449 2471 4576 pistolis
2500 4468 2595 4533 vri,
2628 4468 2734 4506 xxv
2764 4449 2823 4506 et
2850 4449 3187 4532 xxxxv.ltem
3218 4449 3367 4505 libro
3398 4449 3462 4505 de
3492 4450 3871 4521 Mortalitate,

2279 4538 2409 4576 lSlc
2456 4523 2666 4576 legitur
2714 4538 2727 4576 :
2780 4523 2897 4576 Non
2944 4526 3020 4576 est
3063 4539 3123 4576 in
3174 4529 3270 4576 tua
3315 4523 3597 4576 potestate.
3647 4521 3743 4576 sed
3793 4523 3871 4576 in

2115 4545 2162 4610 Β
2195 4521 2293 4604 ubi
2326 4521 2409 4606 sic
2456 4523 2666 4594 legitur
2714 4538 2727 4577 :
2780 4523 3020 4606 Nonoest
3063 4523 3123 4576 in
3174 4529 3270 4577 tua
3311 4523 3597 4591 potestate,
3647 4521 3760 4602 sed.
3793 4523 3880 4579 in

2193 4594 2291 4648 Det
2319 4594 2642 4661 dignatione
2685 4597 3036 4664 martyrium.
3072 4593 3142 4646 Et
3186 4607 3358 4647 serm.
3392 4609 3445 4657 v,
3480 4591 3802 4664 deLapsis
3850 4613 3876 4652 :

2197 4665 2410 4720 Corona
2440 4665 2503 4719 de
2533 4666 2630 4719 Dei
2655 4662 2972 4733 dignatione
2998 4664 3293 4719 descendit.
3332 4664 3490 4717 Idem
3531 4662 3678 4718 alibi
3703 4663 3878 4719 Ter-

2191 4735 2476 4791 tullianus
2521 4736 2586 4791 de
2612 4736 2906 4801 Patientia,
2955 4751 3082 4805 cap.
3137 4736 3192 4790 11
3234 4733 3574 4790 :Gratulari
3600 4741 3653 4788 et
3703 4751 3884 4803 gau-

2189 4807 2316 4861 dere
2342 4823 2442 4862 nos
2469 4807 2612 4862 decet
2639 4807 2958 4877 dignatione
2985 4806 3187 4862 divina
3231 4807 3622 4874 castigationis.
3660 4805 3756 4877 Et,
3779 4808 3886 4864 de

2192 4878 2350 4934 Cultu
2380 4875 2740 4949 feminarum,
2786 4893 2912 4949 cap.
2943 4880 2979 4930 2
3010 4893 3022 4930 :
3057 4877 3189 4932 Nam
3220 4880 3269 4932 et
3299 4877 3538 4932 vobzs....
3593 4875 3888 4936 eamdem

2174 4950 2472 5019 judicandi
2498 4950 2875 5021 dignationem
2919 4949 3230 5021 pollicetur.
3263 4949 3338 5003 De
3369 4950 3668 5021 Baptismo,
3707 4964 3880 5021 cap.

2186 5023 2250 5074 18
2284 5039 2296 5075 :
2328 5023 2390 5075 Si
2413 5019 2701 5092 Philippus
2732 5026 2844 5075 tam
2867 5020 3032 5091 facile
3067 5021 3242 5092 timuit
3268 5019 3604 5092 eunuchum,
3633 5019 3896 5090 recogi-

2183 5095 2356 5164 temus
2400 5091 2749 5164 manifestam
2777 5096 2826 5146 et
2872 5095 3147 5164 exsertam
3193 5091 3570 5158 dignationem
3610 5092 3893 5151 Βοωιηί

2180 5161 2570 5219 intercessisse.
2607 5165 2674 5218 Et
2719 5179 2854 5218 mox
2887 5179 2898 5217 :
2931 5163 3031 5232 Dei
3063 5161 3309 5232 dignatio
3357 5179 3487 5216 suas
3537 5163 3892 5232 praemittit

2173 5235 2686 5304 prwrogativaslta
2714 5234 2915 5289 eodem
2947 5231 3049 5288 lib.
3073 5231 3198 5305 cap.
3231 5234 3264 5287 3
3293 5251 3306 5300 ;
3340 5231 3894 5305 Praescriptionum

2175 5303 2306 5361 adv.
2335 5303 2482 5363 Haer.
2534 5322 2661 5378 cap,
2697 5305 2804 5372 34;
2837 5306 2914 5378 De
2960 5303 3242 5360 Patientia
3273 5319 3399 5376 cap.
3436 5305 3506 5372 4;
3542 5303 3672 5359 Lib.
3709 5305 3891 5365 adv.

2172 5377 2439 5444 Judeeos.,
2481 5376 2622 5447 cap.‘
2641 5377 2683 5442 Ι,
2717 5381 2840 5432 etc."
2862 5376 3066 5431 Hons'r.

2245 5450 2354 5519 (15)
2385 5450 2502 5504 Νοη
2546 5444 2886 5503 credentibus
2933 5449 2995 5502 in
3035 5447 3426 5519 testimonium,
3478 5444 3898 5519 credentibus

2171 5535 2233 5572 in
2254 5517 2608 5589 beneﬁcium,
2636 5524 2744 5574 etc.
2779 5519 2874 5574 Sic
2904 5518 3303 5573 Tertullianus
3345 5517 3414 5571 de
3441 5518 3663 5585 Anima,
3698 5533 3848 5590 cap
3873 5565 3899 5579 -

2168 5590 2285 5645 51:
2344 5593 2547 5662 Ubique
2606 5596 2747 5646 Deus
2804 5591 3091 5659 potestatis
3147 5589 3480 5662 suaesigna
3525 5589 3832 5659 proponit
3867 5615 3912 5660 ;

2167 5663 2284 5716 suis
2319 5664 2381 5717 in
2410 5661 2691 5731 solatium,
2724 5663 3011 5718 extraneis
3060 5661 3118 5715 in
3167 5661 3564 5716 testimonium.
3612 5661 3908 5724 Hons'r.

405 5891 450 5914 δ
