4064 6196
421 274 500 336 23
1663 283 1942 344 PASSIO
1985 284 2098 345 SS.
2144 283 2201 345 Μ
2209 283 2596 346 ARTYRUM
3745 280 3815 339 24

425 407 510 465 ris
541 408 1021 482 refrigeraremus
1051 413 1183 484 (35).
1215 413 1378 468 Tunc
1407 412 1508 470 28
1534 419 1808 471 exeuntes
1840 415 1911 470 de
1941 431 2072 470 car-
2099 417 2154 482 Α
2183 415 2391 472 diebus
2422 431 2596 488 passa
2625 428 2779 480 sum,
2804 414 2862 467 et
2890 410 3166 484 usurpavi
3185 413 3252 466 ut
3281 424 3511 466 mecum
3547 408 3738 465 infans
3759 409 3810 466 in

429 512 560 554 cere
608 498 865 555 universi
911 501 1210 558 vacabant.
1270 502 1389 574 Ego
1456 502 1737 559 infantem
1785 503 2074 560 iactabam

425 585 550 662 jam
572 586 770 644 inedia
783 589 1073 645 defectum
1092 589 1493 661 (36).Sollicita
1511 607 1612 663 pro
1632 609 1697 649 eo
1721 591 2078 664 adloquebar

429 678 704 744 matrem,
735 681 794 732 et
837 677 1236 734 confortabam
1277 678 1540 746 fratrem,
1589 681 2075 737 commendabam

431 763 622 820 filium
657 753 717 822 5°.
742 765 1133 821 Tabescebam
1165 766 1296 822 ideo
1328 768 1479 838 quod
1511 767 1643 825 illos
1671 769 1967 825 tabescere
1995 769 2076 824 vi-

431 851 633 911 deram
682 852 794 911 mei
845 853 1147 911 beneﬁcio.
1201 854 1349 912 tales
1398 856 1827 914 sollicitudines
1873 857 2078 915 multis

2183 520 2407 560 carcere
2437 505 2698 559 maneret
2729 518 2742 556 :
2775 504 2832 556 et
2861 500 3058 556 statim
3100 501 3202 556 24
3249 497 3540 569 convalui,
3592 502 3649 553 et
3680 497 3811 555 rele-

2183 597 2315 647 vata
2344 609 2476 648 sum
2509 609 2542 646 a
2568 591 2764 647 labore
2793 594 2849 644 et
2886 588 3282 644 sollicitudine
3319 587 3562 643 infantis
3596 605 3610 656 ;
3644 592 3700 643 et
3731 588 3810 644 fa-

2183 684 2314 736 ctus
2346 684 2435 735 est
2462 679 2604 735 mihi
2637 695 2833 735 carcer
2862 677 3055 734 subito
3079 677 3248 749 quasi
3307 676 3644 749 prastorium
3684 676 3808 750 (37),

2185 773 2251 825 ut
2279 769 2358 825 ibi
2391 768 2626 824 mallem
2659 785 2786 824 esse
2817 784 2997 839 quam
3029 765 3168 823 alibi
3202 769 3272 823 “.

2257 881 2286 908 ‹‹
2319 859 2417 914 ΙΙΙ.
2452 858 2616 914 Tunc
2655 857 2800 912 dixit
2827 855 2975 911 mihi
3006 855 3182 912 frater
3209 871 3378 912 meus
3413 870 3426 912 :
3459 854 3708 912 Domina
3730 871 3812 912 so-

1847 983 2053 1047 Variae
2083 983 2434 1063 lectiones?

506 1084 553 1121 ³ο
579 1084 650 1141 Et
679 1083 1080 1144 confortabam
1110 1085 1276 1144 fratri
1307 1088 1790 1146 commendabam
1820 1088 2009 1146 ﬁlium
2039 1090 2156 1148 cod.
2184 1089 2386 1147 Salisb.

2488 1090 2532 1126 ¹¹
2563 1087 2791 1144 Alicubi
2823 1089 3069 1145 Holsten.

1858 1217 2191 1279 Variorum
2219 1223 2406 1278 notae.

433 1333 717 1409 saavitiam
743 1335 1015 1409 lenirent,
1047 1342 1114 1393 ut
1143 1338 1316 1409 paulo
1369 1339 1640 1409 superius
1699 1355 1766 1394 ex
1829 1340 2070 1395 Constit.

434 1407 622 1479 Apost.
657 1406 1090 1464 retulimus.'Hi
1121 1406 1364 1466 consilio
1395 1406 1657 1478 aderant,
1689 1411 2072 1466 exhortaban-

435 1483 555 1541 tur,
612 1479 1091 1554 consolabantur.
1141 1486 1308 1554 Cypr.
1368 1497 1457 1554 ep.
1516 1500 1574 1536 ιιι
1631 1498 1644 1536 2
1693 1482 1920 1550 Semper
1973 1483 2074 1554 sub

437 1552 866 1607 antecessoribus
918 1552 1119 1608 nostris
1180 1552 1419 1624 Iactum‘
1457 1562 1555 1621 est,
1621 1557 1682 1608 ut
1733 1555 1951 1608 diaconi
2007 1553 2078 1608 ad

438 1637 714 1696 carcerem
761 1631 1142 1688 commeantes,
1190 1633 1508 1696 martyrum
1560 1624 1838 1679 desideria
1891 1626 2075 1678 consi-

447 1691 544 1748 liis
571 1695 712 1766 ‘suis
768 1701 835 1766 et,
873 1697 1277 1766 scripturarum
1341 1691 1632 1766 praeceptis
1681 1696 2074 1766 gubernarent.

440 1763 703 1836 Denique
732 1769 797 1820 ut
826 1763 1195 1836 boni'angeli
1251 1763 1697 1822 commendatis
1727 1766 1839 1821 sibi
1889 1765 2077 1821 homi-

443 1835 639 1909 nibus,
689 1836 774 1891 sic
821 1835 905 1891 illi
965 1835 1423 1909 confessoribus,
1484 1853 1682 1909 opera,
1727 1837 1942 1909 ofﬁcio,
1989 1854 2077 1892 se-

443 1905 687 1981 dulitate
717 1911 928 1981 praesto
957 1913 1143 1981 erant.
1177 1907 1338 1964 Unde
1370 1905 1760 1980 illud—Ignatii
1802 1909 1971 1981 epist.
2007 1909 2077 1964 ad

444 1976 776 2052 Trallianos
807 1994 821 2032 :
859 1979 998 2046 Quid
1025 1979 1246 2052 diaconi
1277 1982 1299 2018 9
1327 1996 1492 2052 quam
1538 1976 1854 2052 imitatores
1871 1980 2083 2048 angeti-
2112 1988 2162 2052 Β

444 2065 639 2106 carum
683 2050 955 2121 Virtutum
982 2053 1007 2103 .9
1034 2049 1179 2104 Vide
1225 2049 1441 2106 Con’cil.
1503 2050 1976 2121 Carthaginiense
2008 2068 2082 2118 ιν,

448 2136 576 2192 cap.
607 2121 696 2175 43.
730 2120 1052 2176 Concilium
1085 2137 1314 2246 quoque
1342 2120 1760 2178 Aurelianense
1788 2140 1844 2188 ν,
1869 2139 2090 2176 canone

448 2193 539 2246 20.
572 2191 986 2246 archidiacono
1029 2208 1095 2246 ve
1166 2193 1473 2246 praeposito
1525 2193 1791 2246 Ecclesiae
1841 2193 2090 2246 carceris

445 2191 986 2264 20,garchidiaeono
1029 2191 1117 2264 vel
1166 2193 1473 2264 praeposito
1525 2193 1791 2248 Ecclesiae
1841 2193 2090 2249 carceris

449 2261 726 2336 visitandi
782 2262 1048 2336 officium
1095 2261 1392 2335 iniungit:
1427 2265 1698 2336 episcopo
1758 2269 1975 2331 autem,
2029 2269 2093 2320 ut

452 2333 778 2389 vinctorum
829 2333 1236 2390 necessitatem
1274 2333 1752 2391 _misericorditer
1810 2336 2091 2402 sublevet,

454 2409 880 2476 competentem
910 2405 996 2462 eis
1024 2405 1243 2462 victum
1288 2406 1359 2462 de
1403 2407 1576 2462 domo
1617 2407 1870 2463 ecclesiae
1920 2409 2091 2463 attri-

453 2475 707 2532 buendo.
738 2480 946 2533 Hons'r.

455 2617 820 2702 etEcclesize
870 2619 1127 2702 publice,
1165 2624 1221 2702 et
1269 2619 1484 2702 singuli
1534 2619 1733 2702 ﬁdeles
1781 2621 1852 2702 de
1874 2620 2094 2702 “opibus

455 2687 582 2745 suis
611 2687 948 2764 erogabant,
983 2696 1047 2747 ut
1074 2687 1505 2764 contessoribus
1543 2696 1600 2747 et
1649 2687 2004 2764 martyribus
2035 2692 2093 2747 in

456 2776 686 2834 carcere
715 2761 992 2834 alimenta
1034 2768 1357 2834 ceteraque
1402 2763 1532 2817 vita:
1582 2761 1849 2819 subsidia
1901 2780 1964 2818 ac
1995 2781 2092 2819 ne-

457 2833 716 2888 cessaria
745 2833 1044 2906 refrigeria
1073 2833 1594 2906 suppeditarentur
1628 2853 1641 2890 :
1676 2839 1777 2889 aut
1816 2836 1914 2890 ubi
1947 2851 2095 2906 opus

457 2907 632 2970 esset,
665 2920 700 2958 a
719 2905 1030 2978 custodum
1053 2905 1360 2978 iniquitate
1383 2905 1790 2978 largitionibus
1811 2905 2096 2978 exprime-

457 2979 677 3048 rentur,
709 2991 781 3030 ne
812 2976 1065 3032 miseriis
1093 2977 1227 3032 victi
1259 2982 1393 3048 ante
1423 2976 1619 3048 ipsum
1667 2976 1958 3032 certamen
1991 2979 2096 3032 de-

458 3045 699 3120 ﬁcerent
732 3063 744 3100 :
779 3054 953 3120 prout
991 3064 1058 3120 ex
1106 3045 1466 3120 Tertulliano
1497 3047 1597 3120 lib.
1665 3049 1748 3103 Ad
1802 3053 2093 3120 martyres,

459 3121 518 3190 et
545 3134 614 3172 ex
642 3118 702 3172 S.
735 3119 1002 3190 Cypriani
1031 3119 1202 3190 epist.
1241 3137 1297 3174 IV
1324 3123 1379 3175 et
1409 3137 1443 3176 v
1470 3118 1718 3190 aliisque
1766 3118 1966 3176 videre
1987 3126 2094 3175 est.

459 3188 733 3243 Romanis
775 3188 972 3244 autem
1031 3188 1294 3244 Ecclesiae
1352 3188 1706 3251 peculiarem
1764 3191 1870 3251 hac
1921 3192 1979 3246 in
2039 3207 2100 3246 re

461 3258 895 3343 solicitudinem
923 3277 1000 3342 .ae
1048 3257 1531 3343 natpoaapoibotov
1559 3261 1837 3343 pietatem
1883 3279 1918 3316 a
1970 3262 2096 3343 ρισ-

461 3329 628 3402 nysio
678 3330 975 3386 Corinthio
1020 3329 1421 3388 vetustissimo
1459 3329 1742 3403 scriptore
1777 3335 1903 3404 jam
1952 3332 2091 3388 olim

459 3400 780 3458 laudatam.
814 3403 887 3458 ad
916 3419 1026 3458 sua
1056 3419 1243 3458 usaue
1287 3409 1551 3458 tempora
1595 3407 1932 3458 constanter
1960 3421 2091 3458 ner-

463 3407 780 3470 laudatam,
814 3407 887 3458 ad
916 3419 1026 3459 sua
1056 3419 1243 3475 usque
1287 3409 1551 3475 tempora
1595 3407 1932 3459 constanter
2000 3421 2093 3459 er-

463 3473 710 3530 durasse
738 3478 990 3530 testatur
1016 3475 1324 3540 Eusebius,
1355 3480 1419 3547 ut
1459 3474 1723 3547 omnium
1749 3491 1878 3547 per
1901 3422 2101 3531 orbem

464 3549 753 3600 terrarum
785 3549 1107 3616 martyrum
1138 3551 1196 3618 et
1226 3563 1329 3618 pro
1358 3546 1570 3602 Christi
1604 3546 1838 3618 nomine
1867 3546 2104 3602 afﬂicto-

457 3631 590 3688 rum
622 3632 829 3688 curam
856 3622 1103 3688 gereret,
1146 3617 1335 3688 iisque
1363 3617 1492 3671 vitae
1554 3617 1821 3674 subsidia
1876 3618 2101 3672 submi-

456 3686 749 3767 nistraret.
785 3686 982 3767 Neque
1009 3686 1640 3767 frustra—sanctissima
1689 3695 1909 3761 martyr
1956 3707 2099 3767 pra?

458 3757 578 3812 mio
609 3757 721 3832 hoc
741 3757 1266 3832 constitutum,boc
1282 3764 1372 3816 est
1396 3759 1580 3831 pretio
1603 3757 1866 3832 emptum
1897 3757 2105 3816 scribit

457 3832 525 3883 ut
555 3828 758 3902 paucis
799 3829 962 3902 horis
1004 3848 1073 3886 ex
1120 3835 1280 3886 arcto
1330 3828 1623 3902 ergastulo
1677 3828 2100 3902 emitterentur,

456 3894 612 3983 quod
663 3901 1324 3985 carceribus‘praa‘fec‘ti,
1377 3894 1839 3985 ﬁtpote‘quibus
1895 3894 2102 3985 ἐυρρρἰ

451 3973 602 4044 cium
630 3973 872 4044 vectigal
900 3980 1022 4028 erat
1043 3972 1214 4044 juxta
1245 3972 1552 4044 Manilium
1596 3972 1744 4044 libro
1775 3972 2099 4040 v,non‘nisi

454 4042 640 4114 pretio
689 4042 945 4115 corrupti
993 4042 1290 4100 custodias
1350 4042 1542 4100 laxius
1592 4043 1804 4100 habere
1851 4045 2097 4100 soleant.

454 4115 612 4180 Quos
650 4121 876 4170 coercet
906 4116 1020 4170 Lex
1047 4133 1168 4170 vm.
1203 4115 1262 4169 If.
1289 4115 1363 4170 De
1385 4115 1632 4172 custoiia
1654 4133 1891 4171 reorum.
1929 4116 2102 4172 Ludit

454 4184 751 4256 eleganter
779 4185 838 4241 in
871 4186 1257 4242 describenda
1289 4186 1495 4242 horum
1527 4190 1836 4242 custodum
1890 4187 2098 4243 imma-

458 4256 643 4313 nitate
671 4257 946 4313 Manilius
976 4259 1149 4314 modo
1176 4257 1470 4327 laudatus,
1504 4259 1576 4313 ab
1607 4257 1705 4313 illo
1736 4275 1906 4314 versu
1941 4276 1955 4314 :

521 4372 774 4438 Quisquis
801 4373 858 4422 in
885 4372 1240 4424 Andromeda:
1261 4373 1531 4437 surgentis
1561 4377 1802 4438 tempore
1830 4377 1996 4437 ponto

517 4436 778 4496 Nascitur,
811 4439 908 4486 etc.

530 4543 712 4607 Quem
744 4541 938 4598 locum
968 4557 1039 4598 ex
1069 4543 1362 4599 Ciceronis
1411 4542 1654 4598 Verrina
1680 4560 1716 4598 v
1744 4541 1974 4600 videtur
2002 4559 2098 4600 ex-

457 4614 766 4687 pressisse,
800 4614 902 4687 ubi
932 4615 1015 4670 sic
1045 4613 1256 4685 legitur
1288 4630 1300 4668 :
1333 4616 1526 4670 Patres
1546 4616 1626 4681 hi,
1696 4630 1832 4686 quos
1888 4616 2100 4685 videtis,

449 4685 705 4758 jacebant
735 4686 796 4739 in
825 4685 1040 4751 limine,
1089 4695 1403 4755 matresque
1447 4687 1670 4742 miserae
1708 4685 2104 4757 pernoctabant

456 4756 529 4812 ad
555 4757 755 4812 ostium
783 4759 1036 4818 carceris.
1077 4759 1146 4812 ab
1175 4765 1416 4812 extremo
1463 4756 1751 4828 complexu
1805 4759 2101 4814 liberorum

454 4829 719 4892 exclusa,
749 4845 868 4899 quae
897 4829 1044 4884 nihil
1092 4828 1252 4883 aliud
1287 4828 1540 4891 orabant,
1595 4830 1710 4884 nisi
1748 4833 1809 4884 ut
1846 4829 2105 4898 ﬁliorum

456 4903 770 4956 extremum
795 4902 1057 4972 spiritum
1085 4900 1341 4967 excipere
1386 4899 1498 4955 sibi
1544 4900 1745 4956 liceret.
1794 4901 1992 4956 Aderat
2021 4903 2102 4969 ja-

2183 1336 2274 1411 διᾷ
2325 1333 2985 1411 τῶνδε-τῶνλέξιόντων-
3033 1341 3260 1411 γυναῖιιᾳ
3325 1334 3482 1411 δεῦξρο
3558 1341 3674 1411 τῶνὲ
3737 1335 3817 1411 ἐπὶ⁵

2184 1407 2566 1488 φιλανθρωπίᾳ
2621 1407 3098 1488 φιλοτιμουμὲγών
3135 1426 3148 1438 °
3209 1408 3300 1463 εἶτ’
3356 1407 3525 1488 «sese
3576 1409 3720 1488 ,πρὸς
3758 1407 3820 1488 td

2183 1477 2396 1556 Ῠόνατρί
2437 1477 3040 1556 npodrcéodiv,'_1rsti)eic
3119 1484 3512 1556 προσειποῦσαν
3571 1477 3717 1554 (Hem
3771 1478 3820 1534 τί

2186 1552 2292 1608 ἀοι.
2327 1553 2436 1608 Cur
2459 1552 2558 1624 per
2585 1568 2673 1607 eos
2693 1555 2789 1623 qui
2818 1552 2948 1608 hinc
2971 1552 3330 1623 egrediuntur
3381 1568 3494 1608 non
3543 1552 3696 1624 vocas
3725 1554 3825 1608 huc

2183 1623 2478 1697 mulierem
2517 1625 2766 1697 aliquam
2815 1641 2888 1679 ex
2936 1625 3004 1679 iis
3048 1641 3166 1694 quae
3221 1624 3585 1697 humanitatis
3631 1623 3824 1697 ofﬁciis

2185 1696 2321 1752 dant
2347 1711 2566 1766 operam
2594 1712 2615 1756 ;
2645 1695 2721 1750 ad
2750 1697 2906 1767 cujus
2957 1711 3135 1764 genua
3191 1696 3530 1765 provolutus,
3573 1695 3825 1767 impetres

2187 1776 2248 1823 ut
2276 1767 2470 1838 stipem
2498 1767 2749 1837 aliquam
2797 1766 3145 1835 corrogatam
3193 1768 3300 1822 tibi
3347 1767 3543 1839 afferat
3571 1771 3596 1820 .9
3625 1766 3824 1822 HOLBT.

2259 1856 2373 1926 (35)
2424 1856 2486 1911 Ut
2529 1857 2723 1924 paucis
2767 1855 2916 1909 horis
2968 1855 3156 1910 missi
3202 1857 3263 1908 in
3313 1856 3599 1910 meliorem
3658 1855 3828 1926 locum

2187 1924 2421 1983 carceris
2467 1927 2946 1998 refrigeraremus.
3008 1926 3261 1981 Fuerant
3325 1941 3462 1998 ergo
3499 1924 3742 1996 conjecti
3771 1926 3830 1981 in

2191 2013 2483 2053 carcerem
2514 1997 2871 2070 interiorem,
2919 2001 3264 2070 utuvocatur
3308 1997 3487 2063 Actor,
3533 2014 3660 2070 cap.
3716 2013 3828 2052 xv1.

2196 2074 2374 2124 Porro
2406 2067 2562 2140 quod
2616 2069 2715 2140 hic
2760 2068 3022 2140 beneﬁcii
3067 2069 3193 2124 loco
3241 2084 3274 2122 a
3319 2067 3827 2139 prast‘ecto‘custo-

2199 2141 2328 2207 dize,
2363 2138 2600 2212 praemio
2631 2138 2892 2204 delinito,
2927 2138 3449 2212 impetratum’est,
3484 2140 3542 2212 id
3575 2144 3771 2212 postea
3799 2156 3835 2194 a

2200 2211 2536 2268 Constantio
2575 2212 2743 2282 Aug,
2773 2211 3158 2266 constitutum
3207 2211 3340 2282 Leg.
3377 2228 3395 2265 ι
3427 2211 3684 2267 Οοᾶίῦε
3721 2226 3836 2265 cus-

2201 2283 2348 2338 todia
2377 2298 2614 2348 reorum,
2651 2281 2749 2337 ubi
2782 2283 2864 2336 sic
2912 2282 3126 2352 legitur
3160 2299 3173 2336 :
3201 2281 3312 2337 Nec
3361 2298 3486 2338 vero
3541 2282 3684 2338 sedis
3713 2283 3839 2336 inti-

2200 2369 2310 2411 mae
2335 2354 2582 2410 tenebras
2607 2354 2757 2424 patri
2784 2353 2992 2409 debebit
3022 2354 3288 2419 inclusus,
3318 2353 3408 2408 sed
3438 2363 3701 2425 usurpata
3725 2354 3840 2409 luce

2200 2426 2440 2496 vegetari
2467 2441 2532 2480 ac
2559 2425 2842 2480 sublevari
2869 2441 2890 2485 ;
2919 2434 2970 2480 et
2998 2425 3094 2479 ubi
3119 2440 3230 2480 nox
3274 2427 3633 2496 geminaverit
3661 2433 3834 2480 custo-

2201 2497 2373 2564 diam,
2406 2498 2467 2550 in
2495 2497 2778 2551 vestibulis
2805 2511 3090 2551 carcerum
3137 2504 3189 2551 et
3234 2497 3551 2551 salubribus
3601 2497 3727 2552 locis
3759 2512 3839 2552 re-

2201 2570 2314 2639 cipi
2343 2587 2362 2623 :
2385 2583 2448 2622 ac
2475 2575 2774 2622 revertente
2802 2569 3004 2621 iterum
3033 2568 3141 2630 die,
3185 2567 3260 2639 ad
3300 2569 3550 2639 primum
3593 2568 3721 2622 solis
3749 2583 3840 2623 or-

2203 2638 2319 2694 tum
2351 2639 2501 2694 illico
2530 2639 2599 2693 ad
2624 2639 2907 2710 publicum
2937 2639 3121 2694 lumen
3170 2638 3373 2708 reduci,
3407 2655 3475 2694 ne
3517 2641 3692 2710 poenis
3719 2655 3844 2693 car-

2201 2713 2342 2766 ceris
2367 2709 2676 2781 perimatur
2703 2727 2722 2763 :
2748 2709 2888 2780 quod
2919 2710 3298 2766 innocentibus
3344 2709 3628 2776 miserum,
3661 2711 3848 2764 noxiis

2202 2797 2313 2836 non
2343 2783 2473 2836 satis
2515 2797 2769 2836 severum
2818 2797 2932 2836 esse
2975 2782 3335 2852 dignoscitur.
3388 2782 3513 2845 Qua
3560 2781 3848 2852 constitu-

2203 2853 2360 2908 tione
2381 2853 2714 2924 mitigatum
2747 2852 2974 2924 videtur
3015 2851 3292 2907 Antonini
3344 2852 3430 2906 Pii
3477 2851 3848 2924 rescriptum,

2205 2925 2305 2996 qui
2332 2924 2614 2996 gravioris
2634 2923 2881 2996 sceleris
2915 2940 3064 2990 reos,
3091 2923 3562 2996 ipsamrcarceris
3593 2923 3850 2996 pinnam,

2207 2994 2358 3050 ante
2397 2995 2750 3066 supplicium
2812 2994 3353 3050 sustinere’voluit.
3415 2994 3608 3050 Libro'
3645 3012 3730 3064 ιιι,
3785 2995 3847 3051 ﬂ‘.

2205 3069 2279 3123 De
2307 3065 2527 3122 custod.’
2540 3082 2784 3122 reorum.
2819 3067 2981 3130 Quod
3015 3065 3177 3120 addit
3205 3066 3685 3138 refrigeraremus,
3710 3081 3856 3136 pras-

2207 3143 2296 3194 ter
2325 3137 2382 3192 id
2417 3140 2570 3210 quod
2623 3138 2894 3210 superius
2947 3137 3170 3210 dictum
3221 3137 3355 3205 est,
3383 3138 3612 3210 videtur
3656 3138 3856 3210 expri-

2208 3225 2365 3264 mere
2424 3207 2979 3281 Grtecum'verbum
3016 3207 3366 3281 ungulam,
3419 3209 3528 3281 etsi
3603 3209 3852 3264 Lexicon

2204 3285 2374 3336 vetus
2402 3282 2743 3351 refrigerare
2773 3280 2977 3335 reddat
3005 3277 3385 3354 ἀγαλλιᾶἁθαι.
3419 3280 3627 3335 Ηοιετ.

2123 3356 2166 3422 C
2273 3370 2389 3440 (36)
2417 3371 2542 3425 Iam
2572 3369 2757 3423 inedia
2797 3369 3081 3440 defectum.
3134 3368 3201 3440 Id
3245 3373 3336 3424 est
3384 3369 3565 3424 ferme
3594 3368 3665 3440 ad
3698 3384 3859 3423 mor-

2216 3444 2328 3495 tem
2362 3438 2683 3495 redactum.
2719 3438 3116 3494 Tertullianus
3147 3439 3293 3495 libro
3343 3457 3401 3506 ιι,
3435 3440 3508 3494 ad
3539 3439 3806 3495 nationes
3841 3457 3856 3496 :

2214 3511 2324 3567 Cur
2351 3529 2465 3565 non
2493 3513 2670 3581 magis
2697 3511 2798 3567 dea
2829 3527 2947 3582 qua
2977 3513 3154 3582 magis
3195 3513 3310 3581 pia,
3357 3511 3459 3566 illa
3502 3511 3630 3582 ﬁlia
3671 3513 3864 3581 patris

2212 3589 2274 3638 in
2310 3598 2526 3638 carcere
2573 3585 2722 3653 fame
2776 3581 2979 3654 defecti
3005 3581 3303 3654 uberibus
3339 3583 3458 3636 suis
3513 3581 3807 3636 educatrirc
3835 3586 3864 3636 7

2211 3655 2294 3709 Ita
2345 3656 2522 3709 etiam
2573 3655 2794 3709 Seneca
2843 3653 2903 3709 et
2959 3653 3232 3708 Phaedrus
3292 3653 3633 3724 loquuntur,
3683 3654 3862 3722 cuius

2212 3724 2404 3780 locum
2436 3725 2558 3780 viro
2589 3726 2757 3780 docto
2798 3730 3136 3796 susceptum
3188 3741 3316 3780 esse
3360 3724 3560 3790 miror,
3595 3741 3726 3796 cum
3764 3726 3864 3796 in-

2212 3796 2476 3852 numeris
2507 3796 2640 3869 aliis
2673 3797 2893 3869 passim
2923 3795 3256 3869 occursuris
3313 3801 3616 3869 auctorum
3649 3795 3869 3850 classi-

2212 3884 2414 3922 corum
2448 3867 2801 3924 testimo‘niis
2819 3867 3182 3939 comprobari
3207 3867 3582 3939 possit.Unde
3612 3870 3878 3938 apparet.

2213 3955 2390 4011 quam
2423 3939 2718 4011 eleganter
2745 3937 3016 4010 vulgatus
3045 3937 3334 4011 interpres
3365 3937 3737 4011 Ecclesiast’ici
3768 3953 3876 4011 ca-

2210 4008 2328 4081 pite
2357 4027 2470 4080 xu,
2501 4008 2553 4076 li,
2589 4008 3076 4084 Graecam'voeem
3129 4008 3492 4084 taxatio-{15px};
3541 4008 3721 4084 latine
3767 4008 3877 4062 in-

2211 4079 2563 4152 terpretatus
2597 4081 2672 4152 sit
2708 4081 2911 4152 defecto
2953 4086 3136 4137 aetate.
3186 4079 3355 4136 Addo
3399 4079 3473 4136 ad
3523 4079 3875 4152 cumulum,

2210 4151 2401 4208 locum
2433 4169 2500 4207 ex
2529 4151 2708 4224 gestis
2741 4151 3104 4222 Purgationis
3148 4152 3436 4224 Cmciliani
3471 4169 3484 4207 :
3519 4153 3655 4209 Cum
3701 4151 3885 4224 audi-

2209 4239 2346 4287 rem,
2378 4221 2559 4279 menté
2584 4223 2822 4294 defectus
2849 4221 2990 4278 sum.
3042 4224 3112 4279 Et
3159 4223 3420 4280 Suetonii
3467 4224 3681 4295 Tranq.
3714 4221 3889 4278 libro

2212 4299 2296 4350 De
2325 4295 2640 4350 illustribus
2663 4296 3148 4363 grammaticis,de
3179 4295 3325 4351 Ofin
3357 4296 3500 4351 Care
3535 4312 3550 4350 :
3585 4294 3721 4349 cum
3743 4295 3894 4366 jam

2209 4381 2319 4422 non
2344 4382 2534 4435 gressu
2561 4365 2720 4422 modo
2749 4367 3097 4438 deﬁceretur,
3128 4369 3223 4423 sed
3245 4370 3295 4423 et
3323 4369 3466 4422 visu.
3503 4367 3708 4421 Hosn'r.

2282 4453 2394 4524 (37)
2424 4456 2616 4527 Factus
2643 4458 2722 4510 est
2767 4455 2923 4527 mihi,
2959 4471 3145 4511 carcer
3175 4456 3524 4527 praetorium.
3583 4453 3704 4509 Hoc
3755 4458 3897 4527 est,

2213 4523 2327 4580 non
2373 4526 2544 4582 modo
2595 4528 2843 4583 carceris
2911 4523 3287 4582 incommoda
3342 4543 3459 4580 non
3491 4541 3585 4580 me
3605 4523 3899 4594 amplius

2213 4597 2666 4668 conturbabant,
2707 4599 2808 4653 sed
2856 4601 2913 4652 et
2960 4598 3032 4654 iis
3075 4598 3424 4668 gaudebam,
3478 4601 3774 4668 tanquam
3817 4595 3900 4653 in

2214 4667 2540 4750 splendidis
2571 4673 2626 4750 et
2656 4669 2987 4750 commodis
3039 4667 3617 4750 aedibusndegerem.’
3653 4667 3902 4723 Praeto-

2214 4739 2366 4794 rium
2396 4740 2633 4865 proprie
2659 4745 2783 4794 erat
2814 4739 3096 4812 palatium
3130 4739 3456 4812 publicum,
3491 4739 3549 4792 in
3582 4755 3700 4811 quo
3737 4755 3906 4810 pro-

2214 4827 2391 4865 consu
2448 4812 2541 4865 ius
2573 4811 2822 4865 dicebat.
2858 4815 2921 4865 ut
2961 4828 3030 4865 ex
3086 4811 3290 4865 Pontio
3338 4825 3574 4865 auoaue
3616 4810 3905 4865 diacono

2210 4810 2417 4866 consul
2439 4810 2541 4881 jus
2573 4810 2830 4876 dicebat,
2858 4815 2921 4866 ut
2961 4828 3030 4866 ex
3086 4810 3290 4866 Pontio
3338 4825 3574 4881 quoque
3616 4810 3905 4881 diacono

2211 4879 2559 4964 intelligitur
2587 4899 2836 4964 ineque.
2854 4881 3021 4964 aliter
3051 4879 3444 4964 accipitur—in
3473 4879 3729 4964 historia
3767 4885 3909 4964 Dg—

455 4973 614 5028 nitor
666 4974 926 5038 carceris,
983 4973 1238 5041 carni/ex
1299 4973 1572 5041 pastoris,
1623 4987 1769 5026 mors
1825 4979 2103 5042 terrorque

455 5045 732 5098 sociorum
775 5046 826 5098 et
856 5043 1059 5098 civium
1107 5043 1271 5097 lictor
1307 5043 1538 5106 Sestius,
1579 5044 1675 5096 cui
1719 5058 1792 5096 ex
1819 5044 1970 5098 omni
2012 5059 2102 5113 ge-

455 5117 597 5170 mitu
625 5113 912 5182 doloreque
941 5122 1088 5168 certa
1114 5129 1320 5168 merces
1347 5113 1806 5183 comparabatur:
1823 5121 1882 5167 ut
1913 5113 2097 5183 adeas,

457 5189 679 5240 tantum
709 5184 864 5239 dabis
896 5201 909 5238 :
941 5192 1002 5238 ut
1028 5184 1212 5238 cibum
1241 5185 1347 5239 tibi
1376 5185 1523 5238 intro
1568 5187 1716 5253 ferre
1766 5185 1946 5251 liceat,
1980 5189 2096 5239 tan-

460 5259 614 5317 tum:
671 5272 832 5328 nemo
892 5255 1198 5328 recusabat,
1267 5261 1374 5310 etc.
1431 5258 1580 5328 Poro
1627 5253 1903 5328 mulieres
1964 5273 2102 5328 prae-

461 5328 663 5384 sertim
713 5327 1045 5382 christiana;
1075 5326 1230 5398 ‘huic
1285 5325 1441 5398 operi
1505 5325 1912 5381 misericordiae
1964 5325 2101 5383 sese

459 5399 922 5471 impendebant;
955 5395 1159 5471 quales
1203 5395 1339 5452 non'
1378 5397 1586 5471 dubito
1635 5397 1774 5468 quin
1821 5398 2099 5456 Libanius

459 5468 741 5534 induerit,
773 5473 921 5534 orat,
947 5469 1073 5539 jam
1105 5468 1300 5533 citata,
1335 5468 1434 5523 ubi
1458 5469 1785 5537 janitorum
1816 5473 1874 5525 et
1903 5476 2099 5528 custo-

458 5541 601 5598 dum
631 5539 881 5611 carceris
909 5538 1313 5611 aVarissimam
1346 5539 1750 5596 crudelitatem
1779 5541 2096 5611 detestans,

458 5613 671 5678 refert;
704 5610 798 5665 vix
828 5612 1101 5683 exiguum
1134 5610 1332 5683 lumen
1385 5617 1449 5683 ut
1490 5611 1700 5667 habere
1724 5615 1980 5683 _miseris
2027 5610 2096 5667 li;

459 5687 645 5756 ceret,
685 5697 897 5753 magno
927 5681 1126 5756 "pretio
1175 5683 1246 5738 ab
1291 5681 1436 5756 ipsis
1463 5684 1601 5756 emi
1653 5681 1891 5739 solitum
1925 5701 1937 5738 :
1971 5688 2098 5740 tum

457 5754 510 5826 si
549 5754 683 5826 quis
731 5754 962 5826 reorum
1012 5761 1316 5826 sumptum
1347 5754 1475 5826 sibi
1527 5756 2096 5826 dee_sse_excusa_ret,

461 5823 599 5884 huic
629 5825 782 5885 male
811 5827 1092 5886 mulctato
1142 5823 1528 5901 regerebant:
1566 5823 1663 5880 Διὰ
1707 5823 1760 5880 τί
1807 5823 1869 5881 οὗ
1912 5823 2098 5890 καλεῖς

2211 4952 2440 5008 minier
2462 4952 2780 5009 Passionis.
2816 4953 2947 5009 Ideo
2979 4952 3256 5024 quoniam
3304 4955 3421 5009 fere
3469 4957 3715 5008 caeteras
3752 4953 3907 5077 pri-

2211 5028 2474 5077 vatorum
2507 5024 2661 5077 aedes
2693 5030 2997 5077 structurae
3026 5023 3316 5077 elegantia
3333 5029 3390 5077 et
3409 5028 3657 5077 ornatus
3675 5040 3752 5077 sn
3784 5040 3907 5077 en-

2209 5028 2474 5096 vatorum
2507 5024 2661 5079 aedes
2693 5030 2915 5080 structu
2926 5023 3011 5078 rae
3026 5023 3316 5096 elegantia
3333 5029 3390 5079 et
3409 5028 3657 5080 ornatus
3675 5023 3916 5096 splen-

2210 5094 2348 5166 dore
2378 5096 2710 5166 superabat,
2737 5097 2957 5166 quzevis
2989 5094 3208 5165 palatia
3253 5097 3524 5166 aedesque
3555 5094 3921 5166 magnifice

2209 5165 2539 5240 instructas,
2558 5165 2880 5240 utcumque
2911 5166 3274 5240 privatorum
3303 5173 3360 5222 et
3390 5165 3509 5222 ruri
3543 5165 3918 5240 adificatas,

2211 5238 2480 5309 praetoria
2511 5238 2873 5294 dicebantur.
2909 5237 3190 5294 Martialis
3221 5257 3234 5295 :

2309 5345 2386 5394 Ad
2425 5344 2653 5408 lapidem
2678 5345 2972 5407 Torquatus
3001 5344 3164 5395 habet
3192 5345 3443 5407 praetoria
3471 5346 3759 5407 quartum.

2278 5473 2560 5524 Caeterum
2593 5469 2663 5523 ad
2695 5469 3047 5524 sententiam
3079 5467 3258 5539 hujus
3279 5468 3392 5523 loci
3415 5468 3602 5539 facere
3627 5466 3928 5525 videtur-

2209 5542 2363 5611 quod
2395 5540 2598 5595 scribit
2635 5539 3039 5595 Tertullianus
3087 5537 3180 5596 bis
3237 5539 3428 5594 verbis
3463 5555 3476 5594 :
3511 5537 3928 5596 Christianus

2209 5616 2374 5667 extra
2403 5627 2675 5667 carcerem
2723 5612 2925 5666 δωρειιο
2975 5614 3331 5675 renuntiavit,
3391 5613 3454 5666 in
3505 5625 3739 5666 carcere
3779 5628 3928 5666 au-

2209 5691 2316 5736 tem
2344 5685 2512 5737 etiam
2539 5682 2923 5739 carceri.Dum
2949 5682 3170 5737 scilicet
3193 5683 3427 5738 animus
3451 5680 3652 5737 divina
3672 5684 3930 5752 gratia.

2207 5753 2536 5826 roboratus,
2563 5756 2936 5813 incommoda
2963 5755 3091 5826 ejus
3133 5758 3191 5810 et
3244 5752 3548 5826 molestias
3605 5757 3721 5808 aut.
3759 5770 3927 5812 non

2208 5823 2404 5897 sentit,
2439 5831 2540 5885 aut
2568 5827 2834 5902 negligit,
2866 5830 2923 5887 et
2951 5823 3284 5887 constantia
3311 5825 3512 5887 vincit.
3543 5828 3782 5886 Ηοιιετ.
