4064 6196
353 281 433 342 55
1605 263 1886 326 PASSIO
1931 261 2045 323 ss.
2091 259 2550 325 MARTYRUM
3695 273 3771 334 56

358 429 491 469 cum
523 411 593 467 ad
626 425 832 466 ursum
865 384 1224 464 substrictus
1253 403 1407 457 esset
1435 400 1546 471 (45)
1577 399 1636 453 in
1671 401 1866 470 ponte,
1900 413 1996 450 ur-
2028 397 2083 463 Α
2114 394 2248 450 hinc
2279 395 2562 468 requisita
2593 396 2728 468 (51),
2760 398 2817 453 et
2848 397 3148 470 dispersos
3203 401 3447 474 capillos
3498 402 3773 461 inﬁbula-

361 517 462 556 sus
496 500 566 554 de
598 515 772 553 cavea
804 498 916 568 (46)
949 494 1182 568 prodire
1213 489 1398 545 noluit
1428 487 1491 542 ⁸⁸.
1518 488 1718 558 Itaque
1748 484 2006 540 secundo

361 590 611 644 Saturus
642 585 861 641 illaasus
893 585 1212 639 revocatur.

430 675 750 732 [ILPuellis
778 678 971 729 autem
1005 669 1430 726 ferocissimam
1459 681 1696 722 vaccam
1727 662 2002 734 (l7),ideo

357 784 486 839 quae
520 769 728 838 praeter
777 759 1260 818 consuetudinem
1329 760 1726 828 comparatam
1769 755 1834 819 ⁸⁵,
1879 752 2002 807 dia-

356 855 528 910 bolus
561 850 946 926 praeparavit:
1009 848 1173 904 sexui
1221 863 1423 902 earum
1483 844 1660 900 etiam
1719 843 1789 897 de
1818 840 2004 896 bestia

355 943 668 999 aemulatus
697 941 830 1011 (48).
863 939 1067 1009 Itaque
1098 935 1434 1009 despoliatus
1465 938 1520 989 et
1546 930 1804 988 reticulis
1835 931 2004 985 indu-

353 1037 424 1087 tae
449 1030 563 1101 (49)
591 1030 636 1064 ⁸⁸
666 1029 1158 1100 producebantur.
1196 1025 1427 1080 Horruit
1456 1021 1735 1094 populus,
1760 1018 2001 1075 alteram

356 1119 676 1190 respiciens
708 1116 962 1189 puellam
995 1118 1096 1172 54
1137 1114 1465 1180 delicatam,
1487 1111 1726 1166 alteram
1765 1126 1799 1164 a
1831 1112 2001 1180 partu

356 1207 572 1263 recenti
604 1206 962 1261 stillantibus
1015 1203 1310 1258 mammis.
1351 1204 1431 1256 Ita
1479 1203 1754 1254 revocatis
1784 1199 1848 1265 ⁸⁷,
1883 1197 2001 1251 dis-

355 1295 1005 1368 cinguntur.lnducitur
1034 1293 1193 1364 prior
1253 1293 1569 1361 Perpetua;
1622 1288 1841 1358 jactata
1893 1289 2002 1351 est,

356 1393 413 1441 et
445 1385 700 1440 concidit
732 1384 789 1438 in
823 1383 1056 1437 lumbos
1084 1398 1097 1435 :
1130 1386 1185 1436 et
1229 1386 1292 1434 ut
1338 1377 1636 1449 conspexit
1665 1377 1708 1410 ⁸⁸
1740 1375 2002 1430 tunicam

357 1491 390 1531 a
419 1474 603 1529 latere
633 1472 968 1541 discissam,
1000 1472 1072 1526 ad
1131 1469 1528 1525 velamentum
1585 1467 1876 1520 femorum
1907 1463 2006 1518 ad-

357 1562 540 1634 duxit,
575 1562 820 1634 pudoris
853 1561 1050 1633 potius
1079 1573 1508 1628 memor,quam
1533 1552 2003 1624 doloris(50).De-

2113 485 2232 540 vit:
2267 502 2380 540 non
2415 485 2571 540 enim
2605 485 2851 541 decebat
2899 493 3214 560 martyrem
3262 491 3550 563 dispersis
3595 493 3771 564 capil-

2112 573 2185 629 lis
2217 575 2360 646 pati,
2391 591 2461 629 ne
2509 575 2568 628 in
2621 591 2729 630 sua
2779 575 2967 646 gloria
3022 576 3299 652 plangere
3339 579 3656 636 videretur.
3690 582 3774 639 Ita

2113 661 2402 722 surrexit:
2434 666 2491 717 et
2519 662 2726 719 elisam
2784 664 3146 722 Felicitatem
3197 685 3330 722 cum
3376 669 3638 737 vidisset,
3675 689 3772 727 ac-

2114 751 2310 821 cessit,
2343 755 2400 806 et
2431 767 2674 806 manum
2705 753 2757 807 ei
2799 753 3061 824 tradidit,
3096 760 3153 811 et
3208 756 3528 813 sublevavit
3585 758 3767 815 illam.

2112 840 2184 895 Et
2204 838 2386 894 amba:
2420 840 2641 911 pariter
2662 845 2949 897 steterunt
2968 843 3254 915 et,populi
3283 845 3502 902 duritia
3523 847 3769 904 devicta.

2114 931 2389 983 revocatas
2420 932 2560 984 sunt
2588 928 2649 984 in
2699 933 2928 1001 portam
2977 931 3433 989 Sanavivariam.
3484 934 3608 990 Illic
3636 941 3772 991 Per-

2115 1020 2290 1088 petua
2319 1033 2352 1072 a
2389 1017 2644 1089 quodam
2702 1023 2842 1072 tunc
2901 1020 3335 1087 catechumino,
3368 1022 3607 1078 Rustico
3667 1041 3770 1080 no-

2114 1105 2294 1175 mine,
2329 1105 2426 1161 55
2461 1106 2560 1178 qui
2619 1106 2668 1160 ei
2693 1094 3071 1177 adhaerebat,
3109 1115 3402 1181 suscepta,
3439 1117 3495 1166 et
3541 1113 3709 1184 quasi
3741 1131 3775 1169 a

2115 1211 2320 1249 somno
2353 1195 2650 1266 expergita
2679 1197 2814 1267 (52),
2847 1197 2989 1251 adeo
3023 1199 3082 1252 in
3130 1199 3343 1269 spiritu
3374 1205 3431 1254 et
3461 1201 3518 1254 in
3559 1205 3770 1258 ecstasi

2115 1284 2301 1338 fuerat
2332 1285 2466 1356 (53),
2510 1284 2960 1356 circumspicere
3017 1287 3212 1358 cmpit,
3282 1294 3340 1342 et
3393 1291 3772 1360 stupentibus

2115 1372 2389 1428 omnibus
2423 1372 2528 1428 ait:
2562 1395 2590 1421 «
2625 1372 3110 1445 Quando,inquit,
3138 1376 3522 1446 producimur
3552 1380 3623 1433 ad
3647 1397 3773 1436 vac-

2115 1477 2244 1516 cam
2274 1460 2434 1516 illam
2469 1461 2664 1516 nescio
2693 1462 2757 1516 ⁸ο.
2791 1483 2819 1512 ››
2852 1461 2921 1516 Et
2967 1478 3102 1517 cum
3153 1465 3418 1521 audisset
3463 1468 3620 1537 quod
3643 1468 3770 1539 jam

2115 1553 2408 1618 evenerat,
2438 1565 2554 1605 non
2586 1549 2750 1620 prius
2799 1550 3069 1620 credidit,
3102 1551 3219 1607 nisi
3280 1555 3569 1626 quasdam
3597 1563 3769 1614 notas

1776 1687 1981 1749 Variae
2025 1682 2342 1745 lectiones.

423 1795 468 1828 ⁸⁸
499 1795 556 1848 1η
583 1801 808 1864 utroque
836 1792 956 1864 cod.
990 1791 1220 1846 Pudens
1253 1789 1420 1864 miles
1452 1789 1548 1864 de_
1571 1785 1860 1864 industria
1879 1784 2266 1864 efferatoqum
2297 1779 2650 1864 affirmasset
2676 1782 3112 1864 ‘portasﬁputris
3144 1784 3448 1864 carnibus,
3479 1788 3668 1864 magis
3700 1805 3774 1845 ne

357 1865 688 1919 mitteretur
709 1851 907 1924 éi'licit,
941 1864 1023 1917 ita
1054 1863 1333 1930 secundo,
1366 1865 1474 1915 etc.
1507 1860 1550 1892 ⁸⁵
1582 1853 2213 1930 Ραιιειιειζῃιιοίεζιξηκξθ-
2242 1854 2301 1908 In
2325 1855 2550 1930 utroque
2577 1851 2710 1930 _cod.
2743 1851 3216 1930 ms.__l)ispoliatzc
3249 1851 3766 1930 promovebantur.

355 1936 398 1970 ⁸⁷
433 1937 748 2005 Revocatze,
782 1940 838 1988 et
869 1923 1168 1989 discinctis
1201 1923 1420 1987 indutae
1457 1932 1691 2005 Holsten.
1722 1930 1764 1963 ⁸⁸
1801 1929 1903 2005 Ubi
1935 1926 2086 1980 sedit
2116 1924 2351 1979 Holsten.
2380 1924 2425 1957 ³³
2462 1923 2608 1979 Ὸοά.
2662 1940 2791 1978 mss.
2846 1923 3327 2005 Nesc’iokquam?
3358 1927 3471 1984 Ubi
3501 1935 3645 1997 erat,
3680 1933 3771 1987 in-

356 2009 476 2080 quit
506 2008 641 2077 Aug.
675 1996 849 2061 Serm.
919 2006 989 2059 8O
1019 2005 1258 2072 laudato,
1290 2004 1523 2076 quando
1553 2002 1624 2057 ad
1657 1998 2042 2073 asperrimam
2071 2011 2305 2052 vaccam
2328 2011 2389 2051 se
2419 2011 2680 2068 pugnare
2713 2012 2827 2053 non
2859 1996 3089 2052 sensit?
3119 1996 3228 2053 etc.

1781 2116 2116 2178 Variorum
2144 2119 2334 2173 notas.

430 2229 678 2303 (45)Cu_m
701 2229 778 2283 ad
807 2241 998 2283 ursum
1041 2229 1367 2303 substrictas
1411 2229 1567 2283 esset.
1601 2226 1671 2303 E_t_
1696 2223 1869 2303 paulo
1901 2240 2001 2303 su-
2035 2224 2082 2288 B
2115 2221 2297 2303 ipsum
2326 2235 2536 2303 quoque
2565 2220 2834 2303 saeculum
2862 2235 3036 2303 neque
3063 2221 3771 2303 adeo,'inquit,_teslatur_;

399 2295 772 2367 eriu's,lllum
830 2316 962 2370 apro
1011 2300 1400 2370 subligaverat,
1457 2303 1566 2353 etc.
1628 2295 1755 2350 Hinc
1814 2295 2003 2370 signi-

381 2366 906 2427 icant'bestiarios
968 2366 1192 2441 alligari
1278 2387 1350 2425 ne
1416 2371 1705 2441 fugerent,
1775 2366 2002 2441 solitos;

359 2447 495 2497 ante
526 2447 903 2513 conspectum
938 2439 1188 2496 ferar—um
1213 2442 1272 2495 in
1293 2443 1454 2512 ipsos
1475 2439 2000 2513 immittendarum,

359 2515 461 2568 sed
496 2519 554 2567 et
585 2510 726 2584 ipsa:
775 2514 907 2567 ferae
950 2513 1245 2568 interdum
1286 2510 1440 2567 inter
1500 2528 1560 2566 se
1588 2510 1999 2584 alligabantur,

358 2582 662 2654 ut,praetér
682 2585 910 2639 Senecae
933 2585 1334 2639 testimonium
1354 2586 1476 2651 jam
1502 2582 2006 2647 recitatum,docet

356 2655 719 2712 Claudianus
745 2655 802 2709 in
833 2657 1174 2725 Panegyrico
1205 2656 1446 2712 Manlii:

513 2768 755 2818 Audaces
776 2769 920 2831 legat
948 2771 1062 2832 ipsa
1092 2771 1237 2819 viros
1266 2770 1357 2831 qui
1391 2769 1524 2818 colla
1552 2768 1785 2832 ferarum

515 2833 640 2882 Arte
684 2832 868 2895 ligent,
897 2831 1148 2895 certoque
1177 2837 1422 2894 premant
1450 2831 1710 2881 venabula
1738 2831 1876 2880 nisu.

357 2935 717 2992 Gladiatores
749 2954 978 3008 quoque
1030 2938 1331 2992 Commodi
1382 2938 1587 3008 imper.
1618 2938 1790 3004 jussu
1848 2935 2002 3008 inter

357 3025 420 3062 se
453 3007 755 3079 colligatos
785 3007 1142 3080 Xiphilinus,
1167 3007 1491 3075 memorat}
1521 3008 1865 3080 indignante
1898 3007 2002 3080 im-

360 3078 646 3149 peratore,
679 3078 992 3150 quodnon
1041 3079 1180 3135 satis
1238 3085 1504 3151 prompte
1562 3085 1618 3134 et
1647 3078 1998 3151 animosein

357 3148 626 3222 mutuam
659 3148 872 3206 eadem
908 3158 1140 3205 ruerent
1165 3168 1178 3204 :
1199 3148 1256 3205 et
1287 3148 1590 3222 propterea
1621 3148 1998 3222 colligariju-

355 3221 551 3279 bente.
587 3225 651 3275 ut
681 3238 742 3275 se
792 3228 997 3276 mutuo
1037 3219 1412 3277 conficerent:
1440 3222 1562 3276 Non
1611 3219 1884 3274 dissimili
1917 3222 1997 3275 lo-

358 3291 575 3364 quendi
607 3293 800 3361 modo,
835 3294 894 3347 S.
929 3293 1191 3361 lgnatius
1222 3301 1602 3364 martyr,cum
1632 3291 1861 3364 vinctus
1886 3291 1998 3346 Ro-

359 3379 516 3416 mam
549 3363 858 3417 duceretur
887 3380 920 3417 a
949 3364 1146 3418 decem
1181 3362 1463 3418 militibus
1495 3363 1678 3418 ferina
1708 3362 1867 3416 rabie
1890 3379 1997 3417 saa-

355 3433 600 3502 vis,sese
633 3435 876 3505 ligatum
905 3451 1037 3490 cum
1071 3436 1267 3490 decem
1307 3435 1598 3504 leopardis
1629 3433 1994 3489 scribit.Gre-

355 3505 556 3631 gorius
589 3522 822 3576 quoque
862 3507 1106 3573 Turon.,
1166 3507 1267 3562 lib.
1300 3523 1319 3560 1
1375 3508 1584 3572 Mirac.,
1616 3523 1667 3561 c.
1698 3508 1788 3571 48,
1826 3507 1999 3560 refert

400 3617 414 3630 .
444 3577 824 3631 Saturninum
856 3582 1190 3631 martvrem.
1250 3579 1410 3631 Bovis
1453 3578 1651 3631 petulci
1704 3579 1999 3631 religatum

444 3577 824 3651 Saturninum
856 3582 1190 3651 martyrem,
1221 3650 1224 3651 ν
1250 3579 1410 3651 Bonis
1449 3578 1651 3646 petulci
1704 3579 2000 3648 religatum
2030 3585 2072 3651 ρ

356 3648 621 3772 ciestigiis,
678 3664 777 3717 per
830 3649 1032 3718 gradus
1087 3649 1354 3720 Capitolii
1409 3651 1838 3720 praecipitatum,
1887 3653 1996 3704 etc.

409 3734 564 3771 ons'r.

409 3734 564 3771 OLST.

429 3789 542 3858 (46)
577 3788 740 3843 Ursus
767 3787 831 3843 de
875 3805 1056 3858 cavea,
1091 3792 1198 3844 etc.
1260 3787 1449 3844 Caveas
1500 3790 1780 3844 nimirum
1829 3789 1999 3844 variae

358 3859 496 3914 feris
531 3861 899 3914 asservandis
933 3861 1086 3915 circa
1135 3877 1369 3915 arenam
1419 3866 1608 3926 erant,
1646 3866 1702 3916 et
1732 3861 1866 3915 inde
1898 3861 2003 3915 im-

359 3931 762 4003 mittebantur.
794 3932 956 4003 _Vide
980 3932 1248 4003 Lipsium
1274 3933 1348 3986 De
1403 3932 1830 4003 amphitheatro,
1865 3948 1996 4003 pag.

355 4003 446 4074 20.
481 4002 640 4064 Quod
676 4000 848 4070 paulo
905 4000 1064 4057 ante'
1094 4002 1288 4074 pontis
1339 4009 1450 4074 est
1485 4000 1722 4059 mentio.
1774 4000 2002 4058 videtur

358 4072 628 4127 instituto
665 4075 963 4127 Commodi
1021 4072 1258 4139 factum,
1319 4080 1383 4128 ut
1439 4073 1497 4128 in
1557 4075 1999 4145 Amphitheatro

358 4149 563 4214 pontes
611 4150 825 4198 essent.
880 4145 1072 4200 Refert
1121 4146 1276 4200 enim
1333 4145 1686 4216 Xiphilinus,
1719 4146 1777 4199 in
1830 4145 1997 4199 Com-

357 4215 716 4288 modo,_pag.
775 4216 896 4269 382.
945 4216 1101 4270 hunc
1155 4215 1563 4284 imperatOrem
1621 4234 1723 4288 per
1751 4217 1996 4286 Amphi-

355 4285 568 4358 theatri
625 4285 861 4358 arenam
915 4295 1120 4358 pontes
1177 4288 1481 4352 struxisse,
1534 4285 1792 4342 ut'inde
1850 4285 2000 4342 feras

357 4356 684 4411 conﬁceret.
719 4356 924 4412 Hocsr.

425 4428 536 4499 (47)
570 4430 979 4484 Ferocissimam
1038 4446 1276 4485 vaccam.
1338 4428 1374 4483 l.
1406 4447 1444 4496 1,
1506 4432 1533 4497 §
1590 4429 1801 4495 bestias,
1836 4429 1895 4484 ll‘.
1930 4430 1999 4484 de

359 4504 526 4570 post:
562 4502 768 4554 Bestius
798 4504 1047 4571 accipere
1087 4502 1340 4556 debemus
1396 4517 1468 4554 ex
1521 4503 1747 4570 feritate
1797 4503 1997 4569 magis,

357 4586 523 4640 quam
545 4586 614 4624 ex
642 4573 908 4626 animalis
933 4590 1152 4642 genere.
1187 4572 1392 4626 Hons'r.

428 4641 541 4712 (48)
570 4643 830 4698 Diabolus
857 4641 1018 4698 sexui
1062 4645 1126 4698 de
1182 4643 1353 4712 bestia
1382 4642 1693 4696 wmulatus.
1728 4643 1853 4697 Non
1893 4644 1996 4698 ab-

359 4711 536 4766 simili
566 4729 781 4786 genere
812 4715 1087 4786 loquendi
1137 4711 1552 4777 Tertullianus,
1587 4715 1659 4768 De
1702 4715 1996 4784 patientia,

358 4799 485 4856 cap.
521 4785 622 4838 10:
660 4787 723 4841 Ut
753 4787 812 4840 in
842 4785 951 4840 isto
980 4801 1206 4856 quoque,
1241 4785 1470 4839 Domino
1525 4785 1793 4840 diabolus
1823 4803 1997 4842 aemu-

358 4855 590 4910 laretur.
620 4860 827 4911 HOLST.

2112 2299 2175 2346 ut
2200 2293 2250 2345 si
2278 2293 2493 2361 quando
2523 2307 2642 2346 eam
2676 2293 2737 2345 in
2789 2293 3010 2350 feminis
3070 2293 3272 2348 nostris
3330 2293 3773 2365 inquinamentis

2108 2366 2294 2434 potius
2323 2365 2508 2417 carnis
2566 2379 2734 2434 quam,
2787 2366 3081 2418 tormentis
3109 2367 3312 2434 punire
3340 2367 3674 2429 contendat;
3709 2371 3768 2426 id

2111 2433 2301 2508 uolens
2331 2436 2564 2504 eripere,
2599 2433 2738 2508 quod
2762 2437 2891 2508 vitm
2929 2433 3286 2508 anteponant.
3310 2435 3454 2492 Vide
3485 2439 3760 2508 ejusdem

2114 2506 2412 2576 Apologel.,
2445 2521 2572 2576 cap.
2631 2506 2735 2572 50;
2794 2505 3084 2560 Victorem
3139 2507 3468 2564 Uticensem
3514 2505 3589 2564 De
3633 2513 3771 2567 Dio-

2113 2574 2321 2648 nysia;
2353 2577 2406 2630 S.
2439 2574 2742 2653 llil’arium,
2777 2592 2910 2648 pag.
2942 2578 3068 2631 289.
3117 2579 3447 2653 Generatim
3479 2579 3770 2653 loquendo

2116 2664 2328 2702 sensus
2358 2651 2579 2702 naturae.
2619 2652 2728 2714 est,
2757 2663 2931 2718 quem
2985 2648 3262 2718 exprimit
3307 2648 3573 2707 Clemens
3601 2653 3770 2708 Alex-

2115 2720 2281 2775 andr.
2332 2718 2560 2788 Paedag.
2615 2718 2714 2789 lib.
2769 2735 2828 2788 ιι,
2875 2735 3003 2789 cap.
3055 2721 3142 2774 10.
3195 2721 3289 2776 his
3337 2723 3566 2777 verbis:
3603 2721 3766 2778 Οὐδὲν

2117 2789 2315 2876 μὲροςῄ
2370 2787 2547 2842 ὁτιοῦν
2641 2787 3078 2876 ἀπογυμνοῦσθαι
3166 2791 3444 2865 γυναικὸς,
3503 2793 3767 2865 εὐπρεπές

2113 2861 2244 2915 ἐστι.
2279 2861 2564 2935 Summam
2592 2876 2705 2916 esse
2734 2861 3514 2935 indecentiamgquamcunque
3562 2861 3765 2922 mulie-

2113 2935 2224 2988 bris
2253 2933 2509 3006 corporis
2549 2941 2759 3006 partem
2808 2933 3064 3006 molaris
3095 2933 3257 2996 Quod
3312 2937 3370 2990 in
3417 2933 3767 3006 gentilibus

2154 3002 2354 3078 uoque
2377 3002 2611 3078 feminis
2642 3003 2928 3078 naturalis
2956 3004 3143 3078 pudor
3170 3022 3404 3078 semper
3433 3002 3762 3066 abhorruit.

2154 3021 2345 3074 uoque
2377 3021 2611 3058 reminis
2643 3021 2928 3057 naturalis
2956 3021 3143 3074 puuor
3170 3022 3404 3078 semper
3433 3021 3762 3066 abhorruit.

2109 3021 2256 3129 ﬁinc
2288 3073 2754 3146 illud,Euripidis
2786 3075 2857 3129 de
2886 3075 3176 3146 Polyxena
3225 3077 3351 3146 jam
3385 3081 3669 3136 moriente
3701 3082 3763 3136 in

2110 3147 2346 3213 Hecuba,
2379 3161 2437 3217 p.
2468 3146 2533 3199 51
2567 3161 2580 3200 :

2463 3259 2537 3332 'H_
2556 3255 2612 3313 δὲ
2639 3258 2728 3313 καὶ
2752 3260 3046 3332 ⁸θνήσκσυσ⁹
3078 3259 3233 3332 ὅμως

2179 3327 2404 3405 Πολλὴν
2434 3327 2870 3405 πρᾷνοιανήεἶχεν
2907 3329 3080 3405 euexit
3093 3327 3210 3405 μῳς
3237 3339 3436 3405 πεσεῖν,

2180 3400 2438 3476 Κρύπτειν
2478 3399 2528 3463 ’θ’
2555 3401 2589 3454 ἃ
2619 3399 2876 3473 κρύπεὲἐιν
2909 3399 3116 3474 lippa?
3144 3404 3380 3478 ἀρσένων
3415 3399 3617 3480 χρεών.

2463 3518 2567 3573 Illa
2595 3533 2720 3573 vero
2752 3520 2918 3573 etiam
2946 3521 3208 3587 moriens,

2286 3589 2513 3644 Multam
2545 3606 2735 3644 curam
2767 3591 2961 3644 habuit
2991 3591 3211 3647 honeste
3237 3592 3486 3657 cadendi,
3634 3627 3644 3638 .

2285 3661 2351 3716 Et
2379 3661 2606 3732 tegendi
2634 3677 2720 3731 ea,
2750 3676 2875 3734 quae
2898 3664 3010 3731 tegi
3039 3662 3218 3719 oculis
3244 3667 3488 3718 virorum
3517 3665 3690 3722 decet.

2181 3783 2342 3847 Quod
2373 3784 2633 3855 Ovidius,
2669 3785 2822 3842 Fast.
2854 3787 3022 3858 II,[ad
3056 3787 3384 3844 Lucretiam
3417 3790 3763 3847 transtulit:

2109 3901 2241 3974 Tum
2271 3915 2484 3974 quoque
2504 3901 2624 3974 _jam
2649 3901 2898 3974 moriens,
2931 3914 2999 3950 ne
3030 3915 3140 3974 non
3172 3905 3486 3974 procumbat
3535 3905 3764 3956 honeste

2204 3963 2472 4026 Respicit:
2504 3963 2620 4013 lith
2650 3964 2808 4013 etiam
2841 3977 2970 4013 cura
2999 3963 3240 4015 cadentis
3270 3971 3401 4015 erat.

2183 4071 2265 4124 Ila
2294 4070 2559 4125 Cornelia
2590 4069 2912 4125 Maximilla
2941 4071 3189 4126 Vestalis
3220 4072 3426 4128 incesti
3455 4075 3764 4141 damnata,

2108 4144 2255 4196 teste
2285 4142 2492 4207 Plinio,
2524 4141 2626 4196 lib.
2670 4159 2744 4208 ιν,
2799 4143 2971 4210 epist.
3009 4144 3116 4206 11;
3166 4145 3304 4198 Cum
3363 4147 3422 4198 in
3471 4147 3769 4201 subterra-

2108 4228 2276 4286 neum
2316 4213 2630 4286 cubiculum
2686 4215 3085 4286 demitteretur,
3139 4214 3485 4286 haesissetque
3541 4217 3772 4271 descen-

2109 4284 2270 4339 denti
2299 4285 2456 4349 stola,
2503 4286 2663 4356 uertit
2685 4299 2742 4338 se
2771 4301 2835 4339 ac
2876 4285 3197 4352 recollegit;
3247 4284 3478 4356 cumque
3507 4289 3562 4342 ei
3585 4291 3775 4344 carni-

2106 4357 2206 4426 fex
2233 4372 2461 4410 manum
2487 4355 2659 4424 daret,
2718 4359 2986 4411 aversata
3029 4361 3108 4411 est
3163 4366 3214 4412 et
3261 4355 3497 4422 resiluit,
3528 4360 3772 4428 foedum-

2109 4442 2211 4498 que
2239 4429 2575 4501 contagium,
2637 4429 2822 4501 quasir
2849 4428 3017 4497 plane
3066 4444 3106 4501 _a
3156 4433 3301 4483 casto
3358 4445 3614 4501 puroque
3641 4447 3771 4485 cor-

2105 4513 2238 4569 pore
2290 4500 2590 4571 novissima
2645 4500 2934 4571 sanctitate
2992 4499 3198 4571 rejeeit,
3249 4499 3604 4571 omnibusque
3658 4520 3772 4557 nu-

2107 4566 2278 4646 ἆηενίσ
2331 4570 2557 4646 pudoris
2593 4566 2907 4646 _:_Ilo)t).r‘,vu
2935 4566 3193 4646 πρόνοιαν
3238 4570 3398 4646 *εἶχεν
3460 4566 3770 4646 ξῦσχήμως

2107 4631 2501 4705 πεσεῖν.’ουοά
2539 4641 2610 4696 ad
2638 4631 2909 4711 loquendi
2945 4631 3194 4713 modum,
3237 4631 3416 4713 hujus
3467 4631 3595 4700 loci“
3619 4631 3771 4700 atii;

2110 4717 2226 4778 net,
2251 4713 2522 4784 geminus
2554 4717 2741 4784 exstat
2772 4713 2927 4784 apud
2958 4712 3519 4782 Tertullianum,lib.
3540 4717 3614 4770 De
3645 4732 3772 4784 pae-

2107 4787 2234 4853 nit.,
2259 4782 2386 4855 cap.
2424 4783 2597 4855 10,de
2626 4782 2700 4838 iis
2731 4783 2830 4854 qui
2865 4783 3271 4854 pmnitentiam
3294 4787 3365 4841 de
3395 4787 3488 4840 die
3521 4788 3578 4841 in
3603 4782 3770 4843 diem

2109 4854 2423 4928 differunt:
2471 4854 2706 4910 Pudoris
2759 4857 2941 4923 magis
2993 4871 3262 4911 memores
3321 4874 3484 4928 quam
3538 4859 3769 4915 salutis.

429 4929 538 5012 (49)
571 4929 832 5012 Retieulis
861 4927 1186 4982 indutaelta
1215 4931 1418 5012 sancta
1447 4924 1885 5012 Slaudinanpost
1905 4945 1996 5012 va-
2029 4949 2076 5012 D
2108 4927 2310 5012 Hocs'r.

355 4996 450 5070 ria
497 4996 920 5070 tOrmentorum
979 5013 1211 5067 genera,
1269 4996 1346 5070 εἷς
1406 4996 1669 5070 γύργαθον
1735 4996 1997 5070 βληθεῖσα

355 5066 540 5141 ςταύρῳ
570 5063 916 5141 παρεϐλνςοη,
964 5063 1027 5123 In
1057 5063 1441 5141 reterinvoluta
1473 5063 1630 5125 tauro
1695 5063 1957 5141 objicitur
1977 5090 1995 5125 :

355 5119 1008 5194 ldeinrRuiinus'in'sua
1054 5140 1307 5195 editione
1338 5145 1401 5195 ut
1422 5158 1634 5195 novum
1665 5145 1721 5195 et
1753 5119 1994 5196 inusita-

351 5215 474 5264 tum
510 5211 864 5281 supplicium
894 5213 1149 5282 notavit:
1183 5212 1332 5279 Inde,
1379 5211 1586 5282 inquit,
1635 5216 1809 5267 etiam
1841 5213 1996 5266 aliud

350 5285 691 5347 e.:ccogitatur
762 5281 1108 5337 crudelitatis
1168 5300 1357 5352 genus,
1427 5281 1486 5338 ut
1550 5287 1656 5337 reti
1701 5284 1995 5339 constricta

348 5353 676 5424 objiceretur
733 5361 894 5406 tauro
949 5356 1202 5422 ferociter
1260 5357 1561 5422 instigem;
1625 5371 1659 5406 a
1725 5370 1826 5424 quo
1870 5371 1993 5409 cum

346 5423 544 5494 fuisset
575 5427 882 5479 innumeris
913 5427 1104 5480 ictibus
1135 5428 1405 5490 lacessita,
1436 5435 1486 5479 et
1516 5430 1623 5478 toto
1653 5423 1842 5481 arenae
1870 5443 1991 5479 am-

351 5495 464 5546 bitu
490 5494 716 5560 jactata,
750 5498 894 5550 nihil
925 5498 1168 5552 lautitur.
1205 5498 1408 5551 HOLST.

423 5565 794 5636 (50)7Pudoris
850 5571 1028 5636 potius
1094 5585 1318 5632 memor,
1361 5582 1524 5636 quam
1581 5565 1805 5621 doloris.
1853 5567 1991 5621 Ter-

351 5635 505 5710 tull.,
536 5635 634 5693 lib.
666 5641 743 5694 De
787 5635 995 5706 pudic.,
1035 5642 1248 5710 capsi,
1310 5635 1651 5708 pudicitiam
1703 5640 1990 5708 principa-

353 5706 460 5762 lem
497 5711 802 5766 Christiani
855 5706 1123 5764 ηοηιίηίδ⁷
1157 5706 1530 5780 disciplinam,
1588 5706 1771 5777 vocat,
1828 5706 1993 5782 quam

2178 4996 2535 5071 (51)Dehinc
2579 4998 2869 5071 requisita.
2925 4996 3043 5052 Hoc
3098 5001 3207 5065 est,
3256 5003 3400 5071 post
3457 5003 3774 5071 exceptum

2105 5067 2290 5151 vacare
2323 5067 2572 5151 furentis
2623 5068 2938 5139 impetum,
2971 5073 3038 5151 let
3061 5067 3301 5151 “quasi:
3328 5077 3460 5142 post
3504 5067 3778 5151 pugnam

2099 5141 2223 5210 jam
2256 5140 2674 5220 depugnataul.
2713 5138 3192 5220 ’a_yenatorib__us
3250 5138 3428 5220 atque
3477 5138 3774 5220 a'rena_riis

2105 5215 2478 5288 revocatauet
2511 5216 2575 5288 ut
2626 5210 2913 5265 Eusebius
2971 5211 3250 5282 loquitur,
3286 5210 3352 5265 ii
3376 5211 3581 5288 θηρίων
3609 5210 3773 5275 αὖθις

2105 5279 2493 5350 ἀναληφθεῖσα.
2529 5282 2734 5337 HOLST.

2176 5343 2486 5440 (5?)'ngsi
2542 5371 2598 5440 ει⁹
2630 5369 2816 5440 somno
2865 5354 3174 5440 ςπςριενθίιιξζ
3229 5355 3453 5440 Sicndc
3501 5354 3778 5440 Bibliade

2106 5422 2358 5497 martyre
2393 5425 2709 5479 Eusebius:
2743 5429 2800 5477 ’Π
2868 5424 2882 5443 ’
2909 5422 3087 5497 ὥσπερ
3125 5422 3512 5497 ἐξανανήψασα.
3548 5427 3764 5482 HOLST.

2174 5497 2286 5566 (53)
2306 5497 2445 5551 Adeo
2468 5498 2527 5550 in
2557 5497 2768 5566 spiritu
2797 5499 2850 5550 et
2880 5497 2940 5550 in
2969 5499 3169 5551 ecstasi
3203 5500 3405 5568 fuerat.
3441 5498 3614 5563 Quasi
3667 5498 3766 5551 di-

2103 5573 2285 5622 ceret:
2320 5569 2462 5622 adeo
2494 5573 2654 5622 extra
2683 5583 2963 5622 sensuum
3010 5585 3182 5622 usum
3215 5569 3439 5623 elevata
3461 5585 3526 5623 ac
3560 5575 3751 5638 rapta,

2103 5655 2238 5693 nam
2272 5638 2379 5693 hoc
2409 5644 2651 5694 vocatur
2679 5655 2807 5693 esse
2837 5638 2895 5693 in
2921 5638 3153 5708 spiritu.
3187 5639 3244 5694 S.
3276 5640 3554 5709 Joannes,
3586 5641 3758 5711 Apoc.

2103 5726 2230 5781 cap.
2265 5727 2339 5778 1v,
2365 5711 2432 5765 Et
2459 5713 2649 5768 statim
2676 5711 2765 5782 fui
2793 5712 2849 5766 in
2881 5712 3103 5782 spiritu.
3137 5713 3342 5767 Hons'r.
