4064 6196
228 309 296 367 57
1353 305 1797 372 PERPETUE
1838 310 1861 370 l

1986 306 2492 370 FELICITATIS.
3577 312 3658 373 58

219 435 544 493 vexationis
577 435 638 490 in
697 449 934 507 corpore
966 437 1024 492 et
1049 436 1260 493 habitu
1292 454 1398 493 suo
1445 441 1877 513 recognovisset
1905 442 1963 509 Α
1994 440 2068 508 ei,
2123 439 2519 496 hereditatem
2576 441 2843 514 pignoris
2923 441 3265 514 relinquens
3311 441 3355 476 ⁹⁵
3430 441 3536 509 illi,
3596 447 3656 500 et

219 530 266 582 et
288 525 464 580 illum
515 523 1002 580 catechuminum
1033 526 1095 580 9°.
1129 526 1350 582 Exinde
1381 529 1729 584 accersitum
1762 529 1875 585 fra-

217 622 356 671 trem
380 631 570 671 suum
595 619 650 670 et
670 613 839 669 illum
861 614 1627 686 catechuminum,allocuta
1647 622 1734 673 est
1755 635 1874 690 eos,

216 704 454 759 dicens:
526 726 546 750 ι
586 703 649 758 In
708 702 824 758 fide
872 707 1039 773 state,
1073 707 1129 758 et
1154 703 1402 760 invicem
1434 721 1638 761 omnes
1679 706 1872 779 diligi-

213 801 280 859 te,
310 797 374 848 et
402 791 791 864 passionibus
821 791 1038 848 nostris
1063 809 1136 848 ne
1165 793 1664 850 scandalizemini.
1701 817 1729 844 ››

276 882 374 936 IV.
410 881 586 937 Idem
607 881 854 936 Saturus
873 879 934 935 in
964 880 1079 936 alia
1098 889 1265 952 porta
1287 882 1534 938 militem
1564 884 1608 920 ⁹ι
1643 884 1874 939 Puden-

206 975 318 1028 tem
379 971 502 1042 (54)
563 969 983 1025 exhortabatur
1010 969 1249 1026 dicens:
1305 992 1326 1020 ι
1359 971 1585 1027 Adsum
1616 973 1662 1007 θ’
1693 975 1873 1038 certe,

203 1060 354 1116 sicut
385 1058 639 1131 promisi
670 1062 728 1114 et
764 1057 1002 1129 praedixi
1029 1076 1044 1126 ;
1077 1057 1304 1115 nullam
1336 1075 1522 1131 usque
1553 1060 1744 1115 adhuc
1770 1060 1870 1116 be-

202 1150 383 1205 stiam
439 1148 618 1203 sensi.
674 1151 741 1202 Et
799 1163 954 1202 nunc
993 1148 1063 1202 de
1112 1151 1234 1204 toto
1269 1149 1441 1204 corde
1472 1148 1696 1204 credas.
1731 1149 1872 1205 Ecce

204 1239 426 1310 prodeo
455 1237 580 1306 illo,
611 1240 672 1292 et
699 1236 774 1290 ab
807 1253 924 1290 uno
956 1253 1153 1291 morsu
1187 1235 1446 1308 leOpardi
1471 1253 1804 1293 consumar.
1839 1260 1868 1288 »

202 1329 267 1382 Et
299 1328 507 1382 statim
548 1325 610 1380 in
641 1326 758 1380 fine
791 1325 1128 1396 spectaculi,
1162 1325 1438 1397 leopardo
1481 1326 1767 1396 objectus,
1799 1327 1870 1381 de

202 1433 319 1471 uno
350 1431 562 1470 morsu
585 1415 714 1484 ejus
734 1417 898 1468 tanto
928 1413 1202 1484 perfusus
1216 1418 1305 1469 est
1333 1413 1637 1486 sanguine,
1671 1418 1737 1468 ut
1767 1430 1868 1485 po-

200 1503 326 1577 puli
379 1502 694 1560 revertenti
748 1501 834 1556 illi
892 1501 1135 1558 secundi
1190 1501 1564 1573 baptismatis
1602 1502 1868 1559 testimo-

201 1594 374 1649 nium
433 1591 877 1649 reclamaverit:
939 1607 966 1633 α
996 1589 1230 1646 Salvum
1259 1592 1362 1648 56
1392 1591 1601 1660 lotum,
1641 1591 1867 1648 salvum

199 1681 407 1737 lotum
425 1683 569 1752 (55).
598 1679 815 1735 »Plane
848 1679 1048 1750 utique
1076 1679 1272 1735 salvus
1301 1684 1444 1751 erat,
1477 1679 1579 1751 qui
1610 1679 1719 1736 hoc
1736 1696 1868 1752 spe-

1991 530 2336 584 memoriam
2393 531 2698 602 sanguinis
2757 532 2890 604 (56).
2941 533 3158 587 Exinde
3203 534 3330 602 jam
3362 532 3652 590 exanimis

1986 617 2375 690 prosternitur
2404 634 2538 674 cum
2598 620 2820 675 caeteris
2851 621 2924 676 ad
2970 620 3401 692 jugulationem
3467 620 3641 678 solito

1984 707 2110 763 loco
2141 707 2273 778 (57).
2309 709 2376 762 Et
2405 724 2538 762 cum
2567 709 2821 780 p0pulus
2844 709 2977 764 illos
3004 709 3064 764 in
3088 709 3349 764 medium
3380 709 3641 780 postula-

1984 801 2072 851 ret
2100 797 2232 867 (58),
2288 801 2371 863 ut,
2424 797 2618 869 gladio
2658 801 2998 869 penetrante
3028 797 3088 852 in
3145 813 3348 853 eorum
3379 813 3639 870 corpore,

1983 883 2184 940 oculos
2249 900 2388 940 suos
2444 885 2688 940 comites
2751 884 3045 940 homicidii
3089 886 3201 958 (59)
3261 886 3630 957 adjungeret,

1983 971 2136 1028 ultro
2166 975 2544 1028 surrexerunt
2573 976 2630 1028 et
2658 990 2719 1028 se
2760 989 2876 1045 quo
2894 972 3119 1029 volebat
3149 972 3403 1046 populus
3432 977 3628 1032 trans-

1982 1059 2264 1131 tulerunt,
2296 1065 2429 1116 ante
2452 1062 2576 1132 jam
2603 1061 2853 1118 osculati
2883 1061 3150 1130 invicem,
3187 1066 3252 1117 ut
3280 1062 3629 1134 martyrium

1979 1166 2084 1222 per
2112 1149 2396 1205 solemnia
2427 1150 2584 1221 pacis
2613 1151 2726 1223 (60)
2777 1155 3254 1207 consummarent
3283 1151 3394 1222 (61)
3425 1152 3628 1207 Caeteri

1977 1238 2214 1310 quidem
2246 1239 2578 1294 immobiles
2610 1245 2666 1295 et
2713 1257 2846 1294 cum
2877 1240 3110 1297 silentio
3150 1240 3369 1294 ferrum
3401 1255 3634 1311 recepe~

1977 1333 2153 1382 runt:
2189 1327 2373 1383 multo
2433 1329 2620 1401 magis
2674 1329 2938 1394 Saturus,
2988 1329 3088 1400 qui
3119 1333 3174 1384 et
3221 1329 3380 1400 prior
3409 1327 3630 1384 scalam

1976 1418 2332 1485 ascenderet,
2365 1417 2524 1488 prior
2553 1417 2807 1473 reddidit
2829 1417 3102 1490 spiritum
3127 1435 3142 1486 ;
3177 1434 3314 1472 nam
3339 1421 3396 1472 et
3424 1422 3630 1488 Perpe-

1977 1508 2146 1560 tuam
2168 1505 2516 1561 sustinebat.
2542 1506 2824 1577 Perpetua
2844 1511 3062 1577 autem,
3081 1510 3147 1562 ut
3169 1505 3391 1577 aliquid
3412 1505 3633 1563 doloris

1977 1597 2259 1664 gustaret,
2281 1593 2437 1649 inter
2455 1597 2647 1650 costas
2667 1596 2710 1630 9°
2731 1600 2951 1666 puncta
2970 1594 3286 1651 exululavit
3311 1620 3325 1663 ;
3354 1598 3412 1650 et
3430 1610 3632 1650 erran-

1977 1686 2094 1738 tem
2127 1683 2422 1737 dexteram
2464 1681 2744 1738 tirunculi
2773 1683 3114 1756 gladiatoris
3144 1683 3254 1755 (62)
3286 1683 3416 1755 ipsa
3445 1683 3506 1738 in
3527 1685 3629 1740 57

206 1769 455 1825 ctaculo
486 1769 758 1826 claruerat
785 1769 847 1824 93.
881 1769 1045 1824 Tunc
1073 1769 1322 1824 Pudenti
1353 1767 1524 1824 militi
1551 1787 1563 1825 :
1626 1792 1656 1820 ‹‹
1703 1769 1866 1836 Vale,
1899 1817 1943 1842 η
1978 1769 2248 1841 jugulum
2279 1770 2392 1842 (63)
2424 1787 2600 1826 suum
2625 1772 2820 1841 posuit
2839 1773 2903 1827 97.
2931 1772 3199 1826 Fortasse
3224 1774 3390 1827 tanta
3410 1771 3630 1828 femina

208 1817 450 1825 -η---η
489 1817 756 1826 ν-ν--ην
832 1817 847 1824 -
891 1817 1042 1824 ---ν
1073 1817 1096 1822 -
1123 1817 1322 1824 --τκη
1551 1817 1563 1825 -
1632 1817 1653 1820 ~~
1725 1817 1866 1836 ν---ι
1978 1817 2248 1841 ι-ο----
2280 1817 2390 1842 tu,
2424 1817 2600 1826 ----
2625 1817 2820 1841 ι-νυ-η
2889 1817 2903 1827 -
2932 1817 2953 1826 -
2978 1817 3199 1826 ν--υ-υν
3231 1817 3628 1828 ------------

204 1859 437 1930 inquit,
469 1862 529 1914 et
548 1875 757 1914 memor
775 1862 902 1914 esto
920 1857 1054 1913 ﬁdei
1073 1873 1214 1914 mea
1239 1875 1253 1926 ;
1277 1862 1335 1914 et
1355 1858 1476 1914 haac
1499 1862 1555 1913 te
1586 1874 1701 1913 non
1723 1874 1866 1914 con-
1898 1817 1945 1880 B
1975 1858 2146 1914 aliter
2175 1875 2290 1914 non
2325 1859 2616 1930 potuisset
2644 1859 2847 1929 occidi,
2900 1859 3039 1931 quia
3065 1860 3138 1915 ab
3169 1860 3476 1916 immundo
3507 1860 3628 1932 spi-

208 1949 472 2016 turbent,
505 1948 606 2003 sed
636 1947 999 2003 conﬁrment.
1032 1969 1062 1996 »
1097 1946 1403 2019 Simulque
1433 1945 1701 2002 ansulam
1723 1949 1770 1982 9‘
1792 1948 1863 2002 de

203 2035 394 2109 digito
423 2036 555 2105 ejus
583 2035 750 2108 petiit
805 2040 862 2091 et
907 2034 1133 2091 vulneri
1182 2051 1288 2090 suo
1323 2052 1575 2091 mersam
1608 2035 1863 2091 reddidit

1972 1947 2090 2002 ritu
2121 1947 2462 2016 timebatur,
2498 1947 2611 2004 nisi
2640 1948 2765 2019 ipsa
2788 1947 3090 2004 voluisset.

2042 2035 2086 2091 Ο
2114 2035 2420 2092 fortissimi
2451 2053 2516 2091 ac
2574 2037 2901 2092 beatissimi
2933 2037 3255 2110 martyres!
3290 2053 3322 2092 ο
3350 2053 3483 2094 vere
3521 2055 3625 2094 vo-

1637 2160 1840 2223 Variae
1869 2159 2192 2222 lectiones.

269 2269 312 2303 '°
342 2269 410 2323 In
439 2268 543 2322 cod
595 2283 727 2340 mss.
762 2266 956 2322 desunt
997 2267 1118 2324 hac
1155 2268 1352 2324 verba:
1379 2267 1461 2340 Et,
1485 2265 1655 2340 illum
1678 2265 2188 2340 catechuminum.
2220 2267 2265 2340 9}
2321 2267 2480 2338 Apud
2509 2268 2921 2340 ,Holsten,non
2949 2269 3288 2340 exprimitur
3315 2270 3628 2326 Prudentis

205 2356 431 2395 nomen.
464 2340 514 2374 θ’
545 2339 632 2392 Ad
697 2355 998 2394 summum
1060 2340 1292 2394 Holsten.
1351 2339 1394 2374 ’3
1451 2339 1620 2394 Modo
1677 2337 1896 2393 laverat
1951 2339 2196 2394 Holsten.
2230 2339 2275 2372 9‘
2328 2337 2632 2393 Annulum
2699 2339 2818 2394 cod.
2875 2337 3077 2395 Salisb.
3138 2340 3181 2374 95
3249 2340 3372 2396 Cod.
3426 2341 3626 2395 Salisb.

202 2413 416 2466 habet:
477 2409 760 2486 Reddidit
817 2411 866 2465 ei
885 2411 1152 2486 __b§atam
1211 2410 1634 2486 haereditatem,
1692 2409 2030 2482 relinquens
2079 2410 2129 2465 ei
2157 2409 2370 2482 pignus
2403 2417 2458 2465 et
2487 2411 2833 2466 memoriam
2865 2412 3011 2468 tanti
3041 2412 3368 2486 sanguinis.
3402 2413 3446 2447 ⁹⁶
3484 2411 3630 2469 Ossa

201 2487 571 2556 compuncta
595 2484 850 2537 Holsten.
882 2481 923 2515 "
954 2481 1277 2538 Transtulit
1302 2482 1552 2537 Holsten.

1642 2579 1973 2640 Variorum
2008 2584 2198 2639 nota}.

265 2688 385 2758 (54)
419 2686 667 2742 Militem
713 2685 1036 2758 Pudentem.
1096 2685 1264 2758 Apud
1323 2683 1688 2740 Holstenium
1748 2701 1864 2740 non

193 2756 568 2829 exprimitur
622 2757 886 2811 Pudentis
915 2756 1346 2829 nomenJHunp
1379 2762 1573 2812 autem
1613 2772 1741 2829 esse
1773 2773 1864 2810 ar-

192 2827 406 2892 bitror,
440 2829 549 2900 qui
573 2845 754 2900 supra
782 2843 916 2882 cum
945 2828 1297 2900 martyribus
1315 2827 1570 2883 humane
1586 2827 1866 2900 egit._Pu-

193 2903 346 2956 dens
380 2897 612 2956 martyr
651 2897 862 2954 colitur
889 2915 952 2954 in
980 2897 1113 2953 Kal;
1141 2899 1274 2953 Maii
1309 2900 1367 2952 in
1398 2897 1862 2955 vetusto—Calen-

193 2971 365 3028 ἀει-ῖς)
418 2969 903 3039 Carthaginensi:
937 2986 1009 3024 an
1045 2971 1152 3024 iste
1178 2969 1207 3025 ?
1241 2969 1326 3025 vel
1368 2971 1600 3025 Pudens
1631 2974 1864 3025 senator

193 3045 264 3100 de
297 3059 422 3114 quo
481 3040 718 3114 Paulus,
749 3041 853 3112 Ep.
879 3057 942 3107 Ii,
965 3041 1466 3114 ad‘Timotheum,
1492 3041 1864 3114 c.1vLmemi-

189 3118 301 3181 nit,
316 3111 437 3169 'aut
458 3113 695 3166 tandem
721 3111 947 3184 martyr
962 3111 1386 3166 Alexandrinus
1405 3114 1475 3168 de
1499 3129 1614 3184 quo
1636 3112 1863 3167 Bollan-

192 3186 360 3241 diani
385 3185 497 3238 hac
532 3184 625 3238 die
657 3183 891 3254 agunt?
924 3183 1208 3238 RUINART.
1263 3233 1270 3240 ..

262 3257 386 3379 (55)
419 3255 648 3308 Salvum
681 3251 866 3309 totum.
919 3253 1275 3309 Acclamatio
1337 3253 1534 3326 populi
1584 3251 1858 3324 petulan-

262 3347 281 3380 ι·
313 3327 358 3380 i1
386 3327 624 3380 udentis
677 3325 1012 3380 christianis
1064 3326 1267 3380 sacris.
1319 3324 1460 3380 Cum
1495 3325 1652 3380 enim
1683 3323 1858 3380 vulgo

188 3330 332 3383 teri

189 3406 413 3454 notum
479 3401 654 3462 esset,
711 3395 1069 3452 Christianos
1125 3395 1461 3452 existimare
1517 3395 1704 3451 salvos
1735 3395 1859 3450 ﬁeri

189 3470 477 3548 homines
512 3485 614 3548 per
641 3438 1031 3548 ,baptismum
1060 3484 1072 3520 :
1107 3467 1358 3548 populus
1405 3485 1435 3522 e
1465 3467 1693 3548 theatro
1724 3482 1857 3538 spe-
1887 3436 1929 3502 C

189 3549 370 3597 etans
392 3538 795 3611 Christianum
814 3540 1100 3611 sanguine
1121 3538 1442 3608 perfusum,
1467 3538 1692 3593 salvum
1723 3554 1857 3593 eum

188 3609 737 3685 proclamabatqui
771 3611 854 3665 sic
882 3609 1038 3685 lotus
1065 3614 1500 3685 esset_._Possm.

263 3684 386 3753 (56)
415 3680 819 3737 Hereditatem
839 3683 1098 3753 pignoris
1153 3681 1473 3752 relinquens
1504 3681 1614 3744 illi,
1664 3687 1860 3753 etme-

187 3752 436 3809 moriam
469 3755 799 3824 sanguinis.
824 3752 970 3814 Quid
993 3753 1172 3824 igitur
1192 3756 1632 3824 conqueruntur
1665 3752 1859 3805 adver-

188 3827 340 3881 sarii
375 3824 536 3896 quod
585 3823 924 3896 sanctorum
984 3823 1268 3896 reliquias
1304 3823 1574 3896 religiose
1597 3838 1859 3896 asserva-

188 3914 338 3952 mus
359 3893 686 3967 TNunquid
711 3895 965 3967 annulus
979 3894 1092 3967 ille
1113 3893 1410 3967 sanguine
1442 3893 1715 3964 martyris
1743 3893 1858 3947 tin-

190 3976 334 4024 ctus
359 3966 758 4037 projiciendus
784 3966 951 4021 erat?
969 3966 1253 4021 Romam.

268 4034 387 4110 ('57)
420 4034 933 4110 Adjugulationem
963 4039 1124 4093 solito
1155 4038 1286 4092 loco.
1327 4034 1658 4110 Spoliarum
1691 4034 1859 4110 intel-

189 4106 492 4182 ligit—ubi
523 4106 982 4182 conficiebantur
1017 4125 1164 4178 quos
1196 4106 1384 4182 arena
1419 4106 1728 4182 semivivos
1772 4106 1862 4182 di-_

190 4178 472 4237 miserat.
526 4179 702 4233 Docet
756 4179 866 4234 hoc
924 4180 1161 4246 Seneca,
1222 4179 1391 4250 epist.
1437 4179 1547 4232 94:
1607 4178 1860 4247 Nonquid

189 4257 451 4323 aliquem
480 4255 596 4304 tam
612 4251 776 4304 stul.e
807 4253 1077 4322 cupidum
1107 4266 1222 4305 esse
1249 4253 1379 4323 vitae
1396 4252 1574 4323 putas,
1605 4254 1667 4302 ut
1687 4250 1860 4317 jugu-

190 4321 318 4380 [αὴ
339 4326 401 4378 in
436 4323 727 4392 spoliario,
757 4321 922 4391 quam
953 4324 1011 4377 in
1059 4338 1227 4376 arena
1245 4322 1408 4375 malit
1429 4321 1575 4392 tlte
1631 4326 1860 4374 mortuo

189 4390 530 4451 Commodo
582 4390 968 4448 acclamatum
1020 4393 1222 4448 scribit
1249 4390 1620 4460 Lampridius
1647 4392 1862 4445 :Hostis

189 4468 430 4537 patrie,
485 4465 796 4537 parricida,
857 4465 1132 4537 gladiator
1179 4467 1236 4519 in
1290 4463 1562 4537 spoliario
1591 4463 1857 4537 lanietur.

191 4533 425 4593 Hocsr.
459 4533 523 4575 4
552 4535 632 4590 Ibi
667 4541 900 4606 tyrones
942 4535 1170 4591 athleta
1203 4533 1330 4606 reos
1362 4533 1862 4606 conﬁciebant,_ut

188 4611 294 4664 sic
331 4607 405 4660 ad
440 4603 1166 4675 pugnam—assuescerent:
1226 4605 1362 4660 hinc
1385 4603 1737 4675 juvenculus
1767 4603 1860 4659 hic

188 4625 294 4664 εις
331 4623 405 4660 ad
440 4623 510 4674 ιω
557 4623 687 4661 nam
724 4623 1166 4662 assuescerent:
1226 4623 1362 4660 mnc
1385 4623 1737 4675 JUVCDCUIUS
1768 4623 1784 4657 ι

186 4682 484 4750 sanctam
514 4623 855 4749 gerpetuam
887 4678 1205 4750 pupugisse
1235 4676 1463 4750 dicitur.
1499 4680 1784 4750 Burrum:

271 4752 394 4820 (58)
458 4749 591 4820 cum
617 4746 905 4820 'populus—
935 4746 1147 4805 illos—in
1188 4748 1361 4804 medio
1404 4748 1730 4820 postularet.
1765 4746 1860 4800 Sic

183 4817 481 4886 Ruﬁnus,
515 4819 616 4874 lib.
643 4817 753 4875 'VIiI
792 4821 930 4875 Hist.
963 4825 1115 4887 eccl.,
1149 4821 1220 4874 de
1275 4817 1469 4874 Attalo
1530 4821 1587 4872 et
1613 4817 1859 4872 Alexan-

180 4895 348 4949 dro:
403 4891 514 4946 Sed
569 4907 694 4945 cum
742 4894 996 4960 ferarum
1052 4891 1212 4946 nulla
1264 4898 1576 4945 sanctorum
1627 4904 1858 4960 corpora

176 4966 547 5031 contigisset,
580 4964 830 5017 omnibus
859 4979 945 5017 eos
972 4965 1256 5018 verberum
1285 4966 1718 5030 caeterarumquo
1746 4975 1861 5028 ρων

176 5052 410 5091 narum
438 5035 726 5104 suppliciis
754 5037 1020 5090 cruciatos
1069 5035 1144 5089 ad
1197 5035 1457 5088 ultimum
1487 5032 1546 5104 in
1576 5035 1862 5104 conspectu

169 5107 414 5181 populi,
448 5102 515 5158 in
540 5102 953 5181 ’medioarenae
991 5107 1249 5181 jugulari
1274 5105 1473 5181 jubet.
1522 5102 1857 5181 Postulandi

177 5173 370 5250 porro
395 5173 509 5250 vox
526 5175 938 5250 amphi_theat_ri
970 5173 1238 5250 propria:
1274 5173 1860 5250 hinpdgpostulatorcs

178 5245 672 5312 Christaniorum,
704 5245 1171 5318 Tertull.,‘Ap'ol.,
1201 5263 1327 5316 cap.
1361 5248 1448 5318 25.
1484 5245 1689 5318 H_0Lsr.

261 5322 385 5391 (59)
455 5318 652 5375 Oculos
721 5321 943 5374 comites
1014 5316 1317 5374 homicidii.
1358 5317 1452 5391 _S.
1513 5316 1856 5391 Cyprianus,

174 5387 375 5463 epist;
409 5406 493 5444 ιιι
526 5395 772 5463 Paratur
818 5391 1233 5462 gladiatoribus
1259 5388 1452 5463 ludus,
1477 5396 1539 5442 ut
1566 5387 1860 5463 libidinem

171 5461 514 5520 crudelium
571 5461 845 5516 luminum
904 5465 1129 5532 sanguis
1178 5461 1421 5516 oblectet.
1479 5463 1545 5512 Et
1575 5474 1745 5532 mox:
1793 5461 1859 5510 In

177 5544 304 5591 tam
330 5535 532 5603 impiis
543 5533 868 5602 spectaculis
890 5531 1108 5603 tamque
1127 5533 1266 5588 diris
1307 5541 1358 5588 et
1374 5531 1632 5603 funestis,
1657 5545 1774 5584 esse
1800 5544 1859 5582 se

179 5625 304 5662 non
353 5600 578 5676 putant
596 5605 770 5676 oculis
790 5600 1117 5674 parricidas.
1142 5605 1300 5660 Hanc
1327 5600 1727 5676 crudelitatem
1742 5617 1855 5676 non

183 5693 316 5732 uno
353 5673 535 5748 Ἰοίξο⁸
567 5673 822 5748 exagitat
861 5676 1102 5748 Seneca.
1136 5675 1304 5748 epist.
1336 5677 1405 5748 7,
1420 5674 1582 5748 illane
1613 5673 1859 5748 leonibus

180 5757 253 5806 ιε
295 5748 455 5804 ursis
509 5743 780 5817 homines,
835 5747 1066 5806 meridie
1119 5743 1511 5820 spectatoribus
1573 5745 1687 5799 suis
1723 5743 1860 5814 obji-

1973 2685 2219 2757 ciuntur,
2274 2688 2382 2740 etc.
2417 2685 2597 2755 Idem,
2628 2701 2720 2757 ep.
2777 2687 2867 2740 87.
2917 2691 2985 2741 Et
3015 2687 3279 2743 omnium
3312 2687 3630 2757 elegantis-

1976 2756 2133 2840 sime
2146 2757 2506 2840 Lactantius,
2532 2756 2930 2840 inilnstitut.
2953 2758 3053 2840 lib:
3078 2775 3306 2840 VIL‘cap.
3331 2762 3386 2840 2,
3405 2756 3623 2840 Ἠοιτεννἶ

2046 2827 2158 2898 (60)
2190 2828 2300 2881 Per
2355 2830 2620 2898 solemnia
2645 2831 2822 2898 pacis.
2882 2835 2992 2886 etc.
3028 2831 3091 2885 In
3125 2827 3418 2886 Glossario
3449 2830 3626 2885 veteri

1973 2893 2262 2952 solemnia
2317 2900 2479 2968 pacis
2548 2893 2791 2951 εὐσέϐεια
2875 2900 3174 2955 Osculum.
3238 2901 3300 2955 Id
3385 2903 3630 2956 osculum

1971 2972 2184 3025 sanctae
2206 2972 2362 3042 pacis
2418 2973 2584 3042 vocat
2639 2969 2942 3042 Paulinus.
2976 2971 3092 3026 Hoc
3144 2969 3408 3042 symbolo
3466 2971 3625 3042 pacis

1972 2987 2362 3093 sanczazdpaczs
2418 2987 2584 3026 vocat
2639 2987 2942 3025 raunnus.
2976 2987 3092 3026 noc
3144 2987 3408 3042 symnono
3466 2988 3622 3042 pacis

1972 3045 2126 3122 recte
2155 3057 2186 3095 a
2253 3040 2607 3129 martyrium
2639 3041 3134 3129 praeparabantur.
3178 3041 3622 3129 Eusebius‘loco

1971 3111 2190 3185 saepius
2217 3109 2436 3165 citato}
2473 3109 2708 3185 Εἰρήνην
2751 3109 3125 3185 ἆγαπήσᾳντξς
3167 3111 3358 3185 (αὐτοὶ)
3409 3113 3498 3185 καὶ
3540 3111 3620 3165 εἷ-

1971 3181 2306 3264 ρῆλέηνίὴμῖν
2340 3181 2835 3264 reputemus.
2880 3184 3006 3264 rei
3057 3183 3278 3264 εἰρήῖης
3330 3181 3618 3264 ἐχώρησοξν

1967 3252 2104 3326 πρὸς
2135 3252 2280 3307 Θεόν.
2336 3252 2469 3327 Quae
2501 3252 2606 3327 'ita
2651 3255 2823 3312 vertit
2880 3252 3124 3310 Ruﬁnus
3174 3252 3404 3327 super",
3437 3252 3624 3313 omnia

386 3327 629 3409 udentis
677 3325 1012 3409 chris-tinnis
1064 3326 1292 3409 sacrish
1319 3323 1460 3380 Cum
1495 3323 1652 3409 enim
1683 3323 1858 3409 vunlgo
1963 3323 2153 3409 pacem
2171 3330 2231 3407 .et
2259 3326 2369 3407 ipsi
2379 3325 2697 3409 diligebant
2725 3334 2775 3381 et
2805 3327 2964 3381 nobis
2991 3343 3214 3408 servare
3241 3323 3616 3409 mandabant:

1967 3412 2068 3450 nec
2097 3397 2272 3450 aliam
2317 3397 2445 3461 sibi,
2477 3397 2589 3450 nisi
2613 3412 2718 3464 per
2770 3413 2978 3467 pacem,
3012 3401 3159 3467 viam
3187 3397 3257 3452 ad
3287 3401 3624 3467 martyrium

1967 3469 2370 3539 construebant.
2432 3467 2577 3539 Hinc
2641 3466 2786 3522 forte
2835 3466 3341 3524 Tertullianus-De
3367 3466 3621 3539 patient.,

1968 3554 2094 3608 cap.
2127 3539 2214 3605 12,
2249 3537 2620 3609 dilectionem
2646 3548 2807 3593 vocat
2841 3555 3116 3593 summum
3145 3539 3277 3609 ﬁdei
3305 3537 3621 3596 sacramen-

1968 3617 2105 3673 tum,
2131 3618 2180 3663 et
2212 3608 2514 3663 Christiani
2548 3611 2790 3664 nominis
2827 3608 3166 3666 thesaurum.
3200 3611 3408 3668 HOLST.

2041 3680 2165 3753 (61)
2179 3680 2644 3753 Consummarent.
2670 3681 2785 3736 Vox
2812 3682 3048 3753 propria
3067 3682 3306 3752 perfecti
3330 3681 3618 3753 martyrii.

1971 3750 2065 3805 Sic
2121 3750 2517 3805 Tertullianus
2574 3751 2648 3805 De
2713 3750 2968 3824 patienti,
3037 3750 3625 3824 cap.15:Patiéntia

1967 3825 2247 3896 martyria
2328 3829 2696 3877 consummat.
2784 3823 2854 3878 Et
2926 3823 3270 3896 Cyprianus,
3337 3825 3505 3896 epist.
3564 3823 3618 3890 3,

1971 3892 2324 3967 martyrium,
2372 3895 2896 3967 consummationem
2948 3892 3222 3966 appellat.
3263 3900 3332 3950 Et
3360 3892 3531 3967 epist.
3562 3897 3618 3961 5,

1963 3963 2138 4034 jubet
2186 3964 2550 4037 confessores
2611 3963 2867 4020 humiles
2893 3971 2950 4021 et
2979 3963 3274 4020 modestos
3303 3970 3360 4020 et
3389 3963 3618 4037 quietos

1969 4051 2118 4108 esse,
2155 4036 2216 4091 Ut
2245 4037 2302 4088 in
2344 4035 2594 4108 omnibus
2637 4037 2932 4108 Dominum
2974 4045 3371 4108 promerentes,
3408 4035 3488 4092 ad
3519 4052 3622 4091 cae-

1971 4107 2157 4161 lestem
2209 4121 2470 4178 coronam
2543 4107 2728 4160 laudis
2781 4125 2882 4164 sua
2938 4107 3403 4163 cbnsummatione
3460 4123 3621 4178 perae

1967 4180 2153 4232 niant.
2201 4177 2528 4247 Respondet
2578 4193 2954 4234 consummare
3015 4180 3208 4235 Graeco
3239 4177 3619 4245 τελειοῦσθαι,-

1971 4264 2086 4320 quo
2117 4249 2245 4321 ejus
2276 4247 2487 4319 lingua-3
2525 4253 2812 4321 auctores
2862 4252 2916 4306 in
2952 4250 3270 4307 referendis
3322 4249 3618 4321 martyriis

1970 4319 2190 4391 passim
2222 4324 2487 4374 utuntur.
2523 4319 2730 4376 HOLST.

2040 4391 2154 4463 (62)
2189 4391 2474 4444 Tirunculi
2537 4392 2883 4460 gladiatoris.

1971 4460 2394 4528 destinabatur,
2432 4465 2494 4514 ut
2543 4463 2797 4517 caedibus
2823 4467 3204 4529 assuesceret,
3236 4460 3492 4515 tirocinii
3522 4478 3619 4516 ru-

1970 4533 2231 4588 dimenta
2297 4533 2358 4586 in
2443 4533 2715 4602 spoliario
2768 4533 3038 4602 ponebat,
3099 4533 3298 4603 ibique
3329 4531 3617 4588 bestiaros

1971 4603 2187 4674 quibus
2245 4603 2497 4656 ferarum
2529 4603 2867 4657 immanitas
2917 4603 3095 4658 vitam
3147 4621 3263 4659 non
3303 4603 3616 4674 eripuerat,

1963 4673 2295 4746 jugulabat,
2333 4678 2395 4727 ut
2424 4673 2824 4746 semimortuis
2859 4679 2916 4728 et
2943 4674 3268 4732 inermibus
3309 4673 3620 4731 conﬁcien-

1973 4744 2073 4818 dis,
2095 4745 2443 4818 exercitatus
2461 4744 2566 4818 _ad_
2588 4745 2753 4814 justa
2811 4746 3134 4818 certamina
3181 4747 3618 4818 produceretur.

2977 4392 3084 4455 Qui
3142 4407 3326 4446 arenae
3383 4389 3621 4445 victima

1893 4803 1938 4866 D
1970 4816 2388 4889 Quintilianus,
2444 4803 2754 4872 decla'mat.
2805 4817 2860 4889 9,
2915 4803 3205 4889 cruentam
3251 4821 3620 4889 confectorum

1967 4893 2131 4943 vocat
2163 4905 2176 4941 :
2218 4887 2435 4960 hocque
2467 4889 2610 4942 adeo
2639 4887 2940 4960 pr0prium
2972 4888 3144 4944 istius
3167 4887 3476 4944 ministerii
3516 4905 3618 4943 no-

1969 4976 2104 5014 men
2124 4963 2339 5030 erat,ut
2353 4958 2905 5030 Smyrnensesapud
2925 4960 3616 5029 Euscbium,lib.1v,cap.

1971 5031 2056 5099 14,
2090 5029 2146 5103 in
2181 5030 2238 5084 S.
2273 5028 2572 5103 Polycarpi
2608 5028 2882 5103 martyrio
2915 5031 2971 5085 id
3006 5031 3374 5103 retinuerint.
3407 5028 3615 5103 H_0Ls'r.

2041 5103 2058 5171 (
2099 5101 2154 5173 3)
2183 5172 2186 5173 ν
2213 5103 2337 5172 Ipsa
2386 5100 2452 5156 in
2505 5100 2779 5172 iugulum:
2810 5102 2870 5155 Id
2924 5102 3117 5156 furore
3148 5118 3215 5156 ac
3247 5101 3406 5173 rabie
3439 5100 3617 5154 facie-

1969 5170 2110 5227 bant
2138 5170 2510 5240 gladiatores,
2546 5170 2701 5243 quod
2743 5175 2944 5228 sancta
2973 5174 3258 5242 Perpetua
3289 5170 3386 5243 pie
3415 5187 3478 5225 ac
3510 5186 3616 5240 ge-

1970 5259 2174 5298 nerose
2228 5243 2511 5297 instinctu
2566 5242 2765 5300 divino
2822 5243 2975 5298 fecit.
3030 5244 3266 5312 Seneca,
3301 5242 3469 5314 epist.
3502 5243 3614 5296 30:

1966 5315 2059 5369 Sic
2087 5314 2371 5386 gladiator
2398 5320 2514 5368 tota
2555 5331 2744 5385 pugna
2795 5315 3195 5380 timidissimus,
3221 5314 3477 5385 jugulam
3525 5315 3619 5369 ad-

1966 5388 2209 5442 versario
2263 5393 2510 5455 praestat,
2564 5394 2616 5440 et
2669 5390 2950 5440 errantem
3010 5387 3255 5455 gladium
3282 5387 3392 5440 sibi
3421 5391 3618 5441 attem-

1963 5466 2138 5528 perat.
2174 5455 2316 5510 Vide
2348 5457 2640 5528 eumdem,
2666 5455 2766 5528 lib.
2798 5458 2874 5528 De
2897 5458 3478 5528 tranquillitate,icap.
3525 5458 3610 5512 10.

1966 5527 2145 5582 Porro
2193 5528 2264 5582 de
2306 5527 2522 5582 sanctis
2579 5527 2944 5599 mulieribus,
2978 5527 3103 5598 quae
3134 5532 3236 5583 aut
3263 5527 3489 5599 seipsas
3520 5528 3616 5583 in-

1966 5601 2336 5671 terfecerunt,
2392 5601 2516 5671 aut,
2551 5597 2623 5650 ad
2683 5613 2881 5671 necem
2948 5597 3243 5669 propriam
3295 5597 3608 5671 conparata

1967 5676 2108 5727 sunt
2155 5686 2223 5725 ex
2254 5667 2633 5738 inspiratione
2681 5667 2894 5737 divina,
2949 5667 3201 5738 quarum
3262 5667 3606 5727 memoriam

1967 5741 2220 5798 celebrat
2275 5738 2546 5807 Ecclesia,
2607 5739 2736 5796 vide
2794 5739 2863 5795 D.
2921 5738 3230 5810 Thomam,
3286 5745 3409 5810 2-2,
3450 5759 3507 5812 q.
3538 5739 3610 5794 59
