4064 6154
407 285 487 346 63
1553 286 2072 350 DISSEBTATIO
2118 287 2666 352 APOLOGETICA
3732 285 3821 343 64

1267 650 2948 821 DISSERTATIO

1528 963 2689 1080 APOLOGETICA

727 1197 947 1286 PRO
1010 1201 1161 1287 SS.
1224 1202 1842 1308 PEBPETUE,
1905 1203 2609 1292 FELICITATIS
2671 1207 2816 1291 ET
2887 1204 3514 1293 SOCIORUM

1851 1408 2378 1484 ORTHODOXIA,

866 1616 1138 1661 AUCTORB
1179 1616 1436 1662 JOSEPBO
1477 1618 1814 1664 AUGUSTINO
1856 1619 1991 1664 ORSI
2031 1618 2089 1665 Ο.
2137 1621 2218 1678 P.,
2265 1619 2317 1664 S.
2365 1621 2421 1666 It.
2471 1622 2531 1666 Ε.
2578 1621 2962 1667 PRESBYTERO
3005 1619 3354 1665 CARDINALI.

875 1951 971 2007 61
1015 1950 1246 2008 CAPUT
1283 1953 1590 2010 PRIMUM.

410 2040 662 2094 Externis
689 2042 1032 2108 argumentis
1058 2056 1128 2095 ea:
1157 2042 1410 2097 Ecclesiae
1435 2050 1491 2096 et
1535 2044 1777 2097 veterum
1821 2044 2049 2097 Patrum

480 2112 804 2166 auctoritate
847 2113 1052 2181 petitis.
1115 2111 1209 2166 SS.
1274 2117 1580 2182 Perpetua.
1643 2114 1949 2170 Felicitatis
2004 2120 2056 2168 et

477 2183 752 2237 sociorum
798 2191 1113 2252 martyrum
1140 2183 1475 2239 orthodoxia
1502 2183 1840 2240 vindicatur.
1874 2185 1895 2239 Ι
1926 2185 2054 2239 Ter-

481 2253 709 2327 tulliani
733 2255 922 2327 coaevi
964 2256 1250 2324 scpiptoris
1283 2271 1391 2327 pro
1455 2259 1727 2326 Perpetua
1792 2257 2056 2327 sociisque

479 2323 823 2393 martyribus
852 2323 1246 2380 testimonium.
1279 2323 1348 2380 II.
1381 2323 1610 2381 Pontius
1657 2327 1917 2382 diaconus
1961 2323 2055 2381 eo-

482 2396 736 2467 rumdem
783 2399 1100 2467 martyrum
1153 2401 1282 2451 acta
1337 2413 1449 2452 non
1503 2399 1730 2453 obscure
1785 2399 2054 2453 laudavit.

487 2465 578 2540 III.
612 2467 896 2540 Perpetua
937 2465 996 2522 et
1039 2469 1336 2523 Felicitatis
1385 2471 1839 2540 antiquissimum
1885 2470 2058 2537 fuisse

489 2539 550 2592 in
579 2538 817 2611 Ecclesia
845 2542 1094 2611 Romana
1139 2540 1366 2605 cultum,
1411 2556 1480 2594 ea:
1515 2538 1783 2595 Bucherii
1803 2544 2056 2611 pervetu-

486 2617 566 2663 sto
595 2608 920 2683 calendario
963 2609 1383 2666 demonstratur.
1419 2611 1509 2666 IV.
1551 2613 1777 2668 Sanctus
1803 2608 2060 2683 'Augustz-

488 2681 969 2753 nusqearumdem
1023 2690 1334 2753 martyrum
1392 2685 1565 2737 variis
1622 2686 1681 2738 in
1749 2681 2061 2738 lociscum

489 2751 654 2806 laude
680 2752 952 2820 meminit,
984 2769 1047 2806 ac
1074 2751 1251 2808 tribus
1297 2770 1394 2809 eas
1425 2755 1745 2809 tractatibus
1774 2754 2062 2809 celebravit

489 2838 728 2893 quorum
721 2825 991 2947 ιἕνὶονειη
1016 2824 1076 2876 in
1101 2824 1263 2880 editis
1293 2825 1402 2880 levi
1438 2824 1727 2880 admodum
1753 2828 2066 2896 conjectura

489 2899 667 2947 sancto
789 2897 930 2947 ctori
956 2896 1268 2947 Basnaoius
1314 2896 1591 2947 abiudicat
1647 2905 1702 2947 et
1747 2899 1909 2947 irrito
1977 2912 2063 2947 co-

480 2896 930 2966 sanctodoctori
956 2896 1268 2961 Basnagius
1314 2896 1591 2966 abjudicat
1647 2905 1702 2952 et
1747 2899 1909 2951 irrito
1977 2912 2063 2951 co-

484 2973 618 3018 natu
650 2964 871 3020 elevare
898 2973 951 3019 et
984 2966 1314 3036 labefactare
1365 2964 1656 3023 contendit.
1696 2967 1762 3022 V.
1795 2968 2063 3024 Ecclesia-

488 3051 615 3089 rum
665 3035 1181 3107 Carthaginensium
1231 3039 1593 3093 celeberrima
1639 3049 1690 3094 et
1739 3044 2065 3096 caeterarum

485 3109 714 3172 matrix,
748 3108 1030 3178 Perpetua
1058 3117 1108 3163 et
1156 3110 1455 3164 Felicitatis
1500 3111 1756 3181 reliquiis
1786 3111 2066 3164 illustrata

489 3189 583 3251 est,
643 3187 697 3232 et
739 3193 808 3231 ea:
869 3195 1060 3233 earum
1106 3181 1420 3251 nominibus
1465 3190 1802 3251 nuncupata.
1854 3181 1947 3234 VI.
2005 3182 2066 3234 In

488 3241 672 3304 missae
699 3264 904 3303 canone
951 3241 1263 3319 quotidiano
1291 3251 1606 3307 earumdem
1646 3241 1875 3308 nomina
1922 3254 2071 3306 inter

483 3319 804 3392 celebriores
863 3331 1139 3392 martyres
1186 3331 1555 3378 recensentur.
1607 3323 1724 3378 Vll.
1757 3324 2062 3390 Argumen-
2097 3325 2142 3389 Β

484 3393 618 3466 t_um,
667 3391 806 3466 quod
853 3408 923 3446 ex
968 3391 1052 3446 his
1092 3396 1415 3448 testimoniis
1456 3395 1764 3466 conﬁcitur,
1824 3397 2062 3466 frustrat

485 3463 706 3534 Basnag
715 3465 823 3516 ius.

489 3549 727 3605 Nullum
761 3551 999 3607 omnino
1031 3556 1121 3608 est
1150 3553 1405 3625 religiosi
1435 3554 1629 3609 cultus
1655 3558 1712 3609 et
1743 3556 2055 3610 observan-

418 3637 511 3692 tiae
545 3638 802 3710 signum,
827 3642 980 3711 quod
1013 3642 1267 3712 nonjam
1290 3643 1424 3697 inde
1457 3644 1527 3697 ab
1556 3644 1814 3715 antiquis
1847 3653 2067 3715 tempo-

420 3727 583 3780 ribus
614 3729 912 3784 conl‘eslim
967 3729 1024 3784 in
1057 3735 1290 3786 sanctas
1344 3731 1520 3786 hasce
1551 3749 1616 3786 ac
1657 3732 2066 3788 celeberrimas

424 3818 709 3886 martyres
745 3816 1054 3871 contulerit
1102 3817 1366 3872 Ecclesiaa
1410 3819 1704 3874 catholica:
1754 3819 1959 3889 pietas,
2013 3823 2070 3874 et

425 3903 725 3958 unanimis
752 3904 967 3976 ubique
988 3911 1276 3960 terrarum
1292 3907 1349 3960 in
1375 3923 1473 3962 eas
1495 3907 1829 3963 christiana:
1845 3908 2072 3980 religio-

425 3991 516 4046 nis
549 3992 787 4047 uﬁ‘ectus
819 3992 1282 4065 populorumque
1324 3996 1570 4051 devotio.
1603 3997 1814 4050 Earum
1849 3995 2072 4052 scilicet

423 4080 665 4136 nomina
685 4081 1085 4136 vetustissima
1101 4082 1476 4137 ecclesiarum
1497 4084 1787 4139 tabularia
1802 4085 2076 4140 exhibent

421 4173 478 4222 et
505 4167 565 4221 in
619 4168 891 4224 omnibus
925 4185 1066 4240 pene
1099 4170 1527 4243 martyrologiis
1561 4172 1850 4244 descripta
1883 4178 2022 4228 sunt
2055 4191 2067 4228 :

421 4271 620 4311 earum
651 4255 990 4312 solemnitas
1015 4261 1071 4313 et
1095 4258 1306 4314 natalis
1337 4259 1460 4314 dies
1491 4277 1705 4332 magno
1737 4261 2068 4317 christiana:

423 4345 609 4416 plebis
639 4361 924 4401 concursu
960 4346 1249 4403 celebrata
1309 4365 1322 4403 :
1383 4365 1584 4403 earum
1632 4351 1773 4404 Acta
1802 4350 1859 4404 in
1892 4349 2071 4405 eccle-

430 4435 534 4490 siis
562 4434 792 4505 publice
822 4435 970 4491 lecta
1002 4451 1014 4492 :
1049 4435 1105 4491 in
1140 4453 1342 4492 earum
1373 4437 1654 4492 honorem
1686 4443 1742 4493 et
1773 4455 1947 4510 super
1979 4455 2073 4492 ea-

429 4540 562 4578 rum
594 4523 868 4594 reliquias
895 4529 1010 4579 tem
1022 4525 1116 4597 pla
1135 4530 1192 4581 et
1213 4525 1420 4581 altaria
1437 4530 1551 4582 Deo
1581 4533 1914 4582 consecrata
1939 4543 1951 4580 :
1978 4543 2076 4598 pa-

429 4612 710 4683 negyricaa
741 4613 1033 4669 orationes
1063 4614 1122 4668 in
1163 4631 1364 4672 earum
1415 4615 1805 4670 anniversaria
1853 4615 2072 4670 festivi-

2086 1957 2141 2021 Α
2172 1953 2370 2010 traditi
2403 1957 2564 2022 sunt,
2594 1955 2724 2025 ejus
2771 1957 2830 2009 in
2880 1953 3029 2010 libro
3077 1956 3152 2010 De
3190 1955 3407 2021 anima,
3441 1969 3567 2024 cap.
3599 1953 3690 2018 55,
3723 1952 3830 2008 bis

2160 2043 2352 2099 verbis
2381 2043 2650 2098 meminit
2674 2061 2686 2098 :
2725 2065 2753 2093 «
2784 2042 3416 2114 Perpetua,fortissima
3445 2040 3810 2113 martyr,sub

2164 2132 2257 2187 die
2270 2131 2650 2204 passionis,in
2664 2131 3010 2188 revelatione
3049 2130 3304 2204 paradisi
3327 2129 3482 2186 solos
3505 2129 3627 2184 illic
3647 2145 3814 2185 com-

2166 2226 2450 2294 martyres
2499 2237 2639 2277 suos
2686 2221 2850 2276 vidit.
2883 2243 2912 2272 »
2945 2221 3028 2276 Ne
3073 2221 3248 2276 verbo
3299 2219 3537 2291 quidem
3589 2218 3820 2274 indicat

2166 2311 2350 2367 fuisse
2379 2309 2540 2366 illam
2572 2315 2742 2366 sectae
2799 2309 3224 2365 montanisticaa
3279 2308 3574 2365 addictam
3608 2325 3621 2363 :
3653 2308 3820 2378 quod

2167 2404 2320 2456 certe
2348 2398 2707 2454 vanissimus
2736 2399 2911 2454 homo
2933 2415 3303 2469 nequaquam
3327 2395 3822 2469 praetermisisset,

2169 2487 2376 2543 solitus
2410 2487 2628 2543 inﬂatis
2660 2488 2858 2542 buccis
2889 2486 3184 2543 sceleratae
3207 2486 3476 2542 factionis
3498 2486 3706 2541 decora
3735 2501 3825 2540 re-

2171 2592 2396 2632 sonare.
2454 2576 2720 2631 Meminit
2749 2578 2809 2631 in
2837 2577 3041 2632 eodem
3080 2576 3248 2642 libro,
3298 2592 3426 2646 cap.
3469 2574 3526 2640 Ω,
3558 2573 3826 2629 fanatica:

2172 2666 2480 2736 cujusdam
2513 2665 2778 2721 mulieris
2808 2665 3243 2736 angelorum,ut
3274 2665 3603 2736 putabat,et
3631 2663 3826 2734 ipsius

2172 2753 2404 2810 Domini
2435 2754 2758 2809 visionibus
2791 2760 3038 2810 assuetas
3069 2772 3082 2821 ;
3118 2769 3307 2825 neque
3338 2767 3575 2808 monere
3603 2751 3830 2826 omittit

2174 2860 2292 2899 suae
2324 2841 2485 2897 illam
2518 2842 2702 2898 fuisse
2746 2843 3178 2898 communionis
3242 2859 3255 2898 :
3319 2842 3440 2907 Est,
3472 2839 3684 2913 inquit,
3716 2839 3827 2894 ho-

2177 2932 2269 2986 die
2299 2947 2464 2987 soror
2495 2932 2648 3002 apud
2682 2948 2787 2987 nos
2838 2932 3254 2987 revelationum
3307 2930 3664 2985 charismata
3694 2945 3823 2984 sor-

2176 3021 2305 3090 tita,
2339 3043 2367 3070 »
2397 3025 2508 3076 etc.
2542 3021 2796 3076 Alterius
2829 3021 3097 3076 meminit
3127 3020 3274 3075 libro
3303 3021 3378 3075 De
3406 3019 3719 3087 virginibus
3734 3035 3827 3074 ve-

2179 3110 2358 3166 tandis
2389 3126 2567 3181 prope
2598 3109 2980 3181 ﬁnem,quam
3014 3109 3229 3180 pariter
3258 3123 3511 3163 sororem
3537 3106 3826 3161 nominat:

2177 3204 2235 3256 et
2269 3198 2685 3253 montanistam
2719 3197 2920 3267 fuisse,
2953 3196 3278 3269 perspicuis
3307 3195 3498 3251 verbis
3528 3193 3829 3249 declarat:

2184 3310 2202 3336 α
2242 3287 2442 3352 Nobis,
2472 3310 2492 3335 ι»
2521 3287 2578 3340 id
2613 3291 2702 3342 est
2727 3287 3011 3342 Paracleti
3043 3285 3477 3357 discipulis,qui
3512 3299 3691 3339 novas
3710 3298 3830 3337 non

2173 3377 2507 3449 spernimus
2555 3375 2912 3447 pr0phetias,
2945 3375 3302 3431 charismata
3352 3375 3732 3440 honoramus,
3768 3375 3828 3426 et

2171 3466 2423 3522 visiones
2458 3464 2951 3537 revelationesque
2994 3465 3373 3535 suscipimus,
3430 3483 3458 3512 «
3517 3462 3830 3525 Dominus,

2177 3555 2353 3610 etiam
2388 3552 3176 3620 revelationibus,velaminis
3207 3551 3398 3623 spatia
3431 3555 3684 3605 metatus
3715 3553 3828 3604 est.

2176 3643 2302 3697 Non
2337 3641 2572 3696 cuidam
2627 3642 2810 3697 sorori
2861 3645 3070 3696 nostra)
3121 3638 3364 3711 angelus
3410 3639 3467 3692 in
3513 3637 3759 3702 somnis,
3800 3658 3833 3685 »

2178 3735 2288 3784 etc.
2313 3729 2469 3784 Nihil
2498 3729 2787 3800 ejusmodi
2815 3729 2992 3784 tradit
3012 3729 3111 3783 ubi
3134 3729 3206 3784 de
3229 3732 3517 3799 Perpetua
3541 3724 3828 3796 loquitur,

2180 3819 2327 3874 nihil
2361 3819 2653 3890 ejusmodi
2677 3821 2881 3889 jactat.
2914 3818 3225 3889 Martyrem
3256 3815 3666 3871 tantummodo
3722 3829 3830 3868 no-

2183 3907 2386 3977 minat,
2421 3912 2477 3962 et
2506 3907 2887 3962 fortissimam
2917 3924 2931 3973 ;
2981 3923 3094 3961 non
3148 3905 3309 3960 illam
3342 3920 3600 3960 sororem
3631 3918 3827 3969 suam,

2181 4013 2296 4051 non
2331 4001 2643 4068 martyrem
2673 4012 2839 4050 suam
2872 3995 3166 4066 praedicat,
3199 3999 3254 4048 et
3286 4010 3355 4048 ne
3386 3993 3560 4048 verbo
3592 3991 3834 4063 quidem

2183 4084 2476 4156 signiﬁcat
2499 4083 2677 4138 fuisse
2701 4083 2856 4138 illam
2883 4083 3372 4139 Montanistarum
3399 4078 3838 4153 superstitioni-

2183 4172 2294 4228 bus
2324 4188 2390 4227 ac
2418 4171 2818 4228 deliramentis
2838 4171 3149 4226 imbutam.
3187 4171 3366 4225 Estne
3395 4185 3530 4223 vero
3554 4166 3837 4224 credibile

2182 4261 2325 4314 adeo
2358 4259 2653 4331 singulare
2695 4264 2866 4314 sectae
2923 4275 3040 4314 sua:
3071 4262 3484 4314 ornamentum
3530 4257 3641 4312 sibi
3673 4255 3841 4310 sui-

2185 4363 2297 4420 que
2330 4346 2653 4419 perspicuis
2681 4348 2874 4403 verbis
2917 4363 3175 4403 asserere
3205 4345 3548 4418 neglexisse,
3583 4343 3679 4417 qui
3711 4348 3841 4399 tam

2184 4436 2432 4492 sollicite
2480 4437 2732 4492 monitos
2783 4454 2890 4492 nos
2947 4453 3075 4492 esse
3124 4435 3308 4492 voluit
3365 4436 3604 4490 insanas
3655 4434 3839 4488 etiam

2185 4524 2586 4592 mulierculas,
2663 4525 2824 4580 nulla
2850 4526 3060 4580 virtute
3091 4524 3352 4596 insignes
3387 4525 3488 4579 sed
3521 4522 3842 4578 insomniis

2186 4614 2355 4669 unice
2379 4614 2627 4682 deditas,
2649 4629 2678 4667 e
2708 4615 2961 4668 Montani
2996 4613 3197 4669 schola
3225 4618 3281 4667 et
3309 4611 3676 4666 institutione
3709 4627 3845 4682 pro-

425 4704 544 4755 tate
573 4717 607 4754 a
638 4700 906 4756 Patribus
939 4701 1150 4756 habita:
1185 4719 1199 4757 :
1233 4719 1435 4758 earum
1483 4704 1731 4775 denique
1775 4703 2068 4776 specialis,
2103 4688 2144 4753 C
2183 4703 2363 4758 diisse
2391 4707 2412 4757 ?
2441 4702 2573 4765 Quae
2605 4707 2808 4758 contra
2837 4703 3004 4757 aﬁ'ert
3037 4701 3378 4773 Basnagius,
3430 4706 3486 4754 et
3517 4715 3840 4771 argumen-

422 4790 576 4844 inter
606 4789 949 4860 quotidiana
998 4791 1302 4859 sacriﬁcia,
1356 4794 1830 4849 commemoratio
1861 4794 1932 4848 ad
1969 4809 2071 4848 no-

426 4883 548 4933 stra
583 4895 770 4948 usque
801 4883 1068 4951 tempora
1099 4882 1456 4950 perennavit.
1491 4883 1619 4936 Haec
1651 4881 1848 4936 omnia
1878 4881 2076 4936 claris-

430 4968 597 5024 simis
627 4969 984 5024 testimoniis
1015 4972 1341 5038 ostendam,
1376 4989 1502 5044 quas
1535 4972 1617 5026 ita
1646 4972 1978 5043 disponam,
2015 4977 2079 5026 ut

430 5057 600 5129 plane
621 5063 676 5112 et
707 5061 906 5129 aperte
937 5065 1160 5115 constet
1181 5061 1307 5130 jam
1341 5061 1477 5115 inde
1506 5061 1578 5115 ab
1609 5077 1810 5114 earum
1834 5061 2078 5114 62nece

429 5147 610 5202 fuisse
638 5152 920 5218 perpetua
951 5152 1005 5202 et
1037 5166 1150 5204 non
1205 5150 1532 5220 interrupta
1578 5147 1848 5203 Ecclesia:
1898 5148 2080 5203 tradi-

436 5236 593 5291 tione
624 5253 726 5306 pro
759 5237 908 5292 veris
939 5239 1294 5310 martyribus
1326 5237 1575 5306 habitas,
1608 5237 1864 5306 adeoque
1895 5236 1954 5290 in
1986 5236 2084 5290 Ec-

438 5322 626 5378 clesiae
659 5323 952 5380 catholicae
987 5343 1126 5396 pace
1157 5330 1213 5380 et
1243 5324 1655 5378 communione
1685 5324 1921 5379 obiisse.

511 5417 554 5467 Ι.
587 5413 1004 5480 Tertullianus,
1029 5413 1130 5484 qui
1164 5414 1454 5483 Perpetua
1488 5429 1712 5467 coaevus
1743 5413 1852 5466 fuit
1875 5417 1931 5466 et
1954 5412 2087 5467 Car-

437 5500 700 5573 thaginis
723 5501 1039 5571 incola,ubi
1064 5501 1354 5572 Perpetua
1377 5500 1634 5572 sociique
1653 5505 1935 5574 martyres
1959 5502 2086 5556 neci

2183 4798 2309 4847 tum
2338 4793 2493 4863 quod
2526 4808 2594 4846 ex
2618 4791 2709 4848 his
2736 4791 3055 4847 Tertuliani
3087 4792 3276 4846 verbis
3307 4791 3365 4845 in
3398 4807 3516 4846 suae
3543 4786 3843 4860 opinionis

2185 4881 2689 4936 conﬁrmationem
2721 4881 3026 4953 exsculpit,
3051 4881 3296 4935 inferius
3324 4884 3600 4935 evertam.

2260 4970 2328 5024 ll.
2366 4969 2604 5024 Pontius
2636 4970 2938 5037 diaconus,
2973 4969 3076 5040 qui
3109 4975 3241 5041 post
3274 4970 3564 5040 Perpetuis
3610 4969 3665 5021 et
3695 4963 3847 5019 Feli-

2189 5057 2380 5112 citatis
2413 5057 2630 5113 obitam
2665 5059 3090 5130 quinquaginta
3119 5058 3347 5113 circiter
3367 5057 3538 5112 annis
3556 5053 3850 5123 ﬂoruit,in

2192 5146 2318 5203 Vita
2346 5147 2680 5218 S.Cypriani
2700 5149 2820 5202 haec
2851 5147 3184 5218 habet,quaa
3214 5147 3286 5202 ad
3318 5161 3520 5202 earum
3554 5149 3854 5208 acta,mea

2193 5236 2434 5306 quidem
2469 5236 2776 5307 sententia,
2813 5236 3119 5292 manifeste
3175 5235 3520 5306 respiciunt,
3555 5233 3637 5288 uti
3663 5231 3850 5287 etiam

2193 5324 2316 5380 viro
2376 5325 2476 5378 63
2532 5323 2861 5380 clarissimo
2913 5333 3072 5379 Lucas
3131 5323 3429 5379 Holstenio
3482 5321 3852 5394 jampridem

2196 5418 2285 5467 est
2309 5413 2674 5468 observatum
2700 5415 2776 5484 (1)
2807 5432 2819 5469 :
2855 5437 2881 5463 «
2915 5415 3159 5483 Majores
3191 5412 3373 5469 nostri
3406 5411 3629 5484 plebeis
3659 5415 3717 5466 et
3746 5427 3853 5465 ca-

2197 5501 2565 5557 techumenis
2585 5503 2933 5575 martyrium
2955 5504 3285 5560 consecutis
3309 5506 3540 5558 tantum
3582 5499 3853 5567 honoris,

512 5709 588 5779 (1)
619 5707 683 5762 In
709 5707 828 5762 Not.
862 5706 943 5762 ad
971 5707 1219 5764 Passion.
1253 5707 1350 5764 SS.
1383 5711 1698 5780 Perpetua},
1728 5707 1971 5777 Felicit.,
2004 5711 2114 5765 etc.
2146 5706 2177 5780 §
2204 5707 2262 5778 2,
2293 5723 2444 5763 vers.
2478 5708 2531 5762 1.
