4050 6172
188 360 261 420 65
1011 351 1166 412 PRO
1210 348 1320 411 SS.
1365 348 1810 421 PERPETUA,
1856 345 2324 409 FELICITATE
2365 347 2468 409 ET
2513 348 2783 411 SOCIIS.
3518 357 3598 419 66

194 506 290 562 pro
339 483 620 558 martyrii
667 483 855 556 ipsius
902 483 1290 552 veneratione,
1343 481 1647 550 dederunt,
1679 486 1745 537 ut
1774 481 1845 537 de
1871 481 1928 548 Α
1957 485 2136 549 retur,
2170 484 2227 536 et
2283 497 2348 536 eo
2379 482 2535 552 quod
2566 483 2692 555 ipse
2722 482 3003 538 describit
3039 484 3234 542 studio
3265 487 3504 544 fuerunt
3533 507 3600 546 ac

197 576 582 651 passionibus
611 591 812 630 eorum
847 573 1056 638 multa,
1089 577 1188 628 aut
1211 589 1388 645 prope
1407 572 1674 639 dixerim,
1703 588 1848 642 pene
1962 569 2262 642 diligentia
2291 571 2636 655 concinnata
2660 590 2672 626 :
2708 573 2969 644 adeoque
2991 575 3408 632 mediosaeculo
3429 579 3600 634 tertio

197 671 400 723 cuncta
437 663 919 736 conscripserint,
955 667 1018 716 ut
1049 664 1119 716 ad
1152 666 1409 718 nostram
1443 679 1676 734 quoque
1709 661 1854 716 noti-
1963 658 2145 730 fuisse
2196 663 2543 731 Perpetuam
2595 661 2837 732 ejusque
2876 661 3064 719 socios
3093 665 3456 738 Carthagine,
3501 667 3603 723 ubi

199 757 353 822 tiam,
395 754 503 826 qui
536 753 800 809 nondum
835 751 955 807 nati
990 751 1228 823 fuimus,
1262 751 1644 822 pervenirent.
1674 773 1700 799 »
1723 750 1853 804 Haec
1966 748 2314 820 sanguinem
2348 749 2639 816 fuderant,
2663 767 2765 821 pro
2796 752 2947 808 veris
2969 754 3322 827 martyribus
3344 755 3601 826 habitos,

201 843 380 900 Pontii
415 843 613 899 verba
641 845 941 915 Perpetua:
971 846 1026 896 et
1056 840 1373 897 Felicitatis
1402 846 1530 896 acta
1561 840 1740 913 digito
1762 856 1854 895 vc-
1965 837 2206 894 laudata
2245 839 2434 894 Pontii
2465 841 2640 894 verba
2669 857 2784 895 non
2815 842 3066 898 obscure
3090 846 3357 900 suadent.

198 935 298 990 luti
332 933 693 999 ostendunt,
727 935 785 986 et
813 931 872 986 in
908 948 976 987 ea
1004 931 1220 1002 optime
1259 930 1570 1002 quadrant.
2040 929 2136 983 III.
2199 928 2262 982 Id
2317 945 2448 984 vero
2507 943 2678 985 nemo
2711 929 3020 987 mirabitur
3049 934 3148 1004 qui
3179 951 3381 991 secum
3413 937 3611 993 animo

263 1022 495 1078 Plebeii
529 1022 640 1077 hoc
669 1020 818 1090 loco,
851 1024 918 1075 ut
947 1019 1099 1076 idem
1133 1018 1458 1076 observavit
1501 1017 1857 1089 Holstenius,
1973 1017 2323 1090 reputaverit
2358 1019 2650 1090 sequenti,
2673 1020 2728 1075 id
2754 1024 2843 1075 est
2863 1025 3069 1092 quarto
3091 1023 3358 1081 Ecclesiae
3381 1026 3614 1096 saeculo,

202 1111 534 1184 accipiendi
557 1107 1101 1172 suntlaici,nullum
1122 1107 1181 1163 in
1199 1107 1351 1164 clero
1369 1107 1630 1164 ordinem
1645 1107 1859 1180 adepti;
1979 1105 2264 1162 celebrem
2297 1124 2530 1179 quoque
2559 1108 2757 1164 Romae
2795 1110 2978 1166 fuisse
3005 1112 3299 1184 Perpetuos
3329 1117 3386 1169 et
3415 1115 3620 1171 Felici-

200 1201 278 1258 sic
310 1200 479 1256 enim
507 1198 690 1272 paulo
720 1197 968 1254 inferius
999 1197 1155 1254 idem
1197 1197 1476 1255 Pontius:
1538 1197 1709 1253 Multa
1735 1205 1866 1253 sunt
1976 1195 2113 1252 tatis
2178 1195 2569 1253 festivitatem.
2608 1197 2672 1251 Id
2739 1203 2968 1255 constat
3003 1217 3070 1256 ex
3099 1201 3495 1258 vetustissimo
3526 1205 3626 1259 Ec-

201 1308 317 1362 qua
348 1289 542 1345 adhuc
567 1290 835 1362 plebeius,
867 1286 1047 1343 multa
1096 1303 1220 1358 qua:
1249 1287 1372 1359 jam
1397 1287 1682 1360 presbyter
1709 1289 1861 1358 fecit.
1978 1281 2166 1340 clesiae
2218 1284 2494 1340 Romane
2540 1285 2892 1358 calendario,
2954 1290 3106 1360 quod
3159 1291 3485 1348 Bucherius
3514 1310 3622 1364 pu-

266 1379 748 1435 Catechumenas
795 1376 976 1432 fuisse
1019 1380 1146 1431 tum
1198 1376 1379 1448 ipsas,
1412 1381 1536 1431 tum
1571 1392 1772 1432 earum
1805 1375 1866 1430 in
1977 1373 2130 1428 blica
2162 1374 2288 1429 luce
2319 1375 2575 1445 donavit,
2608 1380 2665 1431 et
2695 1377 2765 1431 ad
2799 1377 3010 1433 Liberii
3039 1383 3304 1452 tempora
3334 1381 3626 1452 pertinere

207 1469 488 1542 passione
551 1466 762 1532 socios,
823 1468 1094 1521 Actorum
1155 1465 1467 1536 collectori,
1517 1466 1643 1538 ipso
1675 1464 1869 1520 statim
1978 1462 2276 1518 unanimis
2293 1481 2419 1520 esse
2441 1465 3048 1523 videtureruditorum
3081 1469 3387 1526 sententia.
3421 1471 3484 1527 In
3515 1471 3626 1526 hoc

203 1557 397 1629 initio,
416 1556 732 1630 diligenter
755 1559 845 1611 est
867 1556 1247 1610 adnotatum:
1278 1577 1305 1605 ί(
1335 1553 1698 1626 Apprehensi
1733 1556 1872 1608 sunt
1980 1552 2178 1624 itaque
2220 1554 2559 1609 venerandae
2600 1555 2970 1627 antiquitatis
2998 1564 3399 1615 monumento.
3453 1561 3629 1616 Nonis

205 1648 620 1703 adolescentes
664 1644 1092 1714 catechumeoi,
1151 1644 1476 1700 Revocatus
1519 1648 1576 1699 et
1604 1642 1872 1699 Felicitas
1981 1643 2202 1713 Martii,
2237 1643 2527 1714 Perpetua?
2549 1648 2600 1698 et
2628 1645 2956 1714 Felicitatis,
3004 1647 3224 1718 Africae,
3273 1648 3511 1704 nomina
3541 1649 3630 1704 in-

207 1753 508 1793 conserva
528 1736 648 1805 ejus
676 1733 1032 1790 Saturninus
1054 1737 1110 1788 et
1135 1732 1525 1799 Secundulus,
1551 1733 1701 1788 inter
1725 1749 1874 1804 quos
1984 1731 2202 1802 scripta
2222 1735 2379 1786 sunt.
2406 1733 2567 1796 Quod
2597 1737 2751 1788 certe
2781 1733 3093 1790 indubium
3127 1741 3216 1791 est
3245 1737 3633 1793 vetustissimi

209 1832 268 1883 et
299 1825 479 1881 Vivia
528 1826 834 1897 Perpetua,
886 1823 1127 1878 honeste
1158 1827 1315 1891 nata,
1348 1820 1669 1877 liberaliter
1699 1820 1874 1877 insti—
1906 1858 1955 1924 B
1985 1820 2044 1874 in
2076 1819 2332 1875 Ecclesia
2360 1819 2554 1876 cultus
2586 1826 3170 1892 argumentum.Cum
3196 1825 3353 1881 enim
3377 1827 3485 1881 viri
3507 1843 3635 1882 eru-

212 1922 368 1987 tuta,
403 1912 818 1970 matronaliter
838 1911 1273 1984 nupta,habens
1299 1915 1526 1984 patrem
1548 1915 1604 1966 et
1625 1915 1875 1967 matrem
1907 1909 1953 1924 "
1986 1909 2091 1964 diti
2118 1909 2552 1965 Bucheranium
2592 1911 2991 1968 calendarium
3019 1912 3079 1968 in
3113 1914 3328 1970 Liberii
3369 1919 3637 1989 tempora

214 2008 270 2061 et
295 2005 516 2060 fratres
562 2003 734 2071 duos,
789 2001 1040 2057 alterum
1087 2017 1252 2072 aeque
1301 1999 1796 2067 catechuminum,
1848 2021 1870 2048 »
1987 1998 2314 2068 conferunt,
2348 2014 2464 2052 non
2498 2014 2564 2053 ea
2594 1997 2859 2070 ipsorum
2891 2017 3059 2057 mens
3101 2006 3210 2074 est,
3278 2001 3477 2060 Romae
3505 2009 3634 2061 tum

213 2103 319 2151 etc.
350 2093 461 2149 Hic
488 2107 623 2148 esse
653 2092 886 2147 videtur
915 2091 1189 2158 Saturus,
1227 2105 1399 2161 quem
1430 2089 1668 2145 fratrem
1699 2105 1877 2146 suum
1989 2086 2244 2160 primum
2295 2085 2597 2142 institutas
2646 2087 2848 2156 fuisse,
2894 2107 3017 2161 qua
3047 2091 3106 2146 in
3139 2107 3205 2148 eo
3236 2098 3632 2165 recensentur,

217 2185 516 2256 Perpetua
603 2181 664 2236 in
721 2179 885 2236 hisce
939 2179 1098 2236 Actis
1145 2178 1431 2252 appellat:
1471 2202 1500 2232 «
1537 2183 1695 2235 Tunc
1735 2179 1883 2234 dixit
1991 2179 2316 2248 martyrum
2347 2174 2788 2236 solemnitates:
2823 2179 3078 2235 absurda
3107 2181 3264 2237 enim
3293 2187 3450 2240 esset
3479 2185 3636 2256 ejus-

216 2273 362 2328 mihi
397 2273 590 2327 frater
619 2287 827 2338 meus;
865 2269 1109 2324 Domina
1139 2285 1322 2337 soror,
1357 2291 1386 2319 »
1435 2273 1547 2324 etc.
1589 2269 1660 2324 Et
1689 2268 1878 2324 infra:
1993 2264 2151 2320 modi
2212 2264 2508 2338 cogitatio.
2569 2270 2718 2322 Nam
2766 2267 3167 2326 Bucherianus
3198 2271 3306 2328 iste
3338 2289 3441 2329 seu
3473 2273 3638 2330 Libe-

217 2386 245 2413 ιι
274 2363 349 2418 Et
381 2360 567 2417 retuli
597 2359 794 2415 statim
829 2358 992 2414 fratri
1026 2374 1174 2427 meo,
1208 2361 1265 2413 et
1307 2355 1701 2414 intelleximus
1748 2374 1883 2430 pas-
1995 2353 2196 2410 rianus
2228 2354 2525 2412 indioulus
2556 2372 2625 2411 ex
2663 2357 3098 2430 antiquioribus
3128 2361 3418 2436 diptychis
3451 2367 3508 2419 et
3560 2367 3642 2420 ta-

215 2453 454 2507 sionem
487 2466 623 2506 esse
656 2450 939 2504 futuram.
971 2470 998 2498 »
1037 2445 1315 2518 Loquitur
1348 2449 1544 2502 autem
1567 2447 1638 2502 de
1654 2447 1883 2517 Saturo,
1993 2443 2240 2500 bulariis
2259 2445 2584 2517 descriptus
2606 2451 2896 2518 est,quam
2919 2449 3646 2522 nontumprimumEccle-

217 2541 492 2612 ejusdem
530 2537 738 2611 agonis
791 2535 1207 2592 commilitone.
1265 2537 1415 2591 Sunt
1453 2537 1701 2608 denique
1731 2538 1885 2607 ejus-
1999 2533 2119 2598 size,
2157 2535 2472 2605 praisertim
2506 2535 2873 2607 Apostolicze,
2898 2542 2954 2592 et
2974 2538 3224 2594 maxime
3253 2541 3506 2612 atquein
3530 2543 3644 2614 pri-

223 2630 383 2686 modi
417 2631 570 2684 Acta
600 2645 669 2682 ea
697 2625 1001 2698 diligentia
1032 2624 1381 2696 conscripta,
1416 2642 1593 2697 quam
1646 2625 1888 2681 Pontius
1999 2622 2111 2677 mis
2142 2623 2423 2689 Romana,
2457 2625 2558 2680 sed
2582 2624 2711 2695 jam
2744 2625 2880 2680 inde
2910 2627 2982 2682 ab
3013 2626 3200 2697 initio,
3234 2633 3299 2684 ut
3325 2646 3394 2685 ex
3420 2631 3645 2687 Tertul-

220 2719 426 2775 verbis
461 2714 874 2789 superioribus
902 2714 1124 2770 laudat.
1159 2713 1346 2769 Multa
1365 2715 1544 2780 enim,
1568 2717 1688 2781 aut,
1713 2731 1891 2787 prope
1997 2711 2153 2766 liano
2183 2712 2258 2784 (3)
2286 2712 2531 2783 aliisque
2561 2715 2900 2770 auctoribus
2919 2716 3222 2783 discimus,
3242 2735 3442 2776 sacros
3465 2720 3644 2778 fastos

226 2807 510 2876 dixerim,
548 2821 697 2877 pene
718 2808 926 2860 cuncta
949 2820 1075 2876 quae
1108 2803 1178 2858 ad
1203 2819 1403 2858 eorum
1430 2803 1734 2874 passiones
1761 2820 1891 2875 per-
1999 2801 2334 2867 habuerint,
2384 2819 2488 2873 pro
2538 2802 2774 2858 illorum
2823 2809 3154 2877 temporum
3187 2809 3514 2865 conditione
3542 2827 3637 2867 ac-

223 2899 442 2963 tinent,
480 2893 979 2966 complectuntur,
1015 2893 1084 2948 ad
1119 2891 1280 2964 ipsas
1307 2909 1495 2963 usque
1547 2893 1892 2950 minutiores
2000 2890 2370 2945 curatissime
2401 2891 2679 2962 digestos.
2711 2892 2856 2948 Fieri
2889 2893 3081 2962 itaque
3113 2895 3327 2965 optime
3359 2898 3643 2969 potuit,ut

222 2984 815 3050 circumstantias,ut
835 2981 1006 3054 plane
1023 2981 1280 3036 nesciam
1304 2998 1376 3036 an
1401 2979 1600 3052 aliqua
1619 2982 1892 3052 antiquo-
2003 2977 2228 3049 aliquot
2259 2983 2392 3034 ante
2424 2980 2721 3035 Liberium
2745 2981 2915 3036 annis
2937 2981 3233 3054 Perpetuae
3255 2989 3312 3041 et
3332 2985 3644 3045 Felicitatis

223 3093 359 3131 rum
391 3079 733 3145 martyrum
763 3073 904 3126 Acta
932 3069 1140 3138 majori
1172 3070 1540 3128 accuratione
1557 3088 1624 3126 ac
1647 3071 1892 3143 diligen-
2004 3066 2194 3122 natale
2211 3070 2656 3140 cmptumluerit
2684 3069 2745 3124 in
2777 3070 2920 3126 urbe
2950 3070 3231 3128 celebrari
3260 3076 3646 3149 :Carthagine

225 3166 308 3221 tia
339 3163 654 3235 descripta
692 3161 831 3217 sint.
865 3159 1054 3216 Pontii
1086 3159 1281 3232 itaque
1311 3159 1486 3216 verba
1533 3160 1592 3215 in
1645 3176 1734 3227 ea,
1767 3178 1893 3233 quae
1933 3231 1963 3238 _
2005 3160 2198 3211 autem
2230 3155 2395 3228 prius
2419 3173 2597 3227 quam
2620 3158 2814 3213 Romae
2837 3163 3133 3232 receptum
3162 3161 3344 3219 fuisse
3368 3168 3425 3219 et
3443 3164 3647 3238 vulga-

227 3272 345 3325 prae
384 3231 672 3307 manibus
699 3249 1011 3316 habemus,
1040 3231 1294 3304 Actaita
1342 3246 1492 3304 belle
1539 3231 1894 3305 conveniunt
1923 3231 1965 3298 C
2002 3249 2128 3301 tum
2143 3245 2953 3315 earumcultum,annonvero
2967 3231 3250 3321 perquam
3273 3231 3643 3310 simillimum

227 3349 292 3396 ut
325 3341 519 3396 nullis
541 3355 748 3395 eorum
772 3355 896 3410 quas
934 3337 1104 3392 modo
1134 3341 1383 3405 exstant,
1419 3337 1649 3393 melius.
1682 3340 1767 3394 An
1792 3356 1897 3394 au-
2005 3336 2132 3391 est?
2161 3335 2304 3391 Cum
2338 3335 2515 3408 igitur
2545 3337 2735 3393 medio
2767 3337 2978 3394 saeculo
3008 3344 3214 3410 quarto
3247 3341 3643 3410 Liberius,sub

229 3437 353 3486 tem
388 3429 587 3486 Pontii
622 3431 795 3483 aetate
826 3427 1024 3498 aliqua
1052 3425 1399 3492 exstiterint,
1439 3426 1510 3481 ad
1542 3444 1668 3498 quae
1700 3427 1898 3499 aptius
2007 3441 2119 3496 quo
2151 3424 2457 3480 laudatum
2490 3424 2889 3482 calendarium
2919 3428 3222 3484 conditum
3272 3435 3382 3500 est,
3441 3432 3645 3488 sedere

229 3521 362 3589 ejus
394 3519 580 3573 verba
629 3517 831 3572 referri
865 3523 1123 3588 possent,
1152 3513 1318 3570 valde
1349 3513 1622 3586 equidem
1654 3517 1892 3574 dubito:
2008 3513 2264 3585 ceperit,
2296 3514 2515 3570 morosi
2553 3514 2802 3570 nimium
2834 3516 3019 3573 critici
3051 3523 3221 3586 esset,
3281 3519 3509 3576 inﬁcias
3563 3521 3647 3578 ire

237 3626 381 3664 cum
416 3625 537 3662 non
572 3607 718 3662 adeo
747 3605 806 3660 in
836 3605 1170 3660 vetustioris
1214 3603 1316 3659 avi
1347 3603 1610 3660 moribus
1643 3606 1898 3677 positum
2009 3602 2359 3675 Carthagine
2389 3603 2597 3660 saltem
2628 3603 2866 3661 ineunte
2897 3606 3107 3664 saculo
3139 3613 3367 3682 quarto,
3410 3610 3648 3668 Nostra-

239 3698 438 3752 tuisse
469 3696 762 3762 videatur,
795 3697 860 3750 ut
887 3699 1051 3767 gesta
1091 3698 1412 3766 martyrum
1445 3693 1587 3749 adeo
1612 3696 1904 3766 exquisita
2011 3709 2142 3748 rum
2173 3691 2461 3748 celebrem
2495 3693 2674 3750 fuisse
2706 3695 3070 3752 memoriam.

237 3785 561 3859 diligentia
609 3784 825 3840 litteris
854 3785 1241 3839 traderentur.
1275 3781 1518 3837 Fallitur
1546 3784 1704 3840 enim
1749 3784 1902 3840 Dod-
2081 3782 2538 3854 Estaliud,quod
2561 3783 2712 3839 circa
2735 3783 3109 3842 Liberianum
3133 3787 3312 3844 istum
3332 3794 3656 3864 martyrum

239 3875 464 3931 wellus
499 3891 635 3930 cum
669 3891 736 3929 ex
764 3872 1019 3928 laudatis
1044 3871 1238 3928 verbis
1271 3869 1566 3944 concludit
1587 3873 1686 3944 (2),
1712 3894 1738 3923 «
1761 3875 1904 3930 adeo
2012 3870 2356 3927 laterculum
2408 3871 2716 3945 diligenter
2760 3872 2934 3930 velim
2981 3876 3380 3944 animadverti,
3442 3896 3510 3934 ex
3541 3897 3655 3952 quo

241 3963 496 4021 sedulos
521 3962 704 4018 fuisse
725 3961 783 4017 in
807 3965 1130 4034 martyrum
1157 3960 1338 4032 gestis
1361 3961 1652 4016 memoriis
1674 3962 1906 4018 traden-
2013 3963 2348 4015 nostrarum
2367 3965 2689 4034 martyrum
2715 3961 2907 4019 cultus
2927 3981 3042 4020 non
3064 3970 3323 4024 vetustas
3345 3968 3652 4034 modo,sed

239 4057 337 4110 dis
362 4058 616 4121 veteres,
643 4056 706 4108 ut
727 4051 873 4107 nihil
897 4050 1029 4106 illos
1071 4051 1187 4105 fere
1211 4049 1460 4121 fugerit;
1498 4073 1519 4099 ι
1556 4054 1622 4105 ut
1651 4066 1719 4106 ex
1747 4056 1905 4108 acto-
2014 4053 2072 4104 et
2101 4047 2403 4104 celebritas
2441 4049 2685 4122 intelligi
2720 4051 2884 4107 facile
2911 4057 3137 4124 potest;
3177 4060 3460 4130 martyres
3492 4056 3651 4112 scili-

241 4161 387 4199 rum
422 4142 720 4215 paucitate
751 4157 878 4214 quae
910 4142 1247 4212 supersunt,
1279 4137 1634 4210 paucitatem
1675 4157 1908 4212 quoque
2015 4142 2106 4193 cet
2136 4138 2196 4192 in
2226 4154 2292 4194 eo
2323 4138 2652 4196 calendario
2681 4141 3024 4213 descriptos,
3057 4148 3270 4216 praeter
3314 4146 3554 4202 Nostras
3597 4150 3656 4202 et

243 4237 587 4304 martyrum
638 4229 890 4303 colligat.
943 4229 1069 4287 Non
1118 4228 1275 4284 enim
1323 4227 1533 4284 asserit
1578 4229 1820 4286 Pontius
1846 4231 1906 4286 in
2015 4226 2393 4298 Cyprianum,
2425 4243 2628 4284 omnes
2659 4246 2788 4286 esse
2818 4230 3148 4288 Romanos:
3191 4250 3399 4306 neque,
3430 4235 3519 4290 his
3549 4234 3653 4289 tri-

243 4321 627 4394 singulorum
659 4325 981 4391 martyrum
1017 4318 1200 4390 gestis
1257 4316 1550 4372 memoriae
1605 4319 1908 4376 tradendis
2015 4316 2126 4371 bus
2141 4315 2416 4388 exceptis,
2440 4316 2626 4372 ullum
2659 4318 2715 4372 in
2743 4336 2808 4375 eo
2839 4322 3048 4378 exteris
3077 4322 3431 4394 martyribus
3461 4325 3655 4378 locum

241 4412 386 4484 pari
419 4409 726 4482 diligentia
775 4413 997 4464 veteres
1037 4407 1220 4462 fuisse
1249 4410 1546 4461 versatos:
1577 4407 1706 4476 ejus
1737 4424 1908 4463 nam-
2015 4421 2160 4460 esse.
2194 4405 2356 4469 Quod
2390 4407 2644 4478 profecto
2693 4408 2847 4463 clare
2901 4413 2958 4464 et
3019 4415 3212 4481 aperte
3271 4411 3656 4478 demonstrat,

243 4515 379 4574 que
411 4497 702 4570 proposito
733 4497 876 4553 satis
905 4499 1028 4552 erat
1058 4494 1596 4550 Iuculentissimum
1625 4495 1904 4552 horumce
2015 4511 2189 4565 quam
2221 4495 2292 4549 ab
2324 4494 2583 4567 antiquis
2607 4496 2969 4567 temporibus
3002 4496 3059 4551 in
3095 4515 3192 4553 ore
3222 4499 3392 4570 famae
3421 4501 3662 4574 praedic-

241 4593 538 4644 Actorum
568 4585 898 4659 exemplum
951 4584 1118 4658 queis
1148 4588 1267 4640 tam
1302 4582 1504 4640 sedulo
1536 4585 1606 4639 ad
1641 4589 1906 4657 posteros
1935 4604 1980 4668 ξ)
2017 4582 2062 4638 ti
2098 4587 2379 4654 martyres
2407 4585 3056 4641 versarentur.Sanctos
3087 4587 3322 4658 quidem
3347 4596 3656 4663 martyres,

243 4675 615 4732 transmissa
644 4676 834 4731 fuerat
872 4673 1232 4746 plebeiorum
1262 4677 1320 4729 et
1349 4671 1904 4730 catechumenorum
2014 4688 2130 4727 non
2152 4670 2254 4724 uni
2305 4671 2480 4726 alicui
2501 4672 2788 4738 Ecclesia,
2813 4674 2914 4728 sed
2939 4675 3275 4749 omnibus,a
3293 4679 3497 4750 primis
3510 4679 3662 4735 chri-

240 4770 590 4838 martyrum
616 4762 917 4821 memoria.
949 4763 1086 4819 Inde
1107 4761 1444 4818 enimfacile
1467 4778 1670 4818 omnes
1693 4762 1903 4818 intelli-
2015 4760 2216 4815 stianaa
2249 4759 2380 4815 ﬁdei
2412 4760 2664 4828 saeculis,
2700 4762 2882 4819 fuisse
2902 4764 3236 4838 deputatos,
3262 4767 3416 4825 haud
3450 4769 3660 4826 inscite

237 4857 498 4930 gebaut,
533 4870 708 4927 quam
740 4870 855 4908 non
879 4851 1202 4924 segniorem
1227 4867 1461 4922 operam
1480 4851 1755 4907 adhibere
1776 4851 1902 4923 ipse
2015 4847 2356 4904 Oxonieusis
2385 4849 2653 4922 Cypriani
2676 4850 2929 4924 Operum
2954 4854 3154 4909 Editor
3173 4856 3498 4914 observavit
3522 4877 3534 4926 ;
3567 4861 3658 4914 est

237 4947 500 5001 deberet
529 4943 587 4998 in
609 4941 864 5014 episcopi
908 4946 964 4997 et
995 4939 1266 5012 martyris
1308 4939 1773 5012 praeclarissimis
1806 4957 1906 5012 ge-
2014 4942 2211 4994 tamen
2244 4937 2462 5010 aliquid
2497 4940 2554 4994 in
2584 4941 2712 5012 ejus
2763 4943 2974 5010 verbis,
3010 4960 3113 5014 pro
3147 4944 3403 5014 illorum,
3439 4948 3508 5002 de
3533 4947 3658 5018 qui-

239 5033 368 5090 stis
414 5032 743 5088 litterarum
789 5029 1187 5086 monumentis
1219 5028 1660 5101 consignandis.
1694 5031 1904 5087 Nullus
2015 5028 2125 5082 bus
2155 5025 2434 5098 loquitur,
2462 5033 2791 5101 temporum
2825 5032 3297 5099 conditione,non
3321 5035 3465 5090 satis
3487 5051 3655 5090 accu-

239 5125 464 5192 itaque
508 5120 729 5188 dubito,
770 5120 912 5191 quin
943 5119 1259 5191 Perpetuis,
1295 5115 1610 5173 Felicitatis
1639 5126 1692 5174 et
1720 5118 1903 5175 socio-
2014 5121 2137 5172 rate
2166 5115 2423 5172 dictum:
2463 5118 2710 5174 Videmus
2738 5120 2907 5188 enim,
2940 5122 3126 5192 inquit
3170 5122 3268 5193 (ἅ),
3328 5123 3462 5179 Acta
3508 5141 3660 5179 mar-

242 5227 395 5268 rum
429 5214 574 5265 Acta
604 5226 721 5281 prae
744 5207 933 5264 oculis
972 5206 1212 5264 Pontius
1244 5205 1532 5262 habuerit.
1569 5206 1717 5261 Nam
1743 5211 1800 5262 et
1831 5207 1902 5262 ad
2015 5213 2197 5277 tyrum
2226 5205 2293 5260 ab
2324 5222 2437 5261 una
2468 5207 2704 5286 Ecclesia
2735 5209 2806 5263 ad
2833 5209 2978 5264 alias
3005 5211 3376 5274 transmissa;
3427 5221 3482 5268 et
3535 5213 3662 5270 sin-

241 5299 523 5374 plebeios
553 5299 846 5372 pertinent
877 5303 933 5354 et
979 5296 1445 5365 catechumenos,
1487 5299 1544 5351 et
1579 5302 1714 5350 aetas
1743 5294 1908 5352 facile
2013 5297 2272 5363 gularum
2298 5295 2652 5376 ecclesiarum
2676 5298 3068 5376 m‘artyrotogia
3086 5315 3197 5354 non
3228 5315 3455 5357 suorum
3477 5303 3656 5377 modo,

244 5388 556 5459 convenit,
582 5393 896 5460 antequam
918 5387 1020 5442 64
1042 5385 1262 5442 scilicet
1292 5382 1535 5440 Pontius
1565 5383 1690 5455 ipse
1716 5401 1912 5441 nasce—
2009 5382 2106 5439 scd
2131 5390 2184 5438 et
2212 5385 2367 5455 longe
2411 5385 2727 5443 dissitorum
2774 5387 3055 5443 hominum
3091 5390 3320 5446 nomina
3347 5395 3654 5451 continere.

331 5550 410 5622 (2)
441 5548 686 5605 Dissert.
720 5566 793 5604 xr.
832 5547 1126 5621 Cyprian.,
1158 5551 1243 5602 De
1283 5553 1518 5618 martyr.
1553 5546 1761 5617 paucit.
1795 5544 1906 5618 §3,
2013 5545 2212 5622 milit.,
2245 5563 2370 5622 cap.
2411 5545 2497 5604 l3.

331 5580 410 5622 χεν)
441 5580 686 5605 υιοδσιγι.
720 5580 793 5604 ΛΓ
833 5580 1126 5621 υχμιιαμο,
1158 5580 1241 5602 HD
1286 5580 1392 5602 Ιικυ
1408 5580 1482 5618 ig!
1505 5587 1518 5600 ο
1553 5580 1761 5617 [Iacobum
1795 5580 1824 5618 δ
1850 5580 1906 5613 υ,
2015 5580 2185 5603 ιιοιιισι.
2245 5580 2370 5620 υαμ.
2413 5580 2497 5604 ιο.
2655 5580 2657 5582 ’

248 5627 318 5678 et
447 5691 465 5700 _
491 5690 524 5700 __
607 5691 639 5700 _
918 5693 928 5700 _
981 5699 989 5700 ί
1239 5689 1305 5700 M
1393 5691 1402 5700 .
1603 5689 1636 5700 ﬁ
2081 5621 2157 5691 (4)
2188 5593 2251 5676 lu
2281 5621 2428 5675 Notis
2455 5619 2527 5674 ad
2545 5619 2722 5691 Epist.
2758 5618 3014 5692 Celerim,
3047 5622 3200 5680 inter
3231 5625 3648 5698 Cyprianic.21.

333 5693 411 5763 (3)
442 5690 564 5748 Lib.
595 5691 672 5748 De
695 5693 1034 5766 praescript,
1069 5706 1195 5762 cap.
1238 5689 1327 5757 32,
1355 5691 1412 5746 et
1440 5687 1545 5744 lib.
1594 5689 1667 5743 De
1700 5704 1911 5746 corona
