4064 6196
484 395 561 459 6⁸1

1632 386 2153 449 DISSERTATIO
2197 384 2753 449 APOLOGETICA

3805 387 3876 451 68

552 528 653 585 εις
686 524 747 582 Si
781 525 852 581 de
880 512 1758 592 recentioribus‘martyrologiis
1804 534 1997 575 sermo
2030 518 2132 587 sit,
2162 520 2219 585 Α
2249 536 2381 575 nem
2433 518 2594 575 abire
2638 524 2811 591 atque
2867 518 3216 576 intercidere
3250 518 3519 592 permissi
3563 524 3717 578 sunt.
3760 523 3874 578 Non

486 622 625 690 puta
640 614 973 687 Hieronymi
981 628 1091 669 ano
1107 614 1164 666 et
1178 610 1401 682 caeteris
1412 626 1537 681 quae
1555 608 1686 664 inde
1708 608 2137 680 proﬂuxerunt,

486 722 598 762 non
625 708 716 761 est
736 721 840 759 cur
858 701 1039 757 ullam
1062 699 1290 756 erudito
1310 699 1434 754 viro
1457 697 1913 754 controversiam
1934 696 2138 752 excite-

489 812 655 863 mus;
690 794 789 848 sed
822 792 882 846 in
928 788 1360 862 antiquissimis
1410 786 1761 845 calendariis
1814 802 1954 842 suos
1986 786 2136 841 dun-

484 880 872 954 taxat,paucis
897 878 1277 952 exceptis,aut
1294 876 1681 933 ﬁnitimarum
1704 875 2136 948 provinciarum

483 986 855 1043 unaquaeque
883 968 1129 1025 ecclesia
1174 972 1462 1040 martyres
1511 964 1761 1021 exhibet.
1810 964 1904 1021 Sic
1934 964 1994 1019 in
2025 965 2133 1020 Ro-

484 1077 659 1116 mano
688 1056 1007 1125 Buccherii,
1049 1061 1256 1130 praeter
1283 1054 1526 1112 Nostras
1575 1059 1633 1111 et
1659 1053 2039 1127 Cyprianum,
2069 1054 2138 1109 ut

479 1150 704 1205 dictum
751 1152 862 1219 est,
910 1162 1117 1204 omnes
1168 1144 1459 1214 Romani;
1492 1148 1545 1200 et
1579 1144 1637 1199 in
1682 1140 2135 1215 Carthaginensi

475 1236 889 1296 Mabilloniane
916 1235 1185 1309 plerique
1231 1250 1436 1290 omnes
1485 1232 1998 1304 Carthaginenses,
2034 1233 2135 1286 aut

475 1326 861 1396 Africani,aut
880 1324 1051 1396 pauci
1070 1328 1269 1379 tamen
1291 1340 1359 1379 ex
1377 1323 1733 1395 quibusdam
1757 1320 1891 1377 aliis
1910 1320 2137 1393 provin-

478 1414 969 1486 ciis,quibuscum
990 1428 1271 1485 magnum
1293 1412 1433 1467 olim
1469 1410 1807 1466 christianis
1833 1409 2133 1481 Carthagi-

477 1504 762 1560 nensibus
790 1503 1210 1559 commercium
1240 1500 1616 1565 intercessit;
1653 1515 1968 1571 progressu
1997 1513 2131 1554 vero

476 1593 762 1665 temporis
779 1590 1063 1664 ampliora
1080 1606 1314 1663 semper
1331 1590 1567 1645 condita
1585 1587 1769 1645 fuisse
1791 1586 2137 1660 martyrole-

476 1683 731 1756 gia,quse
752 1698 867 1737 non
894 1680 1264 1752 singularum
1284 1678 1666 1735 ecclesiarum
1689 1678 2054 1748 tantum,sed
2078 1679 2134 1732 et

476 1772 645 1843 longe
672 1771 1018 1827 dissitorum
1050 1769 1359 1825 hominum
1390 1767 1632 1823 nomina
1663 1764 2133 1835 contineret,cla-

474 1877 607 1915 rum
624 1863 684 1915 et
700 1859 1077 1932 perspicuum
1091 1862 1182 1914 est
1216 1900 1228 1912 .
1242 1858 1397 1913 sicut
1432 1856 1607 1963 etiam
1626 1854 2009 1957 festivitatum
2032 1871 2136 1910 nu-
2166 1896 2215 1963 Β

476 1965 704 2005 merum
734 1948 1106 2021 aequioribus
1136 1947 1369 2003 seculis
1398 1944 1569 2001 valde
1597 1944 1782 2001 fuisse
1810 1946 2138 2011 auctum,et

478 2054 578 2094 eas
589 2035 1235 2110 quequesolemnitates
1250 2034 1711 2107 ascitas,quibus
1725 2032 2135 2089 remotissimis

476 2127 765 2201 longeque
793 2126 949 2182 inter
974 2142 1042 2182 se
1068 2125 1287 2181 dissitas
1305 2124 1562 2181 ecclesiis
1593 2140 1733 2179 suos
1764 2137 2139 2195 unaquaeque

481 2222 769 2289 martyres
794 2215 1142 2271 celebrabat.
1169 2214 1283 2269 Sed
1317 2218 1382 2270 ut
1411 2214 1484 2269 ad
1517 2213 1873 2285 Perpetuam
1907 2217 1963 2268 et
1991 2210 2139 2267 Feli-

482 2308 722 2363 citatem
741 2302 1590 2376 redeamus,quisquamneibit
1605 2302 1664 2356 in
1692 2301 1852 2357 liciae
1866 2300 2062 2356 dandu
2075 2315 2132 2355 m

475 2395 541 2450 id
572 2411 703 2451 esse
729 2410 934 2449 carum
966 2394 1132 2449 fama
1182 2395 1358 2463 atque
1405 2390 1752 2460 celebritati,
1796 2390 1950 2462 quod
1996 2388 2137 2445 solea

496 2500 633 2540 cum
672 2482 982 2557 Cypriane,
1032 2498 1102 2537 ex
1149 2480 1451 2550 Africanis,
1483 2480 1604 2535 imo
1634 2483 1691 2535 et
1720 2478 1972 2534 aliorum
2007 2494 2138 2550 pro-

474 2571 805 2629 vinciarum
827 2570 1277 2645 martyribus,in
1299 2569 1564 2625 Romano
1583 2567 1912 2624 calendario
1934 2567 2131 2624 locum

480 2661 813 2730 habuerint,
863 2659 1074 2732 priscis
1125 2658 1241 2715 illis
1288 2657 1671 2730 temporibus,
1705 2656 1922 2729 quibus
1976 2672 2127 2712 una-

482 2767 728 2822 quaeque
757 2748 1004 2805 ecclesia
1033 2748 1158 2804 suis
1203 2752 1475 2803 contenta
1504 2745 1881 2819 martyribus,
1918 2749 2136 2801 extero-

485 2856 619 2896 rum
666 2842 990 2911 martyrum
1034 2837 1435 2893 selemnitates
1467 2852 1583 2892 non
1636 2834 1752 2891 nisi
1800 2833 2137 2890 rarissimas

479 2928 829 2985 ascribebat.
872 2926 938 2981 Et
966 2927 1037 2981 de
1066 2926 1354 2998 Cypriane
1386 2924 1621 2996 quidem
1655 2923 1823 2979 facile
1853 2922 2135 2995 intelligi-

480 3022 602 3084 tur,
650 3017 810 3072 unde
840 3014 924 3070 illi
954 3015 1100 3070 adeo
1132 3014 1363 3087 insigne
1394 3015 1594 3082 decus,
1622 3018 1689 3068 ut
1720 3013 1868 3083 ejus,
1921 3028 2135 3067 nomen

484 3123 621 3163 cum
669 3103 951 3160 Romanis
1011 3102 1369 3174 martyribus
1415 3102 1476 3156 in
1528 3101 1836 3157 Liberiano
1872 3099 2134 3156 indiculo

484 3194 873 3251 ascriberetur
904 3209 919 3247 :
952 3191 1011 3246 id
1038 3190 1260 3246 scilicet
1284 3189 1747 3263 praeclarissimis
1778 3190 1905 3260 ejus
1961 3188 2137 3243 meri-

485 3282 563 3338 tis
592 3282 797 3337 datum
825 3283 1059 3348 est,non
1081 3278 1141 3334 in
1172 3276 1492 3335 Ecclesium
1524 3277 1695 3333 modo
1724 3276 2142 3351 Carthaginen-
2169 3268 2212 3335 C

487 3388 615 3429 sem
669 3377 730 3426 et
771 3368 1105 3425 universam
1148 3367 1419 3437 Africam,
1471 3366 1572 3421 sed
1620 3365 1679 3421 in
1731 3381 1966 3421 omnem
2024 3382 2140 3437 qua

490 3464 655 3535 patet
682 3458 1001 3517 Ecclesiam
1034 3461 1090 3513 et
1118 3457 1179 3511 in
1205 3455 1413 3528 primis
1443 3455 1772 3511 Romanum
1792 3453 1964 3528 longe
1995 3454 2137 3510 late-

488 3567 602 3622 que
649 3547 901 3603 diﬂ‘usis.
947 3545 1179 3601 Nostris
1227 3550 1423 3600 autem
1469 3543 1628 3599 unde
1680 3560 1814 3599 cum
1850 3542 2136 3616 Cypriane

486 3638 691 3694 eadem
720 3636 917 3709 gloriae
946 3634 1271 3704 celebritas,
1305 3637 1371 3688 ut
1399 3649 1468 3688 ex
1497 3636 1581 3689 tot
1624 3633 1984 3705 martyribus
2038 3632 2139 3704 qui

484 3725 692 3781 Africae
722 3740 929 3780 arenas
959 3723 1211 3796 glorioso
1242 3737 1447 3778 cruore
1477 3721 1820 3793 irrigarent,
1847 3722 1991 3776 adeo
2022 3737 2143 3776 ma-

482 3820 634 3882 ture,
664 3814 723 3869 id
754 3817 839 3869 esl
871 3829 987 3869 non
1022 3812 1194 3885 longe
1224 3816 1358 3883 post
1406 3810 1641 3866 initium
1692 3808 1891 3866 saeculi
1923 3810 2139 3881 quarti,

482 3904 620 3962 solae
648 3920 784 3959 cum
815 3901 1191 3959 sanctissimo
1221 3900 1324 3955 illo
1348 3916 1413 3955 ac
1450 3899 1829 3956 celeberrimo
1869 3899 2141 3972 episcopo

491 3992 805 4067 specialem
856 3992 1052 4047 Romae
1102 3988 1533 4046 solemnitatem
1587 3987 2141 4061 consequerentur?

488 4084 776 4148 Profecto,
813 4084 933 4150 aut
961 4096 1030 4135 ex
1050 4096 1252 4135 earum
1285 4078 1449 4149 actis,
1491 4083 1594 4133 aut
1623 4094 1692 4135 ex
1723 4077 2142 4134 miraculorum

492 4172 564 4228 ad
617 4186 820 4226 earum
870 4173 1252 4224 monumenta
1314 4166 1661 4239 frequentia.
1713 4168 1795 4223 Ex
1842 4165 2143 4223 miraculis

492 4277 610 4317 non
657 4260 812 4316 dicet
853 4259 1060 4330 utique
1117 4258 1442 4329 Basnagius
1476 4274 1489 4312 :
1523 4256 1704 4329 igitur
1742 4273 1812 4312 ex
1842 4256 1987 4311 actis
2018 4271 2143 4327 quae

491 4348 758 4405 omnium
789 4347 1033 4421 proinde
1062 4351 1188 4402 tum
1222 4344 1499 4401 manibus
1538 4346 1899 4401 terebantur.
1935 4345 2143 4400 Annon

489 4454 625 4495 vero
682 4438 1006 4494 absurdum
1064 4440 1155 4493 est
1210 4434 1486 4509 cogitatu,
1538 4433 1692 4489 intra
1740 4433 1917 4489 unius
1949 4431 2145 4489 saeculi

491 4526 749 4599 spatium
780 4543 849 4581 ex
903 4525 1213 4580 hominum
1274 4523 1559 4580 memoria
1587 4521 1852 4578 excidere
1884 4522 2145 4594 potuisse

493 4614 904 4672 celeberrimas
924 4613 1097 4669 hasce
1118 4612 1579 4682 notissimasque
1593 4609 2145 4684 mulieres,quarum

494 4706 773 4761 Actorum
805 4702 1052 4761 lectione
1084 4701 1396 4758 Christiani
1457 4701 1701 4757 mirifice
1740 4701 2140 4773 capiebantur,

502 4790 993 4850 Montanistarum
1038 4793 1221 4848 fuisse
1251 4790 1549 4847 erroribus
1582 4790 1957 4848 maculatas?
1986 4790 2050 4845 Id
2080 4806 2145 4846 eo

499 4882 799 4940 difﬁcilius
829 4882 1052 4938 creditu
1083 4885 1191 4948 est,
1224 4896 1340 4951 quo
1380 4895 1583 4936 earum
1614 4879 1903 4952 insignior
1928 4879 2149 4936 exstitit

495 4972 656 5030 fama
688 4989 702 5028 :
736 4988 867 5044 quae
891 4971 1049 5027 enim
1081 4971 1153 5026 ad
1185 4970 1447 5026 obscurae
1474 4969 1650 5025 sortis
1680 4968 1946 5025 homines
1977 4968 2149 5042 perti-

495 5065 655 5130 nent,
689 5060 859 5117 faoile
888 5078 920 5117 e
968 5064 1337 5132 posterorum
1396 5056 1679 5113 memoria
1724 5056 1880 5113 delet
1907 5056 2143 5113 oblivio.

499 5150 643 5207 Rem
691 5166 827 5206 vero
896 5150 1040 5205 adeo
1088 5147 1429 5220 sigularem,
1481 5144 1755 5201 mulieres
1800 5145 2021 5201 scilicet
2073 5145 2147 5201 ob

498 5239 726 5296 invicta
751 5237 1110 5294 fortitudinis
1140 5236 1375 5291 laudem
1397 5239 1453 5290 et
1482 5234 1746 5290 caelestes
1767 5234 2147 5291 revelationes

502 5329 770 5385 omnium
801 5326 1177 5383 admirationi
1208 5323 1954 5394 habitas,Montanistarum
1989 5325 2145 5381 addi-

505 5424 631 5474 ctae
655 5417 835 5473 fuisse
854 5414 1371 5487 superstitionibus
1396 5429 1409 5480 ;
1446 5430 1633 5485 neque
1653 5413 2149 5486 Cathelici,neque

511 5506 784 5573 haeretici,
818 5510 938 5561 tam
970 5504 1127 5560 brevi
1156 5502 1440 5575 temporis
1481 5501 1782 5560 intervallo
1812 5502 1871 5559 in
1905 5502 2150 5561 oblivio-

579 5718 658 5790 (5)
687 5720 795 5778 An.
824 5721 951 5789 203,
981 5738 1041 5778 n.
1071 5737 1149 5778 v1.

2252 610 2489 681 quidem
2540 607 2843 680 Catholici,
2896 608 2995 679 qui
3037 613 3101 664 ut
3148 610 3220 663 ab
3271 609 3673 667 haereticorum
3719 612 3877 667 etiam

2249 696 2435 769 gloria
2464 697 2848 753 confessionis
2892 697 3217 771 insignium
3272 701 3695 757 consuetudine
3738 701 3881 756 refu-

2248 785 2507 857 giebant,
2567 786 2651 841 ita
2695 785 2939 842 sollicite
2994 788 3293 855 cavebant,
3356 805 3426 843 ne
3475 789 3575 843 66
3636 788 3757 845 falsi
3784 806 3880 858 pro

2246 874 2417 944 veris,
2450 874 2507 929 id
2539 879 2628 931 est
2658 874 2913 931 haeretici
2960 891 3064 951 pro
3095 876 3400 933 catholicis
3449 878 3795 951 martyribus
3820 878 3883 935 in

2248 979 2413 1020 sacra
2434 963 2707 1037 diptycha
2728 963 3218 1038 reciperentur.Et
3236 966 3374 1022 licet
3393 966 3703 1039 aliquando
3722 967 3887 1024 haere-

2246 1053 2495 1108 ticorum
2546 1052 2786 1111 nomina
2833 1053 2893 1110 in
2944 1053 3363 1129 martyrologia
3407 1054 3782 1129 irrepserint;
3827 1057 3884 1113 id

2245 1145 2465 1215 tamen,
2514 1146 2581 1199 ut
2638 1142 2882 1199 inferius
2943 1143 3469 1215 demonstrabitur,
3529 1146 3885 1217 aequioribus

2248 1231 2474 1287 saeculis
2496 1235 2553 1288 et
2574 1249 2606 1287 a
2632 1248 2827 1288 rerum
2851 1237 3151 1305 gestarum
3177 1235 3465 1291 memoria
3484 1235 3885 1291 remotissimis

2248 1321 2466 1376 factum
2496 1325 2584 1376 est
2608 1338 2620 1388 ;
2654 1320 2713 1376 id
2743 1338 2876 1378 vero
2899 1322 2968 1379 de
2991 1339 3105 1395 quo
3131 1341 3285 1379 nunc
3309 1324 3561 1397 agimus,
3590 1324 3682 1381 vix
3701 1324 3886 1398 elapso

2249 1409 2320 1464 ab
2350 1426 2552 1465 earum
2596 1410 2866 1482 passione
2896 1412 3106 1467 saeculo
3142 1412 3481 1485 contigisset
3516 1430 3528 1468 :
3566 1414 3715 1484 quod
3746 1418 3888 1471 certe

2247 1496 2305 1552 in
2339 1499 2697 1571 martyribus
2719 1501 2983 1572 ejusdem
3007 1499 3363 1558 celebritatis
3386 1506 3442 1557 et
3464 1503 3716 1558 nominis
3739 1507 3889 1559 caret

2247 1586 2529 1660 exemplo.
2564 1589 2674 1644 Sed
2710 1606 2898 1662 neque
2926 1589 3314 1663 Montanistis,
3347 1590 3505 1647 haud
3557 1591 3886 1664 infrequens

2245 1674 2304 1731 in
2338 1676 2531 1733 Africa
2561 1677 2961 1735 haereticorum
2996 1680 3189 1748 factio,
3214 1698 3353 1737 suos
3386 1680 3497 1736 sibi
3523 1698 3557 1736 a
3583 1681 3886 1739 Catholicis

2246 1766 2472 1837 subripi
2524 1771 2809 1840 martyres
2840 1767 2996 1839 passi
3030 1768 3299 1825 fuissent.
3351 1769 3462 1826 Sed
3503 1771 3574 1826 de
3619 1770 3723 1827 hoc
3749 1770 3883 1828 alibi

2245 1852 2473 1925 plenior
2502 1855 2612 1911 erit
2639 1859 2697 1911 et
2728 1856 3110 1929 Opportunier
3139 1857 3368 1914 dicendi
3400 1858 3581 1915 locus.

2322 1943 2415 1997 IV.
2450 1943 2617 1999 lnitio
2649 1944 2846 2001 saeculi
2877 1945 3071 2016 quinti
3104 1946 3347 2003 ﬂorebat
3392 1949 3886 2021 Augustinus,cu-

2244 2032 2345 2104 jus
2375 2031 2676 2089 Possidius
2706 2033 2763 2088 in
2797 2032 3055 2090 indiculo
3105 2040 3386 2104 recenset,
3433 2036 3507 2093 De
3531 2037 3717 2094 natali
3752 2039 3885 2096 Per-

2244 2126 2429 2194 petua
2457 2127 2507 2179 et
2553 2123 2849 2179 Felicitatis
2895 2128 3158 2181 tractatus
3184 2130 3321 2193 tres,
3365 2125 3464 2198 qui
3494 2126 3554 2182 in
3585 2126 3891 2187 novissima

2250 2225 2491 2283 operum
2521 2212 2648 2283 ejus
2679 2213 2952 2281 editione,
2988 2212 3091 2268 PP.
3119 2213 3625 2272 Benedictinorum
3657 2233 3888 2291 congre-

2251 2300 2501 2372 gationis
2553 2302 2740 2356 sancti
2799 2302 2983 2357 Mauri
3018 2303 3213 2359 studio
3244 2304 3543 2376 adornata,
3576 2310 3714 2362 sunt
3744 2306 3891 2363 inter

2251 2404 2549 2445 sermones
2632 2406 2795 2445 num.
2844 2407 3072 2458 ccexxx,
3160 2407 3391 2447 ccexxxr
3477 2399 3535 2449 et
3617 2410 3887 2451 ccexxxu.

2247 2476 2540 2545 Primum,
2572 2478 2630 2533 id
2663 2481 2752 2533 est
2782 2479 3250 2536 ducentesimum
3282 2482 3727 2554 octogesimum,
3750 2483 3894 2541 alias

2248 2567 2320 2622 de
2350 2566 2597 2623 diversis
2629 2567 3017 2623 centesimum
3045 2570 3304 2643 tertium,
3330 2570 3389 2627 in
3422 2572 3666 2627 dubium
3685 2577 3896 2629 Basna-

2247 2655 2380 2727 gius
2427 2659 2680 2726 revocat,
2726 2655 2843 2712 imo
2888 2674 3001 2713 non
3052 2673 3179 2715 esse
3225 2659 3542 2731 Augustini
3574 2660 3889 2732 existimat,

2246 2743 2547 2800 levissima
2602 2746 2814 2801 ductus
2872 2748 3207 2817 conjectura
3258 2764 3270 2804 :
3318 2749 3437 2804 Non
3490 2751 3895 2825 existimamus,

2247 2832 2440 2904 inquit
2470 2835 2567 2905 (5),
2626 2835 2921 2903 Augustini
2968 2851 3271 2892 sermonem
3314 2853 3428 2893 esse
3473 2838 3537 2894 de
3580 2841 3768 2896 Natali
3796 2842 3893 2898 SS.

2245 2923 2526 2994 Perpetua:
2556 2931 2606 2979 et
2636 2924 2932 2979 Felicitatis
2960 2933 3291 2997 martyrum,
3319 2926 3419 2981 ubi
3447 2926 3561 2983 haec
3591 2929 3847 3001 leguntur
3878 2950 3897 2985 :

2248 3035 2276 3062 «
2329 3012 2754 3068 [adhortationes
2810 3030 3003 3069 earum
3060 3016 3119 3069 in
3180 3016 3388 3073 divinis
3444 3018 3899 3087 revelationibns,

2243 3102 2659 3174 triumphosque
2698 3104 3042 3175 passionum,
3108 3120 3231 3160 cum
3287 3106 3617 3180 legerentur,
3668 3110 3905 3165 audivi-

2244 3207 2386 3245 mus.
2422 3212 2451 3241 »
2484 3196 2630 3262 Quae
2674 3208 2807 3249 sane
2834 3208 2945 3247 non
2975 3192 3252 3264 quudrant
3294 3194 3365 3251 ad
3414 3198 3717 3266 Augustini
3743 3216 3903 3260 men-

2250 3284 2381 3347 tem,
2414 3296 2507 3354 quz
2539 3283 2714 3335 verbis
2743 3282 3014 3352 expressis
3045 3283 3329 3355 Perpetua?
3371 3286 3601 3342 visiones
3649 3286 3901 3360 Scriptu-

2247 3369 2331 3423 ris
2357 3368 2561 3424 sanctis
2589 3371 2783 3426 eximit
2812 3370 2891 3442 (6)
2923 3387 2936 3426 :
2974 3376 3051 3427 De
3096 3374 3279 3442 fratre
3308 3382 3483 3431 autem
3517 3375 3574 3431 S.
3608 3379 3907 3450 Perpetua:

2248 3457 2589 3526 Dimocrate,
2641 3475 2739 3514 nec
2786 3461 3067 3533 scriptura
3117 3462 3233 3535 ipsa
3298 3465 3561 3520 canonica
3603 3470 3704 3522 est.
3758 3468 3910 3537 Quid

2249 3563 2371 3604 vero
2426 3548 2603 3619 magis
2656 3550 2984 3604 canonicum
3032 3567 3199 3624 quam
3251 3552 3459 3610 divinae
3514 3555 3908 3625 revelationes,

2248 3637 2434 3709 quales
2474 3639 2741 3693 sermonis
2792 3641 3004 3694 auctori
3053 3641 3453 3697 existimatur
3478 3646 3504 3698 Ρ
3530 3642 3747 3700 Verum
3783 3663 3906 3702 non

2247 3726 2617 3799 Augustinus
2651 3728 2951 3798 modo,sed
2975 3744 3161 3802 neque
3183 3729 3341 3786 ullus
3364 3749 3623 3806 unquam
3656 3734 3915 3791 catholi-

2251 3832 2355 3871 cus
2386 3815 2635 3889 scriptor
2665 3817 2889 3873 divinas
2934 3817 3029 3873 hic
3088 3835 3191 3891 pro
3239 3822 3518 3877 canonicis
3557 3823 3913 3896 accepisset.

2252 3904 2393 3970 Quis
2421 3902 2600 3973 enim,
2646 3903 2904 3975 exceptis
2952 3904 3351 3977 Montanistis,
3400 3911 3653 3982 privatas
3694 3911 3921 3983 hujus-

2253 3991 2412 4047 medi
2462 3991 2863 4062 revelationes,
2918 3997 2977 4049 et
3028 3994 3252 4066 privata
3310 3999 3656 4055 auctoritate
3698 3999 3927 4059 litteris

2254 4080 2520 4148 traditas,
2554 4098 2658 4154 pro
2691 4082 2986 4138 canonicis
3012 4081 3266 4139 habuit?
3293 4088 3378 4141 An
3402 4085 3583 4160 igitur
3612 4091 3927 4146 sermonis

2254 4175 2552 4226 auctorem
2602 4170 2855 4242 aliquem
2906 4172 3087 4228 fuisse
3136 4175 3288 4231 dicet
3332 4194 3363 4231 e
3412 4176 3928 4236 Mentanistarum

2255 4263 2413 4315 secta
2442 4259 2941 4316 declamatorem?
2972 4278 3089 4317 non
3122 4268 3260 4334 puto
3294 4265 3349 4319 id
3385 4264 3681 4322 dicturum
3716 4268 3929 4324 virum

2254 4348 2570 4403 eruditum.
2613 4347 2889 4421 Quisquis
2939 4350 3121 4423 igitur
3161 4353 3334 4409 fuerit
3361 4355 3653 4412 sermonis
3684 4361 3930 4426 auctor,

2255 4452 2397 4493 sane
2424 4437 2630 4493 doctus
2682 4441 2738 4493 et
2767 4437 3089 4497 catholicus
3120 4444 3177 4498 et
3222 4445 3380 4499 totus
3409 4444 3938 4517 Augustinianus,

2255 4526 2472 4581 divinas
2505 4524 2669 4594 dixit,
2704 4544 2738 4582 a
2767 4527 2884 4583 Deo
2915 4528 3237 4599 immissas,
3271 4535 3335 4587 ut
3384 4533 3478 4606 pie
3511 4532 3938 4603 existimabat,

2177 4638 2223 4702 Β
2257 4614 2661 4686 revelationes,
2714 4632 2829 4670 non
2861 4620 3056 4672 autem
3088 4620 3242 4689 quod
3290 4636 3390 4676 eas
3422 4622 3683 4678 crederet
3714 4622 3944 4679 divina

2254 4704 2437 4760 fuisse
2468 4704 2830 4776 conscriptas
2862 4707 3204 4765 auctoritate
3231 4726 3244 4764 :
3274 4709 3433 4765 aliud
3464 4715 3554 4766 est
3575 4712 3738 4767 enim
3766 4712 3941 4769 divi-

2257 4809 2393 4849 nam
2424 4809 2552 4849 esse
2578 4792 3171 4867 revelationem,aliud
3199 4798 3456 4853 divinam
3487 4815 3617 4856 esse
3648 4805 3708 4857 et
3743 4817 3951 4858 cane-

2256 4882 2447 4938 nicam
2498 4881 2873 4955 scripturam,
2924 4883 2982 4939 in
3038 4900 3156 4956 qua
3212 4885 3347 4942 talis
3406 4887 3577 4944 nobis
3636 4888 3953 4947 revelatio

2254 4970 2616 5042 proponitur.
2649 4971 2723 5027 Ut
2750 4972 3010 5030 divinam
3067 4973 3338 5031 dicamus
3368 4975 3624 5049 aliquam
3686 4978 3954 5035 revela-

2251 5058 2717 5126 tionem,sufﬂcit
2747 5064 2814 5116 ut
2834 5060 3020 5117 Deum
3052 5067 3349 5121 auctorem
3380 5064 3661 5123 habuisse
3693 5067 3953 5141 proba-

2254 5145 2452 5203 biliter
2499 5147 2942 5217 existimemus;
2986 5152 3085 5207 sed
3117 5158 3184 5209 ut
3234 5154 3577 5211 canonicam
3637 5155 3958 5212 dicamus

2256 5237 2609 5310 scripturam
2634 5238 2693 5293 in
2716 5255 2831 5310 qua
2852 5238 2986 5295 talis
3008 5241 3279 5298 revelatio
3306 5244 3965 5313 continetur,necesse

2256 5330 2345 5381 est
2394 5332 2459 5382 ut
2510 5328 2857 5385 canonicum
2906 5330 3247 5411 scriptorem
3298 5336 3355 5388 et
3406 5333 3603 5389 divino
3638 5333 3968 5391 afﬂatum

2258 5416 2466 5487 spiritu
2516 5416 2806 5472 habuerit.
2861 5419 3223 5489 Augustinus
3273 5421 3471 5493 igitur,
3524 5428 3589 5478 ut
3630 5423 3974 5495 deinceps

2258 5504 2609 5576 Videbimus,
2659 5510 2961 5578 Perpetuo:
3012 5508 3388 5567 revelationes
3433 5528 3502 5568 ex
3547 5513 3665 5569 Dee
3739 5514 3977 5571 fuisse

2329 5718 2408 5795 (6)
2437 5718 2563 5777 Lib.
2595 5738 2616 5777 ι
2643 5719 2717 5779 De
2744 5722 2935 5779 anima
2962 5730 3016 5781 et
3043 5722 3162 5795 ejus
3189 5724 3352 5798 orig.,
3386 5742 3514 5800 cap.
3550 5726 3637 5784 10.
