4050 6172
171 438 245 498 69

1009 426 1162 489 PRO
1204 427 1316 488 SS.
1363 423 1805 497 PERPETUA,
1852 420 2321 488 FELICITATE
2363 426 2464 489 ET
2508 429 2777 492 SOClIS.

3514 434 3597 494 '10

181 562 575 639 probabiliter
623 559 881 620 credidi:
936 559 1192 634 adeoque
1237 559 1453 616 divinas
1501 558 1610 614 hoc
1659 574 1835 614 sensu
1866 559 1922 626 Α
1951 558 2532 641 Carthaginensesub
2564 560 2825 616 Genetlio
2865 578 3018 618 anno
3058 579 3248 631 cccxc,
3287 567 3346 620 et
3377 569 3594 624 caetera)

185 661 232 710 et
279 653 533 708 notione
565 650 758 708 dicere
788 649 1094 723 potuisset.
1128 648 1357 704 Auctori
1387 664 1520 703 vero
1551 646 1839 704 sermonis
1951 646 2227 720 deinceps
2250 648 2734 720 Carthaginenses
2758 650 2961 724 synodi
2996 650 3296 710 celebratae
3328 661 3485 712 sunt.
3513 655 3596 712 De

185 757 369 812 neque
404 741 473 796 in
506 743 766 795 mentem
795 737 972 805 venit,
1005 741 1300 812 Perpetua:
1348 737 1490 792 Acta
1535 736 1594 794 in
1627 735 1842 807 quibus

183 830 484 903 ejusmodi
537 827 928 886 revelationes
975 825 1270 899 leguntur,
1321 825 1665 881 canonicam
1715 841 1844 881 esse

184 920 546 992 scripturam
601 933 926 990 eorumque
978 919 1275 972 auctorem
1339 914 1533 970 divino
1581 914 1842 972 afflatum

190 1009 362 1065 luisse
377 1007 626 1080 spiritu,
643 1005 954 1082 divinaque
967 1005 1272 1078 praeditum
1288 1003 1847 1069 auctoritate.Quare

187 1100 334 1154 inter
363 1096 674 1157 sermonis
701 1096 797 1151 O7
834 1099 1150 1160 auctorem,
1173 1092 1510 1172 quicunque
1533 1091 1628 1148 ille
1650 1092 1845 1159 fuerit,

188 1195 240 1243 et
268 1187 682 1262 Augustinum
727 1185 945 1258 optime
992 1183 1294 1240 convenit:
1346 1198 1534 1256 neque
1586 1186 1708 1240 tam
1738 1179 1849 1238 levi

190 1277 478 1350 inanique
507 1276 852 1347 conjectura
873 1273 1150 1334 laudatus
1171 1288 1363 1329 sermo
1383 1271 1710 1348 Augustino
1734 1271 1851 1328 fue-

190 1371 273 1422 rat
304 1363 782 1440 abjudlcandus.

259 1499 644 1558 Concedatcr
673 1503 868 1556 tamen
906 1509 1095 1568 neque
1133 1495 1312 1563 hunc,
1355 1509 1545 1567 neque
1585 1494 1732 1550 duos
1761 1509 1856 1550 eeo

197 1596 456 1664 quentes
487 1603 792 1646 sermones
822 1588 880 1643 in
912 1586 1099 1644 Natali
1132 1589 1448 1656 martyrum
1499 1585 1780 1654 Perpetua!
1808 1584 1860 1638 et

197 1680 544 1748 Felicitatis,
602 1677 702 1749 qui
762 1677 936 1734 modo
989 1675 1141 1734 inter
1193 1675 1324 1746 ejus
1382 1689 1557 1746 Opera
1608 1677 1860 1743 exstant,

199 1768 532 1841 Augustini
562 1783 687 1823 esse
709 1784 724 1833 ;
752 1783 826 1820 an
853 1769 1054 1822 contra
1077 1770 1340 1836 apertum
1364 1763 1613 1821 Possidii
1636 1778 1764 1818 esse
1786 1766 1865 1818 te-

201 1858 565 1915 stimonium
588 1855 842 1927 negabit,
876 1862 1004 1921 tres,
1027 1854 1086 1910 Β.
1116 1854 1407 1910 doctorem
1431 1853 1497 1911 de
1520 1851 1720 1910 Natali
1737 1853 1868 1907 Pen-

200 1957 390 2020 pctua
444 1949 499 2004 et
558 1945 886 2002 Felicitatis.
924 1946 1188 2000 (metatus
1244 1942 1540 2002 habuisse?
1595 1942 1872 2012 Adeoque

212 2051 308 2092 eas
352 2049 465 2105 pro
514 2033 669 2090 veris
717 2029 1137 2102 catholicisque
1186 2029 1541 2102 martyribus
1588 2047 1623 2086 a
1670 2032 1870 2086 sancto

213 2125 460 2181 doctore
494 2121 681 2181 fuisse
721 2120 975 2187 habitas,
1023 2125 1081 2177 et
1127 2120 1334 2192 quinto
1376 2119 1613 2177 ineunte
1661 2117 1875 2176 saeculo

213 2213 516 2271 celebrem
551 2210 736 2268 fuisse
765 2227 968 2268 earum
988 2209 1049 2267 in
1071 2209 1265 2266 Africa
1285 2208 1715 2266 solemnitatem
1737 2209 1764 2263 ‘l
1785 2215 1875 2264 An

213 2301 460 2375 negabit
488 2299 802 2371 Augustini
832 2315 961 2356 esse
989 2297 1416 2356 enarrationem
1469 2298 1529 2356 in
1578 2297 1877 2355 Psalmum

212 2408 388 2461 mu,
427 2389 534 2449 ubi
567 2388 866 2460 Perpetua;
896 2388 1185 2456 meminit,
1217 2393 1276 2444 et
1326 2388 1454 2458 ejus
1486 2389 1620 2444 Acta
1650 2386 1882 2461 publice

212 2484 269 2537 in
301 2478 598 2537 Ecclesiis
627 2477 784 2536 lecta
807 2477 993 2534 fuisse
1041 2475 1384 2550 signiﬁcat?
1435 2476 1589 2532 Sicut
1632 2476 1884 2532 novimus

208 2569 435 2643 inquit,
467 2573 528 2625 et
562 2566 798 2639 legimus
829 2569 890 2624 in
916 2567 1181 2638 passione
1207 2566 1383 2622 beatae
1428 2567 1736 2636 Perpetuse.
1767 2563 1882 2620 Sed

213 2665 268 2716 et
298 2660 365 2716 in
400 2657 580 2715 libris
609 2659 685 2714 De
713 2658 908 2712 anima
935 2663 986 2712 et
1012 2657 1130 2728 ejus
1159 2656 1381 2724 origine
1429 2654 1507 2725 (7)
1537 2654 1885 2726 Perpetuam

223 2750 454 2820 ubique
483 2751 758 2804 sanctam
789 2743 1077 2818 appellat;
1109 2748 1167 2800 et
1203 2743 1466 2816 quamvis
1496 2744 1626 2816 ejus
1655 2743 1887 2814 passio-

227 2840 318 2894 nis
351 2840 508 2894 Acta
561 2835 997 2908 Scripturarum
1046 2849 1268 2889 canone
1314 2833 1550 2900 eximat,
1601 2849 1792 2904 neque
1821 2847 1892 2888 ex

226 2929 310 2984 eis
341 2924 702 2982 testimonia
731 2923 974 2994 proferri
1005 2920 1142 2978 velit
1172 2923 1452 2978 adversus
1482 2921 1616 2977 ﬁdei
1675 2926 1890 2994 myste-

228 3017 334 3087 ria,
370 3016 590 3072 eodem
621 3018 820 3070 tamen
856 3028 1100 3069 numero
1129 3027 1194 3067 ac
1226 3011 1411 3083 pretio
1442 3011 1617 3067 habet
1646 3028 1761 3083 quo
1787 3028 1893 3066 omo

229 3111 500 3162 terorum
538 3108 864 3174 martyrum
896 3105 1044 3167 acta,
1077 3100 1345 3156 eamdem
1392 3099 1510 3156 illis
1557 3117 1624 3156 ac
1675 3099 1898 3156 casteria

235 3197 420 3251 ﬁdem
450 3193 722 3260 adhibet,
754 3207 945 3263 neque
977 3188 1145 3245 ullibi
1177 3193 1481 3261 Perpetua:
1506 3189 1764 3244 visiones
1793 3204 1898 3261 pro

238 3281 740 3338 muliercularum
759 3276 1066 3336 insomniis
1086 3277 1280 3343 habet,
1304 3276 1481 3334 veluti
1512 3277 1900 3333 Montanista-
1933 3287 1976 3355 ο

239 3387 376 3426 rum
411 3370 724 3442 ﬁgmenta,
756 3371 859 3422 aut
898 3365 1140 3423 humani
1183 3365 1427 3437 spiritus
1473 3365 1904 3422 ludiﬁcationes

237 3459 548 3532 explodit:
584 3458 848 3528 adeoque
884 3471 918 3511 a
964 3459 1078 3510 Deo
1126 3453 1421 3511 immissas
1474 3454 1658 3510 fuisse
1706 3459 1764 3510 et
1793 3455 1905 3510 hoc

241 3565 428 3606 sensu
461 3548 707 3610 divinas,
739 3561 808 3601 ea
839 3544 952 3600 ﬁde
982 3543 1186 3613 credit,
1219 3560 1397 3615 quam
1419 3543 1763 3614 hujusmodi
1787 3560 1908 3599 mo-

244 3639 560 3694 numentis
587 3635 870 3692 adhibere
897 3632 1005 3690 viri
1029 3632 1340 3703 prudentia
1361 3633 1652 3703 etjudicic
1678 3633 1905 3705 prsiditi

245 3729 712 3784 consueverunt.

313 3859 397 3915 ν.
433 3859 553 3915 Sed
585 3857 865 3914 omnibus
899 3872 1027 3932 quis
1056 3855 1345 3912 hactenus
1376 3853 1783 3930 produximus,
1816 3873 1908 3910 ar-

246 3949 560 4022 gumentis
591 3945 947 4003 luculentius
978 3949 1067 4002 est
1118 3943 1284 4015 illud,
1337 3945 1488 4015 quod
1535 3961 1600 3999 ex
1650 3942 1909 3999 Basilicas

248 4038 550 4113 dignitate
580 4053 646 4092 ac
673 4039 965 4091 vetustate
997 4034 1326 4101 conﬁcitur,
1358 4050 1536 4106 quam
1561 4033 1912 4106 Carthagine

250 4128 551 4201 Perpetua
580 4142 647 4181 ac
694 4124 960 4180 Felicitas
1009 4123 1362 4179 habuerunt.
1412 4122 1798 4179 Celeberrima
1829 4123 1912 4180 si-

255 4217 507 4290 quidem
542 4220 597 4270 et
627 4213 1041 4288 antiquissima
1071 4212 1336 4268 omnium
1367 4211 1743 4268 ecclesiarum
1775 4214 1912 4268 Car-

255 4304 732 4379 thaginensium,
783 4307 862 4371 et,
915 4307 980 4358 ut
1039 4303 1211 4358 modo
1270 4301 1504 4370 dicitur,
1563 4300 1770 4358 Matrix
1816 4300 1916 4358 illa

259 4395 452 4450 fuisse
483 4393 717 4448 videtur
745 4410 870 4465 quae
904 4392 962 4447 in
1008 4390 1267 4462 antiquis
1314 4390 1709 4446 monumentis
1743 4391 1915 4447 modo

267 4484 505 4538 basilica
553 4485 807 4538 restituta
858 4481 956 4554 (8),
1009 4479 1182 4536 modo
1233 4480 1468 4535 basilica
1515 4482 1785 4551 majorum
1816 4481 1914 4554 (9),

263 4571 450 4628 modo
484 4572 718 4628 basilica
749 4572 937 4642 major
968 4569 1101 4641 (10),
1158 4569 1331 4624 modo
1381 4569 1450 4624 ad
1497 4571 1734 4640 maiores
1781 4569 1915 4644 (11),

1955 734 2063 790 hac
2101 737 2304 792 eadem
2355 737 2596 794 basilica
2645 737 3086 811 intelligendum
3134 746 3274 816 puto
3324 748 3596 802 sanctum

1955 823 2230 897 Optatum
2252 825 2676 892 Milevitanum,
2696 827 2795 881 ubi
2819 828 2888 883 de
2913 828 3288 886 schismatica
3328 831 3599 904 Majorini

1957 913 2323 972 ordinatione
2366 914 2629 986 loquens,
2677 914 2800 972 haec
2843 915 3018 972 habet
3059 919 3205 989 (i2):
3265 923 3500 976 Interea
3531 919 3603 978 ad

1959 1001 2264 1070 basilicam,
2297 1005 2395 1059 ubi
2433 1021 2558 1060 cum
2619 1005 2922 1061 Caeciliano
2975 1013 3092 1062 tota
3148 1008 3340 1063 civitas
3400 1009 3457 1062 in
3488 1011 3602 1080 fre-

1959 1094 2183 1162 quentia
2209 1096 2412 1165 fuerat,
2470 1093 2659 1148 nullus
2713 1095 2782 1148 de
2835 1110 3003 1166 supra
3049 1094 3204 1150 dictis
3264 1098 3506 1154 accessit.
3535 1097 3608 1156 Et

1961 1180 2136 1252 paulo
2168 1186 2337 1256 post:
2373 1181 2477 1237 illo
2501 1187 2764 1254 tempore
2797 1187 2900 1239 aut
2929 1200 3063 1239 reus
3096 1184 3483 1258 (Caecilianus)
3513 1189 3609 1243 de-

1965 1271 2119 1326 bebat
2175 1272 2398 1344 expelli,
2459 1280 2555 1327 aut
2611 1274 3010 1328 communicari
3073 1273 3258 1330 debuit
3311 1276 3613 1334 innocenti.

1967 1359 2231 1434 Conferta
2259 1366 2378 1416 erat
2407 1361 2651 1418 Ecclesia
2677 1363 2932 1434 pupulis:
2982 1364 3146 1434 plena
3195 1371 3313 1419 erat
3353 1363 3616 1422 cathedra

1967 1451 2294 1522 episcopalis
2323 1467 2342 1504 :
2373 1458 2492 1506 erat
2516 1452 2697 1506 altare
2725 1451 2825 1509 68
2859 1452 2969 1510 loco
3007 1469 3105 1508 suo
3136 1454 3194 1508 in
3249 1469 3352 1528 quo
3397 1453 3622 1528 paciﬁci

1970 1540 2210 1611 episcopi
2237 1543 2386 1594 retro
2416 1543 2672 1610 temporis
2692 1540 3030 1608 obtulerunt,
3066 1541 3401 1614 Cyprianus,
3436 1544 3629 1600 Luciu-

1973 1644 2076 1682 nus
2103 1631 2154 1682 et
2182 1629 2392 1684 caeleri.
2427 1628 2516 1683 Sic
2543 1631 2758 1687 exitum
2790 1638 2888 1699 est,
2919 1632 3092 1702 foras,
3137 1635 3186 1686 et
3226 1632 3404 1688 altare
3433 1641 3629 1690 contra

1976 1717 2153 1772 altare
2182 1721 2426 1774 erectum
2454 1721 2552 1787 est,
2587 1723 2696 1774 etc.
2752 1723 2829 1774 De
2878 1717 3008 1784 hac,
3061 1719 3329 1796 inquam,
3384 1720 3632 1778 basilica

1979 1821 2082 1862 seu
2114 1809 2409 1880 majorum,
2435 1824 2537 1863 seu
2569 1809 2841 1876 restituta,
2867 1807 3027 1878 loqui
3058 1807 3167 1863 hoc
3198 1807 3324 1866 loco
3355 1813 3632 1870 sanctum

1899 1927 1949 1993 Β
1979 1895 2256 1968 Optatum
2287 1894 2575 1965 existimo,
2620 1900 2926 1968 propterea
2980 1896 3135 1969 quod
3186 1913 3220 1950 a
3271 1895 3502 1952 Victore
3535 1897 3631 1954 Vi-

1980 1985 2132 2041 tensi
2175 1984 2465 2041 memoriae
2516 1985 2812 2056 proditum
2865 1984 2978 2039 fuit
3023 1983 3162 2058 (13),
3210 1983 3632 2060 Carthaginen-

1986 2074 2139 2129 sium
2193 2073 2601 2151 episcoporum
2653 2073 2852 2130 sedem
2911 2073 3030 2128 illic
3070 2091 3302 2149 semper
3355 2074 3537 2133 fuisse
3570 2092 3637 2134 ac

1988 2161 2374 2218 domicilium.
2409 2163 2586 2218 Porro
2614 2162 2673 2220 in
2706 2161 2814 2219 hac
2854 2160 3096 2219 ecclesia
3144 2181 3322 2237 quam
3371 2164 3641 2222 omnium.

1989 2251 2541 2325 Carthaginensium
2583 2256 2840 2308 statuere
2863 2254 2999 2324 jure
3047 2253 3267 2325 optimo
3324 2269 3644 2328 possumus

1991 2341 2434 2400 celeberrimam
2452 2343 2619 2412 juxta
2631 2346 2808 2414 atque
2825 2340 3329 2414 antiquissimam,
3343 2341 3641 2413 Perpetua

1992 2433 2050 2486 et
2081 2429 2397 2486 Felicitatis
2429 2429 2662 2488 condita
2692 2431 2874 2488 fuisse
2913 2447 3178 2505 corpora,
3230 2431 3516 2490 laudatus
3537 2431 3644 2488 Vi-

1995 2523 2119 2576 ctor
2156 2519 2403 2575 Vitensis
2434 2520 2600 2577 testis
2632 2519 3133 2594 locupletissimus
3156 2525 3245 2579 est
3265 2522 3379 2596 (14)
3401 2539 3414 2578 :
3437 2523 3643 2579 Basili-

1995 2625 2117 2664 cam
2167 2615 2460 2684 majorem,
2526 2610 2624 2665 ubi
2672 2625 2902 2678 corpora
2955 2615 3276 2669 sanctarum
3329 2617 3649 2685 martyrum

1998 2701 2289 2769 Perpetua?
2317 2706 2477 2770 atque
2531 2699 2835 2756 Felicitatis
2891 2701 3105 2774 sepulta
3155 2711 3354 2758 sunt...
3415 2718 3533 2760 suae
3560 2719 3653 2762 re-

2003 2787 2202 2855 ligioni
2257 2785 2546 2858 (Vandali)
2604 2789 2830 2845 licentia
2887 2792 3189 2862 tyrannica
3236 2794 3655 2864 manciparunt,

2007 2877 2126 2930 Imo
2177 2892 2245 2930 ex
2296 2875 2590 2948 Perpetua:
2637 2878 2904 2932 eamdem
2947 2878 3255 2934 basilicam
3303 2880 3658 2954 appellatam

2005 2961 2186 3019 fuisse
2218 2963 2473 3035 nomine,
2507 2963 2663 3020 haud
2697 2965 2943 3022 obscure
2973 2966 3268 3040 colligitur
3296 2985 3365 3024 ex
3383 2969 3541 3024 Actis
3563 2985 3655 3026 se-

2007 3051 2183 3108 cundi
2214 3051 2443 3108 concilii
2474 3052 2972 3128 Carthagineusis,
3005 3057 3160 3126 quod
3183 3056 3450 3114 habitum
3474 3057 3657 3115 fuisse

2009 3142 2226 3200 dicitur
2268 3143 2329 3196 in
2373 3142 2610 3198 basilica
2668 3144 2944 3217 Perpetua
2989 3146 3158 3218 (forte
3213 3164 3288 3205 an
3344 3148 3661 3222 Perpetua)

2011 3231 2306 3288 restituta.
2355 3235 2476 3286 Hoc
2535 3236 2733 3290 autem
2789 3250 2920 3292 esse
2973 3240 3115 3312 puto
3172 3236 3574 3311 antiquissimi
3604 3239 3664 3295 et

2017 3319 2378 3376 celeberrimi
2410 3319 2604 3377 cultus
2631 3326 2690 3377 et
2719 3339 2924 3384 earum
2954 3323 3316 3384 orthodoxiaa
3347 3325 3662 3385 evidentis-

2015 3409 2233 3467 simum
2266 3414 2703 3481 argumentum.

2085 3497 2574 3554 Vetustissimum
2598 3499 2780 3558 fuisse
2802 3499 2862 3556 in
2896 3499 3154 3559 Ecclesia
3185 3519 3430 3572 morem,
3465 3508 3524 3562 et
3549 3503 3668 3578 ipsi

2017 3603 2163 3660 pene
2183 3585 2516 3642 christianae
2537 3587 2802 3660 religioni
2822 3607 3097 3659 coaevum,
3117 3597 3184 3648 ut
3197 3592 3483 3650 catholica
3500 3592 3670 3670 plebs

2019 3676 2091 3733 ad
2119 3675 2433 3732 memorias
2464 3680 2788 3750 martyrum
2819 3680 3175 3754 conveniret,
3218 3687 3275 3740 et
3304 3699 3371 3740 ea
3398 3681 3527 3741 loca
3558 3684 3668 3742 ire-

2021 3769 2329 3837 quentaret
2358 3782 2424 3820 ac
2455 3764 2727 3838 religiosa
2751 3768 3054 3826 devotione
3085 3769 3316 3840 coleret,
3355 3771 3457 3829 ubi
3486 3789 3668 3833 sacra

2019 3853 2282 3926 ipsorum
2311 3854 2526 3910 exuviae
2576 3855 2820 3912 conditae
2871 3858 3102 3914 fuerant
3139 3876 3310 3916 nemo
3353 3861 3454 3934 qui
3483 3861 3668 3921 histo-

2021 3941 2169 3998 riam
2200 3941 2654 4001 ecclesiasticam
2688 3945 2778 4001 vel
2809 3965 2842 4001 a
2871 3945 3074 4004 limine
3101 3947 3390 4015 salutarit,
3415 3949 3668 4023 ignorat.

2023 4035 2099 4088 De
2120 4029 2390 4086 Romanis
2412 4034 2832 4100 monumentis,
2866 4033 2926 4090 in
2951 4036 3169 4108 quibus
3190 4053 3358 4096 sacra
3380 4037 3674 4112 apostolo-

2024 4136 2155 4175 rum
2179 4136 2420 4193 corpora
2440 4121 2705 4196 deposita
2734 4123 2983 4190 fuerant,
3009 4124 3067 4180 id
3094 4125 3402 4184 manifeste
3424 4132 3678 4188 testatur

2024 4208 2346 4284 Zephyrion
2381 4208 2623 4284 aequalis
2673 4211 2934 4286 adeoque
2973 4213 3344 4286 Tertulliano,
3377 4215 3676 4289 Perpetua

2025 4303 2082 4354 et
2121 4297 2401 4354 Felicitati
2453 4299 2818 4372 synchronus
2867 4301 3076 4359 Caius:
3127 4305 3239 4377 Ego
3287 4320 3432 4372 vero,
3483 4303 3680 4378 inquit

2026 4388 2160 4459 (15).
2216 4387 2603 4462 Apostolorum
2659 4398 2864 4462 tropaa
2913 4407 3132 4462 possum
3189 4392 3488 4450 ostendere.
3538 4393 3680 4452 Nam

2027 4478 2145 4532 sive
2174 4479 2233 4531 in
2271 4478 2620 4545 Vaticanum,
2652 4481 2768 4533 sive
2813 4479 2882 4534 ad
2923 4479 3222 4536 Ostiensem
3267 4483 3417 4537 viam
3450 4498 3681 4557 pergere

2031 4565 2185 4633 libet,
2215 4569 2498 4620 occurrent
2544 4566 2650 4620 tibi
2695 4575 2898 4640 tropea
2955 4584 3162 4641 eorum,
3221 4572 3318 4642 qui
3375 4572 3680 4644 ecclesiam,

263 4667 672 4738 nuncupatur.
708 4661 770 4716 In
803 4676 872 4716 ea
901 4662 1099 4731 utpote
1130 4657 1339 4728 majori
1388 4657 1576 4730 plebis
1624 4657 1923 4732 Carthagi-
1953 4659 2001 4725 Ι)
2034 4654 2202 4709 illam
2228 4653 2615 4722 fundaverant.
2651 4654 2713 4711 In
2736 4654 2945 4712 iisdem
2969 4655 3114 4714 locis
3137 4659 3494 4736 ampliﬁcata
3515 4666 3682 4733 post-

261 4750 479 4808 nensis
521 4766 809 4806 concursu
859 4748 1245 4822 frequentata,
1300 4745 1562 4822 plerique
1605 4745 1920 4820 Augustini
2034 4743 2273 4800 modum
2300 4741 2598 4815 religione,
2642 4748 2698 4799 et
2719 4743 3031 4804 Ecclesiae
3057 4749 3566 4819 persecutionibue
3587 4767 3683 4811 re-

261 4854 580 4898 sermcnes
601 4837 788 4896 habiti
817 4841 959 4894 sunt
987 4852 1205 4910 eorum,
1256 4852 1404 4908 quos
1453 4839 1692 4892 sanctus
1723 4835 1923 4892 doctor
2033 4832 2311 4906 spirante,
2384 4835 2710 4889 exstructas
2785 4834 2970 4896 fuisse
3043 4836 3318 4896 basilicas
3367 4855 3682 4913 sacrasque

260 4927 626 5002 Carthagine
672 4927 952 4984 recitavit.
1017 4926 1081 4982 In
1132 4940 1199 4982 ea
1238 4923 1548 4981 concilium
1593 4925 1921 4982 secundum
2033 4921 2238 4978 domos
2270 4918 2568 4994 religionis
2592 4921 2797 4982 usibus
2816 4925 3207 5000 mancipatas,
3231 4928 3410 4989 etiam
3430 4929 3677 4988 constat.

343 5103 594 5231 (’31‘8’id.
627 5104 730 5162 lib.
765 5125 805 5180 ι,
840 5123 966 5179 cap.
1003 5104 1105 5174 10;
1138 5101 1353 5168 lio.1u,
1377 5117 1504 5176 cap.
1529 5101 1615 5174 11,
1641 5106 1698 5158 et
1717 5100 1819 5157 lib.
1846 5118 1924 5174 1v,

261 5195 427 5317 alii)
440 5195 534 5304 ιιῗέ
557 5250 714 5305 Actis
743 5264 906 5306 conc.
944 5245 1278 5317 Carthagin.
1313 5261 1375 5312 ιι,
1400 5248 1457 5317 et
1478 5246 1631 5316 apud
1654 5245 1922 5316 August,

264 5315 463 5394 Serm.
505 5322 591 5394 19,
620 5327 679 5394 et
702 5322 858 5394 apud
889 5319 1104 5378 Victor.
1137 5315 1386 5388 Vitens.,
1413 5315 1532 5372 lib.’
1567 5333 1587 5373 ι
1641 5317 1718 5372 De
1743 5332 1924 5388 perse-

266 5399 384 5447 cut.
428 5393 664 5447 Vandat.
744 5393 753 5394 7

347 5465 425 5535 (9)
463 5466 934 5540 Apud_August.,
965 5461 1066 5518 lib.
1102 5461 1174 5516 De
1201 5460 1370 5530 gestis
1411 5459 1621 5532 Pelag.,
1673 5475 1798 5533 cap.
1835 5460 1920 5533 11,

272 5541 334 5595 et
367 5536 553 5594 serm.
579 5536 705 5592 294.

336 5607 468 5733 ⁸(10)
509 5609 678 5690 Αριιᾲ
728 5607 948 5682 eumd.,
999 5609 1180 5664 Serm.
1229 5602 1359 5672 258,
1406 5603 1464 5662 et
1508 5603 1663 5676 apud
1712 5602 1926 5666 Victor.

275 5676 351 5731 Vi
379 5695 536 5734 ens..
570 5679 671 5734 11b!
703 5696 835 5734 sun.

359 5697 536 5745 ιεῑιε.,
570 5697 671 5734 um
703 5697 835 5751 ευρ.

359 5750 478 5824 (11)
506 5751 678 5824 Apud
707 5753 982 5824 August.,
1021 5761 1199 5806 serm.
1237 5743 1331 5800 34.

2134 5101 2220 5168 12)
2247 5097 2373 5154 Lib.
2409 5117 2424 5155 ι
2454 5108 2643 5157 contra
2668 5105 3035 5162 Parmenian.

2405 5188 2425 5226 ι
2455 5173 2530 5228 De
2553 5179 2820 5246 persecat.
2856 5176 3142 5250 Africana.

2321 5259 2392 5297 ια.

2252 5312 2391 5393 Ἐγῲ
2423 5309 2574 5393 ῥὶςτᾲ
2601 5313 2842 5393 τρότεαιο(
2869 5322 2992 5393 Δτῶν
3012 5313 3356 5393 -ἀῃοσςόλερν
3401 5312 3518 5393 ἔγω
3541 5389 3551 5393 _
3575 5313 3683 5393 δεῖς

2177 5383 2262 5462 iis;
2294 5381 2399 5462 339
2429 5381 2661 5462 Θελ-ήσῃξ
2721 5384 2970 5462 ἀπελθεῖν
3009 5387 3094 5462 ἐπὶ
3145 5387 3238 5462 τὸν
3301 5381 3616 5462 Βατιίιανὸν,
3649 5388 3684 5459 ἢ

2041 5451 2132 5536 ἐπὶ
2159 5451 2434 5536 τὴνιξδὸν,
2474 5451 2575 5536 τῂξθ
2611 5451 3136 5536 ”Ωστ.ίαν,“εὑρήσξις
3185 5460 3261 5536 τὲ
3290 5459 3556 5536 ίτρόπαιαί
3581 5451 3690 5517 tibi}

2041 5477 2127 5510 επι
2159 5477 2256 5522 την
2288 5477 2434 5521 οοον,
2474 5477 2575 5522 την
2643 5477 2858 5530 υστιαν,
2892 5477 2948 5513 eo
2987 5477 3136 5532 ησεις
3185 5479 3253 5517 τα
3298 5477 3534 5536 τροπαιιι
3581 5481 3688 5517 των

2039 5526 2238 5618 satis?
2270 5523 2640 5618 idpucapéijv
2659 5529 2826 5618 ntijv”
2855 5477 3169 5618 ἒκέςησῖαν.
3227 5533 3442 5618 ῼίδραι.
3484 5535 3688 5618 φνεν-

2039 5597 2439 5746 ἒιέὶρὲἕειαω,
2473 5599 2628 5674 apud
2659 5600 2870 5658 Euseb.
2904 5597 3108 5666 Hister.
3147 5597 3450 5668 ecclesiast.
3484 5605 3590 5668 lib.
3623 5623 3689 5674 ιι,

2108 5101 2125 5313 ἓ
