4064 6196
410 365 484 426 71
1566 321 2084 427 υιέεΕιιΤΑΤιο
2125 364 2677 432 APOLOGETICA
3745 381 3814 440 72

419 497 568 553 Illud
593 497 846 569 denique
875 514 943 554 ex
973 497 1236 569 antiquis
1273 499 1673 555 monumentis
1701 501 2066 570 compertum
2095 499 2151 566 Α
2181 500 2366 557 multo
2397 508 2528 574 post
2556 502 2793 559 initium
2825 502 3022 559 saeculi
3067 504 3282 576 quarti,
3316 505 3545 561 reddita
3567 506 3690 577 jam
3723 525 3816 581 per

416 592 527 658 est,
561 591 618 643 et
648 588 792 644 ratio
816 589 943 661 ipsa
964 588 1190 651 suadet,
1215 587 1558 646 celebriores
1581 593 1755 660 atque
1776 588 2059 660 insignio-

417 693 510 731 res
532 677 804 734 basilicas
819 677 1238 748 insignioribus
1254 684 1428 751 atque
1441 678 1862 734 illustrioribus
1880 677 2061 733 fuisse

413 767 770 836 martyribus
830 766 1177 835 aediﬁcatae;
1253 772 1353 823 aut
1411 766 1618 824 saltem
1677 767 2060 823 celebriorum

410 859 585 926 atque
605 854 997 927 insigniorum
1032 861 1350 929 martyrum
1378 855 1607 930 λείψανα
1634 857 1692 912 in
1715 856 2061 912 celebriores

407 947 465 999 et
495 943 847 1014 insigniores
879 944 1151 1002 basilicas
1183 946 1365 1002 fuisse
1394 946 1700 1002 translata.
1731 943 2061 1000 Praesertim

405 1048 542 1088 vero
573 1034 824 1104 majores
853 1034 1106 1091 ecclesiae
1147 1039 1212 1090 ut
1260 1035 1690 1108 praecipuorum
1733 1038 2059 1106 martyrum

410 1120 676 1194 reliquiis
693 1123 1126 1193 decorarentur,
1143 1141 1283 1180 cura
1296 1124 1702 1197 episc0porum
1726 1123 1864 1179 fuit:
1886 1123 2060 1194 idque

412 1213 541 1265 tum
563 1217 798 1286 prepter
819 1215 1100 1285 majorem
1141 1215 1403 1286 ipsorum
1447 1219 1765 1287 martyrum
1789 1211 2057 1285 gloriam,

412 1303 539 1355 tum
573 1308 810 1374 prepter
830 1304 1208 1359 ecclesiarum
1234 1304 1629 1375 splendorem,
1655 1308 1782 1358 tum
1804 1301 2059 1373 denique

408 1390 549 1460 quia
580 1391 940 1463 frequentior
969 1396 1092 1449 erat
1121 1393 1450 1450 christiana:
1475 1393 1662 1466 plebis
1686 1393 1758 1448 ad
1783 1390 2057 1446 matrices

407 1479 683 1537 ecclesias
709 1499 1051 1548 concursus,
1076 1487 1252 1554 atque
1276 1486 1340 1537 ut
1361 1500 1425 1539 eo
1469 1482 1646 1538 etiam
1691 1477 2056 1552 frequentius

406 1570 831 1642 przecipuorum
863 1574 1187 1644 martyrum
1218 1572 1520 1627 devotione
1561 1569 1770 1626 allecta
1801 1567 2055 1624 conﬂue-

407 1662 514 1713 ret.
547 1658 692 1714 Cum
724 1659 904 1732 igitur
933 1660 1230 1733 Perpetua;
1269 1665 1326 1716 et
1373 1658 1688 1715 Felicitatis
1719 1673 1964 1729 corpora
1993 1655 2054 1709 in

407 1749 690 1819 majorem
747 1749 1048 1806 ecclesiam
1099 1750 1617 1822 Carthaginensem
1662 1747 1824 1803 illata
1873 1745 2055 1800 fuisse

2173 592 2620 648 Constantinum
2651 591 2920 648 Ecclesia:
2955 610 3114 664 pace,
3147 593 3329 648 fuisse
3351 593 3702 652 celebratam
3729 602 3814 665 ;et

2174 679 2246 736 ab
2279 696 2478 736 earum
2512 683 2790 754 martyrio
2843 683 3056 738 saeculo
3105 682 3391 738 duntaxat
3436 683 3654 757 elapso,
3690 687 3814 742 Per-

2172 774 2411 841 petuam
2435 774 2492 825 et
2514 769 2872 826 Felicitatem
2898 771 3324 844 praecipuarum
3349 779 3672 846 martyrum
3697 774 3814 832 loco

2173 857 2427 927 habitas,
2471 863 2528 914 et
2573 860 2644 915 ad
2689 877 2888 916 earum
2939 861 3253 917 memorias
3303 862 3814 936 Carthaginensem

2172 948 2456 1020 pepulum
2489 949 3038 1021 frequentissimum
3081 950 3468 1026 concurrisse.

2241 1035 2515 1094 Vidimus
2558 1040 2851 1111 quomodo
2899 1057 2967 1095 ex
3014 1044 3348 1096 nostrarum
3395 1044 3719 1114 martyrum
3751 1042 3808 1098 in

2173 1126 2455 1198 majorem
2488 1128 2794 1185 ecclesiam
2861 1128 3386 1202 Carthaginensem
3439 1129 3816 1188 translatione

2172 1215 2364 1272 cultus
2381 1233 2583 1274 earum
2607 1217 2911 1274 celebritas
2931 1221 2989 1275 et
3011 1219 3330 1290 antiquitas
3348 1219 3810 1277 demonstretur:

2170 1304 2488 1362 videndum
2549 1311 2818 1379 superest
2876 1325 3052 1379 quam
3112 1305 3439 1363 luculenter
3491 1325 3560 1364 ex
3614 1309 3813 1365 eodem

2171 1392 2456 1466 principio
2487 1390 2689 1452 earum
2721 1396 3063 1453 orthodoxia
3109 1397 3506 1454 conﬁrmetur.
3538 1397 3810 1470 Ecclesia,

2171 1481 2403 1553 domus,
2437 1484 2716 1540 cathedra
2745 1491 2804 1541 et
2833 1485 3016 1541 altare
3046 1486 3104 1540 in
3136 1485 3342 1558 primis
3373 1486 3652 1558 episcopi,
3683 1503 3812 1542 cen-

2168 1574 2328 1628 trum
2361 1578 2547 1644 erant,
2580 1579 2645 1629 ut
2687 1579 2852 1630 notat
2895 1573 3337 1630 illustrissimus
3384 1575 3496 1647 (18)
3545 1575 3811 1647 Alhaspi-

2169 1676 2337 1732 neus,
2393 1662 2798 1719 ecclesiasticae
2855 1663 3308 1719 communionis.
3379 1663 3460 1718 Eo
3527 1663 3814 1719 catholica

2167 1749 2331 1821 plebs
2389 1752 2867 1823 frequentissima
2923 1752 3273 1818 conﬂuebat,
3334 1751 3469 1807 inde
3526 1751 3807 1825 populum

405 1852 472 1892 ex
498 1837 730 1895 Victore
759 1840 860 1895 69
889 1839 1118 1896 Vitensi
1151 1839 1514 1907 habeamus;
1556 1837 1699 1910 quin
1730 1837 1883 1936 inter
1914 1833 2048 1935 illu-
2083 1869 2133 1936 B
2164 1839 2475 1911 episcopus
2509 1840 2935 1912 alloquebatur,
2969 1841 3049 1895 ibi
3081 1857 3281 1912 preces
3320 1856 3521 1896 eorum
3552 1846 3610 1896 et
3640 1841 3806 1897 obla-

403 1927 643 1983 striores
675 1934 985 2001 martyres,
1017 1933 1332 2000 antequam
1354 1945 1419 1984 eo
1440 1927 1815 1997 inferrentur,
1840 1923 2056 1980 fuerint

402 2021 720 2073 numerata;
754 2016 1049 2090 ambigere
1075 2034 1194 2072 non
1227 2017 1532 2072 debemus.

471 2103 583 2163 Sed
606 2106 1010 2178 translationis
1026 2111 1282 2178 tempus,
1307 2110 1372 2161 ut
1387 2105 1458 2162 de
1483 2103 1679 2161 cultus
1703 2101 2054 2174 antiquitate

402 2195 578 2252 etiam
610 2200 856 2262 constet,
889 2196 1214 2252 eruendum
1245 2199 1358 2250 est.
1403 2199 1571 2250 Anno
1604 2209 1796 2260 cccxc,
1832 2209 1947 2265 quo
1970 2207 2055 2248 se-

409 2286 668 2340 cundum
727 2285 1039 2342 concilium
1105 2283 1564 2357 Garthaginense
1619 2283 1887 2339 habitum
1943 2284 2051 2352 est,

410 2375 598 2445 major
616 2373 862 2431 ecclesia
883 2373 1356 2448 Carthaginensis
1379 2390 1448 2430 ex
1479 2373 1774 2445 Perpetuae
1794 2370 2053 2438 nomine,

405 2466 470 2518 ut
487 2464 766 2532 vidimus,
791 2464 1265 2536 nuncupabatur.
1292 2463 1366 2517 Eo
1390 2461 1571 2535 igitur
1591 2478 1744 2516 anno
1767 2459 2054 2530 antiquio-

402 2568 525 2608 rem
548 2558 800 2610 statuere
823 2554 1105 2610 debemus
1137 2569 1436 2608 sacrarum
1463 2552 1775 2623 pignorum
1797 2546 2052 2604 transla-

404 2639 643 2698 tionem.
669 2643 788 2698 Sub
825 2642 1052 2697 Liberio
1077 2641 1507 2696 Bucherianum
1535 2637 1956 2707 calendarium,
1991 2640 2057 2690 ut

405 2730 686 2800 diximus,
717 2731 1132 2788 concinnatum
1165 2734 1270 2786 est.
1310 2730 1371 2784 In
1405 2746 1492 2796 eo,
1528 2733 1592 2784 ut
1619 2728 1754 2784 etin
1779 2725 2054 2783 omnibus

408 2819 858 2893 martyrologiis,
883 2821 1181 2892 Perpetua:
1211 2824 1267 2874 et
1300 2817 1617 2874 Felicitatis
1641 2818 1851 2873 festum
1872 2813 2054 2870 Nonis

406 2907 632 2964 Martiis
663 2911 1064 2982 consignatur.
1101 2910 1264 2963 [lunc
1296 2911 1493 2962 autem
1523 2923 1637 2961 non
1671 2921 1870 2961 earum
1903 2919 2055 2958 mar-

405 2997 560 3070 tyrii,
593 2999 695 3054 sed
728 2997 1128 3055 translationis
1160 3013 1288 3054 esse
1336 2995 1514 3065 diem,
1563 2995 1644 3050 Cl.
1696 2994 1913 3066 Pagius
1943 2992 2052 3047 hoc

407 3092 752 3159 argumento
786 3088 995 3159 probat
1025 3087 1156 3158 (16).
1210 3085 1402 3140 Passaa
1453 3088 1591 3140 sunt
1631 3084 1730 3139 SS.
1766 3085 2053 3154 martyres

407 3190 523 3246 quo
567 3175 662 3230 die
711 3174 902 3230 natale
951 3174 1105 3229 Getae
1153 3173 1395 3228 Caesaris
1445 3173 1778 3227 colebatur:
1834 3172 2054 3226 Munere

2164 1927 2356 1984 tiones
2385 1933 2443 1984 et
2471 1933 2602 1985 vota
2632 1929 3008 2002 suscipiebat.
3043 1929 3146 1984 Hic
3176 1934 3300 1984 erat
3322 1929 3485 1986 locus
3505 1929 3807 1997 orationis,

2165 2015 2260 2072 hic
2281 2016 2445 2074 locus
2466 2023 2984 2086 sacramentorum,
3012 2018 3107 2073 hic
3142 2019 3240 2073 70
3260 2018 3512 2090 denique
3532 2018 3811 2076 solemnis

2165 2107 2440 2162 sacriﬁcii
2473 2107 2658 2164 locus.
2692 2111 2906 2163 Caetera
2953 2107 3179 2173 altaria,
3229 2112 3295 2162 ut
3340 2107 3497 2164 idem
3543 2109 3811 2165 observat

2165 2195 2580 2269 Albaspineus,
2614 2197 2674 2252 in
2705 2195 3037 2254 subsidium
3065 2195 3496 2252 communionis
3517 2200 3812 2254 exstructa

2167 2291 2325 2354 sunt,
2378 2287 2568 2356 cuius,
2623 2291 2689 2342 ut
2735 2286 2956 2342 dictum
3006 2290 3114 2354 est,
3165 2288 3432 2340 centrum
3481 2284 3728 2341 ecclesia
3755 2289 3813 2342 et

2167 2374 2349 2431 altare
2370 2376 2624 2448 episcopi
2647 2375 3032 2431 habebantur.
3062 2375 3124 2430 In
3151 2374 3260 2430 hoc
3283 2373 3452 2430 altari
3481 2389 3660 2445 quam
3690 2375 3810 2430 fre-

2169 2469 2414 2536 quentes
2463 2463 2740 2520 Catholici
2790 2464 3324 2530 communicabant,
3374 2468 3493 2518 tam
3543 2465 3616 2519 ad
3664 2462 3809 2518 illud

2168 2553 2562 2609 schismaticis
2589 2558 2646 2608 et
2675 2553 2962 2609 haereticis
2995 2553 3194 2608 nullus
3237 2551 3685 2624 permittebatur
3713 2569 3808 2608 ac-

2167 2657 2369 2697 cessus
2396 2658 2408 2696 :
2442 2642 2559 2697 imo
2592 2642 2748 2712 inde,
2771 2642 2824 2696 vi
2848 2642 3022 2696 etiam
3047 2642 3330 2708 adhibita,
3350 2641 3814 2697 extrudebantur

2166 2732 2263 2802 qui
2287 2730 2558 2786 Ecclesiae
2583 2730 2878 2786 catholicae
2910 2731 3323 2786 communione
3343 2729 3714 2799 excidissent,
3741 2746 3813 2786 ne

2166 2819 2335 2885 forte,
2367 2819 2439 2875 ob
2470 2819 2582 2874 loci
2613 2819 2984 2875 sanctitatem
3017 2823 3074 2875 et
3120 2819 3570 2890 amplitudinem
3603 2820 3661 2874 in
3694 2836 3811 2891 quo

2165 2911 2388 2963 veteres
2419 2908 2717 2963 catholicae
2767 2908 3200 2963 communionis
3248 2924 3440 2964 arcem
3490 2908 3813 2964 constitue-

2165 3000 2319 3065 rant,
2353 3014 2456 3069 pro
2505 2996 2815 3052 Catholicis
2862 2997 3235 3053 haberentur.
3285 2997 3476 3069 Hujus
3523 2997 3607 3053 rei
3637 3013 3814 3070 argu-

2167 3089 2363 3141 mento
2396 3086 2455 3141 id
2487 3102 2616 3142 esse
2646 3089 2855 3158 potest,
2890 3086 3045 3158 quod
3085 3085 3156 3141 de
3201 3085 3378 3141 Paulo
3431 3087 3814 3142 Samosateno

2169 3179 2367 3230 narrat
2394 3175 2722 3242 Eusebius;
2756 3175 3046 3230 nefarium
3094 3173 3318 3230 scilicet
3363 3174 3815 3230 bteresiarcham

408 3240 679 3320 castrensi
702 3280 918 3320 eramus
954 3263 1287 3335 pugnaturi.
1339 3262 1534 3316 Natale
1580 3266 1711 3316 tunc
1759 3260 1897 3316 Geta
1949 3266 2061 3318 ϐετ-
2087 3240 2132 3310 C
2169 3263 2458 3318 sententia
2489 3240 3187 3336 synodilexauctoratum,
3221 3267 3279 3318 et
3308 3263 3664 3319 Antiocheno
3696 3265 3819 3335 epi-

411 3354 572 3409 saris.
614 3355 685 3410 Et
715 3354 905 3410 infra:
941 3352 1081 3422 Quid
1113 3354 1303 3422 utique
1351 3367 1465 3408 non
1506 3352 1787 3422 permittis
1826 3351 2054 3420 refrige-

411 3459 538 3500 rare
564 3445 753 3500 noxiis
780 3443 1167 3508 nobilissimis,
1210 3441 1450 3497 Gwsaris
1497 3441 1726 3508 scilicet,
1779 3443 1832 3496 et
1876 3439 2059 3494 natali

412 3535 656 3604 ejusdem
682 3534 1056 3604 pugnaturis?
1081 3533 1154 3586 At
1181 3529 1240 3584 in
1290 3531 1445 3584 diem
1498 3531 1808 3602 septimam
1841 3529 2054 3600 Martii,

407 3636 598 3694 neque
629 3621 860 3694 imperii
889 3619 1153 3691 Caesarei,
1195 3635 1384 3690 neque
1431 3618 1588 3675 Getae
1633 3619 1824 3675 natale
1853 3618 2056 3691 genui-

404 3726 548 3765 num
561 3710 876 3766 incidebat.
892 3710 1076 3767 Natus
1089 3709 1245 3765 enim
1259 3708 1421 3777 Geta,
1436 3712 1582 3765 teste
1596 3709 1904 3781 Spartiano
1920 3707 2054 3778 (17),

401 3802 554 3855 sexto
583 3799 849 3855 Kalendas
869 3801 1066 3855 lunias
1087 3818 1104 3853 :
1129 3797 1390 3854 Caesarea
1409 3813 1543 3853 vero
1582 3797 1866 3869 dignitate
1902 3811 2055 3851 anno

399 3903 631 3956 CXCVIII,
661 3905 778 3945 non
811 3893 944 3944 ante
975 3887 1131 3944 diem
1160 3905 1264 3943 XIII
1303 3885 1518 3958 Aprilis
1549 3891 1794 3942 ornatus
1826 3889 1915 3941 est
1941 3903 1954 3940 :
1990 3887 2057 3940 Et

403 3980 548 4034 ratio
575 3985 678 4047 est,
711 3979 902 4050 inquit
933 3977 1168 4049 Pagius,
1201 3978 1352 4048 quia,
1387 3980 1446 4031 ut
1475 3991 1604 4032 mox
1644 3977 1822 4032 visuri
1842 3990 2056 4040 sumus,

413 4067 701 4123 Caracalla
726 4075 848 4140 post
892 4083 1016 4122 eum
1063 4066 1210 4122 diem
1258 4066 1615 4121 tribunitiam
1660 4069 1978 4137 potestatem
2006 4070 2060 4120 et

417 4165 740 4228 augusteam
787 4158 1110 4228 dignitatem
1155 4173 1192 4211 α
1231 4163 1399 4226 patre
1445 4154 1724 4216 obtinuit;
1773 4159 1830 4210 et
1859 4151 2059 4208 verisi-

417 4246 557 4302 mile
587 4263 703 4302 non
735 4253 820 4301 est
849 4247 1053 4302 Getam
1083 4246 1354 4300 minorem
1391 4244 1574 4315 ﬁlium
1617 4245 1777 4316 prius
1825 4260 1860 4298 a
1907 4251 2064 4314 patre

413 4336 726 4406 Augustum
754 4339 1154 4406 nuncupatum.
1209 4334 1446 4404 Utraque
1494 4333 1674 4403 itaque
1719 4333 2062 4404 nuncupatio

414 4425 497 4480 vel
527 4428 713 4481 eodem
740 4429 976 4497 tempore
1016 4427 1140 4496 post
1185 4438 1429 4478 mensem
1476 4421 1732 4479 Martium
1779 4425 1948 4494 facta,
1979 4422 2064 4477 vel

419 4513 712 4570 Caraealla
738 4516 895 4585 prius
924 4513 1098 4568 dictus
1147 4512 1419 4581 Augustus
1471 4528 1634 4582 quam
1685 4511 1814 4567 Geta
1856 4511 2060 4568 Cwsar.

2166 3356 2408 3423 scopatu
2442 3352 2752 3422 dejectum,
2794 3351 2987 3420 domo,
3037 3352 3172 3407 sede
3219 3356 3276 3406 et
3317 3352 3563 3408 ecclesia
3589 3351 3818 3424 episco-

2168 3440 2285 3512 pali
2315 3440 2614 3496 exturbari
2645 3441 2986 3511 neutiquam
3018 3440 3300 3511 potuisse,
3332 3441 3595 3511 quandiu
3636 3441 3820 3496 Zeno-

2167 3529 2280 3600 bia,
2313 3530 2483 3601 cujus
2516 3529 2612 3584 ille
2641 3529 2835 3584 lavere
2865 3533 2921 3584 et
2945 3528 3133 3600 gratia
3179 3529 3475 3596 utebatur,
3522 3544 3718 3584 rerum
3752 3529 3817 3584 in

2166 3619 2399 3674 Oriente
2439 3619 2622 3691 potita
2668 3623 2776 3674 est.
2827 3619 3054 3674 Tandiu
3099 3617 3256 3673 enim
3305 3634 3368 3674 se
3412 3635 3516 3690 pro
3548 3617 3819 3691 legitimo

2165 3707 2443 3780 episcopo
2502 3707 2841 3763 habendum
2912 3706 3290 3778 existimavit,
3345 3712 3404 3762 et
3458 3706 3820 3763 catholicam

2166 3795 2396 3870 plebem
2428 3797 2539 3853 sibi
2569 3797 2818 3852 retinere
2859 3812 3030 3867 posse
3077 3796 3344 3862 credidit,
3389 3796 3669 3868 quamdiu
3702 3797 3812 3853 do-

2169 3903 2356 3954 mum,
2389 3885 2747 3952 cathedram,
2779 3885 3085 3941 basilicam
3113 3890 3169 3941 et
3197 3885 3380 3941 altare
3400 3890 3730 3958 occuparet,
3757 3885 3824 3940 in

2169 3991 2285 4048 quo
2328 3977 2575 4047 majores
2603 3976 2696 4032 sui
2730 3975 2950 4046 sedere,
2982 3975 3212 4046 plebem
3244 3974 3535 4047 colligere,
3567 3973 3824 4030 oblatio-

2170 4081 2274 4121 nes
2330 4070 2389 4121 et
2443 4070 2576 4121 vota
2631 4063 2830 4137 populi
2889 4065 3212 4137 suscipere,
3270 4069 3326 4120 et
3383 4063 3670 4120 sacriﬁcia
3699 4063 3826 4120 Deo

2170 4155 2375 4210 offerre
2405 4157 2844 4210 consueverant.
2878 4151 3158 4208 Catholici
3198 4169 3332 4208 vero
3361 4152 3619 4225 episcopi
3650 4151 3826 4208 omni

2172 4261 2280 4316 ope
2311 4247 2368 4298 et
2397 4247 2608 4298 conatu
2639 4246 2884 4315 egerunt
2915 4246 3000 4310 ut,
3043 4242 3405 4314 nequissimo
3451 4241 3690 4298 homine
3721 4258 3832 4298 ex-

2173 4331 2364 4406 pulso,
2397 4331 2680 4400 Domnus,
2710 4331 2811 4404 qui
2854 4330 2906 4386 ei
2956 4331 3145 4387 fuerat
3185 4332 3562 4404 subrogatus,
3593 4332 3834 4403 episco~

2171 4421 2364 4494 palem
2398 4420 2702 4476 basilicam
2737 4419 3043 4488 obtineret,
3072 4425 3129 4476 et
3159 4421 3219 4476 in
3269 4421 3648 4478 decessorum
3679 4435 3834 4476 suo-

2173 4529 2305 4567 rum
2341 4512 2475 4567 sede
2506 4511 2901 4582 cathedraque
2932 4509 3336 4566 collocaretur.
3369 4511 3532 4576 Quod
3555 4509 3834 4582 quidem,

419 4603 600 4670 Quare
627 4611 830 4657 sanctae
868 4603 1140 4673 Perpetua
1182 4604 1234 4656 et
1287 4600 1534 4656 Felicitas
1580 4601 1691 4657 alio
1738 4601 1846 4667 die,
1896 4617 2063 4672 quam
2095 4613 2143 4679 Ῑ)
2174 4601 2480 4675 proﬂigata
2502 4599 3086 4670 Zenobia,Aureliani
3111 4616 3219 4672 ope
3236 4601 3556 4672 perfectum
3575 4603 3680 4669 est,
3700 4599 3834 4669 qui,

417 4705 520 4761 quo
571 4707 743 4763 passae
795 4694 943 4755 sunt,
1003 4691 1062 4744 in
1118 4689 1534 4764 martyrologiis
1585 4691 1861 4747 coluntur.
1915 4689 2065 4759 Quod

414 4794 528 4834 non
556 4795 684 4834 raro
713 4781 993 4846 accidisse,
1029 4781 1240 4850 passim
1289 4781 1350 4835 in
1398 4779 1498 4836 hoc
1545 4796 1702 4852 opere
1752 4781 2062 4836 observabi-

416 4885 537 4925 mus
566 4869 784 4941 diesque
818 4871 1049 4942 septima
1096 4869 1287 4924 Martii
1327 4869 1440 4924 dies
1486 4877 1567 4925 est
1611 4885 1714 4941 quo
1767 4869 2063 4944 Carthagi-

416 4974 542 5015 nem
570 4975 764 5015 earum
788 4961 1042 5032 reliquiae
1068 4962 1252 5030 postea
1288 4959 1596 5024 translatae,
1643 4974 1753 5014 non
1798 4975 1920 5014 vero
1951 4958 2064 5014 dies

419 5049 694 5106 obitualis.
728 5049 872 5105 Cum
913 5050 1111 5122 itaque
1158 5049 1350 5104 medio
1399 5047 1610 5103 saeculo
1657 5051 1866 5118 quarto
1897 5047 2063 5102 Libe-

419 5139 542 5195 rius
563 5140 764 5196 sedere
781 5139 1040 5212 coeperit,
1060 5137 1171 5192 hoc
1192 5142 1453 5208 tempore
1474 5139 1769 5192 sacratum
1793 5134 2064 5207 reliquia-

418 5244 552 5286 rum
583 5231 772 5286 fuerat
817 5231 1050 5301 peracta
1095 5223 1442 5281 translatio:
1495 5224 1756 5295 adeoque
1806 5227 2063 5280 statuere

409 5317 546 5389 jure
599 5318 819 5391 optimo
879 5330 1222 5388 possumus,
1277 5327 1408 5370 eam
1466 5310 1912 5369 translationem
1944 5330 2061 5370 non

495 5481 610 5552 (l6)
643 5481 804 5552 Anno
837 5476 960 5544 198,
997 5492 1139 5552 num
1175 5491 1239 5533 v.

516 5551 606 5621 l7)
640 5555 704 5603 ln
738 5548 888 5617 Geta,
923 5565 1052 5620 cap.
1085 5549 1136 5604 3.

517 5617 603 5693 18)
633 5621 699 5693 in
728 5621 846 5693 Not.
875 5621 952 5676 ad
981 5617 1174 5693 optat,
1222 5617 1325 5693 lib.
1375 5617 1659 5693 I_adqers.‘
1698 5619 2059 5693 Parmenion.

515 5692 602 5765 19)
631 5688 892 5756 Βασιλευς
978 5686 1274 5768 ἐῦτευχθεὶς
1358 5686 1702 5766 Αὐρηλιανὸς
1768 5689 2061 5749 αἰσιώτατα

2174 4696 2240 4748 ut
2267 4691 2349 4748 ait
2377 4689 2662 4746 Eusebius
2694 4689 2829 4761 (19),
2864 4690 2932 4744 ab
2979 4690 3245 4760 episcopis
3295 4689 3695 4761 interpellatus,
3729 4703 3836 4743 re-

2172 4783 2412 4837 ctissime
2455 4779 2553 4834 hoc
2596 4779 2872 4848 negotium
2909 4777 3258 4846 diiudicavit,
3307 4779 3379 4833 iis
3429 4778 3648 4833 domum
3693 4775 3847 4832 dari

2173 4872 2496 4943 praecipiens
2525 4869 2724 4939 quibus
2771 4866 2953 4944 Italici
2995 4868 3311 4922 christiana
3361 4867 3645 4936 religionis
3674 4871 3846 4922 anti-

2172 4961 2324 5015 stites
2370 4963 2421 5014 et
2477 4958 2748 5013 Romanus
2805 4945 3084 5028 episcopus
3138 4957 3456 5013 scriberent.
3517 4959 3651 5022 Quae
3683 4971 3846 5012 cum

2173 5049 2255 5103 ita
2284 5047 2421 5117 sint,
2455 5062 2680 5115 omnes,
2713 5049 2874 5117 puto,
2908 5045 3017 5100 hoc
3048 5050 3394 5118 argumento
3418 5043 3585 5100 facile
3610 5042 3852 5098 intelli-

2172 5140 2318 5210 gunt
2349 5153 2526 5209 quam
2567 5136 2680 5190 lixa
2717 5134 2893 5190 fuerit
2930 5135 3085 5207 apud
3125 5139 3348 5192 veteres
3392 5139 3668 5190 constans
3700 5149 3853 5189 cer-

2171 5231 2349 5300 taque
2378 5223 2688 5292 sententia,
2717 5228 3002 5296 martyres
3033 5229 3269 5280 nostras
3291 5224 3351 5280 in
3384 5223 3651 5280 Ecclesia:
3676 5237 3854 5293 pace

2173 5322 2230 5373 et
2259 5314 2674 5372 communione
2703 5313 2938 5381 obiisse,
2972 5313 3113 5369 dum
3145 5330 3212 5371 eo
3265 5314 3525 5385 ipsarum
3573 5327 3855 5383 corpora

2171 5477 2294 5554 napi
2343 5479 2438 5531 τοῦ
2464 5473 2754 5554 ⁵πρτιιπξίτέῑου
2805 5469 3090 5554 Sisines:
3139 5472 3363 5554 τούτοις.
3403 5475 3586 5554 νεῖμαι
3613 5541 3624 5554 ¹
3651 5489 3860 5554 προσῖ

2170 5540 2374 5606 τάἒτων
2425 5540 2538 5602 τὸν’
2567 5545 2737 5616 οἶκον,
2788 5540 3080 5616 οἷςγᾶκᾶὀὶ
3130 5545 3271 5616 κατᾷ
3303 5544 3402 5616 τὴν
3457 5540 3703 5616 Ἰἷταλίαν“
3736 5541 3872 5616 {sui

2169 5622 2268 5690 τὴν
2300 5617 2582 5692 Ῥωμαίων
2616 5613 2777 5692 πόλιν
2812 5614 3096 5692 ἐπίσκοποι
3127 5621 3231 5692 τοι)
3253 5613 3528 5692 δόγματος
3577 5613 3867 5670 ἐπιστέλ-

2173 5692 2342 5750 λοιεν.
2379 5693 2504 5750 Lib.
2535 5707 2617 5748 vn
2642 5691 2783 5779 Hist.
2814 5691 2981 5764 Eccl.,
3014 5707 3141 5764 cap.
3177 5691 3266 5746 30.
