4064 6196
214 364 269 421 Ἱ3
931 357 1084 416 Ριὶο
1130 357 1238 416 SS.
1287 356 1727 431 PERPETUA,
1776 357 2239 418 FELICITATE
2285 360 2381 419 ΕΤ
2429 361 2700 422 SUCllS.
3442 374 3522 429 74

216 493 348 548 inferri
372 489 658 546 voluerunt
690 505 805 560 quo
837 487 1010 543 veluti
1042 489 1112 544 ad
1147 487 1445 544 catholicae
1484 503 1754 543 commu-
1785 494 1840 559 Α
1868 489 2059 544 verbis
2091 490 2248 544 haud
2282 491 2538 547 obscuras
2573 491 2768 564 signiﬁ
2789 499 2880 549 cat
2929 493 3270 567 Cyprianus,
3316 502 3523 570 quoties

214 582 339 636 nionis
362 585 600 635 centrum
632 583 691 634 et
722 594 918 634 arcem
956 576 1454 650 Carthaginiensis
1503 575 1759 648 populus

211 670 469 726 conﬂuebat.
496 668 926 740 Praecipuorum
961 683 1096 723 ossa
1127 671 1451 738 martyrum
1483 665 1613 721 ideo
1647 665 1760 721 sub

207 759 409 831 primario
437 757 522 814 illo
552 757 818 830 episcOpi
850 756 1017 813 altari
1048 755 1538 821 recondebantur,
1573 757 1637 810 ut
1667 771 1762 810 ca-

207 846 876 916 lholicieoconvenientes,
928 861 988 901 se
1036 861 1154 900 non
1199 844 1449 900 aliorum
1501 842 1762 899 ﬁdelium

209 938 345 1006 modo,
372 937 453 992 sed
482 943 534 992 et
563 941 906 992 sanctorum
953 939 1278 1006 martyrum
1331 932 1765 989 communionis

200 1026 442 1098 participes
467 1042 589 1081 esse
619 1024 1014 1096 intelligerent
1041 1041 1054 1090 ;
1083 1027 1286 1078 contra
1318 1022 1676 1078 schismatici
1708 1024 1766 1078 et

201 1113 415 1183 heretici,
441 1115 642 1186 quibus
673 1115 745 1169 ad
771 1113 918 1168 illud
941 1112 1175 1184 pietatis
1197 1111 1425 1184 asylum
1448 1110 1647 1167 nullus
1668 1127 1764 1183 pa-

197 1203 322 1257 tebat
345 1220 597 1270 accessus,
633 1202 859 1257 nullam
892 1201 1002 1257 sibi
1025 1217 1153 1257 esse
1179 1201 1395 1257 scirent
1417 1217 1605 1272 neque
1629 1217 1762 1256 cum

197 1291 396 1348 Ecclesia
426 1291 697 1348 catholica
729 1307 921 1363 neque
952 1307 1086 1347 cum
1137 1289 1357 1346 sanctis
1406 1289 1763 1361 martyribus

196 1381 613 1439 communionem.
650 1381 811 1437 Unde
842 1385 1082 1436 sanctus
1113 1380 1360 1452 Optatus
1390 1378 1763 1434 Milevitanus

195 1470 460 1527 Donatistae
485 1471 654 1528 veluti
688 1470 1097 1526 schismaticos
1126 1469 1236 1525 hoc
1267 1472 1613 1541 argumento
1643 1472 1761 1522 tra-

194 1561 335 1630 ducit,
361 1562 494 1632 quod
523 1567 860 1615 sanctorum
892 1557 1302 1630 Apostolorum
1353 1557 1654 1613 memoriis
1702 1555 1762 1610 in

193 1648 311 1705 Urbe
350 1650 658 1722 neutiquam
706 1648 1212 1704 communicarent
1255 1647 1366 1718 (20)
1409 1647 1650 1718 Denique
1717 1645 1767 1700 si

193 1741 435 1794 Macrobio
473 1737 906 1810 (Donatistarum
957 1737 1017 1792 in
1055 1736 1211 1792 Urbe
1277 1734 1766 1808 pseudepiscopo)

193 1827 401 1894 dicatur,
429 1829 510 1882 ubi
535 1828 638 1882 illic
683 1829 886 1894 sedeat,
932 1825 1198 1898 numquid
1242 1828 1411 1897 potest
1454 1824 1652 1895 dicere,
1703 1825 1765 1879 In

201 1916 417 1970 cathedra
438 1917 610 1970 Petri?
635 1933 800 1986 quam
829 1918 1014 1970 nescio
1060 1917 1111 1969 si
1157 1914 1242 1968 vel
1289 1913 1460 1968 oculis
1512 1914 1663 1967 novit
1714 1920 1767 1967 et

198 2005 259 2059 ad
279 2008 404 2076 cujus
426 2007 724 2061 meritoriam
753 2021 862 2060 non
895 2004 1122 2072 accedit,
1171 2004 1335 2075 quasi
1381 2002 1768 2058 schismaticus

195 2103 352 2148 contra
375 2095 662 2163 Apostolum
687 2094 919 2162 faciens,
979 2095 1076 2164 qui
1105 2094 1188 2148 ait
1247 2092 1325 2164 (2)
1353 2094 1443 2148 71
1481 2092 1768 2149 Memoriis

190 2187 448 2238 sanctarum
472 2186 946 2239 communicantes.
979 2184 1109 2237 Ecce
1151 2185 1450 2253 prasente;
1487 2185 1620 2236 sunt
1666 2179 1771 2234 tibi

191 2270 372 2325 deorum
390 2273 753 2342 Apostolorum
772 2273 1061 2326 memoria?
1083 2287 1102 2331 ,'
1149 2270 1314 2325 dicite
1361 2271 1411 2324 si
1434 2269 1514 2326 ad
1552 2271 1649 2324 has
1681 2270 1768 2322 in-

187 2359 307 2429 gredi
347 2363 520 2432 potuit,
579 2363 662 2415 ita
717 2364 778 2414 ut
832 2360 1090 2415 obtulerit
1135 2359 1257 2414 illic
1313 2359 1409 2413 ubi
1454 2361 1772 2414 sanctorum

187 2452 428 2505 memorias
452 2466 562 2505 esse
621 2457 854 2504 constat.
912 2449 1067 2518 Apud
1119 2452 1343 2503 veteres
1391 2447 1573 2519 igitur
1628 2447 1772 2503 adeo

186 2543 484 2608 compertum
517 2539 634 2594 fuit
663 2541 966 2609 Perpetua:
995 2542 1050 2592 et
1089 2537 1366 2592 Felicitati
1423 2535 1589 2601 nihil,
1631 2537 1773 2590 dum

188 2624 403 2694 viverent,
458 2643 589 2682 cum
653 2625 944 2680 haereticis
992 2625 1173 2680 fuisse
1221 2640 1553 2692 commune,
1610 2627 1666 2678 et
1715 2623 1773 2676 in

189 2713 398 2770 Ecclesiae
428 2733 558 2788 pace
593 2720 652 2769 et
683 2713 1097 2769 communione
1128 2713 1473 2786 martyrium
1501 2728 1776 2768 consum-

191 2820 352 2869 messe,
379 2811 439 2860 nt
466 2820 678 2860 earum
711 2819 906 2859 sacras
930 2801 1230 2874 reliquias,
1261 2802 1334 2858 ab
1365 2817 1570 2858 earum
1621 2818 1776 2856 mar-

191 2893 296 2963 tyrio
321 2894 508 2949 seculo
536 2893 642 2948 vix
671 2892 891 2964 elapso,
925 2908 990 2948 eo
1021 2890 1329 2947 intulerint
1360 2907 1474 2963 quo
1523 2889 1776 2946 haeretici

189 2983 383 3038 maxime
408 2984 761 3039 vetabantur
791 2981 1082 3049 accedere,
1114 2983 1172 3036 et
1203 2979 1304 3035 ubi
1335 2995 1506 3035 nemo
1539 2978 1651 3034 nisi
1685 2994 1778 3034 ca-

189 3069 379 3127 tholicus
407 3071 912 3128 communicabat.

1874 576 2126 650 alicujus
2160 581 2432 651 martyris
2463 583 2800 637 recurrebat
2823 584 3224 641 anniversaria
3239 587 3523 644 solemni-

1870 670 1982 734 tas,
2016 667 2423 738 praedictorum
2467 685 2682 740 semper
2725 671 2907 728 fuisse
2956 680 3316 740 renovatam.
3365 677 3523 734 inter

1871 755 2291 812 sacriﬁciorum
2323 755 2628 825 solemnia,
2664 760 3044 816 mentionem.
3095 763 3164 818 Et
3219 765 3345 820 ﬁeri
3393 765 3520 838 qui-

1872 844 2006 900 dem
2038 846 2254 916 optime
2286 845 2475 917 potuit
2507 852 2588 914 ut,
2624 863 2757 902 cum
2791 865 2905 904 non
2937 866 3189 922 magnus
3218 858 3343 908 erat
3363 870 3518 909 mar-

1871 936 2062 1004 tyrum
2099 951 2404 1001 numerus,
2437 936 2589 990 sicut
2616 934 2762 990 nulli
2791 953 2994 992 eorum
3025 939 3224 996 deerat
3255 942 3519 997 anniver-

1873 1023 2026 1078 saria
2054 1024 2419 1095 solemnitas,
2452 1041 2641 1096 neque
2682 1026 3108 1097 insignioribus
3159 1034 3410 1099 tantum,
3459 1035 3518 1086 et

1873 1110 1973 1182 qui
2021 1112 2240 1168 atrocia
2283 1120 2572 1168 tormenta
2617 1115 2836 1185 experti
2884 1116 3139 1187 fuerant,
3193 1118 3292 1173 sed
3340 1121 3516 1176 etiam

1871 1200 2333 1270 obscurioribus,
2372 1208 2429 1257 et
2469 1203 2570 1274 qui
2625 1202 2804 1258 nullis
2856 1204 3211 1261 cruciatibus
3259 1206 3516 1264 toleratis

1871 1306 1975 1360 pro
2006 1290 2367 1347 confessione
2399 1291 2654 1348 nominis
2683 1293 2741 1350 in
2772 1308 3003 1350 carcere
3033 1294 3321 1364 obierant,
3354 1301 3420 1352 ut
3446 1297 3516 1352 ab

1871 1379 2074 1434 eodem
2124 1380 2408 1451 Cypriano
2451 1384 2743 1436 statutum
2794 1387 2883 1438 est
2927 1384 3079 1454 (25);
3137 1388 3341 1455 postea
3387 1401 3521 1442 vero

1873 1473 2044 1524 aucta
2062 1468 2121 1524 in
2143 1470 2502 1526 immensum
2525 1487 2726 1526 eorum
2749 1471 2933 1543 copia,
2962 1471 3241 1544 praecipui
3269 1477 3522 1541 tantum,

1873 1563 1938 1613 ut
1957 1564 2149 1614 vetera
2165 1577 2270 1615 nos
2293 1559 2623 1616 calendaria
2634 1561 2863 1631 docent,
2891 1565 2946 1616 et
2972 1577 3219 1632 quorum
3237 1561 3528 1618 illustrior

1873 1652 1997 1702 erat
2028 1648 2200 1715 fama,
2235 1649 2443 1704 retenti
2476 1654 2634 1718 sunt,
2683 1666 2786 1720 pro
2827 1649 3042 1720 quibus
3098 1667 3298 1706 annua
3345 1651 3526 1707 sacri-

1875 1735 2007 1792 ﬁcia
2060 1742 2119 1792 et
2173 1736 2498 1793 oblationes
2567 1735 3038 1794 celebrarentur:
3112 1739 3196 1795 ita
3262 1739 3522 1811 primum

1877 1825 2114 1896 quidem
2164 1826 2429 1881 omnium
2487 1826 2652 1881 ﬁeret
2701 1826 2758 1880 in
2810 1827 3169 1896 quotidianis
3221 1827 3528 1884 sacrificiis

1877 1915 2397 1982 commemoratio;
2434 1917 2634 1986 postea
2663 1931 2818 1981 vero,
2855 1918 2917 1969 ut
2945 1931 3013 1970 ex
3049 1914 3328 1986 liturgiis,
3371 1915 3524 1971 anti-

1877 2002 2183 2074 quissimis
2211 2002 2327 2058 illis
2359 2003 2623 2074 quidem,
2655 2007 2714 2058 at
2742 2003 2914 2059 tertio
2945 2008 3139 2060 tamen
3172 2003 3386 2060 saeculo
3435 2019 3524 2059 re-

1878 2091 2232 2146 centioribus
2257 2096 2619 2163 compertum
2634 2097 2742 2160 est,
2763 2092 3148 2149 illustriorum
3163 2093 3446 2150 duntaxat
3464 2093 3524 2148 in

1877 2180 2068 2236 Missis
2099 2180 2459 2251 quotidianis
2491 2180 2734 2236 nomina
2765 2181 3172 2237 retinerentur.
3204 2183 3333 2246 Sed,
3368 2186 3434 2236 ut
3463 2185 3529 2235 ut

1880 2269 1964 2326 sit
1987 2270 2058 2325 de
2088 2270 2470 2325 vetustiorum
2501 2271 2596 2325 12
2617 2274 2948 2342 temporum
2970 2287 3102 2337 usu,
3119 2269 3527 2326 nullidubium

1881 2364 1971 2414 est
1999 2360 2138 2430 quin
2170 2357 2210 2412 ii
2241 2375 2491 2430 quorum
2522 2359 2582 2413 in
2622 2358 2810 2414 Missa:
2862 2375 3081 2416 canone
3131 2359 3389 2432 quotidie
3409 2375 3530 2415 me-

1883 2449 2068 2503 moria
2121 2451 2447 2515 renovatur,
2473 2452 2529 2503 et
2587 2449 2762 2502 modo
2821 2453 2880 2503 et
2920 2449 3062 2504 olim
3120 2448 3336 2504 fuerint
3380 2449 3534 2504 inter

1885 2535 2234 2591 illustriores
2267 2540 2549 2606 martyres
2581 2537 2926 2607 computati.
2961 2537 3121 2602 Quod
3155 2537 3397 2608 proinde
3434 2554 3532 2592 ar-

1886 2629 2162 2698 gumento
2193 2631 2302 2692 est,
2338 2627 2681 2695 Perpetuam
2714 2631 2888 2697 atque
2923 2626 3298 2697 Felicitatem,
3323 2644 3450 2698 quae
3474 2627 3534 2681 in

1889 2712 2320 2784 antiquissimis
2353 2712 2608 2785 liturgiis
2633 2714 2689 2769 id
2715 2714 2975 2783 honoris,
2997 2731 3131 2770 cum
3155 2716 3287 2770 aliis
3306 2715 3532 2787 paucis,

1889 2803 2106 2857 sortitae
2138 2808 2277 2857 sunt
2306 2819 2340 2857 a
2373 2802 2698 2873 majoribus
2731 2805 2969 2874 nostris,
3013 2821 3128 2859 non
3183 2805 3333 2860 inter
3382 2821 3536 2859 mar-

1889 2895 2042 2963 tyres
2073 2893 2267 2959 modo,
2301 2893 2403 2946 sed
2426 2891 2602 2946 etiam
2626 2892 2779 2947 inter
2801 2892 3150 2964 insigniores
3179 2893 3359 2949 fuisse
3380 2909 3534 2947 mar-

1889 2982 2046 3051 tyres
2077 2983 2435 3035 numeratae.

1966 3066 2109 3122 Illud
2144 3067 2320 3122 etiam
2352 3068 2460 3124 hoc
2508 3069 2633 3124 loco
2687 3085 2803 3124 non
2854 3068 2980 3124 sine
3035 3068 3538 3127 animadversione

236 3159 306 3214 Vl.
335 3163 600 3233 Denique,
645 3175 744 3231 pro
794 3164 1130 3215 nostrarum
1181 3158 1376 3215 cultus
1431 3156 1781 3230 antiquitate
1893 3156 2482 3228 praetermittendum,
2509 3158 2859 3229 quodsupra
2880 3159 3538 3226 etiamestannotatum,

190 3252 228 3299 et
249 3249 537 3306 celebritate
567 3255 757 3322 atque
791 3249 1130 3304 earumdem
1155 3246 1516 3314 orthodoxia,
1543 3263 1612 3303 ex
1635 3244 1777 3302 assi-
1809 3234 1851 3301 C
1890 3245 2158 3300 laudatas
2204 3243 2474 3318 liturgias
2533 3250 2634 3301 aut
2684 3247 3161 3316 sacramentaria,
3208 3248 3269 3302 in
3328 3247 3544 3319 quibus

187 3335 268 3390 due
293 3341 511 3409 repetita
539 3354 752 3394 earum
784 3338 935 3392 inter
955 3336 1295 3408 quotidiana
1315 3335 1600 3392 sacriﬁcia
1622 3352 1780 3391 com-
1893 3334 2190 3405 Perpetua:
2221 3337 2277 3388 et
2328 3333 2642 3390 Felicitatis
2691 3335 2952 3407 quotidie
3009 3336 3228 3390 mentio
3279 3336 3543 3405 iteratur,

188 3428 556 3496 memoratione,
579 3427 748 3482 haud
773 3425 1067 3481 absimilia
1087 3425 1552 3497 praecedentibus
1574 3423 1783 3480 confici
1894 3441 2010 3478 non
2043 3422 2114 3478 ad
2147 3422 2687 3493 Carthaginiensem
2720 3427 2821 3478 aut
2851 3423 2996 3480 alias
3020 3423 3222 3478 Africae
3244 3423 3545 3490 ecclesias,

185 3523 371 3583 possunt
401 3521 775 3588 argumenta.
811 3514 1107 3586 Perpetuae
1149 3514 1306 3568 enim
1361 3518 1419 3568 et
1466 3512 1785 3568 Felicitatis
1895 3512 1996 3567 sed
2031 3512 2102 3566 ad
2136 3511 2462 3566 Romanam
2495 3516 2549 3565 et
2579 3510 2938 3567 Gallicanam
2975 3511 3347 3584 pertinuisse.
3383 3512 3545 3576 Quod

191 3604 343 3657 tumin
365 3604 570 3660 Missali
599 3602 844 3669 Gelasii,
867 3608 993 3657 tum
1018 3603 1076 3657 in
1099 3601 1361 3673 Gregorii
1385 3603 1788 3658 Sacramenta-
1898 3599 2087 3670 magis
2121 3598 2313 3653 adhuc
2348 3599 2652 3671 magisque
2683 3600 3050 3656 demonstrat
3079 3617 3256 3672 quam
3289 3601 3361 3656 ab
3391 3600 3548 3655 anti-

191 3689 252 3745 rio
276 3691 540 3750 Gallicano
575 3694 702 3765 (22)
733 3691 993 3764 quotidie
1050 3691 1354 3762 repetitur,
1407 3707 1542 3745 cum
1588 3691 1789 3762 paucis
1899 3689 2032 3760 quis
2089 3689 2454 3759 temporibus
2509 3693 2717 3744 nostrae
2773 3690 2829 3744 in
2882 3706 2979 3745 ore
3031 3693 3195 3744 famae
3264 3694 3550 3762 martyres

194 3778 294 3836 aliis
318 3785 672 3855 martyribus
703 3783 761 3836 in
793 3779 988 3836 missae
1019 3796 1240 3836 canone
1287 3779 1788 3835 commemoratio.
1900 3781 2291 3832 versarentur.
2331 3779 2386 3832 ln
2421 3778 2612 3833 Missae
2646 3775 2922 3834 Romanis
2951 3796 3172 3835 canone
3198 3778 3343 3834 nulli
3385 3779 3547 3846 olim,

195 3865 329 3924 Obvia
354 3879 481 3928 sunt
512 3871 802 3928 omnibus
827 3868 1374 3941 antiquissimorum
1409 3872 1645 3923 Patrum
1677 3871 1793 3922 tes-
1904 3865 2016 3921 nisi
2067 3866 2308 3936 Romani
2362 3871 2645 3939 martyres
2695 3869 3194 3938 memorabantur,
3246 3870 3298 3924 si
3344 3874 3552 3940 praeter

194 3957 405 4030 timonia,
434 3958 787 4016 Tertulliani
819 3959 878 4013 in
910 3958 1116 4030 primis
1148 3957 1259 4028 (23)
1291 3962 1348 4012 et
1368 3956 1635 4029 Cypriani
1660 3955 1796 4027 (24),
1905 3955 2215 4025 Apostolos
2245 3959 2302 4010 et
2333 3956 2648 4026 lgnatium,
2677 3955 2865 4011 virum
2899 3957 3306 4029 apostolicum,
3349 3956 3450 4028 qui
3496 3960 3555 4012 et

196 4047 364 4116 quibus
387 4050 421 4104 ii
452 4052 662 4122 aperte
682 4051 974 4103 testantur
1001 4050 1322 4118 martyrum
1349 4045 1647 4101 natalitios
1673 4044 1798 4101 dies
1909 4044 2104 4099 Romae
2137 4061 2347 4114 passus
2381 4049 2492 4111 est,
2525 4049 2812 4117 martyres
2844 4051 3077 4102 nostras
3109 4053 3165 4102 et
3199 4045 3553 4118 Cyprianum

196 4136 384 4204 speciali
435 4154 650 4193 eorum
700 4137 854 4192 inter
902 4135 1190 4191 sacrificia
1245 4134 1800 4190 commemoratione
1909 4132 2202 4204 excipias:
2238 4133 2526 4204 Agatham
2557 4134 2714 4189 enim
2755 4138 2812 4190 et
2863 4135 3090 4191 Luciam
3141 4138 3422 4208 martyres
3469 4133 3558 4188 Si-

199 4221 340 4278 fuisse
366 4225 711 4282 celebratos.
763 4228 850 4280 An
897 4241 1031 4281 vero
1079 4228 1287 4296 praeter
1343 4222 1800 4280 anniversariam
1911 4221 2135 4277 culasa
2165 4222 2436 4292 Gregorio
2481 4226 2687 4294 Magno
2739 4223 2946 4279 canoni
2999 4225 3309 4294 adjunctas
3355 4222 3563 4279 scribit

199 4321 467 4385 martyrum
499 4317 561 4370 in
597 4315 699 4370 die
730 4313 944 4370 natalis
969 4329 1172 4368 eorum
1204 4312 1619 4382 celebritatem,
1654 4311 1804 4383 pris-
1912 4310 2403 4382 Aldhelmus(26).
2426 4312 2712 4383 Cypriano
2727 4329 2830 4367 cur
2850 4311 2907 4367 id
2927 4311 3168 4367 honoris
3186 4312 3562 4376 tribueretur,

202 4414 358 4456 eorum
385 4410 723 4477 temporum
758 4420 902 4459 usus
933 4402 1192 4466 haberet,
1227 4405 1292 4454 ut
1321 4399 1407 4455 vel
1431 4401 1695 4454 omnium
1717 4398 1804 4454 vel
1916 4398 2791 4471 praeclaraipsius,utdicimus,
2821 4405 2879 4455 in
2902 4399 3219 4456 Ecclesiam
3239 4400 3566 4455 Romanam

202 4487 539 4560 insigniorum
575 4493 826 4548 nomina
855 4492 1007 4545 inter
1034 4488 1378 4561 quotidiana
1419 4487 1706 4544 sacrificia
1754 4490 1811 4542 et
1920 4488 2130 4543 merita
2151 4488 2550 4544 obtinuerunt.
2576 4489 2802 4544 Nostris
2821 4505 2954 4544 vero
2980 4490 3132 4544 unde
3153 4488 3274 4543 haec
3295 4487 3570 4560 specialis

207 4578 361 4629 sacris
387 4580 674 4652 diptychis
723 4579 1128 4648 recitarentur,
1171 4576 1324 4631 haud
1373 4575 1454 4631 ita
1483 4593 1514 4631 e
1541 4581 1803 4631 veterum
1841 4598 1886 4664 Β
1924 4577 2320 4649 praerogativa,
2347 4582 2431 4645 ut,
2463 4579 2732 4649 quamvis
2759 4582 2967 4632 exterae
2997 4582 3055 4633 et
3093 4577 3219 4633 aliae
3251 4594 3318 4632 ac
3367 4582 3571 4634 trans-

202 4665 508 4723 testimoniis
537 4673 914 4738 compertum
944 4672 1051 4722 est.
1088 4665 1350 4720 lndicare
1380 4664 1438 4719 id
1463 4669 1657 4719 tamen
1684 4681 1815 4719 san-
1928 4666 2164 4721 marinae
2197 4666 2524 4736 provinciae,
2575 4670 2766 4721 Romae
2810 4671 3006 4722 tamen
3056 4682 3259 4722 earum
3309 4666 3576 4738 quotidie

205 4759 306 4807 ctus
331 4754 654 4827 Cyprianus
684 4756 913 4810 videtur
936 4756 1106 4826 epist.
1139 4771 1310 4808 χχχιχ
1341 4754 1413 4808 ad
1447 4753 1612 4808 Pam.
1649 4770 1813 4808 num.
1930 4754 2214 4811 memoria
2242 4754 2394 4808 inter
2421 4771 2586 4809 sacra
2619 4755 2900 4826 mysteria
2929 4755 3350 4828 perageretur?
3385 4753 3577 4823 Unde,

201 4843 267 4911 δελ,
297 4844 407 4909 ubi,
437 4852 766 4918 postquam
798 4846 868 4899 de
897 4843 1139 4899 Celerini
1171 4843 1298 4898 avia
1326 4842 1610 4910 Celerina,
1645 4847 1702 4897 et
1724 4859 1825 4913 pa-
1932 4845 2197 4915 inquam,
2227 4843 2345 4899 illis
2377 4844 2484 4899 hoc
2513 4846 2712 4909 decus,
2747 4845 2857 4900 nisi
2901 4861 2969 4900 ea
3023 4846 3188 4900 famze
3242 4843 3579 4901 celebritate

205 4941 307 4985 truo
333 4936 474 5003 ejus,
511 4940 573 4991 et
608 4933 895 4989 avunculo
929 4933 1235 4988 Laurentio
1268 4937 1323 4987 et
1347 4931 1568 5004 lgnatio
1595 4931 1826 4988 locutus
1936 4951 2053 5006 qua
2083 4949 2314 5006 semper
2352 4951 2453 5005 per
2483 4951 2584 4989 ora
2615 4934 2920 4989 hominum
2953 4934 3287 5001 volitarunt,
3332 4939 3389 4988 et
3437 4931 3581 4988 insi-

202 5025 286 5088 εει,
314 5025 408 5094 qui
439 5024 862 5095 martyriojam
887 5023 1112 5094 pridem
1136 5023 1366 5076 fuerant
1384 5021 1666 5087 coronati,
1686 5022 1828 5076 sub-
1939 5023 2209 5095 gniorum
2245 5027 2565 5094 martyrum
2582 5021 2705 5077 loco
2718 5023 2930 5078 habitae
2950 5023 3135 5078 sunt?
3151 5028 3291 5078 Cum
3314 5037 3430 5092 qua
3451 5035 3580 5090 pro-

203 5110 403 5181 iungit:
464 5115 768 5182 Sacriﬁcia
815 5127 914 5183 pro
965 5113 1043 5166 eis
1081 5126 1313 5182 semper,
1366 5118 1425 5164 ut
1475 5112 1826 5178 meministis,
1942 5113 2092 5168 fecto
2124 5112 2288 5167 fama:-
2321 5113 2653 5168 oelebritate
2684 5129 2798 5166 non
2832 5116 3114 5167 consonat
3144 5115 3208 5166 ut
3257 5115 3377 5165 tam
3429 5107 3589 5163 brevi

203 5200 471 5272 efferimus,
506 5204 726 5274 quoties
756 5210 1064 5272 martyrum
1100 5201 1379 5271 passiones
1419 5207 1478 5255 ut
1505 5199 1618 5255 dies
1667 5201 1832 5255 anni-
1945 5202 2226 5273 temporis
2257 5201 2580 5264 intervallo,
2613 5201 2703 5257 cui
2732 5201 2871 5256 dum
2904 5201 3161 5257 viverent
3183 5199 3426 5255 addicta:
3453 5197 3594 5254 fuis-

207 5294 425 5346 rrrsaria
472 5292 1012 5346 commemoratione
1058 5291 1413 5344 celebramus.
1468 5289 1569 5344 His
1618 5289 1839 5344 scilicet
1948 5295 2079 5346 sont
2110 5289 2397 5362 religioni,
2430 5309 2495 5346 ex
2527 5291 2834 5346 hominum
2856 5290 3139 5345 memoria
3167 5287 3513 5344 elaberetur.

262 5469 361 5539 (20)
394 5471 527 5525 Lib.
568 5485 617 5522 II
649 5471 899 5524 adversus
930 5469 1292 5524 Parmenion.

261 5542 364 5605 {21)
395 5541 477 5596 Ad
512 5541 679 5595 Rom.
711 5558 815 5606 χιι,
847 5541 934 5594 13.

262 5613 360 5680 (22)
390 5612 576 5678 Apud
615 5611 930 5674 Mabillon..
955 5616 1095 5668 tom.
1131 5629 1147 5666 ι
1179 5610 1368 5666 Μυεκί
1399 5610 1593 5665 Italici.

266 5685 361 5752 (33)
394 5685 529 5740 Lib.
565 5682 647 5738 de
676 5683 884 5742 Corona
911 5685 1096 5750 Milit.,
1129 5699 1256 5754 cap.
1290 5683 1344 5736 3.

420 5814 426 5818 ’
515 5812 784 5870 PATItOL.
836 5812 934 5870 lll.

2024 5470 2136 5540 (24)
2172 5469 2353 5540 Epist.
2389 5487 2490 5536 xu,
2523 5469 2598 5524 al.
2657 5485 2869 5536 xxxvn,
2921 5471 2980 5522 et
3034 5467 3206 5540 epist.
3265 5484 3457 5537 χχχιχ,
3513 5465 3590 5522 al.

1953 5557 2147 5595 χχχιν.

2176 5611 2364 5693 Epist.
2392 5629 2502 5693 χρ..
2526 5610 2598 5693 81..
2633 5627 2844 5693 χηχχνιι.

2030 5685 2142 5755 (26)
2179 5683 2297 5741 Lib.
2331 5683 2396 5737 de
2434 5683 2790 5752 Virginitale,
2821 5699 2950 5754 cap.
2983 5683 3072 5738 25.
