4064 6196
387 342 464 399 75
1519 334 2033 396 DISSERTATlO
2077 335 2618 398 APOLOGETICA

3719 342 3798 402 76

465 471 608 528 lllud
650 469 903 542 denique
947 469 1041 524 hic
1087 467 1304 539 pariter
1349 466 1802 535 observandum,
1875 467 2032 523 hanc
2066 469 2115 534 Α
2149 468 2312 522 nibus
2343 471 2450 523 viri
2483 471 2609 524 boni
2634 484 2778 541 saepe
2805 470 3109 544 falluntur.
3141 471 3249 526 Sed
3281 471 3569 543 numquid
3600 476 3657 528 et
3686 474 3792 528 Ec-

393 561 549 618 intra
577 576 806 615 sacram
839 558 1105 632 synaxim
1144 561 1479 612 sanctorum
1530 561 1854 630 martyrum
1888 575 2042 613 com-

396 648 879 706 memorationem
909 664 975 703 eo
1005 645 1293 718 praecipue
1341 649 1604 718 spectare
1641 653 1706 701 ut
1745 646 2040 718 intelliga—

398 755 533 795 mus
563 755 670 795 nos
691 753 824 792 cum
855 735 972 792 illis
1002 735 1062 790 in
1093 734 1343 803 Christo,
1377 735 1546 806 cujus
1578 736 1836 807 corporis
1868 736 2044 792 sacri~

398 828 596 885 ﬁcium
631 825 1373 896 oﬂ‘ertuchommunicare,
1399 825 1554 896 quod
1578 828 1635 880 et
1654 824 1784 896 ipsa
1802 824 2042 882 canonis

401 917 577 971 verba
604 917 804 985 aperte
852 916 1177 970 testantur:
1233 914 1707 970 Communicantes
1749 917 1799 968 et
1833 930 2042 970 memo-

400 1005 550 1060 riam
577 1011 922 1069 venerantes,
955 1007 1064 1059 etc.
1100 1003 1176 1058 Eo
1207 1009 1400 1059 autem
1435 1003 1723 1075 pertinere
1758 1004 2046 1059 credenda

403 1097 493 1151 est
537 1096 866 1149 exterorum
911 1091 1012 1148 illa
1055 1096 1379 1164 martyrum
1430 1093 1929 1158 commemoratio,
1983 1096 2048 1147 ut

405 1199 586 1240 unam
617 1182 831 1254 ubique
859 1198 988 1238 esse
1017 1181 1274 1238 sciamus
1315 1180 1658 1236 catholicam
1707 1181 2045 1249 Ecclesiam,

405 1277 467 1328 et
496 1287 675 1332 unam
705 1270 970 1327 omnium
1000 1269 1396 1337 ecclesiarum,
1440 1269 1706 1341 quamvis
1756 1270 1879 1326 loco
1927 1272 2047 1327 dis-

406 1361 677 1429 sitarum,
710 1359 1206 1425 communionem,
1238 1363 1304 1414 ut
1331 1375 1458 1431 quae
1491 1358 1709 1415 alienos
1740 1364 2044 1431 martyres,

405 1449 565 1518 haud
596 1465 766 1506 secus
795 1465 972 1520 quam
1013 1447 1386 1517 domesticos,
1437 1451 1806 1504 venerantur.
1860 1450 2047 1519 Quod,

406 1543 472 1594 ut
501 1555 684 1611 supra
712 1542 803 1594 est
847 1538 1241 1606 observatum,
1294 1537 1445 1593 clare
1492 1541 1549 1592 et
1598 1539 1902 1608 perspicue
1945 1539 2048 1593 de-

405 1630 697 1684 monstrat
720 1631 840 1682 tam
886 1631 1042 1682 certo
1092 1627 1163 1681 de
1209 1630 1544 1682 nostrarum
1589 1631 1914 1697 martyrum
1964 1643 2050 1681 or-

402 1715 680 1772 thodoxia
708 1715 864 1788 apud
887 1720 1108 1771 veteres
1129 1715 1486 1782 constitisse,
1503 1719 1570 1769 ut
1591 1731 1793 1770 earum
1816 1715 2052 1770 nomina

2149 557 2338 612 clesize
2371 558 2716 614 universalis
2748 559 3064 615 auctoritas
3085 563 3112 614 ‘t
3141 560 3245 615 Cui
3279 566 3510 616 tantum
3541 561 3598 616 in
3632 562 3795 618 hisce

2151 646 2323 699 etiam
2356 647 2780 716 quaestionibus
2812 649 3025 704 detulit
3050 649 3435 721 Augustinus,
3471 655 3535 706 ut
3581 652 3652 705 de
3701 651 3797 707 his

2153 733 2297 787 nihil
2317 738 2534 797 temere
2543 737 2810 806 judicare
2825 736 3089 803 voluerit,
3107 755 3236 810 quae
3249 743 3508 810 tempore
3529 755 3797 811 persecu-

2151 822 2350 891 tionis,
2385 827 2448 878 ut
2482 825 2861 881 insectatores
2894 842 3011 881 sum
3042 827 3332 898 pudicitiae
3354 828 3698 900 devitarent,
3732 830 3793 884 in

2153 918 2457 982 rapturum
2493 917 2666 984 atque
2690 917 3033 970 necaturum
3056 931 3118 971 se
3140 916 3379 972 fluvium
3403 917 3795 987 projecerunt,

2155 1016 2341 1071 eoque
2371 1002 2542 1057 modo
2575 1002 2858 1058 defunctae
2889 1008 3048 1074 sunt,
3083 1007 3405 1077 earumque
3435 1006 3718 1078 martyria
3740 1007 3799 1062 in

2157 1089 2440 1145 catholica
2461 1090 2728 1148 Ecclesia;
2750 1093 3118 1149 veneratione
3139 1092 3517 1150 celeberrima
3539 1096 3800 1166 frequen-

2157 1181 2394 1235 tantur:
2445 1180 2518 1235 De
2573 1183 2678 1246 his,
2737 1181 2930 1252 inquit
2985 1182 3098 1253 (27)
3141 1183 3287 1237 nihil
3352 1185 3558 1238 temere
3625 1183 3799 1239 audeo

2148 1266 2418 1338 judicare.
2453 1271 2643 1325 Utrum
2673 1271 2822 1325 enim
2849 1271 3106 1328 Ecclesiae
3133 1273 3408 1342 aliquibus
3460 1272 3565 1342 ﬁde
3613 1272 3805 1345 dignis

2157 1357 2642 1425 testiﬁcationibus,
2696 1369 2758 1415 ut
2808 1376 2997 1415 eorum
3043 1362 3375 1415 memoriam
3435 1363 3514 1416 sic
3577 1361 3806 1417 honoret

2156 1444 2349 1500 divina
2376 1450 2717 1517 persuaserit
2745 1451 3061 1515 auctoritas,
3093 1452 3276 1505 nescio
3300 1467 3318 1504 :
3350 1453 3404 1505 et
3448 1451 3573 1520 ﬁeri
3607 1454 3801 1522 potest,

2159 1541 2218 1588 ut
2245 1535 2323 1588 ita
2345 1537 2433 1590 sit.
2465 1538 2618 1606 Quid
2645 1539 2695 1592 si
2723 1540 2876 1593 enim
2905 1538 3002 1594 hoc
3029 1540 3294 1608 fecerunt,
3329 1553 3439 1593 non
3479 1539 3806 1595 humanitus

2157 1621 2395 1692 decepta:
2423 1640 2522 1678 nec
2550 1634 2822 1693 errantes,
2855 1626 2948 1681 sed
2978 1627 3282 1683 obedientes
3304 1628 3331 1682 ?
3358 1629 3504 1684 sicut
3531 1628 3594 1682 de
3639 1631 3808 1684 Sam-

2157 1726 2288 1766 sone
2315 1712 2471 1767 aliud
2509 1715 2665 1769 nobis
2721 1717 2808 1785 fas
2860 1731 2971 1771 non
3017 1719 3096 1771 est
3145 1716 3380 1772 credere.
3432 1719 3500 1772 At
3550 1717 3809 1774 hieretici

404 1804 699 1862 catholica
749 1804 1182 1860 communionis
1249 1802 1584 1875 symbolum
1656 1819 1784 1860 esse
1851 1803 2042 1859 volue-
2080 1842 2128 1906 B
2162 1804 2444 1872 martyres
2467 1803 2525 1856 in
2545 1803 3358 1876 martyrologiairrepserunt.
3383 1805 3802 1877 Sednumquid

405 1895 548 1951 rint.

475 1983 600 2039 VII.
633 1983 852 2040 Horum
883 1982 1148 2039 omnium
1180 1983 1252 2037 de
1279 1981 1496 2053 quibus
1540 1981 1822 2038 hactenus
1866 1982 2050 2038 disse-

405 2071 657 2140 ruimus,
706 2071 1179 2128 testimoniorum
1227 2072 1635 2127 auctoritatem
1699 2071 1921 2127 elevare
1989 2088 2054 2127 se

406 2165 572 2234 putat
600 2161 897 2218 levissima
940 2162 1050 2217 hac
1099 2161 1478 2232 responsione
1502 2160 1846 2232 Basnagius,
1895 2161 2050 2232 quod

405 2266 614 2322 nempe
647 2273 676 2302 «
709 2251 906 2306 horum
933 2251 1240 2306 constantia
1294 2253 1604 2320 martyrum
1648 2265 1859 2306 necnon
1905 2259 2053 2305 acto-

408 2356 536 2396 rum
564 2341 868 2411 antiquitas
916 2341 1146 2411 posteris
1194 2340 1388 2413 fucum
1443 2338 1597 2412 fecit,
1654 2343 1716 2394 ut
1768 2340 1830 2393 in
1880 2343 2053 2410 pretio

410 2428 758 2485 haberentur.
794 2450 823 2478 ››
846 2429 1252 2500 Productaque
1269 2428 1497 2496 deinde,
1524 2444 1702 2498 quam
1725 2444 1903 2500 supra
1923 2443 2054 2483 con-

410 2517 613 2587 futavi,
644 2517 715 2573 de
743 2519 1056 2590 Augustini
1088 2518 1368 2574 Sermone
1397 2518 1753 2588 conjectura,
1805 2517 2054 2588 subjun-

413 2607 536 2678 git:
588 2607 930 2663 Concedatur
975 2615 1157 2663 tamen
1203 2607 1372 2662 verba
1417 2605 1536 2662 haec
1570 2606 1868 2676 Augustini
1919 2621 2052 2661 esse.

415 2696 652 2764 Quaestio
696 2697 832 2766 facti
879 2705 975 2764 est,
1025 2697 1294 2766 Perpetua
1350 2696 1446 2750 73
1491 2697 1734 2766 fueritne
1800 2695 2057 2751 Ecclesiae

408 2785 634 2854 mulier,
691 2801 765 2841 an
793 2789 951 2842 sectae
1004 2786 1435 2842 montanisticw.
1474 2785 1597 2856 jam
1647 2800 1768 2840 vero
1798 2787 1859 2840 in
1878 2800 2056 2856 quass-

409 2875 652 2930 tionibus
695 2873 1017 2946 hujusmodi
1059 2876 1172 2930 viri
1222 2875 1348 2930 boni
1385 2889 1760 2944 smpcnumero
1820 2881 1929 2930 tota
1975 2890 2058 2929 er-

407 2968 534 3019 rant
562 2965 672 3031 via,
705 2969 761 3019 et
791 2965 1074 3021 haereticos
1101 2969 1372 3034 martyres
1404 2965 1689 3035 irrepsisse
1734 2966 1797 3018 in
1846 2968 2059 3034 marty-

406 3053 622 3122 rologia
667 3069 765 3109 suo
815 3055 927 3110 loco
973 3054 1338 3110 ostendimus.
1389 3053 1470 3108 De
1516 3053 1697 3120 Actis,
1749 3057 1806 3108 et
1853 3068 2055 3108 eorum

405 3141 750 3198 auctoritate
777 3141 1024 3197 inferius
1054 3142 1370 3197 dicendum
1412 3141 1541 3196 erit.
1591 3145 1757 3196 Nunc
1805 3140 2057 3196 breviter

2163 1889 2338 1944 etiam
2408 1892 2468 1945 in
2556 1892 2970 1964 antiquissima
3040 1893 3435 1950 Kalcndaria?
3505 1895 3804 1966 Numquid

2163 1978 2340 2034 etiam
2367 1980 2439 2034 ad
2471 1997 2670 2036 eorum
2700 1987 3084 2038 monumenta
3114 1983 3418 2050 sacrificia,
3451 1988 3511 2039 et
3558 1984 3812 2040 catholi-

2164 2083 2361 2123 corum
2415 2075 2736 2126 conventus
2785 2071 3110 2127 celebrati?
3158 2072 3445 2144 numquid
3497 2073 3555 2127 in
3602 2090 3807 2129 eorum

2166 2159 2510 2213 memoriam
2562 2160 2770 2216 altaria
2818 2161 2952 2227 Deo,
3004 2166 3061 2216 et
3108 2161 3360 2216 basilicae
3410 2163 3814 2218 consecratas?

2165 2247 2452 2319 numquid
2485 2265 2684 2304 eorum
2719 2249 2922 2305 laudes
2951 2255 3176 2306 veteres
3206 2251 3405 2306 Patres
3445 2252 3812 2307 orationibus

2164 2339 2220 2391 ct
2249 2336 2496 2408 publicis
2526 2339 2870 2394 tractatibus
2902 2340 3302 2395 exornarunt?
3335 2342 3623 2412 numquid
3652 2343 3814 2396 deni-

2165 2441 2278 2496 que
2308 2425 2458 2481 inter
2487 2425 2834 2482 illustriores
2867 2433 3151 2499 martyres
3183 2444 3285 2500 per
3315 2434 3600 2484 totannos
3627 2429 3808 2486 etiam

2165 2514 2409 2569 nuncin
2457 2516 2653 2571 missa:
2702 2531 2923 2571 canone
2973 2517 3416 2573 memorantur?
3462 2518 3814 2591 Marculum,

2165 2603 2387 2674 pseudo
2419 2609 2736 2677 martyrem
2786 2605 3248 2674 Donatistarum,
3298 2607 3544 2678 primus,
3595 2607 3813 2664 saeculo

2167 2709 2342 2759 nono,
2374 2693 2777 2766 imprudenter
2805 2693 2866 2749 in
2898 2711 3071 2750 suum
3105 2695 3584 2768 martyrologium
3617 2697 3810 2752 Raba-

2168 2798 2281 2836 nus
2310 2782 2509 2837 retulit
2539 2784 2649 2855 (25)
2677 2801 2690 2851 ;
2725 2784 2860 2839 inde
2890 2783 2946 2838 in
2983 2784 3225 2839 nothum
3263 2786 3419 2840 Bedes
3465 2786 3813 2858 martyrolo-

2167 2869 2328 2941 gium
2359 2875 2416 2926 et
2445 2888 2514 2926 ex
2561 2888 2626 2927 eo
2670 2873 2728 2927 in
2779 2871 3002 2944 aliquot
3053 2873 3365 2929 Usuardini
3414 2875 3816 2947 martyrologii

2172 2960 2270 3014 74
2301 2960 2528 3017 codices
2575 2966 2633 3016 et
2681 2961 2964 3017 editiones
3013 2962 3248 3034 irrepsit
3295 2963 3449 3034 (29);
3499 2965 3600 3019 sed
3650 2981 3817 3019 error

2165 3047 2333 3104 facile
2355 3049 2614 3106 detectus
2642 3055 2748 3122 est,
2774 3055 2830 3106 et
2861 3051 3103 3106 Romani
3129 3050 3522 3124 martyrologii
3545 3053 3814 3108 condito-

2164 3153 2256 3194 res
2305 3137 2593 3196 Numidiae
2643 3139 3062 3210 Nicomediam,
3118 3137 3376 3196 Marculo
3442 3140 3811 3210 Marcellum,

402 3229 744 3301 videndum,
776 3247 971 3286 annon
1002 3247 1248 3286 summae
1277 3228 1625 3286 temeritatis
1654 3229 1748 3298 sit,
1783 3230 1855 3285 ob
1887 3228 2053 3286 levis-
2082 3216 2124 3283 C
2163 3226 2462 3283 Constanti
2492 3228 2922 3295 Constantium,
2956 3229 3303 3285 Macarianis
3332 3229 3577 3286 Arianos
3598 3231 3815 3286 subro-

407 3318 611 3387 simas,
639 3325 702 3375 ut
731 3319 1004 3392 deinceps
1037 3319 1363 3385 ostendam,
1416 3318 1813 3392 conjecturas,
1849 3335 2049 3375 eorum

407 3407 807 3465 orthodoxiam
839 3411 897 3464 et
929 3391 1304 3465 sanctitatem
1352 3409 1412 3462 in
1463 3407 1709 3462 dubium
1761 3391 2047 3478 revocare,

407 3513 554 3568 quos
575 3502 807 3553 constat
827 3497 1027 3554 statim
1051 3499 1124 3554 ab
1145 3514 1348 3554 eorum
1373 3496 1667 3569 passione,
1691 3513 1757 3553 ac
1778 3497 2050 3569 deinceps

407 3602 508 3657 per
525 3586 860 3657 quindecim
873 3591 930 3642 et
941 3586 1196 3658 amplius
1211 3585 1422 3642 secula
1437 3584 1598 3641 nullo
1613 3602 1725 3642 non
1750 3584 2049 3658 religionis

404 3677 462 3729 et
490 3673 871 3731 observantiae
903 3676 1092 3748 signo,
1121 3692 1237 3732 non
1269 3678 1336 3730 ut
1365 3674 1650 3746 genuinos
1669 3678 1920 3744 tantum,
1946 3676 2048 3731 sed

404 3761 556 3818 inter
584 3762 931 3820 celebriorcs
962 3763 1178 3832 Cbrisii
1201 3768 1507 3835 martyres,
1535 3763 1922 3820 universalem
1950 3765 2052 3819 Ec-

403 3849 642 3908 olesiam
680 3869 809 3908 esse
836 3857 1168 3910 veneratam
1191 3853 1219 3907 ‘I
1249 3869 1500 3925 quorum
1551 3852 1774 3909 scilicet
1824 3869 2045 3909 memo-

401 3939 683 4012 riamjam
703 3940 840 3997 inde
857 3943 928 3998 ab
953 3941 1592 4014 antiquistemporibus
1615 3941 2004 4014 frequentavit
2028 3960 2041 4012 ;

399 4029 615 4102 quibus
645 4029 873 4098 altaria,
905 4035 962 4087 et
1008 4030 1298 4099 basilicas,
1350 4047 1482 4102 quae
1528 4034 1795 4086 centrum
1848 4037 2047 4087 essent

395 4116 691 4175 catholicis
740 4119 1174 4176 communionis
1214 4119 1522 4177 excitavit:
1571 4135 1820 4190 quorum
1874 4119 2044 4175 anni-

392 4207 710 4263 versariam
731 4207 1161 4265 solemnitatem
1193 4225 1309 4264 non
1333 4209 1503 4264 modo
1527 4203 1784 4264 Ecclesia
1799 4209 2041 4265 Cartha-

389 4293 693 4368 giniensis,
722 4297 826 4353 sed
857 4297 1032 4354 etiam
1063 4301 1326 4354 Romana
1358 4296 1537 4353 altern
1568 4297 1638 4352 ab
1671 4311 1874 4352 eorum
1906 4314 2040 4369 pas-

388 4383 554 4441 sione
585 4384 798 4442 smculo
827 4386 1177 4455 celebravit;
1212 4403 1463 4457 quorum
1497 4385 1733 4440 nomina
1771 4385 1830 4439 in
1883 4385 2038 4441 anti-

389 4473 694 4543 quissimis
742 4473 1124 4531 ecclesiarum
1173 4473 1392 4530 tabulis
1449 4474 1600 4529 inter
1646 4472 2034 4530 illustriorum

2160 3322 2394 3388 garunt.
2433 3318 2714 3388 Legcntes
2744 3320 2898 3373 enim
2934 3319 3042 3374 sub
3075 3319 3310 3374 eosdem
3342 3318 3571 3374 circiter
3595 3319 3721 3375 dies
3746 3320 3808 3375 in

2162 3405 2591 3476 antiquioribus
2612 3406 3044 3479 martyrologiis
3059 3407 3314 3464 Marcelli
3336 3407 3808 3464 Nicomediensis
3837 3423 3846 3431 '

2162 3494 2434 3564 martyris
2464 3512 2698 3565 nomen,
2731 3501 2787 3551 et
2817 3497 2945 3566 ejus
2977 3500 3106 3562 acta
3137 3497 3496 3570 ignorantes,
3531 3513 3598 3553 ex
3643 3497 3804 3553 Mar-

2160 3581 2275 3638 culi
2307 3585 2454 3639 actis
2475 3584 2838 3657 interpolatis
2859 3585 2967 3640 hoc
2988 3587 3038 3640 ei
3060 3585 3318 3658 elogium
3341 3587 3808 3644 concinnarunt:

2157 3673 2488 3731 Nicomediae
2526 3674 2652 3746 (pro
2709 3676 2770 3729 in
2815 3675 3103 3746 Numidia)
3149 3678 3330 3732 sancti
3373 3676 3619 3732 Marcelli
3666 3676 3807 3750 (leg.

2158 3764 2746 3836 Marculi)presbyteri,
2775 3765 2877 3835 qui
2895 3765 3208 3820 Constantii
3228 3765 3442 3837 (verius
3462 3767 3814 3835 Constantis)

2154 3855 2395 3923 tempore
2413 3853 2480 3908 ab
2509 3854 2742 3908 Arionis
2764 3857 2889 3924 (pro
2914 3870 2951 3908 a
2970 3854 3318 3927 Macarianis)
3340 3871 3368 3910 e
3387 3870 3522 3926 rupe
3537 3857 3808 3927 praecipi-

2156 3950 2299 3997 tatus
2330 3951 2549 4014 martyr
2575 3943 2841 3998 occubuit.
2869 3945 3006 4008 Quae
3026 3944 3263 3999 Patrum
3287 3944 3807 4000 Benedictinorum

2155 4032 2490 4103 conjectura
2518 4037 2606 4089 est
2635 4031 2694 4086 in
2724 4032 2853 4088 Not.
2887 4033 2957 4088 ad
2988 4032 3302 4106 Augustini
3331 4032 3430 4088 lib.
3465 4050 3552 4088 ιιι.
3597 4038 3812 4090 contra

2154 4119 2550 4189 Cresconium,
2585 4139 2711 4193 cap.
2744 4122 2832 4176 49.
2865 4123 2991 4186 Qua
3019 4123 3090 4178 de
3120 4138 3181 4178 re
3200 4122 3485 4179 videndus
3511 4121 3687 4177 etiam
3708 4121 3804 4178 Cl.

2153 4207 2505 4267 Mabillonus
2543 4211 2602 4265 in
2652 4215 2862 4266 Annot.
2914 4212 2986 4267 ad
3040 4211 3281 4267 Marculi
3330 4215 3480 4276 acta,
3530 4216 3674 4266 tom.
3721 4211 3806 4268 III

2150 4299 2304 4353 Vett.
2338 4299 2658 4354 Analector.
2689 4301 2817 4355 1am
2849 4316 2980 4356 vero
3013 4300 3152 4372 quid
3185 4300 3342 4371 huic,
3392 4303 3493 4356 aut
3535 4299 3584 4355 si
3634 4300 3801 4370 quod

2147 4391 2236 4443 est
2265 4387 2424 4442 aliud
2479 4386 2612 4442 huic
2669 4387 2883 4453 simile,
2943 4389 3206 4460 exemplo
3251 4405 3384 4445 cum
3434 4387 3802 4460 martyribus

2147 4477 2364 4532 nostris
2396 4475 2592 4548 aliqua
2613 4493 2680 4532 ex
2699 4482 2864 4548 parte
2884 4494 3198 4533 commune
3219 4478 3246 4532 ?
3270 4478 3404 4544 Quae
3428 4493 3543 4532 non
3565 4477 3804 4548 sequio-

388 4565 714 4634 martyrum
746 4563 986 4619 nomina
1015 4568 1385 4628 recensetur;
1442 4579 1694 4633 quorum
1753 4564 2036 4619 memoria
2066 4587 2113 4654 Β
2145 4567 2307 4621 ribus
2339 4566 2568 4622 smculis
2595 4582 2698 4637 per
2727 4567 2903 4622 unius
2935 4571 3036 4623 aut
3065 4567 3304 4623 alterius
3334 4565 3632 4638 scriptoris
3650 4566 3806 4621 osci.

387 4665 522 4706 cum
554 4651 754 4722 paucis
786 4651 917 4710 aliis
945 4651 1487 4726 insignioribusque
1518 4652 1657 4708 item
1682 4653 2034 4726 martyribus

387 4738 648 4810 quotidie
679 4740 740 4796 in
773 4741 967 4798 missae
994 4756 1216 4799 canone
1241 4746 1585 4812 renovatur;
1612 4759 1758 4815 quos
1781 4743 2034 4814 denique

385 4843 500 4884 non
531 4845 716 4886 unum
747 4835 849 4887 aut
877 4831 1127 4888 alterum
1181 4830 1472 4902 privatum
1523 4830 2027 4904 martyrologium,

2144 4655 2394 4711 tantiam
2428 4656 2485 4710 in
2518 4656 2809 4727 privatum
2840 4654 3079 4728 aliquod
3111 4655 3586 4729 martyrologium
3645 4654 3802 4711 irre-

2143 4749 2408 4817 pserunt,
2441 4745 2541 4800 sed
2583 4744 2640 4798 in
2674 4744 2949 4816 publicis,
2978 4750 3034 4801 et
3056 4744 3488 4817 antiquissimis
3516 4743 3797 4800 Ecclesiae

2141 4833 2380 4903 tabulis,
2415 4834 2473 4888 in
2505 4833 2753 4906 publicis
2783 4833 2922 4890 item
2970 4835 3262 4906 precibus,
3315 4837 3380 4889 ut
3430 4849 3628 4890 earum
3681 4851 3798 4890 no-

381 4916 483 4972 sed
515 4919 716 4976 omnia
747 4923 805 4976 et
825 4921 882 4975 in
909 4920 1270 4977 diversarum
1295 4919 1676 4976 ecclesiarum
1699 4936 2030 4977 usumcon-

380 5006 619 5064 cinnata
650 5009 870 5081 pariter
900 5008 1213 5066 celebrant.
1246 5014 1378 5065 Haec
1408 5009 1566 5064 enim
1598 5009 1874 5064 omniain
1899 5026 2030 5065 nos-

381 5100 504 5154 tras
534 5102 820 5171 martyres
853 5099 1030 5155 simul
1064 5099 1244 5155 fuisse
1274 5097 1502 5163 collata,
1527 5097 1669 5153 satis
1697 5098 1823 5168 jam
1875 5115 2026 5170 prae-

373 5187 524 5242 senti
555 5185 662 5244 hoc
693 5188 880 5260 capite
911 5189 1328 5245 demonstravi.
1372 5187 1476 5243 Sed
1524 5188 1834 5242 constantia
1884 5206 2028 5245 mar-

369 5284 581 5347 tyrum,
611 5283 667 5332 et
707 5278 967 5334 Actorum
1015 5279 1319 5349 antiquitas
1364 5277 1590 5348 posteris
1635 5278 1827 5348 fucum
1872 5280 2019 5350 fecit.

368 5366 478 5420 Sed
513 5366 801 5437 numquid
834 5382 980 5439 pene
1006 5367 1231 5435 coaevis,
1268 5369 1371 5421 aut
1403 5366 1759 5438 supparibus
1781 5368 2022 5440 scripto-

369 5453 532 5511 ribus
565 5455 865 5527 imponere
879 5455 1212 5532 potuissent
1231 5456 1258 5511 ‘I
1283 5455 1392 5513 Sed
1411 5457 1470 5512 in
1498 5457 1585 5512 his
1611 5458 1748 5529 [acti
1769 5460 2020 5529 quaestio-

439 5597 563 5738 ἐξ
594 5595 714 5651 Lib.
752 5600 772 5651 1
804 5599 877 5656 De
908 5599 1072 5682 divit.
1105 5601 1206 5657 Dei
1235 5590 1360 5672 cap.
1391 5600 1482 5654 26.

536 5668 747 5738 )Apud
779 5669 1078 5730 Mabillon.
1109 5677 1250 5731 tom.
1283 5689 1340 5728 1v
1372 5673 1479 5730 νει.

536 5668 747 5741 )Apud
779 5669 1078 5730 Mabillon.
1109 5677 1250 5731 tom.
1283 5668 1340 5728 1v
1372 5673 1479 5730 νει.
1509 5672 1750 5728 Analect.

2142 4924 2303 4979 mina
2332 4923 2731 4989 recitarentur,
2764 4928 2819 4978 et
2849 4922 3079 4979 nullum
3121 4941 3237 4980 non
3287 4922 3543 4995 religiosi
3592 4921 3798 4978 cultus

2139 5012 2716 5083 testimonium,jam
2750 5011 2883 5067 inde
2915 5013 2986 5068 ab
3037 5013 3202 5068 initio
3255 5014 3576 5069 consecutae
3627 5016 3795 5067 sunt.

2139 5101 2250 5157 Sed
2283 5100 2606 5170 videamus,
2641 5100 2855 5172 quibus
2886 5102 3210 5174 Basnagius
3264 5099 3628 5174 argumentis
3676 5099 3797 5157 hac

2138 5189 2443 5246 sanctioris
2475 5191 2642 5246 fama:
2674 5195 2729 5244 et
2769 5191 2986 5260 publici
3036 5191 3229 5247 cultus
3279 5195 3561 5263 perpetua
3605 5187 3800 5245 veluti

2136 5281 2503 5353 possessione
2551 5283 2784 5335 sanctas
2833 5285 3119 5352 martyres
3167 5282 3481 5336 deturbare
3535 5284 3802 5336 conatus

2133 5375 2258 5427 est:
2290 5369 2637 5443 gravissima
2667 5367 2822 5423 enim
2855 5386 2922 5424 ea
2953 5386 3082 5426 esse
3115 5373 3362 5443 oportet,
3396 5386 3520 5441 quae
3553 5367 3708 5423 hanc
3736 5368 3810 5424 ei

2132 5461 2204 5516 de
2243 5459 2459 5516 nostris
2508 5458 2668 5514 hisce
2717 5459 3094 5532 martyribus,
3143 5464 3276 5532 post
3320 5463 3407 5516 tot
3449 5459 3521 5514 ab
3568 5473 3798 5514 earum

2132 5603 2319 5732 J(2}?)
2367 5603 2536 5675 Apud
2604 5599 2868 5658 Bollandi
2929 5603 3137 5672 socios,
3196 5607 3338 5660 tom.
3395 5619 3493 5671 vn,
3556 5601 3822 5660 mensis

2170 5691 2313 5731 unn.

2170 5691 2313 5731 unu.
