  <div class='ocr_page' id='page_1' title='image "/cluster/home/n/w/nwhite01/storage/ocr_20150623/3/hvd.32044073549586/092.png"; bbox 0 0 4050 6172; ppageno 0'>
   <div class='ocr_carea' id='block_1_1' title="bbox 300 340 2903 426">
    <p class='ocr_par' dir='ltr' id='par_1_1' title="bbox 300 340 2903 426">
     <span class='ocr_line' id='line_1_1' title="bbox 300 340 2903 426; baseline 0.01 -29"><span class='ocrx_word' id='word_1_1' title='bbox 300 340 375 397; x_wconf 79' lang='lat'>77</span> <span class='ocrx_word' id='word_1_2' title='bbox 1132 350 1285 410; x_wconf 79' lang='lat' dir='ltr'>PRO</span> <span class='ocrx_word' id='word_1_3' title='bbox 1331 354 1436 411; x_wconf 90' lang='lat' dir='ltr'>SS.</span> <span class='ocrx_word' id='word_1_4' title='bbox 1488 352 1929 426; x_wconf 78' lang='lat' dir='ltr'>PERPETUA,</span> <span class='ocrx_word' id='word_1_5' title='bbox 1980 356 2442 422; x_wconf 75' lang='lat' dir='ltr'>FELlCl&#39;l‘A&#39;l‘E</span> <span class='ocrx_word' id='word_1_6' title='bbox 2490 363 2587 423; x_wconf 85' lang='lat' dir='ltr'>ET</span> <span class='ocrx_word' id='word_1_7' title='bbox 2631 364 2903 426; x_wconf 86' lang='lat' dir='ltr'>SOClIS.</span> 
     </span>
    </p>
   </div>
   <div class='ocr_carea' id='block_1_2' title="bbox 3646 375 3726 434">
    <p class='ocr_par' dir='ltr' id='par_1_2' title="bbox 3646 375 3726 434">
     <span class='ocr_line' id='line_1_2' title="bbox 3646 375 3726 434; baseline 0.038 -3"><span class='ocrx_word' id='word_1_8' title='bbox 3646 375 3726 434; x_wconf 84' lang='lat'>78</span> 
     </span>
    </p>
   </div>
   <div class='ocr_carea' id='block_1_3' title="bbox 296 472 3719 580">
    <p class='ocr_par' dir='ltr' id='par_1_3' title="bbox 296 472 3719 580">
     <span class='ocr_line' id='line_1_3' title="bbox 296 472 3719 580; baseline 0.011 -56"><span class='ocrx_word' id='word_1_9' title='bbox 296 472 585 571; x_wconf 75' lang='lat' dir='ltr'>passione</span> <span class='ocrx_word' id='word_1_10' title='bbox 617 474 1186 576; x_wconf 59' lang='lat' dir='ltr'>saeculaﬁntulerunt</span> <span class='ocrx_word' id='word_1_11' title='bbox 1205 481 1958 557; x_wconf 87' lang='lat' dir='ltr'>opinionem.Antiquorum</span> <span class='ocrx_word' id='word_1_12' title='bbox 1991 513 2043 580; x_wconf 70' lang='grc' dir='ltr'><strong>Α</strong></span> <span class='ocrx_word' id='word_1_13' title='bbox 2075 492 2328 560; x_wconf 87' lang='lat' dir='ltr'>simiora,</span> <span class='ocrx_word' id='word_1_14' title='bbox 2361 494 2659 550; x_wconf 86' lang='lat' dir='ltr'>secundum</span> <span class='ocrx_word' id='word_1_15' title='bbox 2687 497 3130 555; x_wconf 68' lang='lat' dir='ltr'>exuberationem</span> <span class='ocrx_word' id='word_1_16' title='bbox 3162 503 3358 570; x_wconf 69' lang='lat' dir='ltr'>gratias</span> <span class='ocrx_word' id='word_1_17' title='bbox 3411 504 3471 558; x_wconf 88' lang='lat' dir='ltr'>in</span> <span class='ocrx_word' id='word_1_18' title='bbox 3518 503 3719 561; x_wconf 77' lang='lat' dir='ltr'>ultima</span> 
     </span>
    </p>
   </div>
   <div class='ocr_carea' id='block_1_4' title="bbox 295 558 1958 646">
    <p class='ocr_par' dir='ltr' id='par_1_4' title="bbox 295 558 1958 646">
     <span class='ocr_line' id='line_1_4' title="bbox 295 558 1958 646; baseline 0.011 -33"><span class='ocrx_word' id='word_1_19' title='bbox 295 558 462 616; x_wconf 87' lang='lat' dir='ltr'>enim</span> <span class='ocrx_word' id='word_1_20' title='bbox 504 563 1010 622; x_wconf 80' lang='lat' dir='ltr'>consentientibus</span> <span class='ocrx_word' id='word_1_21' title='bbox 1058 569 1411 626; x_wconf 74' lang='lat' dir='ltr'>testimoniis</span> <span class='ocrx_word' id='word_1_22' title='bbox 1460 576 1516 627; x_wconf 87' lang='lat' dir='ltr'>et</span> <span class='ocrx_word' id='word_1_23' title='bbox 1564 578 1857 646; x_wconf 68' lang='lat' dir='ltr'>perpetuae</span> <span class='ocrx_word' id='word_1_24' title='bbox 1886 575 1958 631; x_wconf 88' lang='lat' dir='ltr'>de</span> 
     </span>
    </p>
   </div>
   <div class='ocr_carea' id='block_1_5' title="bbox 294 646 1958 719">
    <p class='ocr_par' dir='ltr' id='par_1_5' title="bbox 294 646 1958 719">
     <span class='ocr_line' id='line_1_5' title="bbox 294 646 1958 719; baseline 0.011 -18"><span class='ocrx_word' id='word_1_25' title='bbox 294 646 548 705; x_wconf 89' lang='lat' dir='ltr'>illarum</span> <span class='ocrx_word' id='word_1_26' title='bbox 580 652 923 711; x_wconf 85' lang='lat' dir='ltr'>orthodoxia</span> <span class='ocrx_word' id='word_1_27' title='bbox 942 661 1000 711; x_wconf 90' lang='lat' dir='ltr'>et</span> <span class='ocrx_word' id='word_1_28' title='bbox 1028 658 1335 715; x_wconf 81' lang='lat' dir='ltr'>sanctitate</span> <span class='ocrx_word' id='word_1_29' title='bbox 1358 660 1627 717; x_wconf 66' lang='lat' dir='ltr'>Ecclesiae</span> <span class='ocrx_word' id='word_1_30' title='bbox 1658 662 1958 719; x_wconf 81' lang='lat' dir='ltr'>traditioni</span> 
     </span>
    </p>
   </div>
   <div class='ocr_carea' id='block_1_6' title="bbox 294 736 1958 821">
    <p class='ocr_par' dir='ltr' id='par_1_6' title="bbox 294 736 1958 821">
     <span class='ocr_line' id='line_1_6' title="bbox 294 736 1958 821; baseline 0.01 -30"><span class='ocrx_word' id='word_1_31' title='bbox 294 736 448 793; x_wconf 83' lang='lat' dir='ltr'>ﬁdes</span> <span class='ocrx_word' id='word_1_32' title='bbox 503 740 564 794; x_wconf 89' lang='lat' dir='ltr'>in</span> <span class='ocrx_word' id='word_1_33' title='bbox 616 758 676 797; x_wconf 91' lang='lat' dir='ltr'>re</span> <span class='ocrx_word' id='word_1_34' title='bbox 722 746 843 798; x_wconf 90' lang='lat' dir='ltr'>tam</span> <span class='ocrx_word' id='word_1_35' title='bbox 898 746 1059 817; x_wconf 82' lang='lat' dir='ltr'><strong>gravi</strong></span> <span class='ocrx_word' id='word_1_36' title='bbox 1108 747 1375 821; x_wconf 89' lang='lat' dir='ltr'>abrogari</span> <span class='ocrx_word' id='word_1_37' title='bbox 1410 766 1525 805; x_wconf 90' lang='lat' dir='ltr'>non</span> <span class='ocrx_word' id='word_1_38' title='bbox 1574 750 1794 817; x_wconf 86' lang='lat' dir='ltr'>debuit,</span> <span class='ocrx_word' id='word_1_39' title='bbox 1846 752 1958 809; x_wconf 85' lang='lat' dir='ltr'>nisi</span> 
     </span>
    </p>
   </div>
   <div class='ocr_carea' id='block_1_7' title="bbox 293 824 1960 911">
    <p class='ocr_par' dir='ltr' id='par_1_7' title="bbox 293 824 1960 911">
     <span class='ocr_line' id='line_1_7' title="bbox 293 824 1960 911; baseline 0.011 -32"><span class='ocrx_word' id='word_1_40' title='bbox 293 824 480 881; x_wconf 79' lang='lat' dir='ltr'>aliam</span> <span class='ocrx_word' id='word_1_41' title='bbox 509 829 853 901; x_wconf 88' lang='lat' dir='ltr'>opinionem</span> <span class='ocrx_word' id='word_1_42' title='bbox 895 833 1109 891; x_wconf 87' lang='lat' dir='ltr'>invicta</span> <span class='ocrx_word' id='word_1_43' title='bbox 1160 836 1583 910; x_wconf 89' lang='lat' dir='ltr'>perspicuaque</span> <span class='ocrx_word' id='word_1_44' title='bbox 1612 845 1960 911; x_wconf 87' lang='lat' dir='ltr'>argumenta</span> 
     </span>
    </p>
   </div>
   <div class='ocr_carea' id='block_1_8' title="bbox 292 921 1955 1001">
    <p class='ocr_par' dir='ltr' id='par_1_8' title="bbox 292 921 1955 1001">
     <span class='ocr_line' id='line_1_8' title="bbox 292 921 1955 1001; baseline 0.01 -31"><span class='ocrx_word' id='word_1_45' title='bbox 292 930 446 986; x_wconf 87' lang='lat' dir='ltr'>pene</span> <span class='ocrx_word' id='word_1_46' title='bbox 472 921 827 991; x_wconf 83' lang='lat' dir='ltr'>repugnanti</span> <span class='ocrx_word' id='word_1_47' title='bbox 849 921 1208 981; x_wconf 89' lang='lat' dir='ltr'>indiderunt.</span> <span class='ocrx_word' id='word_1_48' title='bbox 1231 930 1321 982; x_wconf 82' lang='lat' dir='ltr'>An</span> <span class='ocrx_word' id='word_1_49' title='bbox 1345 928 1636 999; x_wconf 77' lang='lat' dir='ltr'>ejusmodi</span> <span class='ocrx_word' id='word_1_50' title='bbox 1668 930 1808 997; x_wconf 90' lang='lat' dir='ltr'>sint,</span> <span class='ocrx_word' id='word_1_51' title='bbox 1830 946 1955 1001; x_wconf 63' lang='lat' dir='ltr'>quae</span> 
     </span>
    </p>
   </div>
   <div class='ocr_carea' id='block_1_9' title="bbox 291 1001 1952 1088">
    <p class='ocr_par' dir='ltr' id='par_1_9' title="bbox 291 1001 1952 1088">
     <span class='ocr_line' id='line_1_9' title="bbox 291 1001 1952 1088; baseline 0.01 -30"><span class='ocrx_word' id='word_1_52' title='bbox 291 1001 634 1078; x_wconf 76' lang='lat' dir='ltr'>Basnagius</span> <span class='ocrx_word' id='word_1_53' title='bbox 647 1008 1251 1083; x_wconf 86' lang='lat' dir='ltr'>attulit,sequentibns</span> <span class='ocrx_word' id='word_1_54' title='bbox 1264 1014 1557 1088; x_wconf 84' lang='lat' dir='ltr'>capitibus</span> <span class='ocrx_word' id='word_1_55' title='bbox 1571 1016 1952 1074; x_wconf 84' lang='lat' dir='ltr'>disseremus.</span> 
     </span>
    </p>
   </div>
   <div class='ocr_carea' id='block_1_10' title="bbox 966 1119 1295 1178">
    <p class='ocr_par' dir='ltr' id='par_1_10' title="bbox 966 1119 1295 1178">
     <span class='ocr_line' id='line_1_10' title="bbox 966 1119 1295 1178; baseline 0.015 -6"><span class='ocrx_word' id='word_1_56' title='bbox 966 1119 1195 1175; x_wconf 86' lang='lat' dir='ltr'>CAPUT</span> <span class='ocrx_word' id='word_1_57' title='bbox 1226 1121 1295 1178; x_wconf 89' lang='lat' dir='ltr'>Il.</span> 
     </span>
    </p>
   </div>
   <div class='ocr_carea' id='block_1_11' title="bbox 361 1198 1881 1252">
    <p class='ocr_par' dir='ltr' id='par_1_11' title="bbox 361 1198 1881 1252">
     <span class='ocr_line' id='line_1_11' title="bbox 361 1198 1881 1252; baseline 0.01 -15"><span class='ocrx_word' id='word_1_58' title='bbox 361 1198 639 1240; x_wconf 72' lang='lat' dir='ltr'>BASNAGXI</span> <span class='ocrx_word' id='word_1_59' title='bbox 666 1202 941 1244; x_wconf 76' lang='lat' dir='ltr'>BXTERNIS</span> <span class='ocrx_word' id='word_1_60' title='bbox 978 1206 1269 1248; x_wconf 76' lang='lat' dir='ltr'>ADVERSUS</span> <span class='ocrx_word' id='word_1_61' title='bbox 1314 1209 1556 1250; x_wconf 77' lang='lat' dir='ltr'>SANCTAS</span> <span class='ocrx_word' id='word_1_62' title='bbox 1588 1212 1881 1252; x_wconf 72' lang='lat' dir='ltr'>MARTYRES</span> 
     </span>
    </p>
   </div>
   <div class='ocr_carea' id='block_1_12' title="bbox 723 1276 1535 1323">
    <p class='ocr_par' dir='ltr' id='par_1_12' title="bbox 723 1276 1535 1323">
     <span class='ocr_line' id='line_1_12' title="bbox 723 1276 1535 1323; baseline 0.012 -10"><span class='ocrx_word' id='word_1_63' title='bbox 723 1276 1089 1318; x_wconf 74' lang='lat' dir='ltr'>ARGUMENTIS</span> <span class='ocrx_word' id='word_1_64' title='bbox 1146 1280 1535 1323; x_wconf 74' lang='lat' dir='ltr'>OCCURRITUR.</span> 
     </span>
    </p>
   </div>
   <div class='ocr_carea' id='block_1_13' title="bbox 289 1341 1951 1428">
    <p class='ocr_par' dir='ltr' id='par_1_13' title="bbox 289 1341 1951 1428">
     <span class='ocr_line' id='line_1_13' title="bbox 289 1341 1951 1428; baseline 0.01 -32"><span class='ocrx_word' id='word_1_65' title='bbox 289 1341 335 1397; x_wconf 85' lang='grc' dir='ltr'>Ι.</span> <span class='ocrx_word' id='word_1_66' title='bbox 371 1344 665 1428; x_wconf 49' lang='grc' dir='ltr'>,Λᾷον-ειμι</span> <span class='ocrx_word' id='word_1_67' title='bbox 708 1348 999 1428; x_wconf 67' lang='lat' dir='ltr'>Perpetua:</span> <span class='ocrx_word' id='word_1_68' title='bbox 1056 1357 1110 1428; x_wconf 77' lang='lat' dir='ltr'>et</span> <span class='ocrx_word' id='word_1_69' title='bbox 1184 1354 1483 1411; x_wconf 82' lang='lat' dir='ltr'>Felicitatis</span> <span class='ocrx_word' id='word_1_70' title='bbox 1538 1357 1951 1428; x_wconf 88' lang='lat' dir='ltr'>compilatorem</span> 
     </span>
    </p>
   </div>
   <div class='ocr_carea' id='block_1_14' title="bbox 358 1416 1947 1500">
    <p class='ocr_par' dir='ltr' id='par_1_14' title="bbox 358 1416 1947 1500">
     <span class='ocr_line' id='line_1_14' title="bbox 358 1416 1947 1500; baseline 0.01 -31"><span class='ocrx_word' id='word_1_71' title='bbox 564 1416 1030 1500; x_wconf 71' lang='lat' dir='ltr'>Hontanistarum</span> <span class='ocrx_word' id='word_1_72' title='bbox 1067 1423 1266 1500; x_wconf 59' lang='lat' dir='ltr'>nearest</span> <span class='ocrx_word' id='word_1_73' title='bbox 1294 1428 1576 1497; x_wconf 80' lang='lat' dir='ltr'>infectum.</span> <span class='ocrx_word' id='word_1_74' title='bbox 1601 1416 1670 1484; x_wconf 72' lang='grc' dir='ltr'>ΙΙῙ</span> <span class='ocrx_word' id='word_1_75' title='bbox 1696 1430 1947 1484; x_wconf 84' lang='lat' dir='ltr'>Ruinar-</span> 
     </span>
    </p>
   </div>
   <div class='ocr_carea' id='block_1_15' title="bbox 361 1489 1946 1571">
    <p class='ocr_par' dir='ltr' id='par_1_15' title="bbox 361 1489 1946 1571">
     <span class='ocr_line' id='line_1_15' title="bbox 361 1489 1946 1571; baseline 0.009 -31"><span class='ocrx_word' id='word_1_76' title='bbox 361 1489 439 1541; x_wconf 80' lang='lat' dir='ltr'>tii</span> <span class='ocrx_word' id='word_1_77' title='bbox 458 1504 562 1569; x_wconf 72' lang='lat' dir='ltr'>pro</span> <span class='ocrx_word' id='word_1_78' title='bbox 591 1489 852 1546; x_wconf 81' lang='lat' dir='ltr'>Actorum</span> <span class='ocrx_word' id='word_1_79' title='bbox 902 1496 1259 1571; x_wconf 78' lang='lat' dir='ltr'>compilatore</span> <span class='ocrx_word' id='word_1_80' title='bbox 1303 1489 1544 1555; x_wconf 81' lang='lat' dir='ltr'>rationes</span> <span class='ocrx_word' id='word_1_81' title='bbox 1588 1500 1946 1571; x_wconf 80' lang='lat' dir='ltr'>refelluntur,</span> 
     </span>
    </p>
   </div>
   <div class='ocr_carea' id='block_1_16' title="bbox 361 1567 1943 1637">
    <p class='ocr_par' dir='ltr' id='par_1_16' title="bbox 361 1567 1943 1637">
     <span class='ocr_line' id='line_1_16' title="bbox 361 1567 1943 1637; baseline 0.009 -25"><span class='ocrx_word' id='word_1_82' title='bbox 361 1567 645 1637; x_wconf 53' lang='lat' dir='ltr'>variisque</span> <span class='ocrx_word' id='word_1_83' title='bbox 679 1569 1018 1637; x_wconf 72' lang='lat' dir='ltr'>argumentis</span> <span class='ocrx_word' id='word_1_84' title='bbox 1052 1567 1169 1637; x_wconf 89' lang='lat' dir='ltr'>ejus</span> <span class='ocrx_word' id='word_1_85' title='bbox 1217 1572 1611 1626; x_wconf 88' lang='lat' dir='ltr'>montanismus</span> <span class='ocrx_word' id='word_1_86' title='bbox 1649 1567 1943 1627; x_wconf 56' lang='lat' dir='ltr'>&#39;asseritur.</span> 
     </span>
    </p>
   </div>
   <div class='ocr_carea' id='block_1_17' title="bbox 365 1628 1943 1713">
    <p class='ocr_par' dir='ltr' id='par_1_17' title="bbox 365 1628 1943 1713">
     <span class='ocr_line' id='line_1_17' title="bbox 365 1628 1943 1713; baseline 0.009 -30"><span class='ocrx_word' id='word_1_87' title='bbox 517 1628 803 1713; x_wconf 38' lang='lat' dir='ltr'>liciti-velli</span> <span class='ocrx_word' id='word_1_88' title='bbox 823 1651 931 1713; x_wconf 53' lang='lat' dir='ltr'>pro</span> <span class='ocrx_word' id='word_1_89' title='bbox 978 1628 1229 1713; x_wconf 65' lang='lat' dir='ltr'>ejusdem</span> <span class='ocrx_word' id='word_1_90' title='bbox 1284 1643 1569 1713; x_wconf 71' lang='lat' dir='ltr'>scriptoris</span> <span class='ocrx_word' id='word_1_91' title='bbox 1624 1643 1943 1713; x_wconf 71' lang='lat' dir='ltr'>orthodoxia</span> 
     </span>
    </p>
   </div>
   <div class='ocr_carea' id='block_1_18' title="bbox 369 1700 1943 1785">
    <p class='ocr_par' dir='ltr' id='par_1_18' title="bbox 369 1700 1943 1785">
     <span class='ocr_line' id='line_1_18' title="bbox 369 1700 1943 1785; baseline 0.01 -31"><span class='ocrx_word' id='word_1_92' title='bbox 369 1700 692 1785; x_wconf 68' lang='lat' dir='ltr'>disputatio.</span> <span class='ocrx_word' id='word_1_93' title='bbox 727 1700 1414 1785; x_wconf 56' lang='lat' dir='ltr'>IVIEjus&#39;disputationis</span> <span class='ocrx_word' id='word_1_94' title='bbox 1456 1715 1707 1785; x_wconf 85' lang='lat' dir='ltr'>primum</span> <span class='ocrx_word' id='word_1_95' title='bbox 1751 1712 1943 1785; x_wconf 82' lang='lat' dir='ltr'>dejici-</span> 
     </span>
    </p>
   </div>
   <div class='ocr_carea' id='block_1_19' title="bbox 360 1773 1941 1856">
    <p class='ocr_par' dir='ltr' id='par_1_19' title="bbox 360 1773 1941 1856">
     <span class='ocr_line' id='line_1_19' title="bbox 360 1773 1941 1856; baseline 0.01 -31"><span class='ocrx_word' id='word_1_96' title='bbox 360 1774 461 1826; x_wconf 70' lang='grc' dir='ltr'><em>ίαν</em></span> <span class='ocrx_word' id='word_1_97' title='bbox 480 1773 920 1856; x_wconf 54' lang='grc' dir='ltr'>Ῑαίιάαῃιθηιιιηαζ</span> <span class='ocrx_word' id='word_1_98' title='bbox 954 1783 1021 1834; x_wconf 86' lang='lat' dir='ltr'>V.</span> <span class='ocrx_word' id='word_1_99' title='bbox 1054 1773 1299 1838; x_wconf 81' lang='lat' dir='ltr'>Alterum</span> <span class='ocrx_word' id='word_1_100' title='bbox 1348 1773 1590 1855; x_wconf 72' lang='lat' dir='ltr'>ejusdem</span> <span class='ocrx_word' id='word_1_101' title='bbox 1616 1773 1941 1856; x_wconf 77' lang='lat' dir='ltr'>disputatio-</span> 
     </span>
    </p>
   </div>
   <div class='ocr_carea' id='block_1_20' title="bbox 361 1845 2021 1939">
    <p class='ocr_par' dir='ltr' id='par_1_20' title="bbox 361 1845 2021 1939">
     <span class='ocr_line' id='line_1_20' title="bbox 361 1845 2021 1939; baseline 0.001 0"><span class='ocrx_word' id='word_1_102' title='bbox 361 1845 954 1939; x_wconf 50' lang='lat' dir='ltr'>:ﬁiﬁl‘ﬂaﬁtﬂem</span> <span class='ocrx_word' id='word_1_103' title='bbox 1015 1856 1294 1939; x_wconf 71' lang='grc' dir='ltr'>ευενείιαῖ·</span> <span class='ocrx_word' id='word_1_104' title='bbox 1345 1845 1442 1939; x_wconf 58' lang='grc' dir='ltr'>Ἦς</span> <span class='ocrx_word' id='word_1_105' title='bbox 1480 1857 1543 1939; x_wconf 80' lang='grc' dir='ltr'>,Α</span> <span class='ocrx_word' id='word_1_106' title='bbox 1600 1845 1942 1939; x_wconf 49' lang='lat' dir='ltr'>Mutari?!“</span> <span class='ocrx_word' id='word_1_107' title='bbox 1973 1873 2021 1939; x_wconf 94' lang='lat' dir='ltr'><strong>B</strong></span> 
     </span>
    </p>
   </div>
   <div class='ocr_carea' id='block_1_21' title="bbox 362 1912 1937 1995">
    <p class='ocr_par' dir='ltr' id='par_1_21' title="bbox 362 1912 1937 1995">
     <span class='ocr_line' id='line_1_21' title="bbox 362 1912 1937 1995; baseline 0.01 -27"><span class='ocrx_word' id='word_1_108' title='bbox 696 1936 808 1995; x_wconf 68' lang='lat' dir='ltr'>non</span> <span class='ocrx_word' id='word_1_109' title='bbox 861 1923 1032 1995; x_wconf 81' lang='lat' dir='ltr'>[uisse</span> <span class='ocrx_word' id='word_1_110' title='bbox 1081 1941 1181 1995; x_wconf 91' lang='lat' dir='ltr'>pro</span> <span class='ocrx_word' id='word_1_111' title='bbox 1239 1925 1516 1982; x_wconf 68' lang='lat' dir='ltr'>haereticis</span> <span class='ocrx_word' id='word_1_112' title='bbox 1570 1912 1937 1983; x_wconf 72' lang='lat' dir='ltr'>existimatos.</span> 
     </span>
    </p>
   </div>
   <div class='ocr_carea' id='block_1_22' title="bbox 362 1984 1947 2056">
    <p class='ocr_par' dir='ltr' id='par_1_22' title="bbox 362 1984 1947 2056">
     <span class='ocr_line' id='line_1_22' title="bbox 362 1984 1947 2056; baseline 0.013 -19"><span class='ocrx_word' id='word_1_113' title='bbox 362 1984 483 2039; x_wconf 73' lang='grc' dir='ltr'>νη.</span> <span class='ocrx_word' id='word_1_114' title='bbox 544 1988 622 2042; x_wconf 90' lang='lat' dir='ltr'>Ab</span> <span class='ocrx_word' id='word_1_115' title='bbox 678 1984 1051 2049; x_wconf 73' lang='lat' dir='ltr'>Ecclesiarum</span> <span class='ocrx_word' id='word_1_116' title='bbox 1081 1984 1520 2053; x_wconf 61' lang='lat' dir='ltr'>&#39;Catholicarum</span> <span class='ocrx_word' id='word_1_117' title='bbox 1566 2000 1947 2056; x_wconf 71' lang='lat' dir='ltr'>communione</span> 
     </span>
    </p>
   </div>
   <div class='ocr_carea' id='block_1_23' title="bbox 356 2056 1939 2145">
    <p class='ocr_par' dir='ltr' id='par_1_23' title="bbox 356 2056 1939 2145">
     <span class='ocr_line' id='line_1_23' title="bbox 356 2056 1939 2145; baseline 0.01 -34"><span class='ocrx_word' id='word_1_118' title='bbox 356 2056 729 2145; x_wconf 52' lang='grc' dir='ltr'>ἔςπίαῳξιιξς</span> <span class='ocrx_word' id='word_1_119' title='bbox 757 2078 892 2145; x_wconf 50' lang='lat' dir='ltr'>non</span> <span class='ocrx_word' id='word_1_120' title='bbox 918 2081 974 2120; x_wconf 90' lang='lat' dir='ltr'>se</span> <span class='ocrx_word' id='word_1_121' title='bbox 1025 2068 1257 2122; x_wconf 83' lang='lat' dir='ltr'>omnino</span> <span class='ocrx_word' id='word_1_122' title='bbox 1312 2070 1521 2125; x_wconf 86' lang='lat' dir='ltr'>alienos</span> <span class='ocrx_word' id='word_1_123' title='bbox 1575 2071 1939 2127; x_wconf 73' lang='lat' dir='ltr'>existimasse.</span> 
     </span>
    </p>
   </div>
   <div class='ocr_carea' id='block_1_24' title="bbox 352 2126 1941 2213">
    <p class='ocr_par' dir='ltr' id='par_1_24' title="bbox 352 2126 1941 2213">
     <span class='ocr_line' id='line_1_24' title="bbox 352 2126 1941 2213; baseline 0.011 -33"><span class='ocrx_word' id='word_1_124' title='bbox 352 2126 500 2208; x_wconf 67' lang='lat' dir='ltr'>Vill.</span> <span class='ocrx_word' id='word_1_125' title='bbox 536 2130 621 2185; x_wconf 86' lang='lat' dir='ltr'>Ad</span> <span class='ocrx_word' id='word_1_126' title='bbox 671 2131 1080 2213; x_wconf 59' lang='lat' dir='ltr'>Catholicorum</span> <span class='ocrx_word' id='word_1_127' title='bbox 1112 2154 1328 2213; x_wconf 76' lang='lat' dir='ltr'>quoque</span> <span class='ocrx_word' id='word_1_128' title='bbox 1347 2151 1663 2213; x_wconf 81' lang='lat' dir='ltr'>martyrum</span> <span class='ocrx_word' id='word_1_129' title='bbox 1699 2126 1941 2199; x_wconf 88' lang='lat' dir='ltr'>commu-</span> 
     </span>
    </p>
   </div>
   <div class='ocr_carea' id='block_1_25' title="bbox 2070 581 3721 654">
    <p class='ocr_par' dir='ltr' id='par_1_25' title="bbox 2070 581 3721 654">
     <span class='ocr_line' id='line_1_25' title="bbox 2070 581 3721 654; baseline 0.009 -20"><span class='ocrx_word' id='word_1_130' title='bbox 2070 581 2265 636; x_wconf 61' lang='lat' dir='ltr'>swculi</span> <span class='ocrx_word' id='word_1_131' title='bbox 2318 585 2502 654; x_wconf 80' lang='lat' dir='ltr'>spatia</span> <span class='ocrx_word' id='word_1_132' title='bbox 2558 585 2808 641; x_wconf 86' lang='lat' dir='ltr'>decreta:</span> <span class='ocrx_word' id='word_1_133' title='bbox 2867 586 2930 641; x_wconf 90' lang='lat' dir='ltr'>In</span> <span class='ocrx_word' id='word_1_134' title='bbox 2986 587 3322 646; x_wconf 88' lang='lat' dir='ltr'>novissimis</span> <span class='ocrx_word' id='word_1_135' title='bbox 3383 590 3542 647; x_wconf 87' lang='lat' dir='ltr'>enim</span> <span class='ocrx_word' id='word_1_136' title='bbox 3595 592 3721 649; x_wconf 80' lang='lat' dir='ltr'>die-</span> 
     </span>
    </p>
   </div>
   <div class='ocr_carea' id='block_1_26' title="bbox 2069 668 3714 749">
    <p class='ocr_par' dir='ltr' id='par_1_26' title="bbox 2069 668 3714 749">
     <span class='ocr_line' id='line_1_26' title="bbox 2069 668 3714 749; baseline 0.009 -26"><span class='ocrx_word' id='word_1_137' title='bbox 2069 668 2201 735; x_wconf 89' lang='lat' dir='ltr'>bus,</span> <span class='ocrx_word' id='word_1_138' title='bbox 2234 668 2372 726; x_wconf 89' lang='lat' dir='ltr'>dicit</span> <span class='ocrx_word' id='word_1_139' title='bbox 2401 671 2705 741; x_wconf 88' lang='lat' dir='ltr'>Dominus,</span> <span class='ocrx_word' id='word_1_140' title='bbox 2738 674 3034 730; x_wconf 70' lang='lat' dir='ltr'>effundam</span> <span class='ocrx_word' id='word_1_141' title='bbox 3062 676 3132 732; x_wconf 91' lang='lat' dir='ltr'>de</span> <span class='ocrx_word' id='word_1_142' title='bbox 3161 677 3382 749; x_wconf 84' lang='lat' dir='ltr'>Spiritu</span> <span class='ocrx_word' id='word_1_143' title='bbox 3436 694 3560 736; x_wconf 88' lang='lat' dir='ltr'>meo</span> <span class='ocrx_word' id='word_1_144' title='bbox 3610 697 3714 737; x_wconf 75' lang='lat' dir='ltr'>su-</span> 
     </span>
    </p>
   </div>
   <div class='ocr_carea' id='block_1_27' title="bbox 2068 763 3714 841">
    <p class='ocr_par' dir='ltr' id='par_1_27' title="bbox 2068 763 3714 841">
     <span class='ocr_line' id='line_1_27' title="bbox 2068 763 3714 841; baseline 0.008 -29"><span class='ocrx_word' id='word_1_145' title='bbox 2068 772 2172 830; x_wconf 91' lang='lat' dir='ltr'>per</span> <span class='ocrx_word' id='word_1_146' title='bbox 2199 775 2433 817; x_wconf 90' lang='lat' dir='ltr'>omnem</span> <span class='ocrx_word' id='word_1_147' title='bbox 2463 777 2720 833; x_wconf 90' lang='lat' dir='ltr'>carnem,</span> <span class='ocrx_word' id='word_1_148' title='bbox 2752 766 2809 817; x_wconf 92' lang='lat' dir='ltr'>et</span> <span class='ocrx_word' id='word_1_149' title='bbox 2836 763 3271 835; x_wconf 89' lang='lat' dir='ltr'>prophetabunt</span> <span class='ocrx_word' id='word_1_150' title='bbox 3309 766 3415 823; x_wconf 77' lang='lat' dir='ltr'>ﬁlii</span> <span class='ocrx_word' id='word_1_151' title='bbox 3464 766 3714 841; x_wconf 70' lang='lat' dir='ltr'>ﬁliisque</span> 
     </span>
    </p>
   </div>
   <div class='ocr_carea' id='block_1_28' title="bbox 2068 852 3713 921">
    <p class='ocr_par' dir='ltr' id='par_1_28' title="bbox 2068 852 3713 921">
     <span class='ocr_line' id='line_1_28' title="bbox 2068 852 3713 921; baseline 0.009 -21"><span class='ocrx_word' id='word_1_152' title='bbox 2068 862 2291 916; x_wconf 90' lang='lat' dir='ltr'>eorum,</span> <span class='ocrx_word' id='word_1_153' title='bbox 2321 854 2378 905; x_wconf 91' lang='lat' dir='ltr'>et</span> <span class='ocrx_word' id='word_1_154' title='bbox 2406 864 2584 921; x_wconf 90' lang='lat' dir='ltr'>super</span> <span class='ocrx_word' id='word_1_155' title='bbox 2614 864 2811 906; x_wconf 89' lang='lat' dir='ltr'>servos</span> <span class='ocrx_word' id='word_1_156' title='bbox 2862 856 2920 906; x_wconf 89' lang='lat' dir='ltr'>et</span> <span class='ocrx_word' id='word_1_157' title='bbox 2967 852 3208 911; x_wconf 84' lang='lat' dir='ltr'>ancillas</span> <span class='ocrx_word' id='word_1_158' title='bbox 3255 871 3419 912; x_wconf 87' lang='lat' dir='ltr'>meas</span> <span class='ocrx_word' id='word_1_159' title='bbox 3465 856 3537 913; x_wconf 89' lang='lat' dir='ltr'>de</span> <span class='ocrx_word' id='word_1_160' title='bbox 3583 870 3713 915; x_wconf 86' lang='lat' dir='ltr'>meo</span> 
     </span>
    </p>
   </div>
   <div class='ocr_carea' id='block_1_29' title="bbox 2068 935 3715 1013">
    <p class='ocr_par' dir='ltr' id='par_1_29' title="bbox 2068 935 3715 1013">
     <span class='ocr_line' id='line_1_29' title="bbox 2068 935 3715 1013; baseline 0.007 -22"><span class='ocrx_word' id='word_1_161' title='bbox 2068 935 2288 1007; x_wconf 88' lang='lat' dir='ltr'>Spiritu</span> <span class='ocrx_word' id='word_1_162' title='bbox 2320 939 2639 1007; x_wconf 78' lang='lat' dir='ltr'>eﬁ‘undam,</span> <span class='ocrx_word' id='word_1_163' title='bbox 2674 944 2730 995; x_wconf 89' lang='lat' dir='ltr'>et</span> <span class='ocrx_word' id='word_1_164' title='bbox 2750 940 2998 1012; x_wconf 89' lang='lat' dir='ltr'>juvenes</span> <span class='ocrx_word' id='word_1_165' title='bbox 3032 941 3289 1000; x_wconf 81' lang='lat' dir='ltr'>visiones</span> <span class='ocrx_word' id='word_1_166' title='bbox 3321 943 3625 1013; x_wconf 80' lang='lat' dir='ltr'>videbunt,</span> <span class='ocrx_word' id='word_1_167' title='bbox 3657 950 3715 1003; x_wconf 87' lang='lat' dir='ltr'>et</span> 
     </span>
    </p>
   </div>
   <div class='ocr_carea' id='block_1_30' title="bbox 2067 1027 3716 1105">
    <p class='ocr_par' dir='ltr' id='par_1_30' title="bbox 2067 1027 3716 1105">
     <span class='ocr_line' id='line_1_30' title="bbox 2067 1027 3716 1105; baseline 0.007 -26"><span class='ocrx_word' id='word_1_168' title='bbox 2067 1040 2237 1083; x_wconf 88' lang='lat' dir='ltr'>senes</span> <span class='ocrx_word' id='word_1_169' title='bbox 2258 1028 2487 1083; x_wconf 90' lang='lat' dir='ltr'>somnia</span> <span class='ocrx_word' id='word_1_170' title='bbox 2507 1027 3034 1101; x_wconf 89' lang='lat' dir='ltr'>somniabunt(33).</span> <span class='ocrx_word' id='word_1_171' title='bbox 3057 1032 3242 1103; x_wconf 81' lang='lat' dir='ltr'>Itaque</span> <span class='ocrx_word' id='word_1_172' title='bbox 3263 1036 3314 1087; x_wconf 87' lang='lat' dir='ltr'>et</span> <span class='ocrx_word' id='word_1_173' title='bbox 3328 1048 3444 1102; x_wconf 89' lang='lat' dir='ltr'>nos,</span> <span class='ocrx_word' id='word_1_174' title='bbox 3465 1035 3716 1105; x_wconf 85' lang='lat' dir='ltr'>quisiout</span> 
     </span>
    </p>
   </div>
   <div class='ocr_carea' id='block_1_31' title="bbox 2062 1114 3713 1195">
    <p class='ocr_par' dir='ltr' id='par_1_31' title="bbox 2062 1114 3713 1195">
     <span class='ocr_line' id='line_1_31' title="bbox 2062 1114 3713 1195; baseline 0.008 -29"><span class='ocrx_word' id='word_1_175' title='bbox 2062 1114 2403 1185; x_wconf 82' lang='lat' dir='ltr'>prophetias,</span> <span class='ocrx_word' id='word_1_176' title='bbox 2429 1118 2516 1173; x_wconf 87' lang='lat' dir='ltr'>ita</span> <span class='ocrx_word' id='word_1_177' title='bbox 2544 1125 2598 1172; x_wconf 91' lang='lat' dir='ltr'>et</span> <span class='ocrx_word' id='word_1_178' title='bbox 2624 1118 2855 1173; x_wconf 86' lang='lat' dir='ltr'>visiones</span> <span class='ocrx_word' id='word_1_179' title='bbox 2885 1132 3060 1173; x_wconf 84' lang='lat' dir='ltr'>novas</span> <span class='ocrx_word' id='word_1_180' title='bbox 3083 1120 3300 1189; x_wconf 88' lang='lat' dir='ltr'>pariter</span> <span class='ocrx_word' id='word_1_181' title='bbox 3334 1121 3713 1195; x_wconf 68' lang='lat' dir='ltr'>repromissae,</span> 
     </span>
    </p>
   </div>
   <div class='ocr_carea' id='block_1_32' title="bbox 2063 1205 3803 1285">
    <p class='ocr_par' dir='ltr' id='par_1_32' title="bbox 2063 1205 3803 1285">
     <span class='ocr_line' id='line_1_32' title="bbox 2063 1205 3803 1285; baseline 0.007 -29"><span class='ocrx_word' id='word_1_182' title='bbox 2063 1206 2115 1257; x_wconf 89' lang='lat' dir='ltr'>et</span> <span class='ocrx_word' id='word_1_183' title='bbox 2141 1207 2485 1274; x_wconf 88' lang='lat' dir='ltr'>agnoscimus</span> <span class='ocrx_word' id='word_1_184' title='bbox 2514 1210 2565 1261; x_wconf 90' lang='lat' dir='ltr'>et</span> <span class='ocrx_word' id='word_1_185' title='bbox 2594 1205 2943 1275; x_wconf 84' lang='lat' dir='ltr'>honoramus,</span> <span class='ocrx_word' id='word_1_186' title='bbox 2976 1211 3087 1262; x_wconf 88' lang='lat' dir='ltr'>etc.</span> <span class='ocrx_word' id='word_1_187' title='bbox 3129 1208 3271 1271; x_wconf 88' lang='lat' dir='ltr'>Quis</span> <span class='ocrx_word' id='word_1_188' title='bbox 3320 1210 3537 1277; x_wconf 83' lang='lat' dir='ltr'>credat,</span> <span class='ocrx_word' id='word_1_189' title='bbox 3591 1210 3714 1267; x_wconf 71' lang='lat' dir='ltr'>haec</span> <span class='ocrx_word' id='word_1_190' title='bbox 3800 1282 3803 1285; x_wconf 95' lang='lat'><em>_</em></span> 
     </span>
    </p>
   </div>
   <div class='ocr_carea' id='block_1_33' title="bbox 2062 1291 3713 1370">
    <p class='ocr_par' dir='ltr' id='par_1_33' title="bbox 2062 1291 3713 1370">
     <span class='ocr_line' id='line_1_33' title="bbox 2062 1291 3713 1370; baseline 0.006 -24"><span class='ocrx_word' id='word_1_191' title='bbox 2062 1291 2332 1363; x_wconf 88' lang='lat' dir='ltr'>scriptori</span> <span class='ocrx_word' id='word_1_192' title='bbox 2365 1294 2650 1351; x_wconf 89' lang='lat' dir='ltr'>catholico</span> <span class='ocrx_word' id='word_1_193' title='bbox 2671 1296 2932 1352; x_wconf 83' lang='lat' dir='ltr'>excidere</span> <span class='ocrx_word' id='word_1_194' title='bbox 2980 1295 3265 1368; x_wconf 88' lang='lat' dir='ltr'>potuisse,</span> <span class='ocrx_word' id='word_1_195' title='bbox 3315 1312 3433 1369; x_wconf 90' lang='lat' dir='ltr'>quo</span> <span class='ocrx_word' id='word_1_196' title='bbox 3450 1301 3713 1370; x_wconf 83' lang='lat' dir='ltr'>tempore</span> 
     </span>
    </p>
   </div>
   <div class='ocr_carea' id='block_1_34' title="bbox 2062 1383 3711 1456">
    <p class='ocr_par' dir='ltr' id='par_1_34' title="bbox 2062 1383 3711 1456">
     <span class='ocr_line' id='line_1_34' title="bbox 2062 1383 3711 1456; baseline 0.005 -21"><span class='ocrx_word' id='word_1_197' title='bbox 2062 1383 2478 1439; x_wconf 88' lang='lat' dir='ltr'>montanistica</span> <span class='ocrx_word' id='word_1_198' title='bbox 2507 1383 2743 1441; x_wconf 72' lang='lat' dir='ltr'>haeresis</span> <span class='ocrx_word' id='word_1_199' title='bbox 2785 1384 2844 1439; x_wconf 89' lang='lat' dir='ltr'>in</span> <span class='ocrx_word' id='word_1_200' title='bbox 2894 1384 3150 1441; x_wconf 88' lang='lat' dir='ltr'>Ecclesia</span> <span class='ocrx_word' id='word_1_201' title='bbox 3198 1386 3711 1456; x_wconf 80' lang='lat' dir='ltr'>vehementissime</span> 
     </span>
    </p>
   </div>
   <div class='ocr_carea' id='block_1_35' title="bbox 2058 1472 3709 1547">
    <p class='ocr_par' dir='ltr' id='par_1_35' title="bbox 2058 1472 3709 1547">
     <span class='ocr_line' id='line_1_35' title="bbox 2058 1472 3709 1547; baseline 0.005 -23"><span class='ocrx_word' id='word_1_202' title='bbox 2058 1472 2463 1542; x_wconf 82' lang='lat' dir='ltr'>grassabatur;</span> <span class='ocrx_word' id='word_1_203' title='bbox 2505 1490 2639 1530; x_wconf 92' lang='lat' dir='ltr'>cum</span> <span class='ocrx_word' id='word_1_204' title='bbox 2671 1473 3128 1531; x_wconf 90' lang='lat' dir='ltr'>novissimorum</span> <span class='ocrx_word' id='word_1_205' title='bbox 3150 1478 3484 1547; x_wconf 88' lang='lat' dir='ltr'>temporum</span> <span class='ocrx_word' id='word_1_206' title='bbox 3507 1476 3709 1533; x_wconf 89' lang='lat' dir='ltr'>condi-</span> 
     </span>
    </p>
   </div>
   <div class='ocr_carea' id='block_1_36' title="bbox 2058 1558 3707 1636">
    <p class='ocr_par' dir='ltr' id='par_1_36' title="bbox 2058 1558 3707 1636">
     <span class='ocr_line' id='line_1_36' title="bbox 2058 1558 3707 1636; baseline 0.006 -23"><span class='ocrx_word' id='word_1_207' title='bbox 2058 1558 2297 1631; x_wconf 91' lang='lat' dir='ltr'>tionem,</span> <span class='ocrx_word' id='word_1_208' title='bbox 2329 1562 2402 1617; x_wconf 91' lang='lat' dir='ltr'>ob</span> <span class='ocrx_word' id='word_1_209' title='bbox 2433 1561 2860 1619; x_wconf 88' lang='lat' dir='ltr'>charismatum</span> <span class='ocrx_word' id='word_1_210' title='bbox 2892 1564 3121 1635; x_wconf 87' lang='lat' dir='ltr'>copiam</span> <span class='ocrx_word' id='word_1_211' title='bbox 3143 1567 3200 1619; x_wconf 86' lang='lat' dir='ltr'>et</span> <span class='ocrx_word' id='word_1_212' title='bbox 3218 1564 3472 1636; x_wconf 86' lang='lat' dir='ltr'>Spiritus</span> <span class='ocrx_word' id='word_1_213' title='bbox 3490 1565 3707 1623; x_wconf 83' lang='lat' dir='ltr'>exube-</span> 
     </span>
    </p>
   </div>
   <div class='ocr_carea' id='block_1_37' title="bbox 2055 1649 3717 1725">
    <p class='ocr_par' dir='ltr' id='par_1_37' title="bbox 2055 1649 3717 1725">
     <span class='ocr_line' id='line_1_37' title="bbox 2055 1649 3717 1725; baseline 0.005 -23"><span class='ocrx_word' id='word_1_214' title='bbox 2055 1649 2306 1705; x_wconf 88' lang='lat' dir='ltr'>rantiam</span> <span class='ocrx_word' id='word_1_215' title='bbox 2340 1650 2634 1706; x_wconf 85' lang='lat' dir='ltr'>Paracleto</span> <span class='ocrx_word' id='word_1_216' title='bbox 2666 1667 2773 1708; x_wconf 91' lang='lat' dir='ltr'>suo</span> <span class='ocrx_word' id='word_1_217' title='bbox 2806 1656 3181 1723; x_wconf 83' lang='lat' dir='ltr'>reservatam,</span> <span class='ocrx_word' id='word_1_218' title='bbox 3208 1654 3717 1725; x_wconf 83' lang='lat' dir='ltr'>tantoperejacta-</span> 
     </span>
    </p>
   </div>
   <div class='ocr_carea' id='block_1_38' title="bbox 2053 1736 3703 1811">
    <p class='ocr_par' dir='ltr' id='par_1_38' title="bbox 2053 1736 3703 1811">
     <span class='ocr_line' id='line_1_38' title="bbox 2053 1736 3703 1811; baseline 0.005 -20"><span class='ocrx_word' id='word_1_219' title='bbox 2053 1736 2195 1793; x_wconf 90' lang='lat' dir='ltr'>bant</span> <span class='ocrx_word' id='word_1_220' title='bbox 2218 1742 2277 1793; x_wconf 91' lang='lat' dir='ltr'>et</span> <span class='ocrx_word' id='word_1_221' title='bbox 2304 1738 2657 1795; x_wconf 86' lang='lat' dir='ltr'>extollebant</span> <span class='ocrx_word' id='word_1_222' title='bbox 2687 1739 2978 1810; x_wconf 62' lang='lat' dir='ltr'>haeretici;</span> <span class='ocrx_word' id='word_1_223' title='bbox 3012 1756 3147 1796; x_wconf 90' lang='lat' dir='ltr'>cum</span> <span class='ocrx_word' id='word_1_224' title='bbox 3191 1757 3371 1798; x_wconf 87' lang='lat' dir='ltr'>novas</span> <span class='ocrx_word' id='word_1_225' title='bbox 3427 1741 3703 1811; x_wconf 80' lang='lat' dir='ltr'>visiones,</span> 
     </span>
    </p>
   </div>
   <div class='ocr_carea' id='block_1_39' title="bbox 2053 1827 3787 1900">
    <p class='ocr_par' dir='ltr' id='par_1_39' title="bbox 2053 1827 3787 1900">
     <span class='ocr_line' id='line_1_39' title="bbox 2053 1827 3787 1900; baseline 0.001 -18"><span class='ocrx_word' id='word_1_226' title='bbox 2053 1829 2110 1882; x_wconf 89' lang='lat' dir='ltr'>et</span> <span class='ocrx_word' id='word_1_227' title='bbox 2138 1827 2475 1900; x_wconf 89' lang='lat' dir='ltr'>prophetias</span> <span class='ocrx_word' id='word_1_228' title='bbox 2524 1828 2832 1900; x_wconf 90' lang='lat' dir='ltr'>repudiare</span> <span class='ocrx_word' id='word_1_229' title='bbox 2880 1844 2943 1884; x_wconf 92' lang='lat' dir='ltr'>se</span> <span class='ocrx_word' id='word_1_230' title='bbox 2988 1830 3359 1898; x_wconf 71' lang='lat' dir='ltr'>proﬁteretur</span> <span class='ocrx_word' id='word_1_231' title='bbox 3405 1829 3707 1895; x_wconf 84' lang='lat' dir='ltr'>Ecclesia;</span> <span class='ocrx_word' id='word_1_232' title='bbox 3782 1878 3787 1883; x_wconf 90' lang='lat'>.</span> 
     </span>
    </p>
   </div>
   <div class='ocr_carea' id='block_1_40' title="bbox 2056 1925 3705 2001">
    <p class='ocr_par' dir='ltr' id='par_1_40' title="bbox 2056 1925 3705 2001">
     <span class='ocr_line' id='line_1_40' title="bbox 2056 1925 3705 2001; baseline 0.002 -21"><span class='ocrx_word' id='word_1_233' title='bbox 2056 1928 2256 1981; x_wconf 87' lang='lat' dir='ltr'>contra</span> <span class='ocrx_word' id='word_1_234' title='bbox 2297 1926 2395 1997; x_wconf 88' lang='lat' dir='ltr'>qui</span> <span class='ocrx_word' id='word_1_235' title='bbox 2444 1925 2575 1982; x_wconf 87' lang='lat' dir='ltr'>illas</span> <span class='ocrx_word' id='word_1_236' title='bbox 2626 1930 3027 1998; x_wconf 84' lang='lat' dir='ltr'>agnoscerent,</span> <span class='ocrx_word' id='word_1_237' title='bbox 3076 1931 3134 1982; x_wconf 88' lang='lat' dir='ltr'>et</span> <span class='ocrx_word' id='word_1_238' title='bbox 3178 1926 3551 1996; x_wconf 87' lang='lat' dir='ltr'>houorarent,</span> <span class='ocrx_word' id='word_1_239' title='bbox 3602 1944 3705 2001; x_wconf 85' lang='lat' dir='ltr'>pro</span> 
     </span>
    </p>
   </div>
   <div class='ocr_carea' id='block_1_41' title="bbox 2054 2013 3705 2088">
    <p class='ocr_par' dir='ltr' id='par_1_41' title="bbox 2054 2013 3705 2088">
     <span class='ocr_line' id='line_1_41' title="bbox 2054 2013 3705 2088; baseline 0.003 -20"><span class='ocrx_word' id='word_1_240' title='bbox 2054 2013 2340 2070; x_wconf 70' lang='lat' dir='ltr'>haereticis</span> <span class='ocrx_word' id='word_1_241' title='bbox 2379 2015 2754 2071; x_wconf 88' lang='lat' dir='ltr'>haberentur.</span> <span class='ocrx_word' id='word_1_242' title='bbox 2803 2017 2941 2073; x_wconf 85' lang='lat' dir='ltr'>Cum</span> <span class='ocrx_word' id='word_1_243' title='bbox 2986 2018 3223 2087; x_wconf 83' lang='lat' dir='ltr'>majora,</span> <span class='ocrx_word' id='word_1_244' title='bbox 3270 2015 3488 2088; x_wconf 85' lang='lat' dir='ltr'>inquit,</span> <span class='ocrx_word' id='word_1_245' title='bbox 3534 2031 3705 2088; x_wconf 83' lang='lat' dir='ltr'>repu-</span> 
     </span>
    </p>
   </div>
   <div class='ocr_carea' id='block_1_42' title="bbox 2052 2102 3702 2176">
    <p class='ocr_par' dir='ltr' id='par_1_42' title="bbox 2052 2102 3702 2176">
     <span class='ocr_line' id='line_1_42' title="bbox 2052 2102 3702 2176; baseline 0.002 -19"><span class='ocrx_word' id='word_1_246' title='bbox 2052 2102 2219 2157; x_wconf 86' lang='lat' dir='ltr'>tanda</span> <span class='ocrx_word' id='word_1_247' title='bbox 2246 2104 2358 2158; x_wconf 87' lang='lat' dir='ltr'>sint</span> <span class='ocrx_word' id='word_1_248' title='bbox 2384 2106 2663 2159; x_wconf 83' lang='lat' dir='ltr'>novitiora</span> <span class='ocrx_word' id='word_1_249' title='bbox 2692 2119 2938 2176; x_wconf 66' lang='lat' dir='ltr'>quaeque,</span> <span class='ocrx_word' id='word_1_250' title='bbox 2962 2107 3026 2159; x_wconf 90' lang='lat' dir='ltr'>ut</span> <span class='ocrx_word' id='word_1_251' title='bbox 3062 2105 3461 2161; x_wconf 84' lang='lat' dir='ltr'>novissimiora</span> <span class='ocrx_word' id='word_1_252' title='bbox 3505 2118 3702 2161; x_wconf 81' lang='lat' dir='ltr'>secun-</span> 
     </span>
    </p>
   </div>
   <div class='ocr_carea' id='block_1_43' title="bbox 348 2191 1927 2282">
    <p class='ocr_par' dir='ltr' id='par_1_43' title="bbox 348 2191 1927 2282">
     <span class='ocr_line' id='line_1_43' title="bbox 348 2191 1927 2282; baseline 0.011 -31"><span class='ocrx_word' id='word_1_253' title='bbox 348 2200 583 2282; x_wconf 74' lang='lat' dir='ltr'>nionem</span> <span class='ocrx_word' id='word_1_254' title='bbox 610 2201 941 2274; x_wconf 86' lang='lat' dir='ltr'>adspirasse.</span> <span class='ocrx_word' id='word_1_255' title='bbox 977 2191 1069 2282; x_wconf 59' lang='lat' dir='ltr'>lx.</span> <span class='ocrx_word' id='word_1_256' title='bbox 1102 2191 1553 2282; x_wconf 52' lang='grc' dir='ltr'>ΙΨοῆἶρἓῖρξἰᾶ</span> 
     </span>
    </p>
   </div>
   <div class='ocr_carea' id='block_1_44' title="bbox 2036 2191 3704 2282">
    <p class='ocr_par' dir='ltr' id='par_1_44' title="bbox 2050 2191 3704 2264">
     <span class='ocr_line' id='line_1_44' title="bbox 2050 2191 3704 2264; baseline 0.002 -17"><span class='ocrx_word' id='word_1_257' title='bbox 2050 2191 2181 2248; x_wconf 91' lang='lat' dir='ltr'>dum</span> <span class='ocrx_word' id='word_1_258' title='bbox 2215 2192 2313 2247; x_wconf 73' lang='grc' dir='ltr'>πθ</span> <span class='ocrx_word' id='word_1_259' title='bbox 2371 2194 2824 2249; x_wconf 73' lang='lat' dir='ltr'>exuberationem</span> <span class='ocrx_word' id='word_1_260' title='bbox 2881 2195 3087 2264; x_wconf 69' lang='lat' dir='ltr'>gratiae</span> <span class='ocrx_word' id='word_1_261' title='bbox 3142 2209 3204 2249; x_wconf 81' lang='lat' dir='ltr'>tn</span> <span class='ocrx_word' id='word_1_262' title='bbox 3255 2193 3457 2249; x_wconf 79' lang='lat' dir='ltr'>ultima</span> <span class='ocrx_word' id='word_1_263' title='bbox 3508 2194 3704 2251; x_wconf 66' lang='lat' dir='ltr'>saeculi</span> 
     </span>
    </p>
   </div>
   <div class='ocr_carea' id='block_1_45' title="bbox 347 2271 3698 2355">
    <p class='ocr_par' dir='ltr' id='par_1_45' title="bbox 347 2271 3698 2355">
     <span class='ocr_line' id='line_1_45' title="bbox 347 2271 3698 2355; baseline 0.004 -30"><span class='ocrx_word' id='word_1_264' title='bbox 347 2271 600 2355; x_wconf 67' lang='lat' dir='ltr'>aliorum</span> <span class='ocrx_word' id='word_1_265' title='bbox 628 2271 838 2347; x_wconf 85' lang='lat' dir='ltr'>quoque</span> <span class='ocrx_word' id='word_1_266' title='bbox 882 2278 1271 2355; x_wconf 77' lang='lat' dir='ltr'>catholicorum</span> <span class='ocrx_word' id='word_1_267' title='bbox 1301 2271 1393 2339; x_wconf 64' lang='lat'>75</span> <span class='ocrx_word' id='word_1_268' title='bbox 1444 2289 1777 2355; x_wconf 82' lang='lat' dir='ltr'>martyrum,</span> <span class='ocrx_word' id='word_1_269' title='bbox 1799 2271 1939 2339; x_wconf 49' lang='lat' dir='ltr'>&#39;Ter-</span> <span class='ocrx_word' id='word_1_270' title='bbox 2047 2283 2230 2352; x_wconf 81' lang='lat' dir='ltr'>spatia</span> <span class='ocrx_word' id='word_1_271' title='bbox 2266 2283 2505 2338; x_wconf 84' lang='lat' dir='ltr'>decreta.</span> <span class='ocrx_word' id='word_1_272' title='bbox 2536 2282 2935 2354; x_wconf 89' lang='lat' dir='ltr'>Abruptiusue</span> <span class='ocrx_word' id='word_1_273' title='bbox 2965 2285 3068 2337; x_wconf 89' lang='lat' dir='ltr'>aut</span> <span class='ocrx_word' id='word_1_274' title='bbox 3097 2281 3502 2355; x_wconf 83' lang='lat' dir='ltr'>impudentius</span> <span class='ocrx_word' id='word_1_275' title='bbox 3534 2280 3698 2339; x_wconf 85' lang='lat' dir='ltr'>locu-</span> 
     </span>
    </p>
   </div>
   <div class='ocr_carea' id='block_1_46' title="bbox 345 2341 1534 2411">
    <p class='ocr_par' dir='ltr' id='par_1_46' title="bbox 345 2341 1534 2411">
     <span class='ocr_line' id='line_1_46' title="bbox 345 2341 1534 2411; baseline 0.013 -17"><span class='ocrx_word' id='word_1_276' title='bbox 345 2341 659 2399; x_wconf 77' lang='lat' dir='ltr'>tullianum</span> <span class='ocrx_word' id='word_1_277' title='bbox 706 2341 832 2401; x_wconf 77' lang='lat' dir='ltr'>cum</span> <span class='ocrx_word' id='word_1_278' title='bbox 886 2349 1047 2406; x_wconf 80' lang='lat' dir='ltr'>laude</span> <span class='ocrx_word' id='word_1_279' title='bbox 1098 2354 1434 2410; x_wconf 84' lang='lat' dir='ltr'>meminisse.</span> <span class='ocrx_word' id='word_1_280' title='bbox 1467 2356 1534 2411; x_wconf 89' lang='lat' dir='ltr'>X.</span> 
     </span>
    </p>
   </div>
   <div class='ocr_carea' id='block_1_47' title="bbox 342 2411 1934 2499">
    <p class='ocr_par' dir='ltr' id='par_1_47' title="bbox 342 2411 1934 2499">
     <span class='ocr_line' id='line_1_47' title="bbox 342 2411 1934 2499; baseline 0.01 -32"><span class='ocrx_word' id='word_1_281' title='bbox 342 2411 731 2499; x_wconf 46' lang='lat' dir='ltr'>genta&#39;ni&#39;stas,</span> <span class='ocrx_word' id='word_1_282' title='bbox 764 2418 1027 2499; x_wconf 60' lang='lat' dir='ltr'>hzeretici</span> <span class='ocrx_word' id='word_1_283' title='bbox 1040 2424 1435 2499; x_wconf 80' lang='lat' dir='ltr'>catholicorum</span> <span class='ocrx_word' id='word_1_284' title='bbox 1466 2427 1595 2482; x_wconf 85' lang='lat' dir='ltr'>Acta</span> <span class='ocrx_word' id='word_1_285' title='bbox 1623 2411 1934 2499; x_wconf 71' lang='lat' dir='ltr'>martyrum</span> 
     </span>
    </p>
   </div>
   <div class='ocr_carea' id='block_1_48' title="bbox 336 2484 1934 2564">
    <p class='ocr_par' dir='ltr' id='par_1_48' title="bbox 336 2484 1934 2564">
     <span class='ocr_line' id='line_1_48' title="bbox 336 2484 1934 2564; baseline 0.011 -26"><span class='ocrx_word' id='word_1_286' title='bbox 505 2486 797 2564; x_wconf 78' lang='lat' dir='ltr'>dederunt.</span> <span class='ocrx_word' id='word_1_287' title='bbox 832 2492 924 2546; x_wconf 85' lang='lat' dir='ltr'>Xl.</span> <span class='ocrx_word' id='word_1_288' title='bbox 973 2495 1069 2548; x_wconf 74' lang='lat' dir='ltr'>Ea:</span> <span class='ocrx_word' id='word_1_289' title='bbox 1115 2496 1340 2564; x_wconf 80' lang='lat' dir='ltr'>ipsemet</span> <span class='ocrx_word' id='word_1_290' title='bbox 1400 2500 1660 2554; x_wconf 84' lang='lat' dir='ltr'>Actorum</span> <span class='ocrx_word' id='word_1_291' title='bbox 1709 2484 1934 2555; x_wconf 70' lang='lat' dir='ltr'>auctore</span> 
     </span>
    </p>
   </div>
   <div class='ocr_carea' id='block_1_49' title="bbox 329 2554 1931 2642">
    <p class='ocr_par' dir='ltr' id='par_1_49' title="bbox 329 2554 1931 2642">
     <span class='ocr_line' id='line_1_49' title="bbox 329 2554 1931 2642; baseline 0.01 -32"><span class='ocrx_word' id='word_1_292' title='bbox 329 2554 705 2642; x_wconf 57' lang='lat' dir='ltr'>Hgntanista,</span> <span class='ocrx_word' id='word_1_293' title='bbox 737 2570 1012 2642; x_wconf 72' lang='lat' dir='ltr'>martyres</span> <span class='ocrx_word' id='word_1_294' title='bbox 1040 2554 1249 2622; x_wconf 75' lang='lat' dir='ltr'>nostros</span> <span class='ocrx_word' id='word_1_295' title='bbox 1297 2569 1369 2624; x_wconf 89' lang='lat' dir='ltr'>ab</span> <span class='ocrx_word' id='word_1_296' title='bbox 1421 2569 1521 2625; x_wconf 88' lang='lat' dir='ltr'>hac</span> <span class='ocrx_word' id='word_1_297' title='bbox 1549 2576 1697 2625; x_wconf 86' lang='lat' dir='ltr'>secta</span> <span class='ocrx_word' id='word_1_298' title='bbox 1749 2572 1931 2642; x_wconf 80' lang='lat' dir='ltr'>fuisse</span> 
     </span>
    </p>
   </div>
   <div class='ocr_carea' id='block_1_50' title="bbox 328 2627 911 2688">
    <p class='ocr_par' dir='ltr' id='par_1_50' title="bbox 328 2627 911 2688">
     <span class='ocr_line' id='line_1_50' title="bbox 328 2627 911 2688; baseline 0.012 -7"><span class='ocrx_word' id='word_1_299' title='bbox 328 2627 556 2684; x_wconf 84' lang='lat' dir='ltr'>alienos</span> <span class='ocrx_word' id='word_1_300' title='bbox 586 2627 911 2688; x_wconf 56' lang='lat' dir='ltr'>ostenditur:</span> 
     </span>
    </p>
   </div>
   <div class='ocr_carea' id='block_1_51' title="bbox 330 2715 1927 2798">
    <p class='ocr_par' dir='ltr' id='par_1_51' title="bbox 330 2715 1927 2798">
     <span class='ocr_line' id='line_1_51' title="bbox 330 2715 1927 2798; baseline 0.01 -29"><span class='ocrx_word' id='word_1_301' title='bbox 330 2717 387 2770; x_wconf 91' lang='grc'>1.</span> <span class='ocrx_word' id='word_1_302' title='bbox 424 2715 509 2771; x_wconf 91' lang='lat' dir='ltr'>De</span> <span class='ocrx_word' id='word_1_303' title='bbox 540 2722 805 2786; x_wconf 88' lang='lat' dir='ltr'>auctore,</span> <span class='ocrx_word' id='word_1_304' title='bbox 836 2738 938 2777; x_wconf 89' lang='lat' dir='ltr'>seu</span> <span class='ocrx_word' id='word_1_305' title='bbox 980 2725 1195 2798; x_wconf 87' lang='lat' dir='ltr'>potius,</span> <span class='ocrx_word' id='word_1_306' title='bbox 1230 2732 1296 2782; x_wconf 91' lang='lat' dir='ltr'>ut</span> <span class='ocrx_word' id='word_1_307' title='bbox 1346 2728 1527 2783; x_wconf 88' lang='lat' dir='ltr'>videri</span> <span class='ocrx_word' id='word_1_308' title='bbox 1578 2728 1721 2797; x_wconf 87' lang='lat' dir='ltr'>vult,</span> <span class='ocrx_word' id='word_1_309' title='bbox 1752 2730 1927 2785; x_wconf 85' lang='lat' dir='ltr'>Acto-</span> 
     </span>
    </p>
   </div>
   <div class='ocr_carea' id='block_1_52' title="bbox 256 2804 1927 2888">
    <p class='ocr_par' dir='ltr' id='par_1_52' title="bbox 256 2804 1927 2888">
     <span class='ocr_line' id='line_1_52' title="bbox 256 2804 1927 2888; baseline 0.009 -29"><span class='ocrx_word' id='word_1_310' title='bbox 256 2821 395 2860; x_wconf 86' lang='lat' dir='ltr'>rum</span> <span class='ocrx_word' id='word_1_311' title='bbox 432 2804 738 2878; x_wconf 65' lang='lat' dir='ltr'>Perpetua:</span> <span class='ocrx_word' id='word_1_312' title='bbox 769 2815 824 2865; x_wconf 89' lang='lat' dir='ltr'>et</span> <span class='ocrx_word' id='word_1_313' title='bbox 866 2810 1178 2870; x_wconf 82' lang='lat' dir='ltr'>Felicitatis</span> <span class='ocrx_word' id='word_1_314' title='bbox 1226 2816 1626 2888; x_wconf 90' lang='lat' dir='ltr'>compilatore,</span> <span class='ocrx_word' id='word_1_315' title='bbox 1657 2834 1774 2873; x_wconf 88' lang='lat' dir='ltr'>non</span> <span class='ocrx_word' id='word_1_316' title='bbox 1809 2836 1927 2875; x_wconf 91' lang='lat' dir='ltr'>una</span> 
     </span>
    </p>
   </div>
   <div class='ocr_carea' id='block_1_53' title="bbox 254 2893 1924 2966">
    <p class='ocr_par' dir='ltr' id='par_1_53' title="bbox 254 2893 1924 2966">
     <span class='ocr_line' id='line_1_53' title="bbox 254 2893 1924 2966; baseline 0.01 -19"><span class='ocrx_word' id='word_1_317' title='bbox 254 2893 590 2966; x_wconf 85' lang='lat' dir='ltr'>eademque</span> <span class='ocrx_word' id='word_1_318' title='bbox 618 2897 988 2957; x_wconf 89' lang='lat' dir='ltr'>eruditorum</span> <span class='ocrx_word' id='word_1_319' title='bbox 1021 2904 1308 2960; x_wconf 89' lang='lat' dir='ltr'>sententia</span> <span class='ocrx_word' id='word_1_320' title='bbox 1345 2910 1452 2962; x_wconf 91' lang='lat' dir='ltr'>est.</span> <span class='ocrx_word' id='word_1_321' title='bbox 1489 2907 1565 2962; x_wconf 83' lang='lat' dir='ltr'>De</span> <span class='ocrx_word' id='word_1_322' title='bbox 1596 2906 1924 2963; x_wconf 84' lang='lat' dir='ltr'>Montanis-</span> 
     </span>
    </p>
   </div>
   <div class='ocr_carea' id='block_1_54' title="bbox 252 2983 1924 3068">
    <p class='ocr_par' dir='ltr' id='par_1_54' title="bbox 252 2983 1924 3068">
     <span class='ocr_line' id='line_1_54' title="bbox 252 2983 1924 3068; baseline 0.01 -32"><span class='ocrx_word' id='word_1_323' title='bbox 252 2986 460 3038; x_wconf 84' lang='lat' dir='ltr'>tarum</span> <span class='ocrx_word' id='word_1_324' title='bbox 502 2983 735 3041; x_wconf 86' lang='lat' dir='ltr'>familia</span> <span class='ocrx_word' id='word_1_325' title='bbox 794 3005 978 3045; x_wconf 90' lang='lat' dir='ltr'>unum</span> <span class='ocrx_word' id='word_1_326' title='bbox 1036 2991 1239 3066; x_wconf 88' lang='lat' dir='ltr'>fuisse,</span> <span class='ocrx_word' id='word_1_327' title='bbox 1271 2993 1361 3049; x_wconf 91' lang='lat' dir='ltr'>vir</span> <span class='ocrx_word' id='word_1_328' title='bbox 1414 2996 1702 3052; x_wconf 88' lang='lat' dir='ltr'>candidus</span> <span class='ocrx_word' id='word_1_329' title='bbox 1751 2998 1924 3068; x_wconf 87' lang='lat' dir='ltr'>juxta</span> 
     </span>
    </p>
   </div>
   <div class='ocr_carea' id='block_1_55' title="bbox 254 3073 1961 3157">
    <p class='ocr_par' dir='ltr' id='par_1_55' title="bbox 254 3073 1961 3157">
     <span class='ocr_line' id='line_1_55' title="bbox 254 3073 1961 3157; baseline 0.011 -32"><span class='ocrx_word' id='word_1_330' title='bbox 254 3076 441 3143; x_wconf 86' lang='lat' dir='ltr'>atque</span> <span class='ocrx_word' id='word_1_331' title='bbox 472 3073 767 3142; x_wconf 86' lang='lat' dir='ltr'>eruditus,</span> <span class='ocrx_word' id='word_1_332' title='bbox 792 3081 859 3133; x_wconf 92' lang='lat' dir='ltr'>ut</span> <span class='ocrx_word' id='word_1_333' title='bbox 901 3078 1174 3154; x_wconf 84' lang='lat' dir='ltr'>Basnagii</span> <span class='ocrx_word' id='word_1_334' title='bbox 1204 3084 1396 3140; x_wconf 89' lang='lat' dir='ltr'>verbis</span> <span class='ocrx_word' id='word_1_335' title='bbox 1420 3088 1570 3157; x_wconf 86' lang='lat' dir='ltr'>utar,</span> <span class='ocrx_word' id='word_1_336' title='bbox 1594 3084 1734 3141; x_wconf 90' lang='lat' dir='ltr'>olim</span> <span class='ocrx_word' id='word_1_337' title='bbox 1785 3102 1919 3142; x_wconf 90' lang='lat' dir='ltr'>sen-</span> <span class='ocrx_word' id='word_1_338' title='bbox 1954 3144 1961 3152; x_wconf 80' lang='grc'><em>,</em></span> 
     </span>
    </p>
   </div>
   <div class='ocr_carea' id='block_1_56' title="bbox 250 3159 1914 3238">
    <p class='ocr_par' dir='ltr' id='par_1_56' title="bbox 250 3159 1914 3238">
     <span class='ocr_line' id='line_1_56' title="bbox 250 3159 1914 3238; baseline 0.011 -24"><span class='ocrx_word' id='word_1_339' title='bbox 250 3159 328 3215; x_wconf 81' lang='lat' dir='ltr'>sit</span> <span class='ocrx_word' id='word_1_340' title='bbox 374 3160 659 3219; x_wconf 85' lang='lat' dir='ltr'>Valesius</span> <span class='ocrx_word' id='word_1_341' title='bbox 690 3166 824 3238; x_wconf 86' lang='lat'>(30).</span> <span class='ocrx_word' id='word_1_342' title='bbox 865 3169 1076 3226; x_wconf 89' lang='lat' dir='ltr'>Contra</span> <span class='ocrx_word' id='word_1_343' title='bbox 1123 3172 1461 3229; x_wconf 86' lang='lat' dir='ltr'>Dodwellus</span> <span class='ocrx_word' id='word_1_344' title='bbox 1511 3192 1627 3231; x_wconf 88' lang='lat' dir='ltr'>non</span> <span class='ocrx_word' id='word_1_345' title='bbox 1677 3191 1914 3231; x_wconf 88' lang='lat' dir='ltr'>omnem</span> 
     </span>
    </p>
   </div>
   <div class='ocr_carea' id='block_1_57' title="bbox 1613 2356 3697 2443">
    <p class='ocr_par' dir='ltr' id='par_1_57' title="bbox 1613 2356 3697 2443">
     <span class='ocr_line' id='line_1_57' title="bbox 1613 2356 3697 2443; baseline 0.004 -23"><span class='ocrx_word' id='word_1_346' title='bbox 1613 2356 1699 2424; x_wconf 74' lang='lat' dir='ltr'>lii,</span> <span class='ocrx_word' id='word_1_347' title='bbox 1731 2360 1937 2443; x_wconf 67' lang='grc' dir='ltr'>ηνεείϐν</span> <span class='ocrx_word' id='word_1_348' title='bbox 2046 2375 2144 2425; x_wconf 91' lang='lat' dir='ltr'>tus</span> <span class='ocrx_word' id='word_1_349' title='bbox 2166 2386 2426 2441; x_wconf 88' lang='lat' dir='ltr'>unquam</span> <span class='ocrx_word' id='word_1_350' title='bbox 2459 2372 2758 2443; x_wconf 79' lang='lat' dir='ltr'>professus</span> <span class='ocrx_word' id='word_1_351' title='bbox 2808 2371 3169 2426; x_wconf 88' lang='lat' dir='ltr'>montanista</span> <span class='ocrx_word' id='word_1_352' title='bbox 3216 2369 3472 2426; x_wconf 80' lang='lat' dir='ltr'>fuisset?</span> <span class='ocrx_word' id='word_1_353' title='bbox 3517 2370 3697 2429; x_wconf 78' lang='lat' dir='ltr'>Estne</span> 
     </span>
    </p>
   </div>
   <div class='ocr_carea' id='block_1_58' title="bbox 2045 2457 3695 2530">
    <p class='ocr_par' dir='ltr' id='par_1_58' title="bbox 2045 2457 3695 2530">
     <span class='ocr_line' id='line_1_58' title="bbox 2045 2457 3695 2530; baseline 0.001 -16"><span class='ocrx_word' id='word_1_354' title='bbox 2045 2474 2242 2526; x_wconf 89' lang='lat' dir='ltr'>ovum,</span> <span class='ocrx_word' id='word_1_355' title='bbox 2277 2464 2340 2514; x_wconf 89' lang='lat' dir='ltr'>ut</span> <span class='ocrx_word' id='word_1_356' title='bbox 2368 2458 2552 2525; x_wconf 90' lang='lat' dir='ltr'>aiunt,</span> <span class='ocrx_word' id='word_1_357' title='bbox 2586 2476 2689 2515; x_wconf 88' lang='lat' dir='ltr'>ovo</span> <span class='ocrx_word' id='word_1_358' title='bbox 2722 2457 2998 2528; x_wconf 89' lang='lat' dir='ltr'>similius,</span> <span class='ocrx_word' id='word_1_359' title='bbox 3032 2468 3210 2530; x_wconf 87' lang='lat' dir='ltr'>quam</span> <span class='ocrx_word' id='word_1_360' title='bbox 3261 2457 3383 2514; x_wconf 66' lang='lat' dir='ltr'>hmo</span> <span class='ocrx_word' id='word_1_361' title='bbox 3434 2457 3695 2516; x_wconf 82' lang='lat' dir='ltr'>auctoris</span> 
     </span>
    </p>
   </div>
   <div class='ocr_carea' id='block_1_59' title="bbox 2042 2545 3695 2603">
    <p class='ocr_par' dir='ltr' id='par_1_59' title="bbox 2042 2545 3695 2603">
     <span class='ocr_line' id='line_1_59' title="bbox 2042 2545 3695 2603; baseline 0.001 -2"><span class='ocrx_word' id='word_1_362' title='bbox 2042 2547 2217 2603; x_wconf 87' lang='lat' dir='ltr'>verba</span> <span class='ocrx_word' id='word_1_363' title='bbox 2247 2563 2379 2603; x_wconf 88' lang='lat' dir='ltr'>cum</span> <span class='ocrx_word' id='word_1_364' title='bbox 2412 2547 2505 2603; x_wconf 92' lang='lat' dir='ltr'>bis</span> <span class='ocrx_word' id='word_1_365' title='bbox 2533 2546 2874 2603; x_wconf 89' lang='lat' dir='ltr'>Tertulliani</span> <span class='ocrx_word' id='word_1_366' title='bbox 2906 2548 3019 2602; x_wconf 87' lang='lat' dir='ltr'>sub</span> <span class='ocrx_word' id='word_1_367' title='bbox 3048 2547 3222 2603; x_wconf 84' lang='lat' dir='ltr'>finem</span> <span class='ocrx_word' id='word_1_368' title='bbox 3280 2545 3418 2601; x_wconf 90' lang='lat' dir='ltr'>libri</span> <span class='ocrx_word' id='word_1_369' title='bbox 3468 2547 3542 2603; x_wconf 88' lang='lat' dir='ltr'>de</span> <span class='ocrx_word' id='word_1_370' title='bbox 3582 2547 3695 2603; x_wconf 83' lang='lat' dir='ltr'>Re-</span> 
     </span>
    </p>
   </div>
   <div class='ocr_carea' id='block_1_60' title="bbox 2040 2630 3688 2707">
    <p class='ocr_par' dir='ltr' id='par_1_60' title="bbox 2040 2630 3688 2707">
     <span class='ocr_line' id='line_1_60' title="bbox 2040 2630 3688 2707; baseline 0.002 -18"><span class='ocrx_word' id='word_1_371' title='bbox 2040 2636 2400 2692; x_wconf 85' lang='lat' dir='ltr'>surrectionc</span> <span class='ocrx_word' id='word_1_372' title='bbox 2430 2636 2672 2693; x_wconf 86' lang='lat' dir='ltr'>carnis?</span> <span class='ocrx_word' id='word_1_373' title='bbox 2701 2637 2767 2692; x_wconf 84' lang='lat' dir='ltr'>At</span> <span class='ocrx_word' id='word_1_374' title='bbox 2813 2637 2964 2692; x_wconf 88' lang='lat' dir='ltr'>enim</span> <span class='ocrx_word' id='word_1_375' title='bbox 3010 2638 3152 2692; x_wconf 86' lang='lat' dir='ltr'>Deus</span> <span class='ocrx_word' id='word_1_376' title='bbox 3195 2636 3540 2707; x_wconf 82' lang='lat' dir='ltr'>omnipotens</span> <span class='ocrx_word' id='word_1_377' title='bbox 3582 2630 3688 2691; x_wconf 46' lang='lat' dir='ltr'>ad;</span> 
     </span>
    </p>
   </div>
   <div class='ocr_carea' id='block_1_61' title="bbox 2037 2725 3688 2797">
    <p class='ocr_par' dir='ltr' id='par_1_61' title="bbox 2037 2725 3688 2797">
     <span class='ocr_line' id='line_1_61' title="bbox 2037 2725 3688 2797; baseline 0.001 -19"><span class='ocrx_word' id='word_1_378' title='bbox 2037 2739 2226 2780; x_wconf 89' lang='lat' dir='ltr'>versus</span> <span class='ocrx_word' id='word_1_379' title='bbox 2285 2727 2403 2782; x_wconf 75' lang='lat' dir='ltr'>haec</span> <span class='ocrx_word' id='word_1_380' title='bbox 2453 2725 2851 2781; x_wconf 74' lang='lat' dir='ltr'>incredulitati.</span> <span class='ocrx_word' id='word_1_381' title='bbox 2913 2729 2966 2780; x_wconf 87' lang='lat' dir='ltr'>et</span> <span class='ocrx_word' id='word_1_382' title='bbox 3010 2725 3387 2797; x_wconf 85' lang='lat' dir='ltr'>perversitatis</span> <span class='ocrx_word' id='word_1_383' title='bbox 3432 2726 3688 2795; x_wconf 84' lang='lat' dir='ltr'>ingenia,</span> 
     </span>
    </p>
   </div>
   <div class='ocr_carea' id='block_1_62' title="bbox 2033 2812 3688 2885">
    <p class='ocr_par' dir='ltr' id='par_1_62' title="bbox 2033 2812 3688 2885">
     <span class='ocr_line' id='line_1_62' title="bbox 2033 2812 3688 2885; baseline 0.002 -19"><span class='ocrx_word' id='word_1_384' title='bbox 2033 2813 2519 2883; x_wconf 86' lang='lat' dir='ltr'>providentissima</span> <span class='ocrx_word' id='word_1_385' title='bbox 2542 2817 2727 2885; x_wconf 88' lang='lat' dir='ltr'>gratia</span> <span class='ocrx_word' id='word_1_386' title='bbox 2756 2831 2858 2870; x_wconf 91' lang='lat' dir='ltr'>sua</span> <span class='ocrx_word' id='word_1_387' title='bbox 2887 2813 3193 2869; x_wconf 71' lang='lat' dir='ltr'>effundens</span> <span class='ocrx_word' id='word_1_388' title='bbox 3232 2813 3293 2867; x_wconf 91' lang='lat' dir='ltr'>in</span> <span class='ocrx_word' id='word_1_389' title='bbox 3348 2812 3688 2869; x_wconf 82' lang='lat' dir='ltr'>novissimis</span> 
     </span>
    </p>
   </div>
   <div class='ocr_carea' id='block_1_63' title="bbox 2036 2900 3685 2975">
    <p class='ocr_par' dir='ltr' id='par_1_63' title="bbox 2036 2900 3685 2975">
     <span class='ocr_line' id='line_1_63' title="bbox 2036 2900 3685 2975; baseline 0.002 -20"><span class='ocrx_word' id='word_1_390' title='bbox 2036 2900 2242 2958; x_wconf 89' lang='lat' dir='ltr'>diebus</span> <span class='ocrx_word' id='word_1_391' title='bbox 2274 2903 2344 2957; x_wconf 90' lang='lat' dir='ltr'>de</span> <span class='ocrx_word' id='word_1_392' title='bbox 2375 2919 2482 2958; x_wconf 92' lang='lat' dir='ltr'>suo</span> <span class='ocrx_word' id='word_1_393' title='bbox 2512 2903 2731 2975; x_wconf 85' lang='lat' dir='ltr'>Spiritu</span> <span class='ocrx_word' id='word_1_394' title='bbox 2762 2903 2821 2957; x_wconf 93' lang='lat' dir='ltr'>in</span> <span class='ocrx_word' id='word_1_395' title='bbox 2853 2917 3088 2957; x_wconf 90' lang='lat' dir='ltr'>omnem</span> <span class='ocrx_word' id='word_1_396' title='bbox 3119 2916 3377 2969; x_wconf 89' lang='lat' dir='ltr'>carnem,</span> <span class='ocrx_word' id='word_1_397' title='bbox 3402 2900 3462 2955; x_wconf 89' lang='lat' dir='ltr'>in</span> <span class='ocrx_word' id='word_1_398' title='bbox 3484 2916 3685 2958; x_wconf 86' lang='lat' dir='ltr'>servos</span> 
     </span>
    </p>
   </div>
   <div class='ocr_carea' id='block_1_64' title="bbox 2034 2987 3681 3062">
    <p class='ocr_par' dir='ltr' id='par_1_64' title="bbox 2034 2987 3681 3062">
     <span class='ocr_line' id='line_1_64' title="bbox 2034 2987 3681 3062; baseline -0.001 -17"><span class='ocrx_word' id='word_1_399' title='bbox 2034 3005 2174 3045; x_wconf 92' lang='lat' dir='ltr'>suos</span> <span class='ocrx_word' id='word_1_400' title='bbox 2204 2995 2261 3045; x_wconf 86' lang='lat' dir='ltr'>et</span> <span class='ocrx_word' id='word_1_401' title='bbox 2290 2989 2554 3061; x_wconf 82' lang='lat' dir='ltr'>ancillas,</span> <span class='ocrx_word' id='word_1_402' title='bbox 2587 2998 2640 3047; x_wconf 89' lang='lat' dir='ltr'>et</span> <span class='ocrx_word' id='word_1_403' title='bbox 2665 2991 2827 3062; x_wconf 79' lang='lat' dir='ltr'>ﬁdem</span> <span class='ocrx_word' id='word_1_404' title='bbox 2866 2990 3214 3045; x_wconf 81' lang='lat' dir='ltr'>laborantem</span> <span class='ocrx_word' id='word_1_405' title='bbox 3256 2987 3681 3044; x_wconf 77' lang='lat' dir='ltr'>resurrectionis</span> 
     </span>
    </p>
   </div>
   <div class='ocr_carea' id='block_1_65' title="bbox 2030 3077 3675 3150">
    <p class='ocr_par' dir='ltr' id='par_1_65' title="bbox 2030 3077 3675 3150">
     <span class='ocr_line' id='line_1_65' title="bbox 2030 3077 3675 3150; baseline 0.001 -18"><span class='ocrx_word' id='word_1_406' title='bbox 2030 3077 2279 3133; x_wconf 83' lang='lat' dir='ltr'>carnalis</span> <span class='ocrx_word' id='word_1_407' title='bbox 2306 3078 2575 3134; x_wconf 79' lang='lat' dir='ltr'>animavit</span> <span class='ocrx_word' id='word_1_408' title='bbox 2622 3082 2676 3134; x_wconf 91' lang='lat' dir='ltr'>et</span> <span class='ocrx_word' id='word_1_409' title='bbox 2708 3079 2955 3150; x_wconf 89' lang='lat' dir='ltr'>pristina</span> <span class='ocrx_word' id='word_1_410' title='bbox 2999 3078 3370 3133; x_wconf 82' lang='lat' dir='ltr'>instrumenta</span> <span class='ocrx_word' id='word_1_411' title='bbox 3412 3077 3675 3147; x_wconf 85' lang='lat' dir='ltr'>manifes-</span> 
     </span>
    </p>
   </div>
   <div class='ocr_carea' id='block_1_66' title="bbox 2030 3165 3678 3224">
    <p class='ocr_par' dir='ltr' id='par_1_66' title="bbox 2030 3165 3678 3224">
     <span class='ocr_line' id='line_1_66' title="bbox 2030 3165 3678 3224; baseline 0.001 -3"><span class='ocrx_word' id='word_1_412' title='bbox 2030 3168 2098 3221; x_wconf 88' lang='lat' dir='ltr'>tis</span> <span class='ocrx_word' id='word_1_413' title='bbox 2127 3166 2418 3224; x_wconf 84' lang='lat' dir='ltr'>verborum</span> <span class='ocrx_word' id='word_1_414' title='bbox 2444 3173 2498 3223; x_wconf 89' lang='lat' dir='ltr'>et</span> <span class='ocrx_word' id='word_1_415' title='bbox 2529 3183 2790 3223; x_wconf 86' lang='lat' dir='ltr'>sensuum</span> <span class='ocrx_word' id='word_1_416' title='bbox 2837 3165 3143 3222; x_wconf 88' lang='lat' dir='ltr'>luminibus</span> <span class='ocrx_word' id='word_1_417' title='bbox 3179 3165 3250 3222; x_wconf 92' lang='lat' dir='ltr'>ab</span> <span class='ocrx_word' id='word_1_418' title='bbox 3297 3167 3451 3221; x_wconf 83' lang='lat' dir='ltr'>omni</span> <span class='ocrx_word' id='word_1_419' title='bbox 3494 3165 3678 3223; x_wconf 83' lang='lat' dir='ltr'>ambi-</span> 
     </span>
    </p>
   </div>
   <div class='ocr_carea' id='block_1_67' title="bbox 247 3237 1927 3334">
    <p class='ocr_par' dir='ltr' id='par_1_67' title="bbox 247 3250 1912 3334">
     <span class='ocr_line' id='line_1_67' title="bbox 247 3250 1912 3334; baseline 0.01 -31"><span class='ocrx_word' id='word_1_420' title='bbox 247 3250 434 3305; x_wconf 89' lang='lat' dir='ltr'>modo</span> <span class='ocrx_word' id='word_1_421' title='bbox 463 3252 540 3306; x_wconf 89' lang='lat' dir='ltr'>ab</span> <span class='ocrx_word' id='word_1_422' title='bbox 573 3251 703 3323; x_wconf 90' lang='lat' dir='ltr'>ipso</span> <span class='ocrx_word' id='word_1_423' title='bbox 736 3257 1116 3314; x_wconf 89' lang='lat' dir='ltr'>montanismi</span> <span class='ocrx_word' id='word_1_424' title='bbox 1157 3262 1553 3334; x_wconf 89' lang='lat' dir='ltr'>suspicionem</span> <span class='ocrx_word' id='word_1_425' title='bbox 1602 3262 1912 3333; x_wconf 79' lang='lat' dir='ltr'>emolitur;</span> 
     </span>
    </p>
   </div>
   <div class='ocr_carea' id='block_1_68' title="bbox 2036 3237 3671 3334">
    <p class='ocr_par' dir='ltr' id='par_1_68' title="bbox 2036 3254 3671 3328">
     <span class='ocr_line' id='line_1_68' title="bbox 2036 3254 3671 3328; baseline 0 -17"><span class='ocrx_word' id='word_1_426' title='bbox 2036 3257 2254 3324; x_wconf 76' lang='lat' dir='ltr'>quitatis</span> <span class='ocrx_word' id='word_1_427' title='bbox 2283 3257 2613 3313; x_wconf 81' lang='lat' dir='ltr'>obscuritate</span> <span class='ocrx_word' id='word_1_428' title='bbox 2638 3257 2911 3328; x_wconf 86' lang='lat' dir='ltr'>purgavit.</span> <span class='ocrx_word' id='word_1_429' title='bbox 2944 3260 3089 3313; x_wconf 80' lang='lat' dir='ltr'>Nam</span> <span class='ocrx_word' id='word_1_430' title='bbox 3116 3256 3257 3326; x_wconf 83' lang='lat' dir='ltr'>quia</span> <span class='ocrx_word' id='word_1_431' title='bbox 3276 3254 3510 3311; x_wconf 70' lang='lat' dir='ltr'>haereses</span> <span class='ocrx_word' id='word_1_432' title='bbox 3553 3270 3671 3311; x_wconf 85' lang='lat' dir='ltr'>esse</span> 
     </span>
    </p>
   </div>
   <div class='ocr_carea' id='block_1_69' title="bbox 245 3338 1913 3417">
    <p class='ocr_par' dir='ltr' id='par_1_69' title="bbox 245 3338 1913 3417">
     <span class='ocr_line' id='line_1_69' title="bbox 245 3338 1913 3417; baseline 0.01 -26"><span class='ocrx_word' id='word_1_433' title='bbox 245 3338 352 3393; x_wconf 83' lang='lat' dir='ltr'>sed</span> <span class='ocrx_word' id='word_1_434' title='bbox 408 3338 715 3397; x_wconf 84' lang='lat' dir='ltr'>hominem</span> <span class='ocrx_word' id='word_1_435' title='bbox 776 3360 1010 3417; x_wconf 89' lang='lat' dir='ltr'>quoque</span> <span class='ocrx_word' id='word_1_436' title='bbox 1056 3348 1241 3405; x_wconf 88' lang='lat' dir='ltr'>fuisse</span> <span class='ocrx_word' id='word_1_437' title='bbox 1290 3352 1590 3408; x_wconf 89' lang='lat' dir='ltr'>contendit</span> <span class='ocrx_word' id='word_1_438' title='bbox 1632 3353 1913 3408; x_wconf 88' lang='lat' dir='ltr'>adversus</span> 
     </span>
    </p>
   </div>
   <div class='ocr_carea' id='block_1_70' title="bbox 240 3425 1913 3513">
    <p class='ocr_par' dir='ltr' id='par_1_70' title="bbox 240 3425 1913 3513">
     <span class='ocr_line' id='line_1_70' title="bbox 240 3425 1913 3513; baseline 0.009 -33"><span class='ocrx_word' id='word_1_439' title='bbox 240 3425 650 3485; x_wconf 66' lang='lat' dir='ltr'>Montanistas</span> <span class='ocrx_word' id='word_1_440' title='bbox 681 3431 975 3489; x_wconf 68' lang='lat' dir='ltr'>catholicas</span> <span class='ocrx_word' id='word_1_441' title='bbox 1012 3436 1146 3492; x_wconf 83' lang='lat' dir='ltr'>ﬁdei</span> <span class='ocrx_word' id='word_1_442' title='bbox 1185 3438 1306 3493; x_wconf 90' lang='lat' dir='ltr'>zelo</span> <span class='ocrx_word' id='word_1_443' title='bbox 1337 3443 1393 3494; x_wconf 89' lang='lat' dir='ltr'>et</span> <span class='ocrx_word' id='word_1_444' title='bbox 1423 3440 1630 3496; x_wconf 89' lang='lat' dir='ltr'>ardore</span> <span class='ocrx_word' id='word_1_445' title='bbox 1656 3440 1913 3513; x_wconf 87' lang='lat' dir='ltr'>ﬂagran-</span> 
     </span>
    </p>
   </div>
   <div class='ocr_carea' id='block_1_71' title="bbox 244 3517 1910 3602">
    <p class='ocr_par' dir='ltr' id='par_1_71' title="bbox 244 3517 1910 3602">
     <span class='ocr_line' id='line_1_71' title="bbox 244 3517 1910 3602; baseline 0.007 -31"><span class='ocrx_word' id='word_1_446' title='bbox 244 3519 371 3571; x_wconf 85' lang='lat' dir='ltr'>tem</span> <span class='ocrx_word' id='word_1_447' title='bbox 406 3517 550 3584; x_wconf 86' lang='grc'>(31).</span> <span class='ocrx_word' id='word_1_448' title='bbox 581 3517 813 3576; x_wconf 84' lang='lat' dir='ltr'>Valesio</span> <span class='ocrx_word' id='word_1_449' title='bbox 860 3522 1021 3579; x_wconf 91' lang='lat' dir='ltr'>nullo</span> <span class='ocrx_word' id='word_1_450' title='bbox 1071 3526 1243 3582; x_wconf 92' lang='lat' dir='ltr'>modo</span> <span class='ocrx_word' id='word_1_451' title='bbox 1290 3527 1560 3583; x_wconf 89' lang='lat' dir='ltr'>assentiri</span> <span class='ocrx_word' id='word_1_452' title='bbox 1608 3534 1798 3602; x_wconf 85' lang='lat' dir='ltr'>potest</span> <span class='ocrx_word' id='word_1_453' title='bbox 1827 3527 1910 3584; x_wconf 91' lang='lat' dir='ltr'>Cl.</span> 
     </span>
    </p>
   </div>
   <div class='ocr_carea' id='block_1_72' title="bbox 244 3603 1911 3689">
    <p class='ocr_par' dir='ltr' id='par_1_72' title="bbox 244 3603 1911 3689">
     <span class='ocr_line' id='line_1_72' title="bbox 244 3603 1911 3689; baseline 0.008 -31"><span class='ocrx_word' id='word_1_454' title='bbox 244 3603 607 3663; x_wconf 82' lang='lat' dir='ltr'>Ruinartius</span> <span class='ocrx_word' id='word_1_455' title='bbox 639 3608 776 3681; x_wconf 83' lang='lat'>(32).</span> <span class='ocrx_word' id='word_1_456' title='bbox 801 3612 1032 3680; x_wconf 87' lang='lat' dir='ltr'>Contra,</span> <span class='ocrx_word' id='word_1_457' title='bbox 1052 3614 1377 3689; x_wconf 88' lang='lat' dir='ltr'>Basnagius</span> <span class='ocrx_word' id='word_1_458' title='bbox 1408 3615 1615 3673; x_wconf 85' lang='lat' dir='ltr'>Valesii</span> <span class='ocrx_word' id='word_1_459' title='bbox 1648 3618 1911 3689; x_wconf 88' lang='lat' dir='ltr'>opinioni</span> 
     </span>
    </p>
   </div>
   <div class='ocr_carea' id='block_1_73' title="bbox 246 3693 1909 3779">
    <p class='ocr_par' dir='ltr' id='par_1_73' title="bbox 246 3693 1909 3779">
     <span class='ocr_line' id='line_1_73' title="bbox 246 3693 1909 3779; baseline 0.008 -32"><span class='ocrx_word' id='word_1_460' title='bbox 246 3709 312 3749; x_wconf 87' lang='lat' dir='ltr'>se</span> <span class='ocrx_word' id='word_1_461' title='bbox 347 3693 652 3751; x_wconf 67' lang='lat' dir='ltr'>adhaerere</span> <span class='ocrx_word' id='word_1_462' title='bbox 683 3697 932 3755; x_wconf 91' lang='lat' dir='ltr'>libenter</span> <span class='ocrx_word' id='word_1_463' title='bbox 969 3703 1293 3776; x_wconf 82' lang='lat' dir='ltr'>profitetur,</span> <span class='ocrx_word' id='word_1_464' title='bbox 1327 3705 1579 3779; x_wconf 90' lang='lat' dir='ltr'>indeque</span> <span class='ocrx_word' id='word_1_465' title='bbox 1628 3707 1909 3779; x_wconf 89' lang='lat' dir='ltr'>primum,</span> 
     </span>
    </p>
   </div>
   <div class='ocr_carea' id='block_1_74' title="bbox 245 3786 1912 3868">
    <p class='ocr_par' dir='ltr' id='par_1_74' title="bbox 245 3786 1912 3868">
     <span class='ocr_line' id='line_1_74' title="bbox 245 3786 1912 3868; baseline 0.01 -33"><span class='ocrx_word' id='word_1_466' title='bbox 245 3786 315 3836; x_wconf 86' lang='lat' dir='ltr'>ut</span> <span class='ocrx_word' id='word_1_467' title='bbox 372 3788 583 3854; x_wconf 81' lang='lat' dir='ltr'>postea</span> <span class='ocrx_word' id='word_1_468' title='bbox 625 3786 985 3859; x_wconf 89' lang='lat' dir='ltr'>videbimus,</span> <span class='ocrx_word' id='word_1_469' title='bbox 1021 3793 1300 3849; x_wconf 90' lang='lat' dir='ltr'>adversus</span> <span class='ocrx_word' id='word_1_470' title='bbox 1345 3800 1631 3868; x_wconf 86' lang='lat' dir='ltr'>martyres</span> <span class='ocrx_word' id='word_1_471' title='bbox 1678 3800 1912 3852; x_wconf 89' lang='lat' dir='ltr'>nostros</span> 
     </span>
    </p>
   </div>
   <div class='ocr_carea' id='block_1_75' title="bbox 248 3871 1915 3956">
    <p class='ocr_par' dir='ltr' id='par_1_75' title="bbox 248 3871 1915 3956">
     <span class='ocr_line' id='line_1_75' title="bbox 248 3871 1915 3956; baseline 0.01 -32"><span class='ocrx_word' id='word_1_472' title='bbox 248 3871 497 3926; x_wconf 81' lang='lat' dir='ltr'>conﬁcit</span> <span class='ocrx_word' id='word_1_473' title='bbox 526 3882 964 3946; x_wconf 85' lang='lat' dir='ltr'>argumentum.</span> <span class='ocrx_word' id='word_1_474' title='bbox 999 3880 1078 3937; x_wconf 89' lang='lat' dir='ltr'>Ea</span> <span class='ocrx_word' id='word_1_475' title='bbox 1117 3898 1208 3938; x_wconf 90' lang='lat' dir='ltr'>res</span> <span class='ocrx_word' id='word_1_476' title='bbox 1240 3883 1479 3939; x_wconf 90' lang='lat' dir='ltr'>omnino</span> <span class='ocrx_word' id='word_1_477' title='bbox 1534 3884 1814 3956; x_wconf 86' lang='lat' dir='ltr'>postulat,</span> <span class='ocrx_word' id='word_1_478' title='bbox 1850 3889 1915 3940; x_wconf 92' lang='lat' dir='ltr'>ut</span> 
     </span>
    </p>
   </div>
   <div class='ocr_carea' id='block_1_76' title="bbox 245 3959 1913 4043">
    <p class='ocr_par' dir='ltr' id='par_1_76' title="bbox 245 3959 1913 4043">
     <span class='ocr_line' id='line_1_76' title="bbox 245 3959 1913 4043; baseline 0.01 -29"><span class='ocrx_word' id='word_1_479' title='bbox 245 3959 321 4015; x_wconf 89' lang='lat' dir='ltr'>de</span> <span class='ocrx_word' id='word_1_480' title='bbox 366 3965 493 4016; x_wconf 79' lang='lat' dir='ltr'>tota</span> <span class='ocrx_word' id='word_1_481' title='bbox 542 3961 651 4019; x_wconf 87' lang='lat' dir='ltr'>hac</span> <span class='ocrx_word' id='word_1_482' title='bbox 700 3970 1097 4026; x_wconf 88' lang='lat' dir='ltr'>controversia</span> <span class='ocrx_word' id='word_1_483' title='bbox 1144 3988 1419 4043; x_wconf 85' lang='lat' dir='ltr'>perquam</span> <span class='ocrx_word' id='word_1_484' title='bbox 1467 3974 1913 4030; x_wconf 88' lang='lat' dir='ltr'>accuratissime</span> 
     </span>
    </p>
   </div>
   <div class='ocr_carea' id='block_1_77' title="bbox 242 4049 1909 4137">
    <p class='ocr_par' dir='ltr' id='par_1_77' title="bbox 242 4049 1909 4137">
     <span class='ocr_line' id='line_1_77' title="bbox 242 4049 1909 4137; baseline 0.009 -34"><span class='ocrx_word' id='word_1_485' title='bbox 242 4049 646 4121; x_wconf 78' lang='lat' dir='ltr'>disseramus,</span> <span class='ocrx_word' id='word_1_486' title='bbox 673 4070 741 4110; x_wconf 91' lang='lat' dir='ltr'>ne</span> <span class='ocrx_word' id='word_1_487' title='bbox 772 4056 822 4111; x_wconf 93' lang='lat' dir='ltr'>si</span> <span class='ocrx_word' id='word_1_488' title='bbox 853 4056 1065 4114; x_wconf 90' lang='lat' dir='ltr'>Valesii</span> <span class='ocrx_word' id='word_1_489' title='bbox 1098 4060 1434 4133; x_wconf 90' lang='lat' dir='ltr'>opinionem</span> <span class='ocrx_word' id='word_1_490' title='bbox 1458 4062 1909 4137; x_wconf 87' lang='lat' dir='ltr'>amplectamur,</span> 
     </span>
    </p>
   </div>
   <div class='ocr_carea' id='block_1_78' title="bbox 241 4138 1913 4221">
    <p class='ocr_par' dir='ltr' id='par_1_78' title="bbox 241 4138 1913 4221">
     <span class='ocr_line' id='line_1_78' title="bbox 241 4138 1913 4221; baseline 0.009 -29"><span class='ocrx_word' id='word_1_491' title='bbox 241 4142 477 4194; x_wconf 87' lang='lat' dir='ltr'>temere</span> <span class='ocrx_word' id='word_1_492' title='bbox 517 4138 576 4194; x_wconf 92' lang='lat' dir='ltr'>id</span> <span class='ocrx_word' id='word_1_493' title='bbox 620 4142 827 4201; x_wconf 80' lang='lat' dir='ltr'>fecisse</span> <span class='ocrx_word' id='word_1_494' title='bbox 864 4147 1312 4218; x_wconf 84' lang='lat' dir='ltr'>existimemur;</span> <span class='ocrx_word' id='word_1_495' title='bbox 1346 4151 1437 4207; x_wconf 91' lang='lat' dir='ltr'>sin</span> <span class='ocrx_word' id='word_1_496' title='bbox 1469 4156 1687 4221; x_wconf 89' lang='lat' dir='ltr'>autem,</span> <span class='ocrx_word' id='word_1_497' title='bbox 1723 4170 1795 4209; x_wconf 91' lang='lat' dir='ltr'>ne</span> <span class='ocrx_word' id='word_1_498' title='bbox 1844 4169 1913 4208; x_wconf 85' lang='lat' dir='ltr'>ex</span> 
     </span>
    </p>
   </div>
   <div class='ocr_carea' id='block_1_79' title="bbox 242 4227 1909 4312">
    <p class='ocr_par' dir='ltr' id='par_1_79' title="bbox 242 4227 1909 4312">
     <span class='ocr_line' id='line_1_79' title="bbox 242 4227 1909 4312; baseline 0.011 -32"><span class='ocrx_word' id='word_1_499' title='bbox 242 4227 517 4298; x_wconf 86' lang='lat' dir='ltr'>quodam</span> <span class='ocrx_word' id='word_1_500' title='bbox 548 4239 958 4307; x_wconf 67' lang='lat' dir='ltr'>prazconceptaa</span> <span class='ocrx_word' id='word_1_501' title='bbox 995 4238 1291 4310; x_wconf 87' lang='lat' dir='ltr'>opinionis</span> <span class='ocrx_word' id='word_1_502' title='bbox 1320 4240 1658 4312; x_wconf 64' lang='lat' dir='ltr'>praejudicio</span> <span class='ocrx_word' id='word_1_503' title='bbox 1690 4241 1909 4297; x_wconf 86' lang='lat' dir='ltr'>factum</span> 
     </span>
    </p>
   </div>
   <div class='ocr_carea' id='block_1_80' title="bbox 232 4312 1909 4401">
    <p class='ocr_par' dir='ltr' id='par_1_80' title="bbox 232 4312 1909 4401">
     <span class='ocr_line' id='line_1_80' title="bbox 232 4312 1909 4401; baseline 0.011 -32"><span class='ocrx_word' id='word_1_504' title='bbox 232 4312 303 4370; x_wconf 77' lang='lat' dir='ltr'>id</span> <span class='ocrx_word' id='word_1_505' title='bbox 337 4317 776 4377; x_wconf 86' lang='lat' dir='ltr'>essevideatur.</span> <span class='ocrx_word' id='word_1_506' title='bbox 812 4322 885 4381; x_wconf 92' lang='lat' dir='ltr'>Ut</span> <span class='ocrx_word' id='word_1_507' title='bbox 914 4325 1096 4398; x_wconf 83' lang='lat' dir='ltr'>igitur</span> <span class='ocrx_word' id='word_1_508' title='bbox 1142 4335 1423 4401; x_wconf 86' lang='lat' dir='ltr'>agnoscat</span> <span class='ocrx_word' id='word_1_509' title='bbox 1462 4330 1645 4387; x_wconf 90' lang='lat' dir='ltr'>lector</span> <span class='ocrx_word' id='word_1_510' title='bbox 1679 4348 1770 4388; x_wconf 91' lang='lat' dir='ltr'>me</span> <span class='ocrx_word' id='word_1_511' title='bbox 1813 4348 1909 4387; x_wconf 81' lang='lat' dir='ltr'>se-</span> 
     </span>
    </p>
   </div>
   <div class='ocr_carea' id='block_1_81' title="bbox 244 4409 1908 4492">
    <p class='ocr_par' dir='ltr' id='par_1_81' title="bbox 244 4409 1908 4492">
     <span class='ocr_line' id='line_1_81' title="bbox 244 4409 1908 4492; baseline 0.011 -34"><span class='ocrx_word' id='word_1_512' title='bbox 244 4421 397 4460; x_wconf 87' lang='lat' dir='ltr'>cum</span> <span class='ocrx_word' id='word_1_513' title='bbox 447 4409 694 4466; x_wconf 83' lang='lat' dir='ltr'>candide</span> <span class='ocrx_word' id='word_1_514' title='bbox 742 4429 933 4485; x_wconf 84' lang='lat' dir='ltr'>agere,</span> <span class='ocrx_word' id='word_1_515' title='bbox 979 4422 1037 4472; x_wconf 90' lang='lat' dir='ltr'>et</span> <span class='ocrx_word' id='word_1_516' title='bbox 1101 4416 1248 4473; x_wconf 91' lang='lat' dir='ltr'>nihil</span> <span class='ocrx_word' id='word_1_517' title='bbox 1299 4417 1414 4474; x_wconf 89' lang='lat' dir='ltr'>huc</span> <span class='ocrx_word' id='word_1_518' title='bbox 1462 4421 1908 4492; x_wconf 69' lang='lat' dir='ltr'>prazjudicatum</span> 
     </span>
    </p>
   </div>
   <div class='ocr_carea' id='block_1_82' title="bbox 244 4492 1908 4577">
    <p class='ocr_par' dir='ltr' id='par_1_82' title="bbox 244 4492 1908 4577">
     <span class='ocr_line' id='line_1_82' title="bbox 244 4492 1908 4577; baseline 0.011 -29"><span class='ocrx_word' id='word_1_519' title='bbox 244 4492 487 4560; x_wconf 71' lang='lat' dir='ltr'>aﬂ‘erre,</span> <span class='ocrx_word' id='word_1_520' title='bbox 513 4496 570 4553; x_wconf 91' lang='lat' dir='ltr'>in</span> <span class='ocrx_word' id='word_1_521' title='bbox 601 4498 820 4556; x_wconf 80' lang='lat' dir='ltr'>Valesii</span> <span class='ocrx_word' id='word_1_522' title='bbox 852 4504 1208 4577; x_wconf 88' lang='lat' dir='ltr'>opinionem,</span> <span class='ocrx_word' id='word_1_523' title='bbox 1238 4508 1385 4564; x_wconf 89' lang='lat' dir='ltr'>meis</span> <span class='ocrx_word' id='word_1_524' title='bbox 1417 4507 1544 4565; x_wconf 79' lang='lat' dir='ltr'>licet</span> <span class='ocrx_word' id='word_1_525' title='bbox 1582 4510 1908 4566; x_wconf 86' lang='lat' dir='ltr'>rationibus</span> 
     </span>
    </p>
   </div>
   <div class='ocr_carea' id='block_1_83' title="bbox 2021 3344 3669 3417">
    <p class='ocr_par' dir='ltr' id='par_1_83' title="bbox 2021 3344 3669 3417">
     <span class='ocr_line' id='line_1_83' title="bbox 2021 3344 3669 3417; baseline -0.001 -17"><span class='ocrx_word' id='word_1_526' title='bbox 2021 3349 2361 3414; x_wconf 79' lang='lat' dir='ltr'>Oportuerat,</span> <span class='ocrx_word' id='word_1_527' title='bbox 2420 3354 2481 3401; x_wconf 92' lang='lat' dir='ltr'>ut</span> <span class='ocrx_word' id='word_1_528' title='bbox 2537 3344 2846 3417; x_wconf 84' lang='lat' dir='ltr'>probabiles</span> <span class='ocrx_word' id='word_1_529' title='bbox 2901 3346 3103 3417; x_wconf 77' lang='lat' dir='ltr'>quique</span> <span class='ocrx_word' id='word_1_530' title='bbox 3153 3345 3669 3415; x_wconf 84' lang='lat' dir='ltr'>manifestarentur,</span> 
     </span>
    </p>
   </div>
   <div class='ocr_carea' id='block_1_84' title="bbox 2021 3432 3673 3505">
    <p class='ocr_par' dir='ltr' id='par_1_84' title="bbox 2021 3432 3673 3505">
     <span class='ocr_line' id='line_1_84' title="bbox 2021 3432 3673 3505; baseline -0.002 -15"><span class='ocrx_word' id='word_1_531' title='bbox 2021 3434 2112 3491; x_wconf 76' lang='lat' dir='ltr'>hae</span> <span class='ocrx_word' id='word_1_532' title='bbox 2139 3438 2322 3490; x_wconf 86' lang='lat' dir='ltr'>autem</span> <span class='ocrx_word' id='word_1_533' title='bbox 2351 3436 2471 3490; x_wconf 88' lang='lat' dir='ltr'>sine</span> <span class='ocrx_word' id='word_1_534' title='bbox 2499 3434 2776 3505; x_wconf 77' lang='lat' dir='ltr'>aliquibus</span> <span class='ocrx_word' id='word_1_535' title='bbox 2835 3432 3206 3489; x_wconf 75' lang='lat' dir='ltr'>occasionibus</span> <span class='ocrx_word' id='word_1_536' title='bbox 3250 3432 3673 3501; x_wconf 64' lang='lat' dir='ltr'>Scriptus-arum</span> 
     </span>
    </p>
   </div>
   <div class='ocr_carea' id='block_1_85' title="bbox 2021 3520 3673 3594">
    <p class='ocr_par' dir='ltr' id='par_1_85' title="bbox 2021 3520 3673 3594">
     <span class='ocr_line' id='line_1_85' title="bbox 2021 3520 3673 3594; baseline -0.001 -17"><span class='ocrx_word' id='word_1_537' title='bbox 2021 3521 2227 3578; x_wconf 87' lang='lat' dir='ltr'>audere</span> <span class='ocrx_word' id='word_1_538' title='bbox 2272 3538 2382 3578; x_wconf 88' lang='lat' dir='ltr'>non</span> <span class='ocrx_word' id='word_1_539' title='bbox 2436 3531 2704 3594; x_wconf 81' lang='lat' dir='ltr'>poterant,</span> <span class='ocrx_word' id='word_1_540' title='bbox 2757 3520 2965 3577; x_wconf 85' lang='lat' dir='ltr'>idcirco</span> <span class='ocrx_word' id='word_1_541' title='bbox 3013 3521 3257 3592; x_wconf 86' lang='lat' dir='ltr'>pristina</span> <span class='ocrx_word' id='word_1_542' title='bbox 3303 3521 3673 3576; x_wconf 81' lang='lat' dir='ltr'>instrumenta</span> 
     </span>
    </p>
   </div>
   <div class='ocr_carea' id='block_1_86' title="bbox 2022 3609 3675 3682">
    <p class='ocr_par' dir='ltr' id='par_1_86' title="bbox 2022 3609 3675 3682">
     <span class='ocr_line' id='line_1_86' title="bbox 2022 3609 3675 3682; baseline 0 -17"><span class='ocrx_word' id='word_1_543' title='bbox 2022 3611 2287 3682; x_wconf 88' lang='lat' dir='ltr'>quasdam</span> <span class='ocrx_word' id='word_1_544' title='bbox 2335 3613 2596 3667; x_wconf 80' lang='lat' dir='ltr'>materias</span> <span class='ocrx_word' id='word_1_545' title='bbox 2641 3612 2760 3666; x_wconf 83' lang='lat' dir='ltr'>illis</span> <span class='ocrx_word' id='word_1_546' title='bbox 2807 3610 3067 3667; x_wconf 75' lang='lat' dir='ltr'>videntur</span> <span class='ocrx_word' id='word_1_547' title='bbox 3107 3609 3573 3677; x_wconf 60' lang='lat' dir='ltr'>subministras”,</span> <span class='ocrx_word' id='word_1_548' title='bbox 3620 3613 3675 3665; x_wconf 84' lang='lat' dir='ltr'>et</span> 
     </span>
    </p>
   </div>
   <div class='ocr_carea' id='block_1_87' title="bbox 2021 3698 3676 3770">
    <p class='ocr_par' dir='ltr' id='par_1_87' title="bbox 2021 3698 3676 3770">
     <span class='ocr_line' id='line_1_87' title="bbox 2021 3698 3676 3770; baseline -0.001 -15"><span class='ocrx_word' id='word_1_549' title='bbox 2021 3699 2150 3755; x_wconf 81' lang='lat' dir='ltr'>illas</span> <span class='ocrx_word' id='word_1_550' title='bbox 2180 3699 2398 3770; x_wconf 78' lang='lat' dir='ltr'>quidem</span> <span class='ocrx_word' id='word_1_551' title='bbox 2427 3701 2633 3756; x_wconf 86' lang='lat' dir='ltr'>iisdem</span> <span class='ocrx_word' id='word_1_552' title='bbox 2664 3700 2860 3756; x_wconf 82' lang='lat' dir='ltr'>litteris</span> <span class='ocrx_word' id='word_1_553' title='bbox 2892 3699 3254 3755; x_wconf 85' lang='lat' dir='ltr'>revincibiles.</span> <span class='ocrx_word' id='word_1_554' title='bbox 3277 3698 3382 3755; x_wconf 88' lang='lat' dir='ltr'>Sed</span> <span class='ocrx_word' id='word_1_555' title='bbox 3409 3698 3676 3769; x_wconf 68' lang='lat' dir='ltr'>quoniam</span> 
     </span>
    </p>
   </div>
   <div class='ocr_carea' id='block_1_88' title="bbox 2020 3788 3672 3860">
    <p class='ocr_par' dir='ltr' id='par_1_88' title="bbox 2020 3788 3672 3860">
     <span class='ocr_line' id='line_1_88' title="bbox 2020 3788 3672 3860; baseline -0.001 -16"><span class='ocrx_word' id='word_1_556' title='bbox 2020 3790 2251 3845; x_wconf 89' lang='lat' dir='ltr'>necdum</span> <span class='ocrx_word' id='word_1_557' title='bbox 2315 3790 2674 3845; x_wconf 88' lang='lat' dir='ltr'>dissimulare</span> <span class='ocrx_word' id='word_1_558' title='bbox 2725 3788 2996 3860; x_wconf 86' lang='lat' dir='ltr'>Spiritum</span> <span class='ocrx_word' id='word_1_559' title='bbox 3051 3796 3298 3845; x_wconf 87' lang='lat' dir='ltr'>sanetum</span> <span class='ocrx_word' id='word_1_560' title='bbox 3369 3788 3672 3860; x_wconf 82' lang='lat' dir='ltr'>oportebat,</span> 
     </span>
    </p>
   </div>
   <div class='ocr_carea' id='block_1_89' title="bbox 2021 3877 3672 3951">
    <p class='ocr_par' dir='ltr' id='par_1_89' title="bbox 2021 3877 3672 3951">
     <span class='ocr_line' id='line_1_89' title="bbox 2021 3877 3672 3951; baseline 0.001 -18"><span class='ocrx_word' id='word_1_561' title='bbox 2021 3881 2311 3951; x_wconf 85' lang='lat' dir='ltr'>quominus</span> <span class='ocrx_word' id='word_1_562' title='bbox 2340 3884 2391 3935; x_wconf 89' lang='lat' dir='ltr'>et</span> <span class='ocrx_word' id='word_1_563' title='bbox 2422 3878 2692 3951; x_wconf 84' lang='lat' dir='ltr'>ejusmodi</span> <span class='ocrx_word' id='word_1_564' title='bbox 2718 3877 2958 3951; x_wconf 87' lang='lat' dir='ltr'>eloquiis</span> <span class='ocrx_word' id='word_1_565' title='bbox 3012 3877 3495 3950; x_wconf 84' lang='lat' dir='ltr'>superinundaret,</span> <span class='ocrx_word' id='word_1_566' title='bbox 3550 3891 3672 3948; x_wconf 61' lang='lat' dir='ltr'>qua</span> 
     </span>
    </p>
   </div>
   <div class='ocr_carea' id='block_1_90' title="bbox 2020 3967 3669 4038">
    <p class='ocr_par' dir='ltr' id='par_1_90' title="bbox 2020 3967 3669 4038">
     <span class='ocr_line' id='line_1_90' title="bbox 2020 3967 3669 4038; baseline -0.002 -15"><span class='ocrx_word' id='word_1_567' title='bbox 2020 3968 2192 4023; x_wconf 88' lang='lat' dir='ltr'>nullis</span> <span class='ocrx_word' id='word_1_568' title='bbox 2245 3969 2623 4023; x_wconf 65' lang='lat' dir='ltr'>haereticorum</span> <span class='ocrx_word' id='word_1_569' title='bbox 2668 3968 2931 4023; x_wconf 88' lang='lat' dir='ltr'>versutiis</span> <span class='ocrx_word' id='word_1_570' title='bbox 2972 3967 3183 4023; x_wconf 88' lang='lat' dir='ltr'>semina</span> <span class='ocrx_word' id='word_1_571' title='bbox 3224 3967 3669 4038; x_wconf 74' lang='lat' dir='ltr'>subspargerent,</span> 
     </span>
    </p>
   </div>
   <div class='ocr_carea' id='block_1_91' title="bbox 2023 4053 3672 4128">
    <p class='ocr_par' dir='ltr' id='par_1_91' title="bbox 2023 4053 3672 4128">
     <span class='ocr_line' id='line_1_91' title="bbox 2023 4053 3672 4128; baseline -0.002 -16"><span class='ocrx_word' id='word_1_572' title='bbox 2023 4058 2130 4112; x_wconf 90' lang='lat' dir='ltr'>imo</span> <span class='ocrx_word' id='word_1_573' title='bbox 2159 4061 2212 4113; x_wconf 90' lang='lat' dir='ltr'>et</span> <span class='ocrx_word' id='word_1_574' title='bbox 2243 4060 2443 4114; x_wconf 88' lang='lat' dir='ltr'>veteres</span> <span class='ocrx_word' id='word_1_575' title='bbox 2471 4072 2658 4113; x_wconf 87' lang='lat' dir='ltr'>eorum</span> <span class='ocrx_word' id='word_1_576' title='bbox 2703 4058 2932 4128; x_wconf 83' lang='lat' dir='ltr'>cespites</span> <span class='ocrx_word' id='word_1_577' title='bbox 2979 4056 3262 4123; x_wconf 81' lang='lat' dir='ltr'>vellerent,</span> <span class='ocrx_word' id='word_1_578' title='bbox 3307 4054 3509 4110; x_wconf 85' lang='lat' dir='ltr'>idcirco</span> <span class='ocrx_word' id='word_1_579' title='bbox 3544 4053 3672 4124; x_wconf 82' lang='lat' dir='ltr'>jam</span> 
     </span>
    </p>
   </div>
   <div class='ocr_carea' id='block_1_92' title="bbox 2018 4142 3666 4217">
    <p class='ocr_par' dir='ltr' id='par_1_92' title="bbox 2018 4142 3666 4217">
     <span class='ocr_line' id='line_1_92' title="bbox 2018 4142 3666 4217; baseline -0.001 -17"><span class='ocrx_word' id='word_1_580' title='bbox 2018 4160 2207 4201; x_wconf 89' lang='lat' dir='ltr'>omnes</span> <span class='ocrx_word' id='word_1_581' title='bbox 2236 4147 2381 4201; x_wconf 85' lang='lat' dir='ltr'>retro</span> <span class='ocrx_word' id='word_1_582' title='bbox 2410 4146 2814 4217; x_wconf 85' lang='lat' dir='ltr'>ambiguitates,</span> <span class='ocrx_word' id='word_1_583' title='bbox 2846 4149 2898 4201; x_wconf 92' lang='lat' dir='ltr'>et</span> <span class='ocrx_word' id='word_1_584' title='bbox 2940 4158 3076 4216; x_wconf 89' lang='lat' dir='ltr'>quas</span> <span class='ocrx_word' id='word_1_585' title='bbox 3120 4145 3311 4201; x_wconf 86' lang='lat' dir='ltr'>volunt</span> <span class='ocrx_word' id='word_1_586' title='bbox 3351 4142 3666 4216; x_wconf 80' lang='lat' dir='ltr'>parabolas,</span> 
     </span>
    </p>
   </div>
   <div class='ocr_carea' id='block_1_93' title="bbox 2019 4231 3669 4307">
    <p class='ocr_par' dir='ltr' id='par_1_93' title="bbox 2019 4231 3669 4307">
     <span class='ocr_line' id='line_1_93' title="bbox 2019 4231 3669 4307; baseline -0.001 -19"><span class='ocrx_word' id='word_1_587' title='bbox 2019 4238 2207 4305; x_wconf 89' lang='lat' dir='ltr'>aperta</span> <span class='ocrx_word' id='word_1_588' title='bbox 2236 4243 2395 4306; x_wconf 88' lang='lat' dir='ltr'>atque</span> <span class='ocrx_word' id='word_1_589' title='bbox 2448 4237 2742 4307; x_wconf 86' lang='lat' dir='ltr'>perspicua</span> <span class='ocrx_word' id='word_1_590' title='bbox 2788 4236 2960 4290; x_wconf 88' lang='lat' dir='ltr'>totius</span> <span class='ocrx_word' id='word_1_591' title='bbox 3004 4232 3349 4289; x_wconf 87' lang='lat' dir='ltr'>Sacramenti</span> <span class='ocrx_word' id='word_1_592' title='bbox 3390 4231 3669 4304; x_wconf 70' lang='lat' dir='ltr'>praedica-</span> 
     </span>
    </p>
   </div>
   <div class='ocr_carea' id='block_1_94' title="bbox 2020 4319 3670 4395">
    <p class='ocr_par' dir='ltr' id='par_1_94' title="bbox 2020 4319 3670 4395">
     <span class='ocr_line' id='line_1_94' title="bbox 2020 4319 3670 4395; baseline -0.002 -15"><span class='ocrx_word' id='word_1_593' title='bbox 2020 4325 2170 4380; x_wconf 84' lang='lat' dir='ltr'>tione</span> <span class='ocrx_word' id='word_1_594' title='bbox 2196 4322 2470 4393; x_wconf 86' lang='lat' dir='ltr'>discussit,</span> <span class='ocrx_word' id='word_1_595' title='bbox 2503 4338 2605 4395; x_wconf 90' lang='lat' dir='ltr'>per</span> <span class='ocrx_word' id='word_1_596' title='bbox 2657 4339 2859 4380; x_wconf 87' lang='lat' dir='ltr'>novam</span> <span class='ocrx_word' id='word_1_597' title='bbox 2904 4323 3249 4394; x_wconf 78' lang='lat' dir='ltr'>praphetiam</span> <span class='ocrx_word' id='word_1_598' title='bbox 3294 4320 3361 4377; x_wconf 82' lang='lat' dir='ltr'>de</span> <span class='ocrx_word' id='word_1_599' title='bbox 3389 4319 3670 4377; x_wconf 73' lang='lat' dir='ltr'>Paraelao</span> 
     </span>
    </p>
   </div>
   <div class='ocr_carea' id='block_1_95' title="bbox 2019 4408 3670 4484">
    <p class='ocr_par' dir='ltr' id='par_1_95' title="bbox 2019 4408 3670 4484">
     <span class='ocr_line' id='line_1_95' title="bbox 2019 4408 3670 4484; baseline -0.001 -17"><span class='ocrx_word' id='word_1_600' title='bbox 2019 4414 2400 4479; x_wconf 85' lang='lat' dir='ltr'>inundantem,</span> <span class='ocrx_word' id='word_1_601' title='bbox 2434 4414 2591 4484; x_wconf 87' lang='lat' dir='ltr'>cujus</span> <span class='ocrx_word' id='word_1_602' title='bbox 2619 4414 2673 4468; x_wconf 91' lang='lat' dir='ltr'>si</span> <span class='ocrx_word' id='word_1_603' title='bbox 2700 4413 2735 4467; x_wconf 85' lang='lat' dir='ltr'><strong><em>h</em></strong></span> <span class='ocrx_word' id='word_1_604' title='bbox 2756 4414 2952 4467; x_wconf 49' lang='lat' dir='ltr'>luseris</span> <span class='ocrx_word' id='word_1_605' title='bbox 2978 4414 3179 4483; x_wconf 83' lang='lat' dir='ltr'>fontes,</span> <span class='ocrx_word' id='word_1_606' title='bbox 3214 4409 3429 4465; x_wconf 84' lang='lat' dir='ltr'>nullam</span> <span class='ocrx_word' id='word_1_607' title='bbox 3466 4408 3670 4481; x_wconf 82' lang='lat' dir='ltr'>poteris</span> 
     </span>
    </p>
   </div>
   <div class='ocr_carea' id='block_1_96' title="bbox 2017 4496 3670 4568">
    <p class='ocr_par' dir='ltr' id='par_1_96' title="bbox 2017 4496 3670 4568">
     <span class='ocr_line' id='line_1_96' title="bbox 2017 4496 3670 4568; baseline -0.003 -11"><span class='ocrx_word' id='word_1_608' title='bbox 2017 4502 2174 4557; x_wconf 87' lang='lat' dir='ltr'>sitire</span> <span class='ocrx_word' id='word_1_609' title='bbox 2201 4500 2527 4565; x_wconf 82' lang='lat' dir='ltr'>doctrinam,</span> <span class='ocrx_word' id='word_1_610' title='bbox 2557 4501 2747 4555; x_wconf 86' lang='lat' dir='ltr'>nullus</span> <span class='ocrx_word' id='word_1_611' title='bbox 2777 4503 2827 4554; x_wconf 86' lang='lat' dir='ltr'>te</span> <span class='ocrx_word' id='word_1_612' title='bbox 2853 4498 3021 4555; x_wconf 84' lang='lat' dir='ltr'>ardor</span> <span class='ocrx_word' id='word_1_613' title='bbox 3047 4500 3242 4554; x_wconf 70' lang='lat' dir='ltr'>exuret</span> <span class='ocrx_word' id='word_1_614' title='bbox 3273 4496 3670 4568; x_wconf 60' lang='lat' dir='ltr'>questionum,</span> 
     </span>
    </p>
   </div>
   <div class='ocr_carea' id='block_1_97' title="bbox 242 4581 1927 4672">
    <p class='ocr_par' dir='ltr' id='par_1_97' title="bbox 242 4581 1907 4672">
     <span class='ocr_line' id='line_1_97' title="bbox 242 4581 1907 4672; baseline 0.012 -37"><span class='ocrx_word' id='word_1_615' title='bbox 242 4581 455 4672; x_wconf 77' lang='lat' dir='ltr'>primo</span> <span class='ocrx_word' id='word_1_616' title='bbox 483 4594 721 4659; x_wconf 89' lang='lat' dir='ltr'>aspectu</span> <span class='ocrx_word' id='word_1_617' title='bbox 755 4591 899 4647; x_wconf 87' lang='lat' dir='ltr'>satis</span> <span class='ocrx_word' id='word_1_618' title='bbox 943 4592 1397 4665; x_wconf 89' lang='lat' dir='ltr'>incommodam,</span> <span class='ocrx_word' id='word_1_619' title='bbox 1423 4595 1591 4655; x_wconf 89' lang='lat' dir='ltr'>valde</span> <span class='ocrx_word' id='word_1_620' title='bbox 1645 4600 1907 4655; x_wconf 89' lang='lat' dir='ltr'>animum</span> 
     </span>
    </p>
   </div>
   <div class='ocr_carea' id='block_1_98' title="bbox 2036 4581 3672 4672">
    <p class='ocr_par' dir='ltr' id='par_1_98' title="bbox 2036 4582 3672 4659">
     <span class='ocr_line' id='line_1_98' title="bbox 2036 4582 3672 4659; baseline -0.002 -15"><span class='ocrx_word' id='word_1_621' title='bbox 2036 4591 2475 4645; x_wconf 60' lang='lat' dir='ltr'>&quot;esurrectionem</span> <span class='ocrx_word' id='word_1_622' title='bbox 2507 4603 2718 4659; x_wconf 89' lang='lat' dir='ltr'>quoque</span> <span class='ocrx_word' id='word_1_623' title='bbox 2760 4587 2966 4654; x_wconf 85' lang='lat' dir='ltr'>carnis,</span> <span class='ocrx_word' id='word_1_624' title='bbox 2999 4600 3387 4657; x_wconf 76' lang='lat' dir='ltr'>usquequaque</span> <span class='ocrx_word' id='word_1_625' title='bbox 3412 4582 3672 4657; x_wconf 83' lang='lat' dir='ltr'>potando,</span> 
     </span>
    </p>
   </div>
   <div class='ocr_carea' id='block_1_99' title="bbox 244 4670 1911 4755">
    <p class='ocr_par' dir='ltr' id='par_1_99' title="bbox 244 4670 1911 4755">
     <span class='ocr_line' id='line_1_99' title="bbox 244 4670 1911 4755; baseline 0.013 -31"><span class='ocrx_word' id='word_1_626' title='bbox 244 4670 548 4730; x_wconf 87' lang='lat' dir='ltr'>inclinare</span> <span class='ocrx_word' id='word_1_627' title='bbox 590 4679 885 4747; x_wconf 86' lang='lat' dir='ltr'>profiteor.</span> <span class='ocrx_word' id='word_1_628' title='bbox 916 4684 1273 4755; x_wconf 88' lang='lat' dir='ltr'>Argumento</span> <span class='ocrx_word' id='word_1_629' title='bbox 1324 4686 1469 4742; x_wconf 89' lang='lat' dir='ltr'>mihi</span> <span class='ocrx_word' id='word_1_630' title='bbox 1515 4692 1605 4743; x_wconf 91' lang='lat' dir='ltr'>est</span> <span class='ocrx_word' id='word_1_631' title='bbox 1655 4688 1911 4746; x_wconf 87' lang='lat' dir='ltr'>auctoris</span> 
     </span>
    </p>
   </div>
   <div class='ocr_carea' id='block_1_100' title="bbox 245 4761 1907 4847">
    <p class='ocr_par' dir='ltr' id='par_1_100' title="bbox 245 4761 1907 4847">
     <span class='ocr_line' id='line_1_100' title="bbox 245 4761 1907 4847; baseline 0.012 -34"><span class='ocrx_word' id='word_1_632' title='bbox 245 4761 548 4833; x_wconf 69' lang='lat' dir='ltr'>praefatio,</span> <span class='ocrx_word' id='word_1_633' title='bbox 577 4767 673 4837; x_wconf 88' lang='lat' dir='ltr'>qui</span> <span class='ocrx_word' id='word_1_634' title='bbox 706 4784 847 4824; x_wconf 90' lang='lat' dir='ltr'>sane</span> <span class='ocrx_word' id='word_1_635' title='bbox 878 4769 971 4827; x_wconf 90' lang='lat' dir='ltr'>his</span> <span class='ocrx_word' id='word_1_636' title='bbox 1006 4772 1190 4829; x_wconf 87' lang='lat' dir='ltr'>utitur</span> <span class='ocrx_word' id='word_1_637' title='bbox 1213 4775 1425 4844; x_wconf 90' lang='lat' dir='ltr'>verbis,</span> <span class='ocrx_word' id='word_1_638' title='bbox 1460 4793 1587 4847; x_wconf 77' lang='lat' dir='ltr'>quae</span> <span class='ocrx_word' id='word_1_639' title='bbox 1619 4777 1907 4847; x_wconf 86' lang='lat' dir='ltr'>quamvis,</span> 
     </span>
    </p>
   </div>
   <div class='ocr_carea' id='block_1_101' title="bbox 242 4850 1909 4932">
    <p class='ocr_par' dir='ltr' id='par_1_101' title="bbox 242 4850 1909 4932">
     <span class='ocr_line' id='line_1_101' title="bbox 242 4850 1909 4932; baseline 0.012 -29"><span class='ocrx_word' id='word_1_640' title='bbox 242 4850 293 4904; x_wconf 87' lang='lat' dir='ltr'>si</span> <span class='ocrx_word' id='word_1_641' title='bbox 327 4850 455 4906; x_wconf 81' lang='lat' dir='ltr'>alio</span> <span class='ocrx_word' id='word_1_642' title='bbox 490 4857 749 4926; x_wconf 87' lang='lat' dir='ltr'>tempore</span> <span class='ocrx_word' id='word_1_643' title='bbox 777 4858 1001 4931; x_wconf 89' lang='lat' dir='ltr'>scripta</span> <span class='ocrx_word' id='word_1_644' title='bbox 1044 4862 1253 4932; x_wconf 81' lang='lat' dir='ltr'>forent,</span> <span class='ocrx_word' id='word_1_645' title='bbox 1288 4864 1345 4918; x_wconf 89' lang='lat' dir='ltr'>in</span> <span class='ocrx_word' id='word_1_646' title='bbox 1396 4864 1746 4921; x_wconf 88' lang='lat' dir='ltr'>catholicam</span> <span class='ocrx_word' id='word_1_647' title='bbox 1778 4883 1909 4922; x_wconf 89' lang='lat' dir='ltr'>scn-</span> 
     </span>
    </p>
   </div>
   <div class='ocr_carea' id='block_1_102' title="bbox 239 4938 1913 5025">
    <p class='ocr_par' dir='ltr' id='par_1_102' title="bbox 239 4938 1913 5025">
     <span class='ocr_line' id='line_1_102' title="bbox 239 4938 1913 5025; baseline 0.012 -33"><span class='ocrx_word' id='word_1_648' title='bbox 239 4938 509 4995; x_wconf 80' lang='lat' dir='ltr'>tentiam</span> <span class='ocrx_word' id='word_1_649' title='bbox 541 4948 837 5019; x_wconf 91' lang='lat' dir='ltr'>utcunque</span> <span class='ocrx_word' id='word_1_650' title='bbox 860 4947 1229 5023; x_wconf 86' lang='lat' dir='ltr'>interpretari</span> <span class='ocrx_word' id='word_1_651' title='bbox 1259 4969 1592 5025; x_wconf 89' lang='lat' dir='ltr'>possemus,</span> <span class='ocrx_word' id='word_1_652' title='bbox 1626 4958 1685 5011; x_wconf 91' lang='lat' dir='ltr'>at</span> <span class='ocrx_word' id='word_1_653' title='bbox 1712 4955 1913 5012; x_wconf 87' lang='lat' dir='ltr'>habita</span> 
     </span>
    </p>
   </div>
   <div class='ocr_carea' id='block_1_103' title="bbox 240 5028 1911 5113">
    <p class='ocr_par' dir='ltr' id='par_1_103' title="bbox 240 5028 1911 5113">
     <span class='ocr_line' id='line_1_103' title="bbox 240 5028 1911 5113; baseline 0.011 -30"><span class='ocrx_word' id='word_1_654' title='bbox 240 5028 491 5085; x_wconf 85' lang='lat' dir='ltr'>ratione</span> <span class='ocrx_word' id='word_1_655' title='bbox 546 5034 847 5107; x_wconf 86' lang='lat' dir='ltr'>temporis,</span> <span class='ocrx_word' id='word_1_656' title='bbox 885 5055 1000 5109; x_wconf 90' lang='lat' dir='ltr'>quo</span> <span class='ocrx_word' id='word_1_657' title='bbox 1051 5041 1269 5113; x_wconf 88' lang='lat' dir='ltr'>scripta</span> <span class='ocrx_word' id='word_1_658' title='bbox 1316 5046 1472 5110; x_wconf 89' lang='lat' dir='ltr'>sunt,</span> <span class='ocrx_word' id='word_1_659' title='bbox 1506 5044 1911 5101; x_wconf 84' lang='lat' dir='ltr'>vehementem</span> 
     </span>
    </p>
   </div>
   <div class='ocr_carea' id='block_1_104' title="bbox 237 5116 1911 5202">
    <p class='ocr_par' dir='ltr' id='par_1_104' title="bbox 237 5116 1911 5202">
     <span class='ocr_line' id='line_1_104' title="bbox 237 5116 1911 5202; baseline 0.01 -30"><span class='ocrx_word' id='word_1_660' title='bbox 237 5116 429 5173; x_wconf 89' lang='lat' dir='ltr'>nobis</span> <span class='ocrx_word' id='word_1_661' title='bbox 465 5124 844 5181; x_wconf 87' lang='lat' dir='ltr'>montanismi</span> <span class='ocrx_word' id='word_1_662' title='bbox 894 5129 1293 5202; x_wconf 86' lang='lat' dir='ltr'>suspicionem</span> <span class='ocrx_word' id='word_1_663' title='bbox 1338 5130 1598 5187; x_wconf 74' lang='lat' dir='ltr'>afferent.</span> <span class='ocrx_word' id='word_1_664' title='bbox 1632 5132 1723 5188; x_wconf 91' lang='lat' dir='ltr'>Sic</span> <span class='ocrx_word' id='word_1_665' title='bbox 1753 5134 1911 5189; x_wconf 89' lang='lat' dir='ltr'>enim</span> 
     </span>
    </p>
   </div>
   <div class='ocr_carea' id='block_1_105' title="bbox 236 5205 1913 5294">
    <p class='ocr_par' dir='ltr' id='par_1_105' title="bbox 236 5205 1913 5294">
     <span class='ocr_line' id='line_1_105' title="bbox 236 5205 1913 5294; baseline 0.011 -34"><span class='ocrx_word' id='word_1_666' title='bbox 236 5205 433 5262; x_wconf 86' lang='lat' dir='ltr'>habet</span> <span class='ocrx_word' id='word_1_667' title='bbox 454 5226 476 5264; x_wconf 91' lang='lat'><strong><em>:</em></strong></span> <span class='ocrx_word' id='word_1_668' title='bbox 508 5209 607 5266; x_wconf 85' lang='lat' dir='ltr'>Sed</span> <span class='ocrx_word' id='word_1_669' title='bbox 666 5214 927 5287; x_wconf 85' lang='lat' dir='ltr'>viderint,</span> <span class='ocrx_word' id='word_1_670' title='bbox 982 5220 1080 5288; x_wconf 89' lang='lat' dir='ltr'>qui</span> <span class='ocrx_word' id='word_1_671' title='bbox 1130 5235 1303 5274; x_wconf 87' lang='lat' dir='ltr'>unam</span> <span class='ocrx_word' id='word_1_672' title='bbox 1360 5221 1620 5276; x_wconf 88' lang='lat' dir='ltr'>virtutem</span> <span class='ocrx_word' id='word_1_673' title='bbox 1671 5222 1913 5294; x_wconf 85' lang='lat' dir='ltr'>Spiritus</span> 
     </span>
    </p>
   </div>
   <div class='ocr_carea' id='block_1_106' title="bbox 240 5298 1914 5382">
    <p class='ocr_par' dir='ltr' id='par_1_106' title="bbox 240 5298 1914 5382">
     <span class='ocr_line' id='line_1_106' title="bbox 240 5298 1914 5382; baseline 0.011 -34"><span class='ocrx_word' id='word_1_674' title='bbox 240 5298 428 5351; x_wconf 82' lang='lat' dir='ltr'>unius</span> <span class='ocrx_word' id='word_1_675' title='bbox 464 5303 647 5356; x_wconf 84' lang='lat' dir='ltr'>sancti</span> <span class='ocrx_word' id='word_1_676' title='bbox 670 5320 770 5374; x_wconf 89' lang='lat' dir='ltr'>pro</span> <span class='ocrx_word' id='word_1_677' title='bbox 805 5306 1062 5362; x_wconf 71' lang='lat' dir='ltr'>aetatibus</span> <span class='ocrx_word' id='word_1_678' title='bbox 1108 5308 1353 5377; x_wconf 80' lang='lat' dir='ltr'>judicent</span> <span class='ocrx_word' id='word_1_679' title='bbox 1412 5312 1754 5382; x_wconf 87' lang='lat' dir='ltr'>temporum:</span> <span class='ocrx_word' id='word_1_680' title='bbox 1789 5328 1914 5367; x_wconf 87' lang='lat' dir='ltr'>cum</span> 
     </span>
    </p>
   </div>
   <div class='ocr_carea' id='block_1_107' title="bbox 238 5386 1911 5471">
    <p class='ocr_par' dir='ltr' id='par_1_107' title="bbox 238 5386 1911 5471">
     <span class='ocr_line' id='line_1_107' title="bbox 238 5386 1911 5471; baseline 0.011 -32"><span class='ocrx_word' id='word_1_681' title='bbox 238 5386 471 5457; x_wconf 87' lang='lat' dir='ltr'>majora</span> <span class='ocrx_word' id='word_1_682' title='bbox 500 5393 809 5461; x_wconf 82' lang='lat' dir='ltr'>reputando</span> <span class='ocrx_word' id='word_1_683' title='bbox 857 5397 970 5452; x_wconf 84' lang='lat' dir='ltr'>sint</span> <span class='ocrx_word' id='word_1_684' title='bbox 1024 5399 1300 5454; x_wconf 85' lang='lat' dir='ltr'>novitiora</span> <span class='ocrx_word' id='word_1_685' title='bbox 1348 5414 1580 5471; x_wconf 73' lang='lat' dir='ltr'>quaeque</span> <span class='ocrx_word' id='word_1_686' title='bbox 1622 5403 1683 5455; x_wconf 90' lang='lat' dir='ltr'>ut</span> <span class='ocrx_word' id='word_1_687' title='bbox 1728 5403 1911 5458; x_wconf 84' lang='lat' dir='ltr'>novis-</span> 
     </span>
    </p>
   </div>
   <div class='ocr_carea' id='block_1_108' title="bbox 320 5527 1662 5615">
    <p class='ocr_par' dir='ltr' id='par_1_108' title="bbox 320 5527 1662 5615">
     <span class='ocr_line' id='line_1_108' title="bbox 320 5527 1662 5615; baseline 0.007 -27"><span class='ocrx_word' id='word_1_688' title='bbox 478 5533 703 5615; x_wconf 60' lang='lat' dir='ltr'>}:rwfat.</span> <span class='ocrx_word' id='word_1_689' title='bbox 735 5537 1021 5615; x_wconf 59' lang='lat' dir='ltr'>ad‘faris.</span> <span class='ocrx_word' id='word_1_690' title='bbox 1055 5540 1310 5615; x_wconf 83' lang='lat' dir='ltr'>Actorum</span> <span class='ocrx_word' id='word_1_691' title='bbox 1349 5538 1662 5615; x_wconf 82' lang='lat' dir='ltr'>editionem.</span> 
     </span>
    </p>
   </div>
   <div class='ocr_carea' id='block_1_109' title="bbox 252 5599 1913 5743">
    <p class='ocr_par' dir='ltr' id='par_1_109' title="bbox 252 5599 1913 5743">
     <span class='ocr_line' id='line_1_109' title="bbox 252 5599 1913 5743; baseline 0.008 -85"><span class='ocrx_word' id='word_1_692' title='bbox 252 5599 459 5743; x_wconf 51' lang='lat'>“(1332;</span> <span class='ocrx_word' id='word_1_693' title='bbox 467 5599 704 5743; x_wconf 48' lang='lat' dir='ltr'>(gliss&#39;ert.</span> <span class='ocrx_word' id='word_1_694' title='bbox 742 5609 795 5676; x_wconf 78' lang='grc'>4,</span> <span class='ocrx_word' id='word_1_695' title='bbox 832 5608 1170 5682; x_wconf 82' lang='lat' dir='ltr'>Cyprianica</span> <span class='ocrx_word' id='word_1_696' title='bbox 1208 5611 1276 5666; x_wconf 87' lang='lat' dir='ltr'>de</span> <span class='ocrx_word' id='word_1_697' title='bbox 1320 5613 1645 5684; x_wconf 84' lang='lat' dir='ltr'>visionibus,</span> <span class='ocrx_word' id='word_1_698' title='bbox 1679 5618 1793 5683; x_wconf 85' lang='lat' dir='ltr'>etc,</span> <span class='ocrx_word' id='word_1_699' title='bbox 1821 5614 1851 5688; x_wconf 84' lang='lat'>§</span> <span class='ocrx_word' id='word_1_700' title='bbox 1880 5619 1913 5671; x_wconf 93' lang='lat'>8</span> 
     </span>
    </p>
   </div>
   <div class='ocr_carea' id='block_1_110' title="bbox 2018 4672 3675 4749">
    <p class='ocr_par' dir='ltr' id='par_1_110' title="bbox 2018 4672 3675 4749">
     <span class='ocr_line' id='line_1_110' title="bbox 2018 4672 3675 4749; baseline -0.002 -15"><span class='ocrx_word' id='word_1_701' title='bbox 2018 4679 2407 4749; x_wconf 76' lang='lat' dir='ltr'>refrigerabis.</span> <span class='ocrx_word' id='word_1_702' title='bbox 2422 4675 2755 4731; x_wconf 86' lang='lat' dir='ltr'>Novissima</span> <span class='ocrx_word' id='word_1_703' title='bbox 2775 4674 3072 4731; x_wconf 89' lang='lat' dir='ltr'>veteribus</span> <span class='ocrx_word' id='word_1_704' title='bbox 3094 4673 3416 4747; x_wconf 89' lang='lat' dir='ltr'>anteponit,</span> <span class='ocrx_word' id='word_1_705' title='bbox 3434 4672 3546 4730; x_wconf 88' lang='lat' dir='ltr'>hoc</span> <span class='ocrx_word' id='word_1_706' title='bbox 3564 4676 3675 4743; x_wconf 86' lang='lat' dir='ltr'>est,</span> 
     </span>
    </p>
   </div>
   <div class='ocr_carea' id='block_1_111' title="bbox 2019 4771 3676 4846">
    <p class='ocr_par' dir='ltr' id='par_1_111' title="bbox 2019 4771 3676 4846">
     <span class='ocr_line' id='line_1_111' title="bbox 2019 4771 3676 4846; baseline -0.003 -14"><span class='ocrx_word' id='word_1_707' title='bbox 2019 4792 2202 4832; x_wconf 89' lang='lat' dir='ltr'>novas</span> <span class='ocrx_word' id='word_1_708' title='bbox 2232 4773 2488 4829; x_wconf 86' lang='lat' dir='ltr'>Montani</span> <span class='ocrx_word' id='word_1_709' title='bbox 2523 4772 2905 4829; x_wconf 89' lang='lat' dir='ltr'>revelationes</span> <span class='ocrx_word' id='word_1_710' title='bbox 2943 4773 3214 4846; x_wconf 89' lang='lat' dir='ltr'>pristinis</span> <span class='ocrx_word' id='word_1_711' title='bbox 3243 4771 3676 4838; x_wconf 87' lang='lat' dir='ltr'>instrumentis,</span> 
     </span>
    </p>
   </div>
   <div class='ocr_carea' id='block_1_112' title="bbox 2020 4859 3675 4935">
    <p class='ocr_par' dir='ltr' id='par_1_112' title="bbox 2020 4859 3675 4935">
     <span class='ocr_line' id='line_1_112' title="bbox 2020 4859 3675 4935; baseline -0.004 -15"><span class='ocrx_word' id='word_1_712' title='bbox 2020 4865 2327 4935; x_wconf 90' lang='lat' dir='ltr'>utriusque</span> <span class='ocrx_word' id='word_1_713' title='bbox 2360 4861 2585 4918; x_wconf 89' lang='lat' dir='ltr'>scilicet</span> <span class='ocrx_word' id='word_1_714' title='bbox 2614 4861 2977 4918; x_wconf 88' lang='lat' dir='ltr'>Testamenti</span> <span class='ocrx_word' id='word_1_715' title='bbox 3007 4861 3199 4930; x_wconf 89' lang='lat' dir='ltr'>libris,</span> <span class='ocrx_word' id='word_1_716' title='bbox 3250 4878 3367 4917; x_wconf 89' lang='lat' dir='ltr'>non</span> <span class='ocrx_word' id='word_1_717' title='bbox 3417 4864 3483 4916; x_wconf 88' lang='lat' dir='ltr'>ut</span> <span class='ocrx_word' id='word_1_718' title='bbox 3524 4859 3675 4916; x_wconf 84' lang='lat' dir='ltr'>Rhe-</span> 
     </span>
    </p>
   </div>
   <div class='ocr_carea' id='block_1_113' title="bbox 2019 4945 3672 5024">
    <p class='ocr_par' dir='ltr' id='par_1_113' title="bbox 2019 4945 3672 5024">
     <span class='ocr_line' id='line_1_113' title="bbox 2019 4945 3672 5024; baseline -0.004 -15"><span class='ocrx_word' id='word_1_719' title='bbox 2019 4970 2209 5009; x_wconf 89' lang='lat' dir='ltr'>nanus</span> <span class='ocrx_word' id='word_1_720' title='bbox 2240 4958 2293 5008; x_wconf 86' lang='lat' dir='ltr'>et</span> <span class='ocrx_word' id='word_1_721' title='bbox 2346 4950 2639 5008; x_wconf 90' lang='lat' dir='ltr'>Pamelius</span> <span class='ocrx_word' id='word_1_722' title='bbox 2695 4952 3176 5024; x_wconf 88' lang='lat' dir='ltr'>interpretantur,</span> <span class='ocrx_word' id='word_1_723' title='bbox 3226 4950 3369 5007; x_wconf 88' lang='lat' dir='ltr'>Novi</span> <span class='ocrx_word' id='word_1_724' title='bbox 3416 4945 3672 5004; x_wconf 81' lang='lat' dir='ltr'>chderis</span> 
     </span>
    </p>
   </div>
   <div class='ocr_carea' id='block_1_114' title="bbox 2018 5034 3673 5113">
    <p class='ocr_par' dir='ltr' id='par_1_114' title="bbox 2018 5034 3673 5113">
     <span class='ocr_line' id='line_1_114' title="bbox 2018 5034 3673 5113; baseline -0.005 -15"><span class='ocrx_word' id='word_1_725' title='bbox 2018 5043 2199 5099; x_wconf 89' lang='lat' dir='ltr'>libros</span> <span class='ocrx_word' id='word_1_726' title='bbox 2231 5042 2503 5098; x_wconf 88' lang='lat' dir='ltr'>Mosaicis</span> <span class='ocrx_word' id='word_1_727' title='bbox 2537 5045 2594 5097; x_wconf 90' lang='lat' dir='ltr'>et</span> <span class='ocrx_word' id='word_1_728' title='bbox 2622 5040 2997 5113; x_wconf 88' lang='lat' dir='ltr'>propheticis.</span> <span class='ocrx_word' id='word_1_729' title='bbox 3032 5044 3158 5096; x_wconf 90' lang='lat' dir='ltr'>Non</span> <span class='ocrx_word' id='word_1_730' title='bbox 3216 5038 3371 5095; x_wconf 88' lang='lat' dir='ltr'>enim</span> <span class='ocrx_word' id='word_1_731' title='bbox 3425 5053 3494 5092; x_wconf 83' lang='lat' dir='ltr'>ex</span> <span class='ocrx_word' id='word_1_732' title='bbox 3544 5034 3673 5107; x_wconf 87' lang='lat' dir='ltr'>lege</span> 
     </span>
    </p>
   </div>
   <div class='ocr_carea' id='block_1_115' title="bbox 2019 5122 3673 5202">
    <p class='ocr_par' dir='ltr' id='par_1_115' title="bbox 2019 5122 3673 5202">
     <span class='ocr_line' id='line_1_115' title="bbox 2019 5122 3673 5202; baseline -0.005 -16"><span class='ocrx_word' id='word_1_733' title='bbox 2019 5135 2250 5187; x_wconf 88' lang='lat' dir='ltr'>tantum</span> <span class='ocrx_word' id='word_1_734' title='bbox 2282 5135 2339 5186; x_wconf 91' lang='lat' dir='ltr'>et</span> <span class='ocrx_word' id='word_1_735' title='bbox 2366 5128 2691 5202; x_wconf 88' lang='lat' dir='ltr'>Prophetis,</span> <span class='ocrx_word' id='word_1_736' title='bbox 2727 5130 2828 5185; x_wconf 90' lang='lat' dir='ltr'>sed</span> <span class='ocrx_word' id='word_1_737' title='bbox 2858 5130 2947 5185; x_wconf 89' lang='lat' dir='ltr'>vel</span> <span class='ocrx_word' id='word_1_738' title='bbox 2980 5128 3235 5184; x_wconf 84' lang='lat' dir='ltr'>maxime</span> <span class='ocrx_word' id='word_1_739' title='bbox 3265 5143 3334 5182; x_wconf 87' lang='lat' dir='ltr'>ex</span> <span class='ocrx_word' id='word_1_740' title='bbox 3359 5124 3502 5180; x_wconf 84' lang='lat' dir='ltr'>Novi</span> <span class='ocrx_word' id='word_1_741' title='bbox 3530 5122 3673 5180; x_wconf 85' lang='lat' dir='ltr'>Tes-</span> 
     </span>
    </p>
   </div>
   <div class='ocr_carea' id='block_1_116' title="bbox 2020 5210 3673 5290">
    <p class='ocr_par' dir='ltr' id='par_1_116' title="bbox 2020 5210 3673 5290">
     <span class='ocr_line' id='line_1_116' title="bbox 2020 5210 3673 5290; baseline -0.005 -13"><span class='ocrx_word' id='word_1_742' title='bbox 2020 5220 2267 5277; x_wconf 87' lang='lat' dir='ltr'>tamenti</span> <span class='ocrx_word' id='word_1_743' title='bbox 2299 5219 2565 5275; x_wconf 90' lang='lat' dir='ltr'>obscuris</span> <span class='ocrx_word' id='word_1_744' title='bbox 2593 5217 2948 5290; x_wconf 90' lang='lat' dir='ltr'>quibusdam</span> <span class='ocrx_word' id='word_1_745' title='bbox 2979 5217 3143 5286; x_wconf 89' lang='lat' dir='ltr'>locis,</span> <span class='ocrx_word' id='word_1_746' title='bbox 3185 5210 3673 5286; x_wconf 83' lang='lat' dir='ltr'>ambiguitatibus</span> 
     </span>
    </p>
   </div>
   <div class='ocr_carea' id='block_1_117' title="bbox 2021 5299 3673 5383">
    <p class='ocr_par' dir='ltr' id='par_1_117' title="bbox 2021 5299 3673 5383">
     <span class='ocr_line' id='line_1_117' title="bbox 2021 5299 3673 5383; baseline -0.006 -17"><span class='ocrx_word' id='word_1_747' title='bbox 2021 5314 2080 5367; x_wconf 91' lang='lat' dir='ltr'>et</span> <span class='ocrx_word' id='word_1_748' title='bbox 2109 5306 2406 5383; x_wconf 87' lang='lat' dir='ltr'>parabolis</span> <span class='ocrx_word' id='word_1_749' title='bbox 2440 5324 2681 5362; x_wconf 90' lang='lat' dir='ltr'>suorum</span> <span class='ocrx_word' id='word_1_750' title='bbox 2712 5308 3056 5379; x_wconf 89' lang='lat' dir='ltr'>dogmatum</span> <span class='ocrx_word' id='word_1_751' title='bbox 3086 5300 3393 5358; x_wconf 86' lang='lat' dir='ltr'>materiam</span> <span class='ocrx_word' id='word_1_752' title='bbox 3414 5299 3673 5357; x_wconf 70' lang='lat' dir='ltr'>haeretici</span> 
     </span>
    </p>
   </div>
   <div class='ocr_carea' id='block_1_118' title="bbox 2024 5389 3676 5471">
    <p class='ocr_par' dir='ltr' id='par_1_118' title="bbox 2024 5389 3676 5471">
     <span class='ocr_line' id='line_1_118' title="bbox 2024 5389 3676 5471; baseline -0.007 -15"><span class='ocrx_word' id='word_1_753' title='bbox 2024 5397 2432 5471; x_wconf 88' lang='lat' dir='ltr'>decerpebaut.</span> <span class='ocrx_word' id='word_1_754' title='bbox 2466 5396 2569 5451; x_wconf 89' lang='lat' dir='ltr'>Cui</span> <span class='ocrx_word' id='word_1_755' title='bbox 2633 5396 2716 5451; x_wconf 89' lang='lat' dir='ltr'>rei</span> <span class='ocrx_word' id='word_1_756' title='bbox 2759 5389 3279 5467; x_wconf 72' lang='lat' dir='ltr'>providentissime</span> <span class='ocrx_word' id='word_1_757' title='bbox 3330 5389 3519 5464; x_wconf 86' lang='lat' dir='ltr'>gratia</span> <span class='ocrx_word' id='word_1_758' title='bbox 3565 5406 3676 5468; x_wconf 55' lang='lat' dir='ltr'>sua</span> 
     </span>
    </p>
   </div>
   <div class='ocr_carea' id='block_1_119' title="bbox 2116 5535 3457 5611">
    <p class='ocr_par' dir='ltr' id='par_1_119' title="bbox 2116 5535 3457 5611">
     <span class='ocr_line' id='line_1_119' title="bbox 2116 5535 3457 5611; baseline -0.004 -14"><span class='ocrx_word' id='word_1_759' title='bbox 2116 5544 2207 5611; x_wconf 87' lang='lat'>32)</span> <span class='ocrx_word' id='word_1_760' title='bbox 2238 5541 2301 5595; x_wconf 87' lang='lat' dir='ltr'>In</span> <span class='ocrx_word' id='word_1_761' title='bbox 2334 5536 2619 5611; x_wconf 70' lang='lat' dir='ltr'>admonit.</span> <span class='ocrx_word' id='word_1_762' title='bbox 2652 5536 2808 5611; x_wconf 83' lang='lat' dir='ltr'>Actis</span> <span class='ocrx_word' id='word_1_763' title='bbox 2841 5535 3167 5611; x_wconf 65' lang='lat' dir='ltr'>praemissa,</span> <span class='ocrx_word' id='word_1_764' title='bbox 3201 5550 3362 5589; x_wconf 89' lang='lat' dir='ltr'>num.</span> <span class='ocrx_word' id='word_1_765' title='bbox 3398 5535 3457 5591; x_wconf 90' lang='lat'>6.</span> 
     </span>
    </p>
   </div>
   <div class='ocr_carea' id='block_1_120' title="bbox 2093 5543 3108 5686">
    <p class='ocr_par' dir='ltr' id='par_1_120' title="bbox 2093 5543 3108 5686">
     <span class='ocr_line' id='line_1_120' title="bbox 2116 5543 3106 5611; baseline -0.006 -14"><span class='ocrx_word' id='word_1_766' title='bbox 2116 5544 2207 5611; x_wconf 87' lang='lat'>32)</span> <span class='ocrx_word' id='word_1_767' title='bbox 2238 5543 2301 5595; x_wconf 87' lang='lat' dir='ltr'>In</span> <span class='ocrx_word' id='word_1_768' title='bbox 2334 5543 2619 5593; x_wconf 88' lang='lat' dir='ltr'>admonit.</span> <span class='ocrx_word' id='word_1_769' title='bbox 2652 5543 2808 5592; x_wconf 86' lang='lat' dir='ltr'>Actis</span> <span class='ocrx_word' id='word_1_770' title='bbox 2841 5543 3106 5608; x_wconf 65' lang='lat' dir='ltr'>praemiss</span> 
     </span>
     <span class='ocr_line' id='line_1_121' title="bbox 2093 5543 3108 5686; baseline -0.003 -17"><span class='ocrx_word' id='word_1_771' title='bbox 2093 5543 2207 5686; x_wconf 47' lang='lat'>$31.)</span> <span class='ocrx_word' id='word_1_772' title='bbox 2235 5611 2372 5668; x_wconf 85' lang='lat' dir='ltr'>Joel.</span> <span class='ocrx_word' id='word_1_773' title='bbox 2404 5625 2466 5663; x_wconf 88' lang='lat' dir='ltr'>Il.</span> <span class='ocrx_word' id='word_1_774' title='bbox 2498 5609 2587 5678; x_wconf 83' lang='lat'>28,</span> <span class='ocrx_word' id='word_1_775' title='bbox 2624 5612 2683 5663; x_wconf 89' lang='lat' dir='ltr'>ct</span> <span class='ocrx_word' id='word_1_776' title='bbox 2712 5609 2893 5665; x_wconf 85' lang='lat' dir='ltr'>Actor.</span> <span class='ocrx_word' id='word_1_777' title='bbox 2928 5626 2989 5679; x_wconf 80' lang='grc' dir='ltr'>ιι,</span> <span class='ocrx_word' id='word_1_778' title='bbox 3019 5608 3108 5666; x_wconf 78' lang='grc'>47.</span> 
     </span>
    </p>
   </div>
  </div>
