4064 6154
449 346 525 401 79
1596 327 2115 389 DISSERTATIO
2158 327 2701 391 APOLOGETICA
3774 340 3853 399 80

452 475 636 531 Deum
669 468 1034 544 prospexisse
1065 467 1229 522 docet
1275 464 1335 518 in
1387 461 1720 518 novissimis
1769 462 1974 516 diebus
2023 459 2095 513 de
2124 463 2176 528 Α
2209 460 2540 518 novissimis
2573 464 2729 518 hisce
2761 464 2985 534 diebus,
3017 465 3074 519 id
3107 469 3195 520 est
3227 465 3395 521 tertio
3436 466 3694 538 ineunte,
3728 485 3853 525 ma-

449 563 669 636 Spiritu
701 576 808 617 suo
862 555 1211 615 effundendo
1270 553 1326 607 in
1386 567 1620 608 omnem
1679 567 1935 614 carnem,
1988 547 2088 618 qui
2199 550 2289 620 gis
2317 569 2491 620 quam
2526 553 2713 622 primo
2755 558 2857 608 aut
2903 555 3159 609 secundo
3204 555 3416 610 saeculo
3470 557 3848 626 exuberasse,

449 647 1002 723 ejusmodieloquiis
1023 641 1684 714 superinundaret,quaa
1709 639 1886 694 nullis
1910 638 2090 692 haere-
2202 639 2562 694 somniavit?
2611 642 2748 706 Quis
2807 641 2915 698 nisi
2987 642 3243 698 Montani
3292 643 3501 715 spiritu
3551 645 3852 718 abreptus,

449 741 703 797 ticorum
734 734 1006 793 versutiie
1029 731 1332 788 materiam
1352 735 1408 786 et
1435 729 1661 786 semina
1685 727 2094 784 eubministra-
2204 731 2270 781 ut
2300 727 2356 780 id
2388 730 2737 800 ostenderet,
2777 731 2957 785 Joelis
2995 732 3187 787 verbis
3233 733 3449 804 quibus
3493 735 3692 790 futura
3735 735 3856 790 haec

454 833 605 899 rent,
643 832 700 883 et
753 839 957 881 omnes
1007 825 1160 877 retro
1211 819 1619 890 ambiguitates
1659 822 1717 874 et
1766 815 2094 888 parabolas,
2207 816 2542 872 novissimis
2573 819 2779 874 diebus
2804 819 3399 890 Spiritusexuberatio
3422 823 3854 894 praenuntiaba-

457 920 658 989 aperta
686 918 861 984 atque
892 911 1200 984 perspicua
1229 910 1409 964 totius
1438 907 1796 962 Sacramenti
1819 904 2097 976 praedica-
2205 906 2322 971 tur,
2356 923 2500 960 usus
2531 906 2839 977 aliquando
2881 909 3135 965 fuisset?
3179 910 3340 966 Unde
3380 929 3493 967 non
3527 928 3596 968 ea
3624 917 3858 968 tantum

455 1007 612 1061 tione
641 1002 988 1058 discuteret:
1022 1000 1174 1070 quod
1207 999 1428 1053 factum
1454 1013 1580 1051 esse
1626 994 1951 1064 subjungit,
2001 1006 2060 1062 pe

2250 994 2454 1058 atione,
2480 1001 2545 1050 ut
2576 997 2917 1054 Ruinartius
2948 999 3214 1067 credidit,
3238 1000 3348 1055 iste
3378 1004 3581 1056 auctor
3611 1001 3855 1073 culpan-

454 1109 653 1150 novam
675 1090 1023 1164 prophetiam
1042 1088 1108 1143 de
1128 1088 1412 1142 Paracleto
1445 1082 2101 1151 inundantemAdeoque
2211 1085 2322 1138 dus
2372 1090 2460 1138 est
2486 1087 2635 1155 quod
2667 1089 2862 1142 horum
2888 1097 3198 1158 martyrum
3229 1091 3462 1144 visiones
3492 1106 3562 1145 ex
3597 1091 3668 1145 iis
3719 1107 3854 1160 esse,

460 1185 749 1254 quantum
775 1179 914 1235 Novi
943 1175 1297 1234 Testamenti
1324 1175 1455 1230 libri
1490 1173 1679 1244 magis
1709 1175 1910 1244 aperta
1941 1184 2100 1240 pers-
2213 1188 2338 1243 quae
2359 1175 2498 1227 Deus
2513 1190 2616 1245 per
2634 1177 2836 1231 Joelem
2850 1177 3254 1246 repromiscrat,
3269 1179 3686 1234 existimaverit.
3713 1180 3858 1235 Lau-

461 1272 749 1344 Ρίουᾶίίηθ
781 1283 975 1323 rerum
1003 1265 1326 1321 CCBIBSl-ium
1367 1262 1734 1327 Γενθῖαίίοῐιθν
1787 1276 1904 1331 qua
1949 1260 2103 1311 νθὶϐ-
2215 1263 2351 1317 data
2381 1263 2535 1317 enim
2565 1263 2747 1319 Joelis
2794 1267 2964 1321 verba
3012 1267 3083 1321 ad
3130 1267 3344 1336 omnia,
3375 1285 3498 1338 quae
3549 1267 3606 1321 in
3656 1274 3857 1324 nostro

461 1377 554 1416 res
585 1360 784 1431 ﬁguris
813 1355 1084 1428 expositae
1116 1358 1273 1424 sunt,
1311 1351 1596 1425 legalibus
1645 1355 1703 1406 et
1747 1344 2066 1422 prophetici

2259 1355 2585 1407 ‘estamento
2615 1371 2649 1408 a
2671 1358 2783 1409 Deo
2809 1353 3169 1410 charismata
3199 1355 3618 1426 dispensentur
3656 1357 3864 1412 referri

463 1430 766 1522 praestant,
818 1450 1046 1501 tantum
1101 1442 1360 1499 Montani
1418 1440 1755 1513 prophetiae,
1825 1452 1950 1509 quae
2016 1430 2106 1488 vel
2216 1455 2388 1509 posse
2445 1457 2559 1494 non
2595 1441 2809 1496 abnuo.
2843 1442 2951 1496 Sed
2986 1458 3050 1497 eo
3093 1442 3506 1498 montanistam
3549 1460 3612 1498 se
3644 1444 3860 1514 prodit,

463 1538 624 1611 ipsas
653 1533 946 1607 Evangelii
977 1531 1413 1604 ambiguitates,
1457 1536 1512 1585 et
1555 1525 1862 1601 parabolas
1907 1525 2107 1611 aperta
2216 1529 2369 1597 quod
2396 1529 2686 1599 prophetae
2709 1531 2882 1585 verba
2902 1529 3254 1600 adhibuerit,
3270 1532 3339 1586 ad
3359 1533 3641 1602 majorem
3664 1537 3862 1588 osten-

465 1609 644 1682 totius
673 1621 1030 1679 Sacramenti
1062 1619 1468 1692 praedicatione
1501 1617 1929 1681 discusserunt,
1961 1609 2106 1682 ipsis
2217 1617 2467 1671 dendam
2492 1617 2823 1674 novissimis
2846 1619 3051 1675 diebus
3073 1638 3248 1691 quam
3272 1621 3728 1692 praecedentibus
3751 1622 3863 1678 Ec-

464 1731 699 1787 quoque
727 1711 868 1768 Novi
919 1710 1170 1766 Fmderis
1228 1708 1394 1763 libris
1453 1711 1617 1762 erant
1663 1699 2104 1776 anteponenda.
2217 1705 2401 1760 clesiaa
2433 1707 2684 1774 saeculis,
2717 1707 3037 1764 cmlestium
3071 1709 3492 1765 charismatum
3524 1711 3867 1766 exuberatio-

463 1803 647 1867 Quam
687 1802 946 1873 profecto
978 1799 1324 1854 sententiam
1352 1801 1626 1852 Actorum
1661 1793 1934 1848 collector
1969 1803 2108 1860 puu-
2137 1834 2183 1873 η
2219 1809 2360 1847 nem.
2387 1795 2561 1849 Porro
2595 1797 2882 1866 quamvis,
2906 1804 2969 1852 ut
2995 1798 3144 1853 idem
3171 1798 3511 1853 Ruinartius
3533 1799 3862 1871 subjungit,

463 1892 720 1948 cioribus
752 1889 1012 1961 quidem,
1049 1888 1150 1943 sed
1185 1904 1299 1941 non
1334 1886 1530 1940 minus
1562 1881 1852 1954 expressis
1892 1877 2102 1940 verbis,
2138 1877 2184 1899 "
2216 1881 2472 1937 Ecclesia
2505 1883 2787 1938 Fidelium
2821 1885 2976 1940 dicta
3006 1887 3091 1940 νοι
3134 1887 3351 1957 scripta
3400 1886 3551 1942 ίηιρι-
3600 1887 3862 1959 scriptu-

465 1979 810 2048 insinuavit,
841 1994 976 2033 cum
1010 1976 1091 2031 ait
1121 1977 1337 2046 majora
1367 1973 1672 2044 rcputanda
1700 1987 1812 2027 esse
1833 1969 2105 2024 novitiora
2217 1987 2313 2024 ras
2345 1973 2656 2029 canonicas
2687 1975 3030 2046 neutiquam
3064 1976 3440 2046 computarit,
3464 1976 3573 2030 etsi
3606 1993 3719 2030 non
3755 1977 3866 2031 du-

465 2084 715 2144 quazque,
766 2077 828 2122 ut
872 2065 1273 2134 novissimiora,
1322 2063 1619 2119 secundum
1664 2060 2108 2116 exuberationem
2220 2059 2362 2114 bitet
2394 2061 2465 2114 ab
2525 2077 2590 2116 eo
2621 2063 2994 2132 processisse,
3028 2082 3061 2118 a
3093 2081 3207 2135 quo
3242 2063 3340 2118 alii
3389 2065 3606 2120 dantur
3651 2081 3868 2136 genera

465 2161 681 2232 gratiae,
711 2161 846 2223 etc.,
881 2155 936 2209 id
984 2158 1092 2223 est,
1143 2158 1208 2208 ut
1256 2152 1514 2223 loquitur
1558 2149 1972 2213 Tcrtullianus,
2025 2163 2110 2202 se-
2220 2145 2578 2218 linguarum,
2613 2150 2712 2204 alii
2769 2151 3083 2222 prophetiae
3145 2151 3242 2206 alii
3293 2169 3485 2207 sermo
3543 2153 3866 2224 sapientiae,

465 2248 726 2304 cundum
775 2259 974 2298 novam
1024 2241 1364 2314 prophetiam
1425 2239 1491 2294 de
1571 2239 1852 2294 Paracleto
1937 2239 2113 2290 inun-
2223 2235 2352 2290 aliis
2384 2237 2497 2293 alia
2528 2239 2700 2309 dona,
2733 2257 2858 2311 quis
2889 2239 3125 2296 laudato
3151 2239 3329 2296 Joelis
3360 2241 3692 2297 testimonio
3726 2258 3870 2313 pra-

465 2337 708 2392 dantem.
1480 2378 1485 2382 .
2224 2326 2492 2382 nuntiata
2513 2331 2569 2382 et
2591 2328 2882 2400 promissa
2898 2330 3078 2384 fuisse
3099 2335 3322 2385 certum
3345 2335 3451 2396 est,
3469 2336 3727 2386 attamen
3752 2347 3874 2386 non

544 2425 616 2480 II.
660 2419 994 2493 Respondet
1049 2418 1414 2485 Ruinartius,
1474 2417 1628 2490 quod
1673 2414 1942 2488 quamvis
1992 2413 2113 2467 hac
2225 2415 2362 2471 inde
2393 2415 2661 2488 sequitur
2711 2417 2865 2472 idem
2916 2417 3131 2489 pariter
3159 2419 3230 2473 de
3282 2423 3556 2474 Actorum
3589 2419 3876 2490 scriptam

469 2514 647 2570 verba
676 2510 864 2583 primo
895 2513 1133 2580 aspectu
1182 2506 1437 2563 Montani
1485 2523 1710 2562 errores
1761 2519 1965 2576 sapere
2029 2501 2117 2556 vi-
2228 2504 2599 2560 sentiendum
2649 2521 2796 2560 esse.
2832 2507 3107 2572 Quamvis
3154 2506 3308 2562 enim
3360 2523 3550 2578 neque
3589 2505 3881 2574 Ecclesia,

473 2603 764 2665 deantur;
799 2598 847 2654 si
879 2602 1077 2652 tamen
1108 2597 1282 2668 paulo
1322 2597 1652 2652 accuratius
1701 2593 2115 2656 discutiantur,
2230 2610 2421 2664 neque
2459 2593 2773 2666 scriptores
2823 2595 3114 2661 catholici,
3147 2596 3277 2650 novi
3329 2597 3689 2652 Testamenti
3733 2596 3880 2651 cha-

475 2692 624 2747 nihil
655 2694 714 2748 in
749 2692 893 2764 ipsis
919 2688 1224 2757 contineri,
1251 2687 1364 2740 nisi
1386 2685 1771 2741 orthodoxum
1795 2687 1851 2738 et
1873 2679 2005 2736 ﬁdei
2029 2695 2120 2734 ca-
2230 2681 2473 2738 rismata
2501 2687 2558 2738 et
2585 2701 2617 2738 a
2649 2683 2764 2738 Deo
2797 2685 3124 2755 procedere,
3158 2689 3215 2739 et
3247 2684 3481 2740 laudato
3511 2685 3688 2740 Joelis
3718 2686 3886 2741 testi-

478 2781 707 2838 tholicis
741 2782 914 2854 plane
948 2783 1040 2838 77
1075 2793 1421 2835 consonum.
1456 2775 1566 2829 Non
1589 2775 1759 2839 enim,
1785 2771 1996 2842 inquit,
2022 2770 2122 2823 iste
2232 2772 2425 2826 monio
2475 2773 2886 2843 praenuntiata,
2935 2777 2992 2828 et
3039 2773 3322 2843 promissa
3375 2775 3574 2842 fuisse,
3608 2790 3882 2845 unquam

473 2881 664 2927 auctor
691 2873 926 2928 visiones
953 2870 1280 2926 novissimos
1308 2882 1433 2920 cum
1482 2863 1780 2933 Scripturis
1819 2859 2118 2924 canonicis,
2232 2860 2586 2915 dubitarint:
2622 2877 2923 2932 nunquam
2957 2868 3154 2917 tamen
3188 2867 3287 2917 aut
3318 2862 3597 2930 Ecclesia,
3628 2867 3730 2918 aut
3765 2862 3884 2918 ali-

471 2963 535 3015 ut
576 2962 794 3032 putavit
857 2961 1119 3023 Valesius,
1173 2955 1266 3012 sed
1319 2951 1652 3008 solummodo
1697 2966 1829 3006 cum
1874 2951 2076 3003 veterni

2279 2949 2366 3005 uie
2397 2949 2828 3006 Catholicorum
2865 2950 3043 3006 Joelis
3073 2951 3264 3006 verbis
3296 2968 3440 3008 usus
3465 2956 3554 3007 est
3583 2951 3652 3006 ad
3687 2953 3884 3021 majo-

470 3057 784 3120 martyrum
838 3047 1174 3111 visionibus,
1228 3047 1280 3100 et
1339 3040 1771 3098 revelationibus
1819 3045 2118 3108 comparat,
2230 3055 2354 3093 rem
2388 3039 2841 3096 novissimorum
2872 3045 3418 3110 temporum,quam
3447 3039 3884 3112 praeteritorum

473 3139 776 3208 asseritque
823 3153 934 3192 non
990 3135 1201 3190 minori
1246 3131 1588 3187 venerationi
1635 3126 1909 3182 habendas
1984 3139 2118 3191 esse,
2160 3202 2190 3208 _
2233 3126 2502 3184 Ecclesiae
2531 3128 2878 3184 seculorum
2914 3130 3008 3184 78
3035 3129 3360 3184 visionibus
3408 3135 3462 3186 et
3510 3129 3886 3185 revelationi-

474 3240 601 3300 quz
627 3202 729 3281 suo
754 3228 1012 3298 tempore,
1055 3239 1221 3295 quam
1250 3237 1367 3292 quae
1415 3219 1614 3290 priscis
1661 3216 2012 3287 temporibus,
2061 3212 2119 3268 id
2150 3202 2192 3268 C
2230 3217 2342 3271 bus
2376 3219 2804 3274 venerationem
2845 3218 3372 3290 auctoritatemque
3419 3217 3884 3274 conciliandam.

473 3318 552 3373 est
575 3317 756 3388 primo
783 3320 881 3371 aut
907 3313 1140 3370 secundo
1178 3310 1434 3367 Ecclesia:
1481 3306 1704 3372 saeculo,
1752 3306 2114 3375 contigerant.
2300 3307 2401 3360 Est
2445 3308 2681 3376 quidem
2730 3307 2839 3362 hoc
2888 3308 3169 3362 adversus
3215 3309 3513 3374 Actorum,
3565 3314 3628 3362 ut
3677 3307 3879 3377 aiunt,

473 3409 590 3462 [mo
642 3414 698 3462 et
741 3406 1096 3476 aliquatenus
1151 3401 1250 3456 has
1303 3414 1467 3455 novas
1513 3395 1869 3452 revelationes
1916 3393 2120 3464 majori
2231 3395 2665 3466 compilatorem
2720 3396 3133 3468 gravissimum
3184 3397 3628 3468 praejudicium;
3673 3399 3885 3454 nescio

471 3495 656 3551 studio
685 3492 1060 3565 suscipiendas
1088 3506 1201 3547 esse
1229 3489 1387 3552 dicit,
1418 3502 1544 3542 cum
1590 3485 1841 3555 exempla
1886 3497 1946 3537 eo
1995 3480 2116 3551 efﬁ-
2226 3489 2422 3538 tamen
2456 3501 2530 3539 an
2582 3502 2696 3540 non
2741 3485 2976 3557 gravius
3027 3485 3122 3551 sit,
3157 3486 3313 3557 quod
3372 3502 3440 3541 ex
3489 3488 3890 3557 sequentibus

471 3583 690 3639 caciora
717 3585 851 3650 sint,
881 3597 984 3653 quo
1014 3581 1190 3650 magis
1209 3576 1510 3649 prxsentia
1533 3591 1550 3627 :
1580 3579 1701 3628 tum
1730 3571 1945 3640 deinde,
1975 3570 2118 3640 quod
2225 3573 2418 3628 verbis
2445 3574 2754 3628 coniicitur
2805 3579 3238 3646 argumentum.
3291 3574 3383 3629 Sic
3435 3574 3590 3630 enim
3641 3576 3844 3648 pergit
3870 3595 3883 3631 :

471 3673 561 3729 ha":
595 3673 930 3739 novissimae,
964 3670 1196 3724 visiones
1225 3679 1351 3736 qua?
1380 3662 1675 3735 aliquando
1694 3665 1897 3716 veteres
1911 3661 2116 3730 futurae
2231 3684 2252 3711 α
2290 3664 2488 3734 Itaque
2519 3668 2574 3717 et
2605 3679 2731 3733 nos,
2766 3663 2863 3734 qui
2905 3663 3058 3718 sicut
3089 3663 3446 3734 prophetiae,
3479 3664 3561 3719 ita
3611 3669 3667 3719 et
3700 3665 3886 3720 visio-

469 3767 652 3826 erant,
686 3759 878 3830 aliqua
915 3756 1241 3813 auctoritate
1277 3751 1574 3822 fulcienda.)
1598 3751 1791 3815 essent,
1843 3753 1900 3801 ut
1931 3763 1963 3801 (ι
1988 3762 2074 3817 po:

2280 3766 2329 3805 se
2361 3768 2538 3807 novas
2568 3751 2786 3823 pariter
2833 3751 3220 3822 repromissae
3267 3757 3323 3807 et
3378 3752 3786 3824 agnoscimus,
3825 3760 3885 3809 et

470 3849 600 3904 teris
628 3847 1000 3916 crederentur,
1031 3845 1098 3900 id
1123 3847 1309 3915 patere
1331 3844 1413 3896 ait
1440 3856 1508 3896 ex
1537 3839 1724 3895 eadem
1754 3838 1928 3908 ipsius
1979 3851 2115 3890 auc-
2224 3840 2603 3896 honoramus.
2628 3863 2656 3890 »
2690 3841 2818 3896 Haec
2851 3840 3019 3912 plane
3061 3841 3451 3912 peremptoria
3471 3845 3644 3897 sunt:
3682 3858 3890 3915 neque

469 3939 603 3993 toris
632 3942 745 3993 tota
770 3937 1133 4008 pra/"aliane;
1163 3933 1261 3988 ubi
1290 3947 1358 3986 ne
1405 3945 1577 3984 unum
1625 3925 1845 3998 quidem
1891 3924 2116 3980 verbum
2224 3930 2378 3984 enim
2430 3929 2775 3985 clarioribus
2831 3930 3019 3984 verbis
3084 3931 3372 4000 potuisset
3419 3936 3637 3999 auctor,
3693 3948 3889 4003 quam

465 4027 533 4082 de
559 4027 859 4098 Scriptura
885 4040 1058 4082 sacrae
1085 4039 1210 4078 cum
1242 4020 1540 4076 visionibus
1561 4020 1871 4086 martyrum
1890 4030 2112 4084 compa-
2222 4017 2346 4089 ipse
2394 4023 2611 4074 sectam
2672 4019 3062 4090 proﬁteretur,
3101 4035 3418 4090 exponere:
3471 4019 3590 4074 haec
3634 4026 3887 4077 monia-

467 4123 687 4176 ratione
714 4118 964 4173 habetur.
999 4136 1027 4165 ‹‹
1059 4115 1122 4169 Si
1149 4116 1386 4168 vetera»
1412 4109 1594 4178 inquit
1629 4129 1650 4155 ι
1689 4105 1883 4176 ﬁdei...
1931 4119 2112 4158 exem-
2223 4106 2400 4162 nismi
2431 4111 2649 4163 tessera
2678 4111 2839 4175 sunt,
2871 4111 2928 4161 et
2975 4105 3370 4162 montanistiae
3399 4107 3675 4162 doctrinas
3721 4109 3891 4166 clara

462 4214 562 4287 pla
583 4218 872 4284 propterea
927 4207 987 4260 in
1045 4203 1244 4258 litteris
1299 4203 1428 4254 sunt
1483 4197 1740 4287 digesta,‘
1771 4197 1832 4249 ut
1887 4193 2112 4287 lectione
2221 4201 2277 4250 et
2325 4201 2522 4268 aperta
2570 4196 2872 4268 professio.
2925 4196 2985 4250 ld
3039 4195 3196 4250 enim
3237 4194 3557 4252 catholicos
3605 4195 3771 4253 inter
3822 4203 3882 4253 et

464 4282 653 4360 eorum
681 4298 841 4370 quasi
884 4291 1364 4366 reprasentatione
1391 4302 1597 4354 rerum,
1628 4291 1679 4340 et
1706 4284 1844 4338 Deus
1884 4282 2110 4337 honore-
2221 4285 2634 4352 montanistas,
2657 4285 2711 4338 id
2744 4285 3027 4354 temporis
3071 4284 3526 4356 disceptabatur,
3559 4301 3632 4339 an
3685 4303 3892 4353 novae,

463 4400 577 4456 tur,
609 4397 662 4445 et
691 4389 846 4443 homo
876 4386 1236 4454 confortetur,
1267 4393 1365 4432 cur
1392 4391 1503 4430 non
1530 4383 1580 4430 et
1607 4389 1747 4428 nova
1793 4373 2112 4428 documenta
2219 4373 2278 4426 id
2310 4376 2416 4439 est,
2451 4372 2918 4428 extraordinariis
2949 4377 3004 4427 et
3036 4372 3324 4428 inusitatae
3365 4373 3617 4430 visiones
3642 4379 3705 4429 et
3739 4391 3884 4447 pro-

463 4494 614 4551 seque
643 4477 870 4546 utrique
896 4484 1084 4529 causae
1111 4468 1491 4523 convenientia
1518 4471 1570 4519 et
1598 4460 1972 4532 digerantur?
1995 4482 2022 4508 ››
2220 4460 2428 4532 phetiae
2469 4461 2850 4533 agnoscenda
2907 4466 3103 4516 essent
3151 4466 3326 4533 atque
3370 4461 3731 4518 honorandae
3755 4481 3771 4532 ;
3811 4481 3889 4519 an

533 4549 774 4633 Verum,
805 4579 924 4618 non
963 4560 1070 4615 hae
1118 4561 1374 4622 tantum,
1421 4569 1567 4625 quas
1621 4550 1964 4607 Ruinartius
2014 4564 2107 4604 re-
2139 4571 2187 4635 D
2220 4554 2421 4604 contra
2482 4550 2851 4621 repudiandis
2911 4556 3086 4620 atque
3156 4549 3512 4620 abjiciendzs.
3571 4551 3881 4608 Catholici

461 4657 574 4713 fert
599 4653 856 4710 rationes
885 4645 1159 4720 produxit
1189 4649 1410 4711 auctor,
1445 4659 1548 4697 cur
1578 4657 1755 4696 novas
1805 4637 2102 4696 revelatio-
2219 4655 2396 4693 novas
2428 4638 2682 4693 visiones
2720 4643 2776 4693 et
2821 4638 3156 4710 prephetias
3206 4644 3269 4693 ut
3325 4638 3564 4712 maligni
3611 4641 3886 4712 spiritus

461 4761 588 4816 nes,
620 4746 677 4798 et
707 4735 1042 4813 prophetiae
1089 4750 1204 4804 pres
1251 4731 1508 4803 antiquis
1557 4729 1616 4784 in
1668 4729 1852 4800 pretio
1900 4724 2104 4816 haberi
2213 4727 2613 4782 seductionem
2689 4728 3127 4795 aversabantur,
3185 4743 3300 4783 non
3347 4728 3500 4799 quod
3552 4727 3759 4785 nullas
3810 4747 3886 4786 eo

459 4833 670 4899 vellet;
705 4829 805 4886 sed
835 4825 996 4883 illam
1028 4821 1633 4896 potissimum,,quam
1651 4834 1820 4872 nemo
1845 4815 1957 4870 nisi
1982 4830 2101 4869 me-
2209 4821 2472 4888 tempore
2496 4815 2556 4871 in
2586 4815 2840 4870 Ecclesia
2880 4820 3264 4886 agnoscerent
3311 4815 3563 4872 visiones
3617 4821 3676 4870 et
3733 4834 3888 4889 pro-

459 4939 562 4980 rus
592 4924 887 4994 putusque
916 4911 1275 4970 montanista
1321 4908 1635 4975 attulisset,
1689 4911 1746 4960 et
1785 4921 1914 4976 quze
1959 4901 2101 4994 satis
2211 4905 2464 4975 phetias,
2496 4912 2599 4960 aut
2629 4905 2786 4974 quod
2830 4905 3255 4959 charismatum
3287 4905 3510 4960 fontem
3561 4907 3894 4963 exaruisse

457 4992 732 5076 ostendit,
764 5005 960 5078 ipsum
991 4999 1337 5058 novissimae
1360 4995 1759 5060 revelationes,
1785 5008 1900 5046 non
1929 4992 2099 5046 modo
2209 4995 2659 5063 contenderent;
2695 4994 2793 5049 sed
2823 5010 3105 5049 novarum
3135 4993 3426 5049 visionum
3454 4997 3510 5049 et
3539 5010 3703 5050 novae
3743 5013 3895 5068 pro-

455 5108 718 5158 veterum
759 5097 1082 5166 martyrum
1114 5085 1582 5154 revelationibus,
1624 5081 1725 5137 sed
1758 5079 1903 5152 ipsis
1950 5097 2100 5150 quo-
2207 5081 2415 5152 phetiie
2460 5082 2715 5148 nomine,
2765 5082 3052 5149 insolitas,
3104 5087 3168 5137 ut
3215 5081 3353 5151 dixi,
3388 5087 3446 5138 et
3487 5088 3552 5138 ut
3597 5084 3901 5154 loquitur

454 5205 568 5263 que
599 5183 916 5258 Scripturis
947 5177 1268 5243 canonicis,
1301 5173 1662 5247 praetulisse:
1707 5171 1778 5225 ob
1827 5168 2099 5224 exubera-
2209 5171 2362 5241 apud
2413 5171 2729 5226 Eusebium
2779 5171 2890 5240 (24)
2935 5171 3222 5241 Asterius,
3266 5195 3292 5222 «
3352 5171 3562 5228 Praeter
3607 5187 3897 5246 morem,

453 5257 674 5346 tionem,
707 5257 928 5331 scilicet
957 5268 1154 5339 gratiae
1180 5268 1242 5319 in
1290 5265 1494 5318 ultima
1542 5261 1733 5314 saeculi
1785 5259 1960 5329 spatia
2004 5257 2096 5313 de-
2208 5263 2380 5330 atque
2405 5260 2740 5314 institutum
2771 5258 3034 5314 Ecclesia:
3060 5260 3434 5331 amajoribus
3458 5260 3788 5334 traditum,
3828 5270 3897 5319 et

448 5376 615 5434 creta,
649 5362 973 5422 secundum
1000 5353 1180 5412 Joelis
1236 5349 1623 5424 prophetiam.
1677 5347 1890 5418 Ecquis
1938 5349 2095 5403 enim
2206 5349 2483 5403 continua
2504 5349 2777 5419 deinceps
2809 5349 3179 5404 successione
3208 5355 3592 5421 propagatum
3621 5373 3640 5398 ι
3677 5349 3901 5408 iutel-
3959 5417 3961 5426 1

448 5458 541 5514 cui
581 5467 794 5511 sanum
841 5450 997 5503 esset
1049 5445 1244 5513 caput,
1299 5438 1553 5512 Spiritus
1605 5437 1792 5492 sancti
1843 5436 2093 5508 gratiam
2206 5437 2481 5509 ligebant.
2507 5442 2716 5494 Contra
2744 5439 3107 5495 Montanietcc
3139 5455 3318 5495 novas
3349 5439 3523 5496 hasce
3552 5437 3911 5499 revelatio-
3957 5501 3959 5508 ,

522 5596 636 5670 (34)
685 5591 870 5716 Ιῐαιρὰι6
892 5587 955 5642 τὸ
1005 5585 1140 5641 κατὰ
1184 5579 1479 5663 παράδοσιν
1529 5579 1618 5634 καὶ
1683 5576 1818 5633 κατὰ
1883 5575 2148 5656 διαδοχὴν
2210 5573 2407 5635 ἄνωθεν
2483 5586 2580 5650 τῆς
2657 5577 2979 5652 Ἐκκλησίας
3049 5578 3168 5645 ἔθος
3242 5579 3421 5652 δῆθεν.
3485 5582 3608 5639 Lib.
3667 5599 3712 5639 v
3790 5585 3957 5642 Hi»

522 5685 591 5717 ir.
633 5680 757 5717 can.
807 5666 826 5717 ι
875 5702 888 5717 .

451 5677 591 5728 stor.
633 5680 757 5737 cap.
807 5677 888 5717 lo.
