4064 6154
318 367 361 424 8!
1037 361 1190 420 PRO
1236 360 1344 419 SS.
1395 358 1835 428 PERPETUA,
1884 353 2345 416 FELICITATE
2393 356 2490 413 ET
2537 355 2804 416 SOt‘llS.
3545 365 3624 428 82

315 514 378 550 nes
399 500 436 548 et
463 493 770 564 prophetias
804 493 1041 564 plurimi
1080 493 1384 561 faciebant,
1425 489 1862 561 amplecteban-
1893 487 1946 552 Α
1978 486 2088 540 bus
2117 486 2600 541 Montanistarum
2631 485 2868 542 haeresis
2901 489 3272 560 potissimum
3312 499 3622 566 grassaba-

307 593 370 638 tur
391 591 430 637 et
450 583 807 648 honorabant,
835 589 890 636 et
913 582 1066 636 hunc
1093 582 1347 652 primum
1374 599 1489 635 sure
1513 580 1583 633 ab
1608 574 1864 632 Ecclesia

301 673 538 728 secessioni
567 670 811 727 colorem
847 676 1295 742 praetexuerunt,
1331 671 1483 723 unde
1527 668 1703 721 etiam
1738 682 1861 719 sce-

298 763 426 816 lerata
451 761 620 827 factio,
658 765 718 814 ut
761 748 828 814 ex
859 761 1170 830 Serapione
1203 763 1431 814 constat
1479 758 1611 828 (35),
1648 771 1859 810 nomen

294 850 476 921 accepit,
503 855 550 903 et
579 873 600 896 ‹‹
636 849 790 902 Nova
821 850 1126 920 prophetia
1159 849 1458 902 nominata
1490 852 1596 900 est.
1634 870 1654 897 ι
1695 845 1856 909 Quod

289 956 374 995 sua
397 940 527 1010 ipsos
551 942 712 992 sectae
745 955 957 992 nomen
992 937 1294 1002 indidisse,
1347 936 1438 989 his
1471 934 1660 989 verbis
1691 936 1855 988 Aste-

287 1029 381 1082 rius
419 1029 647 1082 Urbanus
697 1027 848 1082 clare
881 1031 938 1081 et
983 1031 1177 1098 aperte
1226 1029 1474 1080 testatur
1520 1023 1671 1095 (36):
1723 1046 1750 1071 «
1785 1023 1856 1077 Et

287 1115 533 1171 Ecclesiam
573 1115 730 1169 illius
782 1115 890 1170 loci
955 1114 1470 1187 deprehendissem
1533 1129 1678 1166 nova
1731 1111 1848 1180 illa,

285 1221 374 1259 non
400 1211 448 1259 ut
474 1205 562 1276 ipsi
591 1204 809 1269 dicunt,
844 1204 1166 1276 pr0pbetia,
1191 1207 1300 1258 etc.
1340 1225 1364 1249 ››
1394 1201 1580 1257 Novas
1612 1201 1854 1272 prophe-

281 1295 383 1363 tias,
420 1299 686 1365 postquam
716 1294 787 1348 ad
818 1294 1205 1348 Montanistas
1235 1291 1470 1362 defecit,
1516 1289 1737 1360 passim
1763 1290 1848 1358 ja-

281 1387 369 1435 ctat
386 1386 430 1436 et
450 1383 692 1452 pradicat
714 1383 1132 1450 Tertullianus,
1160 1381 1310 1435 libro
1335 1381 1404 1435 de
1424 1379 1674 1449 Jejuniis
1697 1379 1845 1450 (37):

280 1492 301 1516 ιι
340 1470 534 1541 Propter
572 1471 673 1526 hoc
719 1489 878 1526 nova;
923 1471 1236 1543 prophetiae
1291 1472 1652 1524 recusantur.
1707 1491 1734 1516 »
1783 1469 1849 1522 Et

278 1559 384 1613 libr.
414 1577 464 1612 ιιι
494 1565 622 1614 cont.
648 1559 922 1615 Marcion.
957 1561 1068 1631 (38)
1095 1577 1106 1615 :
1145 1582 1171 1610 ‹‹
1205 1559 1312 1623 Qui
1344 1558 1497 1629 apud
1532 1558 1704 1612 fidem
1737 1572 1845 1610 no-

281 1653 432 1702 stram
469 1653 544 1702 est
583 1666 723 1704 novae
771 1649 1089 1721 prophetia:
1139 1665 1330 1704 sermo
1378 1650 1645 1702 testatur.
1703 1668 1730 1695 «
1779 1647 1846 1700 Et

282 1736 367 1790 lib.
398 1754 441 1790 iv
479 1737 601 1807 {39):
634 1759 655 1786 ιε
702 1739 885 1802 Quam
931 1737 1300 1793 defendimus
1336 1737 1393 1790 in
1444 1753 1654 1792 caussa
1685 1751 1843 1790 novas

1973 578 2092 642 tur,
2126 574 2181 628 in
2218 575 2561 629 deteriorem
2607 576 2784 629 ferme
2819 584 3039 646 partem
3089 588 3393 652 acceptum
3428 591 3537 650 est,
3569 593 3627 644 et

1973 667 2037 717 ut
2071 662 2282 716 mentis
2314 662 2744 728 alienationem,
2774 665 3047 736 furorem,
3075 671 3512 745 amentiamque
3542 676 3622 732 si-

1970 751 2226 822 gniﬁcat.
2265 751 2427 805 Unde
2460 768 2591 805 cum
2623 769 2688 806 ea
2737 758 3080 824 tempestate
3112 758 3438 818 Catholicos
3473 764 3622 820 inter

1969 844 2024 894 et
2056 839 2460 906 Montanistas,
2495 839 2852 896 Tertulliano
2884 848 3050 909 teste,
3087 846 3509 918 disputaretur,
3543 871 3616 910 an

1968 945 2108 984 vera:
2160 929 2473 1000 prophetia:
2529 929 2743 984 extasis
2805 933 3158 999 conveniret,
3220 938 3613 1000 afﬁrmantem

1966 1018 2297 1090 Opinionem
2331 1017 2718 1087 Montanistze,
2752 1026 3060 1091 negantem
3085 1024 3362 1082 Catholici
3396 1045 3611 1102 propu-

1964 1109 2241 1181 gnabant.
2276 1130 2302 1156 «
2345 1107 2740 1174 Defendimus,
2777 1130 2803 1156 ››
2837 1109 3026 1181 inquit
3047 1113 3440 1172 Tertullianus
3471 1119 3608 1192 (44),

1969 1217 1994 1248 α
2024 1197 2080 1251 in
2110 1213 2283 1251 causa
2316 1212 2473 1251 novae
2518 1196 2858 1268 prepbetiae,
2889 1199 3089 1270 gratiae
3122 1203 3399 1272 exstasin,
3433 1205 3488 1260 id
3521 1212 3612 1264 est

1962 1287 2278 1342 amentiam
2347 1287 2842 1342 convenire........
2893 1289 2963 1343 de
3014 1306 3128 1360 quo
3192 1291 3348 1347 inter
3395 1311 3498 1351 nos
3551 1301 3609 1354 et

1959 1377 2268 1448 Psycbicos
2295 1376 2539 1447 quaastio
2563 1381 2669 1431 est.
2708 1398 2735 1425 »
2769 1378 2912 1433 Hinc
2944 1379 3142 1450 scripti
3167 1379 3354 1437 eidem
3378 1383 3606 1441 Tertul-

1956 1465 2112 1521 liano
2160 1483 2263 1536 pro
2296 1465 2668 1521 Montanistis
2716 1468 2994 1522 adversus
3045 1468 3383 1537 Ecclesium,
3425 1476 3490 1528 ut
3519 1479 3608 1531 est

1958 1555 2110 1626 apud
2142 1555 2556 1627 Hieronymum
2607 1557 2718 1625 (45)
2750 1554 2871 1628 περὶ
2923 1555 3216 1618 ἐκστάσεως
3261 1559 3431 1627 libri;
3467 1579 3603 1618 con-

1955 1647 2046 1699 tra
2077 1660 2207 1698 vero
2258 1644 2526 1708 Miltiadi,
2561 1649 2624 1698 ut
2655 1649 2743 1699 est
2793 1646 2944 1716 apud
2979 1647 3292 1703 Eusebium
3335 1649 3469 1722 (46),
3502 1653 3604 1707 ad-

1952 1749 2158 1788 versus
2193 1734 2425 1788 eosdem
2459 1734 2844 1790 Montanistas
2875 1733 2984 1789 hoc
3006 1735 3197 1801 titulo,
3233 1735 3363 1808 Περὶ
3392 1741 3488 1791 τοῦ
3524 1740 3600 1812 μὴ

283 1825 559 1895 prophetiae.
582 1849 604 1874 η
621 1827 676 1882 Et
699 1826 804 1882 lib.
839 1827 904 1882 de
934 1829 1238 1883 Resurrect.
1271 1827 1459 1883 carnis
1488 1825 1601 1896 (40)
1627 1841 1639 1880 :
1680 1846 1706 1874 «
1737 1825 1836 1878 Per

1955 1818 2063 1875 δεῖν
2096 1823 2384 1897 προφήτην
2415 1819 2466 1874 ἐν
2489 1820 2727 1875 ἐκστάσει
2759 1819 2970 1890 λαλεῖν,
3011 1843 3032 1871 α
3060 1826 3220 1890 Quod
3254 1841 3367 1880 non
3401 1827 3602 1884 deceat

283 1929 449 1968 novam
485 1915 821 1985 prophetiam
881 1917 950 1971 de
998 1915 1294 1971 Paracleto
1357 1915 1761 1970 inundantem.
1811 1934 1841 1962 »

277 2001 544 2057 Firmiliano
575 2005 677 2075 (41)
714 2005 1109 2077 Cataphryges
1143 2009 1298 2074 sunt,
1324 2004 1420 2075 qui
1457 2027 1482 2053 ‹‹
1511 2020 1685 2058 novas
1718 2019 1844 2074 pro-

267 2089 446 2160 phetias
479 2109 747 2164 usurpare
795 2100 1099 2149 conantur.
1136 2116 1163 2142 »
1198 2095 1277 2148 Ex
1325 2110 1439 2164 quo
1473 2093 1644 2147 etiam
1679 2090 1841 2146 intel-

264 2178 469 2250 ligimus,
512 2200 664 2238 novos
712 2200 810 2238 eos
843 2201 874 2238 a
924 2183 1235 2239 Catholicis
1276 2197 1507 2254 quoque
1551 2181 1840 2253 prophetas

260 2266 399 2324 fuisse
425 2271 749 2342 appellatos.
786 2275 918 2338 Qum
951 2290 1083 2327 cum
1118 2273 1198 2326 ita
1229 2271 1364 2341 sint,
1417 2271 1837 2326 montanistam

257 2358 414 2428 utique
440 2359 614 2430 palam
646 2378 712 2415 se
744 2361 934 2431 prodit
975 2365 1030 2416 et
1088 2361 1453 2432 apertissime
1510 2360 1834 2430 profitetur,

255 2447 346 2517 qui,
375 2448 700 2504 ferventibus
732 2468 831 2521 per
851 2467 919 2505 ea
948 2455 1213 2520 tempora
1235 2451 1303 2504 de
1328 2449 1489 2504 novis
1511 2448 1836 2503 visionibus

249 2538 289 2587 et
329 2537 407 2590 79
442 2537 760 2610 prophetiis
807 2539 1132 2594 Catholicos
1164 2540 1315 2593 inter
1344 2545 1400 2593 et
1450 2537 1836 2593 Montanistas

249 2622 472 2692 dissidiis,
505 2644 683 2682 novas
711 2644 773 2682 se
806 2627 1054 2683 visiones
1085 2633 1141 2682 et
1167 2628 1501 2700 prophetias
1523 2642 1835 2698 agnoscere

245 2718 286 2766 et
317 2713 562 2769 honorare
610 2717 814 2788 palam
866 2722 1177 2789 aperteque
1223 2722 1488 2772 testatur.
1531 2717 1833 2771 Neminem

247 2806 359 2856 certe
405 2804 822 2861 Catholicorum
872 2807 954 2860 ita
995 2823 1121 2862 csse
1169 2807 1428 2862 locutum
1479 2807 1701 2862 ostendi
1737 2823 1834 2876 po-

244 2895 356 2945 test:
379 2892 852 2950 Montanistarum
879 2894 977 2950 illa
994 2895 1274 2967 professio
1308 2901 1415 2961 est,
1439 2897 1527 2950 cui
1554 2895 1829 2963 similem,

246 2984 491 3051 postquam
523 2982 712 3053 hujus
734 2989 906 3039 seetse
936 2986 1208 3057 dogmata
1226 2985 1528 3056 amplexus
1560 2989 1665 3052 est,
1698 2985 1832 3038 Ter-

245 3066 469 3125 tulliauus
498 3071 584 3127 bis
615 3073 818 3128 verbis
845 3074 1027 3128 edidit
1057 3076 1165 3145 (42)
1192 3091 1204 3127 :
1241 3098 1266 3122 ‹‹
1302 3075 1442 3128 Nam
1480 3074 1617 3144 quia
1667 3073 1832 3145 spiri-

243 3154 345 3210 talia
369 3159 716 3216 charismata
744 3163 1140 3235 agnoscimus,
1166 3168 1274 3218 etc.
1304 3187 1324 3211 ιι
1356 3165 1438 3218 Ita
1471 3169 1523 3216 et
1553 3168 1826 3218 Actorum

1953 1912 2294 1984 prophetam
2327 1911 2387 1965 in
2419 1912 2632 1967 exstasi
2670 1911 2849 1983 loqui.
2883 1931 2907 1962 ι
2948 1913 3011 1966 In
3045 1929 3221 1981 quem
3251 1915 3486 1970 Eusebii
3520 1916 3599 1972 lo-

1951 2018 2083 2056 cum
2118 2001 2259 2055 scite
2288 2000 2556 2056 Valesius
2588 2002 2892 2056 observat:
2940 2001 3268 2058 Catbolicos
3307 2003 3416 2060 hoc
3445 2021 3595 2077 prte-

1951 2090 2118 2160 cipue
2151 2090 2434 2160 objecisse
2466 2090 2861 2158 Montanistis,
2896 2091 2995 2162 qui
3019 2108 3080 2146 se
3108 2092 3448 2164 prophetico
3481 2095 3598 2167 spi-

1949 2180 2064 2234 ritu
2098 2179 2299 2251 plcnos
2330 2196 2458 2234 esse
2470 2180 2794 2250 jactabant,
2830 2181 2982 2252 quod
3008 2180 3066 2234 in
3098 2181 3311 2237 exstasi
3344 2183 3595 2255 prophe-

1948 2273 2176 2325 tarent:
2210 2285 2344 2323 cum
2395 2273 2610 2335 tamen,
2664 2285 2768 2323 nec
2816 2269 2876 2323 in
2925 2273 3081 2324 Novo
3131 2285 3236 2325 nec
3284 2271 3344 2326 in
3399 2275 3591 2330 Veteri

1949 2359 2348 2422 Testamento,
2384 2357 2698 2429 prophetas
2729 2358 2786 2411 in
2818 2359 3031 2414 exstasi
3066 2376 3326 2431 unquam
3351 2363 3596 2434 prophe-

1946 2451 2101 2502 tasse
2124 2446 2409 2517 legamus.
2437 2447 2834 2518 Ecquisigitur
2855 2451 2973 2502 tam
2997 2448 3190 2504 obesis
3209 2450 3449 2506 naribus
3462 2453 3592 2521 erit,

1947 2537 2037 2590 cui
2071 2553 2181 2590 non
2221 2536 2644 2591 Montanismus
2673 2537 2732 2591 in
2765 2537 3084 2608 praamissis
3106 2538 3377 2594 Auctoris
3408 2542 3592 2597 nostri

1949 2625 2142 2680 verbis
2175 2625 2488 2680 suboleat?
2520 2625 2801 2697 Equidem
2835 2642 2948 2680 non
2980 2643 3048 2682 ea
3088 2627 3229 2681 mihi
3265 2643 3432 2683 mens
3482 2635 3590 2696 est,

1946 2714 2004 2768 in
2026 2732 2257 2770 onmem
2278 2715 2642 2788 scriptorem,
2665 2720 2921 2771 exstases
2943 2715 3095 2771 inter
3116 2716 3214 2772 Dei
3237 2717 3594 2777 charismata

1944 2809 2363 2873 recensentem,
2399 2805 2677 2860 invidiam
2717 2805 3094 2861 Montanismi
3139 2808 3439 2876 conferre;
3475 2825 3589 2866 non

1945 2909 2037 2946 me
2067 2893 2228 2958 latet,
2263 2894 2371 2948 hoc
2403 2911 2615 2948 nomen
2640 2894 2697 2947 in
2731 2895 2966 2961 bonam,
2992 2893 3170 2948 etiam
3202 2895 3273 2950 ab
3306 2895 3591 2962 antiquis-

1943 2981 2110 3036 simis
2142 2982 2435 3048 Patribus,
2469 2983 2570 3036 80
2603 2983 2956 3052 quandoque
3000 2985 3225 3054 partem
3260 2989 3585 3055 acceptum.

1944 3070 2151 3126 Przeler
2180 3075 2494 3126 nocturnas
2509 3071 2767 3139 visionis,
2792 3071 3093 3127 immissas
3107 3071 3370 3144 aSpiritu
3384 3078 3586 3130 sancto

1941 3177 2042 3232 per
2073 3163 2197 3217 dies
2229 3161 2642 3217 innocentibus
2672 3162 2870 3232 pueris
2915 3164 3142 3217 extases
3179 3163 3464 3218 habemus
3491 3179 3586 3218 ex-

239 3245 408 3302 editor:
440 3251 767 3306 «Visiones
791 3269 968 3308 novas
995 3258 1049 3308 et
1069 3253 1405 3324 prephetias
1430 3252 1824 3323 agnoscimus,
1861 3222 1902 3289 Ο
1943 3253 2246 3326 Cypriano,
2281 3252 2340 3306 in
2381 3267 2547 3322 quem
2572 3250 2733 3306 nulla
2765 3251 2867 3306 hac
2890 3251 2961 3305 de
2992 3267 3052 3306 re
3073 3252 3376 3307 transferri
3397 3257 3590 3324 potest

239 3338 279 3385 et
300 3333 636 3396 bonorarnus.
693 3364 724 3389 n
779 3342 974 3413 Atqui,
1024 3343 1348 3397 secundum
1401 3342 1826 3411 Firmilianum,

238 3423 517 3500 Κπὶᾳρυγςε
575 3429 666 3483 illi
709 3429 1099 3502 appellantur,
1151 3431 1249 3501 qui
1287 3447 1462 3485 novas
1495 3431 1830 3502 prophetiae

236 3526 460 3584 usurpare
514 3523 836 3573 conantur.
891 3525 1164 3574 Actorum
1222 3520 1399 3590 igitur
1455 3527 1831 3575 concinnator

236 3601 600 3677 Cataphrygum
649 3622 759 3660 seu
812 3607 1304 3664 Montanistarum
1350 3609 1610 3680 catalogo
1655 3609 1829 3664 eximi

236 3689 357 3744 nulla
382 3695 584 3750 ratione
620 3700 839 3767 potest.

286 3777 521 3851 Tertium,
543 3783 768 3839 etillud
790 3785 963 3839 etiam
981 3787 1391 3857 gravissimum
1413 3794 1826 3859 argumentum

232 3865 421 3924 desumo
449 3889 512 3927 ex
540 3873 809 3945 quadam
842 3875 1260 3943 observatione,
1296 3894 1469 3947 quam
1507 3882 1723 3932 Auctor
1744 3879 1824 3932 fa-

233 3955 287 4006 cit
313 3959 389 4011 ubi
421 3970 609 4017 narrat
641 3964 940 4033 quomodo
991 3964 1274 4036 Perpetua
1304 3967 1371 4021 ad
1404 3967 1826 4022 ferocissimam

229 4059 411 4103 vaccam
442 4068 496 4106 se
530 4069 838 4124 pugnasse
868 4070 981 4107 non
1015 4055 1263 4110 senserit
1296 4056 1442 4127 (’13):
1480 4078 1508 4106 «
1543 4055 1664 4111 Illic
1692 4061 1824 4111 Per-

230 4139 418 4201 petua...
449 4141 613 4209 quasi
648 4158 688 4196 ει
737 4157 943 4196 somno
992 4143 1286 4215 expergita
1333 4145 1518 4215 (adeo,
1567 4168 1586 4194 ιι
1639 4146 1829 4217 inquit

226 4223 409 4292 Auctor,
451 4253 477 4279 ‹‹
524 4231 582 4284 in
637 4230 852 4301 spiritu
903 4237 960 4287 et
992 4232 1046 4286 in
1100 4233 1278 4288 extasi
1329 4235 1536 4305 fuerat)
1577 4235 1826 4290 circum-

227 4312 594 4391 spicerecmpit,
613 4325 679 4374 et
704 4321 1077 4392 stupentibus
1092 4323 1367 4378 omnibus
1381 4324 1490 4379 ait:
1513 4349 1538 4373 ‹‹
1563 4324 1827 4392 Quando,

225 4398 389 4474 inquit,
417 4410 802 4478 producimur
833 4412 902 4465 ad
936 4428 1169 4466 vaccam
1202 4412 1361 4466 illam
1399 4415 1611 4469 nescio.
1643 4438 1669 4464 »
1704 4417 1825 4481 Quo

233 4490 357 4575 enim
381 4494 463 4550 illa
490 4498 830 4554 observatio
880 4501 1149 4572 pertinet,
1190 4523 1214 4554 α
1249 4503 1389 4557 adeo
1441 4503 1500 4557 in
1533 4505 1742 4575 spiritu
1775 4510 1830 4560 et

1941 3359 2126 3414 pravaa
2160 3340 2452 3413 opinionis
2486 3339 2740 3411 suspicio
2773 3340 2922 3410 (47):
2959 3362 2986 3388 «
3032 3340 3242 3394 Practer
3272 3345 3586 3398 nocturnas

1938 3431 2212 3496 visiones,
2249 3447 2348 3501 per
2364 3429 2486 3483 dies
2507 3445 2739 3499 quoque
2759 3427 3035 3499 impletur
3059 3429 3213 3499 apud
3238 3445 3346 3484 nos
3367 3429 3586 3502 Spiritu

1940 3525 2140 3575 sancto
2165 3535 2475 3590 puerorum
2499 3520 2776 3572 innocens
2800 3521 2959 3586 aetas,
2993 3534 3117 3589 quae
3140 3517 3198 3572 in
3231 3518 3414 3574 extasi
3432 3519 3586 3574 videt

1940 3608 2315 3680 compilatore
2350 3607 2494 3662 ratio
2526 3611 2634 3673 est,
2669 3605 2768 3677 qui
2797 3623 2911 3660 non
2944 3609 3009 3660 ut
3037 3605 3360 3678 Cyprianus
3392 3611 3449 3662 et
3487 3607 3585 3663 alii

1940 3699 2213 3769 deinceps
2246 3695 2467 3767 antiqui
2496 3696 2712 3761 Patres,
2739 3696 2956 3750 sedatis
2979 3696 3471 3752 Montanistarum
3497 3702 3584 3752 tu-

1941 3788 2246 3854 multibus,
2281 3787 2378 3842 sed
2431 3785 2814 3857 gliscentibus
2861 3784 2920 3839 in
2963 3784 3086 3840 dies
3137 3785 3486 3841 factionibus
3517 3804 3584 3843 ac

1939 3879 2270 3946 d'scordiis,
2296 3877 2533 3931 laudata
2560 3878 2940 3929 monumenta
2961 3873 3170 3929 litteris
3193 3875 3580 3948 consignavit,

1939 3987 2052 4041 quo
2067 3972 2221 4023 certe
2239 3972 2517 4038 tempore,
2545 3971 2644 4019 aut
2660 3965 2888 4019 nomine
2901 3964 3147 4021 exstasis
3165 3965 3579 4021 abstinendum

1937 4061 2077 4123 erat,
2113 4060 2212 4111 aut
2241 4055 2323 4109 ita
2356 4054 2661 4122 utendum,
2684 4058 2747 4107 ut
2776 4053 2968 4108 omnis
3001 4053 3071 4108 ab
3089 4069 3153 4109 eo
3185 4069 3371 4124 pravae
3404 4053 3582 4126 signi-

1938 4143 2224 4200 ficationis
2254 4143 2491 4211 invidia,
2526 4147 2626 4198 aut
2653 4143 2908 4214 suspicio
2937 4146 3350 4199 removeretur.

2011 4326 2108 4380 IIl.
2145 4325 2307 4381 Nunc
2339 4323 2482 4378 mihi
2519 4323 2871 4380 adoriendus
2897 4326 2985 4378 est
3017 4320 3366 4388 Dodwellus,
3389 4321 3580 4392 cujus,

1940 4419 2004 4470 ut
2027 4417 2153 4486 jam
2183 4413 2319 4481 dixi,
2353 4429 2419 4467 ea
2461 4413 2749 4467 sententia
2779 4416 2886 4483 est,
2935 4413 3209 4466 Actorum
3243 4409 3582 4482 compilato-

1940 4521 2085 4570 rem,
2139 4520 2250 4557 non
2285 4503 2454 4556 modo
2488 4500 2785 4555 catholicae
2819 4499 3274 4566 communionis,
3299 4503 3355 4556 et
3386 4498 3574 4556 alieno

224 4568 274 4631 in
302 4587 478 4640 exstasi
510 4588 732 4653 fuerat,
786 4609 806 4636 ι
846 4589 956 4643 nisi
999 4590 1069 4644 ad
1103 4589 1510 4646 stabiliendum
1543 4594 1828 4648 Montani-
1861 4594 1906 4658 Ι)
1939 4610 1971 4648 a
2001 4592 2374 4647 Montanistis
2423 4589 2601 4644 fuisse
2645 4589 2864 4656 animo,
2914 4589 3014 4644 sed
3046 4589 3222 4644 etiam
3281 4593 3346 4644 ut
3374 4605 3578 4645 eorum

224 4671 405 4726 starum
434 4676 495 4729 de
526 4678 751 4732 exstasi
777 4677 1098 4733 doctrinam
1124 4679 1150 4731 ‘?
1177 4679 1387 4734 Verum
1412 4681 1680 4752 equidem
1715 4689 1821 4754 est,

218 4761 423 4818 exstasis
451 4782 674 4820 nomen
725 4767 781 4819 in
832 4767 1043 4822 bonam
1079 4774 1297 4840 partem
1355 4769 1612 4842 aliquam
1647 4772 1827 4830 fuisse

218 4860 242 4897 a
265 4847 505 4909 Patribus
536 4860 898 4927 usurpatum
929 4874 942 4924 ;
974 4856 1046 4911 iis
1079 4862 1272 4912 tamen
1307 4859 1668 4932 temporibus
1697 4862 1825 4933 qui-

413 5053 520 5126 Ἰςῆς
598 5047 1038 5123 ἐπικαλουμένης
1093 5054 1211 5113 νὲας
1290 5055 1643 5126 προφητείας,
1713 5062 1822 5116 etc.

211 5111 452 5200 Εριζξζζαζ
476 5111 739 5178 Cat-iram
778 5130 831 5178 ct
874 5111 1184 5195 Ponticum,
1201 5111 1364 5199 apud
1388 5111 1823 5200 Euscbd’lib—rv,

210 5194 363 5256 capite
395 5195 477 5246 19.

237 5260 358 5341 ςεββ)
391 5264 484 5341 1-ςαῖ
521 5259 850 5341 negt-aluei)»;
906 5268 1004 5341 τήν
1059 5268 1192 5321 κατὰ
1246 5269 1442 5324 πόντον
1479 5271 1606 5341 (leg.
1639 5271 1826 5334 τόπον)

212 5322 498 5401 Ἐκκλησίαν
568 5336 674 5388 ὑπὸ
728 5344 826 5404 τῆς
887 5337 1003 5398 νέας
1070 5339 1292 5410 ταύτης,
1353 5322 1490 5414 οὐχΧ
1525 5322 1597 5402 (iii;
1677 5343 1826 5398 αὐτοί

210 5417 342 5488 ξαττν.
377 5407 764 5488 ἔραξε-ητεζᾳςλ
811 5415 918 5465 etc.
997 5410 1119 5488 Lib.
1185 5431 1220 5481 ι,
1281 5407 1459 5472 Ἀίιυϊ
1496 5415 1825 5488 (.‘ataprhyg.

210 5473 350 5553 Apud
377 5473 623 5553 Euseb,
656 5473 816 5547 ibid,
849 5499 972 5553 cap.
1010 5485 1094 5538 16.

262 5547 359 5622 1,37)
389 5551 531 5622 Cap-
571 5552 629 5605 1-

264 5617 361 5694 ca
387 5617 531 5694 cap.
568 5622 663 5676 2-5.

387 5623 531 5749 gap.

266 5721 278 5758 ._
437 5709 538 5766 ap.
571 5694 666 5750 22.

1937 4699 2115 4737 novas
2143 4679 2477 4752 prophetias
2509 4678 2634 4733 falsi
2663 4677 3048 4746 convinceret,
3098 4677 3334 4735 laudata
3364 4695 3579 4734 monu-

1936 4773 2134 4827 menta
2164 4769 2464 4826 studuisse
2495 4767 2727 4841 publica
2756 4767 2883 4823 luce
2915 4769 3148 4824 donare.
3196 4769 3354 4824 Hanc
3382 4772 3577 4825 autem

1937 4860 2110 4916 habet
2159 4859 2402 4932 hujusce
2433 4875 2552 4914 suae
2574 4859 2735 4914 mine
2784 4859 3049 4931 profecto
3083 4857 3372 4932 opinionis
3413 4857 3583 4914 ratio-

2105 5058 2119 5130 )
2146 5057 2343 5130 Capite
2369 5057 2598 5130 ultimo.

2106 5126 2122 5202 )
2154 5126 2332 5200 Epist.
2369 5129 2518 5183 inter
2547 5126 2869 5199 Cyprianic.
2899 5127 2990 5182 75.

2108 5203 2122 5268 )
2151 5201 2270 5253 Lib.
2303 5200 2368 5253 de
2397 5200 2603 5254 Anima.
2632 5216 2755 5268 cap.
2792 5199 2875 5252 19.

2105 5277 2118 5341 )

2007 5058 2060 5126 ci

2010 5130 2063 5200 (4

2009 5201 2098 5267 (r2

2008 5274 2097 5342 (is

2011 5340 2123 5414 (is)
2157 5345 2276 5397 Lib.
2313 5361 2384 5406 ιν,
2418 5347 2563 5396 cont.
2598 5343 2878 5402 Marcion”
2909 5340 3133 5414 c_ap_:22.

2009 5408 2118 5484 (45)
2148 5417 2322 5470 Calai.
2361 5415 2418 5468 in
2451 5414 2815 5485 Appollonio,
2847 5417 2902 5466 et
2932 5408 3401 5485 iri—ffertull‘iano.

2015 5480 2122 5554 ξ’ἱίὲ)
2158 5488 2278 5541 Lib.
2310 5504 2362 5554 v,
2395 5480 2519 5555 cap'.
2545 5480 2618 5537 ’17
2661 5501 2727 5539 ex
2764 5482 2975 5538 Asterii
3010 5482 3144 5538 Urb.
3201 5480 3300 5537 lib.
3333 5498 3418 5548 ιιι,
3453 5483 3575 5538 adv.

1943 5560 2034 5613 Cal
2045 5561 2150 5626 dph
2161 5601 2171 5611 .

2012 5625 2123 5699 (ιτ)
2155 5628 2332 5700 Epist.
2373 5628 2454 5695 16,
2484 5625 2557 5680 al.
2597 5627 2680 5680 10.

2151 5199 2270 5253 Lib.
2303 5200 2368 5253 de
2397 5200 2603 5254 Anima.
2632 5216 2755 5270 cap.
2792 5199 2875 5252 19.

2153 5277 2212 5326 In
2251 5273 2407 5326 Actis
2439 5285 2502 5324 n0
2529 5274 2618 5326 2t).
