4064 6154
364 371 440 432 83
1519 331 2040 423 DISSER'I‘ATIO
2087 353 2629 417 APOLOGETICA
3691 361 3765 419 84

367 519 501 560 nem
531 518 544 556 :
584 523 604 551 ο
649 499 963 556 Maximilla
996 499 1066 554 de
1121 514 1181 552 se
1215 495 1574 568 prrcdixerat,
1627 495 1759 564 post
1789 507 1850 546 se
1882 505 2010 561 pro-
2043 487 2098 554 Α
2131 489 2195 540 ut
2227 485 2385 541 illam
2412 502 2513 558 pro
2542 503 2676 540 vera
2700 487 3066 559 prophetissa
3088 487 3378 554 habuerit,
3404 505 3508 544 nec
3531 490 3766 561 proinde

368 590 691 665 pbetissam
725 589 899 644 aliam
946 604 1058 642 non
1099 585 1371 646 futuram,
1408 584 1504 638 sed
1554 579 2010 636 consummatio-

369 695 523 735 nem.
555 678 747 734 Verba
777 677 904 747 ejus
937 675 1088 748 apud
1123 673 1513 744 Epiphanium
1560 669 1659 724 illa
1688 672 1827 724 sunt
1859 666 1968 737 (48)
1997 682 2009 720 :

369 766 496 822 Μετ’
556 764 653 838 ἐμὲ
703 768 974 838 προφῆτις
1035 760 1214 814 οὐκέτι
1273 756 1437 826 ἔσται,
1499 755 1643 811 ἀλλὰ
1713 752 2011 808 συντέλεια.

370 856 489 912 Sub
543 851 768 925 imperii
820 851 996 906 Marci
1048 851 1221 905 finem
1272 846 1588 904 excessisse
1639 842 2012 899 Maxi'nillam

370 941 808 1001 verissillimum
855 944 964 995 est.
996 943 1138 994 Cum
1187 938 1344 994 enim
1395 937 1465 992 ab
1498 936 1624 1006 ejus
1673 949 1908 989 excessu
1943 932 2014 986 ad

374 1046 570 1098 suum,
615 1045 730 1100 quo
782 1028 1092 1091 scribebat,
1145 1043 1362 1082 annum
1414 1041 1596 1080 annos
1644 1041 1725 1078 xu
1775 1022 1894 1078 sive
1921 1038 2018 1075 xiv

375 1119 711 1180 inchoatum
735 1120 1000 1172 numeret
1022 1115 1284 1170 Asterius
1306 1111 1575 1170 Urbanus
1607 1112 1739 1184 (49),
1765 1127 1881 1165 non
1905 1108 2017 1164 alio

376 1208 495 1275 illa,
531 1223 706 1279 quam
761 1206 832 1260 ad
882 1204 1180 1259 Commodi
1227 1202 1538 1274 imperium
1585 1200 1778 1271 aptius
1820 1196 2019 1253 referri

379 1313 570 1371 posse,
623 1295 960 1351 existimant
1009 1291 1240 1347 eruditi.
1309 1295 1518 1346 Contra
1565 1287 1867 1355 Catholici,
1930 1284 2019 1340 vel

380 1385 518 1441 hinc
547 1374 685 1442 illos
709 1381 1024 1454 prophetiae
1070 1385 1381 1452 prastextus
1427 1378 1559 1434 falsi
1598 1375 2022 1433 convincendos

386 1477 614 1547 putant,
647 1473 797 1544 quod
832 1487 948 1527 suae
982 1469 1318 1542 prophetiae,
1351 1468 1439 1523 vel
1470 1485 1537 1524 ex
1567 1467 1852 1532 confesso,
1890 1463 2022 1518 ﬁnis

384 1563 531 1618 foret
551 1561 859 1632 aliquando
883 1559 1252 1624 statuendus,
1283 1574 1481 1613 verum
1513 1555 1880 1629 prophetiam
1903 1568 2028 1624 per-

383 1656 617 1723 petuam
649 1651 792 1717 fore,
824 1654 882 1705 et
912 1649 983 1703 ad
1015 1647 1218 1702 mundi
1245 1662 1431 1717 usque
1461 1643 2025 1701 consummationem

385 1755 584 1812 revera
615 1753 1082 1810 permansuram.
1117 1735 1240 1799 Qua
1258 1735 1696 1791 ratiocinatione
1725 1732 1808 1787 ita
1836 1731 2030 1786 abfue-

387 1834 526 1886 runt
555 1844 588 1883 a
618 1827 901 1898 negandis
945 1841 1185 1881 suorum
1219 1830 1549 1895 temporum
1590 1820 1933 1895 prophetiis,
1967 1823 2031 1874 ut

388 1919 446 1974 in
481 1932 850 1988 quacumque
891 1913 1148 1970 Ecclesia
1178 1930 1293 1969 non
1341 1913 1588 1968 fuissent
1620 1910 1931 1983 prophetae,
1965 1924 2032 1963 ea

392 2024 464 2063 ne
495 2010 649 2062 esset
678 2004 914 2076 quidem
947 2019 1048 2073 pro
1083 2001 1337 2057 Ecclesia
1366 2002 1654 2057 habenda.
1685 2019 1711 2051 ι

462 2097 549 2152 Ita
561 2096 1002 2165 argumentatus
1020 2095 1108 2147 est
1121 2090 1385 2146 Asterius
1398 2090 1667 2146 Urbanus
1679 2091 1792 2161 (50)
1808 2107 1820 2144 :
1839 2113 1866 2140 «
1885 2090 2030 2148 Nam

391 2187 438 2243 si
473 2185 733 2259 quidem,
767 2186 830 2237 ut
861 2181 1197 2253 praedicant,
1237 2184 1369 2251 post
1399 2181 1757 2244 Quadratum
1806 2184 1864 2235 et
1894 2182 2030 2236 Am-

389 2276 569 2332 miam
592 2271 1159 2342 Pbiladelphensem,
1213 2268 1487 2324 mulieres
1517 2268 1631 2323 illae
1683 2270 1936 2326 Montani
1971 2270 2031 2324 in

389 2363 707 2440 prOphetiae
737 2360 987 2434 gratiam
1033 2363 1464 2425 successerunt,
1517 2359 1827 2413 ostendant
1866 2358 2032 2414 nobis

388 2453 630 2525 quinam
660 2449 815 2506 inter
842 2448 1002 2521 ipsos
1021 2451 1290 2502 Montano
1319 2464 1385 2502 ac
1415 2447 1776 2503 mulierculis
1798 2463 2033 2503 succes-

388 2541 591 2600 serint.
625 2539 848 2596 Etenim
879 2537 1193 2610 prOphetiaz
1227 2537 1444 2592 donum
1477 2536 1535 2590 in
1580 2537 1737 2592 omni
1779 2536 2034 2592 Ecclesia

389 2631 462 2690 ad
494 2629 769 2685 ultimum
815 2643 1005 2698 usque
1041 2625 1272 2681 Domini
1329 2626 1642 2681 adventum
1693 2642 2035 2697 permanere

389 2719 600 2776 debere
622 2721 824 2772 auctor
847 2719 935 2770 est
964 2713 1293 2787 Apostolus.
1329 2736 1356 2763 »

459 2807 544 2862 Ad
576 2806 842 2862 eamdem
873 2805 1122 2859 formam
1149 2806 1591 2875 argumentatur
1625 2807 1790 2858 vetus
1812 2803 1909 2859 ille
1939 2821 2036 2859 au-

390 2905 529 2962 ctor,
562 2895 897 2966 quicunque
937 2893 1066 2960 fuit,
1117 2898 1435 2960 martyrum
1484 2896 2034 2964 contemporaneus,

388 2988 663 3045 Actorum
697 2983 989 3053 Perpetuae
1020 2985 1076 3036 et
1099 2981 1430 3035 Felicitatis.
1457 2981 1511 3036 Is
1542 2981 1663 3047 ubi,
1697 2980 1874 3036 allato
1905 2981 2032 3037 Joe-

391 3074 464 3132 lis
493 3072 639 3138 loco,
672 3072 767 3127 81
816 3071 1140 3142 probasset,
1189 3070 1270 3122 ita
1320 3085 1433 3123 non
1465 3070 1710 3124 deficere
1761 3087 1794 3125 a
1825 3069 2034 3126 veteris

389 3160 746 3218 Testamenti
795 3159 924 3214 illas
975 3158 1102 3213 novi
1155 3158 1513 3212 Testamenti
1563 3159 1920 3229 prophetiae,
1973 3163 2037 3214 ut

2125 575 2481 630 Montanista
2501 592 2628 630 esse
2653 576 2862 647 potuit.
2898 577 3245 648 Quanquam
3271 577 3427 633 enim
3451 595 3519 633 ea
3539 579 3766 636 haeresis

2125 667 2326 734 postea
2352 664 2409 717 in
2442 663 2633 720 varias
2664 665 2873 719 deinde
2907 668 3094 720 sectas
3126 665 3440 720 distributa
3489 667 3678 733 fuerit,
3714 670 3764 723 in

2126 767 2190 808 eo
2225 756 2418 807 tamen
2443 769 2647 808 omnes
2670 753 3106 817 conveniebant,
3130 754 3353 824 primas
3377 755 3508 810 illas
3533 756 3764 811 mulier-

2126 840 2288 896 culas
2321 858 2422 912 pro
2447 841 2832 914 prophetissis
2869 843 3047 898 fuisse
3075 845 3495 915 agnoscendas.
3529 845 3769 900 Notetur

2127 931 2404 997 secundo,
2439 934 2502 984 ut
2543 948 2715 986 sensu
2766 931 3188 1003 benignissimo
3243 933 3570 989 Maximillae
3601 936 3772 990 verba

2127 1019 2598 1090 interpretemur,
2633 1025 2689 1074 et
2728 1022 2796 1074 de
2828 1020 3173 1076 mulieribus
3221 1023 3626 1095 prophetissis,
3659 1042 3772 1080 non

2131 1108 2201 1162 de
2221 1107 2360 1163 viris
2389 1109 2687 1180 prophetis
2709 1110 3111 1181 intelligamus
3136 1128 3148 1164 :
3178 1127 3247 1164 ne
3272 1111 3351 1166 ita
3369 1113 3606 1182 quidem
3628 1113 3773 1168 hanc

2131 1196 2528 1268 prmfationem
2554 1215 2586 1252 a
2605 1197 2958 1253 Montanista
2981 1198 3154 1254 scribi
3175 1199 3459 1271 potuisse.
3480 1205 3774 1274 Perpetua:

2133 1286 2287 1340 enim
2312 1285 2695 1358 prophetissae
2718 1287 2969 1342 visiones
2995 1292 3119 1343 erat
3139 1289 3570 1361 complexurus.
3595 1291 3779 1353 Quan-

2136 1391 2310 1446 quam
2336 1379 2558 1430 certum
2583 1377 2678 1443 sit,
2704 1375 2852 1431 hanc
2871 1377 3409 1448 interpretationem
3430 1381 3501 1434 ad
3525 1387 3777 1436 mentem

2137 1462 2469 1518 Maximillae
2492 1465 2918 1520 accommodari
2944 1483 3059 1521 non
3083 1483 3272 1537 posse.
3299 1470 3432 1533 Quae
3455 1468 3632 1535 enim,
3652 1474 3782 1541 post

2138 1569 2201 1608 se
2232 1548 2536 1604 συντέλειαν
2568 1554 2686 1607 fore
2706 1553 2948 1620 dixerat,
2982 1571 3112 1610 eam
3133 1571 3364 1610 omnem
3391 1574 3628 1628 prorsus
3652 1575 3780 1630 pro-

2139 1639 2353 1713 phetiae
2382 1657 2556 1695 usum
2580 1640 2949 1698 exclusuram
2977 1660 3211 1699 necesse
3240 1649 3380 1700 erat.
3412 1645 3625 1718 Tertio,
3649 1664 3776 1703 cum

2139 1729 2247 1784 hac
2277 1728 2406 1801 ipsa
2438 1731 2966 1802 argumentatione,
3001 1736 3133 1787 ante
3161 1749 3345 1789 annos
3375 1735 3446 1788 ad
3473 1735 3781 1791 minimum

2141 1819 2364 1886 decem,
2394 1817 2451 1872 in
2485 1822 2644 1873 secta
2668 1819 2765 1874 illa
2789 1820 3104 1876 refellenda
3133 1838 3278 1877 usus
3313 1823 3499 1878 fuerat
3519 1824 3782 1879 Asterius

2144 1907 2432 1976 Urbanus,
2466 1907 2601 1978 quis
2633 1909 2848 1976 credat,
2881 1911 3083 1965 eadem
3117 1913 3622 1982 argumentatione
3650 1930 3785 1969 usu-

2143 2012 2273 2052 rum
2307 1998 2474 2050 sectas
2506 1999 2815 2067 patronum
2838 1997 2865 2050 ?
2906 2000 3143 2065 Quarto,
3175 1999 3228 2054 id
3282 2000 3454 2056 etiam
3487 2018 3555 2056 ex
3583 2003 3784 2058 eodem

2142 2082 2376 2139 Urbano
2399 2088 2646 2150 constat,
2671 2085 2741 2140 de
2765 2086 2915 2142 facto
2939 2087 3069 2142 illos
3096 2105 3330 2144 omnem
3349 2107 3517 2146 suam
3539 2092 3783 2163 prophe-

2143 2176 2336 2230 tarum
2371 2174 2803 2230 successionem
2835 2176 2892 2230 in
2927 2178 3244 2234 Maximilia
3281 2181 3649 2252 terminasse,
3682 2199 3786 2239 nec

2144 2261 2324 2317 alium
2360 2263 2623 2333 quemvis
2653 2267 2787 2335 post
2816 2264 2978 2321 illam
3011 2267 3322 2324 admisisse
3369 2287 3781 2328 scucessorem.

2143 2352 2357 2406 Eadem
2381 2354 2880 2424 argumentatione
2905 2373 3046 2411 usus
3072 2357 3451 2428 Epiphanius,
3480 2365 3613 2432 post
3632 2361 3786 2418 illius

2144 2441 2368 2496 obitum
2391 2441 2683 2496 neminem
2709 2441 2891 2498 alium
2914 2461 2947 2499 a
2974 2444 3348 2502 Montanistis
3371 2449 3441 2502 ad
3473 2465 3582 2504 sua
3604 2467 3787 2522 usque

2143 2531 2407 2600 tempore
2437 2531 2702 2603 agnitum
2736 2547 2864 2588 esse
2903 2534 3232 2590 confirmat.
3266 2535 3414 2591 Fieri
3465 2537 3643 2609 igitur
3670 2556 3784 2595 non

2143 2624 2356 2692 potest,
2389 2623 2454 2675 ut
2499 2622 2856 2677 montanista
2903 2623 3181 2679 Saturum
3231 2630 3692 2699 Perpetuamque
3725 2630 3786 2684 in

2144 2708 2558 2782 prophetarum
2583 2710 2782 2764 album
2804 2711 3085 2767 retulerit.
3109 2714 3172 2767 Id
3198 2713 3408 2770 saltem
3435 2733 3502 2772 ex
3525 2716 3627 2772 illa
3646 2717 3786 2774 alio-

2144 2814 2276 2852 rum
2308 2798 2814 2870 argumentatione
2861 2802 3140 2856 concedat
3177 2801 3358 2858 lector
3404 2821 3639 2862 necesse
3678 2812 3786 2878 est,

2145 2887 2246 2957 qui
2270 2887 2350 2941 ita
2370 2891 2832 2958 argumentatur,
2858 2906 2972 2944 non
2995 2905 3123 2946 esse
3146 2907 3210 2946 eo
3233 2893 3469 2950 nomine
3499 2911 3602 2966 pro
3625 2913 3786 2950 mon-

2143 2975 2363 3030 tanista
2408 2976 2844 3032 mstimandum.
2879 2979 2993 3035 Nec
3038 2984 3235 3035 tamen
3268 2982 3425 3038 aliud
3469 2985 3788 3055 proferunt,

2145 3064 2244 3134 qui
2273 3063 2438 3118 aliter
2460 3064 2721 3120 sentiunt
2744 3065 2850 3120 viri
2873 3083 3014 3122 sane
3037 3069 3271 3124 eruditi.
3306 3093 3334 3120 »
3364 3072 3490 3127 Haec
3521 3073 3788 3130 Dodwel-

2147 3153 2261 3222 lus,
2295 3170 2417 3224 quae
2446 3158 2644 3210 tamen
2675 3155 2945 3225 quamvis
2972 3158 3214 3227 erudite,
3249 3177 3313 3215 ac
3345 3162 3640 3219 subtiliter
3669 3165 3794 3220 dis-

391 3253 530 3308 sunt
563 3247 756 3320 potius
785 3263 854 3302 ex
893 3247 1133 3302 adverso
1184 3247 1294 3299 sub
1326 3262 1469 3301 novo
1519 3225 2033 3318 Testamento-po-
2068 3225 2110 3293 Ο
2150 3247 2374 3315 putata,
2407 3248 2751 3315 extorquere
2781 3262 2814 3299 a
2854 3261 2946 3300 me
2977 3225 3319 3319 neutiquam
3363 3255 3691 3322 potuerunt,
3728 3259 3798 3310 ut

387 3338 567 3398 tiores
596 3336 1018 3407 exspectandae,
1043 3335 1161 3389 haec
1184 3335 1393 3389 deinde
1421 3335 1726 3406 subjungit
1756 3337 1813 3391 in
1846 3336 2031 3404 illam,

389 3443 562 3498 quam
591 3425 730 3490 dixi,
762 3426 1154 3482 sententiam:
1190 3448 1219 3474 η
1265 3425 1463 3494 Itaque
1489 3429 1546 3480 et
1577 3443 1705 3490 nos,
1752 3426 1850 3496 qui
1885 3425 2071 3482 sicut'

389 3515 724 3588 prophetiae
751 3515 834 3570 ita
863 3519 920 3569 et
950 3514 1204 3570 visiones
1250 3531 1448 3579 novas,
1481 3520 1588 3570 etc.
1630 3537 1650 3563 ι›
1686 3516 1762 3570 Eo
1796 3516 2034 3571 omnino

389 3609 614 3676 spectat
637 3608 760 3658 tota
787 3619 857 3658 ea
901 3603 1242 3674 disputatio,
1277 3620 1348 3657 ne
1379 3605 1567 3658 fraudi
1617 3609 1772 3659 esset
1803 3611 2036 3660 secutu-

390 3693 472 3752 ris
501 3692 845 3757 visionibus,
887 3693 1038 3761 quod
1089 3689 1314 3745 ultimis
1363 3690 1626 3747 Ecclesiae
1674 3694 2036 3762 temporibus

388 3780 520 3844 illas
547 3780 702 3838 Deus
732 3778 984 3836 revelare
1036 3780 1314 3850 dignatus
1361 3781 1458 3849 sit,
1489 3781 1545 3836 id
1597 3797 1669 3836 ne
1718 3788 1892 3849 esset,
1928 3783 2035 3838 hoc

390 3869 501 3928 sibi
532 3869 899 3941 probandum
931 3868 1204 3938 sumpsit,
1247 3868 1472 3925 ultimis
1514 3859 1641 3926 esse
1670 3870 1802 3926 illas
1835 3871 2033 3943 praeci-

389 3975 505 4031 pue
535 3957 916 4029 temporibus,
963 3945 1310 4028 semperque
1353 3959 1422 4013 ad
1473 3960 2030 4015 consommationem

390 4063 578 4120 usque
609 4046 1048 4118 exspectandas.
1073 4050 1345 4101 Poterant
1374 4063 1441 4102 ea
1459 4048 1721 4103 fortassis
1755 4050 2032 4104 adversus

390 4136 653 4192 ethnicos
712 4135 870 4191 dicta
923 4135 1143 4192 videri:
1199 4141 1465 4206 poterant
1518 4139 1693 4193 etiam
1751 4139 2033 4193 adversus

389 4224 791 4281 Montanistas.
825 4227 1034 4279 Contra
1079 4225 1466 4280 Montanistas
1498 4226 1693 4297 potius
1726 4227 1880 4281 dicta
1910 4243 2033 4281 cre-

390 4314 661 4385 diderim,
695 4314 834 4386 quia
865 4330 990 4385 qua:
1023 4313 1266 4380 dixerat,
1299 4330 1364 4369 ea
1393 4315 1828 4385 Scripturarum
1869 4315 2033 4371 testi-

391 4404 587 4470 monio
619 4404 1003 4461 conﬁrmavit.
1055 4403 1115 4458 Id
1150 4419 1288 4458 sane
1338 4403 1716 4459 manifestum
1767 4409 1871 4473 est,
1908 4421 2033 4476 quas

392 4493 487 4552 hic
517 4491 860 4564 protulerat,
903 4509 1032 4548 esse
1061 4493 1214 4563 apud
1264 4509 1403 4547 suos
1450 4491 1510 4547 in
1560 4495 1844 4560 confesso,
1879 4493 2033 4565 quod

395 4597 430 4646 φ.
460 4581 811 4644 Montanista
841 4581 1017 4636 scribi
1048 4581 1286 4636 omnino
1322 4598 1432 4637 non
1466 4587 1713 4653 poterat.
1747 4605 1776 4633 »

463 4693 493 4720 ‹‹
529 4671 784 4726 Novetur
803 4669 958 4724 enim
983 4669 1291 4740 imprimis,
1322 4671 1536 4742 scripta
1558 4688 1684 4728 esse
1707 4674 1777 4728 ab
1801 4678 2037 4728 auctore

395 4776 549 4826 anno
580 4759 746 4815 Dom.
779 4775 911 4825 ccn,
955 4758 1013 4813 id
1061 4764 1149 4814 est
1179 4776 1330 4815 anno
1374 4761 1446 4815 ab
1495 4762 1656 4816 obitu
1706 4762 2035 4818 Maximillae

394 4848 624 4910 circiter
651 4864 790 4902 xxm
811 4865 830 4902 :
861 4847 1182 4903 decessisse
1218 4849 1370 4904 enim
1405 4849 1564 4906 illam
1599 4851 1852 4907 diximus
1884 4869 2035 4907 anno

395 4936 572 4992 Marci
607 4934 837 5002 ultimo,
868 4935 924 4988 id
957 4940 1046 4990 est
1079 4937 1239 4989 Dom.
1272 4952 1507 5001 CLXXIX;
1543 4939 1704 5008 atqui
1736 4956 1803 4994 ea
1833 4938 1881 4995 si
1905 4955 2036 4994 vera

391 5025 600 5081 fuisset
630 5024 1018 5097 prophetissa,
1073 5041 1187 5078 non
1233 5027 1354 5095 jam
1404 5027 1554 5083 alius
1602 5033 1723 5082 erat
1753 5028 2037 5099 propheta

390 5113 835 5186 exspectandus.
881 5113 985 5178 Qui
1019 5113 1198 5185 igitur
1239 5114 1386 5170 alios
1417 5115 1608 5169 adhuc
1659 5115 2035 5186 exspectavit,

390 5219 622 5275 semper
650 5202 1070 5274 exspectandos
1101 5202 1474 5270 existimavit,
1509 5204 1632 5259 ﬁeri
1666 5219 1780 5258 non
1822 5209 2034 5274 potest,

489 5397 575 5468 48)
608 5397 822 5453 Ηωιιθεὶ
854 5413 1047 5463 XLVIII,
1082 5398 1193 5468 §2.

489 5398 575 5468 48)
608 5398 822 5453 Ηωιιθεὶ
854 5413 1047 5463 XLVIII,
1082 5400 1109 5464 §
1137 5398 1193 5450 2.

465 5398 579 5542 l49)
614 5467 1237 5542 ApudEusebniﬂiist.‘
1261 5468 1483 5542 Ecclesv
1517 5471 1764 5542 caple,
1798 5471 1886 5542 Π.

469 5533 580 5630 ςῦο)
638 5533 702 5592 Ei
732 5539 849 5628 ’γὰρ
884 5536 1017 5626 μέτά
1066 5533 1334 5630 Καδράτρν
1380 5533 1476 5592 καὶ
1517 5533 1614 5606 tif:
1658 5539 1708 5594 ἐν
1753 5533 2038 5630 aulaei):-

569 5615 615 5630 ιι
758 5629 761 5630 ,
802 5629 805 5630 ν
904 5610 916 5627 θ
954 5629 961 5630 κ
1452 5611 1464 5626 Ἴ
1527 5613 1578 5630 ιι
1748 5613 1759 5626 \

441 5607 524 5679 εἷᾳ
565 5607 830 5681 "Appiani,
891 5607 965 5687 ὥς
1015 5607 1191 5685 «gmw,
1241 5609 1293 5663 al
1343 5611 1467 5687 περὶ
1526 5607 1803 5667 Μοντανὸεί
1871 5611 2036 5687 διξδέ-

441 5633 524 5679 ειᾳ
574 5633 830 5681 ’Δμμιαη
891 5633 965 5668 (υς
1015 5633 1191 5685 φασιν,
1241 5633 1293 5663 αι
1343 5633 1467 5687 περι
1526 5633 1797 5667 Μοντανον
1871 5633 2036 5668 ΟίΞΟΞ·

399 5633 555 5752 Emito
614 5685 859 5753 γυναῖκες
906 5681 966 5735 τὸ
1014 5683 1347 5758 προφητικὸν
1401 5685 1666 5760 χάρισμα,
1732 5687 1856 5749 τοὺς
1935 5686 2038 5740 ἀπὸ

2147 3331 2262 3386 illis
2293 3349 2601 3388 assensum
2635 3336 3156 3392 accommodarem.
3188 3337 3288 3394 llis
3321 3339 3477 3395 enim
3508 3341 3564 3396 in
3596 3343 3796 3408 rebus,

2146 3421 2596 3494 quibuscumque
2656 3425 2871 3478 nostris
2935 3425 3250 3482 subtilibus
3317 3434 3491 3500 atque
3551 3433 3796 3488 eruditis

2147 3511 2659 3567 observationibus
2694 3513 3000 3582 praevalere
3030 3516 3240 3570 debent
3271 3533 3462 3573 rerum
3496 3527 3796 3589 gestarum

2144 3599 2401 3654 indubia:
2435 3601 2569 3656 fidei
2604 3609 3003 3669 monumenta,
3037 3621 3106 3659 ex
3134 3605 3366 3676 quibus,
3391 3612 3456 3662 ut
3485 3610 3654 3664 modo
3685 3611 3791 3666 82

2145 3690 2470 3753 ostendam,
2528 3691 2837 3746 manifeste
2887 3698 3133 3758 constat,
3189 3694 3334 3749 nihil
3387 3696 3446 3750 in
3513 3702 3632 3753 tota
3680 3699 3795 3755 hac

2144 3778 2429 3834 Dodwelli
2442 3778 2836 3850 disputatione
2857 3781 3050 3837 inesse
3062 3782 3274 3838 virium
3291 3788 3463 3856 atque
3476 3786 3796 3844 soliditatis

2143 3866 2214 3922 ad
2240 3868 2620 3922 montanismi
2645 3868 3040 3940 suspicionem
3059 3871 3130 3927 ab
3153 3878 3387 3930 auctore
3405 3880 3602 3930 nostro
3625 3893 3796 3932 amo-

2142 3954 2420 4012 liendam.

2214 4043 2306 4099 IV.
2338 4046 2442 4101 His
2471 4046 2652 4118 igitur
2677 4047 2909 4104 duobus
2941 4049 3342 4106 fundamentis
3368 4056 3486 4107 tota
3508 4052 3625 4107 haec
3655 4070 3800 4108 eru-

2143 4134 2249 4189 diti
2271 4134 2377 4189 viri
2401 4134 2719 4207 disputatio
2742 4137 2964 4192 nititur.
2992 4138 3208 4208 Primo,
3229 4142 3338 4195 sub
3361 4141 3588 4214 imperii
3613 4142 3802 4200 Marci

2144 4223 2321 4277 ﬁ’nem
2353 4224 2672 4279 excessisse
2705 4225 3104 4293 Maximillam,
3137 4228 3329 4284 tribus
3361 4230 3589 4286 circiter
3618 4248 3684 4286 ac
3715 4234 3807 4288 vi-

2143 4311 2290 4384 ginti
2321 4311 2514 4383 annis,
2538 4319 2847 4386 antequam
2875 4317 3219 4389 martyrium
3253 4322 3538 4390 Perpetua
3558 4325 3614 4375 et
3647 4321 3806 4376 Feli-

2146 4401 2310 4469 citas,
2333 4398 2654 4474 earumque
2667 4403 2806 4458 socii
2823 4405 3106 4462 subirent.
3129 4407 3414 4474 Secundo,
3437 4425 3725 4480 persuasu
3740 4429 3805 4467 In

2145 4490 2326 4545 fuisse
2355 4490 2744 4560 Montanistis,
2780 4493 3006 4548 nullum
3043 4500 3172 4566 post
3199 4496 3534 4554 Maximillze
3564 4499 3810 4558 obitum

2068 4585 2114 4649 Π
2146 4581 2489 4650 prophetam
2514 4581 2799 4644 futurum,
2826 4581 3011 4637 multo
3028 4590 3219 4640 autem
3243 4587 3438 4642 minus
3461 4587 3632 4643 aliam
3660 4597 3818 4660 post.

2145 4684 2273 4723 eam
2307 4669 2711 4740 prophetidem
2735 4674 3211 4742 exspectandam.
3237 4675 3381 4730 Fieri
3410 4677 3651 4748 proinde
3676 4696 3814 4737 non

2145 4774 2340 4830 posse,
2373 4763 2438 4812 ut
2468 4762 2744 4814 Actorum
2771 4761 3042 4832 scriptor,
3069 4763 3167 4834 qui
3197 4764 3470 4820 Saturum
3496 4772 3554 4821 et
3584 4767 3820 4839 Perpe—

2149 4851 2308 4902 tuam
2325 4848 2638 4918 prophetia:
2662 4865 2727 4903 ac
2746 4848 3066 4905 ccclestium
3083 4851 3499 4908 revelationum
3519 4855 3692 4911 donis
3708 4857 3822 4911 in-

2145 4935 2363 5007 signes,
2386 4938 2709 5008 eademqae
2727 4939 3102 5009 charismata,
3127 4942 3196 4996 ad
3221 4945 3825 5004 consummationem

2147 5040 2333 5094 usque
2364 5025 2420 5078 in
2445 5025 2697 5082 Ecclesia
2721 5044 3105 5099 permansura
3128 5031 3392 5098 credidit,
3421 5033 3834 5092 Montanista-

2146 5127 2276 5166 rum
2291 5112 2461 5167 fuerit
2473 5117 2774 5172 erroribus
2789 5117 3074 5173 imbutus.
3101 5119 3241 5173 Mihi
3256 5137 3390 5175 vero
3405 5127 3610 5177 neutru
3622 5139 3682 5178 [ι]
3700 5123 3743 5178 h
3756 5143 3837 5181 o-

2146 5215 2275 5254 rum
2309 5218 2436 5272 quae
2457 5204 2546 5259 vir
2568 5205 2772 5261 doctus
2802 5206 3072 5278 assumit,
3097 5209 3328 5263 admitti
3353 5227 3524 5281 posse
3543 5211 3837 5270 videtur.

2145 5402 2452 5481 ξιξοντανοῐῑζ
2477 5399 2566 5481 xiiii
2611 5404 2717 5455 τῶν
2770 5406 3034 5481 γυὶθαικῶν
3085 5403 3222 5466 τίνες
3273 5413 3396 5481 παρ’
3446 5406 3628 5468 αὐτοῖς
3691 5406 3848 5466 διε-

2149 5468 2382 5540 δέξαντο,
2426 5468 2793 5555 deligitque-av”
2827 5473 2934 5527 δεῖν
2985 5475 3276 5555 γάριεῖναι
3332 5468 3393 5532 tl?)
3451 5484 3844 5555 προφητικὸν

2149 5495 2382 5540 οεςαντο,
2426 5495 2763 5541 augustos-av
2827 5495 2934 5527 οειν
3026 5495 3088 5550 ap
3143 5497 3276 5530 ειναι
3332 5499 3393 5532 το
3451 5495 3844 5555 προφητικὸν

2148 5544 2394 5625 χάρισμᾳ
2452 5543 2502 5625 ἐγ
2535 5543 2702 5625 enim
2859 5495 3157 5625 Ἐλκῖησίᾳ
3213 5549 3375 5625 μέχρι
3426 5559 3523 5622 τῆς
3579 5551 3851 5620 τελείας

2149 5614 2440 5686 παρουσίας
2477 5618 2503 5670 ὁ
2535 5615 2866 5677 ’Λποστίλος
2898 5617 3056 5686 ἀξιοῖ.
