4064 6154
321 340 379 398 85
1070 333 1222 393 PRO
1269 333 1380 393 SS.
1431 331 1872 403 PERPETUA,
1923 330 2384 396 FELICITATE
2432 337 2529 398 ET
2575 342 2846 404 SUCIIS.
3588 358 3666 417 86

320 471 364 524 Et
384 468 436 522 ad
453 463 855 536 primumillud
881 465 1032 534 quod
1053 465 1258 519 attinet
1274 464 1344 518 de
1366 465 1526 518 obitu
1545 461 1894 530 Maximillae,
1926 462 1980 528 Α
2016 462 2189 522 tissas
2222 469 2550 541 agnovisse,
2589 478 2650 527 ut
2683 475 2898 531 mirum
2931 478 3025 545 sit,
3062 481 3167 536 hoc
3200 483 3390 539 virum
3421 485 3660 542 doctum

319 556 532 627 equidem
569 555 687 607 scio
717 553 936 608 multos
969 553 1025 607 in
1057 569 1124 608 ea
1154 553 1369 607 versari
1403 553 1697 624 Opinione,
1731 551 1898 606 illum
2001 552 2216 622 jecisse
2239 557 2533 628 opinionis
2550 579 2668 616 sua:
2694 566 3388 627 fundamentum.Annon
3413 575 3482 628 ad
3503 578 3659 630 Mon-

307 661 402 701 esse
428 644 476 696 in
507 659 719 697 annum
745 643 922 697 Marci
945 641 1216 696 ultimum
1234 643 1899 706 cont‘erendum.b‘ed,ut
2007 643 2258 698 tanistas
2280 647 2568 704 defecerat
2590 652 3007 722 Tertullanius,
3029 675 3159 712 cum
3183 660 3395 716 librum
3418 663 3654 736 scripsit

305 733 411 789 alibi
433 732 643 786 ostendi
666 732 779 800 (51)
811 736 868 785 et
907 730 1260 802 jampridem
1314 731 1571 786 Valesius
1624 731 1894 785 observa-

301 825 363 876 vit
383 824 502 888 (5'2),
530 820 661 874 inde
678 835 880 874 eorum
899 835 1057 874 error
1079 819 1373 888 profluxit,
1397 819 1550 890 quod
1575 818 1892 886 Asterium,

300 911 378 981 qui
405 926 457 964 se
485 908 919 980 quatuordecim
955 908 1124 962 annis
1157 913 1289 978 post
1337 907 1594 964 Montani
1624 912 1680 964 et
1712 907 1890 962 Maxi-

299 1000 441 1054 milla
467 999 698 1066 obitum,
732 996 912 1052 libros
945 1013 1083 1052 suos
1112 997 1420 1067 scripsisse
1438 995 1892 1068 testatur,Apol-

294 1087 431 1143 Ionio
451 1085 807 1141 vetustiorem
837 1101 965 1140 esse
997 1085 1372 1152 crediderint,
1404 1102 1437 1140 a
1459 1102 1572 1156 quo
1597 1085 1888 1142 memoriae

296 1177 548 1248 proditum
577 1179 665 1229 est
694 1174 1088 1245 quadraginta
1127 1174 1298 1229 annis
1329 1179 1644 1244 antequam
1676 1175 1890 1230 scribe-

293 1272 383 1329 ret,
405 1265 724 1319 Montanum
749 1264 1117 1336 prophetiam
1142 1280 1312 1318 suam
1336 1263 1624 1320 invexisse
1655 1265 1788 1334 (53).
1813 1267 1887 1319 At

287 1371 382 1410 non
409 1370 489 1408 res
518 1353 594 1408 ita
647 1369 712 1409 se
761 1351 985 1408 habuit.
1039 1375 1066 1402 «
1114 1351 1358 1420 Etenim,
1407 1374 1436 1403 »
1499 1356 1562 1408 ut
1618 1351 1884 1408 Valesius

286 1444 537 1508 observat,
573 1441 968 1514 uApollonius,
1002 1442 1274 1498 Montano
1305 1441 1498 1498 adhuc
1546 1443 1878 1513 superstite,

281 1549 396 1587 cum
432 1532 639 1587 insanis
687 1531 813 1586 suis
863 1530 1096 1586 vatibus
1132 1530 1398 1586 Priscilla
1428 1536 1485 1586 et
1541 1531 1878 1600 Maximilla,

282 1619 474 1676 librum
502 1637 661 1676 suum
689 1619 1042 1690 composuit,
1077 1625 1138 1675 ut
1159 1636 1227 1676 ex
1256 1619 1348 1676 his
1375 1620 1720 1690 fragmentis
1752 1637 1878 1692 quae

288 1709 486 1781 profert
513 1709 771 1764 Eusebius
801 1707 1051 1779 elicitur,
1084 1709 1259 1780 idque
1301 1725 1415 1764 non
1450 1725 1564 1763 uno
1594 1709 1718 1766 loco
1752 1727 1765 1776 ;
1816 1715 1880 1766 ut

2007 731 2079 824 de
2117 733 2377 790 Anima?
2431 740 2633 793 Annon
2691 743 2763 796 ab
2814 745 2973 799 obitu
3023 749 3352 805 Maximillae
3409 731 3651 824 triginta

2006 819 2187 876 ferme
2217 824 2409 893 annis,
2445 827 2492 880 si
2538 827 2638 884 illa
2686 832 2901 886 Aurelii
2945 835 3152 892 ultimo
3192 840 3461 906 excessit,
3489 819 3648 898 hunc

2003 906 2221 1001 librum
2262 911 2667 973 elucubravit?
2714 923 2771 974 et
2813 925 3008 978 tamen
3052 925 3194 982 alias
3249 943 3312 982 se
3359 927 3462 994 ibi,
3517 935 3651 1001 post

1999 997 2271 1055 insanam
2295 1001 2456 1058 illam
2480 1005 2809 1073 mulierem,
2834 1013 3460 1086 pseudoprophetissas
3473 997 3650 1090 agno-

1999 1103 2160 1176 scere
2190 1090 2497 1159 proﬁtetur
2543 1095 2676 1165 (54).
2729 1120 2756 1146 ‹‹
2796 1099 2896 1154 Est
2943 1100 3114 1156 hodie
3145 1119 3311 1158 soror
3340 1105 3494 1176 apud
3541 1123 3648 1163 nos

1998 1175 2418 1235 revelationum
2450 1181 2807 1242 charismata
2837 1188 3061 1255 sortita,
3095 1207 3243 1261 quas
3289 1191 3346 1246 in
3380 1175 3648 1251 Ecclesia

1994 1262 2150 1320 inter
2178 1267 2474 1326 dominica
2501 1271 2787 1329 solemnia
2816 1291 2920 1347 per
2948 1279 3202 1334 exstasin
3233 1279 3293 1334 in
3315 1280 3525 1352 spiritu
3544 1300 3643 1354 pa-

1993 1353 2160 1421 titur,
2200 1364 2578 1416 conversatur
2625 1379 2760 1419 cum
2792 1366 3040 1437 angelis,
3092 1367 3408 1440 aliquando
3466 1353 3642 1427 etiam

1987 1459 2124 1500 cum
2155 1446 2421 1515 Domino,
2453 1455 2513 1505 et
2541 1451 2710 1519 videt,
2731 1461 2786 1509 et
2815 1454 2979 1510 audit
3000 1460 3389 1528 sacramenta,
3414 1463 3473 1514 et
3493 1476 3640 1531 quo-

1988 1533 2260 1590 rumdam
2274 1538 3160 1613 cordadignoscit,etmedicinas
3171 1547 3642 1606 desiderantibus

1989 1623 2303 1678 submittit.
2334 1626 2466 1682 Jam
2493 1644 2624 1685 vero
2656 1637 2831 1702 prout
2867 1633 3176 1704 Scriptura;
3206 1635 3505 1706 leguntur,
3537 1642 3640 1693 aut

1988 1710 2200 1782 psalmi
2224 1719 2534 1781 canuntur,
2551 1721 2653 1774 aut
2682 1718 3064 1777 allocutiones
3095 1724 3492 1794 proferuntur,
3531 1730 3634 1782 aut

287 1813 410 1854 cum
440 1798 630 1865 (11ιὶκή
661 1798 928 1873 recipiti:
977 1798 1110 1868 ἡμῖν
1173 1796 1374 1851 εἰπάτω
1431 1797 1498 1851 τὰ
1553 1796 1872 1853 κατὰἈλὲ-

295 1884 314 1900 .
379 1882 400 1900 α
543 1886 553 1900 .
617 1884 665 1900 ς,
867 1886 878 1900 .
1001 1886 1011 1900 .
1164 1887 1173 1900 .
1436 1887 1459 1900 ν
1737 1893 1761 1900 -

1987 1800 2299 1900 petitiones
2329 1803 2698 1877 delegantur,
2735 1807 2819 1864 ita
2854 1809 2989 1865 inde
3021 1810 3272 1867 materia
3309 1812 3637 1870 visionibus

290 1882 480 1959 ξανδρον
507 1886 584 1940 τὸν
612 1884 831 1960 λέγοντα
866 1886 1050 1940 ἑαυτὸν
1105 1887 1368 1961 μάρτυρα,
1421 1887 1466 1957 ᾠ
1524 1893 1876 1962 συνεστιᾶται,

290 1976 330 2044 ᾧ
354 1979 691 2048 regnave-Set,
722 1973 812 2028 καὶ
847 1974 990 2045 αὐτῷ
1037 1973 1260 2031 πολλοί.
1312 1977 1379 2031 Et
1419 1976 1590 2047 paulo
1639 1984 1772 2049 post
1809 1980 1881 2034 de

278 2065 450 2121 eodem
478 2065 796 2122 Alexandro
829 2067 1073 2137 loquens
1113 2067 1213 2134 ait,
1246 2065 1304 2118 ὃν
1355 2067 1383 2120 ὁ
1422 2068 1710 2144 προφήτης
1762 2089 1879 2122 συν-

272 2153 380 2206 όντα
407 2152 626 2215 πολλοῖς
660 2151 830 2208 ἔτεσιν
861 2153 1030 2209 ἀνοεῖ.
1063 2157 1143 2210 Ex
1193 2156 1407 2227 quibus
1463 2162 1704 2230 apparet
1749 2174 1877 2214 ver-

266 2243 358 2310 bis,
385 2249 437 2299 et
464 2244 857 2300 Alexandrum
888 2250 944 2300 et
975 2249 1311 2301 Montanum
1357 2246 1552 2318 ipsum
1600 2264 1665 2302 ac
1703 2247 1876 2304 Maxi-

261 2333 454 2388 millam
469 2333 623 2388 adhu
635 2350 664 2388 c
678 2335 914 2404 vixisse,
929 2351 1063 2389 cum
1081 2335 1201 2389 haec
1217 2335 1873 2407 scriberetApollonius.

261 2422 426 2493 Neque
453 2439 581 2478 vero
614 2423 701 2477 ait
722 2423 1066 2494 Apollonius
1089 2425 1481 2496 quadraginta
1511 2443 1696 2482 annos
1716 2427 1879 2482 efﬂu-

255 2513 384 2567 xisse
405 2512 472 2566 ab
487 2511 656 2567 obitu
681 2513 936 2568 Montani
961 2513 1030 2567 ad
1054 2518 1286 2584 tempus
1309 2514 1549 2585 quoista
1561 2515 1874 2584 scribebat;

255 2601 336 2655 sed
363 2600 415 2654 id
445 2607 685 2657 tantum
716 2601 879 2667 dicit,
913 2602 1302 2672 quadraginta
1339 2603 1510 2659 annis
1557 2608 1872 2675 antequam

249 2689 353 2762 ipse
381 2691 444 2746 ad
474 2691 862 2746 scribendum
895 2692 1213 2759 accederet,
1248 2693 1588 2748 Montanum
1623 2696 1872 2764 pseudo-

257 2779 589 2851 prophetiam
631 2797 801 2836 suam
844 2782 1153 2837 invexisse.
1184 2802 1205 2831 ι
1242 2787 1428 2848 Quare
1459 2799 1616 2848 cum,
1668 2786 1872 2839 Severo

249 2869 539 2940 imperante
583 2874 652 2925 et
689 2871 1007 2941 superstite
1056 2871 1248 2925 adhuc
1294 2871 1632 2938 Maximilla,
1689 2873 1872 2928 libros

249 2974 363 3014 suos
411 2959 769 3031 Apollonius
809 2959 1188 3030 elucubrarit,
1233 2966 1586 3016 memoratos
1642 2963 1871 3018 Asterio

245 3049 669 3119 quatuordecim
701 3065 736 3103 a
765 3047 1096 3103 Maximilla:
1118 3048 1278 3103 obitu
1310 3049 1523 3121 quietis
1554 3049 1783 3121 imperii
1814 3055 1872 3105 et

246 3137 472 3193 Ecclesia
502 3138 678 3209 pacis
710 3154 916 3204 annos,
938 3155 970 3192 a
998 3137 1301 3193 Caracallaa
1333 3145 1463 3208 post
1494 3145 1740 3194 mortem
1765 3156 1867 3210 pa-

241 3227 328 3282 tris
353 3227 531 3283 initiis
560 3228 649 3283 ad
680 3226 988 3283 Alexandri
1022 3228 1243 3298 priores
1273 3245 1457 3284 annos
1488 3245 1615 3282 esse
1645 3229 1861 3284 ducen-
1895 3199 1938 3266 δ

238 3315 342 3380 dos,
368 3323 422 3372 et
448 3316 849 3372 Maximillam
876 3333 1028 3372 anno
1060 3317 1290 3372 Domini
1325 3317 1456 3388 plus
1493 3319 1688 3373 minus
1717 3335 1865 3374 ccxn

237 3404 441 3471 abiisse,
474 3407 618 3462 loco
649 3405 922 3476 superius
948 3405 1184 3460 laudato
1214 3406 1629 3462 demonstravi.
1662 3407 1762 3461 His
1788 3408 1867 3461 ita

236 3495 648 3552 animadversis
676 3495 844 3551 facile
875 3500 1158 3550 corruunt
1187 3513 1313 3566 qua:
1347 3495 1683 3551 Dodwellus
1709 3496 1865 3552 falsa:

238 3582 296 3636 de
321 3585 650 3640 Maximillae
680 3585 919 3639 interitu
949 3584 1181 3656 epochaa
1205 3585 1614 3656 superstruxit.
1654 3585 1865 3658 Perpe-

234 3677 369 3728 tuam
397 3675 552 3729 enim
615 3678 789 3744 atque
824 3673 1177 3729 Felicitatem
1211 3690 1363 3729 anno
1395 3691 1548 3741 com,
1579 3675 1689 3730 sub
1740 3676 1867 3746 ipsa

235 3776 355 3830 pene
380 3764 712 3818 Severiana
735 3763 1154 3833 persecutionis
1185 3763 1373 3832 initia,
1401 3769 1680 3834 martyres
1702 3780 1866 3819 occu-

231 3850 418 3918 buisse,
436 3851 872 3908 verosimillina
885 3852 1268 3919 eruditorum,
1285 3869 1430 3921 quos
1445 3853 1597 3908 inter
1633 3859 1688 3908 et
1721 3853 1867 3908 Dod-

231 3941 433 4007 wellus,
460 3941 675 4013 opinio
707 3946 812 3996 est.
867 3941 1026 3997 Unde
1070 3946 1363 4013 Perpetuos
1395 3942 1495 3997 83
1520 3942 1864 4013 martyrium

228 4030 526 4086 Maximilla:
555 4030 866 4086 interitum
891 4031 1061 4086 annis
1087 4031 1157 4086 ad
1183 4031 1380 4087 minus
1402 4033 1602 4087 decem
1626 4048 1866 4103 praeces-

231 4117 328 4171 sit:
358 4122 629 4192 adeoque
659 4121 909 4192 scriptor
945 4120 1302 4176 montanista
1358 4121 1487 4191 ejus
1531 4121 1865 4193 prcphetias

227 4221 516 4276 agnoscere
545 4209 762 4281 potuit,
795 4226 863 4264 ac
893 4209 1176 4275 venerari,
1209 4226 1453 4280 eamque
1502 4215 1564 4264 ut
1612 4210 1865 4282 prophe-

230 4295 410 4352 tissam
437 4299 662 4363 colere,
686 4298 957 4368 quamvis
988 4315 1100 4356 non
1125 4298 1569 4370 ignoraret,imo
1592 4299 1864 4354 etincon-

233 4381 380 4442 casse
402 4405 465 4443 ac
500 4389 760 4444 firmiter
797 4388 1053 4443 crederet
1075 4388 1297 4443 nullam
1326 4393 1458 4460 post
1484 4388 1862 4445 Maximillam

238 4471 340 4527 fore
363 4478 820 4549 prophetissam.

1990 1889 2522 1948 subministrantur
2549 1911 2560 1950 :
2597 1896 2742 1952 forte
2772 1898 2966 1954 nescio
2999 1900 3138 1970 quid
3168 1900 3240 1956 de
3283 1902 3482 1957 anima
3511 1903 3637 1959 dis-

1990 1993 2386 2050 serueramus,
2440 1999 2574 2039 cum
2623 2001 2691 2041 ea
2737 2003 2901 2042 soror
2930 1987 2991 2042 in
3039 1988 3250 2060 spiritu
3291 1995 3462 2046 esset.
3499 1990 3636 2048 Post

1987 2069 2286 2124 transacta
2326 2069 2633 2144 solemnia,
2677 2074 2920 2132 dimissa
2948 2076 3134 2148 plebe,
3167 2094 3283 2150 quo
3328 2095 3438 2134 usu
3488 2079 3637 2137 solet

1989 2156 2160 2212 nobis
2191 2160 2530 2217 renuntiare
2546 2179 2673 2234 quas
2707 2163 2914 2219 viderit
2934 2167 3094 2236 (nam
3112 2171 3169 2222 et
3189 2167 3635 2240 diligentissime

1989 2244 2338 2316 digeruntur
2399 2253 2464 2304 ut
2519 2250 2696 2307 etiam
2759 2253 3123 2325 probentur),
3173 2259 3332 2312 Inter
3402 2263 3633 2328 caetera,

1987 2333 2202 2404 inquit,
2245 2340 2480 2394 ostensa
2500 2344 2590 2394 est
2612 2341 2754 2396 mihi
2785 2342 2982 2399 anima
3010 2344 3408 2416 corporaliter,
3458 2351 3568 2403 etc.
3603 2371 3633 2398 ››

1987 2426 2069 2477 En
2100 2425 2394 2496 egregiam
2424 2432 2557 2498 post
2580 2431 2954 2487 Maximillam
2978 2435 3469 2491 Montanistarum
3500 2453 3632 2508 pro-

1987 2511 2306 2582 phetissam
2332 2515 2344 2569 l
2369 2515 2517 2578 Quid
2543 2519 2695 2589 quod
2719 2519 2779 2574 in
2802 2521 3004 2577 eodem
3026 2522 3175 2578 libro
3189 2525 3304 2595 (55)
3337 2524 3631 2597 Perpetua

1985 2599 2386 2670 revelationes,
2438 2622 2550 2661 non
2596 2607 2795 2664 minus
2845 2627 3022 2682 quam
3074 2612 3372 2669 Passionis
3403 2618 3629 2683 auctor,

1985 2691 2250 2760 agnoscit
2277 2697 2452 2764 atque
2492 2699 2884 2767 commendat,
2946 2701 3206 2772 adeoque
3264 2701 3628 2774 Perpetuam,

1984 2794 2096 2833 non
2133 2779 2328 2835 minus
2349 2799 2524 2854 quam
2565 2788 2840 2842 Actorum
2884 2788 3172 2856 collector,
3206 2790 3266 2845 in
3317 2792 3629 2863 propheta-

1983 2882 2114 2920 rum
2157 2867 2355 2925 album
2407 2873 2771 2930 referendam
2831 2876 3225 2933 existimavit?
3287 2900 3308 2928 ι
3345 2883 3633 2951 Perpetua

1982 2954 2306 3012 fortissima
2363 2966 2584 3032 martyr
2631 2962 2691 3016 in
2733 2963 3079 3020 revelatione
3119 2964 3320 3035 gloria
3349 2967 3628 3038 paradisi,

1983 3042 2140 3117 solos
2193 3044 2310 3101 illic
2360 3055 2776 3122 commartyres
2832 3069 2971 3108 suos
3027 3053 3190 3108 vidit.
3223 3075 3252 3104 »
3312 3059 3379 3109 Et
3433 3059 3629 3112 tamen

1984 3135 2275 3203 Perpetua
2305 3136 2396 3190 vix
2427 3142 2563 3193 nata
2581 3145 2724 3210 erat,
2750 3156 2885 3196 cum
2917 3141 3236 3198 Maximilla
3256 3143 3418 3213 obiit,
3450 3144 3498 3199 si
3518 3146 3628 3201 sub

1976 3228 2206 3299 imperii
2265 3227 2439 3282 Marci
2490 3229 2666 3284 finem
2718 3229 2936 3286 vivere'
2973 3230 3167 3302 desiit,
3201 3249 3354 3288 anno
3407 3233 3629 3291 scilicet

1977 3333 2217 3373 cnxxrx:
2267 3333 2420 3372 anno
2476 3317 2633 3372 enim
2686 3335 2819 3372 ccm
2879 3335 2991 3387 quo
3049 3325 3272 3392 martyr
3328 3321 3622 3394 occubuit,

1975 3422 2251 3463 annorum
2285 3411 2428 3472 erat,
2463 3413 2527 3460 ut
2555 3406 2615 3460 in
2646 3406 2804 3461 Actis
2835 3407 3108 3471 habetur,
3159 3411 3376 3465 circiter
3423 3413 3626 3482 viginu

1975 3496 2230 3551 duorum.
2263 3496 2411 3558 Quid
2444 3495 2617 3550 etiam
2663 3497 2818 3566 quod
2868 3496 2929 3551 in
2963 3499 3164 3553 eodem
3211 3498 3426 3568 pariter
3472 3499 3620 3556 libro

1975 3590 2097 3641 tam
2127 3584 2298 3655 longe
2343 3584 2527 3651 abest,
2562 3589 2627 3639 ut
2683 3586 2900 3653 credat,
2960 3591 3094 3658 post
3138 3591 3503 3657 Montanum,
3565 3594 3623 3645 et

1971 3671 2352 3728 Maximillam
2404 3673 2722 3744 prophetiae
2771 3674 3044 3745 spiritum
3089 3675 3148 3730 in
3178 3676 3434 3732 Ecclesia
3463 3678 3620 3734 defe-

1975 3761 2160 3828 cisse;
2212 3762 2354 3832 quin
2392 3761 2586 3834 potius
2617 3778 2715 3818 eos
2765 3761 2876 3818 sibi
2908 3762 3061 3818 viam
3093 3764 3163 3819 ad
3195 3781 3342 3819 nova
3394 3765 3618 3821 charis-

1978 3855 2135 3908 mata
2165 3850 2545 3922 suscipienda
2566 3852 2866 3923 aperuisse
2881 3851 3195 3924 signiﬁcet,
3219 3853 3535 3924 quieadem
3559 3854 3619 3908 in

1975 3939 2504 4012 pseudoprophetis
2534 3940 2652 3996 illis
2676 3941 3017 4012 neutiquam
3043 3942 3271 3997 fuerant
3293 3943 3617 4013 aspernati;

1974 4035 2031 4083 et
2062 4029 2210 4084 hanc
2243 4035 2579 4100 perpetuam
2607 4035 2782 4102 atque
2824 4029 3253 4087 indeﬁcientem
3286 4030 3618 4087 divinorum

1975 4119 2399 4174 charismatum
2433 4119 2906 4186 redundantiam,
2939 4135 3075 4176 cum
3107 4117 3370 4191 Apostoli
3419 4118 3478 4174 in
3519 4135 3615 4175 eo-

1974 4210 2106 4264 dem
2131 4209 2275 4275 loco,
2310 4211 2434 4264 tum
2476 4207 2616 4263 alibi
2661 4208 2773 4279 (56)
2816 4207 2996 4264 Joelis
3039 4208 3416 4276 testimoniis,
3459 4207 3616 4263 haud

1972 4315 2142 4354 secus
2175 4314 2353 4370 quam
2386 4302 2659 4354 Actorum
2691 4298 2793 4352 84
2822 4297 3073 4370 scriptor
3111 4297 3396 4364 adstruat,
3441 4299 3617 4368 atque

1971 4388 2318 4443 confirmet?
2343 4408 2370 4438 ι(
2402 4387 2546 4442 Nam
2565 4386 2704 4457 quia
2734 4385 3022 4458 spiritalia
3051 4385 3407 4441 charismata
3435 4401 3614 4458 agno-

1971 4476 2214 4544 scimus,
2249 4480 2381 4547 pcst
2408 4476 2690 4531 Joannem
2730 4491 2963 4546 quoque
2999 4473 3367 4547 prophetiam
3398 4473 3617 4530 merui-

302 4561 359 4618 ν.
387 4567 621 4633 Deinde,
668 4567 718 4620 si
752 4567 1106 4622 arbitremur
1135 4583 1270 4622 vera
1299 4584 1427 4623 esse
1443 4584 1570 4638 qua:
1593 4569 1665 4623 de
1693 4568 1865 4624 Maxi-
1895 4571 1940 4636 D
1974 4583 2107 4621 mus
2136 4569 2189 4620 et
2221 4565 2522 4637 consequi.
2566 4564 2634 4618 Et
2662 4565 2836 4619 hodie
2873 4580 3056 4630 soror,
3105 4568 3238 4629 etc.,
3261 4585 3288 4614 ››
3320 4562 3617 4636 relataque

228 4651 388 4708 milia
415 4657 582 4712 obitu
617 4655 958 4711 Dodwellus
995 4656 1228 4725 statuit,
1259 4672 1387 4712 eam
1435 4657 1658 4713 scilicet
1708 4674 1861 4713 anno

218 4742 377 4798 Marci
408 4744 627 4801 ultimo
672 4744 1013 4811 excessisse,
1064 4761 1297 4800 necesse
1341 4745 1594 4816 profecto
1634 4751 1742 4810 est,
1799 4751 1864 4802 ut

217 4830 348 4887 falsa
375 4834 630 4888 omnino
662 4832 780 4888 sint
809 4850 936 4903 quae
969 4834 1224 4888 secundo
1255 4831 1378 4889 loco
1409 4835 1680 4906 traditzde
1704 4835 1860 4890 Mon-

217 4921 568 4977 tanistarurn
605 4923 662 4976 in
692 4921 845 4976 hanc
878 4923 1226 4977 sententiam
1269 4923 1670 4994 consensione,
1705 4924 1858 4995 quod

214 5011 362 5066 nulla
383 5017 526 5082 post
552 5010 936 5066 Maximillam
957 5012 1153 5066 futura
1173 5018 1330 5068 esset
1376 5013 1436 5068 in
1461 5013 1712 5069 Ecclesia
1737 5029 1863 5084 pro-

213 5097 491 5170 phetissa.
534 5100 764 5155 Etenim
800 5104 923 5155 tam
955 5100 1108 5156 clare
1138 5106 1195 5156 et
1231 5106 1427 5172 aperte
1471 5103 1862 5159 demonstrari

207 5198 415 5258 potest,
449 5190 864 5256 Montanistas,
897 5190 1041 5246 alias
1073 5194 1204 5262 post
1222 5189 1593 5246 Maximillam
1617 5192 1686 5264 (si
1733 5193 1861 5263 ejus

212 5278 439 5333 morsin
459 5295 689 5334 annum
721 5278 898 5334 Marci
931 5277 1203 5335 ultimum
1226 5279 1859 5352 conjiciatur)prophe-

270 5515 385 5584 (51)
423 5512 672 5568 Dissert.
695 5515 770 5568 De
800 5514 965 5584 capit.
997 5516 1218 5569 crz’min.
1253 5513 1486 5580 absolv.,
1519 5519 1658 5571 sect.
1687 5520 1739 5570 2.

268 5587 385 5659 (52)
420 5586 754 5659 AnnotLad
783 5587 973 5659 Euseb.
1006 5587 1108 5659 lib.
1146 5605 1197 5652 v,
1233 5603 1358 5659 cap.
1396 5590 1480 5641 18.

269 5657 386 5730 (55)
420 5656 606 5728 Apud
635 5657 870 5729 Euseb.,
901 5657 1010 5715 loc.
1044 5657 1140 5714 cit.

1968 4654 2188 4710 insana:
2217 4653 2366 4710 vatis
2396 4652 2637 4723 visione,
2673 4652 3016 4726 subjungit:
3053 4674 3081 4704 «
3113 4653 3241 4708 Haec
3295 4651 3442 4709 visio
3489 4657 3614 4723 est;

1969 4748 2121 4798 Deus
2151 4743 2340 4813 testis,
2381 4748 2440 4799 et
2468 4740 2783 4815 Apostolus
2813 4742 3235 4798 charismatum
3262 4741 3322 4797 in
3359 4740 3618 4799 Ecclesia

1969 4833 2302 4888 futurorum
2335 4832 2580 4887 idoneus
2613 4849 2879 4904 sponsor.
2917 4854 2939 4882 ι·
2989 4832 3138 4898 Quid
3170 4832 3422 4904 denique
3460 4832 3615 4903 quod

1971 4921 2033 4976 in
2081 4921 2230 4977 libro
2273 4921 2345 4976 de
2381 4919 2632 4992 Jejuniis
2682 4921 2961 4977 adversus
3012 4919 3323 4994 Psychicos
3364 4921 3469 4976 hoc
3514 4935 3614 4976 eos

1972 5011 2211 5066 nomine
2253 5010 2500 5079 vellicat,
2560 5011 2718 5082 quod
2757 5011 2964 5067 divinae
3012 5010 3210 5082 gratias
3240 5006 3612 5065 charismatis

1967 5101 2254 5157 terminos
2303 5100 2743 5168 constituerent,
2797 5117 2902 5156 seu
2930 5100 3104 5171 palos,
3129 5102 3192 5153 ut
3213 5097 3474 5169 loquitur
3497 5107 3614 5152 ter-

1968 5190 2206 5246 minales
2226 5191 2254 5244 ‘I
2275 5190 2440 5255 Quod
2472 5189 2674 5260 utique
2725 5189 2782 5244 in
2831 5189 2991 5261 ipsos
3017 5185 3400 5242 Montanistas
3431 5189 3612 5242 retor-

1971 5279 2137 5352 queri
2202 5278 2363 5335 nullc
2427 5278 2657 5350 negotio
2717 5277 3024 5350 potuisset,
3068 5276 3116 5332 si
3159 5273 3378 5330 eisdem
3417 5275 3614 5349 gratiae

2043 5515 2152 5583 (51)
2179 5514 2314 5585 Cap.
2340 5515 2375 5566 9

2041 5588 2153 5650 (55)
2188 5584 2325 5654 Cap.
2359 5584 2446 5635 59.

2043 5659 2154 5725 (5(3)
2191 5653 2307 5711 Lib.
2346 5656 2642 5709 Resurrect.
2677 5653 2882 5720 carnis,
2919 5653 3028 5710 sub
3059 5654 3161 5719 fin,
