4050 6172
363 306 442 365 87

1511 296 2038 360 DISSERTATIO
2085 296 2629 358 APOLOGETICA

3698 299 3782 360 88

376 437 550 494 donis
580 437 726 491 ﬁnes
755 435 816 489 in
845 434 1164 490 Maximilla
1193 431 1565 505 posuissent:
1601 454 1628 481 ‹‹
1664 432 1766 486 sed
1787 447 2015 500 rursus,

2153 434 2405 506 προφῆτις
2465 427 2644 483 οὗκὲτι
2703 426 2866 498 ἐσται,
2927 429 3061 494 etc.,
3105 429 3366 482 attamen
3409 426 3532 482 fieri
3590 430 3784 500 potuit

369 525 563 598 inquit
594 525 730 596 (57),
780 523 944 595 palos
984 521 1318 577 terminales
1360 521 1539 592 figitis
1590 526 1720 591 Deo,
1765 520 1917 576 sicut
1947 521 2016 575 de

374 613 586 686 gratia,
611 613 692 668 ita
715 613 786 668 de
808 610 1118 683 disciplina
1141 627 1156 678 ;
1179 611 1330 665 sicut
1351 612 1419 665 de
1435 609 1915 676 charismatibus,
1938 608 2020 664 ita

373 704 521 760 etde
567 701 948 765 solemnibus,
1000 703 1065 754 ut
1117 699 1358 770 proinde
1406 699 1596 754 oflicia
1643 698 2016 766 cessaverint,

375 790 878 864 quemadmodum
912 793 969 844 et
1000 787 1278 843 beneficia
1307 789 1455 859 ejus.
1492 809 1519 835 ››

449 882 578 936 Haec
615 893 845 933 mecum
884 877 1159 949 cogitanti
1194 877 1252 931 in
1285 881 1539 932 mentem
1572 877 1731 932 venit
1758 893 1829 931 an
1861 880 2020 932 Mon-

373 967 607 1024 tanistis
638 967 697 1021 in
725 965 918 1021 Africa
940 969 1243 1037 perspecta
1272 965 1470 1019 omnia
1492 965 1635 1018 forte
1672 981 1784 1018 non
1803 968 2020 1031 essent,

374 1074 506 1129 quas
536 1054 859 1110 Maximilla
889 1055 946 1108 in
978 1053 1116 1109 Asia
1144 1053 1380 1108 oracula
1409 1053 1656 1107 fuderat.
1683 1053 1794 1108 Sed
1809 1054 1876 1109 ab
1916 1055 2022 1108 hac

374 1161 468 1202 me
498 1144 848 1215 cogitatione
879 1143 1166 1198 revocavit
1195 1141 1518 1197 Firmiliani
1550 1143 1621 1196 ad
1669 1141 2021 1213 Cyprianum

384 1234 636 1307 epistola.
659 1235 792 1305 (58),
832 1251 900 1289 ex
931 1250 1047 1304 qua
1085 1235 1331 1299 constat,
1373 1230 1546 1286 etiam
1591 1231 1651 1285 in
1690 1230 1848 1295 Asia,
1878 1231 2023 1286 alias

390 1327 524 1396 post
552 1321 926 1377 Maximillam
957 1321 1110 1376 inter
1133 1319 1513 1376 Montanistas
1547 1319 1869 1375 surrexisse
1899 1337 2026 1392 pro-

388 1412 686 1484 phetissas
711 1429 724 1466 :
746 1433 775 1460 ‹‹
791 1415 940 1466 Ante
978 1410 1202 1482 viginti,
1229 1409 1443 1480 inquit,
1468 1409 1689 1465 etduos
1703 1409 1819 1465 fere
1841 1425 2025 1464 annos

379 1501 750 1572 temporibus
776 1503 908 1572 post
936 1499 1332 1554 Alexandrum
1366 1497 1806 1569 imperatorem,
1831 1497 2026 1553 multa:

386 1589 521 1646 istic
550 1589 1011 1645 conﬂictationes
1043 1593 1098 1642 et
1143 1603 1426 1659 pressura
1465 1586 1820 1652 acciderunt,
1851 1586 1940 1642 vel
1968 1587 2028 1641 in

388 1694 702 1733 commune
731 1676 1005 1732 omnibus
1035 1676 1397 1746 hominibus,
1438 1674 1526 1730 vel
1569 1675 1840 1747 privatim
1872 1675 2031 1732 Chri-

388 1765 688 1822 stianis....
725 1766 786 1819 In
819 1764 928 1820 hac
979 1768 1174 1819 autem
1226 1763 1658 1835 perturbatione
1699 1764 2031 1820 constitutis

389 1853 756 1908 fidelibus...
793 1852 1033 1907 emersit
1086 1851 1218 1907 istic
1267 1852 1463 1908 subito
1504 1853 1771 1923 quaedam
1803 1852 2036 1919 mulier,

388 1959 516 2014 quae
547 1941 607 1996 in
639 1941 824 1996 extasi
873 1940 1214 2011 constituta,
1251 1941 1571 2012 propheten
1614 1956 1676 1996 se
1721 1942 2036 2013 praeferret,

387 2034 444 2087 et
464 2029 634 2101 quasi
664 2033 868 2085 sancto
898 2029 1170 2101 Spirititu
1194 2027 1369 2100 plena
1389 2029 1472 2084 sic
1486 2035 1701 2101 ageret.
1726 2029 1812 2085 Ita
1843 2034 2038 2085 autem

389 2118 816 2193 principalium]
857 2118 1277 2173 daemoniorum
1336 2118 1559 2190 impetu
1602 2118 1921 2188 ferebatur,
1975 2123 2042 2174 ut

391 2224 496 2278 per
525 2207 766 2280 longum
795 2211 1032 2279 tempus
1063 2205 1404 2262 sollicitaret
1433 2210 1489 2262 et
1521 2206 1812 2278 deciperet
1843 2208 2042 2262 frater-

396 2295 662 2367 nitatem,
691 2313 757 2352 ac
777 2295 1072 2351 mirabilia
1114 2296 1379 2367 quaedam
1413 2301 1470 2351 et
1500 2300 1837 2366 portentosa
1870 2297 2042 2368 perﬁ-

399 2385 578 2452 ciens,
623 2389 680 2441 et
725 2385 913 2441 facere
955 2402 1018 2440 se
1076 2389 1291 2441 terram
1334 2385 1548 2440 moveri
1581 2383 2039 2457 polliceretur....

397 2473 624 2539 Quibus
655 2473 981 2530 mendaciis
1013 2477 1069 2528 et
1091 2473 1514 2545 jactationibus
1546 2474 1858 2546 subegerat
1881 2490 2042 2528 men-

398 2567 519 2619 tem
560 2561 951 2635 singulorum,
994 2567 1056 2618 ut
1101 2562 1214 2618 sibi
1253 2562 1556 2618 obedirent
1596 2567 1654 2618 et
1693 2579 2043 2635 quocunque

397 2652 760 2724 praeciperet,
811 2669 875 2706 ac
914 2652 1170 2722 duceret,
1217 2655 1602 2723 sequerentur
1650 2652 1864 2707 faceret
1893 2668 2043 2723 quo-

395 2757 508 2812 que
540 2740 846 2796 mulierem
881 2741 1063 2812 illam,
1113 2741 1295 2795 cruda
1342 2740 1554 2811 hieme,
1586 2741 1762 2795 nudis
1795 2741 2040 2812 pedibus

396 2847 498 2902 per
528 2846 765 2901 asperas
797 2831 957 2885 nives
988 2831 1072 2885 ire
1103 2847 1207 2885 nec
1239 2831 1433 2885 vexari
1460 2829 1521 2883 in
1552 2829 1746 2901 aliquo
1777 2835 1878 2884 aut
1909 2830 2038 2885 laedi

395 2917 496 2973 illa
543 2918 946 2985 discursione;
1000 2919 1216 2974 diceret
1265 2920 1460 2984 etiam,
1493 2934 1554 2972 se
1598 2918 1658 2972 in
1689 2919 1951 2973 Judaeam
1983 2924 2039 2974 et

395 3007 856 3079 Hierosolymam
916 3008 1211 3074 festinare,
1285 3008 1510 3077 {ingens
1569 3011 1848 3078 tanquam
1903 3007 2038 3063 inde

2127 522 2146 587 (
2175 523 2231 574 et
2258 519 2316 573 id
2348 517 2825 591 frequentissime
2875 514 3140 571 sectariis
3189 515 3421 585 accidit)
3453 521 3518 572 ut
3547 518 3619 573 ab
3650 518 3777 575 haec

2126 611 2246 662 tam
2281 607 2595 662 manifesta
2625 603 2926 662 mendacia
2945 604 3540 661 animumnoluerint
3569 608 3777 663 adver-

2127 699 2267 761 tere,
2301 699 2402 750 aut
2433 695 2608 751 aliam
2633 694 2953 768 propheten
2973 692 3391 759 intellexerint,
3417 710 3542 764 qua:
3561 713 3777 752 novam

2128 788 2185 839 et
2215 784 2613 855 perfectiorem
2657 783 2982 839 doctrinam
3026 798 3091 836 ac
3136 781 3504 854 disciplinam
3543 783 3786 841 invehe-

2131 876 2215 927 ret
2261 889 2374 943 quo
2405 889 2580 928 sensu
2628 888 2804 927 novos
2851 871 2960 944 ipsi
3013 887 3074 926 se
3125 871 3613 928 Montanistarum
3670 891 3785 946 pa-

2129 961 2394 1016 triarchae
2481 961 2793 1032 prophetas
2874 964 3310 1032 nuncuparunt,
3399 978 3578 1033 quam
3672 980 3788 1019 no-

2129 1066 2259 1104 vam
2309 1049 2526 1121 judicio
2568 1067 2673 1104 suo
2723 1049 3074 1104 inchoarunt
3123 1053 3255 1120 post
3297 1049 3598 1122 Apostolos
3648 1069 3784 1123 pro-

2132 1137 2410 1211 phetiam.
2439 1138 2511 1193 Ut
2552 1143 2620 1192 ut
2657 1137 2750 1207 sit,
2798 1141 2955 1209 patet
2993 1137 3141 1208 jam,
3206 1141 3367 1210 puto,
3414 1139 3785 1196 Dodwellum

2134 1227 2365 1282 infirmo
2423 1227 2692 1282 ’nimium
2776 1227 2882 1281 niti
2956 1225 3214 1296 tibicine,
3294 1244 3430 1282 cum
3506 1231 3787 1285 Actorum

2134 1315 2500 1372 collectorem
2535 1314 3021 1372 Montanistarum
3063 1315 3192 1370 ideo
3250 1315 3510 1388 catalogo
3559 1317 3786 1386 eximit,

2137 1406 2292 1477 quod
2360 1407 2730 1477 Perpetuam,
2818 1408 2948 1475 post
3003 1402 3405 1472 Maximillam,
3463 1405 3788 1478 propheten

2138 1493 2575 1561 existimaverit,
2660 1509 2792 1548 cum
2857 1509 2987 1548 eam
3063 1493 3464 1550 Tertullianus
3549 1511 3789 1567 quoque

2139 1583 2438 1655 professus
2471 1582 2830 1638 montanista
2871 1583 3071 1638 eodem
3119 1581 3243 1638 loco
3292 1599 3358 1638 ac
3402 1598 3646 1640 numero
3688 1585 3791 1640 ha-

2143 1671 2357 1728 buerit.

2215 1760 2308 1815 VI.
2344 1759 2490 1815 Hinc
2520 1763 2739 1828 autem,
2763 1763 2828 1815 ut
2849 1759 3119 1833 superius
3152 1759 3291 1828 dixi,
3322 1760 3648 1833 Basnagius
3673 1763 3788 1832 pri-

2148 1865 2310 1904 mum
2343 1866 2519 1906 suum
2551 1851 2830 1906 adversus
2862 1853 3094 1905 sanctos
3125 1854 3409 1922 martyres
3434 1849 3595 1906 ducit
3623 1867 3792 1924 argu-

2148 1942 2434 1995 mentum.
2470 1960 2498 1988 «
2529 1940 2609 1994 Ex
2631 1940 2926 2008 Actorum,
2951 1939 3163 2010 inquit,
3195 1938 3500 1995 collectore
3546 1955 3682 1996 vero
3710 1940 3794 1996 si-

2150 2026 2398 2084 millima
2429 2027 2598 2083 nobis
2629 2029 2964 2098 conjectura
2985 2028 3266 2096 nascitur,
3289 2027 3634 2099 Perpetuam
3665 2045 3796 2086 eos-

2151 2133 2264 2190 que
2285 2121 2570 2189 martyres
2602 2117 2701 2188 qui
2735 2132 2796 2172 se
2829 2117 3033 2172 mortis
3063 2116 3250 2173 socios
3278 2116 3392 2189 ipsi
3418 2117 3698 2174 addidere
3725 2119 3798 2173 de

2152 2220 2325 2278 grege
2378 2206 2868 2262 montanistarum
2920 2206 3120 2262 fuisse.
3152 2205 3332 2262 Nemo
3364 2223 3506 2263 sane
3563 2205 3800 2262 familiae

2151 2295 2330 2367 hujus
2379 2294 2796 2350 catholicorum
2845 2296 2982 2350 Acta
3019 2298 3341 2368 martyrum
3375 2294 3489 2350 luci
3519 2295 3797 2364 dedisset,

2151 2400 2300 2456 quos
2329 2388 2531 2456 utpote
2560 2383 2870 2456 Psychicos
2904 2383 3262 2455 contemptui
3292 2383 3603 2440 habebant.
3637 2385 3794 2440 Con-

2156 2477 2272 2528 stat
2300 2474 2501 2542 etiam,
2525 2472 2892 2544 Perpetuam,
2925 2471 3305 2543 Felicitatem,
3339 2472 3616 2528 Saturum
3647 2489 3804 2529 eam-

2154 2563 2288 2617 dem
2317 2579 2452 2617 cum
2498 2565 2776 2617 Actorum
2826 2565 3063 2617 auctore
3109 2561 3283 2616 fidem
3317 2561 3594 2633 proﬁteri,
3641 2570 3702 2617 ut
3734 2579 3805 2618 ex

2148 2651 2338 2706 verbis
2367 2650 2552 2722 ipsius
2581 2650 2943 2721 exploratum
2965 2654 3090 2706 est:
3121 2669 3149 2700 ιι
3186 2651 3255 2705 Et
3284 2667 3390 2706 nos
3411 2651 3610 2722 itaque
3639 2653 3802 2723 quod

2149 2739 2477 2794 audivimus
2492 2743 2548 2794 et
2570 2739 3078 2808 contrectavimus,
3095 2739 3519 2796 annuntiamus
3531 2747 3585 2795 et
3609 2740 3777 2797 vobis
3791 2785 3804 2807 ,

2146 2827 2355 2885 fratres
2385 2832 2441 2883 et
2470 2827 2653 2896 ﬁlioli,
2704 2831 2768 2882 ut
2814 2831 2870 2882 et
2915 2843 3018 2882 vos
3063 2827 3160 2899 qui
3191 2827 3560 2896 interfuistis,
3594 2844 3794 2884 reme-

2149 2917 2456 2978 moremini
2487 2916 2681 2989 gloriae
2727 2916 2989 2972 Domini:
3032 2921 3090 2972 et
3119 2917 3217 2988 qui
3258 2934 3414 2972 nunc
3439 2919 3806 2990 cognoscitis

2147 3025 2249 3080 per
2265 3007 2556 3073 auditum,
2587 3010 3061 3062 communionem
3105 3005 3370 3062 habeatis
3400 3023 3533 3062 cum
3565 3008 3798 3063 sanctis

392 3096 666 3160 venisset,
713 3100 819 3150 etc.
845 3119 870 3144 υ
907 3097 1037 3150 Haec
1067 3096 1196 3150 ideo
1231 3095 1342 3149 lato
1377 3095 1600 3151 calamo
1644 3096 1943 3167 exscripsi,
1973 3101 2038 3151 ut
2147 3096 2521 3169 martyribus.
2551 3118 2580 3146 »
2629 3096 2802 3166 Atqui
2835 3095 3109 3150 collector
3147 3098 3423 3151 Actorum
3468 3112 3575 3152 suo
3606 3112 3670 3152 se
3705 3097 3804 3151 in-

397 3183 670 3253 quisquis
742 3183 1072 3253 intelligat,‘
1111 3200 1284 3253 quam
1339 3185 1603 3254 egregias
1661 3183 2040 3253 Montanistze,
2077 3169 2120 3238 Ο
2158 3186 2309 3242 dicio
2330 3185 2751 3240 montanistam
2776 3183 2988 3256 prodit.
3021 3183 3240 3239 Deinde
3269 3183 3667 3240 Tertullianus
3701 3186 3807 3242 Ca-

399 3272 658 3326 etiamin
691 3271 846 3337 Asia,
885 3276 1015 3343 post
1039 3271 1415 3325 Maximillam
1449 3273 1760 3326 habuerint
1789 3273 2044 3344 prophe-

400 3363 599 3416 tissas.
635 3361 785 3416 Sane
817 3361 864 3416 si
894 3367 1154 3432 tempora
1184 3362 1573 3424 convenirent.
1607 3363 1757 3418 hanc
1790 3381 1820 3417 ο
1843 3364 2044 3420 mnino

404 3450 593 3522 ipsam
625 3466 754 3506 esse
780 3452 1043 3507 crederes
1059 3451 1458 3520 Maximillam,
1492 3452 1635 3507 adeo
1657 3451 1714 3506 in
1739 3453 1900 3508 illam
1922 3469 2045 3508 om-

405 3539 509 3593 nia
528 3540 858 3606 concinant,
884 3557 1011 3610 quae
1039 3541 1110 3594 de
1137 3540 1454 3594 Maximilla
1475 3559 1540 3596 ex
1561 3542 1790 3597 Asterio
1817 3542 2046 3598 Urbano

403 3633 460 3682 et
489 3626 620 3681 aliis
651 3627 1038 3695 scriptoribus
1091 3628 1378 3682 Eusebius
1421 3630 1612 3683 refert.
1666 3630 1807 3683 Nam
1843 3636 2049 3701 praeter

399 3715 527 3784 jam
561 3713 736 3780 dicta,
769 3719 826 3769 et
856 3714 1164 3786 utriusque
1187 3716 1460 3786 spiritum
1484 3733 1794 3788 coarguere
1827 3723 1884 3774 et
1913 3736 2050 3773 con-

409 3803 600 3857 futare
617 3801 895 3857 Calholici
910 3803 1170 3874 aggressi
1188 3809 1353 3871 sunt;
1379 3808 1434 3859 et
1456 3804 1608 3858 sicut
1628 3805 1965 3872 Maximilla,
1988 3812 2053 3862 ut

409 3890 490 3946 ait
517 3890 914 3947 Tertullianus
947 3893 1058 3963 (59)
1083 3916 1102 3940 ι
1141 3910 1254 3947 non
1289 3893 1468 3947 alium
1496 3898 1674 3948 Deum
1699 3895 2053 3965 praedicabat

411 3996 518 4035 nec
563 3979 822 4051 aliquam
862 4002 890 4031 »
917 3981 1182 4051 ejusdem
1209 3980 1554 4036 Tertulliani
1603 3984 1839 4054 judicio,
1865 4006 1893 4035 «
1919 3985 2053 4040 fidei

412 4074 514 4125 aut
557 4070 680 4140 spei
727 4069 986 4142 regulam
1019 4069 1330 4136 evertebat,
1367 4093 1392 4120 »
1425 4071 1502 4126 ita
1531 4072 1662 4140 ista,
1698 4096 1726 4123 «
1760 4073 2052 4143 multos,»

412 4163 479 4213 ut
507 4162 596 4213 est
635 4158 789 4229 apud
833 4157 1259 4229 Firmilianum,
1311 4159 1641 4230 baptizavit,
1690 4183 1717 4210 «
1754 4161 1970 4216 usitata
2000 4166 2057 4216 et

410 4246 674 4319 legitima
704 4247 876 4302 verba
906 4246 1379 4319 interrogationis
1411 4265 1725 4319 usurpans,
1760 4254 1824 4304 ut
1853 4249 1933 4304 nil
1968 4251 2055 4305 di-

413 4351 682 4407 screpare
735 4335 809 4390 ab
853 4334 1250 4392 ecclesiastica
1309 4335 1511 4408 regula
1557 4337 1872 4392 videretur.
1913 4360 1940 4388 »
1993 4339 2059 4394 Et

413 4423 586 4496 paulo
607 4433 737 4481 ante
759 4426 829 4481 de
844 4425 1046 4480 eadem
1067 4426 1162 4482 85
1193 4425 1409 4481 femina
1437 4426 1676 4495 dixerat,
1705 4450 1730 4475 «
1752 4427 1928 4482 etiam
1949 4427 2058 4482 hoc

2153 3273 2386 3330 tholicis
2417 3273 2875 3338 infensissimus,
2899 3273 3277 3345 Montanique
3309 3273 3577 3330 defensor
3591 3275 3804 3329 acerri-

2157 3379 2310 3431 mus,
2344 3362 2575 3434 magnis
2599 3361 2943 3432 Perpetuam
2988 3360 3264 3416 laudibus
3303 3361 3504 3427 afﬁcit,
3551 3362 3800 3433 ejusque

2155 3451 2478 3508 visionibus
2508 3451 2693 3505 utitur
2712 3451 2782 3505 ad
2819 3451 3208 3522 probandum,
3259 3451 3415 3506 solos
3467 3455 3600 3506 ante
3633 3451 3788 3506 diem

2151 3539 2358 3612 judicii
2393 3539 2672 3595 solemnis
2705 3538 3064 3611 martyresin
3097 3538 3308 3594 caelum
3333 3538 3510 3610 recipi
3540 3555 3551 3592 :
3585 3561 3612 3588 ‹‹
3647 3541 3800 3604 Quo-

2158 3630 2351 3697 modo,
2385 3628 2600 3699 inquit,
2649 3628 2934 3700 Perpetua
2985 3627 3306 3683 fortissima
3350 3631 3592 3699 martyr,
3624 3632 3736 3683 etc.
3771 3649 3798 3676 ››

2158 3719 2237 3774 Eo
2267 3717 2501 3789 gravius
2532 3717 2588 3771 id
2623 3717 2976 3789 argumenti,
3003 3717 3159 3788 quod
3180 3715 3576 3772 Tertullianus
3598 3721 3654 3771 et
3675 3718 3809 3771 Per-

2158 3812 2345 3879 petuae
2377 3810 2705 3861 coaetaneus
2728 3812 2787 3860 et
2816 3805 3009 3861 incola
3040 3805 3431 3877 Carthaginis,
3461 3806 3557 3860 ubi
3593 3805 3806 3876 Perpe-

2161 3900 2262 3950 tua
2299 3895 2479 3950 vitam
2520 3911 2653 3950 cum
2702 3899 2887 3950 morte
2925 3895 3331 3964 commutavit,
3380 3894 3648 3967 ignorare
3691 3910 3809 3948 non

2162 3984 2415 4056 potuerit
2455 3983 2762 4053 cujusnam
2811 3987 2979 4040 sectae
3025 3987 3201 4050 esset,
3249 3984 3369 4038 sive
3429 3981 3638 4038 mulier
3685 3982 3808 4048 illa,

2165 4073 2285 4129 sive
2317 4072 2609 4144 passionis
2635 4073 2764 4142 ejus
2795 4071 3089 4128 collector.
3139 4073 3238 4127 Est
3277 4076 3468 4127 autem
3504 4076 3658 4126 certo
3687 4088 3809 4126 cer-

2163 4163 2304 4229 tius,
2335 4161 2760 4216 Tertullianum
2820 4177 3009 4232 neque
3055 4160 3474 4233 Psychicorum
3522 4159 3696 4215 alicui
3728 4163 3815 4215 tot

2165 4256 2446 4322 tantaque
2493 4250 2784 4321 praeconia
2825 4249 3081 4307 voluisse
3126 4249 3329 4318 tribui,
3380 4249 3568 4304 multo
3615 4252 3811 4305 autem

2168 4339 2362 4394 minus
2406 4339 2585 4394 verba
2631 4339 2840 4409 ipsius,
2866 4339 3274 4395 auctoritatem
3309 4355 3421 4410 que
3441 4337 3706 4392 adhiberi
3738 4339 3812 4392 ad

2168 4427 2552 4500 probandam,
2587 4443 2764 4497 quam
2798 4427 3159 4495 adstruebat,
3197 4425 3568 4481 sententiam.
3607 4445 3634 4474 ››

419 4513 754 4584 frequenter
784 4531 986 4569 ausam
1023 4532 1171 4584 esse,
1207 4521 1271 4569 ut
1302 4520 1358 4570 et
1385 4515 1747 4571 invocatione
1777 4533 1889 4570 non
1922 4533 2055 4572 con-
2092 4535 2134 4598 ι)
2241 4517 2314 4572 Ut
2345 4517 2453 4572 hoc
2485 4521 2928 4588 argumentum,
2980 4517 3136 4585 quod
3189 4514 3474 4585 aliquam,
3526 4513 3819 4585 praecipue

417 4602 734 4672 temptibili
768 4603 1134 4659 sanctiﬁcare
1175 4621 1235 4658 se
1281 4621 1512 4675 panem,
1547 4611 1601 4660 et
1633 4605 2057 4661 Eucharistiam

418 4691 607 4745 facere
653 4691 964 4747 simularet
1007 4699 1064 4747 et
1105 4694 1454 4748 sacriﬁcium
1501 4695 1748 4749 Domino
1785 4712 1898 4750 non
1936 4695 2062 4751 sine

419 4785 784 4836 sacramento
830 4781 1011 4835 solitae
1084 4781 1510 4853 praedicationis
1549 4785 1797 4839 oﬂ'erret.
1849 4807 1876 4833 »
1927 4787 2060 4850 Quae

423 4869 623 4925 omnia
672 4869 1066 4923 montanistici
1103 4869 1345 4940 spiritus
1389 4871 1754 4928 characteres
1789 4880 1950 4944 sunt,
2008 4880 2064 4929 et

422 4958 550 5014 suis
595 4957 982 5031 prophetissis
1038 4975 1072 5013 a
1115 4959 1388 5014 Montano
1428 4959 1609 5015 fuisse
1640 4962 1949 5032 permissa,
1991 4963 2063 5018 ab

425 5048 686 5118 antiquis
718 5047 1105 5119 scriptoribus
1137 5049 1430 5103 memoriae
1465 5051 1760 5121 proditum
1780 5056 1888 5106 est.
1923 5051 2065 5106 Con-

422 5141 540 5192 stat
568 5136 748 5208 igitur
779 5141 1040 5208 proterea
1072 5153 1185 5191 non
1218 5154 1345 5192 esse
1375 5137 1626 5209 aliquem
1652 5139 2066 5195 eMontanista—

413 5225 554 5278 rum
579 5224 838 5298 catalogo
876 5225 1350 5297 expungendum,
1381 5228 1536 5298 quod
1574 5228 1748 5283 aliam
1787 5234 1920 5300 post
1947 5232 2064 5284 Ma-

425 5313 705 5369 ximillam
739 5316 1039 5387 agnoverit
1084 5316 1511 5386 prophetissam
1539 5335 1551 5383 ;
1604 5318 1874 5387 quamvis
1908 5319 2065 5373 enim

424 5402 630 5457 insana
660 5403 782 5458 haec
829 5409 989 5459 vates
1031 5405 1085 5458 id
1144 5407 1215 5460 dc
1246 5423 1307 5459 se
1332 5405 1727 5476 praedicaverit
1760 5423 1772 5460 :
1810 5407 1939 5461 Μετ’
1971 5405 2066 5479 ἐμὲ

499 5544 613 5687 (57ζ
635 5547 768 5617 Cap.
803 5546 1131 5602 undecimo.

499 5618 590 5687 (58
646 5615 798 5672 Inter
827 5619 1126 5687 Cyprianic

499 5615 613 5687 (58)
646 5615 798 5672 Inter
827 5619 1126 5688 Cyprianic
1157 5634 1314 5671 Lxxv.

2171 4606 2337 4671 mihi,
2369 4606 2556 4676 primo
2588 4606 2889 4673 adspectu,
2922 4603 3255 4658 molestiam
3301 4619 3496 4658 creare
3535 4619 3706 4674 posse
3734 4601 3816 4655 vi-

2171 4695 2362 4765 detur,
2415 4694 2649 4766 penitus
2698 4692 3017 4764 dissipetur
3055 4697 3231 4763 atque
3274 4695 3584 4758 evertatur,
3617 4689 3819 4761 aliqua

2172 4791 2311 4840 sunt
2333 4783 2476 4838 mihi
2507 4783 2661 4838 circa
2684 4781 3072 4837 Montanistas
3094 4781 3478 4846 observanda,
3501 4796 3571 4835 ex
3595 4779 3817 4851 quibus

2172 4891 2290 4929 non
2321 4872 2743 4928 animadversis
2774 4872 2875 4927 86
2905 4887 3138 4926 omnem
3179 4870 3322 4926 illud
3352 4868 3820 4925 verisimilitudi-

2173 4978 2306 5017 nem
2339 4961 2519 5015 ducit.
2549 4961 2810 5015 Primum
2841 4958 2984 5015 illud
3020 4961 3117 5024 sit,
3148 4958 3475 5015 Catholicos
3497 4974 3612 5013 non
3637 4956 3820 5013 fuisse

2174 5068 2208 5106 a
2240 5048 2632 5118 Montanistis,
2666 5049 2764 5121 qui
2805 5065 2920 5103 non
2973 5049 3212 5103 omnino
3261 5047 3614 5118 desiperent,
3655 5051 3721 5101 ut
3765 5061 3817 5101 e.

2174 5156 2231 5213 g.
2278 5157 2312 5194 a
2353 5139 2736 5206 Tertulliano,
2786 5154 2889 5210 pro
2957 5137 3250 5192 haereticis
3312 5135 3694 5192 existimatos.
3757 5134 3817 5189 Id

2175 5231 2364 5303 primo
2396 5232 2626 5284 constat
2654 5244 2724 5282 ex
2754 5226 2932 5298 hujus
2971 5225 3120 5282 libro
3174 5227 3246 5282 de
3282 5224 3670 5296 Monogamia,
3718 5223 3822 5279 ubi

2133 5361 2138 5374 .
2176 5319 2374 5374 statim
2417 5317 2582 5372 initio
2647 5316 2956 5389 Psychicos
2997 5317 3068 5371 ab
3116 5315 3402 5371 haereticis
3460 5314 3772 5385 distinguit
3807 5329 3821 5368 :

2183 5429 2208 5460 α
2241 5406 2500 5461 Ηωιιθιίοἰ
2533 5405 2774 5476 nuptias
2821 5405 3118 5471 auferunt,
3160 5401 3424 5475 Psychici
3457 5402 3755 5475 ingerunt.
3792 5423 3822 5451 υ

2244 5550 2357 5622 (59)
2391 5549 2512 5604 Lib.
2547 5549 2615 5604 de
2641 5549 2893 5619 Jeizmiis,
2923 5564 3048 5619 cap.
3084 5548 3136 5605 1.
