4064 6154
431 343 498 402 9t
1585 346 2099 410 DISSERTATIO
2142 345 2686 407 APOLOGETICA
3749 352 3819 411 92

438 499 465 528 «
498 479 608 534 Sed
642 479 740 536 88
773 479 948 550 alius,
970 481 1160 554 inquit
1177 481 1309 554 (6i),
1361 481 1594 539 libellus
1623 483 1781 539 hunc
1825 481 2074 554 gradum
2104 478 2158 546 Α
2181 479 2284 551 jus
2315 479 2413 534 89
2435 480 2556 535 sint
2584 480 2916 551 Scriptura,
2942 496 2975 534 a
3005 495 3119 551 quo
3145 482 3201 534 et
3227 494 3332 550 per
3351 496 3498 551 quos
3520 483 3818 553 etquando

434 569 748 624 sustinebit
795 572 1070 626 adversus
1125 571 1442 642 haereticos,
1485 573 1661 628 etiam
1723 571 1848 628 sine
1900 575 2073 626 retra-

433 661 592 712 ctatu
617 659 1011 714 doctrinarum
1044 660 1439 730 revincendos,
1473 663 1627 734 quod
1670 662 1780 717 hoc
1828 660 1946 716 sint
2001 660 2072 715 de

433 746 865 818 prtescriptione
897 747 1187 804 novitatis.
1223 750 1364 805 «Est
1393 754 1610 820 autem,
1643 755 1708 805 ut
1733 751 1857 822 ipse
1895 749 2069 804 etiam

439 833 762 907 Basnagius
787 836 952 893 docet
981 837 1115 908 (62),
1151 837 1422 894 laudatus
1453 839 1597 895 liber
1622 857 1656 894 a
1713 837 2070 895 'l'ertulliano

435 923 818 995 conscriptus,
840 930 1150 997 postquam
1184 927 1252 983 ad
1280 928 1663 984 Montanistas
1686 929 2072 984 defecerat.Et

428 1017 515 1067 est
547 1011 800 1084 scriptus
828 1015 1106 1070 adversus
1130 1033 1334 1072 omnes
1367 1017 1636 1084 haereses,
1670 1022 1736 1073 ut
1765 1018 1918 1073 idem
1946 1017 2070 1089 ipse

431 1099 830 1158 Tertullianus
861 1102 996 1158 alibi
1031 1104 1244 1159 diserte
1276 1110 1522 1161 testatur
1551 1106 1663 1178 (63)
1689 1124 1702 1162 :
1737 1129 1765 1156 «
1797 1107 1904 1162 Sed
1949 1105 2070 1177 ple-

423 1189 860 1259 niusejusmodi
877 1194 1411 1266 praescriptionibus
1429 1197 1709 1252 adversus
1723 1213 1813 1251 om
1824 1212 1947 1251 mes
1961 1195 2070 1249 haz-

427 1295 586 1333 reses
611 1279 888 1350 alibijam
915 1283 1003 1337 usi
1029 1300 1298 1338 sumus.»
1321 1288 1460 1339 Cum
1479 1285 1660 1357 igitur
1689 1284 1834 1340 nihil
1873 1302 2070 1340 occur-

425 1372 535 1431 rat,
568 1367 627 1422 in
659 1384 724 1424 eo
757 1369 926 1436 libro,
958 1371 1468 1442 quod'Catholicos
1517 1373 1702 1446 possit
1757 1375 2066 1442 offendere,

429 1455 548 1510 imo
576 1459 728 1528 quod
764 1475 877 1514 non
937 1476 1004 1515 cx
1043 1478 1246 1516 eorum
1295 1464 1586 1518 sententia
1625 1463 1916 1534 prolatum
1969 1463 2065 1534 sit,

428 1545 570 1600 adeo
603 1551 668 1601 ut
698 1547 1020 1604 multorum
1052 1550 1248 1622 opinio
1283 1552 1456 1608 fuerit
1487 1554 1620 1625 (64),
1653 1569 1787 1608 eum
1821 1553 2002 1608 fuisse
2036 1569 2070 1608 a

426 1634 803 1708 Tertulliano,
831 1643 1145 1710 antequam
1169 1640 1427 1696 Montani
1453 1643 1728 1714 dogmata
1764 1641 2073 1713 amplecte-

421 1730 600 1793 retur,
635 1725 1040 1783 elucubratum
1067 1747 1080 1797 ;
1116 1746 1482 1802 consequens
1504 1735 1591 1787 est
1624 1731 1933 1804 Psychicos
1964 1748 2065 1787 seu

2179 573 2235 623 et
2267 569 2481 638 quibus
2507 568 2583 622 sit
2628 569 2844 623 tradita
2891 567 3220 640 disciplina,
3271 585 3384 638 qua
3433 569 3584 625 ﬁunt
3626 571 3818 627 Chris-

2178 657 2342 711 tiani.
2399 657 2499 712 Ubi
2550 657 2705 712 enim
2755 657 3093 729 apparuerit
3121 672 3250 712 esse
3296 657 3598 714 veritatem
3649 659 3817 716 disci-

2181 744 2353 816 plinae
2395 749 2452 800 et
2503 745 2635 800 ﬁdei
2692 746 3042 813 Christianae,
3095 744 3214 801 illic
3262 745 3373 801 erit
3417 747 3631 804 veritas
3670 748 3818 804 Scri-

2181 838 2510 905 pturarum,
2535 838 2591 889 et
2613 835 3063 907 expositionum,
3085 838 3141 890 et
3156 835 3420 890 omnium
3444 837 3817 894 traditionum

2180 922 2650 979 christianarum.
2689 945 2711 974 »
2746 924 2964 980 Deinde
2995 923 3300 996 subjungit
3350 925 3505 995 quod
3536 925 3816 992 Apostoli,

2180 1029 2213 1067 a
2242 1011 2466 1067 Christo
2497 1013 2681 1067 edocti
2704 1013 2836 1083 (66),
2869 1033 2890 1060 α
2925 1016 2982 1068 et
3003 1011 3301 1068 consecuti
3325 1012 3677 1083 promissam
3704 1014 3813 1069 vim

2179 1100 2432 1173 Spiritus
2484 1100 2670 1156 sancti
2721 1103 2791 1156 ad
2840 1101 3104 1172 virtutes,
3163 1104 3220 1156 et
3265 1101 3590 1172 eloquium,
3635 1103 3815 1174 primo

2179 1207 2281 1262 per
2309 1191 2570 1245 Judaeam
2602 1194 2928 1246 contestata
2957 1190 3070 1245 ﬁde
3101 1190 3161 1244 in
3190 1189 3395 1246 Jesum
3415 1190 3733 1259 Christum,
3763 1199 3819 1248 et

2180 1279 2450 1336 Ecclesiis
2480 1280 2788 1348 institutis,
2821 1279 3032 1336 dehinc
3061 1280 3122 1335 in
3153 1280 3354 1335 orbem
3377 1281 3638 1351 profecti,
3663 1298 3817 1338 eam-

2179 1370 2311 1425 dem
2343 1369 2667 1424 doctrinam
2690 1370 2950 1440 ejusdem
2975 1369 3108 1424 fidei
3132 1367 3470 1424 nationibus
3491 1370 3818 1444 promulga-

2178 1461 2406 1524 verunt,
2440 1461 2496 1512 et
2527 1457 2768 1530 proinde
2801 1456 3117 1513 Ecclesiam
3150 1458 3305 1529 apud
3347 1473 3822 1532 unamquamque

2180 1548 2468 1603 civitatem
2503 1548 2910 1614 condiderunt,
2945 1563 2978 1604 a
3009 1547 3223 1620 quibus
3272 1549 3578 1604 traducem
3610 1549 3739 1606 ﬁdei
3771 1557 3825 1607 et

2179 1637 2407 1692 semina
2437 1636 2712 1692 doctrinae
2745 1644 2963 1692 caeteras
2992 1636 3200 1692 exinde
3241 1636 3512 1693 Ecclesiae
3545 1643 3823 1696 mutuata

2180 1732 2318 1782 sunt
2349 1731 2407 1782 et
2437 1727 2700 1798 quotidie
2745 1731 3114 1794 mutuantur,
3155 1729 3220 1781 ut
3249 1725 3520 1782 Ecclesiae
3564 1727 3726 1794 fiant,
3759 1745 3822 1784 ac

419 1813 746 1871 Catholicos
777 1833 893 1872 non
917 1817 1097 1874 fuisse
1128 1835 1162 1874 a
1183 1819 1540 1875 Tertulliano
1574 1821 1726 1875 inter
1766 1820 2068 1877 haereticos
2097 1848 2144 1912 Β
2180 1833 2282 1889 per
2306 1817 2434 1912 hoc,
2465 1821 2522 1872 et
2549 1816 3052 1912 ipsae—apostolicae
3091 1816 3468 1912 deputantur,
3500 1819 3566 1872 ut
3596 1817 3820 1912 soboles

418 1902 812 1975 'computatos.

491 1993 615 2046 VII.
651 1993 918 2051 Secundo
950 1997 1272 2051 notandum
1297 1999 1404 2065 est,
1439 1997 1592 2069 quod
1638 2001 1694 2052 et
1740 2013 1810 2052 ex
1855 2013 2068 2069 prace-

425 2080 699 2136 dentibus
730 2087 935 2154 sponte
965 2085 1112 2153 ﬂuit,
1146 2090 1202 2140 et
1233 2103 1359 2156 quas
1385 2088 1510 2156 jam
1538 2085 1693 2142 dicta
1724 2089 1862 2141 sunt
1901 2085 2066 2141 lucu-

426 2167 644 2226 lentius
669 2171 858 2227 adhuc
882 2174 1191 2230 conﬁrmat
1214 2175 1918 2245 :Montanistas,quamvis
1941 2191 2072 2231 cou-

421 2259 745 2314 versatione
775 2266 830 2314 et
855 2261 1167 2333 disciplina
1196 2263 1266 2318 ab
1302 2263 1754 2336 apostolicarum
1784 2264 2068 2320 Ecclesia-

422 2363 554 2401 rum
578 2347 1048 2406 institutionibus
1064 2352 1450 2425 moribusque
1469 2353 1859 2423 diti‘errent,se
1871 2357 2067 2410 tamen

421 2451 533 2490 non
551 2451 676 2492 esse
691 2438 1000 2494 arbitratos
1016 2439 1076 2494 in
1093 2439 1163 2495 iis
1187 2440 1244 2495 in
1268 2441 1485 2512 quibus
1500 2441 1628 2496 ﬁdei
1655 2445 1710 2497 et
1731 2441 2066 2497 christiana

419 2524 718 2597 religionis
750 2543 985 2583 summa
1015 2529 1278 2596 vertitur,
1315 2530 1385 2583 ab
1417 2546 1617 2585 earum
1656 2531 2065 2586 communione

421 2613 660 2670 alienos.
685 2616 747 2670 Id
780 2632 848 2671 ex
873 2617 1074 2672 eodem
1107 2617 1490 2686 Tertulliano,
1525 2624 1581 2674 et
1632 2619 1838 2675 iisdem
1888 2620 2068 2677 ferme

421 2701 566 2759 locis
607 2709 968 2776 compertum
1017 2706 1124 2762 est.
1182 2706 1350 2762 Libro
1399 2709 1556 2761 enim
1604 2709 1675 2762 de
1728 2708 2068 2780 Virginibus

363 2859 372 2870 π
423 2791 705 2859 velandis,
739 2798 1052 2866 postquam
1094 2795 1294 2850 docuit
1341 2795 1668 2852 Catholicos
1725 2802 1783 2852 et
1840 2797 2066 2853 Monta-

426 2881 611 2937 nistas
642 2882 701 2938 in
734 2899 910 2938 unam
943 2883 1076 2938 fidei
1110 2884 1370 2956 regulam
1408 2885 1759 2957 conspirare,
1792 2890 1850 2941 et
1897 2887 2067 2942 Para-

421 2970 636 3025 cletum
671 2988 785 3026 non
809 2971 981 3028 ﬁdem
1007 2973 1498 3042 adulterasse,sed
1522 2974 1843 3046 disciplinae
1867 2993 2068 3048 supre-

417 3076 576 3114 mam
608 3061 938 3117 admovisse
968 3079 1235 3129 manum,
1265 3063 1464 3118 statim
1499 3064 1810 3136 subjungit
1845 3081 1856 3120 :
1901 3087 1920 3114 α
1965 3065 2071 3120 Per

419 3148 696 3204 Graeciam
730 3154 786 3203 et
802 3151 1087 3220 quasdam
1103 3151 1404 3207 barbarias
1428 3153 1556 3223 ejus
1586 3152 1783 3223 plures
1806 3153 2069 3208 Ecclesiae

2180 1905 2636 1976 apostolicarum
2668 1904 3085 1960 Ecclesiarum.
3116 1904 3302 1960 Omne
3333 1919 3519 1976 genus
3549 1906 3621 1960 ad
3654 1906 3822 1978 origi-

2179 2010 2312 2049 nem
2346 2010 2513 2048 suam
2574 1996 2881 2048 censeatur
2937 2007 3175 2048 necesse
3221 1995 3331 2047 est.
3391 1995 3593 2064 Itaque
3636 1997 3722 2049 tot
3756 2012 3818 2050 ac

2179 2086 2358 2138 tanta:
2391 2081 2660 2138 Ecclesiae
2688 2098 2807 2137 una
2836 2085 2924 2137 est
2953 2081 3053 2136 illa
3083 2081 3155 2136 ab
3186 2080 3484 2153 Apostolis
3513 2083 3719 2154 prima,
3751 2100 3819 2140 ex

2182 2187 2300 2242 qua
2329 2187 2568 2226 omnes:
2621 2170 2705 2225 sic
2753 2186 2955 2226 omnes
3002 2169 3204 2241 primae
3247 2173 3304 2225 et
3347 2185 3552 2226 omnes
3589 2176 3817 2243 aposto-

2180 2259 2322 2330 licaa,
2356 2261 2496 2314 dum
2530 2277 2647 2314 una
2693 2275 2896 2314 omnes
2926 2259 3176 2331 probant
3225 2257 3535 2328 unitatem,
3567 2259 3709 2315 dum
3734 2267 3822 2318 est

2179 2347 2296 2403 illis
2321 2347 2774 2402 communicatio
2795 2347 2980 2419 pacis,
3003 2352 3061 2403 et
3081 2345 3396 2420 appellatio
3417 2346 3820 2419 fraternitatis,

2182 2441 2239 2492 et
2251 2435 2666 2492 contesseratio
2682 2435 3096 2508 hospitalitatis
3111 2454 3124 2504 ;
3143 2453 3269 2508 quae
3274 2436 3412 2507 jura
3428 2453 3541 2492 non
3555 2436 3823 2495 aliaratio

2182 2525 2350 2597 regit,
2386 2541 2560 2597 quam
2584 2526 2848 2595 ejusdem
2873 2526 3218 2581 sacramenti
3245 2543 3364 2581 una
3389 2525 3646 2583 traditio.
3667 2527 3826 2584 Hanc

2178 2614 2358 2687 igitur
2389 2613 2698 2685 dirigimus
2730 2614 3228 2686 prmscriptionem
3261 2616 3409 2688 (67):
3463 2615 3513 2670 si
3549 2616 3828 2675 Dominus

2175 2703 2350 2759 Jesus
2381 2702 2646 2758 Christus
2682 2702 2987 2775 Apostolus
3035 2703 3199 2760 misit
3243 2704 3316 2758 ad
3363 2705 3826 2777 praedicandum,

2179 2791 2323 2848 alios
2383 2808 2496 2847 non
2548 2807 2678 2847 esse
2743 2791 3108 2864 recipiendos
3177 2792 3588 2864 praedicatores
3645 2809 3822 2865 quam

2178 2897 2326 2952 quos
2356 2879 2625 2935 Christus
2655 2879 2998 2936 instituit...
3049 2880 3197 2945 Quid
3225 2885 3422 2936 autem
3475 2881 3824 2953 praedicave-

2178 2970 2314 3038 rint,
2349 2969 2405 3023 id
2448 2973 2537 3024 est
2584 2968 2722 3040 quid
2756 2967 2872 3024 illis
2925 2968 3194 3025 Christus
3243 2969 3597 3043 revelaverit,
3644 2975 3702 3027 et
3731 2972 3825 3028 hic

2179 3059 2536 3131 prescribam
2573 3075 2689 3113 non
2721 3057 2892 3113 aliter
2912 3059 3147 3130 probari
3177 3059 3409 3129 debere,
3434 3059 3547 3116 nisi
3578 3077 3682 3132 per
3699 3077 3829 3118 eas-

2179 3149 2311 3204 dem
2338 3146 2646 3219 Ecclesias,
2671 3164 2818 3216 quas
2840 3147 2986 3219 ipsis
3005 3147 3266 3219 Apostoli
3288 3148 3690 3218 condiderunt,
3709 3151 3826 3223 ipsi

415 3236 672 3308 virgines
691 3219 831 3294 suas
847 3239 1340 3295 abscondunt.Est
1357 3244 1413 3294 et
1435 3219 1543 3295 sub
1558 3219 1664 3296 hoc
1683 3241 2071 3298 cmloinstitu-
2097 3219 2141 3286 (ἶ
2181 3236 2265 3291 eis
2295 3237 2660 3307 prmdicando
2709 3240 2829 3292 tam
2860 3237 2987 3292 viva
3019 3237 3198 3308 (quod
3231 3237 3418 3308 aiunt)
3457 3254 3612 3305 voce,
3646 3219 3827 3311 quam

419 3329 548 3380 tum
590 3325 745 3382 istud
779 3326 1094 3395 alicubi,ne
1127 3329 1224 3399 qui
1248 3328 1923 3402 gentilitatiGraecanicze
1972 3336 2072 3386 aut

423 3413 1225 3472 barbariczeconsuetudinem
1239 3416 1400 3472 illam
1413 3417 1840 3474 adscribat.Sed
1855 3437 1954 3476 eas
1966 3436 2071 3493 ego

420 3503 707 3560 Ecclesias
721 3505 1174 3578 proposui,quas
1185 3505 1365 3579 etipsi
1380 3507 1753 3579 Apostoli,vel
1767 3509 2070 3580 apostolici

417 3593 524 3647 viri
545 3593 1013 3662 condiderunt,et
1027 3599 1165 3667 puto
1179 3600 1315 3650 ante
1330 3598 1873 3667 quosdam.Habent
1890 3599 2071 3671 igitur

419 3685 475 3737 et
491 3680 599 3736 illze
622 3683 887 3737 eamdem
903 3685 1347 3740 consuetudinis
1371 3686 2070 3759 auctoritatem,tempora

417 3773 884 3827 etantecessores
911 3774 1434 3845 opponunt,magis
1459 3791 1636 3846 quam
1662 3779 1903 3846 posterae
1923 3776 2066 3832 istae.

419 3857 567 3922 Quid
591 3859 1198 3932 observabimus,quid
1219 3860 1532 3934 diligemus
1553 3863 1580 3916 ?
1600 3863 1725 3917 Non
1753 3880 2069 3935 possumus

420 3963 693 4018 respuere
714 3950 1402 4024 consuetudinem,quam
1421 3953 1702 4008 damnare
1723 3971 1836 4010 non
1870 3972 2070 4027 possu-

423 4041 783 4110 mus,utpote
813 4056 926 4095 non
959 4043 1457 4113 extraneam,quia
1487 4059 1603 4099 non
1634 4048 2067 4113 extraneorum,

422 4142 558 4180 cum
590 4127 806 4198 quibus
819 4127 1037 4184 scilicet
1059 4132 1564 4188 communicamus
1583 4134 1685 4204 jus
1704 4133 1945 4205 pacis,et
1965 4151 2068 4188 no-

423 4231 557 4269 men
592 4216 1122 4274 fraternitatis.Una
1137 4219 1389 4288 nobis,et
1405 4220 1523 4276 illis
1540 4221 1868 4289 fides,unus
1890 4224 2064 4293 Deus,

419 4302 576 4359 idem
598 4305 886 4372 Christus,
919 4309 1122 4363 eadem
1154 4307 1368 4364 lavacri
1426 4315 1812 4365 sacramenta.
1880 4312 2067 4368 Semel

421 4391 814 4462 dixerim,una
837 4395 1093 4452 Ecclesia
1109 4401 1438 4453 sumus.]ta
1466 4401 1732 4453 nostrum
1767 4401 2067 4470 est,quod-

421 4497 652 4554 cunque
681 4489 1016 4540 nostrorum
1050 4489 1158 4541 est.
1183 4507 1210 4535 »
1247 4484 1356 4540 Sed
1381 4484 1526 4540 nihil
1548 4485 1906 4542 luculentius
1921 4488 2064 4543 adid

2182 3342 2284 3396 per
2339 3324 2615 3396 epistolas
2673 3331 2892 3397 postea.
2945 3325 3004 3381 Si
3062 3327 3180 3381 haec
3244 3326 3327 3382 ita
3382 3331 3539 3395 sunt,
3597 3334 3832 3385 constat

2181 3413 2422 3486 proinde
2452 3430 2686 3469 omnem
2719 3414 3065 3483 doctrinam,
3091 3431 3218 3486 qua:
3240 3431 3374 3471 cum
3403 3416 3522 3472 illis
3552 3417 3830 3474 Ecclesiis

2181 3503 2516 3574 apostolicis
2532 3503 2876 3559 matricibus
2893 3509 2949 3559 et
2963 3503 3346 3576 originalibus
3362 3505 3498 3560 ﬁdei
3510 3507 3829 3579 conspiret,

2180 3591 2404 3647 veritati
2477 3593 2894 3663 deputandam,
2973 3594 3031 3648 id
3089 3593 3216 3648 sine
3292 3593 3470 3650 dubio
3527 3598 3830 3652 tenentem

2181 3683 2334 3752 quod
2395 3681 2660 3738 Ecclesiae
2693 3682 2764 3737 ab
2825 3682 3139 3754 Apestolis,
3198 3683 3458 3753 Apostoli
3489 3701 3524 3739 a
3571 3684 3830 3754 Christo,

2181 3770 2447 3826 Christus
2505 3789 2539 3828 a
2568 3775 2682 3827 Deo
2742 3771 3035 3843 suscepit:
3087 3771 3373 3844 reliquam
3419 3789 3553 3828 vero
3591 3790 3834 3830 omnem

2178 3859 2505 3916 doctrinam
2529 3861 2600 3916 de
2623 3860 2926 3916 mendacio
2948 3861 3467 3932 praejudicandam,
3485 3879 3612 3934 quae
3635 3865 3836 3936 sapiat

2178 3955 2378 4005 contra
2407 3949 2707 4005 veritatem
2759 3949 3171 4018 Ecclesiarum,
3205 3953 3262 4006 et
3303 3950 3739 4023 Apostolorum,
3772 3958 3837 4008 et

2175 4038 2410 4108 Christi,
2444 4043 2500 4094 et
2528 4039 2649 4094 Dei.
2699 4039 2975 4110 Superest
3021 4055 3157 4111 ergo
3189 4040 3274 4096 uti
3322 4041 3832 4111 demonstremus,

2177 4146 2250 4184 an
2309 4129 2428 4183 haec
2484 4132 2684 4183 nostra
2746 4127 3029 4196 doctrina,
3093 4129 3263 4200 cujus
3321 4129 3584 4202 regulam
3641 4147 3836 4204 supra

2175 4216 2488 4282 edidimus,
2513 4217 2583 4270 de
2615 4215 3026 4287 Apostolorum
3058 4216 3373 4274 traditione
3401 4223 3736 4286 censeatur,
3771 4225 3839 4276 et

2175 4323 2243 4362 ex
2273 4306 2380 4360 hoc
2410 4306 2536 4377 ipso
2571 4323 2641 4361 an
2672 4310 2884 4362 caetera;
2915 4307 2987 4363 de
3016 4307 3320 4363 mendacio
3347 4308 3603 4364 veniant.
3644 4308 3838 4365 Corn-

2176 4394 2550 4450 municamus
2580 4412 2713 4450 cum
2764 4395 3033 4451 Ecclesiis
3064 4396 3423 4468 apostolicis,
3473 4397 3627 4470 quod
3662 4397 3840 4454 nulla

2177 4484 2440 4539 doctrina
2469 4484 2734 4539 diversa:
2767 4483 2876 4539 hoc
2905 4489 2994 4540 est
3024 4484 3430 4540 testimonium
3479 4485 3767 4541 veritatis.
3809 4509 3832 4534 ι

422 4570 791 4637 probandum
814 4573 1005 4628 afferri
1028 4578 1216 4646 potest
1237 4573 1330 4642 iis,
1355 4591 1482 4646 quae
1521 4573 1580 4630 in
1611 4575 1877 4631 eamdem
1937 4594 2066 4633 sen-
2101 4593 2146 4658 Ι)
2178 4576 2243 4628 Et
2272 4572 2444 4640 infra,
2505 4573 2783 4628 adversus
2831 4573 3080 4629 haereses
3126 4590 3255 4645 quea
3314 4590 3377 4630 se
3427 4575 3500 4630 de
3536 4577 3845 4630 vetustate

449 4659 670 4714 entiam
693 4659 1076 4718 subtilissime
1089 4662 1350 4735 disputat
1363 4663 1422 4718 in
1446 4663 1593 4720 libro
1606 4664 1676 4721 de
1688 4665 2074 4738 Praescriptio-

425 4747 604 4804 nibus
627 4749 904 4805 adversus
920 4750 1758 4826 haereses,quem,utidixi,jam
1786 4756 2073 4811 montani-

427 4840 519 4894 sta
539 4838 1103 4912 composuit.Aliqua
1131 4857 1200 4894 ex
1229 4855 1294 4895 eo
1325 4839 1472 4896 libro
1496 4841 1916 4918 loca,quamvis
1937 4861 2069 4915 pro-

420 4926 846 4996 lixiora,adhuc
864 4929 1069 4984 aﬂ‘erre
1100 4945 1285 5002 operai
1310 4929 1559 5000 pretium
1581 4931 2074 5005 existimavi,quia

421 5034 544 5074 rem
576 5017 747 5091 plane
779 5018 1179 5083 conﬁciunt,et
1199 5017 1421 5090 optimo
1439 5018 1498 5073 in
1517 5018 1741 5075 lumine
1765 5021 2067 5078 collocant.

414 5107 512 5165 Ait
529 5107 710 5182 igitur
726 5109 796 5164 ad
820 5108 1249 5163 convincendos
1271 5107 1577 5164 haereticos
1599 5107 1708 5164 hoc
1725 5109 1914 5164 solum
1941 5126 2069 5166 esse

416 5197 840 5271 disputandum
863 5197 976 5271 (65)
1002 5197 1281 5261 :«Quibus
1304 5201 1596 5270 competat
1617 5197 1763 5255 ﬁdes
1793 5199 1939 5271 ipsa,
1965 5215 2066 5253 cu-

514 5325 578 5378 61
635 5324 760 5380 Lib.
798 5342 816 5378 1
846 5323 1064 5380 Advers.
1095 5324 1380 5393 Marciam,
1415 5339 1481 5378 ca
1530 5364 1542 5378 .
1587 5324 1636 5378 1.

493 5324 604 5468 (62)
633 5397 799 5452 Anno
830 5396 895 5452 D.
929 5398 1054 5464 200,
1089 5412 1251 5451 num.
1285 5412 1360 5450 1x.
1392 5340 1524 5450 νίὲ
1557 5399 1614 5450 et
1643 5394 1776 5468 Pagi

514 5392 604 5469 62)
633 5397 799 5452 Anno
830 5396 895 5452 D.
929 5398 1054 5464 200,
1089 5412 1251 5451 num.
1285 5392 1524 5450 1x.’Vid.
1557 5399 1614 5450 et
1643 5394 1912 5469 Pagium,
1954 5395 2060 5451 An.

429 5465 553 5533 195,
581 5465 745 5522 num.
783 5485 856 5522 ιν.

495 5538 608 5609 (63)
643 5538 763 5592 Lib.
796 5539 860 5594 de
891 5539 1064 5596 Carne
1095 5540 1315 5606 Christi,
1347 5554 1470 5609 cap.
1493 5541 1546 5594 2.

493 5610 607 5738 (64)
641 5609 768 5666 Vid.
801 5610 1017 5666 Pamel.
1067 5612 1123 5666 in
1163 5612 1276 5667 Vita
1333 5611 1554 5666 Tertull.
1615 5611 1687 5693 ad
1745 5611 1851 5665 Au.
1909 5612 2063 5703 203;

520 5725 535 5738 .
590 5679 698 5738 col.
737 5681 828 5738 65.
881 5682 1030 5738 conf.
1087 5685 1232 5738 Aug.
1295 5681 1549 5738 Noeselt.
1609 5683 1858 5738 Dzssert..
1917 5685 1958 5738 t.
2020 5682 2062 5738 Ι.

418 5679 535 5758 ω,
590 5679 698 5752 col,
737 5681 828 5754 65,
881 5682 1030 5738 conf.
1087 5685 1232 5754 Aug.
1295 5681 1549 5741 Noeselt.
1609 5683 1858 5751 Dissert.,
1917 5685 1958 5738 t.
2020 5682 2062 5751 Ι,

2175 4662 2497 4734 jactabant,
2531 4678 2774 4734 seseque
2821 4663 3134 4732 imperitis,
3185 4663 3340 4735 quod
3393 4664 3502 4719 sub
3531 4663 3844 4736 Apostolis

2183 4752 2452 4820 fuissent,
2486 4769 2587 4824 pro
2619 4751 2952 4824 apostolicis
2995 4753 3408 4809 venditabant:
3458 4753 3540 4824 id,
3572 4753 3675 4822 ait,
3707 4752 3846 4811 illis

2180 4843 2540 4911 incumbere,
2573 4845 2637 4896 ut
2683 4843 2992 4898 ostendant
3022 4842 3276 4914 aliquem
3309 4859 3390 4910 se,
3440 4841 3532 4898 vel
3576 4859 3644 4899 ex
3675 4845 3846 4915 Apo-

2180 4931 2371 4994 stolis,
2429 4929 2515 4985 vel
2572 4947 2640 4985 ex
2689 4929 3022 5003 apostolicis
3069 4930 3233 5000 viris,
3295 4930 3396 5003 qui
3451 4934 3648 4987 tamen
3689 4947 3844 4989 cum

2180 5019 2461 5091 apostolis
2491 5020 2960 5091 perseveraverit,
3015 5037 3136 5076 sua:
3175 5019 3389 5076 habere
3437 5019 3847 5077 institutionis

2180 5111 2498 5177 auctorem,
2533 5113 2634 5164 aut
2672 5108 2879 5164 saltem
2929 5107 3383 5182 apostolicarum
3435 5108 3847 5166 Ecclesiarum

2179 5197 2587 5253 communione
2611 5198 2785 5270 potiri
2817 5197 2930 5270 (68)
2957 5214 2970 5253 :
3003 5221 3031 5249 «
3057 5200 3340 5256 Caeterum
3371 5197 3421 5254 si
3449 5215 3575 5271 quae
3604 5199 3853 5255 audent

2177 5324 2282 5381 col.
2321 5323 2583 5378 171-177.

2249 5397 2360 5466 (65)
2393 5395 2530 5466 Cap.
2568 5396 2652 5449 19.

2270 5469 2361 5536 66)
2394 5470 2528 5536 Cap.
2560 5469 2649 5522 20.

2269 5539 2359 5609 e7)
2391 5543 2524 5609 Cap.
2558 5539 2646 5592 21.

2248 5612 2365 5680 (68)
2394 5611 2531 5680 Cap.
2567 5611 2655 5665 32.

2344 5397 2361 5609 ἒ
