4050 6172
240 325 326 385 93
1066 331 1217 390 ΡΙὶο
1263 330 1372 390 SS.
1419 329 1858 404 PERPETUA,
1911 331 2371 392 FELICITATE
2416 334 2514 394 ET
2561 333 2831 394 SUCllS.
3112 343 3118 348 ‘
3567 333 3644 389 94

240 463 494 517 inserere
529 477 590 516 se
623 461 777 516 aetati
808 462 1160 534 apostolicae,
1208 467 1273 518 ut
1302 463 1428 520 ideo
1479 463 1788 521 videantur
1817 463 1887 518 ab
1919 463 1973 530 Α
2007 463 2226 529 tatis,et
2242 465 2533 521 Cbristum
2553 465 2753 522 Jesum
2777 480 2846 520 ex
2865 463 3100 535 Virgine
3117 463 3298 520 Maria
3319 459 3529 518 Filium
3543 461 3642 518 Dei

240 550 533 622 Apostolis
597 551 848 619 traditae,
905 553 1042 623 quia
1109 553 1218 607 sub
1285 552 1577 624 Apostolis
1633 555 1888 623 fuerunt,

241 656 566 713 possumus
587 641 779 695 dicere
807 657 818 694 :
855 641 1044 696 Edant
1063 658 1197 715 ergo
1221 641 1476 714 origines
1502 642 1891 698 Ecclesiarum

238 745 511 799 suarum,
543 730 815 784 evolvant
866 732 1129 786 ordinem
1178 731 1586 804 episcoporum
1629 749 1890 800 suorum,

237 821 340 874 οο
369 821 458 874 ita
509 836 615 890 per
646 820 1048 875 successiones
1100 821 1197 875 ubi
1251 821 1414 876 initio
1463 823 1890 892 decurrentem,

240 913 302 964 nt
350 909 587 980 primus
638 908 734 962 ille
781 909 1089 980 episcopus
1141 909 1396 980 aliquem
1455 927 1522 965 ex
1575 911 1891 981 Apostolis,

237 997 322 1053 vel
366 997 728 1069 apostolocis
779 998 940 1066 viris,
1011 998 1108 1068 qui
1171 1002 1366 1053 tamen
1420 1015 1552 1054 cum
1609 999 1895 1071 apostolis

239 1088 735 1160 perseveraverit,
796 1086 1064 1142 habuerit
1114 1092 1411 1142 auctorem
1465 1092 1521 1142 et
1565 1093 1891 1144 antecesso-

240 1193 388 1232 rem.
452 1177 575 1231 Hoc
625 1175 781 1230 enim
831 1177 1004 1230 modo
1069 1176 1332 1231 Ecclesia:
1382 1177 1710 1248 apostolicae
1762 1194 1893 1233 cen-

239 1283 344 1321 sus
381 1283 528 1320 suos
574 1265 844 1319 deferunt
885 1285 900 1319 :
955 1266 1108 1319 sicut
1157 1266 1590 1336 Smyrnzeorum
1643 1266 1898 1322 Ecclesia

240 1355 474 1410 habens
507 1353 889 1426 Polycarpum
931 1355 1004 1408 ab
1035 1353 1258 1408 Joanne
1286 1355 1638 1410 collocatum
1670 1357 1846 1410 refert
1879 1373 1892 1423 ;

239 1444 405 1499 sicut
434 1444 836 1498 Romanorum
887 1442 1242 1498 Clementem
1277 1460 1310 1498 a
1359 1444 1520 1499 Petro
1561 1443 1897 1499 ordinatum

237 1533 409 1598 edit;
445 1533 685 1603 proinde
735 1531 938 1603 utique
985 1535 1042 1586 et
1087 1538 1303 1588 caeteras
1354 1532 1586 1589 exibent
1625 1551 1772 1604 quos
1827 1535 1897 1589 ab

240 1622 551 1693 Apostolis
602 1621 662 1675 in
713 1622 1113 1692 episcopatum
1165 1623 1533 1689 constitutos,
1596 1621 1899 1694 apostolici

245 1710 511 1766 seminis
539 1711 801 1765 traduces
841 1711 1113 1765 habeant.
1155 1710 1502 1782 Confingant
1534 1711 1646 1765 tale
1677 1711 1898 1781 aliquid

243 1798 536 1854 heretici.
568 1799 713 1864 Quid
746 1799 905 1854 enim
933 1798 1046 1900 illis
1077 1803 1208 1898 post
1247 1798 1675 1871 blasphemiam
1721 1799 1898 1854 illici-
1930 1835 1978 1900 Β

246 1892 384 1943 tum
415 1893 506 1943 est
527 1888 553 1941 ?
574 1888 684 1943 Sed
715 1888 824 1945 etsi
845 1887 1251 1950 conﬁnxerint,
1277 1888 1420 1942 nihil
1454 1889 1896 1960 promovebunt.

249 1978 386 2048 ipsa
416 1977 574 2032 enim
621 1977 884 2031 doctrina
915 1992 1117 2031 eorum
1150 1993 1281 2031 cum
1316 1976 1632 2048 apostolica
1666 1995 1898 2049 compa-

241 2071 380 2121 rata
407 2083 476 2120 ex
509 2065 841 2121 diversitate
872 2071 929 2120 et
974 2066 1380 2120 contrarietate
1410 2083 1516 2121 sua
1551 2067 1894 2138 pronuntia-

238 2152 353 2214 bit,
398 2168 589 2222 neque
621 2151 882 2222 Apostoli
927 2151 1176 2221 alicujus
1210 2152 1464 2206 auctoris
1513 2169 1661 2224 esse,
1712 2171 1899 2225 neque

236 2239 581 2311 apostolici.
615 2240 763 2305 Quia
801 2240 954 2295 sicut
1003 2240 1260 2311 Apostoli
1310 2257 1425 2296 non
1478 2242 1708 2297 diversa
1750 2243 1900 2297 inter

234 2345 296 2384 se
333 2329 701 2397 docuissent,
728 2329 809 2383 ita
835 2335 893 2383 et
923 2328 1222 2400 apostolici
1255 2347 1371 2385 non
1405 2331 1693 2386 contraria
1723 2334 1898 2402 Apos-

236 2415 382 2472 tolis
414 2418 760 2484 edidissent,
797 2419 911 2472 nisi
946 2418 1030 2474 illi
1063 2419 1164 2488 qui
1195 2419 1268 2474 ab
1300 2418 1589 2489 Apostolis
1637 2420 1898 2476 descive-

233 2512 404 2576 runt,
461 2512 522 2562 et
578 2506 748 2560 aliter
791 2507 1271 2578 pradicaverunt.
1345 2509 1430 2562 Ad
1495 2508 1645 2563 hanc
1702 2509 1900 2581 itaque

233 2596 499 2651 formam
526 2596 998 2666 provocabuntur
1027 2597 1096 2652 ab
1129 2596 1246 2651 illis
1278 2597 1575 2662 Ecclesiis,
1609 2614 1736 2669 quae
1767 2598 1902 2653 licet

231 2684 475 2740 nullum
503 2701 573 2739 ex
602 2683 1009 2756 Apostolis,vel
1041 2685 1377 2757 apostolicis
1409 2691 1704 2742 auctorem
1723 2704 1897 2742 suum

232 2773 569 2846 proferant,
638 2778 704 2828 ut
775 2773 963 2829 multo
1023 2776 1392 2846 posteriores,
1463 2792 1588 2846 quae
1652 2775 1900 2848 denique

231 2862 506 2934 quotidie
538 2863 952 2931 instituuntur,
982 2867 1175 2918 tamen
1209 2865 1265 2918 in
1298 2865 1499 2920 eadem
1534 2865 1647 2920 fide
1677 2866 1902 2937 conspi-

231 2956 470 3019 rantes,
530 2968 649 3005 non
722 2950 919 3006 minus
979 2952 1309 3023 apostolicae
1365 2953 1723 3025 deputantur
1797 2971 1900 3026 pro

233 3040 766 3111 consanguinitate
806 3041 1104 3095 doctrinae.
1143 3042 1224 3096 Ita
1273 3059 1471 3098 omnes
1521 3043 1769 3100 haereses
1829 3046 1898 3099 ad

232 3136 563 3200 utramque
625 3129 874 3183 formam
925 3146 957 3183 a
1015 3130 1229 3185 nostris
1271 3131 1541 3187 Ecclesiis
1581 3139 1898 3203 provocatae

2001 555 2294 620 creatoris,
2331 559 2387 609 et
2413 557 2602 610 carnis
2635 554 3113 610 resurrectionem
3151 571 3162 609 :
3200 553 3386 624 legem
3424 557 3480 607 et
3511 569 3642 624 pro-

2001 642 2206 714 phetas
2229 660 2360 698 cum
2385 643 2730 714 evangelicis
2754 648 2808 698 et
2835 643 3172 715 apostolicis
3190 642 3401 698 litteris
3419 641 3640 707 miscet,

2001 736 2058 786 et
2088 732 2221 787 inde
2254 737 2414 802 potat
2461 733 2630 787 ﬁdem
2665 749 2817 799 eam,
2849 748 3002 803 aqua
3032 732 3245 803 signat,
3279 735 3480 786 sancto
3511 730 3639 802 Spi-

2003 819 2118 874 ritu
2164 823 2354 890 vestit,
2408 820 2776 876 Eucharistia
2807 819 3012 891 pascit,
3067 819 3343 890 martyrio
3375 819 3646 874 exhorta-

2006 911 2187 976 tur,et
2227 909 2306 963 ita
2340 911 2618 965 adversus
2638 907 3649 964 hancinstitutionem9lneminem

2004 997 2225 1068 recipit.
2265 1000 2389 1052 llrec
2423 998 2738 1064 institutio,
2772 1015 2884 1052 non
2918 998 3044 1053 dico
3091 999 3213 1068 jam
3261 1014 3386 1068 quae
3422 997 3648 1053 futuras

2004 1083 2254 1140 haereses
2309 1086 2754 1156 praenuntiabat,
2812 1087 2911 1142 sed
2945 1087 3012 1140 de
3059 1103 3176 1157 qua
3232 1084 3480 1140 haereses
3522 1103 3651 1157 pro-

2005 1173 2374 1231 dierunt.Sed
2406 1181 2518 1230 non
2554 1177 2791 1231 fuerunt
2821 1192 2889 1230 ex
2922 1173 3042 1239 illa,
3075 1191 3144 1230 ex
3175 1191 3287 1242 quo
3311 1174 3486 1243 facta":
3519 1179 3659 1229 sunt

2008 1263 2285 1318 adversus
2335 1263 2516 1319 illam.
2550 1265 2738 1319 Etiam
2789 1265 2859 1319 de
2905 1263 3066 1318 olivae
3124 1262 3331 1318 nucleo
3381 1261 3563 1328 mitis,
3602 1267 3660 1318 et

2007 1351 2244 1423 optimae
2297 1357 2352 1408 et
2399 1355 2761 1420 necessariae,
2813 1369 2984 1425 asper
3032 1353 3281 1408 oleaster
3335 1351 3593 1406 exoritur
3641 1368 3654 1406 :

2007 1441 2184 1495 etiam
2217 1442 2290 1496 de
2321 1459 2603 1513 papavere
2650 1443 2738 1496 ﬁci
2777 1441 3126 1513 gratissimae
3167 1446 3219 1496 et
3269 1440 3652 1510 suavissimae,

2009 1532 2247 1584 ventosa
2279 1535 2334 1584 et
2367 1547 2510 1585 vana
2541 1531 2852 1602 caprificus
2883 1531 3161 1602 exsurgit.
3195 1534 3283 1584 Ita
3313 1533 3370 1584 et
3408 1529 3657 1586 haereses

2009 1618 2080 1672 de
2104 1622 2300 1672 nostro
2329 1619 2967 1690 fructificaverunt,non
2995 1620 3551 1690 nostrae,degeneres
3573 1635 3663 1674 ve-

2009 1705 2201 1760 ritatis
2232 1723 2432 1778 grano,
2454 1711 2508 1761 et
2533 1707 2832 1762 mendacio
2857 1707 3188 1780 sylvestres.
3217 1729 3245 1758 »
3273 1706 3607 1762 Potuisstne
3628 1725 3661 1764 a

2009 1795 2276 1862 Baronio,
2316 1794 2682 1860 Bellarmino,
2709 1801 2764 1850 et
2795 1795 2926 1850 aliis
2959 1797 3059 1866 qui
3094 1796 3362 1851 Domaan
3395 1795 3660 1852 Ecclesia

2011 1883 2401 1940 addictissimi
2427 1884 2737 1953 habentur,
2768 1885 3006 1956 quidam
3035 1886 3104 1940 de
3128 1885 3229 1940 illa
3251 1891 3351 1940 aut
3388 1886 3661 1958 magnifi-

2011 1973 2240 2028 centius
2265 1976 2366 2027 aut
2401 1971 2689 2027 illustrius
2714 1973 3054 2044 praedicari?
3077 1974 3216 2038 Quis
3256 1975 3514 2030 crederet
3534 1974 3656 2030 hmo

2007 2061 2275 2116 heeretico
2296 2061 2601 2128 homini,et
2619 2063 2687 2116 ab
2714 2060 2966 2116 Ecclesia
2985 2061 3247 2117 Romana
3269 2062 3477 2118 extorri
3501 2062 3651 2118 exci-

2008 2151 2144 2206 dere
2175 2149 2678 2222 potuisse.quibus
2710 2167 2913 2206 omnes
2936 2152 3187 2223 poenitus
3220 2153 3500 2208 adversus
3523 2153 3651 2223 ejus

2009 2240 2143 2294 dem
2204 2238 2468 2295 Ecclesiae
2515 2239 2842 2294 doctrinam
2897 2239 3147 2296 haereses
3207 2232 3592 2312 proﬂigan'tur
3627 2241 3655 2297 ?

2009 2328 2189 2384 Nemo
2223 2345 2488 2401 prorsus,
2520 2328 2620 2400 qui
2653 2346 2766 2384 non
2816 2329 3127 2385 adverterit
3154 2329 3223 2385 ad
3256 2346 3323 2385 ea
3355 2347 3482 2402 quae
3514 2330 3657 2386 hac-

2007 2422 2179 2472 tenus
2210 2434 2277 2472 ex
2309 2418 2416 2472 hoc
2448 2423 2684 2472 auctore
2711 2419 3084 2487 deduximus,
3108 2435 3221 2475 non
3258 2419 3315 2474 id
3353 2418 3575 2476 scilicet
3599 2419 3658 2474 in

2010 2511 2267 2564 mentem
2296 2507 2525 2564 venisse
2558 2509 2955 2576 Montanistis,
2981 2526 3042 2564 se
3073 2509 3146 2564 ob
3178 2523 3384 2564 novam
3418 2508 3661 2581 prophe-

2008 2599 2152 2653 tiam
2183 2613 2248 2651 ac
2279 2596 2650 2669 disciplinam
2687 2598 2758 2653 ab
2782 2597 3169 2653 Ecclesiarum
3205 2597 3656 2670 apostolicarum

2011 2687 2424 2742 communione
2453 2687 2512 2740 in
2560 2686 2630 2741 iis
2683 2703 2811 2758 qua:
2871 2687 3004 2741 fidei
3037 2691 3194 2755 sunt,
3250 2691 3306 2742 et
3355 2687 3412 2742 in
3443 2686 3659 2760 quibus

2013 2792 2249 2830 summa
2279 2775 2526 2831 vertitur
2542 2775 2861 2848 religionis,
2887 2777 3192 2831 excidisse.
3227 2777 3496 2832 Attamen
3519 2775 3658 2849 quia

2011 2881 2126 2920 non
2158 2880 2363 2919 omnes
2401 2865 2803 2933 consentiunt,
2832 2865 3048 2920 librum
3097 2866 3168 2920 de
3200 2865 3656 2936 Praescriptioni-

2011 2953 2122 3008 bus
2154 2970 2187 3007 a
2214 2952 2570 3020 Tertuliano,
2596 2953 2736 3008 dum
2770 2954 2922 3009 inter
2952 2953 3278 3010 Catholicos
3310 2959 3656 3024 versaretur,

2011 3055 2126 3094 non
2186 3038 2367 3094 fuisse
2414 3039 2828 3110 compositum,
2863 3041 3075 3096 addam
3135 3057 3204 3096 ex
3249 3039 3351 3096 lib.
3402 3059 3455 3097 ιν
3509 3046 3662 3098 cont.

2015 3128 2315 3195 Marcion.,
2394 3145 2569 3200 quem
2629 3133 2878 3198 constat,
2943 3134 3255 3202 postquam
3332 3130 3662 3187 simultates

230 3192 496 3292 probent
527 3235 592 3274 se
639 3235 877 3289 quaqua
929 3224 1134 3289 putant
1178 3221 1546 3291 apostolicae.
1581 3192 1705 3277 .Sed
1755 3223 1899 3279 adeo
1931 3192 1974 3259 θ·
2015 3233 2147 3273 cum
2183 3192 2498 3289 Psychicis,
2533 3221 2598 3272 ut
2627 3218 2705 3273 ait
2754 3192 2887 3289 (70),,
2930 3192 3143 3275 habere
3174 3225 3446 3293 ccnperat,
3479 3221 3656 3277 fuisse

231 3325 351 3364 nec
383 3313 547 3375 sunt,
603 3324 709 3363 nec
753 3312 1002 3379 possunt
1059 3309 1304 3379 probare
1356 3311 1507 3382 quod
1561 3329 1673 3367 non
1707 3317 1894 3380 sunt;

234 3415 351 3455 nec
384 3399 758 3469 recipiuntur
784 3397 843 3452 in
872 3414 1094 3470 pacem,
1131 3404 1187 3453 et
1218 3399 1273 3452 in
1306 3401 1894 3457 communicationem

232 3490 314 3544 ab
350 3487 629 3542 Ecclesiis
659 3503 891 3557 quoquo
933 3488 1106 3542 modo
1159 3488 1516 3559 apostolicis,
1571 3490 1794 3546 scilicet
1825 3491 1898 3544 ob

234 3578 648 3632 diversitatem
683 3577 1028 3631 sacramenti
1087 3576 1248 3631 nullo
1282 3578 1454 3632 modo
1485 3580 1831 3650 apostolicae.
1867 3599 1898 3631 ι

236 3667 355 3722 Sed
389 3664 539 3720 nihil
577 3665 930 3720 luculentius
972 3665 1065 3732 iis,
1117 3681 1242 3735 quae
1277 3684 1390 3721 non
1441 3668 1624 3723 multo
1655 3668 1898 3724 inferius

236 3757 316 3811 de
348 3754 666 3827 praecipuis
700 3753 968 3809 Ecclesiis
998 3754 1333 3826 apostolicis
1365 3760 1421 3812 et
1451 3757 1771 3827 praesertim
1796 3758 1897 3813 Ro-

238 3861 448 3910 mana,
479 3842 724 3899 disserit
752 3843 808 3896 in
840 3843 960 3898 haec
989 3844 1164 3899 verba
1193 3845 1307 3915 (69)
1360 3862 1372 3900 :
1425 3865 1452 3896 α
1480 3847 1596 3916 Age
1620 3846 1770 3916 jam,
1799 3846 1898 3917 qui

235 3933 402 3990 voles
434 3933 841 3988 curiositatem
873 3931 1083 3988 melius
1115 3949 1375 3988 exercere
1397 3933 1455 3988 in
1480 3934 1708 4005 negotio
1741 3933 1898 3990 salu-

239 4024 320 4078 tis
350 4031 495 4087 tum,
527 4038 804 4093 percurre
840 4021 1128 4077 Ecclesiae
1160 4021 1529 4094 apostolicae,
1564 4025 1717 4094 apud
1753 4042 1898 4096 quas

239 4113 390 4183 ipsae
424 4113 619 4167 adhuc
651 4112 936 4166 cathedrae
984 4110 1394 4180 Apostolorum
1427 4111 1550 4166 suis
1581 4111 1723 4167 locis
1755 4130 1898 4184 pra:-

243 4203 539 4266 sidentur,
566 4202 722 4273 apud
755 4200 1061 4273 quasipsae
1094 4201 1438 4256 authenticm
1464 4202 1666 4257 littera:
1697 4219 1896 4258 eorum

241 4291 596 4356 recitantur,
629 4295 904 4346 sonantes
934 4305 1157 4356 vocem,
1191 4294 1248 4344 et
1298 4297 1781 4362 repraesentantes
1818 4294 1899 4348 fa-

243 4379 401 4434 ciem
419 4380 910 4449 uniuscujusque.
934 4379 1201 4434 Proxime
1221 4385 1308 4434 est
1331 4380 1434 4434 tibi
1464 4379 1698 4450 Achaia,
1720 4379 1899 4437 habes

251 4467 689 4524 Corinthum.Si
712 4485 826 4523 non
861 4467 1031 4540 longe
1052 4485 1114 4522 es
1137 4485 1171 4522 a
1200 4467 1745 4538 Maccdonia,habes
1767 4470 1899 4524 Phi-

2007 3307 2080 3362 ab
2113 3324 2177 3362 eo
2209 3307 2643 3376 concinnatum,
2675 3307 2868 3362 simile
2899 3309 2967 3362 de
2999 3308 3268 3364 Ecclesiis
3298 3309 3652 3382 apostolicis,

2008 3401 2064 3451 et
2122 3397 2438 3468 praesertim
2497 3396 2797 3462 Romana,
2857 3397 3259 3454 testimonium
3321 3397 3653 3454 adulterum

2009 3485 2229 3540 scilicet
2267 3489 2324 3540 et
2370 3485 2708 3540 hanreticum
2739 3502 2867 3542 esse
2913 3487 3244 3543 habendum
3278 3487 3561 3560 quidquid
3594 3486 3653 3542 in

2008 3574 2183 3629 rebus
2214 3573 2345 3628 fidei
2378 3575 2448 3628 ab
2477 3591 2679 3629 earum
2722 3575 3031 3631 traditione
3072 3577 3310 3647 recedit,
3372 3581 3428 3632 et
3466 3581 3653 3631 extra-

2009 3679 2183 3716 neum
2217 3679 2345 3717 esse
2389 3662 2845 3718 existimandum
2897 3665 3180 3737 quidquid
3213 3683 3346 3720 cum
3391 3665 3508 3721 illis
3540 3682 3654 3721 non

2009 3751 2068 3805 in
2101 3767 2219 3804 una
2249 3752 2570 3824 eademque
2594 3753 2706 3808 fide
2739 3754 3134 3810 communicat
3155 3756 3267 3826 (71.
3290 3778 3316 3804 ‹‹
3338 3756 3402 3810 In
3424 3771 3660 3811 summa

2009 3839 2060 3895 si
2093 3844 2339 3910 constat,
2372 3840 2429 3895 id
2460 3842 2653 3896 verius
2697 3843 2850 3913 quod
2902 3845 3085 3914 prius,
3125 3844 3182 3898 id
3217 3845 3381 3916 prius
3413 3844 3567 3916 quod
3599 3847 3656 3899 et

2009 3929 2083 3983 ab
2112 3928 2299 3995 initio,
2337 3930 2408 3984 ab
2439 3930 2603 3986 initio
2653 3933 2805 4004 quod
2839 3933 2909 3986 ab
2941 3933 3254 4005 Apostolis,
3286 3932 3502 4005 pariter
3527 3933 3656 3987 uti-

2011 4034 2124 4089 que
2174 4019 2482 4086 constabit,
2524 4037 2652 4076 esse
2700 4022 2770 4077 ab
2819 4022 3112 4094 Apostolis
3169 4023 3446 4078 traditum
3497 4022 3650 4094 quod

2009 4108 2164 4179 apud
2197 4109 2483 4164 Ecclesias
2514 4110 2922 4181 Apostolorum
2974 4113 3147 4167 fuerit
3185 4116 3646 4168 sacrosanctum.

2008 4197 2326 4253 Videamus
2357 4200 2512 4270 quod
2555 4199 2643 4256 lac
2691 4217 2724 4255 a
2775 4201 2949 4256 Paulo
2995 4201 3273 4257 Corinthii
3306 4201 3648 4269 hauserint;

2011 4288 2080 4342 ad
2133 4305 2309 4359 quam
2364 4289 2625 4360 regulam
2688 4289 2903 4345 Galatae
2960 4289 3079 4345 sint
3133 4291 3475 4357 recorrecti;
3511 4289 3653 4362 quid

2009 4376 2206 4449 legant
2265 4377 2688 4449 Philippenses,
2755 4378 3327 4444 Thessalonicenses,
3378 4377 3651 4450 Ephesii;

2011 4465 2149 4536 quid
2211 4466 2384 4522 etiam
2448 4466 2693 4522 Romani
2742 4468 2812 4522 de
2861 4468 3122 4539 proximo
3177 4471 3407 4536 sonent,
3440 4467 3656 4540 quibus

249 4557 468 4629 lippos,
498 4558 681 4613 habes
727 4556 1296 4612 Thessalonicenses.
1331 4557 1388 4612 Si
1421 4561 1585 4628 potes
1616 4557 1675 4612 in
1707 4558 1903 4614 Asiam
1934 4562 1982 4627 D
2013 4555 2391 4628 Evangelium
2434 4562 2492 4611 et
2521 4560 2727 4610 Petrus
2766 4560 2823 4610 et
2851 4556 3069 4612 Paulus
3099 4556 3387 4629 sanguine
3420 4573 3655 4630 quoque

245 4648 514 4713 tendere,
548 4647 731 4702 habes
764 4645 1056 4717 Ephesum
1085 4666 1100 4714 ;
1133 4645 1183 4699 si
1215 4649 1408 4701 autem
1437 4646 1611 4701 Italiae
1643 4647 1898 4718 adjaces,

247 4737 439 4791 habes
471 4737 736 4804 Romam,
772 4736 926 4790 unde
957 4734 1125 4789 nobis
1156 4751 1384 4807 quoque
1418 4736 1729 4791 auctoritas
1761 4753 1902 4808 prae-

245 4831 342 4882 sto
376 4831 467 4880 est
499 4843 511 4880 :
548 4830 702 4882 statu
726 4825 860 4881 felix
889 4823 1166 4894 Ecclesia,
1190 4824 1281 4878 cui
1312 4828 1492 4879 totam
1517 4824 1773 4895 Apostoli
1797 4826 1898 4881 do-

243 4917 505 4973 ctrinam
529 4933 666 4970 cum
698 4914 984 4988 sanguine
1015 4931 1120 4970 suo
1140 4914 1542 4985 profuderunt,
1572 4913 1670 4969 ubi
1694 4919 1901 4972 Petrus

244 5006 516 5080 passioni
549 5005 854 5061 dominicae
877 5003 1254 5074 adsequatur;
1284 5003 1380 5057 ubi
1414 5003 1628 5058 Paulus
1657 5003 1902 5061 Joannis

245 5097 414 5152 exitu
461 5100 806 5162 coronatur;
851 5092 952 5147 ubi
985 5092 1282 5165 apostolus
1330 5093 1606 5158 Joannes,
1670 5098 1900 5165 postea-

245 5202 432 5258 quam
462 5185 520 5240 in
555 5184 742 5240 oleum
768 5183 1005 5256 igneum
1041 5182 1364 5249 demersus,
1391 5181 1534 5236 nihil
1560 5198 1769 5252 passus
1792 5186 1901 5249 est,

246 5275 308 5330 in
341 5273 602 5330 insulam
637 5272 949 5346 relegatur.
980 5271 1300 5327 Videamus
1331 5271 1471 5342 quid
1505 5269 1736 5336 dixerit,
1761 5271 1901 5342 quid

248 5361 695 5434 docuerit,quid
729 5377 863 5417 cum
897 5361 1184 5416 Africanis
1217 5376 1451 5432 quoque
1478 5359 1750 5415 Ecclesiis
1773 5377 1904 5416 con-

249 5453 559 5510 tesserarit
587 5471 599 5508 :
641 5468 822 5506 unum
854 5451 1036 5506 Deum
1069 5450 1227 5504 novit
1266 5457 1582 5506 creatorem
1617 5449 1899 5506 universi-

321 5602 438 5669 (69)
461 5599 602 5669 Cap.
639 5596 725 5650 36.

322 5665 435 5742 (70)
468 5665 604 5723 Vid.
639 5683 763 5738 cap.
795 5665 884 5719 23.

2011 4661 2118 4699 suo
2177 4647 2472 4716 signatum
2531 4644 2912 4715 reliquerunt.
2973 4646 3267 4701 Habemus
3307 4651 3364 4703 et
3411 4646 3653 4703 Joannis

2011 4732 2277 4789 alumnas
2334 4735 2638 4789 Ecclesias.
2699 4733 2842 4789 Nam
2884 4739 2940 4790 et
2978 4735 3021 4790 si
3064 4735 3466 4809 Apocalypsim
3525 4738 3652 4809 ejus

2008 4822 2261 4878 Marcion
2295 4824 2535 4894 respuit,
2570 4823 2710 4878 ordo
2760 4827 2954 4879 tamen
2990 4826 3394 4898 episcoporum
3429 4827 3499 4881 ad
3533 4827 3652 4880 ori-

2011 4913 2205 4985 ginem
2237 4929 2529 4978 recensus,
2593 4912 2651 4966 in
2679 4913 2968 4969 Joannem
2998 4914 3177 4970 stabit
3206 4919 3523 4971 auctorem.
3556 4912 3650 4968 Sic

2011 5007 2067 5057 et
2097 5006 2435 5057 czeterarum
2460 5003 2819 5074 generositas
2842 5003 3438 5076 recognoscitur.Dico
3459 5003 3656 5072 itaque

2010 5093 2166 5164 apud
2199 5090 2350 5162 illas,
2413 5108 2517 5147 nec
2568 5091 2723 5147 solas
2745 5093 2870 5162 jam
2932 5091 3306 5165 apostolicae,
3349 5091 3466 5152 ,sed
3499 5090 3653 5160 apud

2011 5181 2312 5236 universas
2345 5197 2468 5251 quce
2501 5181 2616 5235 illis
2649 5181 2718 5234 de
2749 5181 3026 5236 societate
3056 5179 3404 5236 sacramenti
3437 5177 3654 5235 confoe-

2010 5271 2305 5338 derantur,
2339 5269 2396 5323 id
2431 5267 2804 5341 Evangelium
2836 5269 2996 5324 Lucae
3049 5270 3119 5323 ab
3167 5266 3333 5321 initio
3376 5266 3652 5324 editionis

2011 5363 2167 5416 stare
2217 5359 2370 5430 quod
2402 5375 2534 5413 cum
2575 5357 2822 5413 maxime
2854 5362 3107 5412 tuemur.
3143 5376 3170 5404 »
3209 5356 3340 5413 Haec
3369 5358 3648 5430 profecto,

2010 5453 2067 5505 et
2117 5449 2208 5505 his
2267 5447 2481 5503 similia
2513 5465 2641 5519 quae
2670 5447 2820 5518 apud
2864 5463 2996 5502 eum
3057 5445 3276 5520 passim
3335 5452 3652 5508 occurrunt

2083 5595 2192 5666 (71)
2223 5593 2359 5663 Cap.
2391 5591 2444 5644 5.
