4064 6154
415 291 490 352 95
1562 288 1936 353 DISSERTA
1947 290 2077 352 TIO
2119 290 2272 351 APO
2283 292 2669 354 LOGETICA
3736 297 3807 357 96

408 422 582 478 etiam
610 421 667 476 in
707 421 777 478 iis
810 422 978 480 libris
1011 438 1156 496 quos
1178 427 1424 491 constat,
1448 427 1756 495 postquam
1787 424 1858 479 ad
1893 424 2054 478 Mon-
2085 425 2139 491 Α
2172 423 2473 480 Ηωνοῐὶοοει
2527 423 2684 480 enim
2761 423 3226 480 Christianorum
3285 437 3552 491 numero,
3611 426 3805 481 eodem

405 511 527 567 tani
562 512 775 583 dogma
802 512 1076 584 delapsus
1105 514 1300 577 est,ab
1322 529 1388 569 eo
1419 512 1600 570 fuisse
1631 512 2050 585 promulgatos,

407 600 662 656 scribere
687 617 991 673 nunquam
1024 617 1204 656 ausus
1253 602 1479 668 fuisset,
1514 601 1616 674 qui
1657 619 1718 658 se
1748 619 1862 657 non
1899 601 2047 657 exis-

405 688 676 744 timasset
704 689 764 743 in
799 689 1008 744 iisdem
1043 706 1174 744 cum
1207 691 1482 747 Ecclesiis
1522 691 1857 763 apostolicis
1918 691 2050 746 ﬁdei

408 778 782 848 dogmatibus
815 780 1268 835 communicare.
1304 780 1425 834 Non
1459 780 1767 852 ignorabat
1799 780 2050 851 profecto

409 865 826 930 Tertullianus,
859 883 1066 923 novam
1095 869 1166 922 ab
1198 868 1453 925 Ecclesia
1497 870 1753 924 Romana
1783 869 2048 924 damnari

409 955 510 1010 92
562 953 948 1025 prophetiam,
1001 963 1057 1012 et
1102 957 1444 1028 inciplinam
1494 958 1812 1030 reprobari,
1872 975 2049 1030 quam

413 1043 724 1100 Montanus
753 1044 1046 1101 invexerat
1072 1071 1086 1114 ;
1117 1054 1169 1101 et
1199 1052 1395 1102 tamen
1447 1048 1721 1103 Romanae
1759 1048 2049 1112 Ecclesiae,

409 1135 467 1186 et
510 1136 847 1189 ozeterarum
894 1135 1345 1206 apostolicarum
1397 1138 1802 1192 auctoritatem
1833 1137 2052 1208 ubique

407 1221 702 1292 prmdicat,
737 1223 1069 1295 mirumque
1114 1226 1172 1279 in
1232 1225 1473 1280 modum
1531 1224 1774 1292 extollit,
1835 1241 2052 1297 eosque

407 1326 441 1364 a
471 1310 1016 1379 Christianismo,ab
1049 1313 1399 1384 Apostolicis
1421 1319 1478 1369 et
1509 1331 1542 1369 a
1571 1314 1798 1370 Christo
1830 1314 2051 1370 alienos

408 1414 536 1453 esse
569 1400 846 1468 decernit,
879 1401 980 1472 qui
1012 1418 1127 1456 non
1157 1401 1219 1458 in
1250 1418 1427 1457 unam
1459 1404 1844 1474 eamdemque
1877 1404 2050 1458 ﬁdem

409 1503 540 1542 cum
578 1488 848 1544 Ecclesiis
880 1490 1212 1561 apostolicis
1243 1493 1887 1564 conspiraverint.Quod
1920 1509 2051 1564 pro-

412 1576 562 1631 facto
594 1576 920 1634 certissimo
951 1583 1040 1634 est
1069 1586 1434 1651 argumento,
1469 1598 1584 1636 non
1625 1581 1805 1636 fuisse
1835 1585 2051 1637 Monta-

415 1665 587 1721 nistis
618 1682 987 1737 persuasum,
1020 1685 1082 1724 se
1113 1670 1184 1724 ab
1215 1667 1537 1725 Ecclesisite
1565 1669 1860 1725 catholicae
1893 1686 2050 1727 com-

417 1757 696 1812 munione
727 1759 785 1812 in
815 1757 888 1814 iis
920 1775 1044 1829 quae
1076 1760 1208 1814 ﬁdei
1239 1764 1396 1826 sunt,
1428 1760 1729 1816 excidisse.

484 1845 760 1917 Denique,
793 1853 855 1903 ut
883 1847 1193 1904 innumera
1223 1849 1662 1920 praetermittam
1693 1867 1818 1921 quae
1850 1849 1964 1906 huc
1995 1851 2055 1905 in

415 1935 678 1991 eamdem
709 1937 1059 1991 sententiam
1092 1938 1282 1992 afferri
1328 1942 1585 2010 possent,
1617 1955 1813 1994 veram
1844 1938 2056 1995 Christi

407 2023 726 2079 Ecclesiam
759 2041 874 2080 non
905 2024 1084 2080 fuisse
1130 2025 1474 2081 Tertulliani
1501 2027 1722 2096 judicio
1765 2027 1837 2082 ad
1869 2027 2054 2082 solam

409 2113 901 2169 Montanistarum
934 2119 1152 2169 sectam
1186 2119 1560 2183 coarctatam,
1595 2117 1697 2171 sed
1728 2116 2056 2172 Catholicos

414 2219 644 2273 quoque
675 2203 746 2257 ad
781 2219 963 2258 unum
1003 2202 1275 2274 idemque
1319 2203 1582 2259 Ecclesiae
1638 2222 1850 2278 corpus
1879 2208 2056 2277 perti-

414 2291 735 2361 nuisse,ch
747 2308 814 2346 us
845 2291 1110 2347 membra
1131 2293 1400 2363 quamvis
1421 2309 1537 2348 non
1559 2295 1789 2350 easdem
1816 2295 2054 2352 omnino

415 2384 779 2435 sectarentur
811 2396 1038 2435 morum
1070 2379 1466 2436 institutiones
1510 2383 1712 2438 eadem
1757 2382 2056 2439 nihilomi~

414 2486 527 2524 nus
558 2469 692 2533 ﬁde,
724 2468 1052 2540 iisdemque
1083 2470 1466 2525 sacramentis
1506 2470 1654 2527 inter
1710 2488 1771 2527 se
1819 2471 2055 2543 colliga-

413 2562 647 2627 rentur;
680 2574 748 2613 ea
775 2557 1103 2614 luculenter
1125 2560 1463 2627 ostendunt,
1489 2576 1614 2631 quae
1639 2561 1708 2616 de
1739 2560 2055 2616 Christiani

411 2646 668 2702 nominis
690 2647 1070 2719 Ecclesiaaque
1091 2647 1478 2721 amplitudine
1500 2649 1774 2705 adversus
1792 2650 2059 2706 ethnicos

412 2736 680 2808 disputat
709 2737 820 2808 (72)
855 2753 868 2792 :
905 2758 932 2787 «
964 2736 1227 2792 Hesterni
1276 2754 1506 2808 sumus,
1555 2743 1611 2794 et
1641 2743 1831 2794 vestra
1862 2739 2060 2796 omnia

412 2825 790 2896 implevimus
825 2842 838 2880 :
873 2825 1069 2892 urbes,
1111 2825 1356 2892 insulas,
1415 2827 1673 2897 castella,
1718 2829 2058 2901 municipia,

419 2914 827 2979 conciliabula,
870 2918 1062 2970 castra
1100 2916 1249 2986 ipsa,
1305 2915 1515 2982 tribus,
1577 2917 1863 2986 decurias,
1898 2918 2061 2989 pala-

416 3005 567 3059 tium
629 3008 921 3074 senatum,
980 3006 1170 3059 forum
1212 3023 1225 3073 ;
1268 3003 1395 3060 sola
1449 3006 1615 3061 vobis
1674 3005 2062 3078 relinquimus

421 3093 658 3165 templa.
689 3093 791 3148 Cui
825 3091 973 3148 bello
1007 3109 1121 3148 non
1170 3093 1381 3165 idonei,
1414 3111 1528 3149 non
1557 3096 1813 3167 prompti
1847 3097 2062 3153 fuisse-

417 3198 574 3245 mus,
609 3181 782 3235 etiam
813 3180 1066 3252 impares
1098 3181 1301 3252 copiis,
1327 3182 1426 3251 qui
1459 3187 1577 3237 tam
1605 3182 1851 3238 libenter
1881 3185 2059 3240 truci-

417 3268 703 3338 damur,si
734 3285 849 3324 non
881 3270 1034 3340 apud
1066 3269 1239 3324 istam
1274 3270 1646 3342 disciplinam
1671 3273 1857 3344 magis
1879 3272 2062 3328 occidi

417 3358 634 3423 liceret,
665 3375 840 3429 quam
874 3358 1180 3415 occidere?
1211 3358 1517 3415 Potuimus
1555 3365 1612 3415 et
1650 3360 1924 3429 inermes,
1959 3379 2063 3418 nec

421 3446 684 3516 rebelles,
720 3447 820 3502 sed
855 3448 1262 3503 tantummodo
1295 3447 1590 3519 discordes
1621 3447 1805 3505 solius
1835 3449 2066 3505 divortii

425 3535 645 3590 invidia
675 3536 954 3591 adversus
992 3553 1094 3591 vos
1128 3537 1459 3592 dimicasse.
1493 3538 1550 3592 Si
1584 3538 1738 3593 enim
1788 3543 1951 3594 tanta
1979 3539 2066 3594 vis

423 3624 732 3679 hominum
763 3624 822 3679 in
857 3624 1110 3695 aliquem
1135 3625 1290 3680 orbis
1322 3626 1528 3680 remoti
1569 3627 1766 3682 sinum
1798 3628 2066 3699 abrupis-

426 3730 625 3769 semus
669 3730 703 3767 a
744 3713 931 3778 vobis,
986 3713 1331 3768 suffudisset
1361 3715 1566 3786 utique
1606 3716 2066 3772 dominationem

421 3807 676 3856 vestram
709 3805 795 3856 tot
826 3801 1323 3874 qualiumcunque
1379 3803 1620 3859 amissio
1659 3804 1874 3861 civium
1906 3823 1920 3872 ;
1954 3806 2069 3860 imo

424 3892 599 3947 etiam
632 3896 690 3947 et
719 3891 849 3963 ipsa
877 3891 1256 3947 destitutione
1302 3892 1570 3964 punisset
1602 3911 1615 3962 ;
1649 3893 1851 3964 procul
1893 3895 2070 3950 dubio

426 3979 807 4052 expavissetis
839 3980 910 4035 ad
945 3979 1325 4036 solitudinem
1356 3986 1631 4054 vestram,
1663 3983 1735 4037 ad
1770 3981 2071 4040 silentium

426 4087 645 4136 rerum,
680 4073 733 4124 et
764 4073 1062 4141 stuporem
1094 4071 1409 4140 quemdam
1437 4071 1606 4141 quasi
1638 4075 1878 4127 mortuas
1910 4073 2074 4129 urbis

433 4158 795 4229 quzesissetis
826 4159 1042 4231 quibus
1071 4159 1130 4214 in
1163 4176 1231 4216 ea
1260 4159 1678 4230 imperassetis.
1715 4160 1916 4217 Plures
1947 4162 2075 4218 hos-

433 4252 522 4303 tes
565 4265 738 4318 quam
790 4249 942 4305 cives
996 4249 1163 4306 vobis
1228 4250 1670 4317 remansissent,
1704 4267 1860 4306 nunc
1917 4251 2074 4306 enim

435 4337 738 4412 pauciores
787 4338 984 4394 hostes
1033 4338 1263 4394 habetis
1296 4356 1410 4410 prae
1455 4339 1767 4394 multidine
1797 4338 2073 4394 Christia-

436 4445 646 4484 norum
685 4445 831 4500 pene
884 4428 1151 4484 omnium
1195 4427 1430 4499 civium,
1475 4445 1622 4500 pene
1675 4445 1877 4484 omnes
1923 4428 2076 4484 cives

2164 512 2310 567 libro
2344 515 2475 584 (73),
2511 517 2706 585 aperte
2741 512 3036 568 submovit
3089 529 3101 568 :
3149 535 3176 563 «
3225 513 3332 568 Sed
3381 513 3532 568 dicet
3581 513 3804 585 aliquis,

2163 603 2338 656 etiam
2373 602 2442 656 de
2473 603 2689 658 nostris
2716 603 2988 657 excedere
3027 602 3313 673 quosdam
3347 619 3380 657 a
3413 602 3614 674 regula
3642 604 3809 658 disci-

2164 691 2369 762 plinas:
2392 691 2669 746 desinunt
2698 695 2823 746 tum
2856 690 3164 746 Christiani
3206 690 3407 747 haberi
3440 707 3617 763 penes
3649 709 3805 749 nos.»

2162 779 2292 834 Haec
2320 780 2496 851 igitur
2525 779 2799 846 Ecclesia,
2834 781 3005 852 cujus
3025 796 3126 852 per
3153 784 3342 835 totum
3374 780 3592 836 librum
3624 782 3807 837 incul-

2163 872 2329 938 patos
2407 868 2932 939 sanctissimosque
3009 883 3202 924 mores
3278 869 3574 936 describit,
3638 875 3805 942 atque

2160 960 2377 1024 tuetur,
2413 961 2469 1012 et
2516 973 2546 1012 e
2598 958 2766 1027 cujus
2811 958 2944 1012 sinu
2993 957 3231 1028 multos,
3285 958 3387 1027 ait,
3433 958 3490 1013 id
3531 962 3804 1032 temporis

2160 1045 2620 1116 innumerosque
2654 1050 2937 1118 martyres
2967 1047 3545 1119 prodiisse,quorum
3574 1050 3809 1121 sanguis

2163 1151 2360 1190 semen
2391 1139 2512 1190 erat
2543 1135 3032 1202 Christianorum,
3067 1152 3254 1207 neque
3307 1136 3609 1194 haereticos
3656 1155 3806 1194 com-

2163 1223 2554 1294 plectebatur,
2635 1240 2824 1294 neque
2882 1224 3039 1280 solos
3096 1225 3509 1294 Montanistas,
3566 1227 3666 1282 sed
3723 1227 3805 1283 vel

2163 1312 2413 1367 maxime
2444 1312 2790 1379 Catholicos,
2824 1313 2924 1384 qui
2956 1317 3139 1369 ut'est
3167 1315 3320 1386 apud
3352 1315 3626 1371 eumdem
3667 1317 3807 1372 Ter-

2161 1401 2476 1456 tullianum
2530 1403 2666 1472 (74),
2720 1403 2790 1458 de
2822 1400 3198 1458 multitudine
3239 1402 3659 1476 gloriabantur,
3691 1411 3749 1460 et
3775 1421 3806 1460 e

2165 1490 2380 1561 quibus
2403 1491 2503 1545 63
2518 1490 3121 1557 constat,innumeros
3139 1508 3253 1564 prae
3278 1491 3408 1547 aliis
3436 1493 3611 1550 sectis
3633 1493 3810 1551 fuisse

2166 1584 2449 1650 martyres
2479 1584 2806 1635 coronatos.
2841 1581 3116 1635 Attamen
3147 1597 3305 1647 cum,
3337 1581 3682 1638 Tertulliani
3711 1585 3806 1653 ju-

2165 1667 2332 1734 dicio,
2392 1685 2504 1739 quo
2561 1671 2823 1740 tempore
2889 1669 3326 1742 Apologeticum
3398 1671 3806 1743 promulgavit,

2164 1773 2372 1828 nempe
2401 1757 2460 1811 in
2493 1757 2684 1813 medio
2742 1761 2885 1813 aestu
2937 1759 3378 1830 persecutionis,
3423 1759 3537 1832 ipsi
3581 1777 3810 1833 quoque

2167 1845 2530 1901 Montanistaa
2587 1846 3016 1902 Catholicorum
3090 1863 3336 1904 numero
3411 1854 3805 1919 censerentur,

2166 1935 2544 1990 manifestum
2575 1939 2681 2000 est,
2733 1952 2801 1990 ex
2847 1936 2921 1991 iis
2973 1939 3032 1991 et
3076 1936 3230 1992 veris
3279 1937 3588 1994 Catholicis
3635 1955 3813 1995 unam

2165 2025 2564 2094 eamdemque,
2599 2039 2666 2078 ex
2709 2025 2837 2095 ejus
2887 2025 3178 2080 sententia
3225 2025 3440 2082 Christi
3499 2026 3812 2084 Ecclesiam

2163 2113 2515 2179 constitisse,
2551 2129 2676 2184 quae
2709 2113 2842 2168 licet
2872 2113 3088 2185 ubique
3134 2131 3250 2170 non
3295 2116 3530 2171 easdem
3562 2116 3801 2171 omnino

2165 2218 2394 2259 morum
2413 2201 2810 2257 institutiones
2836 2206 3185 2275 usurparet:
3209 2220 3394 2259 unum
3423 2209 3618 2260 tamen
3640 2203 3816 2261 idem-

2167 2307 2277 2362 que
2325 2290 2625 2362 religionis
2676 2307 2889 2362 corpus
2948 2292 3239 2348 censenda
3301 2297 3476 2362 esset,
3547 2295 3704 2365 quod
3751 2295 3809 2350 in

2166 2380 2368 2434 eadem
2401 2380 2535 2435 fidei
2567 2380 2841 2452 dogmata
2889 2382 3270 2453 conspiraret,
3303 2381 3631 2455 iisdemque
3678 2383 3812 2438 fidei

2167 2469 2550 2536 sacramentis
2580 2473 2858 2524 uteretur.

2238 2557 2388 2612 VIII.
2430 2557 2620 2613 Tertio
2670 2559 2996 2614 notandum
3049 2561 3162 2624 est,
3209 2559 3266 2614 id
3315 2560 3470 2631 quod
3521 2559 3698 2616 etiam
3747 2576 3816 2615 ex

2168 2646 2490 2720 praemissis
2537 2649 2745 2718 sponte
2796 2664 2905 2702 sua
2963 2647 3318 2719 profiscitur,
3382 2648 3814 2704 Catholicorum

2168 2741 2453 2808 martyres
2476 2735 2656 2790 fuisse
2677 2752 2710 2789 a
2743 2735 3116 2793 Montanistis
3145 2753 3250 2808 pro
3275 2736 3430 2793 veris
3460 2737 3820 2809 martyribus

2169 2826 2569 2890 sastimatos,et
2589 2826 2660 2880 ad
2683 2841 2885 2881 eorum
2909 2827 3320 2897 quoquomodo
3344 2826 3820 2882 communionem

2169 2915 2325 2970 viam
2373 2915 2692 2971 alfectasse.
2755 2914 3084 2970 Catholicos
3142 2915 3381 2987 quidem
3443 2920 3730 2988 martyres
3789 2932 3825 2970 a

2172 3003 2656 3060 Montanistarum
2680 3004 3098 3059 communione
3120 3003 3822 3072 abhorruisse,memorias

2174 3093 2430 3165 prodidit
2459 3093 2727 3148 Asterius
2778 3092 3068 3160 Urbanus,
3105 3109 3218 3149 non
3251 3093 3393 3149 item
3441 3092 3822 3149 Montanistas

2173 3181 2602 3238 Catholicorum
2634 3185 2955 3253 martyrum
2993 3183 3468 3238 communionem
3497 3197 3626 3238 esse
3655 3198 3822 3237 aver-

2173 3277 2332 3327 satos
2365 3271 2478 3341 (75)
2512 3288 2524 3326 :
2560 3293 2586 3320 «
2623 3271 3033 3340 Quamobrem,
3087 3271 3301 3344 inquit,
3355 3271 3822 3342 quotiescunque

2173 3359 2439 3416 Ecclesia}
2462 3359 2567 3413 viri
2587 3359 2657 3414 ad
2679 3360 3021 3431 martyrium
3042 3377 3145 3431 pro
3162 3377 3299 3416 vera
3313 3361 3427 3416 ﬁde
3444 3361 3710 3416 subeund
3723 3376 3823 3414 um

2173 3449 2382 3514 vocati,
2416 3466 2534 3503 una
2564 3465 2698 3503 cum
2731 3449 3085 3518 quibusdam
3137 3450 3210 3504 de
3257 3448 3552 3522 Phrygum
3595 3447 3828 3514 haeresi,

2178 3539 2276 3610 qui
2329 3542 2615 3609 martyres
2675 3537 2969 3605 dicuntur,
3021 3553 3157 3592 casu
3230 3538 3485 3609 quodam
3559 3536 3827 3605 coierint,

2177 3643 2408 3698 semper
2462 3627 2534 3681 ab
2589 3625 2705 3681 illis
2754 3625 3114 3681 dissentiunt
3176 3643 3190 3682 :
3246 3631 3305 3681 et
3351 3625 3829 3682 communionem

2179 3733 2376 3772 eorum
2402 3714 2648 3770 sollicite
2670 3715 2942 3785 vitantes,
2967 3713 3291 3786 gloriosum
3314 3715 3577 3787 martyrii
3609 3715 3834 3771 exitum

2181 3809 2661 3876 consequuntur;
2694 3804 2913 3875 quippe
2945 3804 3045 3874 qui
3080 3803 3341 3859 Montani
3371 3810 3430 3859 et
3459 3803 3840 3859 muliercula-

2182 3911 2309 3950 rum
2336 3893 2567 3966 spiritui
2591 3909 2901 3948 assensum
2920 3893 3292 3948 commodare
3315 3893 3478 3948 nefas
3494 3893 3843 3948 ducant.At-

2183 4000 2296 4054 que
2318 3983 2373 4037 id
2394 3999 2593 4037 verum
2616 3997 2744 4037 esse
2769 3985 2996 4037 constat
3016 3998 3084 4036 ex
3107 3980 3182 4037 iis
3212 3997 3339 4052 quae
3360 3986 3560 4038 nostra
3579 3984 3747 4036 atate
3769 3979 3838 4036 in

2184 4073 2328 4127 urbe
2355 4073 2755 4143 Apamea,quze
2789 4071 2858 4124 ad
2883 4069 3228 4125 Meandrum
3251 4070 3364 4126 sita
3384 4073 3666 4142 est,gesta
3691 4073 3845 4125 sunt

2185 4179 2218 4217 a
2247 4161 2382 4216 Caio
2439 4165 2496 4215 et
2550 4159 2876 4214 Alexandro
2907 4158 3284 4231 martyribus,
3318 4157 3586 4214 oriundis
3617 4158 3844 4213 Eume-

2187 4251 2303 4306 nia.
2339 4272 2366 4300 »
2401 4249 2589 4319 Hujus
2621 4264 2849 4319 quoque
2875 4248 2957 4303 rei
2990 4248 3303 4304 manifesta
3331 4247 3501 4304 nobis
3531 4264 3600 4304 ex
3627 4249 3849 4304 eodem

2186 4337 2545 4394 Tertulliano
2577 4340 2901 4408 suppetunt
2957 4341 3306 4409 argumenta
3357 4352 3370 4392 :
3417 4336 3710 4409 imprimis
3769 4354 3853 4393 ex

2184 4428 2333 4482 libro
2375 4427 2444 4482 ad
2491 4427 2794 4498 Martyras,
2840 4425 2939 4497 qui
2989 4442 3122 4481 cum
3158 4427 3382 4481 furente
3431 4425 3853 4498 persecutione

430 4517 793 4573 Christianos
845 4518 1131 4574 habendo.
1193 4518 1305 4573 Sed
1374 4518 1572 4574 hostes
1631 4517 1923 4573 maluistis
1977 4535 2075 4572 vo-
2109 4520 2156 4584 D
2188 4518 2380 4573 editus
2412 4515 2604 4582 fuerit,
2657 4515 2885 4570 nullum
2931 4515 3178 4570 dubium
3223 4519 3312 4571 est
3344 4515 3489 4585 quin
3519 4515 3592 4570 ad
3625 4530 3852 4571 eorum

429 4606 546 4660 cari
603 4606 834 4677 generis
891 4605 1138 4661 humani
1206 4606 1402 4678 potius
1459 4623 1634 4679 quam
1695 4606 1909 4662 erroris
1966 4607 2076 4662 hu-

428 4694 611 4749 mani.
657 4717 679 4746 »
726 4699 857 4750 Haec
899 4695 971 4750 de
1012 4693 1152 4750 solis
1190 4695 1570 4752 Montanistis
1629 4695 1875 4767 intelligi
1937 4712 2078 4751 sane

433 4801 550 4840 non
607 4787 876 4855 possunt.
939 4783 1253 4855 Nunquam
1312 4785 1468 4840 enim
1547 4785 1667 4840 haac
1727 4790 1885 4841 secta
1937 4786 2078 4840 adeo

434 4872 716 4946 pomoeria
745 4889 851 4928 sua
880 4871 1167 4929 dilatavit.
1223 4874 1330 4930 Sed
1389 4891 1577 4946 neque
1634 4875 1704 4929 de
1732 4873 2080 4929 Christianis

432 4967 607 5036 prout
662 4960 839 5017 etiam
899 4961 1152 5018 haeretici
1213 4963 1320 5019 hoc
1379 4963 1615 5018 nomine
1682 4963 2078 5018 continentur.

501 5127 614 5200 (7'2)
637 5126 883 5200 Apolog”
913 5140 1039 5200 cap,
1059 5124 1163 5200 _37.

525 5198 619 5271 73')
651 5198 836 5271 Ibid.,_
856 5213 982 5269 cap.
1013 5198 1099 5250 46.

522 5265 616 5337 7-4)
645 5270 766 5324 Lib.
802 5268 870 5325 de
903 5265 1432 5337 Ihiunztchaps/io.

503 5331 616 5412 (75)
673 5343 826 5402 Ὅθεν
877 5331 967 5394 τοί
1010 5337 1098 5392 καὶ
1159 5331 1368 5412 ἐπξὶδάν
1416 5335 1493 5412 οἱ⁵
1534 5333 1621 5412 ἐπὶ
1666 5335 1730 5389 τὸ
1787 5343 1896 5412 τῆς.
1950 5339 2083 5393 κατὰ

438 5405 693 5481 ἆλῆθέιαν
773 5410 1003 5482 πίστεως
1073 5405 1365 5482 μαρτύριον
1441 5405 1759 5482 κληθέντεςΔ
1805 5409 1910 5462 ἀπὸ
1981 5418 2080 5479 τῆς

439 5479 766 5554 Ἐκκλησίας
822 5481 1038 5554 ﬁlms-5
1095 5479 1229 5554 μὲτᾴ
1277 5500 1439 5533 τινων
1499 5482 1605 5554 τῷν
1667 5479 1773 5554 διπρ
1827 5487 1927 5554 τῆς
1972 5487 2078 5536 τῶν

435 5542 668 5631 Φρυγῷν
721 5542 976 5631 stipatas-:3):
1023 5542 1336 5631 λεῆρμὲνων
1383 5542 2083 5631 μᾳρτύρωνηδιᾳφέρογταί

438 5623 500 5684 τέ
524 5623 658 5702 πρὸς
693 5623 909 5696 αὐτοὺς,
950 5624 1038 5678 καὶ
1216 5623 1638 5694 κοινωνήὰανὲες
1674 5623 1856 5687 αὐτοῖξ
1902 5623 2083 5680 ’τελει-

2189 4606 2433 4661 classem
2465 4605 2770 4677 pertineat,
2807 4621 2955 4676 quos
3013 4604 3154 4659 dum
3210 4603 3271 4659 in
3330 4603 3590 4659 Montani
3625 4604 3858 4660 castris

2191 4695 2489 4762 militaret,
2523 4693 2902 4749 elucubravit.
2934 4694 3169 4749 Certum
3201 4697 3398 4748 autem
3428 4691 3723 4765 imprimis
3749 4698 3860 4749 est

2189 4785 2345 4841 hunc
2369 4784 2582 4839 librum
2612 4783 2860 4849 veris,ex
2889 4781 3234 4838 Tertulliani
3258 4798 3493 4854 quoque
3519 4782 3856 4854 sententia,

2190 4873 2404 4929 Christi
2434 4872 2789 4944 martyribus
2843 4870 3026 4926 fuisse
3077 4875 3507 4942 nuncupatum,
3574 4874 3641 4925 ut
3688 4887 3864 4943 quos

2190 4961 2519 5016 innumeris
2549 4960 2823 5016 laudibus
2852 4957 3138 5028 cumulat,
3163 4962 3221 5014 et
3247 4959 3584 5015 benedictos
3613 4959 3864 5030 passim

2195 5127 2400 5189 οὖνται,
2451 5117 2531 5175 διὲ
2576 5120 2638 5193 τὸ
2692 5119 2766 5192 μὴ
2804 5115 3090 5193 βούλεσθαι
3150 5115 3572 5193 συγκατᾳθέσθαι
3625 5120 3701 5193 τῷ
3761 5114 3881 5193 ᾃ-ιᾶι

2195 5187 2471 5248 Μοντπκᾷοὖ
2547 5191 2635 5245 καὶ
2693 5187 2820 5266 ad)?
2896 5193 3164 5266 γυναικῶν
3225 5187 3529 5266 ”πνεύματι,
3572 5187 3684 5266 aui
3767 5189 3876 5244 ὅτι

2192 5271 2351 5320 τοῦτο
2385 5262 2584 5336 ἀληθὲς
2616 5262 2704 5316 καὶ
2738 5261 2823 5336 ἐπὶ
2852 5258 2958 5336 ὐςῶν
2988 5263 3270 5336 ἡμετερῷν
3299 5258 3522 5336 χρόνων
3569 5258 3620 5336 ἐγ
3671 5261 3876 5336 ’Δπᾳ-

2198 5339 2320 5410 psi;
2360 5338 2430 5406 τῇ
2472 5331 2626 5422 ς’πρὸς
2687 5331 3316 5422 Μαιάνὶδρθθκὲεθγχὲάνεί
3346 5331 3755 5422 ⁷γεῖενὶξὲνον,’
3801 5332 3871 5386 ἐν

2198 5352 2320 5410 μεέᾳ
2360 5357 2428 5406 τῃ
2493 5356 2626 5408 προς
2687 5352 2979 5409 Μαιανορῳ
3036 5352 3294 5422 τυγχανει
3347 5352 3736 5458 ἔεκὲενημενον,
3801 5352 3871 5386 εν

2191 5416 2306 5470 τοῖς
2364 5407 2487 5478 περὶ
2567 5409 2718 5460 Γάϊον
2768 5406 2875 5478 διαὶ
2925 5402 3276 5478 Ἀλεξανορον
3381 5425 3445 5478 πῖ
3517 5403 3878 5478 Εὐμενείας,

2198 5474 2616 5607 μαρτυιρὲξσαντι,
2676 5474 2977 5553 πρόδηλον.
3054 5474 3221 5550 Apud
3281 5477 3512 5546 Euseb.,
3595 5474 3696 5532 lib.
3799 5495 3844 5532 v

2198 5573 2322 5607 can.
2429 5594 2440 5606 .

2193 5573 2322 5627 cap,
2364 5573 2440 5607 ιο.

3853 5524 3878 5549 3
