4050 6172
204 364 279 421 97
1007 354 1161 416 PRO
1207 353 1314 415 SS.
1362 354 1804 429 PEItPE'I‘UA,
1852 354 2319 417 FELICITATE
2367 356 2464 418 ET
2509 357 2779 420 SOCIIS.
3039 389 3061 402 -
3518 362 3598 422 98

208 487 465 562 appelllat
495 488 648 557 (76):
710 508 738 535 «
775 487 934 542 Inter
982 487 1172 543 carnis
1225 486 1502 542 alimenta
1550 489 1837 544 benedicti
1871 493 1925 558 Α
1953 493 2367 556 tur,auctorem
2400 492 2817 546 montanistam
2847 492 3265 548 catholicorum
3293 499 3420 548 acta
3444 511 3599 549 mar-

209 583 478 648 martyres
508 575 822 647 designati.
857 576 1156 647 Imprimis
1187 593 1323 648 ergo
1369 577 1678 641 benedicti,
1730 583 1838 633 etc.
1954 583 2146 648 tyrum
2183 580 2241 631 in
2273 577 2463 633 lucem
2493 579 2661 634 edere
2693 580 2966 647 voluisse,
3028 587 3086 636 et
3147 583 3216 636 ad
3261 582 3597 639 habendum

209 669 324 737 (77).
356 667 487 731 Quo
517 681 622 720 vos
653 663 945 720 benedicti
975 665 1045 719 de
1099 681 1346 735 carcere,
1404 671 1513 720 etc.
1567 667 1700 734 (78).
1753 665 1844 720 Sic
1956 682 2089 720 cum
2121 665 2238 720 illis
2269 669 2742 724 communionem
2774 687 2914 725 sues
2946 671 3124 726 fuisse
3167 670 3541 726 adhortatum
3571 672 3599 726 ‘?

208 771 348 812 nunc
378 753 702 820 benedicti,
736 758 847 809 etc.
904 753 1149 809 Proinde
1205 770 1306 809 vos
1354 753 1691 823 benedictae,
1733 758 1844 810 etc.
1956 756 2041 808 An
2075 755 2130 809 id
2165 756 2350 827 magis
2382 756 2734 825 mirandum,
2761 774 2936 829 quam
2957 761 3109 832 quod
3145 761 3214 814 ad
3246 776 3364 828 eos,
3399 766 3604 816 auctor

207 846 326 916 (79).
363 844 502 898 Haec
533 842 822 899 benedicti
852 860 968 899 non
1001 843 1128 898 sine
1149 860 1345 910 causa,
1371 848 1478 898 etc.
1508 865 1534 892 ››
1559 843 1848 909 Secundo,
1960 841 2232 897 similiter
2263 844 2859 913 montanista,librum
2893 863 3091 902 eorum
3124 847 3400 903 laudibus
3428 850 3602 904 refer-

209 935 438 990 tsi-tium
474 938 584 1000 est,
604 933 733 999 hos,
758 949 903 1003 quos
924 933 1104 989 tantis
1124 933 1627 988 benedictionibus
1650 948 1852 988 cumu-
1961 936 2088 984 tum
2123 933 2551 988 communionis
2584 934 2789 1004 utique
2836 935 3190 1006 symbolum,
3242 936 3550 992 destinarit
3581 936 3608 990 ?

208 1022 298 1088 lat,
330 1026 394 1078 et
424 1023 502 1077 ad
534 1021 745 1078 cmlum
773 1039 960 1095 usque
980 1022 1252 1078 laudibus
1277 1022 1462 1090 effert,
1487 1039 1603 1077 non
1631 1026 1854 1076 monta-
1965 1024 2066 1074 aut
2084 1020 2238 1090 quod
2257 1021 3112 1092 apostolicarumEcclesiarum
3137 1025 3607 1081 communionem

209 1113 390 1167 nistas
424 1112 613 1167 fuisse
644 1115 950 1184 martyres,
983 1112 1084 1168 sed
1124 1111 1461 1177 catholicos,
1512 1116 1613 1167 aut
1641 1129 1710 1167 ex
1764 1110 1854 1165 his
1970 1123 2221 1177 quarum
2252 1109 2405 1164 inter
2434 1112 2728 1183 praecipua
2759 1112 3021 1167 membra
3057 1118 3340 1183 martyres
3372 1130 3611 1184 compu-

210 1200 416 1257 saltem
441 1200 760 1272 plurimam
777 1217 977 1256 eorum
1004 1205 1230 1272 partem
1253 1201 1606 1257 constitisse.
1634 1201 1695 1254 Id
1720 1217 1854 1254 con-
1969 1200 2191 1264 tantur,
2227 1201 2526 1272 tantopere
2558 1202 2986 1258 commendarit
3013 1202 3042 1256 ‘I
3073 1203 3213 1268 Quis
3237 1203 3412 1256 etiam
3445 1202 3521 1256 mi
3533 1219 3613 1256 rc-

211 1295 321 1346 stat
354 1306 424 1344 ex
454 1289 645 1360 capite
675 1289 884 1360 primo,
926 1289 1025 1343 ubi
1059 1305 1157 1345 eos
1213 1290 1286 1344 ad
1333 1293 1601 1344 mutuam
1655 1303 1856 1358 pacem
1967 1291 2065 1341 tur
2122 1288 2546 1345 Tertullianum
2607 1291 2837 1363 magnis
2918 1295 3261 1362 Perpetuam
3336 1290 3612 1346 laudibus

213 1379 297 1433 his
330 1377 532 1432 verbis
563 1377 940 1433 adhortatur:
975 1378 1079 1433 94
1109 1400 1136 1428 «
1169 1377 1354 1442 Quam
1386 1392 1588 1449 pacem
1620 1376 1861 1448 quidam
1970 1376 2253 1444 atiecisse,
2288 1377 2743 1451 fortissimaque
2795 1381 3069 1451 martyris
3132 1380 3416 1451 prmconio
3449 1396 3612 1435 exor-

213 1467 266 1521 in
311 1465 578 1521 Ecclesia
605 1482 718 1521 non
748 1465 1032 1522 habentes
1061 1483 1096 1521 a
1126 1466 1482 1538 martyribus
1525 1465 1583 1520 in
1635 1479 1862 1520 carcere
1973 1481 2145 1520 nasse
2175 1466 2202 1519 ‘?
2232 1471 2440 1522 Annon
2473 1467 2658 1538 magis
2699 1469 3053 1540 mirandum,
3103 1470 3252 1541 quod
3302 1468 3620 1524 catholicos

215 1572 461 1611 exorare
493 1560 937 1611 consueverunt.
971 1556 1037 1610 Et
1068 1555 1196 1610 ideo
1222 1572 1349 1611 eam
1364 1556 1538 1610 etiam
1563 1558 1866 1626 prOpterea
1976 1559 2280 1625 martyres,
2316 1555 2374 1609 in
2410 1555 2557 1610 libro
2590 1557 2736 1628 ipsis
2766 1564 3127 1630 nuncupata,
3159 1564 3244 1613 tot
3277 1559 3624 1614 benedictio-

215 1647 275 1700 in
307 1643 486 1700 vobis
513 1643 744 1711 habere,
777 1648 835 1699 et
866 1644 1158 1700 custodire
1186 1645 1432 1709 debetis,
1482 1648 1548 1698 ut
1596 1644 1644 1698 si
1699 1643 1865 1708 forte,
1977 1642 2152 1698 nibus
2183 1644 2516 1714 cumularit,
2552 1647 2708 1717 quod
2739 1663 2940 1702 eorum
2984 1647 3319 1702 certaminis
3352 1672 3372 1696 ι
3408 1663 3625 1717 ageno-

219 1738 280 1788 et
313 1732 450 1787 aliis
490 1737 754 1804 prastare
784 1733 1041 1804 possitis.
1068 1755 1097 1782 »
1127 1734 1231 1788 Hic
1261 1733 1417 1788 enim
1440 1731 1868 1789 Catholicorum
1977 1730 2196 1786 thetem
2236 1754 2256 1780 ο
2293 1749 2420 1787 esse
2450 1733 2661 1788 dixerit
2691 1735 2802 1806 (80)
2850 1758 2876 1785 ((
2912 1735 3091 1790 Deum
3141 1736 3355 1800 vivum,
3397 1739 3624 1806 xystar-

219 1839 358 1877 mos
390 1821 518 1889 fuit,
547 1827 613 1876 ut
640 1823 1050 1878 communione
1080 1823 1151 1878 ob
1185 1822 1427 1877 crimina
1459 1821 1730 1893 capitalia
1773 1821 1870 1875 dc-
1905 1885 1945 1893 _
1983 1819 2157 1874 chum
2189 1822 2286 1878 95
2325 1822 2606 1892 Spiritum
2641 1829 2932 1891 sanctum,
2984 1840 3255 1879 coronam
3291 1824 3627 1879 mter-uitatis

216 1910 388 1980 jecti,
421 1885 742 1980 martyrum
777 1925 945 1980 opem
987 1909 1382 1982 implorarent.
1437 1885 1609 1965 Porro
1659 1909 1872 1964 Catbo-
1905 1885 1952 1949 B
1982 1885 2550 1982 bravium,angelicze
2582 1885 2928 1966 substantiae
2950 1912 3209 1983 politiam
3235 1913 3290 1966 in
3324 1912 3630 1984 cmlis,glo-

224 1997 326 2054 lici
386 1999 460 2052 ad
519 1998 926 2068 Montanistas,
986 1999 1202 2070 quibus
1258 2000 1520 2054 sciebant
1583 1996 1874 2069 ejusmodi
1985 1996 2133 2052 riam
2166 1998 2226 2053 in
2257 1997 2471 2054 szecula
2503 1999 3059 2066 saeculorum?»Quis
3089 2001 3338 2073 denique
3362 2003 3625 2070 miretur,

225 2086 505 2142 Ecclesia
535 2087 831 2144 catholica
876 2103 1094 2145 morem
1139 2093 1196 2144 et
1240 2087 1724 2144 consuetudinem
1774 2087 1877 2140 im-
1987 2087 3212 2158 Perpetuzevisionibusutieumvoluissead
3241 2091 3626 2162 probandum,

224 2176 469 2248 probari
502 2177 746 2233 minime
776 2177 1197 2249 confugissent.
1247 2177 1462 2242 Tertio,
1519 2181 1742 2232 certum
1793 2178 1881 2229 est
1990 2175 2146 2231 solos
2180 2181 2314 2232 ante
2337 2177 2484 2233 diem
2506 2177 2706 2247 iudicii
2737 2177 3017 2233 solemnis
3039 2184 3325 2252 martyres
3347 2180 3404 2234 in
3422 2180 3631 2236 cmlum

225 2269 544 2338 martyres,
578 2266 646 2321 ad
688 2283 836 2337 quos
885 2266 1172 2338 ejusmodi
1225 2266 1439 2321 librum
1488 2265 1882 2322 Tertullianus
1991 2265 2220 2337 recipi?
2249 2266 2372 2322 Non
2397 2271 2486 2322 est
2508 2268 2761 2339 profecto
2793 2267 2848 2321 id
2873 2267 3061 2340 magis
3094 2269 3635 2340 mirandum,quam

224 2356 569 2423 destinavit,
603 2373 636 2411 a
665 2373 774 2412 sua
811 2356 1221 2412 communione
1273 2355 1493 2411 alienos
1542 2356 1880 2427 neutiquam
1994 2355 2150 2424 quod
2185 2354 2382 2410 Rutilii
2417 2356 2690 2429 martyris
2725 2356 2782 2410 in
2817 2355 2963 2411 libro
2996 2357 3275 2413 adversus
3320 2357 3634 2412 Ecclesiam

224 2445 579 2501 credidisse.
618 2446 726 2501 Eos
755 2445 912 2500 enim
943 2449 1127 2517 rogat,
1187 2445 1341 2516 quod
1402 2445 1557 2499 inter
1605 2444 1885 2500 alimenta
1995 2441 2365 2515 promulgato
2397 2461 2531 2498 cum
2565 2443 2751 2499 multa
2781 2444 2952 2500 laude
3004 2446 3338 2502 meminerit
3393 2447 3639 2517 ejusque

226 2534 455 2604 carnis,
489 2551 617 2605 quae
646 2533 764 2588 illis
797 2533 1048 2589 Ecclesia
1079 2533 1586 2596 subministrabat,
1609 2539 1664 2588 et
1682 2533 1790 2587 hoc
1813 2532 1884 2587 ab
1996 2531 2257 2602 exemplo
2283 2549 2428 2587 usus
2461 2531 2634 2587 fuerit
2663 2533 2732 2587 ad
2754 2534 3490 2606 probandum,fugiendam
3523 2551 3638 2590 non

226 2639 296 2679 eo
331 2621 759 2677 munusculum
791 2621 1134 2692 acciperent,
1168 2623 1322 2692 quod
1375 2621 1447 2676 ad
1493 2622 1886 2693 saginandum

229 2711 518 2783 spiritum
548 2712 788 2779 faceret;
822 2712 978 2782 quod
1017 2715 1169 2766 certe
1201 2714 1415 2766 mutuae
1455 2710 1889 2766 communionis

230 2801 557 2855 indubium
593 2804 681 2855 est
726 2804 1158 2870 argumentum.
1218 2799 1452 2855 Certum
1509 2798 1760 2870 denique
1802 2803 1892 2854 est

230 2889 564 2945 Ecclesiam
598 2905 724 2960 qua
750 2888 1017 2944 laudatos
1049 2892 1331 2962 martyres
1362 2888 1658 2945 alimentis
1697 2888 1892 2943 carnis

233 2984 532 3050 tanquam
565 2977 662 3049 pia
693 2983 880 3033 mater
909 2978 1152 3045 fovebat,
1204 2993 1397 3033 veram
1437 2977 1649 3033 Christi
1700 2976 1892 3032 Eccle-

236 3068 420 3136 siam,
455 3065 801 3122 Tertulliani
848 3083 1080 3138 quoque
1127 3067 1352 3138 judicio
1412 3067 1626 3122 fuisse:
1680 3067 1896 3120 «Inter

243 3155 446 3210 carnis
482 3156 762 3210 alimenta
792 3155 1079 3210 benedicti
1113 3160 1395 3227 martyres
1427 3155 1718 3227 designati
1769 3170 1894 3226 quea

1997 2635 2124 2674 esse
2155 2620 2617 2692 persecutionem
2651 2623 2790 2694 quia
2820 2622 2966 2678 nihil
2999 2624 3134 2694 fuga
3169 2624 3371 2696 prosit,
3405 2625 3454 2679 si
3485 2624 3638 2680 Deus

1999 2708 2160 2764 nolit.
2195 2732 2223 2758 «
2259 2709 2511 2766 Rutilius
2542 2711 2917 2767 sanctissima
2966 2717 3204 2786 martyr,
3239 2730 3371 2769 cum
3404 2714 3639 2782 totiens,

2000 2796 2194 2867 inquit
2249 2798 2384 2870 (81),
2443 2799 2692 2869 fugisset
2750 2801 3216 2871 persecutionem
3277 2803 3348 2856 de
3405 2802 3529 2857 loco
3585 2801 3646 2857 in

2001 2884 2401 2955 locum,etiam
2432 2887 2756 2959 periculum
2789 2892 2878 2956 (ut
2909 2889 3170 2960 putabat)
3202 2890 3463 2944 nummis
3487 2890 3651 2944 rede-

2005 2973 2229 3040 misset,
2263 2979 2396 3045 post
2426 2980 2608 3030 totam
2641 2976 3036 3043 securitatem,
3089 2993 3264 3047 quam
3323 2977 3435 3032 sibi
3489 2993 3654 3049 pros-

2008 3069 2265 3135 pexerat,
2299 3079 2366 3119 ex
2388 3063 2688 3137 inopinato
2721 3065 3206 3138 apprehensus,et
3232 3066 3464 3138 praesidi
3495 3065 3656 3121 obla-

2008 3158 2124 3223 tus,
2160 3153 2468 3209 tormentis
2496 3154 2836 3226 dissipatus,
2872 3156 3064 3223 credo,
3099 3173 3200 3227 pro
3233 3157 3381 3229 fugae
3415 3155 3664 3228 castiga-

240 3245 414 3300 vobis
447 3249 505 3299 et
533 3244 775 3299 domina
801 3247 986 3300 mater
1002 3243 1259 3300 Ecclesia
1279 3245 1350 3299 de
1375 3244 1654 3300 uberibus
1676 3244 1822 3309 suis,
1846 3250 1899 3297 et
1930 3250 1972 3316 α
2010 3241 2188 3311 tione,
2238 3242 2445 3298 dehinc
2503 3243 2738 3315 ignibus
2798 3245 2994 3311 datus,
3056 3247 3414 3317 passionem,
3477 3261 3655 3318 quam

246 3333 490 3404 singula
513 3333 720 3388 fratres
752 3333 822 3388 de
853 3333 1060 3404 opibus
1093 3333 1218 3388 suis
1270 3331 1521 3405 propriis
1561 3333 1621 3387 in
1672 3347 1900 3387 carcere

249 3421 737 3492 subministrant,
762 3422 948 3492 capite
971 3420 1189 3492 aliquid
1215 3425 1272 3476 et
1297 3438 1329 3476 a
1350 3421 1539 3487 nobis,
1559 3421 1712 3492 quod
1733 3420 1906 3476 faciat

251 3511 324 3566 ad
359 3511 641 3583 spiritum
673 3527 907 3582 quoque
936 3511 1325 3565 educandum.
1355 3531 1384 3560 »
1418 3510 1594 3580 Atqui
1621 3509 1906 3565 catholica

253 3600 520 3655 Ecclesia
551 3600 666 3654 nisi
698 3600 769 3654 de
799 3598 1098 3655 catholicis
1133 3599 1488 3669 martyribus
1523 3598 1772 3654 sollicita
1791 3615 1906 3653 non

258 3689 487 3744 fuisset.
521 3689 805 3744 Praeterea
860 3687 1010 3743 inter
1055 3688 1346 3760 praecipua
1398 3687 1662 3742 Ecclesiae
1701 3689 1906 3742 Roma-

259 3796 344 3833 nas
376 3779 570 3845 dotes,
604 3794 674 3833 ex
703 3777 918 3849 quibus
945 3776 1126 3844 illam,
1151 3781 1215 3831 ut
1236 3793 1416 3848 supra
1441 3775 1729 3844 videmus,
1754 3793 1910 3831 sum-

263 3883 501 3938 mopere
531 3867 925 3932 commendat,
978 3865 1129 3920 hanc
1185 3864 1360 3920 etiam
1413 3869 1692 3932 recenset,
1753 3865 1909 3936 quod

261 3973 403 4013 suos
435 3957 510 4012 ad
534 3955 879 4028 martyrium
911 3953 1352 4010 adhortaretur:
1381 3953 1665 4025 Marti/rio,
1699 3953 1907 4024 inquit,

262 4047 622 4102 adhortatur.
657 4046 792 4111 Quae
822 4059 956 4098 vero
986 4042 1136 4109 laus,
1178 4046 1279 4097 aut
1305 4041 1492 4114 gloria
1541 4043 1746 4098 fuisset
1795 4059 1910 4096 non

264 4135 584 4208 genuinos,
615 4134 716 4190 sed
747 4131 1040 4188 adulteros
1069 4131 1296 4187 Christo
1326 4136 1610 4202 martyres
1667 4148 1868 4202 parere
1887 4130 1915 4185 ?

267 4233 364 4281 aut
394 4225 533 4297 quis
555 4223 782 4279 dubitet
801 4239 874 4278 an
897 4237 1061 4277 veros
1081 4219 1292 4275 Christi
1316 4226 1600 4293 martyres
1616 4219 1676 4274 in
1697 4219 1916 4275 honore

269 4313 670 4369 Tertullianus
716 4309 1006 4379 habuerit,
1066 4313 1124 4364 et
1179 4325 1381 4364 eorum
1441 4309 1914 4364 communionem

270 4401 607 4474 exeptarit?
639 4401 960 4466 Postremo,
1001 4414 1205 4455 eorum
1266 4402 1613 4470 martyrum,
1663 4413 1915 4469 quorum

274 4492 473 4561 ﬁdem,
502 4490 918 4556 constantiam,
939 4491 996 4542 et
1015 4486 1454 4542 multitudinem
1475 4503 1608 4542 cum
1633 4487 1692 4540 in
1717 4485 1920 4557 Apolo-

274 4580 485 4652 getico,
517 4584 644 4634 tum
678 4579 735 4634 in
758 4577 906 4632 libro
936 4577 1016 4676 ad.
1037 4575 1371 4646 Scapulam,
1395 4579 1452 4630 et
1472 4575 1621 4678 [alibi
1643 4577 1918 4678 frequen.-
1951 4612 1997 4678 Β

274 4668 506 4724 tissime
536 4668 830 4740 praedicat,
866 4665 1182 4721 maximam
1215 4667 1438 4736 partem
1469 4665 1650 4720 fuisse
1672 4663 1921 4719 Catholi-

275 4774 504 4824 corum,
539 4773 643 4812 nec
673 4755 1019 4827 Basnagius,
1053 4758 1214 4825 puto,
1265 4753 1494 4808 inﬁcias
1551 4753 1742 4808 iturus
1791 4755 1921 4806 est:

274 4847 391 4902 nisi
423 4847 573 4902 forte
599 4843 738 4899 velit
767 4843 1042 4899 eximiam
1080 4842 1231 4896 hanc
1285 4841 1613 4908 Catholicae,
1663 4841 1924 4911 adeoque

272 4951 424 4991 verae
484 4933 698 4989 Christi
751 4930 1023 4987 Ecclesiae
1079 4929 1314 4985 laudem
1373 4930 1696 4996 detrahere,
1768 4928 1921 5000 quod

276 5022 708 5080 fecundissima
731 5020 907 5076 fuerit
928 5022 1263 5074 sanctorum
1296 5024 1619 5090 martyrum
1651 5033 1884 5091 parens.

353 5115 455 5168 IX.
491 5112 592 5179 His
622 5109 1062 5176 animadversis,
1097 5106 1342 5175 nullam,
1376 5116 1536 5179 puto,
1571 5108 1629 5163 in
1653 5105 1926 5180 Basnagii

278 5201 603 5276 propositis
634 5199 992 5272 argumentis
1017 5212 1323 5268 superesse
1352 5197 1924 5261 difﬁcultatem.0uis

280 5294 438 5347 enim
471 5292 718 5346 miretur
749 5289 819 5360 (si
851 5288 922 5343 ad
955 5303 1042 5356 ea,
1076 5287 1145 5341 de
1175 5285 1391 5357 quibus
1423 5285 1705 5341 hactenus
1739 5285 1926 5341 disse-

281 5382 537 5447 ruimus,
569 5383 832 5458 animum
863 5375 1164 5446 advertit);
1200 5373 1354 5446 quis,
1416 5375 1680 5446 inquam,
1744 5375 1924 5430 mire-

347 5488 465 5559 (76)
497 5487 635 5555 Cap.
670 5486 722 5559 l.

370 5559 470 5630 77)
504 5561 643 5629 Cap.
674 5557 730 5630 2.

368 5629 467 5702 78)
497 5632 635 5700 Cap.
668 5629 722 5702 3.

365 5699 468 5772 79')
491 5699 632 5770 Cap.
665 5699 717 5752 4.

2012 3331 2244 3391 vitarat.
2279 3332 2688 3388 misericordiae
2717 3333 2817 3389 Dei
2851 3334 3066 3390 retulit.
3111 3334 3255 3398 Quid
3292 3335 3447 3390 aliud
3481 3333 3663 3388 voluit

2016 3421 2297 3475 Dominus
2329 3422 2498 3476 nobis
2531 3423 2934 3478 demonstrare
2965 3423 3074 3478 hoc
3105 3425 3660 3494 documento,quam

2018 3509 2361 3581 fugiendum
2393 3527 2508 3564 non
2540 3511 2835 3584 esse,quia
2868 3511 3014 3567 nihil
3054 3513 3190 3584 fuga
3221 3511 3483 3584 prosit,si
3508 3511 3661 3566 Deus

2017 3597 2222 3652 nolit?
2256 3621 2282 3647 ››
2316 3599 2439 3652 Non
2472 3597 2652 3667 hunc,
2686 3603 2846 3670 puto,
2881 3601 3210 3673 Basnagius
3259 3601 3528 3655 dicturus
3578 3603 3673 3655 est

2019 3689 2332 3758 martyrem
2366 3687 2807 3758 montanistam,
2844 3705 2975 3743 eum
3011 3689 3120 3744 sibi
3153 3688 3380 3744 licitum
3404 3705 3532 3744 esse
3555 3705 3674 3744 cre-

2018 3773 2230 3829 diderit
2261 3774 2438 3830 saluti
2494 3792 2612 3830 suae
2675 3777 2812 3849 fuga
2871 3777 3174 3832 consulere
3231 3782 3288 3833 et
3344 3776 3668 3848 periculum

2018 3863 2201 3934 pretio
2228 3863 2514 3919 redimere
2546 3881 2558 3930 ;
2592 3881 2716 3934 quae
2739 3864 2945 3920 illicita
2969 3883 3037 3920 ex
3067 3866 3326 3922 Montani
3361 3864 3672 3936 disciplina

2018 3949 2408 4019 habebantur;
2442 3955 2498 4007 et
2514 3957 2708 4008 tamen
2743 3957 2826 4008 tot
2848 3958 3130 4026 tantaque
3156 3955 3212 4010 in
3247 3971 3380 4008 eum
3412 3951 3674 4024 congerit

2022 4041 2330 4110 prmaonia,
2365 4041 2609 4112 ejusque
2639 4042 2995 4115 exemplum,
3029 4047 3095 4098 ut
3125 4042 3480 4098 sanctissimi
3515 4057 3671 4095 mar-

2023 4128 2199 4200 tyris,
2251 4129 2490 4185 adhibet
2535 4131 2604 4186 ad
2658 4133 3020 4203 probandam
3081 4148 3256 4204 quam
3332 4130 3675 4186 adstruebat

2025 4218 2601 4274 sententiam.Mavili
2633 4220 2806 4275 etiam
2841 4221 3121 4293 martyris
3149 4219 3513 4276 Adrumetini
3535 4233 3668 4273 cum

2024 4305 2197 4362 laude
2257 4307 2526 4362 meminit
2580 4309 2639 4363 in
2697 4308 2846 4364 libro
2907 4311 2976 4365 ad
3036 4309 3367 4380 Scapulam,
3428 4307 3675 4377 ejusque

2026 4394 2290 4467 exemplo
2330 4396 2517 4451 utitur
2578 4398 2650 4452 ad
2709 4399 3070 4469 probandam
3121 4413 3303 4468 quam
3341 4395 3682 4451 adstruebat

2030 4483 2379 4540 sententiam
2423 4500 2435 4538 :
2481 4487 2634 4556 quod
2683 4486 2845 4541 nulla
2891 4485 3160 4541 videlicet
3197 4484 3424 4554 civitas,
3478 4483 3676 4540 nullus

2031 4576 2361 4643 persecutor
2383 4573 2621 4644 impune
2643 4573 2813 4628 laturi
2827 4581 3021 4629 essent
3043 4573 3351 4630 christiani
3370 4572 3679 4645 sanguinis

2033 4661 2376 4716 effusionem
2409 4662 2520 4731 (82)
2556 4677 2569 4717 :
2609 4685 2629 4712 α
2666 4661 2798 4716 Tibi
2829 4679 3060 4735 quoque
3092 4668 3366 4736 optamus
3415 4661 3680 4717 admoni-

2032 4750 2250 4804 tionem
2285 4750 2468 4804 solam
2503 4749 2865 4821 fuisse,quod
2892 4753 3480 4807 cumAdrumeticum
3506 4751 3686 4806 Mavi-

2033 4837 2156 4891 lum
2191 4838 2261 4892 ad
2294 4837 2513 4893 bestias
2543 4839 2909 4908 damnasses,
2945 4845 3000 4896 et
3042 4840 3242 4896 statim
3294 4841 3415 4896 haec
3459 4839 3685 4896 vexatio

2033 4926 2348 4981 subsecuta
2377 4930 2550 4992 est,et
2580 4945 2735 4983 nunc
2766 4945 2833 4984 ex
2855 4931 3056 4984 eadem
3089 4947 3268 4985 causa
3298 4928 3682 5000 interpellatio

2036 5014 2397 5086 sanguinis.»
2435 5019 2503 5070 Et
2531 5015 2690 5072 hunc
2722 5017 2900 5088 igitur
2930 5019 3260 5089 Basnagjus
3291 5017 3532 5072 audebit
3559 5021 3679 5070 tam

2033 5102 2144 5158 levi
2171 5105 2700 5178 conjectura,quod
2734 5123 2768 5160 a
2793 5107 3150 5162 Tertulliano
3182 5105 3456 5160 laudatus
3489 5104 3679 5174 fuerit,

2036 5208 2067 5247 e
2116 5193 2606 5249 Montanistarum
2671 5199 2829 5250 secta
2875 5200 3188 5266 martyrem
3248 5191 3628 5263 pronuntiare
3657 5192 3686 5246 ?

2036 5283 2344 5356 Psychicos
2374 5300 2489 5338 non
2523 5284 2687 5353 adeo,
2720 5289 2785 5339 ut
2815 5285 3064 5347 ostendi,
3111 5281 3469 5352 contemptui
3504 5281 3679 5338 hahe-

2035 5373 2178 5427 baut
2205 5371 2594 5440 Montanistae,
2626 5378 2690 5428 ut
2719 5389 2816 5428 eos
2847 5372 2919 5427 ab
2959 5369 3247 5426 haereticis
3297 5386 3413 5426 non
3464 5371 3680 5428 distin-

2109 5479 2221 5546 (80)
2251 5478 2445 5546 Capite
2474 5479 2664 5534 tertio.

2107 5549 2226 5623 (8i)
2257 5549 2381 5623 Lib.
2415 5549 2484 5623 de
2507 5551 2657 5618 Fuga
2680 5558 2973 5621 persecut.,
3003 5565 3130 5623 cap.
3161 5551 3216 5606 5.

2109 5621 2220 5692 (82)
2249 5621 2384 5692 Cap.
2418 5621 2472 5676 3.
