4064 6154
281 342 351 402 ιω
971 335 1123 397 PRO
1166 336 1278 397 SS.
1325 336 1765 412 PEBPETUA,
1816 339 2278 403 FELICITATE
2324 343 2422 404 ET
2469 345 2739 407 SOCIIS.

3444 353 3560 412 102

279 469 457 528 dentibus
475 467 722 540 capitulis
746 467 1038 541 prosecuti
1059 469 1529 537 sumus,interna
1554 487 1794 542 scquen-
1823 486 1877 550 Α
1911 476 2037 527 tum
2071 474 2333 547 martyrii
2365 476 2457 531 sui
2480 477 2604 548 jam
2636 477 2773 533 hinc
2804 478 2934 551 ipsa
2965 480 3407 550 narrabit,sicut
3427 501 3560 540 con-

276 562 375 616 tibns
395 558 636 631 capitibus
664 559 1242 615 examinabimus.De
1272 559 1363 618 his
1397 560 1456 615 in
1487 560 1644 615 hunc
1674 577 1797 614 mo-

273 651 361 704 dum
383 647 576 703 disserit
596 648 859 702 eruditus
883 648 1208 720 Basnagius
1239 665 1252 703 :
1284 671 1311 698 ‹‹
1347 649 1446 704 His
1483 665 1800 721 argumen-

269 739 369 804 tis,»
395 736 607 793 externis
635 734 878 803 scilicet,
921 760 950 787 «
999 736 1180 792 insita
1226 742 1526 808 praestant.
1577 738 1802 810 Quippe

263 846 305 884 eo
325 844 369 884 se
385 827 523 882 modo
542 827 820 898 Perpetua
840 825 1008 898 gerit,
1026 826 1193 898 quasi
1218 827 1503 898 Spiritum
1529 816 1800 882 sanctum

260 916 384 973 veluti
410 915 588 971 monile
608 915 904 987 quoddam
931 915 988 969 in
1013 931 1148 970 arca
1177 915 1470 971 inclusum
1501 932 1608 971 sua
1633 916 1802 971 habe-

257 1011 315 1062 ret
336 1007 392 1061 ad
415 1009 610 1075 nutum,
640 1004 771 1075 ejus
810 1002 1304 1060 illustrationibus
1355 1005 1588 1077 quando
1631 1004 1804 1060 vellet

254 1111 390 1150 usura
413 1095 468 1149 ad
493 1091 804 1148 arbitrium.
837 1092 1166 1148 Audiantur
1193 1093 1371 1148 verba
1428 1094 1554 1164 ejus
1605 1110 1731 1165 cap.
1759 1111 1800 1161 ι,

253 1185 314 1238 3:
344 1206 360 1232 ι
386 1182 501 1238 Dixit
521 1182 655 1238 mihi
687 1182 868 1238 frater
913 1198 1082 1238 meus
1114 1198 1127 1236 :
1161 1182 1411 1238 Domina
1464 1199 1648 1250 soror,
1673 1184 1801 1253 jam

252 1273 296 1326 in
314 1289 478 1343 magna
500 1271 766 1342 dignitate
796 1287 858 1326 es
893 1289 906 1340 ;
937 1275 995 1326 et
1025 1275 1204 1342 tanta,
1239 1276 1304 1327 ut
1334 1271 1594 1344 postules
1625 1271 1800 1328 visio-

247 1367 411 1427 nem,et
434 1361 752 1416 ostendatur
771 1359 878 1415 tibi
911 1376 982 1415 an
1011 1359 1203 1432 passio
1232 1360 1412 1427 sit,an
1443 1369 1804 1416 commeatus

249 1451 300 1505 Et
318 1466 399 1521 ego
423 1466 527 1520 qua
553 1466 637 1505 me
670 1449 922 1504 sciebam
957 1448 1207 1504 fabulari
1239 1466 1374 1506 cum
1406 1449 1670 1517 Domino,
1706 1467 1806 1505 cu-

250 1541 327 1609 jus
349 1539 578 1595 beneﬁcia
598 1544 763 1594 tanta
783 1542 1019 1610 experta
1047 1539 1481 1606 eram,{identer
1498 1539 1806 1611 repromisi

255 1629 297 1682 ei
319 1629 479 1684 dicens
505 1645 516 1682 :
543 1627 795 1684 Crastina
842 1627 936 1682 die
984 1627 1087 1682 tibi
1137 1628 1504 1683 renuntiabo.
1543 1649 1570 1677 »
1599 1627 1807 1682 Miram

259 1733 375 1772 sane
393 1717 616 1773 ﬁduciam
642 1721 698 1773 et
713 1715 841 1773 sola
862 1716 1124 1772 Montani
1143 1717 1366 1771 familia
1393 1717 1631 1789 dignam
1666 1717 1677 1770 l
1708 1717 1811 1773 Ne-

257 1821 349 1876 que
373 1807 489 1860 satis
513 1822 617 1861 cum
642 1806 927 1878 gravitate
955 1806 1338 1877 decentiaque
1365 1806 1561 1862 oblata
1605 1807 1810 1877 Perpe-

258 1899 354 1949 tua
376 1895 469 1949 visa
489 1896 920 1967 conjuuguntur.
954 1897 1138 1949 Homo
1172 1895 1229 1948 in
1277 1894 1479 1950 habitu
1532 1895 1808 1966 pastoris,

258 2005 280 2032 α
307 1984 362 2037 de
385 1999 514 2038 caseo
537 1983 684 2055 quod
717 1982 1041 2054 :nulgebat,
1087 1983 1248 2038 dedit
1300 1987 1596 2054 Perpetua
1644 1982 1815 2054 quasi

251 2071 520 2126 buccellam.
550 2095 574 2123 ››
604 2072 748 2128 Hinc
779 2071 999 2144 colligit
1037 2071 1148 2126 sibi
1204 2076 1452 2128 mortem
1485 2072 1814 2128 imminere.

247 2161 519 2229 Notabilius,
548 2162 715 2229 illud,
746 2162 899 2233 quod
953 2177 1076 2233 cap.
1112 2179 1198 2228 ιιι,
1249 2162 1301 2230 2,
1359 2162 1643 2234 Perpetua
1688 2178 1817 2216 nar-

247 2255 311 2302 rat
337 2291 347 2304 .
373 2274 394 2299 α
423 2251 584 2305 Exivit
611 2251 858 2322 quidam
896 2254 1094 2305 contra
1150 2267 1242 2306 mc
1295 2251 1596 2322 Egyptius
1628 2251 1813 2306 tadus

240 2339 402 2409 specie,
424 2339 510 2394 98
538 2356 672 2395 cum
705 2339 1075 2410 adjutoribus
1118 2339 1245 2395 suis
1294 2344 1662 2412 pugnaturus
1696 2355 1815 2394 me-

244 2428 591 2484 cum.Veniunt
619 2434 682 2484 et
714 2429 785 2483 ad
817 2445 909 2484 me
940 2428 1338 2484 adolescentes
1370 2428 1561 2483 decori
1589 2429 1814 2498 adjuto-

238 2531 307 2569 res
331 2521 378 2570 et
402 2516 658 2573 favitores
692 2517 806 2572 mei
841 2533 854 2571 :
889 2519 946 2572 et
994 2516 1316 2589 exspoliata
1363 2533 1518 2583 sum,
1573 2521 1629 2570 et
1667 2516 1819 2571 facta

237 2620 337 2659 sum
361 2607 655 2662 masculus.
693 2629 722 2656 »
754 2605 1018 2662 Procedit
1048 2605 1228 2678 igitur
1270 2622 1404 2660 cum
1436 2605 1699 2678 [Egyptio
1744 2605 1814 2659 ad

232 2709 432 2765 pugnam
461 2695 747 2767 Perpetua
777 2711 916 2750 sexu
960 2698 1208 2761 mutato,
1260 2693 1513 2750 victoria
1562 2694 1814 2766 pretium

229 2789 470 2853 acceptura
501 2806 528 2834 υ
573 2800 813 2840 ramum
861 2783 1134 2848 viridem,
1184 2784 1242 2839 in
1295 2801 1409 2855 quo
1458 2788 1622 2839 erant
1664 2783 1818 2838 mala

231 2885 378 2926 aurea.
407 2872 465 2926 Et
493 2872 662 2943 petiit
693 2872 1018 2940 silentium,
1052 2877 1108 2926 et
1138 2871 1282 2926 dixit
1315 2889 1327 2927 :
1367 2873 1466 2928 Hic
1514 2872 1817 2944 Aﬁgj'ptius

236 2959 270 3010 si
290 2957 410 3014 hanc
445 2961 668 3028 vicerit,
715 2960 939 3016 occidet
990 2959 1154 3015 illam
1205 2959 1443 3032 gladio;
1486 2965 1542 3016 et
1585 2961 1630 3016 si
1663 2960 1821 3015 hunc

235 3045 400 3116 vicerit,
420 3049 902 3122 accipietramum
940 3050 1139 3105 istum.
1166 3049 1234 3104 Et
1254 3049 1513 3105 recessit.
1534 3051 1605 3104 Et
1625 3065 1816 3104 acces-

232 3135 373 3191 simus
399 3138 462 3192 ad
491 3139 771 3206 invicem,
807 3144 863 3194 et
890 3137 1173 3210 coepimus
1204 3138 1432 3194 mittere
1460 3137 1817 3211 pugnos.Ille

1843 1854 1890 1918 B

1909 563 2190 634 scriptum
2223 581 2398 620 manu
2434 584 2559 638 sua,
2614 572 2670 622 et
2718 584 2824 624 suo
2873 586 3052 625 sensu
3101 571 3356 643 reliquit.
3412 578 3556 630 Cum

1911 651 2121 720 adhuc,
2155 653 2361 724 inquit,
2396 671 2527 710 cum
2563 658 3038 726 persecutoribus
3068 676 3354 732 essemus,
3378 669 3435 716 et
3466 679 3559 718 me

1910 745 2072 811 pater
2099 747 2373 812 avertere,
2406 747 2514 799 etc.
2553 766 2575 796 ι
2612 745 2682 800 Et
2721 745 2872 802 infra
2906 765 2919 802 :
2955 770 2984 798 «
3017 749 3164 804 Tum
3215 751 3364 805 dixit
3412 751 3560 806 mihi

1907 828 2090 885 frater
2119 847 2305 897 meus,
2340 837 2482 887 etc.»
2515 834 2701 904 Atque
2726 835 2807 888 ita
2838 851 3069 907 semper
3099 853 3233 893 cum
3268 839 3399 910 ipsa
3429 845 3560 895 tum

1910 921 2154 973 Saturus
2183 918 2242 973 in
2277 920 2510 991 propria
2539 938 2788 993 persona
2817 922 3152 994 loquuntur,
3198 927 3267 981 Et
3299 944 3425 999 cap.
3460 946 3554 997 ιιι,

1908 1007 1944 1059 2
1973 1024 1987 1062 :
2021 1030 2047 1056 «
2083 1007 2199 1062 Hoc
2233 1025 2420 1080 usque
2450 1009 2509 1063 in
2541 1009 2728 1081 pridie
2773 1013 3034 1068 muneris
3067 1013 3157 1086 egi
3191 1031 3202 1068 :
3236 1015 3424 1086 ipsius
3457 1033 3558 1071 au-

1911 1099 2029 1150 tem
2059 1097 2572 1168 munerisjactum,
2609 1099 2657 1155 si
2690 1099 2822 1171 quis
2853 1101 3120 1169 voluerit,
3155 1104 3395 1159 scribat.
3428 1124 3453 1156 ι
3493 1107 3564 1160 Et

1913 1200 2045 1239 mox
2075 1201 2202 1257 cap.
2237 1203 2312 1256 IV,
2343 1190 2367 1240 t
2410 1203 2424 1240 :
2459 1209 2488 1236 «
2521 1187 2633 1242 Sed
2665 1192 2722 1242 et
2752 1187 3000 1244 Saturus
3039 1189 3380 1246 benedictus
3410 1192 3561 1248 hanc

1911 1272 2194 1328 visionem
2227 1291 2396 1330 suam
2428 1275 2629 1346 edidit,
2664 1293 2842 1348 quam
2876 1277 3001 1349 ipse
3028 1279 3396 1352 conscripsit.
3431 1302 3461 1330 »
3496 1282 3569 1336 Et

1912 1361 2218 1435 infra,cap.
2239 1365 2326 1436 v,1
2368 1381 2381 1420 :
2422 1383 2444 1413 ι
2476 1364 2608 1420 Hac
2635 1365 2890 1421 visiones
2924 1367 3276 1440 insigniores
3306 1368 3569 1441 ipsorum

1916 1456 2234 1524 martyrum
2268 1453 2763 1521 beatissimorum,
2826 1471 2973 1526 quas
3034 1456 3147 1528 ipsi
3209 1459 3571 1531 conscripse-

1916 1545 2076 1596 runt.
2113 1563 2140 1590 »
2171 1542 2242 1596 Et
2270 1543 2507 1597 tandem
2543 1560 2670 1614 cap.
2704 1561 2756 1612 v,
2787 1544 2842 1610 3,
2871 1561 2934 1599 se
2965 1546 3045 1599 ait
3077 1545 3367 1617 Perpetua
3402 1565 3567 1602 man-

1917 1629 2118 1684 datum
2152 1631 2416 1702 exsequi,
2451 1635 2508 1686 et
2538 1648 2664 1702 qua
2699 1637 2915 1702 postea,
2947 1634 3075 1705 ipso
3107 1636 3430 1704 praesrtim
3475 1638 3568 1692 die

1921 1719 2181 1773 muneris
2201 1719 2355 1774 facta
2371 1720 2691 1787 sunt,sicut
2706 1722 2828 1792 ipsa
2854 1722 3568 1796 desideraverat,postero-

1921 1824 2052 1862 rum
2079 1809 2373 1863 memoria
2406 1809 2838 1864 commendare.
2873 1833 2900 1860 «
2956 1811 3238 1874 Quoniam
3273 1829 3408 1883 ergo
3442 1831 3568 1885 per-

1923 1895 2102 1963 misit,
2135 1901 2192 1951 et
2223 1897 2613 1968 permittendo
2643 1896 2828 1952 voluit
2867 1899 3118 1970 Spiritus
3147 1905 3387 1955 sanctus
3414 1903 3569 1956 ordi-

1922 2001 2056 2040 nem
2088 1985 2277 2057 ipsius
2308 1985 2570 2041 muneris
2602 1987 2912 2056 conscribi,
2944 1987 3050 2042 etsi
3075 1987 3300 2060 indigni
3332 1990 3402 2044 ad
3436 2007 3570 2062 sup-

1924 2073 2283 2144 plementum
2344 2079 2517 2129 tanta
2575 2074 2769 2146 gloria
2827 2076 3316 2145 describendum,
3375 2083 3572 2134 tamen

1925 2163 2092 2233 quasi
2124 2163 2467 2218 mandatum
2500 2165 2883 2220 sanctissima
2917 2164 3232 2236 Perpetua,
3264 2166 3381 2222 imo
3410 2169 3573 2223 fidei-

1925 2253 2308 2308 commissum
2339 2254 2468 2323 ejus
2498 2253 2890 2325 exsequimur,
2924 2260 3034 2310 etc.
3072 2276 3098 2304 ››
3130 2255 3236 2318 Qui
3278 2272 3413 2328 ergo
3446 2273 3572 2313 rem

1925 2341 2097 2396 toties
2122 2341 2193 2396 ab
2226 2345 2459 2397 auctore
2489 2345 2898 2413 contestatam,
2934 2347 3104 2414 atque
3128 2343 3474 2401 inculcatam
3513 2346 3580 2400 in

1928 2430 2175 2485 dubium
2217 2435 2466 2499 revocat,
2499 2432 2599 2485 99
2651 2448 2886 2487 omnem
2947 2433 3203 2504 profecto
3233 2434 3360 2504 ejus
3397 2435 3573 2490 dictis

1927 2518 2102 2575 fidem
2129 2536 2242 2575 non
2274 2519 2696 2575 habet.Nullibi
2720 2523 2914 2575 autem
2937 2526 3177 2577 sanctus
3202 2523 3572 2594 Augustinus

1925 2606 1984 2662 in
2018 2607 2474 2663 controversiam
2506 2611 2690 2677 vocat,
2725 2609 2898 2664 fuerit
2931 2625 3000 2664 ne
3049 2614 3336 2682 Perpetua
3383 2611 3576 2666 Eccle-

1927 2694 2025 2750 siae
2057 2695 2368 2766 mulier,an
2399 2701 2568 2752 secta
2600 2697 3026 2753 montanistica
3061 2716 3074 2766 ;
3109 2699 3209 2754 sed
3241 2698 3577 2772 ubicunque

1927 2783 2087 2838 illius
2119 2784 2405 2854 meminit,
2441 2785 2710 2840 meminit
2738 2790 2935 2841 autem
2985 2787 3480 2859 frequentissime,
3513 2793 3578 2844 ut

1927 2873 2362 2928 sanctissimam
2396 2878 2795 2946 martyrem,et
2824 2873 3271 2930 invictissimam
3303 2875 3573 2934 celebrat.

1927 2960 2090 3016 Unde
2120 2977 2186 3016 ex
2216 2961 2532 3033 Augustini
2564 2963 3155 3032 sententia,Actorum
3180 2964 3374 3036 potius
3405 2965 3572 3032 fides,

1928 3065 2104 3120 quam
2138 3055 2463 3118 martyrum
2496 3050 2838 3106 orthodoxia
2870 3051 2928 3106 in
2960 3051 3205 3107 dubium
3251 3053 3576 3110 revocanda

1929 3143 2102 3205 esset,
2135 3138 2182 3194 si
2216 3139 2452 3211 quidem
2485 3139 2544 3194 in
2583 3139 2738 3196 Actis
2789 3139 3010 3212 aliquid
3063 3147 3392 3198 occurreret
3421 3142 3573 3212 quod

234 3224 338 3278 mihi
364 3228 522 3298 pedes
551 3227 994 3300 apprehendere
1017 3228 1332 3300 quaerebat:
1367 3244 1472 3300 ego
1505 3232 1697 3283 autem
1734 3226 1817 3281 illi
1851 3221 1893 3288 C
1935 3232 2036 3283 aut
2066 3227 2350 3300 Spiritum
2383 3232 2675 3298 sanctum,
2708 3233 2809 3285 aut
2837 3245 3002 3286 veros
3035 3230 3248 3287 Christi
3289 3235 3574 3305 martyres

231 3312 435 3371 calcibus
473 3318 685 3373 faciem
714 3317 1028 3372 cadebam.
1063 3339 1092 3368 »
1123 3317 1385 3372 Haecine
1433 3322 1574 3372 sunt
1603 3316 1821 3389 Spiritu

231 3399 392 3459 Sancto
415 3406 618 3479 digna?
655 3405 955 3462 similiane
978 3405 1280 3478 prophetis
1296 3406 1508 3462 obtulit
1529 3404 1824 3478 unquam?

230 3489 409 3549 Scilicet
423 3511 486 3551 ea
503 3495 632 3551 visa
650 3494 1036 3566 sunt,quibus
1055 3511 1289 3551 sacrum
1302 3495 1478 3551 Joelis
1492 3510 1820 3550 accommo-

231 3575 358 3634 detur
375 3583 704 3638 oraculum?
717 3584 971 3639 Montani
989 3601 1228 3655 prorsus
1248 3584 1509 3640 redolent
1524 3584 1819 3639 ofﬁcinam

227 3670 405 3725 somnia
425 3672 744 3744 ejusmodi,
779 3677 994 3728 extasns
1023 3674 1152 3744 ejus
1194 3672 1514 3741 simillima,
1548 3690 1662 3743 qua
1689 3673 1824 3727 Ter-

227 3755 449 3816 tulliauus
472 3763 692 3834 probat
707 3761 964 3817 animam
997 3778 1124 3818 esse
1160 3785 1181 3812 ι
1216 3763 1356 3818 aerii
1387 3761 1680 3833 coloris,et
1702 3763 1822 3817 for-

225 3861 301 3900 ma
327 3864 410 3918 per
435 3852 636 3907 omnia
670 3850 939 3905 humana
971 3851 1107 3921 (84).
1144 3873 1172 3901 ››

271 3933 417 3993 lI.His
445 3940 728 3995 omnibus
751 3938 1201 3996 difficultatibus
1235 3939 1342 3995 hoc
1362 3940 1620 4012 primum
1659 3939 1822 3994 adhi-

218 4019 296 4077 beo
322 4028 565 4096 generale
597 4044 982 4100 responsum,
1014 4030 1168 4100 quod
1212 4029 1261 4084 si
1314 4028 1550 4100 quidem
1598 4029 1822 4099 objecta

219 4109 459 4184 Perpetua
486 4119 619 4174 visa
673 4117 897 4190 aliquid
946 4133 1117 4190 reape
1166 4123 1267 4174 aut
1318 4117 1540 4189 Spiritu
1592 4122 1817 4186 sancto,

218 4204 296 4253 aut
319 4210 548 4278 martyre
570 4205 893 4278 indignum
917 4207 1594 4274 continerent,Actorum
1627 4207 1823 4278 potius

219 4287 490 4360 sinceritas,
523 4313 712 4368 quam
736 4301 1061 4369 martyrum
1109 4296 1450 4352 orthodoxia
1481 4295 1543 4351 in
1574 4297 1819 4352 dubium

221 4383 342 4434 esset
363 4385 700 4441 revocanda.
738 4386 853 4440 Hac
884 4386 1139 4457 primum
1165 4385 1546 4457 responsione
1569 4403 1712 4441 usus
1734 4389 1823 4441 est

225 4468 486 4528 etsauctus
517 4474 924 4547 Augustinus.
975 4473 1121 4529 Cum
1153 4475 1307 4529 enim
1359 4473 1470 4529 sibi
1523 4475 1819 4546 Perpetua

1932 3317 2258 3372 dedeceret.

2005 3407 2073 3460 Et
2103 3422 2240 3461 sane
2271 3404 2573 3477 quot,lic-et
2603 3406 3219 3478 antiqua,sanctorum
3254 3412 3576 3480 martyrum

1932 3493 2441 3565 autapostolorum
2457 3499 2559 3550 aut
2573 3495 3305 3568 quorumlibetinsignium
3320 3496 3574 3552 virorum

1932 3588 2059 3638 acta
2086 3581 2172 3638 vel
2203 3583 2480 3651 historia,
2514 3583 2622 3639 hoc
2651 3584 3028 3655 potissimum
3072 3590 3439 3658 argumento,
3472 3589 3577 3642 aut

1931 3672 1990 3726 in
2024 3671 2270 3726 dubium
2303 3675 2666 3740 revocantur,
2703 3677 2804 3728 aut
2827 3674 3058 3744 penitus
3081 3673 3491 3746 exploduntur,
3515 3679 3575 3730 et

1930 3761 2003 3815 ad
2039 3760 2264 3816 fabulas
2295 3761 2708 3816 amandanturl
2744 3764 2894 3828 Quot
2910 3763 3085 3818 etiam
3105 3765 3348 3836 antiqua
3369 3781 3575 3819 monu-

1931 3853 2148 3920 menta,
2183 3849 2291 3904 hoc
2321 3851 2524 3905 eodem
2557 3856 2924 3922 argumento,
2958 3852 3295 3908 auctoribus
3327 3870 3576 3925 quorum

1931 3939 2168 3994 nomina
2199 3940 2533 4010 praeterunt,
2559 3939 2980 4011 abjudicantur
3011 3941 3022 3996 l
3058 3942 3144 3996 Ita
3175 3942 3272 4012 qui
3306 3942 3581 3997 Barnaba

1931 4032 2032 4082 aut
2062 4027 2398 4094 Clementis,
2431 4031 2533 4083 aut
2563 4028 2769 4100 Ignatii
2805 4029 3093 4101 Epistolas
3127 4030 3278 4086 inter
3308 4031 3577 4101 supposi-

1930 4115 2091 4175 titios
2119 4116 2294 4171 fatus
2328 4121 2649 4188 recensent,
2693 4117 2811 4173 .hac
2861 4118 3187 4190 prasertim
3241 4119 3464 4174 ratione
3496 4119 3582 4173 ni-

1928 4209 2156 4272 tuntur,
2188 4206 2345 4276 quod
2375 4205 2434 4260 in
2461 4206 2544 4262 eis
2576 4207 2880 4278 apostolici
2930 4207 3036 4262 viri
3080 4208 3366 4274 doctrina,
3403 4207 3576 4278 spiri-

1929 4299 2028 4351 tus
2060 4295 2196 4350 item
2229 4292 2532 4366 apostolici
2558 4295 2645 4350 vis
2677 4299 2733 4351 et
2756 4297 3036 4367 majestas
3067 4296 3574 4352 desideretur.Hac

1931 4384 2102 4439 etiam
2136 4385 2315 4439 ferme
2347 4401 2466 4440 una
2495 4385 2716 4440 ratione
2748 4386 3063 4451 ducuntur,
3107 4385 3208 4456 qui
3239 4385 3460 4440 Herma
3491 4384 3576 4438 vi-

1931 4473 2146 4542 siones,
2173 4472 2441 4544 quamvis
2471 4473 2732 4544 antiquis
2763 4474 2904 4528 adeo
2937 4473 3277 4540 celebratas,
3329 4477 3394 4528 ut
3432 4489 3578 4545 pene

222 4551 344 4609 visio
366 4557 585 4619 inferius
620 4564 1037 4631 examinanda,
1070 4581 1188 4636 qua
1234 4564 1471 4618 fratrem
1516 4581 1687 4618 suum
1730 4564 1820 4617 Di-
1850 4585 1896 4649 D
1927 4561 1987 4616 in
2015 4563 2448 4633 Scripturarum
2481 4577 2763 4616 canonem
2798 4561 2991 4617 relata
3017 4563 3089 4617 ab
3121 4563 3206 4618 eis
3237 4562 3579 4630 fuerint,ex-

215 4651 459 4705 nocratem
488 4652 550 4708 in
584 4651 806 4724 pcenis,
839 4652 1044 4708 deinde
1075 4651 1133 4708 in
1165 4651 1462 4724 refrigerio
1493 4652 1817 4723 vidit,obji-

213 4738 418 4804 ceretur,
445 4739 552 4796 hoc
601 4741 867 4814 primum
912 4741 1212 4813 respondit
1261 4741 1374 4814 (85)
1420 4743 1575 4812 quod
1629 4765 1656 4792 ‹‹
1715 4757 1821 4797 nec

207 4820 460 4895 Scriptura
489 4830 628 4902 ipsa
660 4831 940 4886 canonica
961 4835 1181 4902 est,nec
1210 4830 1310 4886 illa
1341 4831 1424 4896 sic
1454 4830 1692 4902 scripsit
1733 4829 1820 4885 vel

211 4911 506 4987 quicunque
535 4918 690 4974 illud
721 4919 979 4992 scripsit,
1012 4924 1121 4976 etc.
1154 4940 1182 4970 »
1215 4920 1439 4984 Quibus
1486 4921 1682 4975 verbis
1714 4921 1819 4975 du-

204 4998 360 5059 bitare
395 5007 657 5076 videtur,
713 5026 787 5064 an
857 5025 1060 5082 reapse
1112 5009 1398 5081 Perpetua
1443 5009 1822 5066 revelationes

206 5102 321 5145 suas
343 5093 396 5148 iu
424 5094 659 5152 litteras
689 5099 934 5154 miserit:
969 5100 1232 5170 adeoque
1255 5115 1368 5153 non
1396 5114 1629 5154 omnem
1661 5098 1821 5154 Actis

202 5181 243 5230 et
266 5196 451 5240 eorum
482 5186 697 5241 editori
733 5187 908 5242 ﬁdem
940 5187 1238 5243 adhibere.
1268 5187 1374 5242 Hic
1413 5187 1569 5243 enim
1602 5188 1824 5260 perspi-

204 5281 283 5323 cue
307 5272 469 5329 docet
499 5275 854 5347 Perpetuam
884 5282 940 5333 et
971 5279 1270 5348 Saturum,
1306 5293 1432 5348 qua
1465 5277 1536 5332 ad
1569 5277 1822 5333 visiones

199 5361 242 5410 et
262 5361 644 5421 revelationes
671 5367 979 5438 pertinent,
1012 5366 1136 5424 suis
1167 5366 1326 5440 ipsos
1375 5365 1650 5422 manibus
1696 5383 1825 5422 con-

204 5448 480 5521 scripsisse
513 5470 529 5508 :
565 5477 598 5506 «
637 5454 784 5524 Haec,
817 5456 1031 5530 inquit,
1050 5457 1160 5512 sub
1191 5455 1722 5526 initium,ordinem
1743 5459 1826 5512 to-

249 5662 348 5734 (84)
377 5667 510 5723 Lib.
545 5669 625 5724 de
652 5671 862 5739 Anima,
885 5686 1012 5744 cap.
1042 5673 1096 5728 9.

1931 4651 2169 4707 sibilant
2200 4655 2370 4721 atque
2401 4649 2720 4721 exlilodunt
2751 4668 2764 4718 ;
2797 4652 2949 4722 quod
2971 4668 3179 4724 nempe
3211 4651 3396 4707 multa
3427 4651 3582 4723 ipso-

1931 4756 2061 4795 rum
2087 4739 2310 4810 judicio
2337 4738 2673 4794 contineant
2703 4739 3120 4812 Apostolorum
3143 4740 3432 4813 discipulo
3462 4757 3577 4796 non

1932 4828 2075 4884 satis
2108 4828 2304 4900 digna,
2339 4832 2395 4883 et
2425 4827 2495 4884 ab
2534 4827 2947 4900 Apostolorum
2996 4830 3261 4887 doctrina
3290 4845 3574 4902 perquam

1933 4917 2124 4974 aliena
2156 4935 2170 4986 ;
2204 4933 2414 4988 neque,
2447 4922 2512 4972 ut
2538 4917 2732 4974 verbis
2766 4923 2898 4974 utar
2929 4919 3222 4992 Basnagii,
3268 4918 3413 4974 satis
3443 4933 3576 4971 cum

1932 5007 2212 5080 gravitate
2242 5007 2624 5079 decentiaque
2654 5007 2848 5063 oblata
2895 5008 3115 5065 Hermae
3164 5009 3288 5064 visa
3337 5007 3578 5075 conjun-

1933 5103 2164 5170 gantur.
2199 5097 2378 5152 Nemo
2412 5101 2608 5152 tamen
2644 5097 2979 5153 criticorum
3003 5115 3067 5153 eo
3099 5097 3382 5152 hactenus
3405 5094 3580 5150 auda-

1934 5186 2031 5242 cia
2066 5187 2366 5259 processit,
2399 5190 2464 5240 ut
2493 5185 2565 5240 ob
2598 5203 2790 5244 naevos
2821 5186 3069 5258 aliquos,
3103 5188 3203 5240 aut
3232 5187 3442 5248 errata,
3476 5185 3578 5237 aut

1935 5275 2111 5331 etiam
2144 5276 2318 5331 noxia
2345 5275 2620 5330 doctrina
2651 5275 2862 5347 capita,
2897 5291 3026 5347 qua
3053 5274 3161 5330 sibi
3191 5273 3249 5327 in
3281 5271 3583 5340 hisce,aut
3619 5315 3622 5318 .

1934 5365 2226 5436 ejusmodi
2259 5363 2656 5420 monumentis
2689 5363 3119 5436 deprehendere
3149 5361 3476 5428 videbatur,
3508 5361 3579 5417 de

1933 5453 2173 5512 illorum
2193 5471 2337 5512 sana
2351 5453 2464 5510 fide
2485 5455 2657 5524 atque
2679 5451 3023 5509 orthodoxia
3043 5450 3581 5523 dubitaret,quibus

2007 5673 2120 5746 (85)
2152 5671 2276 5728 Lib.
2310 5685 2330 5723 1
2357 5667 2422 5725 de
2451 5667 2652 5725 Anima
2681 5674 2734 5726 et
2758 5669 2876 5742 ejus
2903 5671 3068 5743 orig.,
3101 5686 3229 5742 cap,
3267 5671 3352 5725 10.
