4064 6154
265 345 339 407 lib
966 341 1119 402 PRO
1165 340 1277 401 SS.
1328 340 1769 414 PERPETUA,
1816 340 2277 402 FELICITATE
2322 341 2420 402 ET
2467 341 2738 404 SOCIIS.
3439 341 3558 402 106

263 470 508 531 sicutmodo
531 468 704 525 Limbi
733 469 990 526 nominis
1011 471 1164 542 apud
1192 470 1600 539 scholasticos,
1624 472 1794 526 adeo-
1825 488 1878 552 Α
1912 470 2126 526 librum
2175 473 2410 544 scripsit
2451 474 2517 528 de
2544 474 2763 528 Anima.
2811 474 2953 528 Acta
2999 473 3238 528 forsitan
3288 473 3551 530 nondum

258 579 329 636 que
349 558 514 615 melius
540 575 601 613 ac
629 558 901 613 diastema
927 559 981 612 in
1014 559 1332 614 africanam
1367 559 1641 614 feminam
1667 576 1798 613 eon-
1907 560 2184 626 ediderat,
2233 561 2330 616 sed
2382 577 2448 616 ea
2500 562 2653 633 apud
2705 577 2766 615 se
2811 561 3097 616 retinebat
3139 577 3245 616 suo
3289 564 3549 632 tempore

253 649 397 706 venire.
424 647 559 702 Licet
587 647 741 702 enim
774 647 1193 717 Tertullianus,
1219 648 1514 718 Perpetuis
1548 664 1794 713 coaevus,
1910 648 2431 721 publicanda.Plus
2456 649 2652 720 itaque
2676 649 2956 706 momenti
2973 649 3032 704 in
3055 650 3312 705 secunda
3333 649 3556 704 ratione

251 744 286 796 et
305 734 605 808 Carthaginis
631 733 908 802 incola,et
929 739 1130 806 postea
1152 735 1794 808 sanctusAugustinus,
1907 741 2014 794 est.
2067 737 2190 793 Non
2237 737 2394 794 enim
2445 739 2643 809 negari
2691 742 2897 809 potest,
2945 740 3220 793 Actorum
3270 737 3554 794 humilius

247 827 397 899 sapius
421 825 595 880 abdita
623 823 745 879 haec
778 823 1108 878 animarum
1143 823 1508 896 receptacula
1538 823 1800 879 nomina-
1906 841 2035 881 esse
2097 825 2326 881 dicendi
2395 842 2580 898 genus
2629 841 2816 898 neque
2879 826 3219 882 Tertulliani
3266 826 3552 883 cothurno

244 915 337 982 rint,
361 928 618 984 nunquam
651 927 718 966 ea
747 915 942 967 tamen
989 911 1305 968 diademata
1337 915 1752 984 nuncuparunt
1779 928 1792 965 :
1907 914 2194 970 incedere.
2228 916 2298 969 At
2329 932 2443 970 non
2474 916 2760 987 Perpetua
2814 914 3003 971 solum
3051 920 3108 971 et
3151 916 3414 983 Saturus,
3447 915 3549 970 sed

240 1019 494 1076 quanquam
519 1000 628 1069 ille,
660 1004 727 1055 ut
755 1000 979 1055 dictum
1011 1005 1120 1069 est,
1154 999 1426 1057 exosticis
1463 1003 1519 1055 et
1549 999 1798 1072 peregri-
1906 1003 2031 1075 ipse
2064 1019 2293 1075 quoque
2321 1005 2595 1059 Actorum
2637 1004 2822 1059 editor
2853 1003 3136 1059 humilius
3168 1003 3334 1075 repit.
3387 1001 3552 1058 Unde

236 1091 320 1157 nis,
339 1091 415 1146 hic
436 1106 545 1146 vero
571 1088 956 1172 popularibus
1006 1089 1246 1144 vocibus
1289 1089 1605 1144 admodum
1639 1087 1794 1142 dele-
1906 1093 2402 1163 quemadmodum
2427 1093 2671 1164 phrases
2693 1092 2919 1163 aliquas
2940 1096 2996 1147 et
3016 1093 3192 1148 verba
3206 1090 3552 1147 Tertulliani

235 1185 480 1236 ctamntur.
519 1178 642 1234 Jam
692 1193 826 1232 vero
877 1176 1006 1248 quis
1053 1177 1164 1232 sibi
1221 1177 1387 1233 facile
1426 1178 1792 1249 persuadeat,
1903 1179 2097 1236 verbis
2145 1197 2210 1236 ac
2257 1181 2575 1252 phrasibus
2621 1180 2856 1250 similia,
2905 1197 3019 1235 non
3070 1179 3269 1236 minus
3306 1180 3553 1234 Saturus

1904 1273 1958 1321 et
1987 1270 2273 1338 Perpetua
2304 1284 2480 1340 quam
2515 1269 2807 1340 passionis
2834 1285 3036 1324 eorum
3067 1268 3275 1333 editor,
3295 1266 3553 1333 habent;

1905 1354 1986 1410 ita
2019 1372 2135 1410 non
2192 1355 2387 1412 minus
2433 1357 2544 1413 iste
2573 1357 2857 1413 humilius
2888 1357 3114 1412 dicendi
3141 1373 3346 1428 genus,
3379 1369 3557 1425 quam

1909 1445 2184 1516 Perpetua
2205 1450 2261 1500 et
2279 1447 2525 1501 Saturus
2547 1446 3015 1502 consectatur.Et
3036 1444 3326 1516 siquidem
3345 1447 3556 1500 auctor

1904 1532 2160 1604 epistolm
2192 1538 2426 1605 propter
2454 1535 2712 1606 aliquam
2741 1535 3186 1591 similitudinem
3217 1532 3550 1605 suspicatus

1905 1625 2012 1691 est,
2075 1638 2147 1676 an
2207 1624 2476 1678 Actarum
2535 1624 2726 1678 editor
2774 1624 2897 1695 ipse
2931 1624 3103 1678 fuerit
3125 1621 3546 1678 Tertullanus:

240 1715 408 1782 sponte
429 1727 532 1766 sese
558 1728 611 1766 ac
637 1709 836 1766 statim
869 1711 937 1764 ad
973 1714 1223 1766 mentem
1249 1709 1588 1775 offerebant,
1620 1726 1792 1764 usur-
1905 1711 2092 1765 multo
2151 1711 2338 1782 magis
2396 1717 2629 1784 propter
2678 1729 2860 1766 unum
2922 1713 3102 1766 ferme
3158 1712 3553 1780 eumdemque

241 1800 423 1869 passa?
446 1800 642 1856 Saturus
670 1815 905 1871 quoque
933 1814 1150 1870 graecas
1180 1797 1406 1854 litteras
1437 1802 1612 1865 amat,
1647 1797 1790 1853 adeo
1829 1851 1871 1872 η
1903 1799 2182 1856 orationis
2214 1799 2630 1867 characterem,
2656 1801 2914 1872 suspicio
2938 1815 3064 1856 esse
3096 1799 3324 1871 poterit,
3358 1813 3552 1854 annon

242 1851 376 1869 μη-
408 1851 414 1852 κ
448 1851 639 1856 -τ---η
676 1851 899 1871 τ--γη
1600 1851 1661 1865 ,κ
1733 1851 1781 1853 --
1911 1851 2179 1856 ν-νη-ν-κ-
2220 1851 2630 1867 mmmam",
2656 1851 2907 1872 -ητ-ντ-
2942 1851 3061 1856 ηπ
3096 1851 3323 1871 τμη-τ,

242 1890 296 1941 ut
320 1887 368 1941 in
384 1888 507 1942 brevi
531 1887 1078 1961 scriptiuncula,qua
1107 1886 1391 1943 visionem
1424 1903 1591 1943 suam
1623 1903 1796 1959 expo-
1826 1851 1874 1916 Β
1905 1889 2046 1944 Acta
2075 1905 2141 1944 ex
2173 1889 2348 1944 unius
2380 1891 2763 1962 ejusdemque
2793 1889 3049 1946 auctoris
3083 1905 3260 1944 manu
3292 1887 3550 1958 profecta

239 1975 324 2046 nit,
341 1977 499 2048 grecis
523 1977 802 2049 nequierit
830 1976 1070 2032 vocibus
1102 1976 1397 2032 abstinere
1429 1995 1441 2032 :
1477 1999 1504 2026 «
1542 1975 1608 2030 Et
1632 1975 1795 2031 audi-
1905 1976 2046 2032 sint.

235 2063 386 2118 vimus
401 2080 562 2120 vocem
591 2067 821 2122 unitam
851 2065 1192 2133 dicentium,
1215 2067 1394 2137 Agios,
1428 2067 1599 2137 agios,
1625 2067 1794 2137 agios,

231 2151 326 2208 sine
351 2153 653 2210 cessatione.
687 2177 719 2205 ι)

277 2275 600 2334 lV.8ecundo
649 2278 703 2333 si
757 2279 1029 2334 Actorum
1069 2278 1276 2332 editori
1325 2278 1501 2334 fidem
1547 2278 1794 2334 adhibe-

223 2380 336 2434 mus,
364 2369 478 2422 Acta
502 2379 610 2423 non
645 2383 765 2422 uno
819 2371 1053 2423 auctore
1083 2372 1374 2434 constant,
1424 2367 1525 2422 sed
1558 2383 1588 2422 e
1620 2367 1796 2422 trium

224 2452 499 2525 scriptorum
518 2455 919 2511 monumentis
949 2455 1292 2511 concinnata
1323 2459 1482 2522 sunt,
1507 2455 1798 2528 Perpetua

222 2541 458 2615 nimirum,
487 2545 702 2616 Saturi,
753 2549 810 2600 et
837 2545 1176 2601 eorumdem
1214 2549 1486 2599 Actorum
1530 2543 1798 2600 collecto-

227 2629 300 2694 ris,
323 2632 403 2701 qui
427 2638 479 2688 et
504 2634 902 2706 praefationem
935 2632 1223 2704 adjunxit,
1268 2637 1325 2688 et
1371 2649 1498 2704 quas
1549 2634 1678 2705 ipso
1707 2633 1799 2688 die

223 2721 426 2777 muneris
467 2728 630 2795 gesta
685 2726 844 2788 sunt,
902 2722 961 2777 in
994 2721 1220 2778 litteras
1262 2722 1440 2777 misit.
1501 2722 1717 2778 Verum
1751 2721 1800 2778 si

227 2807 372 2864 oculos
398 2812 622 2884 propius
657 2812 1098 2881 admoveamus,
1131 2827 1312 2880 eaque
1342 2829 1456 2867 non
1489 2811 1804 2867 oscitanter

225 2897 400 2954 anobis
423 2906 518 2956 aut
566 2899 968 2956 somniculose
1013 2899 1303 2972 legantur,
1362 2902 1463 2957 sed
1530 2899 1802 2971 praesenti

224 2984 366 3041 animo
401 2992 451 3042 et
476 3004 541 3044 ea
567 3005 696 3061 qua
725 3005 827 3061 per
854 2993 944 3044 est
972 2988 1312 3056 attentione,
1363 3005 1548 3044 unum
1599 2988 1801 3045 statim

225 3076 542 3149 eamdemque
561 3082 864 3134 auctorem
889 3081 1301 3150 repraesentare
1331 3076 1804 3133 videntur.Simi-

236 1267 468 1322 mulicrem
496 1268 555 1322 ad
598 1265 942 1338 martyrium
983 1265 1380 1333 festinantem,
1434 1282 1675 1337 graecam
1710 1266 1795 1320 af-

235 1356 422 1412 fectasse
445 1355 831 1423 eruditionem,
864 1359 967 1409 aut
996 1353 1147 1409 inter
1187 1353 1435 1410 carceris
1465 1355 1708 1410 umbras
1738 1359 1796 1410 et

237 1444 490 1516 angustias,
512 1445 562 1499 in
591 1443 750 1500 brevi
781 1443 891 1499 hoc
921 1443 1339 1499 commentario
1369 1442 1580 1500 litteris
1609 1443 1796 1500 consi-

236 1534 434 1606 gnando,
476 1534 535 1590 de
575 1532 872 1588 inusitatis
902 1532 1138 1588 vocibus
1178 1532 1556 1605 excogitasse,
1591 1537 1648 1588 et
1680 1548 1793 1587 non

235 1623 382 1695 magis
405 1638 487 1678 eas
511 1639 618 1694 quae
649 1622 708 1677 in
749 1639 860 1677 usu
897 1620 1167 1677 familiari
1198 1621 1587 1690 habebantur,
1623 1624 1796 1692 prout

1975 2068 2108 2120 Haec
2138 2081 2253 2120 non
2299 2081 2365 2119 eo
2414 2065 2570 2121 dicta
2615 2064 2808 2132 velim,
2852 2065 3006 2136 quod
3065 2062 3353 2133 ejusmodi
3410 2077 3548 2116 con-

1899 2152 2145 2224 jecturis
2175 2154 2494 2209 admodum
2555 2153 2833 2224 deferam,
2894 2158 2998 2208 aut
3055 2153 3210 2224 quod
3271 2155 3551 2207 Actorum

1905 2240 2240 2315 γνησιότητα
2309 2243 2368 2297 in
2436 2242 2831 2314 suspicionem
2901 2242 3186 2297 adducere
3245 2240 3303 2294 in
3353 2238 3550 2295 animo

1909 2347 2109 2402 reapse
2158 2331 2428 2402 habeam,
2465 2332 2564 2387 sed
2598 2336 2664 2386 ut
2711 2331 3099 2396 ostenderem,
3134 2328 3349 2402 quibus
3380 2342 3555 2397 argu-

1909 2419 2122 2474 mentis
2176 2419 2512 2475 conﬁrmari
2561 2424 2757 2492 posset
2805 2419 2999 2491 opinio
3039 2420 3184 2489 ejus,
3216 2416 3316 2488 qui
3349 2415 3461 2471 sibi
3491 2414 3553 2471 in

1907 2507 2202 2580 Perpetua;
2248 2508 2574 2564 visionibus
2606 2525 2672 2564 ac
2720 2506 3170 2563 revelationibus
3210 2503 3432 2576 aliquid
3463 2502 3556 2557 vi-

1909 2597 2143 2653 deretur
2171 2597 2482 2662 offendere,
2515 2598 2667 2668 quod
2703 2601 2805 2652 aut
2832 2596 3116 2668 Spiritum
3149 2599 3419 2664 sanctum
3451 2595 3554 2648 aut

1911 2684 2207 2741 catholicae
2257 2686 2688 2742 communionis
2735 2691 3050 2758 martyrem
3097 2684 3398 2740 dedeceret
3437 2697 3452 2737 :
3485 2697 3552 2737 ac

1910 2781 2217 2847 propterea
2247 2791 2314 2830 ea
2343 2775 2541 2830 omnia
2566 2774 2756 2843 vellet,
2783 2780 2850 2830 ut
2879 2774 3367 2830 Montanistarum
3399 2788 3553 2827 com-

1914 2867 2130 2931 menta,
2173 2871 2234 2918 et
2279 2863 2558 2918 confictas
2607 2864 2679 2919 ab
2746 2863 2950 2919 otiosis
3011 2880 3076 2918 ac
3127 2860 3553 2934 superstitiosis

1912 2951 2251 3007 hominibus
2282 2951 2510 3007 fabulas
2540 2952 2866 3024 repudiare.
2900 2951 3062 3015 Quod
3107 2955 3260 3005 certe
3307 2947 3553 3004 minoris

1912 3040 2166 3096 audaciae
2200 3041 2364 3107 foret,
2398 3057 2574 3112 quam
2629 3045 2863 3097 sanctos
2895 3044 3180 3112 martyres
3227 3037 3556 3094 Catholica-

1911 3147 2044 3186 rum
2101 3129 2394 3202 diptychis
2449 3145 2780 3202 expungere
2841 3134 2897 3185 et
2951 3129 3008 3184 in
3063 3127 3555 3184 Montanistarum

1833 3207 1876 3276 C
1913 3236 2153 3276 censum
2187 3219 2418 3274 referre.

1982 3326 2050 3381 V.
2096 3326 2295 3397 Neque
2341 3343 2472 3382 vero
2521 3331 2622 3382 aut
2668 3324 3008 3382 Tertulliani
3059 3324 3424 3390 auctoritate,
3457 3325 3560 3377 aut

1913 3415 2043 3488 ipsa
2073 3415 2226 3470 103
2269 3416 2542 3470 Actorum
2593 3419 2881 3470 vetustate
2921 3415 2992 3469 ab
3027 3414 3296 3484 incmpto,
3330 3411 3377 3467 si
3411 3425 3559 3481 opus

220 3513 329 3573 buit.
354 3521 493 3583 Quod
532 3528 597 3577 ut
633 3522 931 3594 probaret,
990 3497 1214 3578 collatis
1271 3522 1475 3578 multis
1529 3524 1805 3577 Actorum
1917 3503 2624 3594 εξεεθινρΡοεθᾳμθηᾷείῐυθ
2646 3502 2845 3594 haPVia
2867 3497 3561 3594 deterrereer00_BQUi‘

223 3588 1810 3682 lociscumaliisTertullianioperibusostenditeumdem
1920 3593 2048 3682 d9“)
2109 3591 2453 3682 Τθνίξιῃίδιξί
2513 3593 2859 3648 δυοῖονίίθιῖθ
2909 3610 2922 3648 τ
2983 3588 3444 3682 (ἰυδῐηνίεμεῖοίω
3496 3603 3565 3643 θα

223 3694 406 3751 omnino
424 3698 909 3771 stylum,easdem
937 3679 1208 3771 loquendi
1238 3699 1612 3768 formulas,ac
1633 3699 1809 3754 etiam
1920 3681 2232 3771 admunus
2257 3680 2535 3771 habuisse
2565 3683 2856 3771 credatur.
2885 3685 2941 3736 et
2963 3697 3065 3751 pro
3091 3679 3362 3771 genuinis
3392 3682 3567 3748 atque

225 3782 385 3852 θερίας
407 3768 600 3844 eadem
628 3788 812 3842 verba
859 3787 919 3842 in
969 3768 1235 3859 uirisque
1279 3788 1538 3859 reperiri.
1581 3788 1692 3843 sed
1724 3787 1811 3841 ba,
1921 3769 2175 3859 indubia:
2205 3769 2338 3825 ﬁdei
2371 3770 2765 3826 monumentis
2795 3770 3089 3837 laudasse,
3113 3769 3184 3824 de
3208 3768 3314 3824 hoc
3348 3773 3566 3834 tamen,

223 3866 436 3940 loquendi
466 3875 759 3943 formulae,
793 3875 878 3931 hae
912 3857 1180 3948 phrases,
1214 3857 1559 3943 haec—verba,
1593 3876 1688 3930 hic
1721 3877 1816 3931 de-
1925 3863 1992 3914 ιη
2039 3857 2176 3924 ἀίκί»
2235 3875 2350 3948 ηομ
2398 3863 2650 3948 οοΠεῖθῖ,
2701 3875 2839 3948 ﬁcum
2891 3859 3002 3931 ίρεί
3053 3861 3570 3948 υοωωθωοῖξδῒδῑη

225 3970 345 4014 mum
372 3946 1275 4037 quicunquesitTertullianicus
1314 3963 1817 4038 stylus,noniniis
1925 3951 2222 4038 ξ’θῗρεξίυίθ
2300 3947 2585 4038 νίείοη-θω
2663 3947 2898 4038 alin?“
2978 3948 3232 4019 POt‘JOPit
3290 3946 3570 4038 θίξοίρθφ,

221 4033 397 4106 tantum,
421 4069 542 4125 quae
573 4033 650 4110 de
687 4071 793 4109 suo
831 4059 1038 4110 auctor
1067 4070 1130 4109 εθ
1159 4033 1447 4124 adjecig'se
1476 4053 1816 4121 fatetup’sod
1926 4035 2165 4125 Deinde,
2216 4052 2333 4125 non
2379 4035 2632 4090 multum
2684 4035 2743 4090 in
2795 4035 2971 4091 haece
2999 4034 3394 4125 controversia
3424 4033 3568 4125 scri-

222 4132 263 4186 in
287 4135 345 4192 iis
375 4120 531 4198 etiam
559 4160 696 4216 quae
722 4147 786 4198 ut
831 4146 1128 4215 Perpetua:
1161 4147 1218 4198 et
1233 4120 1440 4198 'Saturi
1463 4143 1637 4198 verba
1666 4120 1822 4198 exhi-
1929 4123 2318 4216 lttoriPhujllS
2350 4125 2707 4216 διξοῐονίῐθςῑθ
2737 4124 3115 4216 deferendum
3147 4128 3256 4216 ξεῖ,
3286 4120 3578 4216 ρυω-ηυὶς

220 4207 648 4288 hetanimadverti
658 4236 773 4286 tur.
786 4207 1110 4304 Basnagius
1127 4237 1322 4288 tamen
1337 4231 1641 4287 laudatum
1671 4247 1811 4303 opus

1929 4213 2046 4269 lius
2076 4212 2237 4269 hisce
2269 4213 2326 4268 in
2360 4213 2536 4270 rebus
2569 4212 2784 4269 criterii
2833 4215 2889 4268 et
2911 4211 3119 4282 judicii
3153 4209 3346 4280 fuerit,
3380 4213 3446 4264 ut
3477 4207 3577 4280 qui

221 4309 515 4376 Tertulliano
543 4321 640 4376 his
670 4297 1033 4391 argumentis
1055 4320 1382 4392 abjudicat:
1408 4321 1560 4392 quod
1587 4297 1811 4376 Tertul-

1932 4303 2044 4358 sibi
2075 4302 2147 4358 ab
2179 4301 2813 4372 insanis,fanaticisque
2843 4298 3206 4355 mulierculis
3238 4297 3580 4369 turpissime

221 4395 345 4458 lianc
371 4407 546 4465 nullus
578 4386 844 4466 veterum
887 4426 954 4466 ea
983 4386 1210 4465 tribuit.
1245 4410 1392 4474 Quia
1418 4386 1592 4465 etiam
1636 4408 1824 4482 stylus
1933 4390 2154 4482 imperii
2200 4407 2410 4482 passus
2442 4389 2635 4457 fuerit,
2669 4395 2726 4444 et
2756 4388 3011 4482 animus)
3042 4388 3191 4459 aerei
3228 4386 3423 4482 σοιονίξ
3451 4399 3580 4441 esse

230 4485 311 4543 illo
347 4492 664 4554 Tertulliani
721 4497 1006 4553 humilior
1053 4502 1142 4554 est
1173 4514 1276 4553 nec
1310 4497 1550 4570 paribus
1584 4474 1811 4570 ignibus

1935 4479 2268 4547 crediderit,
2299 4483 2350 4534 et
2377 4484 2578 4550 [om
2607 4494 2710 4550 per
2735 4479 2922 4534 omnia
2953 4475 3231 4544 humanae,
3264 4474 3419 4546 quod
3451 4489 3583 4530 eam

230 4575 392 4635 micat.
437 4583 688 4659 Denique
734 4587 877 4642 Acta
921 4591 1218 4659 Perpetuis
1261 4564 1466 4642 laudat
1514 4564 1638 4658 ipse
1683 4587 1821 4642 Ter-
1855 4571 1902 4635 D
1932 4567 2042 4659 sibi
2071 4569 2337 4659 (ἶυίθάγὶιπι
2371 4584 2400 4622 θ
2444 4566 2945 4659 Μοηξαηξειυτυῐη
2971 4568 3153 4659 “secta
3195 4564 3583 4659 Ρεέ-υάοφνξξ·

225 4665 462 4728 tullianus
491 4652 814 4748 suppresso
845 4691 952 4731 suo
1001 4652 1259 4741 nomine,
1293 4677 1445 4746 quod
1496 4652 1634 4744 edit,
1683 4676 1824 4730 dum
1936 4657 2158 4730 Ρῧθίθει
2193 4656 2484 4748 (ὶῘιΙε-Πλοάξ
2519 4654 2832 4725 οοίοτῖδυετ
2869 4657 2925 4710 et
2971 4653 3344 4710 lineamentis
3382 4652 3588 4726 Ρτεθάί·

223 4770 418 4826 operum
459 4779 704 4819 suorum
757 4763 1042 4818 meminit.
1086 4765 1149 4818 In
1192 4743 1382 4836 prima
1424 4743 1672 4820 istarum
1730 4781 1828 4819 ra-
1938 4750 2058 4802 tam
2095 4743 2535 4800 renuntiaverit-

220 4842 360 4915 tione,
407 4855 458 4906 et
505 4851 725 4908 ultima
777 4869 892 4908 non
927 4851 1178 4908 multum
1219 4853 1498 4909 momenti
1532 4853 1705 4910 inest.
1741 4852 1827 4908 Ad

220 4932 427 5000 Primam
449 4941 603 4996 enim
630 4941 971 5013 responderi
997 4941 1164 4998 facile
1186 4947 1382 5013 posset
1407 4961 1418 4998 :
1445 4942 1634 5014 primo
1661 4958 1830 5014 argu-

219 5029 440 5082 mentum
463 5045 592 5086 esse
616 5030 1134 5102 negativum,quod
1159 5036 1465 5103 propterea
1487 5049 1599 5086 non
1626 5033 1832 5086 admo-

221 5108 334 5166 dum
382 5124 557 5189 urget.
617 5119 909 5187 Secundo,
960 5119 1088 5175 ideo
1137 5137 1252 5175 non
1303 5120 1482 5181 fuisse
1524 5121 1578 5175 id
1638 5119 1830 5193 operis

218 5195 338 5256 inter
361 5207 702 5262 Tertulliani
735 5208 923 5280 Opera
951 5208 1328 5276 recensitum,
1368 5210 1522 5280 quod
1556 5211 1833 5264 Actorum

220 5289 376 5354 potius
424 5293 699 5350 collector
746 5313 922 5367 quam
973 5301 1180 5353 auctor
1228 5298 1560 5353 haberetur.
1607 5299 1834 5353 Postre-

218 5389 339 5433 mam
384 5399 623 5454 quoque
676 5385 955 5440 rationem
999 5385 1168 5442 facile
1219 5391 1375 5442 esset
1433 5385 1692 5453 eludere,
1748 5386 1837 5440 di-

224 5467 369 5523 cendo
397 5471 692 5543 imprimis
722 5475 874 5545 quod
907 5474 1309 5532 Tertullianus
1357 5478 1498 5531 Acta
1529 5493 1644 5531 non
1676 5474 1836 5546 citat,

221 3159 276 3216 lia
295 3164 339 3218 in
366 3166 620 3223 omnibus
654 3167 851 3234 verba,
883 3166 1106 3223 similes
1131 3168 1284 3224 102
1308 3165 1802 3239 phrases,similes

220 3247 473 3311 locutiones
491 3260 838 3320 occurrunt;
857 3272 1011 3311 unus
1030 3256 1304 3327 idemque
1324 3255 1510 3326 stylus
1525 3255 1586 3310 in
1611 3254 1800 3311 omni-

221 3337 301 3394 bus
312 3341 978 3414 deprehenditur.Auctor
996 3343 1267 3416 Ερὶεῐοιω
1285 3344 1646 3416 Biturigibus
1667 3343 1806 3400 seri-

221 3431 300 3498 ptce
317 3431 372 3484 ad
393 3432 999 3489 HenricumValesium
1025 3432 1084 3488 id
1109 3432 1622 3505 opusTertulliano
1645 3432 1807 3488 attri-

2011 4850 2252 4908 Fuerint
2299 4854 2474 4907 etiam
2517 4851 2588 4906 ab
2642 4855 2876 4908 auctore
2925 4868 3134 4922 comvo,
3168 4855 3234 4906 ut
3273 4850 3476 4916 fertur,
3531 4853 3590 4905 et

1939 4941 2066 5013 ipse
2098 4941 2156 4996 in
2190 4941 2528 5013 przefatione
2571 4945 2841 5012 testatur,
2876 4946 3215 4996 sanctorum
3266 4944 3588 5013 martyrum

1945 5012 2084 5086 Acta
2115 5029 2171 5084 in
2193 5012 2428 5086 litteras
2460 5030 2663 5098 missa,
2689 5034 2745 5085 et
2775 5047 2914 5085 sere:
2936 5012 3590 5102 posteritati'commcn-

1945 5119 2080 5174 data
2114 5137 2126 5175 :
2162 5136 2276 5174 non
2327 5120 2462 5175 inde
2491 5123 2687 5174 tamen
2719 5135 3082 5189 consequens
3135 5122 3307 5183 esset,
3359 5133 3426 5172 ea
3465 5133 3590 5186 qum

1946 5209 2016 5264 ad
2048 5207 2302 5263 visiones
2354 5207 2664 5280 pertinent,
2719 5209 2915 5263 omnia
2945 5222 3071 5261 esse
3104 5205 3290 5260 avidis
3322 5203 3595 5274 auribus,

1948 5296 2226 5368 nulloque
2257 5298 2518 5352 adhibito
2550 5297 2778 5351 criterio
2812 5293 3172 5366 excipienda.
3209 5294 3392 5356 Quam
3427 5292 3594 5348 facile

1947 5391 2035 5442 est
2064 5385 2219 5441 enim
2251 5391 2314 5442 ut
2343 5387 2504 5441 hisce
2552 5385 2609 5438 in
2657 5385 2832 5438 rebus
2880 5387 2937 5437 et
2967 5382 3123 5449 boni,
3157 5381 3262 5436 viri
3292 5381 3594 5450 fallantur,

1948 5480 2005 5531 et
2036 5474 2186 5530 male
2219 5475 2404 5530 feriati
2442 5473 2706 5528 homines
2737 5487 2871 5525 cum
2905 5471 3022 5526 otio
3054 5474 3312 5538 suo,tum
3347 5471 3598 5528 aliorum

226 5554 299 5609 sed
340 5557 640 5632 Perpetua
684 5563 964 5620 visionem
1017 5569 1330 5632 memorat,
1381 5581 1558 5637 quam
1604 5565 1842 5620 aliunde

231 5646 484 5717 accepisse
555 5653 806 5722 poterat,
855 5668 1030 5725 quam
1088 5669 1156 5708 ex
1209 5653 1386 5710 Actis.
1438 5653 1657 5712 Deinde
1705 5669 1840 5710 cum

505 5767 773 5842 Parant.
822 5778 926 5841 III.

1950 5563 2292 5620 credulitate
2321 5560 2677 5618 abutantur!
2728 5563 2965 5629 Auctor,
3016 5564 3080 5616 ut
3107 5561 3385 5633 vidimus,
3432 5579 3597 5618 mon-

1951 5652 2322 5725 tanista,quae
2345 5652 2415 5708 de
2440 5651 2735 5723 Perpetua:
2752 5654 2808 5708 et
2827 5651 3023 5709 Saturi
3045 5651 3370 5710 visionibus
3394 5651 3587 5721 habet,

3243 5783 3280 5843 4
