4064 6154
232 414 308 473 109
930 407 1081 465 PRO
1126 406 1237 466 SS.
1284 404 1722 475 PERPETUA,
1775 403 2234 465 FELICITATE
2279 406 2378 465 ET
2423 405 2698 466 SUCllS.
3398 410 3513 469 MO

226 548 348 614 petua
365 536 772 594 revelationibus
798 537 1137 593 subodorati
1170 542 1307 593 sunt
1331 539 1548 607 quibus
1578 537 1750 591 modo
1780 537 1834 600 Α
1867 534 2245 591 christianum
2280 536 2618 607 religionem
2652 536 2902 592 ludibrio
2952 536 3187 607 habent,
3244 543 3344 594 aut
3388 541 3515 596 nul-

221 630 395 701 suspiaio
432 624 959 698 imprudentissime
1024 627 1372 698 aspergitur.
1420 626 1544 681 Non
1593 629 1758 680 erant
1868 623 1981 677 lam
2016 626 2248 696 penitus
2280 626 2617 698 religionem
2650 625 2866 683 colunt.
2913 627 3036 682 Non
3068 632 3159 682 est
3185 632 3380 682 tamen
3412 646 3516 685 cur

221 723 353 773 Patres
375 716 424 771 in
460 716 619 770 rebus
677 712 815 768 ﬁdei
873 713 1301 769 subodorandis
1359 716 1501 770 adeo
1564 713 1758 769 obesis
1867 728 1897 766 a
1931 729 2023 768 me
2070 712 2282 785 aliquis
2312 719 2605 786 exspectet
2633 718 2697 769 ut
2723 715 2920 770 omnia
2941 715 3053 770 huc
3084 716 3377 772 conferam
3407 736 3513 773 cce-

217 805 401 873 naribus,
437 810 493 858 ut
522 818 628 858 non
662 801 859 857 statim
891 802 1109 857 bonum
1165 801 1378 858 Christi
1410 803 1667 867 odorem,
1703 804 1759 856 et
1865 798 2101 855 Iastium
2159 802 2475 869 visionum,
2538 802 3008 874 propheticarum
3066 804 3506 873 revelationum,

212 893 451 948 cmiestium
478 892 893 947 charismatum
926 890 1306 963 fragrantiam
1353 891 1423 946 ab
1456 890 1754 947 hseretica-
1866 888 2234 961 aliorumque
2260 892 2591 947 divinorum
2635 891 3055 947 charismatum
3086 895 3349 965 exempla
3379 894 3507 965 qui-

206 999 297 1038 rum
321 980 601 1037 fabularum
634 979 1103 1051 ineptiarumque
1128 980 1328 1035 foetore
1362 980 1759 1035 discernerent
1865 976 1977 1033 bus
2008 978 2263 1035 Ecclesia
2294 979 2617 1051 plurimum
2644 979 2752 1034 fuit
2782 980 2973 1035 tribus
3007 980 3297 1051 prioribus
3328 998 3508 1037 saecu-

202 1071 291 1126 Nou
318 1071 456 1126 modo
484 1067 674 1124 nullus
707 1066 934 1123 ostendi
957 1072 1147 1138 potest
1167 1067 1477 1124 haereticus
1509 1072 1755 1139 martyr,
1865 1063 1939 1121 lis
1967 1065 2282 1123 illustrata.
2318 1070 2664 1139 Quanquam
2694 1068 2851 1124 enim
2880 1068 2936 1123 id
2988 1068 3241 1124 multum
3274 1071 3508 1140 juvaret

202 1176 335 1232 quem
360 1176 443 1230 pro
484 1155 759 1212 catholico
817 1159 1017 1212 Patres
1069 1156 1377 1224 coluerint,
1433 1158 1535 1213 sed
1567 1172 1757 1228 neque
1866 1156 1932 1209 ut
1966 1154 2449 1228 intelligeremus,
2499 1157 2654 1211 unde
2704 1160 3002 1228 Perpetuae
3050 1157 3313 1213 animum
3346 1161 3510 1214 tanta

196 1247 333 1302 etiam
357 1246 450 1301 ulla
477 1243 885 1300 catholicorum
931 1248 1253 1317 martyrum
1310 1249 1440 1301 acta
1470 1242 1757 1301 haeretiCis
1864 1242 2078 1299 fiducia
2110 1244 2413 1301 incesserit
2442 1246 2532 1317 (ex
2563 1262 2797 1300 summa
2835 1244 3101 1301 videlicet
3132 1262 3234 1317 per
3264 1261 3331 1301 ea
3359 1251 3507 1301 tem-

196 1335 359 1390 fabulis
385 1334 676 1405 inquinata,
710 1348 957 1403 quorum
992 1334 1062 1387 ad
1124 1333 1386 1389 fidelium
1418 1334 1754 1390 :edificatio-
1865 1347 2007 1403 pora
2037 1333 2355 1389 caelestium
2389 1334 2674 1389 donorum
2710 1334 2991 1401 ubertate,
3043 1338 3099 1388 et
3130 1350 3276 1406 pene
3323 1338 3513 1406 quoti-

190 1441 290 1479 nem
314 1421 644 1495 publicamin
681 1422 937 1477 Ecclesia
957 1421 1263 1478 lectionem
1296 1409 1424 1479 esse
1445 1422 1754 1479 voluerint.
1866 1420 2041 1477 diano
2073 1430 2130 1478 et
2160 1423 2555 1489 communi,ac
2584 1422 2891 1494 quibusvis
2913 1422 3097 1493 justis
3128 1424 3389 1495 exposito
3421 1425 3511 1479 di-

1852 1509 2137 1565 vinorum
2168 1511 2590 1566 charismatum
2651 1512 2805 1581 usu),
2866 1516 3125 1567 attamen
3184 1512 3320 1582 quia
3367 1513 3515 1570 bene

1866 1598 2102 1670 longam
2133 1600 2542 1672 eruditumque
2572 1599 2638 1654 de
2694 1601 3003 1655 l’isionibus
3062 1600 3135 1654 ad
3193 1600 3514 1672 Epistolam

1867 1704 1967 1742 vni
1998 1687 2269 1759 Cypriani
2300 1688 2771 1743 dissertationem
2832 1688 3013 1743 texuit
3034 1688 3318 1744 Henricus
3363 1690 3515 1746 Dod-

194 1513 248 1568 Ut
268 1512 379 1567 boni
407 1517 641 1583 pastores
674 1510 907 1565 solliciti
941 1511 1261 1566 admodum
1281 1517 1468 1579 erant,
1504 1516 1567 1567 ut
1597 1529 1631 1567 a
1654 1529 1755 1567 nc-

198 1601 283 1656 xiis
306 1606 449 1671 atque
474 1599 767 1669 inutilibus
800 1599 997 1655 herbis
1027 1616 1161 1655 oves
1192 1605 1513 1656 averterent
1570 1618 1709 1657 suas
1741 1617 1755 1658 :

202 1704 355 1758 neque
378 1688 627 1742 credimus
659 1688 925 1742 fraudem
957 1687 1101 1743 nulli
1142 1705 1243 1759 per
1275 1694 1361 1745 tot
1391 1689 1602 1745 saecula
1633 1690 1758 1745 ani-

204 1776 532 1841 madversum,
568 1793 705 1831 nunc
761 1777 1000 1832 tandem
1057 1777 1345 1850 Basnagio
1402 1778 1759 1835 suboluisse.

202 1864 491 1918 Enitendum
509 1868 578 1918 est
604 1865 803 1961 igitur,
838 1869 901 1920 ut
931 1865 1174 1937 injectus
1218 1867 1479 1939 antiquis
1511 1867 1672 1923 hisce
1702 1871 1759 1923 et
1790 1898 1838 1961 B

199 1953 412 2023 probatis
438 1958 657 2008 veterum
691 1953 934 2009 Patrum
965 1954 1188 2011 calculo
1211 1956 1609 2012 monumentis
1640 1956 1757 2011 haz-

203 2041 358 2095 reticm
399 2042 667 2112 pravitatis
724 2041 987 2097 maculas
1045 2044 1443 2116 detergamus,
1511 2049 1569 2099 et
1626 2044 1761 2101 inde

197 2127 333 2182 etiam
360 2128 632 2184 conﬂatam
666 2131 888 2185 sanctis
920 2131 1274 2203 martyribus
1305 2132 1540 2188 sceleris
1580 2133 1760 2203 hujus

196 2216 416 2270 invidiam
445 2217 815 2288 depellamus.
850 2219 1010 2283 Quod
1042 2236 1135 2274 me
1192 2220 1358 2275 facile
1416 2226 1759 2276 consecutu-

194 2319 291 2357 rum
316 2320 421 2359 esse
447 2306 689 2375 conﬁdo,
723 2306 955 2377 singula
980 2324 1221 2380 quaeque
1269 2309 1338 2363 ad
1399 2325 1640 2365 examen
1674 2326 1760 2364 re-

191 2393 411 2461 vocando,
439 2398 489 2447 et
518 2394 585 2447 ad
620 2394 941 2450 severiores
990 2397 1221 2452 critices
1269 2397 1501 2469 regulas
1548 2416 1762 2471 expen-

194 2480 356 2543 dendo,
381 2497 489 2551 quae
520 2482 875 2554 Basnagium
910 2483 967 2538 in
997 2500 1233 2556 pravam
1267 2485 1416 2541 hanc
1447 2487 1517 2542 de
1545 2487 1764 2543 sanctis

191 2569 479 2639 martyribus
532 2570 873 2641 opinionem
931 2572 1320 2629 adduxerunt.
1379 2574 1668 2642 Primum,
1701 2577 1767 2630 ut

190 2655 403 2727 vidimus,
432 2657 575 2713 inter
605 2658 791 2713 insita
820 2665 877 2714 et
908 2675 976 2715 ex
1022 2659 1167 2733 ipsis
1197 2663 1358 2718 Actis
1388 2668 1445 2719 et
1476 2664 1764 2736 Perpetua

185 2742 327 2799 verbis
370 2746 617 2811 collecta,
683 2747 963 2803 adversus
1022 2750 1300 2823 Martyres
1349 2758 1761 2825 argumentum

186 2833 343 2899 repetit
364 2848 423 2888 ex
446 2849 509 2888 eo
532 2836 697 2905 quod
747 2836 914 2891 initio
972 2838 1179 2909 capitis
1238 2841 1427 2910 quarti
1481 2846 1766 2913 Perpetua

184 2925 330 2973 narrat
356 2920 408 2976 in
460 2923 577 2977 haec
643 2924 868 2979 verba:
904 2948 932 2975 α
967 2930 1129 2981 'lunc
1186 2929 1330 2984 dixit
1390 2930 1533 2985 mihi
1588 2934 1767 2987 frater

187 3022 309 3062 meus
334 3024 346 3063 ε
372 3011 513 3065 106
544 3012 798 3068 Domina
819 3029 1003 3080 soror,
1021 3016 1147 3085 jam
1168 3016 1228 3071 in
1249 3034 1462 3090 magna
1482 3018 1765 3091 dignitate

186 3108 241 3159 es,
266 3100 309 3151 et
336 3098 483 3152 tanta
536 3103 601 3153 ut
654 3098 920 3171 postules
976 3102 1276 3172 visionem,
1310 3110 1367 3161 et
1423 3108 1769 3162 ostendatur

185 3181 258 3235 tibi
281 3189 538 3255 anpassio
570 3188 675 3254 sit,
714 3204 785 3243 an
827 3196 1214 3247 commeatus.
1275 3195 1344 3249 Et
1374 3210 1479 3266 ego
1510 3212 1640 3266 quas
1672 3212 1766 3251 me

185 3268 381 3327 sciebam
415 3274 668 3330 fabulari
731 3292 864 3331 cum
925 3278 1192 3347 Domino,
1254 3255 1440 3351 cujus
1483 3255 1839 3339 beneficiaC

185 3362 305 3411 tanta
328 3366 544 3431 experta
595 3379 789 3429 eram,
825 3364 1071 3423 fidenter
1100 3369 1407 3442 repromisi
1438 3370 1485 3425 ei
1520 3372 1721 3427 dicens
1756 3387 1771 3428 :

187 3441 391 3502 Crastina
415 3451 505 3505 die
534 3451 644 3506 tibi
686 3453 1054 3510 renuntiabo.
1110 3479 1139 3506 »
1172 3441 1270 3523 Eo.
1316 3458 1508 3530 inquit
1552 3461 1771 3516 Basna-

184 3533 296 3601 gius,
344 3553 398 3591 se
449 3541 626 3594 modo
694 3539 979 3612 Perpetua
1030 3544 1207 3616 gerit,
1267 3546 1436 3617 quasi
1493 3548 1773 3618 Spiritum

186 3628 396 3677 sanctum
421 3627 593 3681 veluti
631 3628 857 3683 monile
888 3632 1183 3701 quoddam
1217 3634 1276 3688 in
1308 3652 1442 3691 arca
1480 3636 1773 3692 inclusum

184 3724 262 3762 sua
286 3710 491 3769 haberet
513 3718 587 3770 ad
619 3720 998 3788 nutum,ejus
1022 3720 1775 3796 illustrationihus,quando

186 3796 326 3865 vellet,
346 3817 502 3857 usura
515 3806 586 3859 ad
616 3805 957 3872 arbitrium;
982 3808 1353 3881 recitatisque
1376 3814 1777 3883 superioribus

184 3886 347 3978 verbis,
374 3892 590 3959 Hiram,
619 3894 962 3967 subjungit,
998 3898 1273 3954 ﬁduciam
1306 3904 1361 3955 et
1398 3902 1525 3957 sola
1556 3902 1781 3961 Monta-

186 3979 409 4031 metarum
439 3980 675 4035 familia
707 3981 945 4053 dignam
982 3984 995 4038 l

230 4061 321 4117 Hoc
342 4074 693 4138 argumento
748 4070 917 4126 facile
966 4090 1057 4129 me
1108 4075 1461 4147 expedirem,
1512 4078 1560 4134 si
1612 4079 1780 4136 innu-

185 4160 305 4239 mera
328 4150 428 4208 huc
455 4157 737 4212 afferrem
768 4158 1001 4226 similis,
1050 4162 1099 4217 si
1148 4180 1263 4219 non
1312 4165 1492 4221 etiam
1540 4169 1780 4239 majoris

183 4231 359 4295 ﬁducia
383 4245 801 4317 exempla,non
832 4250 1006 4305 modo
1032 4267 1097 4307 ex
1129 4254 1515 4310 recentiorum
1549 4231 1783 4314 sancto-

185 4337 284 4415 rum
308 4328 569 4415 historiis,
616 4335 729 4391 sed
779 4352 811 4392 e
858 4338 1195 4395 Theodorfti
1247 4359 1481 4415 quoque
1535 4345 1781 4403 historia

187 4408 423 4499 {Eligiosa
450 4436 479 4475 e
507 4424 786 4494 Gregorii
831 4425 1107 4499 Dialogis,
1160 4445 1228 4485 ex
1263 4408 1511 4488 :Ioannis
1560 4434 1782 4491 Moschi

190 4494 328 4553 Prato
350 4507 645 4583 apirituali,
709 4526 775 4566 ex
826 4512 956 4571 aliis
999 4494 1338 4585 hujusmodi
1392 4520 1601 4590 quinti,
1635 4527 1781 4580 sexti

1867 1775 2257 1846 wellus,inter
2289 1778 2677 1832 Protestantes
2702 1794 2814 1831 non
2842 1776 3028 1831 inﬁmi
3051 1777 3315 1833 subsellii
3349 1778 3511 1835 theo-

1869 1864 2060 1937 logus,
2094 1865 2150 1919 in
2182 1882 2295 1937 qua
2326 1868 2586 1920 veterum
2648 1869 2907 1934 Patrum,
2973 1864 3139 1920 initio
3172 1871 3407 1938 sumpto
3440 1869 3512 1923 ab

1868 1951 2201 2024 apostolicis
2261 1954 2331 2008 ad
2390 1952 2743 2024 Cyprianum
2804 1969 2990 2024 usque
3040 1953 3165 2008 loca
3196 1954 3393 2010 omnia
3450 1955 3512 2012 in

1870 2042 2087 2112 quibus
2117 2043 2188 2097 de
2216 2041 2541 2097 visionibus
2572 2046 2775 2114 agunt,
2810 2043 3089 2097 adversus
3131 2059 3228 2098 eos
3262 2045 3515 2100 asseruit

1870 2146 1937 2186 ac
1967 2130 2279 2186 vindicavit
2312 2152 2339 2180 «
2372 2129 2486 2201 qui,
2524 2134 2586 2185 ut
2615 2130 2850 2201 ait,qum
2882 2129 3083 2203 legunt
3115 2130 3173 2186 in
3205 2130 3363 2187 illius
3405 2150 3511 2188 saa-

1871 2218 1984 2273 culi
2018 2219 2353 2275 auctoribus
2409 2220 2479 2274 de
2538 2218 2879 2285 visionibus,
2940 2236 3007 2274 ea
3036 2220 3107 2273 ad
3168 2220 3513 2276 Montanum

1870 2306 2113 2362 trahunt
2146 2313 2320 2379 atque
2351 2307 2735 2363 Montanistas
2770 2326 2783 2375 ;
2827 2334 2839 2347 νο
2881 2308 3010 2363 ideo
3041 2307 3147 2362 hoc
3180 2325 3285 2380 ego
3316 2307 3516 2365 labore

1872 2395 1931 2449 in
1964 2397 2274 2467 praesentia
2328 2396 2743 2468 supersedebo,
2776 2397 2876 2451 sed
2925 2412 2993 2452 ea
3050 2397 3330 2452 duntaxat
3380 2415 3515 2454 cum

1872 2500 1941 2539 ex
1970 2484 2345 2556 antiquorum
2380 2486 2616 2541 Patrum
2650 2484 2883 2557 scriptis
2906 2484 3150 2556 seligam
3183 2486 3519 2543 testimonia

1872 2574 1998 2626 tum
2029 2588 2096 2627 ex
2126 2577 2450 2645 martyrum
2484 2572 2729 2628 sinceris
2747 2573 2897 2627 Actis
2929 2574 3305 2645 probatisque
3338 2574 3517 2631 histo-

1874 2657 1978 2714 riis
2026 2660 2291 2732 exempla
2336 2677 2461 2731 qua:
2512 2661 2583 2716 ad
2639 2678 2835 2716 meum
2888 2661 3225 2717 institutum
3274 2661 3517 2734 propius

1875 2749 2147 2805 accedere
2175 2750 2549 2817 videbuntur,
2585 2755 2641 2805 et
2675 2766 2741 2805 ex
2775 2751 2989 2821 quibus
3022 2750 3189 2805 facile
3218 2752 3519 2823 possitin-

1874 2836 2080 2909 telligi,
2150 2838 2636 2893 Montanistarum
2719 2837 2955 2893 familiae
3021 2840 3317 2911 propriam
3402 2857 3517 2895 non

1846 2924 2059 2980 fuisse
2084 2926 2291 2981 miram
2325 2926 2487 2981 illam
2518 2930 2818 2998 Perpetuaa
2848 2926 3149 2990 ﬁduciam,
3183 2944 3301 2998 qua
3334 2927 3518 2981 futuri

1874 3018 2116 3068 eventus
2148 3014 2557 3069 revelationem
2591 3014 2750 3068 fratri
2783 3014 3115 3085 spopondit.

1946 3100 2017 3156 ll.
2041 3101 2309 3157 Notanda
2339 3106 2479 3157 sunt
2524 3105 2718 3157 autem
2772 3100 3064 3172 imprimis
3112 3102 3383 3173 quaedam
3412 3102 3517 3158 Ju-

1876 3188 2014 3245 stini
2048 3190 2319 3262 martyris
2349 3188 2477 3245 loca
2505 3208 2573 3245 ex
2620 3188 2857 3261 Dialogo
2914 3206 3048 3245 cum
3096 3191 3423 3262 Tryphone,
3458 3191 3518 3246 in

1877 3295 2012 3351 quo,
2048 3282 2113 3333 ut
2141 3279 2425 3335 Eusebius
2451 3279 2698 3334 advertit
2740 3278 2852 3349 (88)
2887 3295 2900 3333 :
2940 3302 2959 3327 α
2994 3278 3315 3350 Prophetize
3368 3281 3524 3337 dona

1882 3367 2073 3422 adhuc
2104 3384 2211 3423 sua
2254 3372 2421 3424 aetate
2467 3368 2525 3421 in
2577 3365 2831 3422 Ecclesia
2889 3366 3166 3437 viguisse,
3229 3368 3454 3423 scribit.
3492 3390 3520 3418 ››

1882 3456 1990 3510 Sed
2025 3456 2316 3527 quomodo
2346 3455 2658 3527 viguerint,
2691 3455 2988 3526 productis
3028 3457 3213 3510 sancti
3249 3456 3524 3528 martyris

1883 3544 2236 3599 testimoniis
2285 3548 2648 3615 compertum
2700 3542 2888 3613 magis
2956 3542 3303 3598 habebimus
3353 3548 3528 3615 atque

1885 3632 2271 3703 exploratum.
2308 3632 2391 3685 Ita
2418 3632 2566 3686 107
2603 3630 2759 3686 enim
2808 3630 2888 3685 ait
2935 3632 3047 3702 (89)
3081 3648 3093 3684 :
3130 3654 3156 3680 «
3209 3634 3374 3704 Apud
3420 3650 3528 3688 nos

1886 3722 2041 3775 enim
2071 3721 2184 3775 huc
2226 3737 2410 3790 usque
2459 3721 2635 3775 etiam
2690 3720 3029 3791 prophetica
3077 3726 3305 3776 exstant
3354 3723 3527 3789 dona,

1887 3810 2041 3865 unde
2070 3814 2127 3864 et
2156 3826 2256 3865 vos
2284 3808 2606 3881 intelligere
2637 3808 2859 3863 debetis
2886 3825 3013 3880 qua:
3062 3808 3197 3866 olim
3232 3810 3291 3864 in
3322 3827 3531 3882 genere

1886 3902 2075 3954 vestro
2109 3899 2287 3964 fuere,
2319 3914 2389 3953 ea
2416 3914 2542 3953 esse
2573 3898 2631 3952 in
2664 3914 2769 3953 nos
2816 3896 3121 3953 translata.
3178 3920 3206 3947 ››
3260 3899 3331 3953 Et
3360 3899 3530 3965 infrs,

1888 4004 2067 4061 quam
2099 3986 2470 4058 perspicuum
2502 4002 2629 4041 esse
2660 3987 2849 4053 docet,
2882 3991 2939 4041 et
2970 3986 3029 4041 in
3052 3986 3315 4042 omnium
3346 3987 3532 4043 oculis

1888 4073 2408 4147 positum,nullum
2426 4080 2551 4129 tum
2577 4073 2833 4146 amplius
2855 4078 3079 4130 exstare
3100 4074 3159 4130 in
3191 4076 3529 4132 Judaaorum

1889 4170 2059 4238 gente
2106 4163 2497 4237 prophetam:
2543 4168 2664 4219 tam
2717 4162 2907 4235 palam
2959 4180 3088 4219 esse
3137 4165 3432 4235 omnibus,
3470 4180 3535 4219 ac

1890 4254 2290 4320 manifestum,
2343 4268 2471 4307 esse
2537 4268 2735 4307 revera
2800 4250 2952 4307 inter
2998 4252 3364 4309 Christianos
3415 4270 3529 4308 non

1888 4343 2043 4398 viros
2073 4342 2433 4411 tantum,sed
2464 4342 2639 4397 etiam
2671 4340 3266 4412 feminas,prophetia3
3289 4340 3533 4412 spiritus

1892 4432 2214 4487 secundum
2245 4430 2422 4488 Joelis
2452 4428 2788 4485 vaticinium
2820 4429 3047 4484 afﬂatos
3078 4429 3193 4499 (90)
3223 4445 3234 4483 :
3276 4450 3304 4479 «
3338 4429 3423 4485 Ita
3469 4434 3534 4485 ut

1892 4520 1952 4575 in
1995 4536 2204 4593 genere
2250 4523 2441 4575 vestro
2492 4534 2607 4573 non
2659 4516 2913 4589 amplius
2959 4534 3119 4572 more
3167 4519 3344 4573 veteri
3398 4535 3535 4590 pro-

192 4597 974 4689 factio-entiumrsaaculorum
1000 4604 1397 4661 voluminibus
1428 4618 1782 4675 coacervata.
1817 4622 1863 4689 D
1893 4609 2077 4682 pheta:
2121 4608 2299 4662 futuri
2352 4610 2590 4663 essent:
2630 4606 2781 4677 quod
2831 4610 2887 4661 et
2934 4605 3121 4662 oculis
3172 4606 3285 4679 ipsi
3329 4609 3541 4664 vostris

183 4675 483 4769 Atquoniam
508 4688 664 4743 mihi
702 4704 837 4745 cum
867 4693 1157 4763 ejusmodi
1184 4694 1524 4753 hominibus
1545 4699 1786 4769 quaestio

185 4766 266 4860 fast.
302 4768 386 4838 qui
431 4772 481 4827 id
532 4776 779 4846 generis
828 4783 1229 4838 monumentis
1288 4802 1520 4841 omnem
1563 4766 1789 4844 temere

182 4851 319 4945 fidem
346 4860 648 4934 abrogant,
700 4864 821 4921 haec
878 4868 936 4922 in
997 4872 1437 4940 praesentiarum
1500 4875 1679 4932 missa
1715 4878 1792 4933 fa-

186 4952 370 5004 mam.et
390 4950 457 5002 ad
491 4952 613 5007 alia
648 4968 746 5009 me
776 4958 1040 5029 exempla
1068 4960 1524 5034 testimoniaque
1550 4980 1792 5022 conver-

182 5034 291 5097 l-im,
320 5037 520 5105 quibus
549 5041 594 5095 ii
629 5047 871 5100 tantum
906 5047 1180 5119 refragari
1231 5052 1502 5123 audeant,
1559 5054 1656 5125 qui
1692 5058 1796 5110 aut

216 5263 323 5345 ,(88)
352 5270 389 5320 Γ
392 5268 547 5347 ράφει
604 5271 672 5327 δὲ
722 5278 809 5332 καὶ
856 5278 930 5340 ὡς
980 5278 1062 5336 ὅτι
1116 5282 1278 5359 μέχρι
1327 5281 1416 5336 καὶ
1483 5281 1645 5337 αὐτοῦ
1737 5306 1796 5339 α-

193 5345 371 5412 ³ζ⁷μ²τα
435 5349 764 5412 προφητικὰ
848 5346 1144 5412 διέλαμπεν
1240 5352 1326 5409 ἐπὶ
1384 5359 1487 5412 τῆς
1563 5303 1796 5412 Ἐκκξη-

190 5346 371 5425 fimus
435 5346 764 5419 προφητικὰ
848 5346 1144 5425 διέλαμπεῆ
1189 5346 1326 5409 Νέπὶ
1384 5359 1487 5423 τῆς
1563 5346 1797 5425 Ἐκκῖη-

190 5423 288 5480 τίεις,
319 5413 431 5467 ιιι).
468 5433 547 5480 1v,
586 5419 756 5480 Ηίιςε..
790 5440 915 5480 can.
954 5428 1038 5480 18.

198 5442 288 5507 ’τη
319 5442 431 5467 ⁸ιιυ-
470 5442 547 5485 ιγ,
586 5442 756 5487 nun,
790 5442 915 5497 cap.
954 5442 1038 5483 ιδ.

198 5478 331 5573 υιδθ)
359 5487 508 5575 Πειξᾶ
561 5488 690 5579 γὰρ,
729 5494 860 5565 ἡμῖν
909 5496 997 5551 καὶ
1042 5496 1209 5589 μέχρι
1237 5501 1323 5551 νῦν
1355 5498 1667 5589 προφητικά
1696 5516 1798 5574 χα-

198 5564 375 5589 υἳνιτρη
435 5576 609 5589 9...-..
671 5561 721 5589 ..ζ
790 5566 847 5589 ,Δγ
918 5588 921 5589 ,
960 5568 1002 5589 ,,\
1204 5567 1219 5589 ‘
1458 5588 1477 5589 η
1564 5567 1580 5589 ,
1664 5568 1703 5589 I‘

404 5559 609 5655 "iam?
753 5559 848 5655 “ot?
914 5568 1003 5655 κιξὶ
1040 5559 1220 5655 ζαῦξοὶ
1270 5559 1803 5655 συνιιένέι’.ᾆφεί)ίέτε

196 5623 324 5747 :i
346 5623 519 5683 πάλαι
556 5628 615 5686 ἐν
651 5623 733 5704 τῷ
760 5634 919 5711 γένει’
953 5623 1267 5714 ὑμῶνήὸντα
1315 5623 1406 5704 et:
1458 5623 1612 5713 ήμᾶέ

1898 4714 2132 4754 cernere
2163 4696 2570 4768 potestis.Post
2601 4694 2763 4748 illum
2799 4711 3053 4766 namque
3078 4694 3275 4753 nullus
3304 4697 3543 4753 omnino

1899 4787 2054 4859 apud
2084 4802 2185 4840 vos
2219 4788 2390 4839 natus
2422 4787 2509 4839 est
2540 4783 2841 4855 propheta.
2868 4806 2895 4833 ››
2930 4784 2994 4839 Et
3026 4784 3195 4855 paulo
3226 4790 3359 4857 post
3391 4787 3501 4857 (91)
3529 4810 3543 4847 ε

1970 4897 1997 4924 ‹‹
2034 4875 2135 4929 Est
2164 4872 2319 4943 apud
2370 4888 2476 4926 nos
2505 4871 2698 4925 videre
2748 4876 2805 4925 et
2846 4872 3094 4929 feminas
3146 4878 3202 4928 et
3250 4874 3549 4929 masculos

1902 4966 2056 5020 dona
2085 4980 2117 5018 a
2145 4961 2359 5033 Spiritu
2388 4959 2481 5015 Dei
2515 4959 2852 5016 habentes.»
2886 4962 3000 5017 Hoc
3038 4962 3255 5018 Justini
3276 4962 3547 5034 martyris

1903 5050 2240 5109 testimonio
2291 5048 2421 5105 falsi
2455 5048 2748 5121 imprimis
2794 5050 3154 5106 convincitur
3202 5049 3545 5121 Basnagius,

1979 5288 2092 5355 (90)
2121 5280 2326 5353 Μηκέτι
2386 5280 2436 5334 ἐν
2484 5284 2562 5351 τῷ
2650 5280 2752 5335 ἑνει
2802 5281 2953 5354 ὑμῶν
3001 5281 3134 5335 κατὰ
3195 5281 3255 5336 τὸ
3321 5278 3554 5337 παλαιὸν

1979 5378 2030 5407 nc
2059 5357 2342 5407 ποοωῆταε
2383 5301 2722 5407 γενήσεσέαι.
2754 5350 2883 5407 ὅπερ
2933 5352 3020 5407 καὶ
3069 5348 3187 5407 ὄψει
3241 5352 3367 5407 ὑμῖν
3420 5351 3551 5407 ἰδεῖν

1908 5351 2030 5432 sed;
2059 5351 3020 5432 ᾖροτέήιςαςῌγενήσεσθαιρκὸττέρωκαὶ
3069 5351 3187 5425 ὄψει
3241 5352 3367 5432 ἔξμῖν
3420 5351 3551 5432 ἷδεῖγ

1910 5419 2040 5521 story
2099 5419 2457 5528 pef’véxe‘iv'ov
2502 5419 2610 5497 γὰρ
2660 5419 3025 5485 οὐδεὶς’ὅλως
3083 5419 3372 5503 τέροφήίτης
3431 5427 3557 5502 παρ’

1914 5500 2039 5574 ὑμῖν
2070 5499 2375 5573 γεγένηται.
3130 5499 3134 5500 “
3207 5499 3216 5503 “
3511 5499 3519 5502 ’

1918 5644 1941 5658 ’1
1981 5574 2094 5645 (91)
2128 5570 2225 5624 Καὶ
2276 5561 2809 5658 τξαρὐ-ᾕμξγ-ὶέσνξξί
2853 5562 2986 5658 Ξδεῖγ
3045 5567 3134 5622 καὶ
3194 5567 3559 5658 θηλξίαςῆκαξ

1913 5633 2134 5771 ξρᾶενᾶς
2191 5633 2518 5717 χαρίσ’ματα’
2556 5633 2661 5689 ἀπὸ
2717 5640 2812 5690 τοῦ
2852 5636 3170 5717 Πνεύματος
3242 5633 3341 5707 ’ξφῦ
3425 5645 3560 5703 Θεοῦ

1943 5733 2160 5791 χοντας’
