4064 6154
367 291 512 362 ’115

1545 295 2068 360 DlSSERTATIO
2114 294 2659 359 APOLOGETICA

3687 295 3812 354 116

403 430 654 487 istorum
701 432 1033 502 temporum
1080 428 1342 485 moribus
1375 447 1389 486 :
1423 430 1523 486 sed
1577 445 1772 485 annon
1822 427 2051 499 longius
2079 429 2134 494 Α
2165 426 2502 498 quotidiano
2531 427 2588 482 id
2621 443 2808 499 genus
2828 425 3110 482 virtutum
3142 422 3814 498 experimento?»Chri-

408 524 499 576 est
548 519 722 574 etiam
775 519 844 573 ab
894 517 1175 574 hodierna
1221 519 1664 584 consuetudine,
1708 518 1862 588 quod
1911 522 2052 572 tunc
2162 514 3819 588 stum112timentes,nsubjungitlaudatusauctor,«et

412 605 506 662 πο)
527 604 706 674 λάκις,
750 630 776 656 ‹‹
811 622 1208 678 saepenumero
1258 607 1409 662 inter
1439 609 1644 663 fratres
1682 607 1896 662 factum
1928 621 2056 660 esse
2165 605 2346 660 Deum
2379 604 2437 658 in
2460 605 2709 675 Christo,
2735 603 3130 675 subjiciuntur
3157 603 3337 659 servis
3357 602 3458 658 Dei
3491 608 3547 657 et
3575 602 3817 658 Christi.

411 699 664 754 testatur
693 697 962 762 Irenaaus,
995 695 1151 766 quod
1185 717 1211 747 «
1245 699 1367 750 tota
1399 695 1575 751 simul
1608 696 1783 750 unius
1812 694 1920 750 loci
1952 693 2056 748 Ec-

2165 692 2251 748 Ita
2279 693 2349 747 de
2381 698 2671 761 contactu,
2705 693 2891 764 deque
2922 693 3120 747 afﬂatu
3155 697 3372 759 nostro,
3398 692 3574 747 etiam
3602 693 3673 748 de
3695 709 3825 748 cor-

417 786 594 842 clesia
620 787 690 840 ob
736 785 989 854 aliquam
1040 785 1444 840 necessitatem
1492 785 1550 839 id
1581 784 1878 857 ﬂagitante
1924 799 2058 838 cum
2169 781 2410 853 poribus
2441 786 2637 837 nostro
2666 781 2910 853 imperio
2941 783 3228 837 excedunt
3256 781 3422 836 inviti
3453 786 3509 836 et
3537 780 3823 850 dolentes,

406 875 650 947 jejuniis
682 873 885 928 multis
906 878 962 928 et
994 873 1376 939 orationibus,
1403 890 1629 929 reversa
1657 873 1734 928 sit
1763 872 1821 926 in
1851 887 2062 944 corpus
2171 875 2228 926 et
2256 870 2417 926 vobis
2449 871 2831 942 praesentibus
2884 872 3314 926 erubescentes.
3350 891 3378 919 »
3412 870 3584 925 Libro
3624 875 3828 926 autem

416 963 614 1018 anima
660 961 943 1029 defuncti,
995 967 1052 1017 et
1108 967 1442 1018 sanctorum
1493 962 1764 1034 precibus
1807 958 2065 1016 hominis
2174 959 2244 1014 de
2280 963 2498 1014 Corona
2530 957 2699 1013 milit.
2752 959 2861 1013 hoc
2892 959 3125 1030 spiritu,
3158 958 3265 1012 hac
3294 958 3505 1036 virtute
3548 976 3663 1014 non
3708 958 3832 1013 cle-

417 1052 537 1107 vita
566 1052 782 1106 donata
807 1051 929 1106 sit?
960 1072 987 1102 ››

494 1141 565 1196 V.
596 1140 707 1195 Sed
740 1144 804 1194 ut
833 1139 1123 1212 intelligat
1151 1140 1496 1212 Basnagius,
1530 1157 1648 1211 qua
1675 1139 1888 1195 ﬁducia
1917 1142 2070 1194 vete-

2176 1047 2327 1102 ricos
2374 1048 2544 1102 modo
2573 1051 2675 1102 aut
2719 1047 3070 1119 insigniores
3098 1046 3481 1115 Christianos,
3513 1047 3614 1103 sed
3646 1064 3837 1120 quos-

2177 1136 2265 1191 vis
2295 1137 2648 1208 promiscue,
2682 1136 2857 1191 etiam
2902 1136 3102 1204 laicos,
3136 1135 3409 1212 praeditos
3438 1136 3645 1203 fuisse,
3676 1136 3836 1192 clare

425 1244 518 1286 res
547 1228 860 1285 Christiani
905 1228 1099 1284 divina
1147 1229 1267 1284 hmo
1316 1229 1672 1284 charismata
1721 1233 1778 1284 et
1827 1230 2072 1283 virtutes
2181 1227 2238 1280 et
2267 1228 2464 1296 aperte
2512 1223 2821 1295 signiﬁcat,
2856 1224 2998 1279 dum
3028 1223 3413 1294 Christianos,
3446 1222 3580 1279 illos
3629 1223 3836 1294 utique

427 1317 1140 1383 administrarent,audiat
1169 1333 1296 1388 quas
1327 1317 1725 1373 Tertullianus
1765 1317 1947 1388 jactet
2003 1316 2074 1370 de
2185 1313 2404 1384 quibus
2456 1328 2526 1367 ex
2561 1312 2830 1368 Ecclesiae
2877 1312 3176 1368 catholicae
3223 1311 3534 1384 disciplina
3577 1312 3840 1368 militare

429 1407 666 1462 illorum
713 1407 770 1459 in
821 1407 1115 1462 diemones
1162 1407 1409 1478 imperio
1455 1405 1614 1478 (99):
1660 1428 1688 1456 «
1721 1407 1937 1461 Edatur
1982 1404 2078 1460 hic
2186 1401 2417 1472 licebat,
2460 1419 2492 1456 a
2544 1402 2918 1473 suscipienda
2971 1400 3058 1456 vel
3109 1402 3426 1457 exercenda
3472 1399 3683 1456 militia
3731 1401 3849 1456 hoc

431 1495 648 1567 aliquis
680 1496 797 1563 sub.
820 1495 1216 1550 tribunalibus
1246 1496 1473 1567 vestris,
1495 1511 1668 1566 quem
1692 1497 1955 1550 daemone
1987 1492 2081 1565 agi
2192 1490 2347 1545 inter
2390 1494 2596 1545 cetera
2649 1495 2994 1563 argumento
3043 1491 3314 1558 deterret,
3345 1491 3499 1562 quod
3553 1489 3851 1545 militibus

435 1585 923 1655 constetzjussus
954 1601 988 1638 a
1017 1583 1280 1654 quolibet
1299 1583 1615 1639 christiano
1645 1583 1804 1655 loqui
1837 1583 2082 1655 spiritus
2193 1582 2366 1634 noctu
2401 1595 2504 1650 pro
2557 1578 2889 1634 daemonum
2933 1578 3168 1651 templis
3212 1579 3617 1634 excubandum
3668 1582 3854 1649 esset,

437 1672 559 1738 ille,
589 1677 709 1726 tam
759 1689 820 1728 se
853 1673 1176 1728 daemonem
1207 1673 1581 1728 conﬁtebitur
1621 1674 1692 1728 de
1719 1690 1853 1728 vero
1907 1688 2084 1743 quam

442 1760 578 1818 alibi
612 1762 786 1816 deum
809 1761 880 1816 de
909 1761 1073 1817 talso.
1099 1763 1277 1833 lEque
1301 1763 1654 1834 producatur
1673 1762 1887 1834 aliquis
1919 1778 1986 1816 ex
2017 1761 2089 1815 iis

447 1851 544 1922 qui
577 1851 647 1905 de
689 1851 796 1905 deo
828 1849 947 1921 pati
993 1850 1423 1921 existimantur,
1456 1852 1553 1922 qui
1597 1851 1714 1906 aris
1763 1850 2093 1906 inhalantes

449 1955 668 1995 numen
701 1939 772 1994 de
803 1939 1005 1995 nidore
1035 1940 1391 2012 concipiunt,
1427 1941 1524 2012 qui
1557 1941 1841 1996 ructando
1883 1956 2097 1995 conan-

449 2031 568 2098 tur,
599 2028 699 2098 qui
731 2027 1058 2084 anhelando
1090 2029 1397 2099 profantur
1429 2053 1443 2086 :
1474 2029 1589 2085 ista
1632 2029 1763 2101 ipsa
1788 2029 1951 2100 virgo
1982 2045 2098 2084 coe-

454 2116 621 2174 lestis
652 2115 984 2188 pluviarum
1016 2115 1413 2188 pollicitatrix,
1441 2117 1550 2173 iste
1574 2117 1701 2188 ipse
1731 2116 2101 2189 IEsculapius

461 2205 888 2260 medicinarum
935 2205 1385 2277 demonstrator,
1418 2205 1564 2262 alias
1594 2206 1967 2263 demorituris
2001 2205 2103 2260 So-

462 2293 678 2363 cordio,
713 2296 771 2348 et
797 2293 1041 2348 Denatio
1071 2298 1127 2349 et
1153 2294 1555 2366 Asclepiodoto
1604 2294 2103 2364 subministrator,

464 2381 578 2437 nisi
611 2397 672 2437 se
701 2383 997 2437 daemones
1027 2382 1275 2438 confessi
1325 2382 1558 2446 fuerint,
1591 2383 1909 2439 christiano
1943 2399 2104 2438 men-

462 2471 560 2525 tiri
591 2487 705 2526 non
755 2471 1057 2538 audentes,
1088 2470 1306 2526 ibidem
1341 2471 1498 2526 illius
1547 2471 1850 2528 christiani
1902 2487 2108 2544 proca-

463 2558 689 2614 cissimi
715 2559 1062 2631 sanguinem
1109 2559 1350 2615 fundite.
1382 2560 1527 2624 Quid
1562 2561 1672 2616 isto
1721 2576 1891 2632 opere
1921 2559 2108 2615 mani-

465 2648 674 2704 festius
693 2648 721 2702 ?
750 2647 896 2710 Quid
927 2648 1037 2702 hac
1072 2649 1411 2720 probatione
1452 2648 1728 2705 ﬁdelius?
1757 2649 2110 2720 Simplicitas

462 2735 720 2793 veritatis
752 2736 811 2789 in
843 2736 1034 2792 medio
1059 2741 1162 2791 est.
1181 2737 1377 2792 Virtus
1404 2738 1490 2793 illi
1522 2755 1630 2793 sua
1662 2738 1886 2794 assistit
1917 2755 1929 2793 :
1965 2737 2112 2793 nihil

465 2823 752 2897 suspicari
769 2823 983 2890 licebit,
1006 2825 1200 2897 magia
1229 2830 1330 2880 aut
1350 2825 1547 2898 aliqua
1574 2827 1862 2896 ejusmodi
1885 2825 2115 2883 fallacia

467 2913 592 2969 fieri
645 2913 872 2980 dicetis,
903 2913 951 2968 si
1000 2913 1150 2969 oculi
1198 2915 1372 2969 vestri
1418 2919 1474 2971 et
1519 2932 1691 2971 aures
1740 2915 2116 2987 permiserint

466 3002 634 3058 vobis
669 3019 682 3057 :
718 3001 858 3074 quid
891 3006 1085 3057 autem
1118 3002 1276 3073 injici
1309 3007 1499 3074 potest
1543 3005 1824 3060 adversus
1872 3005 1927 3059 id
1961 3005 2114 3074 quod

2197 1667 2257 1722 in
2290 1684 2439 1739 quos
2480 1667 2846 1724 Christianus
2878 1668 3130 1724 interdiu
3165 1669 3480 1741 imperium
3517 1667 3858 1733 'exercebat,

2199 1773 2464 1828 quosque
2507 1756 2848 1813 exorcismis
2893 1757 3130 1830 fugabat
3158 1757 3276 1830 (l):
3315 1781 3336 1807 ι
3373 1759 3439 1813 Et
3487 1773 3636 1829 quos
3676 1759 3864 1812 inter-

2207 1845 2308 1900 diu
2339 1845 2678 1902 exorcismis
2709 1845 2951 1920 fugavit,
2975 1846 3248 1906 noctibus
3271 1845 3870 1918 defensabit,inc‘um-

2209 1933 2354 1990 bene
2380 1938 2438 1990 et
2479 1934 2854 2006 requiescens
2905 1952 3082 2007 super
3129 1933 3343 1990 luncho
3375 1951 3491 2006 quo
3531 1935 3869 2007 perfossum

2210 2028 2301 2079 est
2324 2022 2478 2079 latus
2530 2022 2766 2078 Christi.
2801 2045 2830 2072 ››
2879 2023 3003 2090 Cui,
3037 2028 3100 2078 ut
3129 2023 3410 2090 vidimus,
3461 2022 3719 2078 concinit
3750 2023 3872 2078 Ire-

2213 2128 2377 2168 naeus
2406 2112 2506 2184 qui
2528 2127 2694 2167 veros
2718 2111 2931 2166 Christi
2953 2110 3294 2182 discipulos,
3332 2111 3496 2166 nulla
3537 2111 3872 2166 distinctio-

2213 2217 2285 2257 ne
2334 2200 2617 2268 adhibita,
2650 2201 2781 2266 hac,
2812 2200 2912 2266 ait,
2953 2199 3106 2256 inter
3135 2205 3342 2256 caetera
3389 2201 3543 2256 dona
3591 2198 3875 2271 praeditos

2215 2289 2398 2345 fuisse
2429 2293 2733 2362 potestate,
2789 2293 2850 2345 ut
2895 2289 3191 2345 daemones
3241 2288 3596 2361 expellerent
3628 2281 3871 2364 βεϐαίως

2213 2377 2304 2432 καὶ
2353 2376 2593 2446 ἀληθῶς.
2629 2379 2695 2433 Et
2742 2383 2992 2450 utroque
3043 2378 3339 2450 antiquior
3381 2379 3656 2433 Justinus
3706 2378 3875 2448 ipsos

2216 2467 2482 2523 ethnicos
2513 2467 2724 2521 harum
2767 2466 3053 2521 virtutum
3101 2471 3280 2522 testes
3310 2466 3587 2538 appellat,
3622 2471 3687 2521 ut
3733 2483 3871 2537 quas

2217 2557 2327 2611 sub
2359 2556 2620 2628 ipsorum
2652 2554 2836 2611 oculis
2866 2559 2936 2610 et.
2960 2553 3153 2626 palam
3187 2556 3498 2610 ederentur
3525 2555 3601 2628 (2)
3636 2572 3650 2611 :
3686 2576 3716 2605 ‹‹
3747 2555 3874 2610 Hoc

2217 2645 2414 2718 ipsum
2437 2660 2505 2699 ex
2534 2643 2650 2708 his,
2683 2660 2810 2713 quae
2840 2643 2948 2698 sub
2979 2647 3217 2715 aspectu
3248 2647 3440 2700 vestro
3470 2648 3628 2709 sunt,
3652 2641 3876 2699 intelli-

2219 2749 2354 2806 gere
2385 2733 2648 2804 potestis.
2698 2731 3035 2803 Complures
3083 2732 3374 2804 siquidem
3406 2733 3738 2788 daamonum
3790 2733 3880 2787 in-

2221 2819 2522 2894 temperiis
2552 2825 2847 2892 correptos
2878 2819 3145 2876 homines
3180 2837 3282 2892 per
3306 2822 3514 2876 'orbem
3546 2838 3787 2877 omnem
3823 2826 3880 2876 et

2223 2912 2376 2966 hanc
2405 2916 2652 2965 vestram
2704 2909 2930 2980 urbem,
2964 2926 3110 2980 quos
3159 2909 3255 2965 alii
3289 2911 3654 2981 adjuratores
3699 2913 3763 2966 et.
3793 2911 3882 2964 in-

2225 3003 2554 3055 cantatores
2582 3003 2640 3053 et
2668 2999 2907 3054 venefici
2936 2998 3112 3054 vestri
3158 3015 3362 3055 curare
3393 3015 3503 3055 non
3541 3003 3887 3070 potuerunt,

469 3091 798 3148 ostenditur
835 3091 994 3145 nuda
1041 3091 1420 3147 sinceritate?
1451 3115 1480 3142 n
1511 3099 1719 3148 Aunon
1753 3093 1875 3148 haec
1905 3109 2119 3166 magna
2161 3163 2189 3166 _
2229 3087 2506 3161 permulti
2540 3087 2845 3143 hominum
2879 3091 3238 3156 nostrorum,
3273 3087 3773 3152 Christianorum,
3798 3089 3890 3143 in-

472 3179 705 3249 liducia,
737 3179 809 3233 de
825 3178 1085 3248 cujusvis
1114 3179 1418 3235 christiani
1451 3182 1736 3253 sanguine
1767 3199 1899 3236 cum
1920 3163 2116 3254 tyran-
2149 3163 2191 3229 C
2229 3193 2428 3249 quam,
2462 3193 2565 3249 per
2610 3193 2822 3231 nomen
2871 3177 3010 3232 Jesu
3063 3176 3275 3232 Christi
3307 3177 3416 3232 sub
3463 3177 3666 3232 Pontio
3695 3176 3892 3232 Pilato

471 3267 566 3322 nis
595 3265 938 3337 transigere,
968 3267 1018 3322 si
1066 3284 1181 3322 non
1211 3269 1282 3322 ad
1334 3269 1637 3324 arbitrium
1688 3275 1747 3325 et
1793 3287 1968 3341 quam
2004 3287 2120 3326 ma-

473 3355 650 3411 luerit
679 3355 738 3410 in
769 3356 1066 3411 dmmonas
1094 3361 1355 3412 exerceat
1387 3362 1727 3429 potestatem
1753 3359 1782 3414 ?
1824 3367 1912 3413 An
1943 3359 2116 3414 istam

475 3459 709 3516 quoque
734 3444 1008 3499 fiduciam
1033 3445 1158 3499 sola
1178 3445 1432 3500 Montani
1459 3445 1680 3502 familia
1700 3447 1960 3519 dignam,
1982 3448 2121 3502 Bas-

474 3532 685 3603 nagius
716 3533 906 3588 dicere
932 3533 1189 3600 audebit,
1213 3535 1368 3605 quod
1386 3534 1523 3590 huic
1544 3540 1711 3591 sectae
1727 3536 2120 3592 Tertullianus

475 3610 951 3675 fuerit‘addictus
972 3621 1000 3674 ‘I
1027 3622 1101 3676 At
1132 3621 1331 3676 nullus
1362 3622 1456 3677 hic
1481 3625 1770 3694 ejusmodi
1805 3623 2123 3679 cavillatio-

477 3708 652 3763 nibus
683 3707 883 3776 locus;
916 3725 1032 3763 non
1064 3708 1159 3764 hic
1193 3709 1262 3764 de
1293 3710 1542 3767 occultis
1572 3712 1930 3783 privatisque
1948 3711 2122 3766 visio-

476 3796 654 3852 nibus
704 3800 805 3851 aut
846 3797 1298 3854 revelationibus
1351 3799 1564 3870 agitur,
1598 3801 1696 3856 sed
1731 3801 1802 3856 de
1851 3816 1910 3856 re
1958 3801 2128 3871 cujus

481 3884 806 3959 publicum,
839 3893 896 3941 et
928 3886 1038 3941 sub
1086 3887 1230 3959 ipsis
1260 3887 1625 3943 ethnicorum
1671 3888 2125 3960 magistratuum

483 3973 1704 4048 tribunalibus,exhibeturexperimentum;
1723 3983 1778 4034 et
1797 3979 2128 4035 christiana

487 4063 786 4136 religionis
808 4063 986 4120 decus
1007 4068 1063 4118 et
1081 4065 1656 4135 christianihominis
1670 4069 1914 4141 sanguis
1933 4069 1990 4123 in
2014 4069 2131 4124 dis-

487 4153 708 4209 crimen
746 4157 1005 4218 vocatur,
1044 4153 1156 4209 nisi
1187 4153 1419 4224 signum
1453 4155 1714 4211 oblatum
1745 4174 1810 4212 ex
1844 4158 2134 4214 sententia

487 4241 857 4314 processerit.
874 4244 1075 4296 Annon
1100 4258 1228 4297 vero
1254 4243 1332 4297 ita
1356 4259 1417 4298 se
1439 4244 1608 4316 gerit,
1624 4245 1705 4300 ita
1725 4245 1984 4316 loquitur
2001 4248 2134 4303 Ter-

484 4330 790 4399 tullianus,
814 4329 983 4401 quasi
1007 4330 1290 4400 Spiritum
1315 4336 1584 4386 sanctum
1608 4334 1680 4388 ad
1703 4335 2052 4389 coercendos
2079 4338 2136 4389 et

487 4419 887 4490 subjiciendos
903 4418 1014 4474 sibi
1031 4418 1523 4487 daamones,veluti
1537 4421 1753 4478 monile
1766 4421 2134 4493 quoddamin

2227 3264 2484 3320 cruciﬁxi
2532 3264 2876 3334 adjurantes
2924 3270 3231 3331 sanarunt,
3278 3271 3452 3336 atque
3500 3265 3676 3321 etiam
3723 3283 3892 3321 nunc

2227 3357 2440 3408 sanant
2469 3357 2838 3408 exarmantes
2867 3355 3042 3424 atque
3072 3353 3368 3424 exigentes
3417 3355 3488 3409 ab
3519 3353 3890 3420 hominibus,

2230 3441 2331 3514 qui
2363 3440 2496 3495 illos
2517 3441 2875 3496 obsederunt
2899 3441 3213 3497 daemones.
3239 3463 3266 3493 »
3300 3443 3370 3496 Et
3399 3442 3458 3497 in
3493 3441 3722 3515 dialogo
3745 3459 3888 3498 cum

2231 3529 2541 3603 Tryphone
2572 3529 2649 3601 (ii)
2682 3547 2696 3586 :
2748 3551 2778 3580 «
2825 3529 3245 3601 Opitulatorem
3300 3547 3555 3602 namque
3596 3532 3800 3603 ipsum
3835 3536 3892 3588 et

2231 3620 2657 3690 redemptorem
2682 3618 3081 3689 nominamus,
3104 3619 3274 3691 cujus
3305 3620 3480 3675 etiam
3508 3621 3769 3676 nominis
3793 3639 3892 3693 po-

2233 3708 2480 3762 tentiam
2512 3707 2804 3762 daemones
2833 3711 3096 3762 tremunt
3114 3711 3171 3762 et
3203 3708 3605 3772 reformidant,
3627 3713 3686 3764 et
3709 3709 3891 3765 hodie

2235 3811 2465 3868 quoque
2497 3793 2582 3849 illi
2633 3809 2737 3867 per
2785 3812 2998 3850 nomen
3028 3795 3168 3851 Jesu
3218 3795 3434 3852 Christi
3483 3796 3742 3852 cruciﬁxi
3780 3798 3893 3854 sub

2236 3884 2440 3940 Pontio
2472 3883 2656 3938 Pilato
2688 3883 2786 3955 qui
2811 3883 3027 3940 Judzeaa
3057 3890 3495 3956 procuratorem
3527 3886 3667 3958 egit,
3717 3887 3897 3959 adju-

2239 3973 2348 4030 rati
2379 3972 2547 4028 nobis
2577 3977 2847 4044 parent.»
2879 3973 2948 4028 Et
2969 3989 3206 4028 rursum
3239 3991 3252 4028 :
3288 3997 3315 4023 «
3350 3974 3420 4028 Et
3446 3991 3605 4030 nunc
3636 3991 3768 4041 nos,
3795 3976 3900 4048 qui

2239 4063 2299 4117 in
2339 4061 2680 4118 crucifixum
2712 4062 2822 4117 sub
2870 4062 3074 4118 Pontio
3107 4061 3289 4118 Pilato
3337 4063 3544 4120 Jesum
3577 4063 3902 4120 Dominum

2241 4155 2508 4206 nostrum
2558 4150 2873 4218 credimus,
2907 4151 3196 4206 daemonia
3246 4157 3478 4222 cuncta,
3532 4152 3906 4226 spiritusque

2242 4240 2535 4310 malignos
2599 4240 2960 4310 adjurantes,
3021 4241 3132 4295 sub
3190 4245 3478 4312 potestate
3542 4257 3640 4297 eos
3696 4248 3908 4298 nostra

2243 4329 2511 4384 subditos
2536 4327 2885 4383 habemus.»
2901 4331 3028 4383 Non
3058 4328 3268 4384 minori
3294 4345 3472 4401 quam
3494 4328 3904 4387 Tertullianus

2245 4417 2461 4472 ﬁducia
2479 4432 2729 4489 magnus
2742 4416 2852 4472 hac
2872 4417 2943 4472 de
2963 4417 3296 4488 reloquitur
3309 4419 3907 4492 Athanasius,quam-

491 4507 2134 4580 arcainclusumsuaChristianihaberentadnutum,eius
2166 4529 2213 4594 D
2245 4507 2332 4561 vis
2383 4509 2593 4578 quarto
2643 4505 2876 4572 saeculo,
2938 4522 3053 4561 non
3107 4506 3311 4566 eadem
3361 4523 3480 4578 qua
3537 4509 3680 4564 [13
3722 4509 3904 4564 tertio

490 4595 706 4650 virtute
736 4611 802 4664 ac
833 4599 1136 4664 potestate,
1169 4598 1402 4667 quando
1424 4597 1651 4667 vellent,
1680 4599 1844 4654 usuri
1877 4601 1948 4654 ad
1981 4601 2138 4654 arbi-
2247 4594 2507 4663 ineunte,
2540 4595 2808 4650 ubertate
2835 4595 2957 4650 haac
3005 4594 3257 4666 Spiritus
3305 4596 3495 4652 sancti
3543 4596 3910 4654 charismata

492 4682 671 4738 trium
687 4683 715 4736 ?
734 4681 898 4738 Unde
924 4687 1118 4738 autem
1142 4683 1491 4742 Christianis
1516 4691 1678 4742 tanta
1698 4687 2052 4757 fiducia,nisi
2074 4704 2145 4743 ex

570 4826 682 4898 (99)
711 4825 932 4898 Apolog.
966 4842 1090 4898 cap.
1119 4827 1208 4882 23.

599 4897 818 4970 1)’(‘.a’p.
852 4897 939 4952 11.

597 4965 801 5043 2)ᾲΚᾶὶ
833 4965 1051 5043 ⁸νῦν-ἐκ
1095 4971 1213 5043 ⁵τῷν
1284 4970 1366 5023 ὑπ⁴
1423 4969 1545 5043 ὄψιν
1603 4969 1906 5043 γευομένων
1962 4972 2147 5043 μαθεῖν

507 5035 731 5115 attice;
762 5057 796 5115 '_
829 5035 1488 5115 δαιμλοιολήπτουςηγᾶρ
1563 5035 1809 5115 πολλοὺς
1864 5035 2027 5115 κατᾶΔ
2054 5040 2147 5094 τὸν

505 5110 711 5186 κόσμον
779 5111 830 5167 ἐν
887 5109 966 5186 τῇΔ
1007 5109 1238 5186 ὑμετέρᾳ
1291 5109 1684 5186 πόλὲζ-πολλοί
1726 5117 1833 5165 τῶν
1864 5112 2148 5186 ἡμετέρων

510 5181 972 5258 ᾀνθρώπωνηκαὶ
1007 5181 1390 5258 -Τριστέανῷν,
1437 5181 1795 5258 ἐξορκίξοντες
1848 5181 1995 5258 Δκατὰ
2042 5181 2150 5258 ’τοᾷ

513 5252 778 5329 ὀνόματος
820 5252 1035 5329 νίΙῃσοῦ
1083 5252 1342 5329 dioto-tot")
1415 5252 1535 5329 rei):
1587 5254 1983 5329 naquJOéVtsc
2062 5252 2149 5308 ἐπὶ

511 5321 738 5379 nov-tle)
788 5321 1049 5389 Πιλάτου,
1111 5321 1374 5396 beata)»
1431 5321 1614 5378 ἄλλων
1684 5321 1896 5379 πάντων
1932 5323 2151 5396 ἐπορκι-

512 5401 649 5471 ᾳτῶν
698 5396 787 5450 καὶ
837 5395 1130 5471 ἐπᾳοςτῶνῌ
1155 5393 1242 5471 καὶ
1311 5414 1704 5471 φαρμακευτων
1764 5398 1838 5468 μὴ
1893 5393 2149 5469 ἷαθέντας,

515 5467 748 5542 ίάσαντο.
799 5464 928 5542 καὶ-⁷
947 5465 1022 5520 ἔτι
1072 5464 1163 5518 νῦν
1207 5464 1994 5542 ἰῶνταιξκαταργοῦντεζ-καὶ
2065 5464 2150 5524 sx;

509 5536 803 5614 διώκοντες
833 5538 965 5614 τοὺς
993 5539 1325 5612 κατέχοντας
1355 5537 1480 5600 τοὺς
1516 5536 1832 5614 ἀνθρώπους
1867 5537 2150 5612 δαίμονας.

511 5613 729 5682 Apolog.
761 5611 796 5664 2
825 5611 902 5665 ad
929 5610 1114 5666 Senat.

2253 4683 2649 4740 redundarent
2679 4683 2755 4756 (4)
2784 4699 2799 4740 :
2832 4705 2861 4734 «
2894 4684 3024 4740 Haec
3072 4688 3264 4740 autem
3315 4701 3441 4755 qua:
3471 4684 3764 4758 dicimus,
3786 4704 3909 4744 non

2327 4828 2404 4901 (3)
2436 4825 2666 4901 ’Βοηθὸν
2715 4825 2824 4901 χὰρ
2859 4823 3074 4901 ’ἐκεῖνον
3098 4823 3214 4901 ,καζ
3261 4826 3543 4901 λυτρωτὴν
3601 4825 3912 4901 καλοῦμεν,

2327 4842 2404 4901 \3)
2461 4842 2666 4893 Βοηυον
2724 4842 2824 4950 γαὲ
2875 4842 3074 4879 εκεινον
3125 4842 3214 4878 και
3261 4842 3543 4917 Αυτρωττὶν
3601 4842 3912 4901 καλουμεν,

2257 4897 2319 4952 οὗ
2367 4894 2455 4952 καὶ
2490 4897 2619 4986 τὴν,
2651 4894 2746 4950 τοῦ
2811 4893 3253 4986 νόρίατοςνξσχὺν
3285 4916 3375 4949 και
3402 4897 3470 4986 τὰ
3498 4896 3751 4986 οαέμτξνιια
3782 4901 3912 4966 τρέ-

2259 4991 2370 5063 μει,
2416 4968 2507 5023 καὶ
2555 4961 2817 5052 ἐπήμξρον,
2876 4961 3256 5063 ἕξορκιζόεέε-Ξνα
3301 4967 3462 5063 κατὰ.
3491 4961 3602 5024 τοῖί
3632 4961 3912 5063 ὀγόματος

2281 5045 2296 5063 π
2353 5043 2434 5063 ,3!
2487 5045 2672 5063 v-,__-
2804 5037 2856 5063 ,T.’
2926 5058 3126 5063 -_-.__-.,
3197 5059 3320 5063 _._-A
3408 5061 3459 5063 -Α
3523 5046 3660 5063 nmmo
3699 5061 3730 5063 _,
3812 5047 3858 5063 ππ

2280 5036 2438 5122 [nocti
2486 5036 2717 5122 Χριάτοῦ
2762 5036 2859 5122 to?)
2911 5036 3354 5122 ’σταυρώοθέντοςῌ
3377 5038 3484 5122 ἐπί-
3523 5036 3916 5122 U‘ovylou-Ui-

2259 5110 2426 5186 λάτου
2472 5108 2568 5167 τοῦ
2616 5111 2906 5186 γενομᾲου
2945 5108 3252 5186 *ἐπιτρόπου
3290 5116 3386 5178 τῆς
3445 5109 3730 5186 Ἰουδαίας2
3768 5113 3913 5186 ὐπο-

2256 5185 2525 5239 τάσσεται,
2605 5180 2700 5238 Καὶ
2751 5180 2861 5237 ’νῦν
2933 5180 3097 5249 ἡμεῖξ
3155 5180 3206 5234 οἱ
3275 5181 3617 5245 πιστεύοντες
3684 5183 3765 5246 εἰς
3813 5185 3913 5239 τὸν

2257 5203 2525 5239 τασσεται.
2605 5202 2700 5238 [καί
2775 5204 2861 5237 νυν
2933 5202 2968 5249 η
3021 5202 3097 5243 εις
3155 5202 3206 5234 οι
3275 5202 3617 5245 πιστευοντες
3684 5202 3765 5246 εις
3813 5205 3913 5239 τον

2257 5256 2625 5330 οταυρῶθᾷντα
2679 5254 2767 5330 ἐπὶ
2824 5202 3054 5330 Πογτίέυ
3123 5250 3367 5330 ’Πιλάτου
3435 5253 3643 5324 Ἰησοῦν
3699 5253 3916 5330 ΔΙὶιξριον

2258 5321 2440 5418 spat,
2471 5328 2548 5418 τὰ(
2568 5322 2820 5416 δαιμόνια
2849 5322 3022 5418 πάντα
3050 5323 3158 5412 καῖ’,
3179 5321 3457 5396 πνεύματα
3501 5321 3720 5401 λπονηρά
3765 5321 3919 5402 ξεορ.

2258 5391 2496 5466 ἦίζοντες
2531 5391 2940 5470 ῥποτασσὸμευα
2966 5398 3100 5470 ἡμῖν
3133 5391 3356 5470 ἕχομεκξ,

2331 5464 2407 5540 ζ4)
2454 5467 2626 5522 Ταῦτα
2673 5467 2728 5523 δὲ
2778 5464 2842 5522 τὰ
2893 5464 3335 5541 λεγόμενα’”τὲαρ’
3381 5469 3542 5538 ἡμῶν
3605 5465 3705 5521 οὐκ
3768 5464 3916 5556 ξχρι

2501 5539 2514 5556 .
2591 5540 2604 5556 ς
2733 5538 2855 5556 ,κη
2992 5541 3004 5556 ς
3066 5537 3112 5556 η
3207 5537 3218 5555 ν
3268 5545 3295 5554 -
3448 5541 3475 5550 η
3639 5538 3651 5556 .

2262 5537 2440 5616 way
2499 5539 2685 5616 έσ-ςςν,Δ
2721 5538 2864 5616 am
2919 5537 3034 5592 mil
3063 5537 3113 5616 ξε
3162 5537 3362 5616 atrae,
3405 5537 3505 5607 τῆς
3540 5538 3754 5616 ζπιείρας
3785 5537 3914 5616 {is

2263 5609 2358 5680 τὴὑ
2403 5617 2504 5679 τῆς
2556 5610 2812 5682 ἀληθείας
2857 5609 3170 5687 μαρτυρίαν
3228 5609 3459 5685 παρίτω,
3491 5611 3597 5684 γὰρ
3645 5609 3675 5667 ὁ
3708 5609 3919 5686 βουΧό-
