4064 6154
331 328 440 390 119

1455 324 1970 388 DISSERTATIO
2015 323 2557 388 APOLOGETICA

3618 327 3740 388 120

333 480 458 534 quis
491 466 683 518 tamen
710 461 904 518 brevis
946 465 1005 518 et
1043 459 1242 517 localis
1291 460 1420 529 fuit,
1469 476 1584 516 non
1633 459 1978 530 interrupta.
2011 457 2067 523 Α
2095 456 2445 529 consistens,
2500 460 2620 514 rete
2650 457 2935 531 portabat,
2965 458 3120 531 quod
3149 473 3213 515 se
3242 455 3496 525 mittere,
3523 462 3590 514 ut
3620 459 3734 515 cir-

332 552 446 606 Hoc
473 553 511 605 l
531 551 625 606 l5
663 550 946 620 temporis
977 549 1280 605 intervallo
1311 549 1563 605 visiones
1593 553 1648 604 et
1679 547 1976 603 revelatio-

333 657 435 696 nes
467 639 525 693 in
565 639 822 695 Ecclesia
853 656 966 693 non
1000 639 1330 707 defuerunt,
1366 644 1430 693 ut
1461 637 1754 708 aliquibus
1779 653 1976 692 exem-

313 711 449 801 ﬂplis
483 732 732 794 constat,
764 739 892 798 quae
925 727 1007 781 uti
1057 727 1397 799 insigniora,
1445 731 1502 783 et
1547 727 1618 783 ad
1676 725 1976 797 publicum

337 816 608 872 Ecclesiae
663 821 902 884 statum,
977 820 1032 870 et
1082 816 1152 870 ad
1205 815 1471 887 publicas
1521 815 1659 870 item
1700 831 1979 885 personas

337 913 511 976 atque
544 904 835 975 imprimis
867 904 1122 960 celebres
1170 903 1539 976 pertinentia,
1577 903 1827 958 historiae
1861 920 1979 958 suae

341 992 631 1050 Eusebius
663 991 931 1047 inseruit.
982 993 1326 1063 Cujusmodi
1360 994 1595 1048 fuerunt
1625 991 1734 1047 illae
1765 991 1981 1063 quibus

340 1081 664 1137 Alexander
684 1081 740 1135 in
761 1081 1286 1154 Hierosolymorum
1313 1081 1636 1137 antistitem
1655 1081 1872 1136 electus
1895 1084 1986 1135 est

343 1171 444 1242 (6),
469 1175 526 1225 et
547 1187 664 1241 qua
683 1175 923 1225 sanctus
945 1171 1236 1226 Fabianus
1260 1171 1520 1226 Ecclesiae
1547 1171 1819 1226 Romana:
1842 1187 1982 1242 pon-

343 1259 481 1315 tifex
510 1258 878 1314 renuntiatus
905 1261 1010 1331 (7);
1043 1260 1144 1314 sed
1177 1276 1274 1315 eas
1306 1264 1602 1331 praetereo,
1635 1260 1788 1331 quod
1839 1258 1986 1313 nihil

345 1348 526 1403 ferme
557 1364 690 1402 cum
715 1352 912 1404 nostro
935 1352 1277 1420 argumento
1300 1364 1610 1403 commune
1643 1348 1990 1414 habeant,ut

345 1436 476 1494 illas
497 1435 668 1492 etiam
691 1436 1506 1508 DionysiiAlexandrini,quas
1531 1437 1682 1492 idem
1701 1436 1989 1492 Eusebius

347 1527 520 1582 refert
549 1526 646 1596 (8),
678 1525 736 1580 in
777 1526 991 1596 quibus
1021 1526 1294 1598 praesenti
1326 1543 1515 1582 causa:
1566 1543 1681 1581 non
1734 1525 1988 1581 multum

347 1615 578 1670 videtur
606 1631 735 1670 esse
765 1615 1041 1687 praesidii.

421 1702 544 1758 VII.
591 1704 677 1758 Ad
721 1703 1074 1776 Cyprianum
1126 1704 1324 1776 itaque
1370 1703 1623 1773 veniam,
1674 1721 1788 1775 quo
1822 1720 1992 1758 nemo

354 1792 543 1864 magis
573 1791 656 1847 ita
684 1807 746 1847 se
775 1793 979 1864 gessit,
997 1793 1166 1864 quasi
1199 1793 1484 1866 Spiritum
1518 1792 1992 1861 sanctum,vcluti

354 1879 572 1936 monile
603 1881 900 1952 quoddam
934 1881 990 1936 in
1025 1899 1160 1937 arca
1187 1881 1485 1938 inclusum
1527 1899 1658 1948 sua,
1692 1881 1995 1938 habuisset

351 1969 424 2024 ad
449 1973 679 2038 nutum,
703 1971 832 2040 ejus
862 1969 1375 2036 illustrationibus,
1400 1971 1634 2042 quando
1663 1970 1995 2037 vellet,usu-

355 2073 457 2112 rus
487 2057 558 2111 ad
592 2056 1051 2112 arbitrium.Duo
1083 2063 1279 2113 autem
1303 2058 1360 2112 in
1385 2059 1513 2130 ejus
1545 2057 1996 2114 revelationibus

354 2161 421 2201 ao
451 2143 777 2201 visionibus
808 2147 1128 2218 spectanda
1149 2152 1322 2202 sunt:
1347 2163 1546 2202 earum
1573 2146 1794 2202 scilicet
1820 2147 2000 2201 varie-

354 2236 447 2288 tas
478 2237 654 2305 atque
685 2233 1030 2304 frequentia,
1062 2251 1240 2306 quam
1285 2235 1420 2291 inde
1451 2235 1717 2308 concepit
1747 2234 1999 2290 sanctis-

358 2321 549 2378 simus
572 2321 834 2392 juxta,ac
863 2323 1361 2394 prudentissimus
1382 2323 1466 2379 vir
1487 2325 1557 2379 de
1579 2323 1776 2380 divina
1798 2324 1998 2394 digna-

359 2409 518 2465 tione
591 2414 649 2465 et
699 2409 1090 2468 familiaritate
1135 2412 1428 2468 fiduciam.
1483 2413 1555 2469 Ut
1628 2419 1825 2469 autem
1879 2413 2002 2467 haec

356 2497 675 2571 diligentus
706 2498 886 2555 lector
915 2503 1090 2572 atque
1138 2502 1505 2558 commodius
1556 2503 2002 2570 animadvertat,

357 2603 456 2643 eas
479 2587 574 2642 hic
596 2589 785 2643 sancti
812 2589 1081 2662 Martyris
1100 2589 1351 2646 visiones
1374 2607 1659 2663 exponere
1679 2591 1869 2648 visum
1892 2595 2000 2656 est,

360 2674 568 2731 iisdem
603 2675 793 2730 verbis
828 2676 1042 2746 quibus
1064 2677 1135 2731 ab
1167 2678 1294 2750 ipso
1328 2678 1454 2734 suis
1482 2679 1538 2732 in
1572 2677 1834 2750 epistolis
1865 2677 2004 2732 refe-

353 2767 590 2818 runtur.
614 2763 867 2835 Epistola
898 2765 1229 2833 undecima,
1255 2765 1398 2821 alias
1422 2767 1590 2838 juxta
1611 2765 1851 2822 Pamelii
1882 2766 2001 2822 edi-

359 2851 580 2907 tionem
611 2856 832 2919 octava,
867 2853 1012 2908 nihil
1066 2855 1246 2910 ferme
1288 2855 1465 2912 habet
1496 2860 1705 2926 praeter
1751 2855 2004 2910 visiones

361 2945 535 3013 atque
566 2940 968 2998 revelationes.
997 2944 1226 3014 Scripta
1254 2949 1343 2999 est
1379 2961 1410 2999 e
1442 2960 1672 3000 secessu
1707 2944 2003 3015 presbyte-

357 3027 439 3084 ris
470 3033 529 3084 et
560 3028 929 3096 diaconibus,
962 3031 1228 3086 hortatur
1270 3031 1401 3088 illos
1431 3033 1502 3088 ad
1538 3048 1736 3104 preces
1768 3033 2006 3087 assidue

357 3117 727 3185 fundendas;
763 3120 917 3174 unde
936 3120 1302 3192 Augustinus
1329 3122 1456 3192 ejus
1478 3120 1536 3176 in
1556 3119 1656 3176 lib.
1683 3139 1736 3176 ιν
1762 3121 1832 3176 de
1853 3121 2003 3192 Bap-

355 3205 532 3262 tismo
565 3206 919 3263 mentionem
955 3208 1195 3278 faciens,
1230 3209 1387 3265 hunc
1418 3210 1502 3265 illi
1533 3210 1773 3268 titulum
1807 3210 1999 3266 dedit:

360 3316 388 3344 «
420 3295 506 3348 Ad
541 3293 892 3362 Clericos,de
917 3298 1208 3368 precando
1239 3297 1373 3354 Deo.
1400 3321 1428 3348 »
1462 3299 1712 3354 Deciana
1742 3315 2006 3370 persecu-

355 3382 436 3440 tio
468 3383 789 3441 saevissime
819 3385 876 3440 id
911 3386 1191 3458 temporis
1222 3388 1602 3458 grassabatur
1633 3404 1646 3443 :
1682 3387 2002 3460 impulsum

359 3477 558 3528 autem
592 3489 653 3528 se
685 3473 865 3530 fuisse
896 3475 1039 3530 dicit
1059 3475 1271 3532 divinis
1294 3477 1617 3549 praesertim
1650 3477 2008 3533 revelationi-

358 3559 472 3614 bus
507 3561 577 3614 ad
611 3561 986 3616 scribendum
1021 3582 1034 3618 :
1090 3586 1117 3614 «
1165 3565 1309 3620 Nam
1345 3567 1519 3636 quod,
1570 3566 1782 3637 inquit,
1818 3567 2006 3639 magis

363 3648 554 3702 suasit
582 3654 637 3702 et
663 3651 1036 3721 compulit,ut
1061 3651 1166 3707 has
1195 3653 1267 3708 ad
1299 3669 1400 3709 vos
1420 3653 1645 3710 litteras
1665 3655 2004 3723 scriberem,

365 3734 515 3790 scire
547 3735 773 3790 debetis
820 3737 996 3809 (sicut
1025 3739 1310 3796 Dominus
1340 3743 1644 3798 ostendere
1673 3748 1731 3797 et
1759 3743 2006 3799 revelare

360 3823 657 3894 dignatur)
689 3824 909 3880 dictum
937 3843 1066 3884 esse
1105 3828 1163 3907 in
1200 3830 1420 3886 visione
1451 3846 1465 3885 :
1503 3831 1702 3897 Petite,
1735 3838 1792 3886 et
1821 3831 2004 3904 impe-

361 3911 549 3968 tratis.
583 3913 747 3968 Tunc
784 3914 992 3971 deinde
1023 3923 1374 3990 praeceptum
1404 3918 1554 3991 plebi
1591 3920 1911 3989 assistenti,
1942 3926 2005 3976 ut

356 4015 461 4072 pro
485 4001 841 4072 quibusdam
867 4006 1128 4076 personis
1153 4007 1472 4080 designatis
1507 4008 1615 4063 sibi
1646 4013 2003 4081 peterent.In

356 4089 607 4161 petendo
639 4096 831 4146 autem
886 4093 1065 4149 fuisse
1100 4096 1371 4152 dissonas
1421 4113 1609 4170 voces,
1657 4103 1714 4154 et
1742 4099 2004 4170 dispares

355 4176 691 4234 voluntates
716 4195 728 4234 :
763 4186 819 4235 et
849 4181 956 4236 hoc
985 4182 1356 4240 vehementer
1385 4186 1756 4258 displicuisse
1785 4186 1867 4241 illi
1903 4188 2004 4259 qui

353 4265 580 4321 dixerat
611 4284 624 4321 :
662 4268 861 4339 Petite,
887 4274 941 4324 et
973 4270 1488 4344 impetratis,quod
1524 4274 1711 4346 plebis
1744 4275 2004 4348 inaequa-

353 4352 490 4409 litas
521 4354 899 4428 discreparet,
927 4375 1032 4414 nec
1062 4366 1216 4415 esset
1250 4362 1495 4417 fratrum
1526 4363 1834 4419 consensio
1863 4381 2001 4434 una,

356 4446 415 4496 et
447 4441 693 4515 simplex
723 4449 780 4500 et
803 4447 1011 4515 juncta
1041 4449 1370 4505 concordia.
1397 4473 1424 4499 ››
1455 4451 1867 4508 Ananimitatis
1897 4452 1998 4508 hu-

2086 551 2474 602 cumstantem
2508 547 2790 619 populum
2823 552 3068 619 caperet,
3103 549 3474 618 minabatur;
3509 552 3567 604 et
3598 565 3738 605 cum

2090 634 2402 690 miraretur
2430 636 2567 706 quid
2601 637 2708 692 hoc
2747 641 2920 705 esset,
2972 636 3088 707 ille,
3145 638 3249 709 qui
3279 637 3421 692 vidit
3454 637 3599 692 dixit
3631 653 3684 692 e1
3721 653 3736 692 :

2085 722 2365 778 Juvenem
2400 725 2498 795 qui
2531 725 2602 779 ad
2647 726 2944 780 dexteram
2991 726 3075 780 sic
3107 727 3351 797 sederet,
3405 726 3744 782 contristari

2089 816 2143 866 et
2174 811 2365 867 dolere
2396 814 2550 884 quod
2591 819 2875 886 przecepta
2923 832 3032 870 sua
3075 832 3190 870 non
3237 816 3691 871 observarentur
3724 832 3738 872 :

2091 899 2236 954 ilum
2281 917 2413 955 vero
2466 901 2523 955 in
2556 901 2796 957 sinistra
2826 903 3132 970 exsultare,
3166 905 3323 976 quod
3362 903 3474 960 sibi
3506 905 3749 960 daretur

2091 988 2339 1053 occasio,
2367 995 2428 1044 ut
2456 1007 2488 1044 a
2519 991 2941 1062 patrel'amilias
2972 996 3321 1063 potestatem
3355 997 3615 1048 sumeret
3635 1010 3743 1049 sa:-

2092 1077 2303 1132 viendi.
2338 1082 2455 1133 Hoc
2483 1079 2646 1150 prius
2677 1078 2847 1152 longe
2878 1086 3182 1136 ostensum
3228 1085 3340 1150 est,
3392 1099 3565 1154 quam
3596 1086 3746 1137 tem-

2095 1171 2290 1237 pestas
2307 1166 2594 1222 vastitatis
2612 1167 2789 1238 hujus
2808 1168 3151 1224 oriretur.Et
3167 1167 3279 1222 vidi
3292 1185 3421 1224 mus
3437 1166 3748 1240 impletum

2097 1255 2254 1326 quod
2289 1255 2476 1310 fuerat
2505 1260 2869 1312 ostensum.»
2902 1256 3084 1311 Sicuti
3117 1256 3278 1328 pacis
3307 1262 3567 1330 tempore
3589 1257 3752 1314 futu-

2098 1360 2222 1398 ram
2257 1344 2739 1416 persecutionem,
2767 1345 2846 1400 ita
2867 1345 3138 1401 saeviente
3159 1345 3753 1418 persecutione,brevi

2099 1431 2362 1487 futuram
2394 1449 2602 1504 pacem
2634 1434 2693 1488 in
2724 1433 2945 1490 visione
2976 1434 3193 1506 pariter
3221 1434 3605 1504 intellexit,de
3635 1451 3760 1508 qua

2101 1519 2160 1574 in
2187 1523 2388 1576 eadem
2412 1521 2658 1592 epistola
2683 1521 2762 1577 ita
2779 1522 3039 1579 scribit:«
3054 1523 3315 1596 Denique
3333 1525 3406 1581 ad
3431 1523 3759 1580 minimum

2103 1607 2390 1663 famulum
2421 1626 2618 1679 suum,
2639 1615 2697 1666 et
2728 1611 2786 1666 in
2819 1611 3045 1668 delictis
3075 1611 3210 1668 licet
3238 1611 3511 1685 plurimis
3541 1611 3759 1668 consti-

2102 1700 2296 1752 tutum
2335 1701 2392 1753 et
2413 1697 2748 1770 dignatione
2771 1701 2898 1773 ejus
2920 1699 3253 1774 indignum,
3277 1705 3474 1757 tamen
3507 1701 3624 1757 illic
3647 1718 3757 1774 pro

2104 1802 2212 1841 sua
2241 1785 2394 1842 circa
2421 1803 2526 1844 nos
2549 1787 2824 1859 bonitate,
2860 1790 3140 1846 mandare
3171 1789 3451 1862 dignatus
3481 1795 3571 1846 est
3603 1807 3616 1846 :
3651 1789 3758 1846 Dic

2103 1873 2208 1942 illi,
2240 1875 2453 1947 inquit,
2486 1892 2730 1932 securus
2761 1877 2858 1946 sit,
2893 1879 3033 1950 quia
3085 1896 3196 1951 pax
3224 1882 3469 1936 ventura
3496 1881 3605 1936 est.
3639 1878 3756 1935 Sed

2103 1965 2257 2035 quod
2292 1963 2524 2019 interim
2559 1965 2790 2022 morula
2839 1971 2947 2034 est,
3000 1971 3320 2040 supersunt
3350 1967 3541 2024 adhuc
3572 1967 3758 2040 aliqui

2107 2052 2204 2124 qui
2231 2053 2602 2125 probentur.»
2631 2055 2827 2126 Neque
2850 2061 3046 2112 tamen
3078 2057 3150 2113 de
3179 2057 3494 2113 fundendis
3514 2057 3756 2116 assidue

2109 2141 2401 2214 precibus,
2437 2143 2537 2197 sed
2580 2144 2650 2198 de
2682 2143 2812 2200 aliis
2851 2161 3082 2216 quoque
3114 2145 3347 2218 pietatis
3378 2147 3675 2219 operibus,
3701 2151 3765 2204 et

2109 2229 2409 2302 religionis
2437 2231 2948 2304 ofﬁciis,supernis
2985 2232 3437 2292 revelationibus
3481 2236 3761 2292 admoni-

2109 2324 2233 2375 tum
2269 2335 2329 2374 sc
2361 2319 2542 2376 fuisse
2575 2326 2822 2376 testatur
2856 2347 2869 2378 :
2903 2344 2932 2372 ››
2967 2323 3078 2378 Sed
3117 2330 3171 2380 et
3200 2324 3271 2380 de
3299 2323 3453 2380 victu
3486 2341 3680 2396 parco,
3705 2329 3766 2382 et

2111 2408 2302 2466 sobrio
2326 2412 2465 2480 potu
2490 2409 2705 2465 divinis
2733 2410 3174 2483 dignationibus
3197 2413 3761 2480 admonemur,etc.»

2110 2497 2267 2553 Adeo
2299 2513 2431 2553 vero
2464 2498 2533 2554 de
2567 2499 2977 2556 vaticiniorum
3009 2518 3251 2557 suorum
3296 2501 3512 2559 futuris
3541 2504 3764 2559 eventi-

2111 2586 2222 2641 bus
2257 2587 2668 2644 sanctissimus
2703 2590 2916 2661 praesul
2953 2607 3195 2646 securus
3225 2594 3370 2661 erat,
3395 2595 3462 2648 ut
3491 2593 3764 2664 quamvis

2112 2674 2314 2731 nullus
2344 2675 2535 2732 adhuc
2578 2681 2785 2749 optata:
2817 2679 3258 2752 tranquillitatis
3298 2680 3500 2736 radius
3529 2688 3765 2754 appete-

2113 2769 2217 2834 ret,
2257 2763 2442 2835 jussit
2493 2769 2690 2821 tamen
2744 2766 2850 2823 has
2900 2767 3125 2824 litteras
3166 2769 3525 2842 promulgari
3559 2774 3616 2826 et
3664 2787 3770 2844 per

2113 2851 2333 2908 clerum
2393 2853 2467 2908 ad
2520 2871 2691 2925 quem
2749 2855 2978 2927 scriptae
3029 2857 3280 2924 fuerant,
3313 2856 3467 2929 plebi
3527 2873 3767 2932 quoque

2113 2941 2539 2997 communicari
2567 2958 2579 2997 :
2616 2965 2644 2993 «
2677 2942 3062 3002 Dissimulare
3094 2943 3212 3001 haac
3244 2944 3497 3018 singula,
3520 2949 3577 3002 et
3605 2948 3767 3020 apud

2114 3029 2532 3086 conscientiam
2564 3047 2754 3087 meam
2786 3031 2947 3088 solus
2982 3033 3279 3090 occultare
3319 3050 3432 3090 non
3465 3035 3661 3091 debui.
3698 3077 3712 3092 .
3752 3079 3768 3093 .

2116 3117 2233 3174 Nec
2267 3118 2378 3191 ipsi
2410 3119 2608 3190 utique
2643 3121 2796 3193 apud
2830 3137 2930 3177 vos
2976 3121 3127 3177 hanc
3173 3123 3478 3194 epistolam
3518 3125 3774 3181 teneatis

2117 3205 2426 3274 occultam,
2448 3209 2545 3263 sed
2577 3207 2886 3281 legendam
2916 3209 3198 3266 fratribus
3229 3211 3576 3284 suggeratis.
3606 3235 3635 3262 »
3657 3213 3780 3270 Sed

2126 3295 2198 3350 ab
2233 3296 2395 3351 omni
2425 3296 2582 3368 pacis
2604 3314 2706 3368 spe
2736 3301 2855 3353 tam
2891 3297 3063 3372 longe
3093 3299 3292 3356 aberat
3321 3299 3552 3358 afﬂictae
3583 3301 3779 3372 plebis

2119 3383 2449 3452 animus,ut
2480 3383 2703 3444 nullam
2734 3385 2996 3459 plerique
3024 3389 3358 3460 gravissimi
3383 3390 3637 3462 pastoris
3668 3390 3776 3446 lit-

2116 3471 2282 3539 teris,
2340 3489 2404 3528 ac
2463 3473 2916 3532 revelationibus
2977 3477 3152 3532 fidem
3196 3479 3693 3534 accommodarint
3758 3492 3776 3534 :

2117 3575 2295 3632 quam
2351 3577 2552 3616 eorum
2595 3561 3062 3619 incredulitatem
3112 3565 3170 3619 in
3204 3564 3494 3638 principio
3533 3565 3668 3622 libri
3700 3567 3777 3623 de

2116 3649 2318 3720 Lapsis
2347 3650 2736 3722 reprehendit,
2780 3652 2852 3707 ab
2884 3667 2951 3707 eo
2981 3653 3292 3725 conscripti
3327 3657 3461 3725 post
3482 3655 3770 3712 redditam

2117 3737 2386 3793 Ecclesiae
2415 3739 2489 3794 ob
2537 3738 2902 3812 insperatum
2933 3757 3000 3796 ac
3047 3742 3418 3813 repentinum
3460 3743 3774 3802 Deciorum

2117 3823 2429 3881 interitum
2464 3827 2948 3900 tranquillitatem
2983 3846 2996 3885 :
3049 3852 3077 3880 «
3110 3830 3225 3885 Pax
3271 3847 3421 3900 ecce,
3454 3831 3772 3888 dilectissi-

2126 3914 2202 3968 mi
2241 3915 2740 3986 l'ralres,Ecclesiaa
2765 3917 2996 3973 reddita
3015 3920 3364 3991 est,et,quod
3399 3919 3635 3976 difficile
3662 3938 3780 3977 nu-

2113 4019 2219 4074 per
2237 4003 2554 4061 incredulis
2575 4023 2641 4062 ac
2665 4006 2904 4078 perfidis
2931 4007 3294 4079 impossibile
3325 4008 3775 4083 videbatur,ope

2126 4096 2304 4164 atque
2336 4093 2556 4151 ultione
2589 4095 2787 4150 divina
2819 4095 3102 4152 securitas
3134 4101 3336 4152 nostra
3368 4103 3634 4170 reparata
3663 4105 3776 4155 est.

2182 4185 2306 4236 Non
2327 4183 2523 4238 minus
2539 4182 2864 4239 visionibus
2882 4184 3142 4240 abundat
3161 4185 3410 4258 epistola
3422 4185 3760 4243 novissima:

2111 4269 2386 4326 editionis
2416 4271 2642 4328 decima
2661 4273 2919 4343 sexta,ad
2938 4273 3176 4329 Pamelii
3212 4291 3490 4331 numeros
3513 4275 3766 4342 decima,

2115 4357 2255 4429 quin
2289 4359 2488 4430 plures
2517 4366 2574 4415 et
2623 4359 2829 4427 varias,
2882 4362 3256 4432 paucioribus
3306 4369 3502 4419 tamen
3553 4364 3772 4435 verbis,

2114 4446 2520 4519 complectitur
2540 4465 2587 4503 :«
2611 4448 2908 4521 Castigare
2926 4466 3032 4506 nos
3049 4450 3246 4523 itaque
3268 4450 3464 4507 divina
3496 4468 3769 4508 censura.

349 4529 451 4600 jus
483 4531 759 4602 pacisque
819 4534 969 4590 inter
1008 4537 1235 4603 fratres,
1269 4543 1326 4594 et
1375 4539 1699 4596 concordia;
1749 4541 2007 4596 defectus
2037 4539 2086 4606 D
2117 4551 2221 4589 nec
2253 4535 2520 4591 noctibus
2552 4537 2904 4608 desinit,nec
2934 4538 3142 4595 diebus
3173 4555 3187 4596 :
3215 4546 3421 4612 prater
3444 4545 3771 4598 nocturnas

356 4634 597 4676 causam
647 4621 829 4676 fuisse
862 4613 1169 4697 subjungit
1197 4629 1522 4700 grassantis
1561 4629 2002 4701 persecutionis,

362 4721 541 4777 quam
575 4707 688 4762 sibi
737 4708 910 4782 longe
957 4717 1270 4786 antequam
1301 4716 1710 4773 decerneretur
1739 4719 2005 4790 sequenti

361 4794 585 4851 visione
617 4803 911 4854 ostensam
947 4801 1144 4872 fuisss,
1190 4808 1443 4861 testatur
1475 4823 1488 4860 :
1526 4829 1547 4856 α
1583 4807 1706 4861 Imo
1736 4823 1869 4862 vero
1899 4824 2006 4864 nec

356 4883 654 4941 venissent
675 4889 954 4944 fratribus
975 4890 1098 4947 haec
1122 4893 1352 4960 mala,si
1379 4895 1437 4949 in
1463 4911 1645 4949 unum
1671 4896 2004 4952 fraternitas

361 4971 572 5028 fuisset
605 4976 880 5032 animata.
916 4979 1083 5048 Nam,
1105 4985 1162 5036 et
1191 4981 1333 5036 illud
1369 4987 1670 5038 ostensum
1705 4988 1815 5049 est,
1847 4985 2002 5054 quod

355 5061 581 5117 sederet
613 5068 776 5135 pater
807 5067 1063 5124 familias
1095 5070 1332 5125 sedente
1363 5070 1473 5123 sibi
1497 5071 1567 5124 ad
1598 5071 2002 5142 dexteramju-

351 5163 519 5218 vene,
552 5152 649 5223 qui
679 5154 913 5224 juvenis
943 5155 1171 5227 anxius,
1195 5162 1253 5212 et
1282 5173 1416 5212 cum
1443 5159 1698 5229 quadam
1730 5159 1998 5230 indigna-

353 5236 510 5294 tione
539 5239 862 5312 subtristis,
895 5241 1188 5298 maxillam
1235 5261 1407 5298 manu
1443 5245 1760 5315 sustinens,
1795 5250 1999 5303 mmsto

351 5325 515 5383 vultu
569 5330 826 5386 sedebat.
873 5332 1027 5385 116
1076 5330 1234 5386 Alias
1284 5349 1415 5387 vero
1463 5333 1521 5387 in
1567 5333 1807 5391 sinistra
1839 5339 1999 5407 parte

425 5504 503 5578 (β)
535 5504 667 5578 via.
699 5505 910 5578 Euseb.
944 5505 1144 5578 nam.
1180 5464 1305 5578 cap.
1342 5476 1425 5563 11’.

425 5505 481 5573 (6
538 5505 667 5560 Vid.
699 5505 910 5560 Euseb.
944 5505 1045 5559 lib.
1071 5523 1144 5560 v1.
1180 5522 1305 5578 cap.
1342 5509 1360 5562 1

445 5575 478 5625 7
535 5573 663 5630 Vid.
697 5576 909 5630 Euseb.
943 5575 1086 5631 ibid.
1119 5593 1186 5634 ca
1233 5622 1246 5637 .
1279 5580 1366 5635 29.

421 5505 656 5712 ξϐξνὶά.
709 5645 896 5712 ipsius
945 5647 1114 5712 epist.
1151 5596 1226 5708 ag
1272 5653 1366 5708 Gel

527 5642 656 5700 Vid.
709 5645 896 5716 ipsius
945 5647 1114 5719 epist.
1151 5642 1221 5708 ad
1272 5653 1562 5723 German.,
1596 5655 1750 5726 apud
1781 5654 1996 5721 Euseb.

2114 4623 2270 4678 enim
2303 4624 2574 4696 visiones,
2611 4642 2712 4697 per
2739 4626 2866 4681 dies
2892 4643 3126 4699 quoque
3164 4627 3438 4700 impletur
3471 4629 3623 4702 apud
3658 4646 3772 4687 nos

2112 4713 2329 4786 Spiritu
2364 4718 2566 4770 sancto
2600 4730 2912 4786 puerorum
2947 4710 3226 4773 innocens
3258 4722 3554 4792 mtas,quae
3590 4719 3649 4774 in
3672 4735 3773 4775 ex-

2113 4803 2254 4860 stasi
2285 4803 2442 4860 videt
2473 4803 2680 4874 oculis,
2713 4804 2876 4860 audit
2904 4809 2962 4861 et
2989 4805 3253 4878 loquitur
3298 4823 3366 4862 ea
3395 4807 3610 4879 quibus
3654 4825 3768 4865 nos

2114 4892 2396 4948 Dominus
2428 4908 2667 4949 monere
2697 4893 3059 4950 etinstruere
3089 4893 3386 4966 dignatur.
3405 4896 3475 4951 Et
3503 4895 3773 4954 audietis

2111 4981 2328 5047 omnia,
2363 4983 2596 5052 quando
2626 4983 2695 5037 ad
2723 4999 2826 5038 vos
2857 4983 3127 5038 reducem
3161 4999 3253 5038 me
3286 4985 3567 5040 Dominus
3619 4984 3770 5042 fece-

2111 5068 2205 5133 rit,
2239 5067 2337 5139 qui
2371 5073 2434 5123 ut
2475 5071 2801 5126 accederem
2844 5071 3045 5140 jussit.
3100 5071 3335 5127 Interim
3383 5071 3680 5128 temerarii
3709 5077 3773 5130 et

2111 5157 2328 5213 incauti
2359 5162 2415 5213 et
2444 5159 2654 5214 tumidi
2687 5158 2927 5229 quidam
2960 5160 3110 5215 inter
3138 5177 3262 5231 vos,
3312 5161 3410 5233 qui
3465 5160 3770 5219 hominem

2108 5262 2225 5301 non
2257 5245 2533 5319 cogitent,
2556 5245 2642 5302 vel
2668 5246 2850 5302 Deum
2881 5246 3168 5317 timeant;
3196 5249 3445 5306 scientes
3475 5249 3759 5322 quoniam

2108 5333 2157 5388 si
2191 5333 2342 5390 ultra
2363 5335 2423 5388 in
2450 5335 2658 5390 iisdem
2682 5335 3265 5406 perseverarint,utar
3284 5354 3352 5394 ea
3378 5337 3770 5398 admonitone

2107 5510 2247 5589 ibid.
2281 5528 2408 5582 cap.
2457 5511 2766 5589 dog-epist.
2819 5512 2888 5568 ad
2938 5512 3290 5584 Philemon.,
3342 5515 3496 5589 apud
3528 5516 3769 5589 eumd.,

2108 5582 2208 5638 lib.
2242 5599 2344 5650 v11,
2376 5599 2502 5655 cap.
2535 5585 2589 5636 7.
