4064 6154
311 301 381 364 ut
1006 287 1162 349 rso
1207 287 1321 350 ss.
1364 263 1806 359 PERPETUA,
1853 261 2315 347 FELICITATE
2361 286 2457 347 ΕΤ
2503 285 2771 346 sonus.

3472 285 3588 348 122

305 447 379 504 qua
392 424 534 483 menti
553 421 826 478 Dominus
842 421 1029 492 jubet,
1067 418 1824 504 utinterim‘prohibeantur
1864 417 1920 484 Α
1949 417 2117 473 nobis
2147 417 2552 483 suadentibus,
2584 417 2676 472 cui
2708 415 2842 488 plus
2861 415 3048 484 licuit,
3072 433 3197 488 quis
3227 420 3286 472 et
3313 417 3522 489 coegit.
3561 441 3582 467 ι

301 498 452 576 ull'erre.
481 538 501 562 ››
529 512 654 576 Quis
685 510 807 566 haec
831 509 1027 582 legens
1057 508 1340 580 Cypriano
1373 498 1569 562 nostro
1603 505 1834 576 prmcla-

296 623 386 664 rum
407 603 521 658 illud
549 617 654 656 non
690 598 987 654 adscribat
1017 597 1294 668 elogium,
1314 597 1464 667 quod
1485 613 1518 650 a
1543 595 1838 666 Polycrate

291 692 478 750 Πειὶωηί
505 690 638 744 117
673 686 948 743 Sardensi
983 685 1151 758 longe
1179 690 1350 740 autea
1379 685 1663 740 tributum
1713 683 1838 736 fne-

290 788 350 839 rat
372 784 455 851 {9):
477 777 560 831 Τὸν
587 775 655 833 ἐν.
689 775 830 849 ἁγίῳ
861 771 1135 846 Ιῐνεύματι
1164 774 1333 827 πάντα
1354 769 1837 842 πολιτευσάμενον,

284 897 304 923 α
328 871 401 944 qui
421 869 606 941 Spiritu
637 869 839 921 sancto
872 865 1102 920 afﬂatus
1133 867 1343 917 cuncta
1373 861 1572 932 gessit.
1605 882 1633 910 ››
1676 859 1839 915 Unde

286 955 690 1026 eumaplerisque
712 957 1044 1009 nostrorum
1067 952 1404 1024 prophetam
1422 949 1600 1004 fuisse
1618 970 1644 998 ››
1665 947 1834 1002 habi-

287 1052 460 1112 tum,ex
483 1042 812 1100 Tertulliano
849 1064 869 1090 ι
905 1041 963 1096 in
988 1045 1210 1112 septem
1236 1039 1399 1095 libris
1421 1054 1568 1109 quos
1604 1035 1840 1109 scripsit

279 1136 493 1190 adversus
518 1131 817 1187 Ecclesiam
843 1145 944 1200 pro
972 1129 1276 1194 Montano,
1301 1149 1330 1176 »
1363 1128 1533 1181 refert
1567 1125 1840 1196 Hierony-

277 1238 379 1277 mus
404 1222 508 1290 (10).
530 1223 593 1274 At
612 1219 733 1273 haec
755 1218 948 1272 omnia
973 1217 1032 1271 in
1058 1217 1408 1288 Cyprianum
1425 1219 1700 1269 nostrum
1723 1230 1838 1268 non

276 1310 424 1365 minus
435 1309 689 1380 quadrent
707 1325 722 1362 :
736 1307 872 1375 quid
892 1306 1047 1362 enim
1063 1304 1483 1377 persecutionis
1495 1307 1754 1374 tempore
1766 1302 1839 1356 ab

276 1415 326 1454 eo
338 1403 540 1472 gestum,
567 1397 712 1468 quod
736 1411 852 1450 non
883 1395 1101 1468 Spiritu
1125 1401 1321 1449 sancto
1336 1392 1567 1448 afflatus
1580 1391 1839 1463 perfece-

272 1487 326 1542 rit
349 1487 446 1544 ‘lUt
463 1485 660 1558 plebem
691 1500 861 1541 suam
897 1484 966 1539 ad
999 1483 1259 1538 futurum
1293 1481 1505 1536 bellum
1547 1478 1841 1550 expediret

273 1572 410 1644 longe
419 1578 679 1645 antequam
696 1589 762 1628 ex
771 1568 1478 1634 ardesceret,divinaillud
1494 1566 1840 1623 revelatione

275 1663 536 1732 praesensit.
552 1662 742 1716 ludicto
761 1659 934 1731 bello,
959 1667 1022 1715 ut
1038 1659 1284 1714 latebras
1307 1661 1610 1729 quaereret,
1633 1661 1689 1711 et
1706 1671 1838 1728 per-

276 1751 559 1806 secutionem
570 1749 892 1818 declinaret,
903 1753 1016 1805 Deu
1027 1766 1077 1803 m
1093 1751 1387 1803 auctorem
1400 1747 1606 1802 habuit
1621 1763 1635 1814 ;
1649 1759 1838 1816 neque

274 1839 526 1910 utipsemet
540 1843 584 1893 et
599 1839 840 1894 Pontius
855 1837 1134 1892 diaconus
1155 1837 1213 1891 in
1232 1836 1361 1908 ejus
1376 1834 1509 1890 Vita
1529 1838 1833 1902 testantur,

270 1925 540 1981 sinedivina
564 1926 909 1983 revelatione
952 1925 1212 1982 secessit.
1271 1925 1412 1980 Orta
1470 1927 1836 1995 tempestate,

262 2010 801 2082 quibusautvirtutum
819 2011 1329 2068 exercitationibus
1343 2011 1840 2082 superandaesset

259 2104 335 2154 aut
359 2099 551 2170 pietatis
573 2101 782 2157 officiis
815 2100 1204 2170 tranquillitas
1235 2100 1618 2171 impetranda,
1643 2099 1839 2155 divina

255 2189 359 2243 item
370 2189 686 2246 revelatione
703 2189 1078 2263 cognovit.Fu
1088 2194 1278 2245 turam
1295 2205 1494 2261 pacem
1509 2204 1623 2243 non
1639 2187 1836 2242 minus

255 2291 391 2347 quam
412 2279 722 2348 proximum
753 2277 995 2345 bellum,
1019 2278 1215 2333 divina
1246 2277 1462 2349 pariter
1489 2275 1836 2332 revelatione

256 2367 492 2435 praesunt.
523 2370 642 2433 Qua
674 2384 815 2440 erga
836 2367 1032 2440 lapsos
1056 2366 1370 2438 disciplina
1389 2366 1476 2421 uti
1499 2365 1750 2433 deberet,
1779 2369 1836 2421 et

253 2456 499 2511 nocturnis
524 2457 650 2528 ipse
683 2457 1006 2513 visionibus
1060 2460 1116 2511 et
1155 2455 1400 2522 diurnis,
1462 2455 1834 2510 innocentum

252 2557 503 2613 puerorum
535 2545 810 2616 raptibus
841 2550 898 2601 et
954 2543 1288 2600 excessibus
1346 2542 1647 2602 intellexit.
1709 2545 1833 2608 Qua

245 2630 349 2685 item
371 2632 588 2689 inincau
599 2639 697 2690 tos
719 2635 1000 2706 quosdam
1024 2650 1090 2690 ac
1111 2634 1449 2689 temerarios
1470 2632 1834 2705 presbyteros

247 2733 436 2776 censura
452 2723 688 2779 deberet
716 2723 1195 2791 animadvertere,
1228 2739 1262 2778 a
1290 2723 1406 2778 Deo
1428 2721 1700 2777 similiter
1729 2737 1832 2792 per

239 2818 440 2880 apertam
493 2816 549 2866 et
635 2811 1011 2868 manifestam
1072 2811 1523 2867 admonitionem
1583 2810 1827 2882 accepit.

241 2897 452 2955 Assiduis
477 2900 639 2957 hisce
672 2901 924 2973 Spiritus
946 2901 1125 2956 sancti
1167 2901 1334 2956 donis
1363 2917 1430 2956 ac
1483 2899 1829 2955 muneribus

236 2983 394 3054 fretus,
421 2990 484 3044 ad
505 2990 769 3045 reditum
801 3005 1026 3061 quoque
1061 3005 1233 3045 suum
1265 3004 1574 3060 supernam
1607 2986 1826 3043 revela-

2023 506 2417 563 Felicissimus
2473 506 2777 562 schimatis
2835 506 3182 577 Carthagine
3250 511 3470 574 auctor,
3529 512 3585 563 et

1949 595 2208 666 quinque
2240 594 2554 667 presbyteri
2585 593 2822 666 perditaa
2854 594 3120 649 factionis
3149 593 3398 663 fomites,
3433 613 3581 668 quas

1947 683 2006 738 in
2041 686 2132 739 11
2146 684 2192 738 8
2216 683 2655 740 sanctissimum
2675 683 2862 737 virum
2876 683 3076 738 turbas
3097 682 3462 753 concitarint,
3482 699 3588 741 sae-

1950 774 2081 844 pius
2113 773 2308 844 ipsein
2329 773 2452 829 suis
2470 770 2732 842 epistolis
2754 776 2971 827 narrat.
2986 772 3103 827 Hac
3121 772 3190 826 de
3211 788 3271 827 re
3287 774 3436 829 etde
3459 790 3587 844 per-

1949 862 2262 930 secutione,
2291 879 2416 932 quae
2448 861 2581 916 inde
2632 860 2995 929 imminebat,
3028 860 3308 916 divinitus
3363 863 3584 934 aliquid

1948 951 2260 1021 accepisse,
2323 967 2426 1006 nec
2487 949 2780 1004 caelestem
2833 948 3089 1003 defuisse
3153 949 3578 1019 revelationem,

1949 1054 2016 1094 ex
2045 1038 2138 1093 his
2181 1038 2364 1094 sancti
2429 1037 2703 1108 martyris
2758 1036 2948 1091 verbis
2994 1035 3275 1107 colligunt
3332 1039 3580 1094 eruditi:

1947 1149 1976 1176 ‹‹
2010 1126 2335 1181 Persécutio
2366 1131 2454 1181 est
2484 1126 2606 1180 haec
2636 1124 2751 1179 alia
2770 1128 2829 1178 et
2881 1124 2995 1178 alia
3023 1125 3285 1191 testatio,
3328 1131 3385 1180 et
3413 1127 3586 1197 quin-

1948 1230 2060 1286 que
2091 1213 2174 1269 illi
2202 1213 2518 1286 presbyteri
2550 1213 2692 1268 nihil
2726 1213 2882 1268 aliud
2918 1218 3073 1278 sunt,
3106 1229 3278 1284 quam
3331 1213 3590 1287 quinque

1951 1303 2240 1375 primores
2271 1303 2356 1358 illi
2388 1303 2485 1375 qui
2527 1304 2715 1359 edicto
2743 1319 2928 1372 nuper
2957 1302 3403 1374 magistratibus
3463 1303 3586 1360 fue-

1951 1396 2083 1447 rant
2112 1392 2387 1464 copulati,
2423 1397 2487 1446 ut
2546 1393 2718 1447 fidem
2753 1395 3015 1446 nostram
3075 1392 3495 1460 subverterent,
3527 1397 3592 1447 ut

1948 1479 2188 1551 gracilia
2221 1481 2464 1534 fratrum
2504 1480 2679 1535 corda
2710 1480 2778 1535 ad
2839 1479 3088 1534 lethales
3153 1477 3395 1550 laqueos
3442 1497 3588 1552 prai-

1947 1567 2293 1624 varicatione
2326 1569 2583 1624 veritatis
2615 1572 2956 1623 averterent.
2992 1568 3206 1622 Eadem
3225 1583 3377 1622 nunc
3418 1569 3584 1640 ratio,

1949 1657 2148 1712 eadem
2198 1673 2402 1712 rursus
2451 1657 2690 1723 eversio,
2753 1673 2854 1728 per
2907 1656 3162 1727 quinque
3215 1657 3587 1728 presbyteros

1950 1744 2308 1801 Felicissimo
2349 1744 2669 1816 ecpulatos,
2723 1747 2793 1800 ad
2829 1744 3054 1799 ruinam
3087 1743 3307 1811 {salutis
3354 1744 3588 1800 induci—

1947 1837 2063 1889 tur.
2100 1857 2128 1884 »
2158 1833 2424 1902 Videtur,
2477 1832 2670 1903 inquit
2699 1831 3012 1896 Pamelius,
3071 1831 3328 1887 alludere
3385 1834 3454 1888 ad
3513 1834 3591 1888 vi-

1947 1921 2170 1978 sionem
2195 1921 2555 1993 quampiam,
2579 1921 2637 1974 in
2661 1938 2776 1992 qua
2797 1920 3141 1992 apparuisse
3162 1919 3432 1975 videntur
3451 1937 3585 1976 cum

1946 2011 2133 2083 magis
2162 2010 2387 2066 ratibus
2417 2009 2677 2081 quinque
2707 2010 3012 2081 primores,
3037 2008 3138 2080 qui
3161 2008 3417 2064 edictum
3450 2025 3586 2064 con-

1944 2105 2034 2157 tra
2063 2100 2368 2171 episcopos
2400 2115 2515 2154 una
2545 2098 2927 2170 publicarent.
2988 2098 3182 2167 Neque
3214 2097 3348 2152 huic
3404 2097 3585 2154 inter-

1945 2188 2252 2261 pretationi
2276 2188 2598 2258 refragatur
2629 2186 2935 2259 Rigaltius,
2961 2187 3344 2258 eamdemque
3398 2186 3584 2241 mani-

1948 2277 2088 2333 feste
2121 2276 2490 2348 amplectitur
2524 2275 2860 2331 Dodwellus
2893 2275 3025 2347 (15).
3063 2274 3275 2330 Eadem
3306 2275 3583 2347 Epistola,

1943 2383 2140 2434 xnvm,
2172 2365 2360 2434 al.x1.,
2410 2382 2536 2437 quas
2600 2365 2806 2420 ultima
2835 2370 2927 2420 est
2958 2381 3154 2420 earum
3217 2380 3362 2436 quas
3389 2364 3447 2420 in
3496 2381 3584 2420 se—

1943 2471 2111 2510 cessu
2136 2454 2471 2527 concripsit,
2519 2471 2694 2527 quam
2756 2460 2822 2509 ut
2869 2471 3049 2526 supra
3104 2454 3381 2521 diximus,
3443 2471 3586 2526 prae-

1943 2543 2267 2599 stolabatur
2297 2544 2368 2598 de
2400 2543 2589 2599 reditu
2614 2543 3044 2612 revelationem,
3087 2543 3275 2611 sejam
3298 2543 3588 2615 accepisse

1943 2633 2269 2705 perspicue,
2301 2637 2367 2687 ut
2399 2633 2541 2688 mibi
2575 2633 2820 2703 videtur,
2852 2632 3303 2704 luculenterque
3361 2631 3587 2705 signifi-

1940 2725 2050 2776 cat.
2084 2721 2275 2776 Primo
2332 2721 2488 2776 enim
2549 2721 2857 2792 queritur:
2899 2744 2919 2770 ι
2984 2721 3135 2792 quod
3195 2723 3582 2792 quorumdam

1939 2811 2401 2881 presbyterorum
2455 2809 2797 2881 malignitas
2827 2815 2882 2864 et
2942 2810 3186 2881 perfidia
3241 2809 3580 2879 perfecisset

1938 2913 2009 2952 ne
2031 2897 2140 2952 sibi
2172 2899 2241 2953 ad
2274 2915 2413 2954 suos
2445 2906 2574 2952 ante
2595 2897 2750 2953 diem
2808 2898 3008 2952 Pacha
3039 2898 3234 2952 venire
3293 2896 3573 2954 licuisset.

1936 2987 2183 3042 Cavebat
2212 2985 2434 3042 scilicet
2465 3003 2536 3042 ne
2559 3002 2660 3059 per
2689 2987 2882 3042 minas
2912 2993 2966 3041 et
3013 3001 3114 3058 per
3143 2985 3388 3041 insidias
3445 3001 3577 3058 per-

234 3072 401 3129 tiouem
429 3077 904 3147 praestolabatur:
937 3099 964 3127 ι(
990 3077 1051 3132 Et
1082 3077 1330 3133 audietis
1357 3077 1570 3145 omnia,
1596 3076 1824 3148 quando
1934 3074 2186 3130 ﬁdorum
2219 3077 2405 3148 major
2424 3092 2492 3132 ex
2541 3093 2647 3132 suo
2681 3076 2932 3131 adventu
2964 3074 3308 3148 Carthagine
3366 3075 3580 3131 tumul-

232 3161 281 3215 ad
306 3179 388 3219 vos
411 3168 685 3222 reducem
710 3182 804 3221 me
856 3165 1139 3221 Dominus
1167 3165 1382 3235 fecerit,
1419 3166 1517 3238 qui
1551 3169 1614 3221 ut
1669 3181 1822 3221 sece-
1855 3150 1898 3220 C
1936 3166 2032 3219 tus
2063 3165 2329 3233 oriretur,
2361 3169 2439 3231 et,
2490 3181 2623 3220 cum
2647 3164 2772 3237 paci
2804 3173 2857 3219 et
2925 3163 3331 3236 tranquillitati
3353 3165 3578 3236 episco-

231 3249 378 3306 derem
399 3254 608 3324 jussit:
652 3276 686 3304 ››
721 3271 897 3326 quam
933 3253 1018 3310 illi
1064 3271 1180 3311 non
1213 3255 1468 3310 defuisse
1508 3261 1704 3327 postea
1741 3253 1828 3309 di-

231 3352 322 3394 cem
329 3355 401 3397 ΠΒ.

278 3427 477 3486 Interim
500 3437 830 3504 antequam
849 3447 878 3487 e
911 3448 1138 3489 secessu
1169 3432 1570 3504 Carthaginem
1603 3448 1828 3488 ramea-

224 3519 309 3583 ret,
329 3519 603 3577 Aurelium
642 3528 702 3577 et
732 3519 1057 3577 Celerinum
1089 3520 1270 3591 gloria
1299 3522 1686 3578 confessionis
1737 3521 1824 3578 in-

220 3603 376 3673 signes
391 3609 440 3663 in
467 3609 702 3666 clerum
730 3610 1034 3682 cooptavit.
1069 3611 1128 3666 Id
1158 3625 1293 3665 vero
1349 3627 1464 3665 non
1513 3610 1638 3666 sine
1687 3626 1824 3666 con-

218 3694 360 3750 suetis
410 3697 742 3755 visionibus
797 3714 864 3754 ac
923 3698 1138 3755 divinis
1197 3698 1651 3754 revelationibus
1709 3699 1823 3755 fac-

217 3789 306 3837 tum
328 3791 421 3840 est.
450 3787 598 3844 Nam
641 3802 779 3843 cum
808 3786 1042 3844 illorum
1074 3796 1401 3860 temporum
1464 3803 1601 3842 usus
1653 3786 1825 3843 habe-

215 3872 290 3937 ret,
317 3878 369 3927 ut
418 3876 826 3933 ordinationes
877 3877 1097 3934 clericus
1129 3894 1246 3934 non
1306 3876 1432 3932 sine
1491 3875 1677 3948 plebis
1735 3879 1821 3932 te-

212 3958 451 4032 stimonio,
483 3975 539 4021 et
591 3966 782 4022 totius
815 3964 951 4020 cleri
1014 3965 1290 4038 suffragio
1351 3965 1817 4033 celebrarentur;

210 4060 287 4101 cur
310 4049 422 4108 illos
449 4055 676 4112 absens
708 4055 766 4110 in
838 4053 1054 4111 clerum
1119 4054 1461 4127 provexerit,
1516 4053 1688 4119 hanc,
1749 4054 1820 4110 de

208 4138 392 4195 Aurelio
413 4141 697 4215 loquens,
724 4143 892 4200 affert
914 4143 1224 4208 rationem,
1243 4143 1399 4214 quod
1424 4142 1683 4198 humano
1702 4145 1817 4198 tes-

210 4222 406 4284 timonio
434 4248 550 4288 non
590 4232 894 4304 indigeret
933 4231 1034 4304 qui
1065 4231 1260 4287 divino
1291 4231 1572 4303 probatus
1629 4232 1818 4287 fuerat

209 4310 434 4387 mill-agis
462 4320 576 4392 (11)
618 4337 635 4376 :
675 4342 702 4369 «
768 4320 826 4375 In
883 4319 1350 4376 ordinationibus
1411 4318 1660 4388 clericis,
1705 4319 1814 4374 fra-

211 4398 310 4452 tres
331 4403 673 4476 charissimi,
711 4407 973 4464 solemus
1004 4425 1105 4464 vos
1129 4412 1262 4463 ante
1280 4407 1583 4463 consulere
1613 4411 1670 4463 et
1689 4426 1812 4463 mo-

1937 3269 2049 3325 pus
2080 3253 2378 3324 providere
2412 3254 2468 3308 in
2522 3253 2794 3310 omnibus
2849 3253 3078 3320 debeat,
3112 3253 3238 3325 ipse
3278 3253 3577 3309 materiam

1937 3342 2209 3398 seditioni
2269 3344 2500 3398 dedisse
2557 3347 2613 3399 et
2670 3343 3127 3414 persecutionem
3190 3343 3380 3398 denuo
3447 3359 3578 3398 exa-

1935 3439 2206 3489 cerbasse
2234 3434 2539 3489 videretur.
2589 3456 2610 3482 ι»
2647 3436 2856 3488 Postea
2885 3431 3210 3503 subjungit,
3270 3431 3422 3486 hanc
3450 3447 3578 3486 esse

1935 3523 2398 3595 persecutionem
2431 3523 2814 3578 novissimam
2848 3530 2903 3576 et
2929 3526 3246 3576 extremam
3304 3519 3574 3577 tentatio-

1937 3627 2092 3680 nem,
2127 3629 2250 3682 quis
2282 3615 2339 3666 et.
2364 3612 2511 3684 ipsa,
2537 3610 2742 3681 inquit,
2772 3633 2798 3660 ‹‹
2834 3610 2947 3665 cito
2979 3610 3576 3682 Dominoprotegente

1932 3701 2205 3756 transibit
2219 3707 2280 3756 ut
2295 3691 2672 3772 repraesenter
2689 3700 2850 3756 vobis
2871 3702 3002 3771 post
3025 3697 3258 3753 Pascha:
3271 3698 3423 3754 diem
3439 3715 3573 3755 cum

1934 3788 2171 3861 collegis
2203 3789 2368 3846 meis.
2407 3811 2433 3838 »
2469 3795 2674 3845 Annon
2710 3789 3014 3844 manifesta
3045 3787 3332 3844 habemus
3363 3791 3420 3843 et
3466 3787 3576 3843 cla-

1934 3894 1996 3933 ra
2024 3878 2374 3950 propheticus
2415 3877 2782 3934 revelationis
2841 3876 3058 3932 indicia
3084 3876 3112 3930 ‘I
3143 3880 3289 3931 Ante
3346 3875 3569 3931 Pascha

1930 3983 2036 4021 suo
2068 3983 2130 4022 se
2164 3983 2400 4023 secessu
2433 3966 2742 4034 continuit,
2775 3969 3044 4021 metuens
3079 3981 3150 4020 ne
3181 3965 3426 4019 adventu
3463 3978 3569 4018 suo

1930 4055 2229 4110 materiam
2256 4056 2523 4111 seditioni
2557 4057 2734 4122 daret,
2769 4061 2821 4110 et
2853 4071 2922 4110 ne
2973 4053 3433 4125 persecutionem
3466 4052 3570 4108 de-

1927 4161 2044 4198 nuo
2088 4145 2462 4200 exacerbasse
2519 4145 2853 4199 videretur:
2917 4149 3045 4214 post
3094 4142 3310 4198 Pascha
3367 4145 3564 4196 tamen

1925 4238 2081 4288 certo
2112 4251 2173 4289 se
2208 4233 2533 4288 rediturum
2568 4233 2870 4304 promittit.
2906 4233 3014 4286 Sed
3087 4247 3277 4286 annon
3340 4235 3564 4302 poterat

1923 4326 2054 4392 post
2074 4321 2294 4377 Pascha
2325 4322 2479 4377 idem
2523 4321 2846 4393 periculum
2911 4320 3212 4375 imminere
3240 4317 3268 4372 ‘?
3324 4318 3561 4390 Nequa-

1921 4425 2138 4480 quam:
2189 4417 2427 4466 noverat
2484 4410 2636 4464 enim
2698 4409 2811 4464 cito
2867 4408 3244 4462 transituram
3297 4422 3562 4479 persecu-

204 4499 293 4581 ξϐε
317 4503 372 4546 ac
393 4498 588 4553 merita
644 4495 1008 4568 singulorum
1042 4497 1339 4552 communi
1373 4495 1614 4552 consilio
1673 4513 1812 4569 pon-
1843 4516 1889 4581 Ι)
1925 4497 2102 4553 tionis
2136 4499 2312 4569 hujus
2345 4498 2724 4553 novissimam
2781 4497 3180 4552 tentationem.
3241 4496 3346 4552 Sed
3407 4497 3562 4552 unde

199 4571 404 4648 derum;
434 4585 526 4640 sed
591 4586 960 4657 expectanda
989 4602 1103 4641 non
1136 4589 1275 4641 sunt
1305 4585 1644 4640 testimonia
1699 4585 1807 4640 hu-

193 4676 356 4738 mana,
385 4687 512 4730 cum
557 4673 906 4746 prmcedunt
937 4674 1134 4730 divina
1173 4673 1471 4747 suffragia.
1537 4673 1806 4730 Aurelius

188 4749 333 4810 frater
353 4766 566 4832 noster,
603 4761 861 4818 illustris
902 4761 1262 4831 adolescens,
1296 4779 1330 4817 a
1391 4761 1632 4818 Domino
1677 4764 1804 4834 jam

182 4841 446 4916 Probatos,
477 4856 594 4906 etc.
636 4873 663 4900 η
695 4849 765 4906 Et
814 4851 1064 4924 epistola
1120 4851 1387 4923 sequenti
1426 4852 1498 4906 de
1555 4850 1800 4908 Celerini

181 4931 505 4994 ordinatione
536 4939 815 5012 loquens,
842 4955 969 4995 eam
985 4955 1216 5012 quoque
1240 4956 1342 5012 per
1362 4940 1636 5008 spiritum
1669 4957 1803 5013 pro-

175 5014 372 5089 phetiae,
401 5043 504 5082 nec
538 5029 672 5084 sine
703 5027 1031 5084 visionibus
1063 5046 1128 5084 ac
1161 5027 1613 5086 revelationibus
1666 5047 1802 5102 per-

173 5111 331 5165 actam
361 5113 547 5173 fuisse
575 5121 852 5173 testatur.
878 5139 907 5166 ‹‹
939 5117 1083 5173 Cum
1102 5117 1282 5184 enim,
1315 5117 1526 5189 inquit,
1551 5134 1801 5174 consen-

172 5191 258 5287 tire
273 5199 605 5287 dubitaret,
628 5205 898 5262 Ecclesiae
923 5205 1113 5278 ipsius
1133 5206 1439 5263 admonitu
1459 5210 1516 5262 et
1561 5205 1798 5263 hortatu

171 5286 213 5335 in
236 5286 457 5346 visione
491 5309 606 5364 per
637 5298 864 5350 noctem
897 5294 1238 5367 compulsus
1270 5299 1380 5367 est,
1434 5312 1505 5350 ne
1562 5299 1799 5368 negaret

217 5442 497 5576 ggle‘pist.
537 5453 618 5508 ad
645 5453 938 5511 Victorem
985 5455 1083 5526 P.,
1115 5457 1268 5528 apud
1302 5455 1539 5523 Euseb.,
1600 5455 1702 5510 lib.
1737 5473 1792 5525 v,

170 5525 629 5667 Ὕίοῗῗειαιοε.
662 5595 721 5653 in
751 5595 1044 5657 Melitone.

1920 4586 1978 4640 id
2028 4591 2282 4654 noverat,
2359 4590 2424 4642 ut
2481 4587 2622 4641 adeo
2679 4589 2900 4641 certum
2959 4585 3375 4657 promitteret?
3434 4585 3559 4641 Non

1919 4674 2154 4730 aliunde
2186 4675 2457 4748 profecto,
2491 4674 2605 4730 nisi
2639 4692 2706 4730 ex
2737 4675 2934 4729 divina
2967 4675 3332 4731 revelatione.

1989 4763 2247 4820 Sublatis
2282 4765 2484 4832 Deciis,
2517 4765 2836 4820 secundam
2868 4763 3134 4838 Cypriani
3193 4763 3553 4834 temporibus

1916 4853 2178 4909 Ecclesirr
2205 4853 2670 4926 persecutionem
2710 4853 2914 4911 Gallus
2946 4857 3003 4910 et
3047 4853 3402 4909 Volusianus
3460 4852 3553 4904 in-

1913 4943 2194 4999 tulerunt.
2207 4945 2361 5000 Hanc
2384 4959 2611 5017 quoque
2625 4949 2866 5000 sanctus
2883 4943 3549 5016 Cyprianus,antequam

1915 5031 2160 5099 saeviret,
2191 5033 2308 5088 imo
2339 5041 2391 5088 et
2416 5037 2729 5103 antequam
2776 5034 3201 5097 decerneretur,
3263 5043 3376 5083 non
3437 5043 3555 5082 una

1911 5124 2012 5176 ant
2040 5120 2242 5190 altera,
2275 5123 2376 5178 sed
2412 5121 2615 5176 multis
2643 5126 2700 5176 et
2729 5121 2947 5176 crebris
2976 5125 3033 5173 et
3083 5117 3408 5173 manifestis
3459 5132 3553 5172 os-

1907 5209 2278 5265 tensionibus
2339 5227 2404 5266 ac
2462 5209 2786 5266 visionibus
2848 5209 3106 5262 futuram
3139 5203 3444 5272 intellexit,
3497 5209 3556 5261 et

1910 5313 2012 5369 per
2032 5298 2338 5370 synodicae
2369 5297 2605 5354 secundi
2656 5297 2886 5352 concilii
2918 5293 3417 5367 Carthaginiensis
3475 5295 3550 5352 ad

2004 5460 2086 5530 11)
2121 5459 2304 5532 Epist.
2337 5475 2547 5515 xxxvm
2580 5461 2648 5514 ad
2687 5462 2877 5532 Pam.,
2910 5473 3072 5532 num.
3105 5459 3194 5514 33.

1899 5603 1927 5670 §
1960 5530 2085 5658 1(£132)
2120 5530 2382 5602 _Dissert.
2419 5549 2494 5602 ιν,
2521 5530 2893 5607 ,αγρτὶξωζοα
2951 5531 3017 5586 de
3080 5532 3406 5600 Visionibus,
3439 5539 3552 5592 etc.
