4064 6154
480 322 593 383 123

1625 326 2141 390 DISSERTATIO
2182 324 2733 387 APOLOGETICA

3745 325 3845 385 124

480 454 811 512 Cornelium
858 444 1103 529 litteras,
1156 475 1273 515 non
1321 476 1441 516 suae
1487 464 1740 533 tantum,
1789 461 1889 518 sed
1946 459 2121 515 etiam
2151 458 2205 525 Α
2236 454 3844 529 stinctefuissentsanctomartyrirevelate,totquaspraa—

483 544 756 600 Romanas
806 545 1076 603 Ecclesia:
1124 547 1473 621 significavit
1520 551 1631 622 (13)
1683 568 1780 606 :«a
1812 549 1921 605 Sed
1969 548 2126 605 enim

482 648 615 687 cum
649 632 949 690 videamus
994 635 1148 692 diem
1190 654 1395 694 rursus
1447 638 1688 695 alterius
1736 636 2126 694 infestationis

481 721 946 793 appropinquare
996 723 1261 796 coepisse,
1297 731 1353 782 et
1400 728 1623 783 crebris
1655 732 1830 799 atque
1870 724 2125 782 assiduis

484 810 918 867 ostensionibus
950 813 1392 884 admoneamur,
1427 821 1493 872 ut
1524 816 1595 873 ad
1644 821 1936 873 certamen
1970 815 2124 887 quod

483 898 651 954 nobis
681 897 868 955 hostis
915 900 1143 973 indicit,
1177 905 1384 960 armati
1434 916 1490 959 et
1520 905 1702 977 parati
1734 905 1884 960 119
1916 904 2124 973 simus,

481 984 708 1060 plebem
734 987 908 1044 etiam
943 991 1110 1047 nobis
1142 993 1212 1048 de
1242 992 1435 1049 divina
1481 994 1814 1066 dignatione
1846 993 2125 1050 commis-

478 1092 606 1133 sam
627 1076 1132 1137 exhortationibus
1157 1082 1376 1137 nostris
1398 1099 1691 1154 paremus,
1711 1087 1819 1138 etc.
1837 1105 1864 1134 »
1890 1083 2123 1138 Postea:

474 1186 504 1216 α
535 1165 1073 1237 Obtemperandum
1096 1174 1185 1225 est
1206 1187 1459 1243 namque
1491 1171 1927 1228 ostensionibus
1953 1175 2127 1242 atque

474 1255 978 1312 admonitionibus
1004 1258 1208 1330 justis,
1234 1264 1299 1315 ut
1328 1277 1363 1315 a
1403 1260 1739 1332 pastoribus
1771 1277 1904 1315 oves
1934 1259 1995 1314 in
2027 1275 2124 1330 pe-

479 1343 661 1400 riculo
711 1362 826 1401 non
876 1346 1237 1419 deserantur,
1285 1354 1397 1405 etc.
1442 1371 1471 1400 »
1519 1350 1788 1405 Rursus:
1845 1372 1873 1399 ‹‹
1904 1346 2129 1404 Placuit

484 1433 674 1500 nobis,
710 1433 929 1506 Spiritu
975 1442 1177 1493 sancto
1225 1443 1595 1510 suggerente,
1628 1442 1686 1494 et
1737 1437 1976 1493 Domino
2028 1453 2130 1507 per

479 1521 734 1578 visiones
793 1523 1010 1579 multas
1065 1529 1123 1580 et
1178 1527 1519 1589 manifestas
1566 1528 1936 1595 admonente,
1991 1524 2130 1596 quia

482 1610 670 1667 hostis
700 1611 869 1668 nobis
898 1612 1206 1669 imminere
1234 1616 1663 1686 praenuntiatur
1691 1619 1751 1671 et
1779 1613 2125 1679 ostenditur,

479 1698 752 1772 colligere
796 1699 954 1755 intra
1002 1706 1194 1757 castra
1240 1703 1455 1759 milites
1512 1702 1745 1769 Christi,
1800 1707 1909 1759 etc.
1948 1724 1975 1751 »
2028 1700 2128 1756 His

478 1787 747 1859 Cypriani
803 1789 993 1845 verbis
1050 1789 1169 1845 haec
1224 1793 1534 1865 subjungit
1580 1792 1661 1847 Cl.
1716 1790 2052 1848 Dodwellus

480 1898 511 1929 ‹‹
540 1877 666 1932 Non
698 1878 936 1934 credent
966 1878 1086 1934 hzec
1109 1880 1355 1936 fortasse
1388 1881 1564 1937 atbei.
1596 1882 1707 1936 Sed
1742 1880 1881 1952 quid
1912 1880 2131 1935 habent

482 1965 801 2037 quominus
829 1966 943 2022 ﬁde
994 1967 1173 2039 digna
1200 1985 1329 2025 esse
1376 1970 1697 2025 censeant?
1739 1968 2006 2024 Visiones
2037 1967 2132 2023 hic

484 2053 774 2110 habemus
832 2072 947 2111 non
1006 2056 1222 2113 multas
1280 2058 1472 2129 modo,
1526 2059 1629 2114 sed
1679 2063 1736 2113 et
1792 2057 2134 2113 manifestas

486 2148 814 2216 eventuque
861 2146 1318 2217 comprobatae;
1370 2163 1474 2203 nec
1526 2147 1583 2202 id
1632 2147 1882 2202 obscura
1926 2144 2133 2217 privati

485 2232 816 2304 cujuspiam
874 2234 1008 2304 fide,
1066 2237 1168 2290 sed
1240 2235 1447 2308 synodi
1504 2236 1684 2292 totius
1740 2234 2136 2291 consentiente

486 2320 786 2393 suffragio,
835 2324 1271 2396 mansurisque,
1314 2324 1363 2380 si
1412 2324 1572 2380 falsa;
1622 2325 1890 2379 fuissent.
1943 2323 2003 2378 in
2052 2322 2135 2378 rei
2176 2344 2192 2364 ο

486 2410 829 2468 memoriam
863 2412 1094 2468 aeternis
1124 2414 1523 2473 monumentis
1554 2414 1907 2486 scriptisque
1940 2410 2135 2468 consi-

484 2502 713 2571 gnatas,
770 2519 793 2547 ι
824 2498 965 2571 sole,
1012 2505 1073 2556 ut
1119 2502 1509 2574 Hieronymus
1538 2502 1638 2571 ait,
1689 2502 2072 2569 clarioribus;
2106 2522 2134 2550 ››

486 2605 604 2645 non
634 2588 799 2644 video
831 2589 971 2661 quid
1005 2594 1284 2662 praterea
1310 2590 1456 2648 velle
1484 2596 1726 2665 possent
1756 2592 1827 2647 ad
1862 2607 1983 2647 rem
2015 2590 2136 2645 fac-

488 2676 565 2734 tis
596 2678 1111 2751 comprobandam,
1143 2680 1192 2735 si
1225 2682 1397 2737 modo
1426 2697 1494 2737 ex
1530 2697 1697 2753 aequo
1719 2680 1986 2751 judicare
2015 2678 2137 2734 vel-

488 2764 633 2833 lent,
666 2782 770 2821 nec
820 2766 996 2823 ﬁdem
1035 2785 1276 2840 prorsus
1325 2786 1558 2825 omnem
1608 2769 1945 2825 hominibus
1976 2768 2136 2823 dero.

489 2870 646 2927 gare.
677 2855 902 2911 Rursus
933 2857 1003 2911 de
1032 2858 1239 2913 eadem
1272 2858 1674 2930 persecutione
1722 2858 1805 2914 ita
1835 2857 2035 2913 scribit
2065 2856 2136 2911 ad

491 2942 719 3017 plebem
750 2943 1191 3002 Thibaritanam
1220 2947 1331 3019 (15)
1366 2965 1381 3007 :

565 3055 586 3082 ιι
619 3032 763 3088 Nam
814 3049 949 3089 cum
998 3033 1231 3091 Domini
1260 3035 1607 3092 instruentis
1657 3034 1992 3108 dignatione
2021 3034 2138 3092 ins-

486 3120 743 3193 tigemur
770 3122 1006 3193 saepius,
1039 3122 1292 3194 amplius
1324 3127 1382 3179 et
1410 3124 1872 3190 admoneamur;
1906 3123 1979 3178 ad
2007 3138 2137 3177 ves-

2236 548 2458 603 viderat
2488 547 2851 603 calamitates
2871 546 3402 602 ethristianorum
3418 545 3642 612 funera,
3663 561 3724 600 ex
3737 544 3846 602 sola

2233 636 2455 691 oritura
2485 652 2613 692 esse
2644 636 3045 707 persecutione
3077 634 3190 691 sibi
3222 633 3388 690 facile
3419 633 3719 705 persuasit.

2306 724 2576 780 Vidimus
2606 716 2890 781 hactenus
2922 740 3099 796 quam
3119 724 3453 794 frequentes
3484 728 3540 779 et
3561 722 3849 779 familiares

2233 813 2519 886 Cypriano
2551 813 2771 869 fuerint
2800 813 3064 870 caelestes
3090 811 3472 869 revelationes
3505 829 3519 868 :
3576 811 3849 868 videamus

2238 903 2411 959 modo
2442 903 2501 958 in
2533 919 2708 974 quam
2740 908 2979 959 sanctus
3011 904 3226 975 Martyr
3254 902 3525 958 fiduciam
3569 918 3637 958 ex
3674 919 3853 958 earum

2239 992 2565 1063 frequentia
2593 992 2766 1047 fuerit
2796 992 3125 1048 adductus:
3182 996 3239 1047 et
3266 1008 3461 1047 annon
3500 990 3625 1062 ipse
3677 992 3853 1063 etiam,

2234 1081 2392 1136 haud
2425 1096 2595 1136 secus
2626 1097 2692 1136 ac
2723 1085 3010 1152 Perpetua
3039 1097 3104 1136 eo
3136 1096 3198 1136 se
3230 1080 3403 1135 modo
3433 1079 3677 1152 gesserit
3703 1080 3855 1152 quasi

2235 1169 2537 1241 Spiritum,
2572 1174 2842 1225 sanctum
2874 1168 3053 1224 veluti
3084 1168 3302 1225 monile
3333 1169 3627 1240 quoddam
3659 1169 3710 1224 in
3736 1185 3858 1225 arca

2235 1258 2531 1313 inclusum
2556 1275 2684 1324 sua,
2706 1257 3013 1313 habuisset
3050 1258 3122 1313 ad
3150 1257 3856 1329 nutum,ejusillustratio-

2234 1347 2433 1413 nibus,
2449 1347 2681 1418 quando
2694 1346 2867 1402 vellet
2883 1363 3100 1402 usurus
3114 1346 3185 1401 ad
3204 1346 3535 1402 arbitrium.
3549 1345 3702 1403 Talis
3721 1346 3858 1403 ﬁduo

2235 1434 2333 1490 cia:
2349 1437 2388 1490 l
2401 1436 2503 1491 20
2526 1434 2760 1507 signum
2777 1439 2867 1491 est
2890 1435 3175 1491 securitas
3191 1434 3312 1503 illa,
3328 1451 3505 1506 quam
3521 1435 3859 1507 praeferebat,

2238 1540 2353 1579 non
2386 1523 2719 1578 defuturam
2754 1524 2866 1579 sibi
2925 1522 3218 1580 cmlestem
3268 1521 3697 1591 revelationem,
3742 1540 3863 1596 quas

2234 1616 2470 1683 tempus
2486 1612 2557 1667 ad
2574 1612 2829 1668 reditum
2844 1616 3239 1684 opportunum
3254 1613 3701 1681 demonstraret;
3718 1614 3864 1684 quod

2226 1702 2354 1773 jam
2388 1705 2560 1756 autea
2590 1706 2679 1757 est
2737 1701 2905 1757 nobis
2936 1701 3436 1759 animadversum.
3499 1701 3662 1759 Nunc
3715 1701 3862 1759 aliud

2110 1807 2123 1845 :
2159 1829 2205 1893 B
2235 1807 2351 1846 non
2402 1788 2599 1845 minus
2632 1789 3007 1862 perspicuum
3071 1791 3361 1862 proferam
3392 1789 3452 1845 in
3508 1790 3706 1846 eadem
3753 1807 3866 1847 rem

2242 1882 2675 1951 argumentum.
2711 1878 3069 1935 Gravissima
3121 1878 3223 1935 illa
3243 1878 3489 1951 epistola
3509 1896 3626 1951 qua
3656 1880 3869 1937 Floren-

2241 1968 2390 2024 tium
2421 1966 2773 2038 Pupianum,
2796 1966 2986 2023 virum
3009 1967 3352 2024 seditiosum
3374 1985 3440 2025 ac
3456 1967 3872 2039 turbulentum,

2242 2055 2755 2113 vehementissime
2796 2057 3090 2128 objurgat,
3149 2057 3201 2112 ei
3232 2058 3472 2113 tandem
3528 2057 3767 2125 veniam,
3823 2059 3873 2113 si

2244 2144 2568 2217 resipiscat,
2624 2144 2734 2200 hac
2794 2146 3128 2202 conditione
3189 2145 3526 2218 promittit:
3605 2146 3653 2202 si
3729 2146 3876 2203 Deus

2244 2233 2306 2289 id
2357 2232 2678 2305 permittat,
2714 2237 2772 2288 et
2803 2232 2999 2306 aliquo
3058 2232 3325 2291 sensibili
3372 2234 3541 2307 signo
3583 2251 3745 2291 suam
3775 2235 3877 2292 hac

2245 2322 2317 2377 de
2349 2337 2409 2377 re
2463 2321 2813 2377 sententiam
2871 2321 3351 2395 voluntatemque
3386 2322 3670 2395 significet
3721 2324 3875 2395 (i7):

2244 2432 2273 2461 ‹‹
2308 2409 2369 2465 Si
2427 2409 2773 2466 temeritatis
2845 2415 2902 2466 et
2958 2411 3248 2483 superbiae
3331 2415 3508 2483 atque
3564 2411 3877 2468 insolentiis

2245 2502 2363 2555 tute
2415 2514 2584 2570 agere
2625 2498 2713 2554 vel
2764 2515 2891 2555 sero
2920 2499 3325 2572 paenitentiam
3370 2500 3679 2572 cceperis...
3735 2517 3883 2557 com-

2247 2586 2660 2644 municationis
2746 2591 2858 2644 tuae
2896 2590 3212 2661 poterinus
3269 2590 3485 2646 habere
3567 2589 3882 2647 rationem:

2248 2680 2519 2732 manente
2575 2680 2773 2732 tamen
2832 2679 2987 2751 apud
3043 2680 3164 2735 inos
3222 2678 3428 2734 divinae
3487 2695 3744 2736 censura
3794 2695 3885 2735 re-

2247 2769 2447 2838 spectu
2490 2770 2547 2821 et
2602 2770 2762 2822 metu
2797 2771 2903 2835 gut
2928 2766 3093 2839 prius
3123 2767 3440 2823 Dominum
3486 2783 3681 2824 meum
3739 2783 3889 2823 con-

2254 2853 2468 2918 sulam,
2500 2871 2575 2910 an
2605 2854 2714 2910 tibi
2764 2871 2966 2927 pacem
2998 2856 3141 2925 dari,
3177 2861 3235 2913 et
3264 2860 3319 2912 te
3359 2857 3433 2913 ad
3492 2856 3888 2913 communica-

2255 2939 2476 2996 tionem
2516 2940 2783 2997 Ecclesiae
2815 2942 3066 3012 admitti,
3090 2960 3199 2999 sua
3248 2943 3581 3000 ostensione
3603 2949 3659 3000 et
3689 2945 3892 3001 admo-

2248 3028 2405 3085 tione
2434 3030 2758 3101 permittat.
2788 3030 3024 3087 Memini
3075 3033 3251 3104 enim,
3286 3033 3427 3105 quid
3448 3034 3576 3105 jam
3608 3033 3754 3088 mihi
3811 3033 3899 3089 sit

2250 3123 2577 3191 ostensum,
2610 3118 2729 3175 imo
2757 3120 2898 3192 quid
2920 3137 3083 3178 servo
3106 3122 3454 3194 obsequenti
3472 3127 3529 3179 et
3550 3122 3797 3191 timenti,
3818 3123 3899 3178 de

487 3214 641 3265 tram
694 3225 924 3281 quoque
978 3211 1390 3268 conscientiam
1450 3211 1868 3268 admonitionis
1923 3215 2137 3267 nostrae
2166 3194 2210 3261 C
2249 3207 2547 3263 dominica
2575 3211 2633 3263 et
2662 3207 2859 3264 divina
2886 3209 3227 3267 auctoritate
3257 3216 3629 3284 praeceptum,
3664 3210 3762 3283 qui
3802 3211 3902 3266 in-

491 3296 945 3355 sollicitudinem
978 3300 1231 3371 perferre
1248 3301 1549 3356 debemus.
1571 3301 1727 3356 Scire
1743 3300 1899 3355 enim
1916 3300 2139 3356 debetis

494 3390 553 3444 et
578 3403 682 3458 pro
714 3390 866 3443 certo
897 3389 1131 3444 credere
1170 3405 1236 3444 ac
1267 3393 1482 3458 tenere,
1518 3405 1804 3461 pressurae
1853 3388 2009 3443 diem
2038 3405 2137 3444 su-

495 3491 598 3549 per
626 3480 802 3548 caput
843 3493 970 3532 esse
1000 3478 1336 3549 coepisse....
1369 3478 1483 3533 Nec
1531 3481 1810 3550 putamus
1842 3476 1985 3533 talia
2013 3492 2141 3533 esse

496 3581 627 3636 quze
656 3564 915 3632 veniunt,
950 3564 1146 3637 qualia
1176 3565 1413 3622 fuerunt
1442 3565 1543 3623 illa
1574 3583 1701 3638 quae
1735 3567 2092 3623 transierunt
2123 3581 2137 3620 :

494 3653 725 3726 gravior
770 3670 927 3709 nunc
974 3659 1031 3710 et
1078 3655 1323 3711 ferocior
1369 3672 1567 3729 pugna
1610 3655 1900 3712 imminet.
1939 3678 1969 3705 »
2014 3654 2139 3710 Non

496 3741 788 3798 immerito
840 3742 1141 3799 dubitatur
1186 3746 1477 3816 quomodo
1525 3745 1776 3801 Deciana
1821 3744 2050 3817 gravior
2087 3747 2144 3799 et

494 3829 741 3886 ferocior
783 3831 982 3886 futura
1028 3836 1183 3888 esset
1212 3832 1359 3889 Galli
1391 3833 1743 3906 persecutio,
1774 3850 1909 3889 cum
1941 3848 2144 3904 reapse

498 3919 727 3975 brevior
778 3919 951 3975 fuerit
1027 3924 1084 3976 et
1157 3920 1331 3994 longe
1388 3922 1621 3978 nitior?
1682 3922 1847 3977 Hunc
1922 3921 2142 3976 nodum

497 4007 582 4064 ita
610 4007 754 4064 solvi
785 4008 845 4064 in
898 4008 1134 4083 Dissert.
1168 4011 1239 4065 de
1288 4010 1492 4067 Posuit.
1525 4027 1628 4066 seu
1659 4012 1729 4066 de
1758 4010 1940 4082 Capit.
1974 4009 2142 4066 abso-

499 4097 605 4154 lut.
646 4098 757 4168 (16)
791 4113 804 4153 :
838 4113 952 4153 non
1002 4098 1259 4155 futuram
1309 4100 1483 4154 modo
1529 4098 1992 4171 persecutionem
2041 4098 2140 4153 sed

501 4191 561 4243 et
589 4186 787 4242 omnia
834 4186 1051 4259 pariter
1082 4188 1238 4244 mala
1284 4204 1411 4259 quae
1443 4204 1559 4243 non
1608 4188 1806 4243 minus
1854 4187 2142 4257 Ecclesiae,

500 4293 673 4349 quam
709 4274 1035 4349 reipublicae
1065 4276 1503 4349 impendebant,
1527 4276 1709 4332 fuisse
1736 4277 2021 4350 Cypriano
2053 4276 2146 4333 his

494 4364 821 4421 visionibus
879 4366 1299 4435 demonstrata,
1348 4365 1704 4437 irruptiones
1754 4365 1976 4422 scilicet
2014 4366 2148 4421 Bar-

497 4455 797 4520 barorum,
828 4453 1080 4526 indeque
1111 4458 1342 4511 secutas
1387 4454 1854 4511 Christianorum
1888 4470 2051 4526 eaque
2079 4471 2146 4511 ac

498 4543 819 4599 Gentilium
870 4543 1235 4615 captivitates

503 4648 630 4704 quae
661 4630 777 4687 late
826 4647 925 4701 per
968 4631 1279 4704 imperium
1325 4633 1656 4689 Romanum
1702 4638 1970 4706 grassata
2016 4637 2143 4701 est;

502 4721 672 4790 cujus
705 4719 843 4775 mali
896 4720 1272 4777 acerbitatem
1301 4726 1358 4776 et
1405 4720 1865 4779 innumerabiles
1896 4725 2144 4793 strages,

501 4826 637 4866 cum
678 4813 917 4865 sanctus
945 4809 1071 4882 ipse
1117 4810 1461 4883 Cyprianus,
1508 4815 1635 4866 tum
1667 4811 1910 4867 Pontius
1955 4809 2146 4867 diaco-

503 4916 616 4955 nus
674 4901 730 4954 in
777 4899 906 4970 ejus
964 4898 1109 4967 Vita,
1164 4902 1295 4955 tum
1351 4899 1447 4955 alii
1500 4904 1769 4957 auctores
1819 4899 2146 4972 deplorant.

500 4988 628 5044 Haec
657 4987 837 5060 igitur
877 4986 1116 5059 aliaeque
1163 4988 1527 5045 calamitates
1558 5006 1691 5045 cum
1742 4988 2148 5061 persecutione

497 5074 820 5149 conjunctae
869 5076 1015 5133 Galli
1071 5082 1129 5133 et
1181 5077 1484 5135 Volusiani
1534 5076 1845 5149 imperium
1896 5077 2148 5132 Deciano

498 5166 669 5239 longe
750 5165 985 5239 gravius
1060 5166 1406 5224 Christianis
1473 5166 1809 5222 effecerunt.
1883 5165 2149 5238 Cumque

499 5271 616 5310 non
711 5271 915 5311 omnes
1007 5256 1297 5312 malorum
1390 5270 1580 5311 causai
1662 5254 1816 5311 clare
1909 5258 1967 5311 et
2061 5254 2149 5311 di-

602 5434 689 5506 13)
722 5434 905 5506 Epist.
938 5450 1070 5506 Lvu,
1097 5431 1319 5506 al._LIv_.

600 5491 687 5579 14)
722 5491 940 5579 Dissert
966 5504 1031 5558 de
1058 5491 1362 5579 'Vz's_iom'b.,
1395 5506 1502 5560 etc.
1530 5502 1560 5575 §
1591 5505 1676 5560 19.

599 5574 691 5648 l5)
721 5577 1092 5648 Epist._lLVIlI,
1124 5574 1200 5633 al.
1231 5591 1341 5632 ινι.

600 5584 691 5721 ἒὲἰ

2248 3300 2337 3352 ter
2363 3301 2572 3352 caetera
2602 3313 2729 3369 quas
2768 3299 3071 3354 ostendere
3100 3304 3156 3354 et
3186 3298 3442 3355 revelare
3484 3300 3759 3373 dignatus
3806 3302 3908 3355 est

2249 3390 2308 3441 et
2335 3385 2446 3440 hoc
2479 3385 2703 3441 addidit
2735 3402 2748 3440 :
2785 3407 2814 3435 ››
2859 3387 3061 3459 Itaque
3118 3388 3218 3460 qui
3274 3388 3504 3445 Christo
3540 3406 3652 3444 non
3712 3389 3909 3445 credit

2251 3474 2613 3530 sacerdotem
2639 3474 2894 3545 facienti,
2925 3479 3128 3547 postea
3160 3476 3395 3534 credere
3426 3477 3662 3551 incipiet
3702 3493 3910 3533 sacer-

2251 3563 2445 3619 dotem
2476 3562 2821 3619 vindicanti.
2857 3586 2887 3614 ››
2917 3564 3140 3628 Quibus
3165 3565 3353 3621 sancti
3387 3565 3659 3639 Martyris
3706 3566 3913 3625 verbis

2252 3651 2373 3707 haec
2403 3652 2641 3723 subjicit
2668 3652 3009 3710 Dodwellus
3039 3654 3156 3726 (18)
3185 3672 3199 3711 :

2324 3762 2353 3790 «
2385 3740 2468 3795 ita
2497 3745 2663 3797 erant
2690 3742 3026 3814 frequentes
3056 3758 3124 3799 ea
3151 3747 3315 3800 aetate
3343 3743 3550 3800 divinae
3595 3742 3924 3800 revelatio-

2252 3844 2375 3898 nes,
2409 3835 2474 3883 ut
2505 3846 2577 3884 ne
2606 3830 2678 3886 de
2700 3830 3079 3902 resipiscente
3103 3831 3339 3903 quidem
3359 3832 3926 3905 Pupiano'polliceri

2253 3917 2495 3973 auderet
2524 3919 2663 3989 quid
2698 3922 2853 3975 esset
2871 3925 3154 3989 staturus,
3180 3937 3251 3977 ne
3273 3920 3431 3977 aliud
3454 3922 3700 3979 fortasse
3722 3940 3758 3978 a
3789 3927 3930 3981 Deo

2246 4006 2594 4077 juberetur:
2626 4011 2691 4062 ut
2720 4008 2900 4064 Deum
2929 4009 3173 4081 proinde
3200 4010 3456 4081 primum
3483 4011 3754 4067 innueret
3774 4027 3933 4068 esse

2255 4094 2717 4165 consulendum;
2746 4100 2809 4151 ut
2837 4099 3069 4153 tandem
3122 4098 3217 4153 Dei
3249 4099 3310 4155 in
3360 4098 3633 4156 rebellem
3664 4117 3934 4173 pcenam

2257 4188 2638 4255 exspectaret,
2661 4184 2838 4241 talem
2858 4185 3029 4257 plane
3042 4186 3277 4259 qualem
3291 4188 3747 4260 apostolicarum
3771 4206 3939 4246 cen-

2256 4288 2532 4328 surarum
2581 4273 2857 4329 comitem
2915 4274 3117 4344 fuisse,
3185 4277 3339 4348 apud
3397 4277 3597 4333 doctos
3648 4277 3710 4332 in
3772 4294 3949 4334 con-

2254 4359 2408 4415 fesso
2438 4364 2547 4415 est.
2584 4361 2799 4417 Iterum
2831 4363 2902 4418 de
2923 4364 3280 4437 presbyteris
3309 4364 3405 4436 qui
3449 4381 3512 4421 se
3567 4364 3951 4422 inconsulto

2255 4448 2438 4520 lapsis
2502 4450 3098 4508 communicaverant.
3158 4474 3187 4503 «
3216 4452 3375 4519 Utar,
3423 4453 3617 4525 inquit
3673 4453 3820 4526 (49),
3862 4471 3963 4511 ea

1296 4560 1309 4599 :
1367 4547 1425 4599 et
1474 4544 1939 4600 lunestissimam
1987 4543 2143 4600 luem
2177 4562 2222 4626 Β
2257 4536 2657 4626 admonitione
2716 4556 2833 4611 qua
2890 4556 2985 4596 me
3012 4540 3299 4598 Dominus
3320 4542 3513 4614 jubet,
3548 4546 3615 4598 ut
3669 4541 3958 4600 interim

2255 4624 2677 4697 prohibeantur
2698 4628 2915 4698 oﬁ‘erri,
2945 4633 3054 4686 etc.
3087 4650 3116 4680 »
3151 4630 3278 4686 Non
3311 4630 3621 4703 ignorabat
3662 4630 3963 4703 Cypria-

2256 4730 2366 4769 nus
2388 4714 2676 4784 ejusmodi
2698 4715 2949 4773 visiones
2969 4716 3109 4773 viris
3122 4718 3320 4790 impiis
3332 4734 3400 4775 ac
3411 4718 3746 4776 temerariis
3763 4735 3821 4791 ,q
3834 4736 3877 4775 ιι
3889 4739 3983 4776 a-

2261 4803 2347 4858 les
2378 4803 2547 4860 modo
2578 4821 2694 4860 non
2723 4821 2942 4878 paucos
2986 4807 3339 4878 experimur,
3397 4807 3656 4864 ludibrio
3686 4812 3752 4864 et
3782 4825 3982 4866 con-

2266 4891 2516 4964 temptui
2544 4892 2745 4950 haberi
2781 4912 2795 4963 ;
2841 4896 2944 4951 sed
2967 4895 3110 4951 adeo
3141 4898 3339 4953 tamen
3378 4912 3482 4969 pro
3538 4901 3699 4954 certo
3753 4897 3996 4957 habe-

2260 4981 2361 5036 bat
2388 4997 2529 5037 suas
2557 4999 2627 5038 ex
2656 4983 2773 5040 Deo
2803 5000 2932 5040 esse
2989 4984 3373 5041 revelationes
3430 4990 3496 5042 ut
3532 4985 3682 5042 nihil
3719 4986 3802 5042 de
3853 4988 3996 5046 fu-

2257 5068 2407 5124 turis
2435 5071 2655 5127 eventis
2705 5072 3039 5130 dubitaret:
3072 5078 3129 5130 et
3157 5090 3272 5131 non
3303 5072 3495 5131 solum
3529 5074 3759 5148 quibus
3806 5076 3996 5147 jam

2258 5157 2443 5214 fuerat
2471 5160 2720 5217 donatus
2750 5161 3071 5234 publicare,
3108 5164 3209 5220 sed
3260 5180 3440 5222 novas
3493 5165 3672 5221 etiam
3726 5164 3996 5237 palam

2259 5246 2372 5304 sibi
2403 5248 2743 5320 promittam
2772 5250 3015 5308 minime
3051 5255 3358 5321 vereretur,
3414 5254 3569 5311 unde
3596 5253 3659 5309 in
3724 5254 3996 5315 eadem

2471 5428 2804 5513 Epistanvx,
2835 5429 2920 5513 al.
2948 5447 3104 5513 Lina.

2358 5501 2445 5577 id)
2469 5501 2713 5577 Dissert.
2746 5518 2803 5558 iv
2830 5502 3193 5577 Cyprianica,
3219 5502 3249 5577 ἓ
3275 5502 3367 5577 20.

2340 5571 2453 5645 (19)
2478 5572 2783 5646 Epist.xv1,
2816 5571 2892 5633 al.
2911 5571 2978 5631 ἰ.
