4064 6154
331 228 449 302 127

1477 247 2000 312 DISSERTATIO
2040 252 2585 321 APOLOGETICA

3612 261 3733 324 128

331 409 448 448 non
490 399 716 466 poterat
761 394 899 451 iniri
951 396 1398 467 charismatum,
1452 415 1580 470 qua;
1629 416 1731 472 per
1779 404 1968 458 totum
1998 390 2054 458 Α
2155 389 2376 453 Quibus
2405 391 2577 464 addo,
2609 392 2671 450 in
2699 393 2890 466 jopere
2945 390 3139 449 italico
3194 389 3496 450 illustriss.
3529 395 3588 450 et
3643 392 3731 450 Cl.

329 483 616 538 mundum
642 482 897 541 Ecclesia
921 503 955 541 a
987 491 1098 543 Deo
1130 486 1507 558 recipiebat?
1543 511 1571 537 ››

971 618 1200 674 CAPUT
1239 619 1298 673 V.

320 721 474 760 NIHIL
533 721 592 760 IN
641 693 951 761 PERPETUKZ
971 723 1449 764 REVELATIONIBUS
1469 726 1796 774 CONTINERI,
1817 728 1970 774 QUOD

355 793 415 831 IN
447 793 799 831 CATHOLICAM
830 795 1145 834 MARTYRIM
1178 797 1292 835 NON
1323 797 1576 836 APPRIME
1599 798 1934 838 CONVBNIAT.

327 885 370 941 Ι.
415 884 538 958 Non
587 882 799 958 dedecet
859 885 1142 942 Christum
1212 889 1504 943 Dominum
1567 891 1802 958 pastoris
1852 905 1971 945 oves

391 953 688 1030 mulgentis
737 956 936 1025 ﬁgura.
990 958 1059 1012 lI.
1107 958 1224 1026 Qua
1270 961 1483 1014 ratione
1525 953 1593 1013 ea:
1639 962 1823 1030 prima
1869 977 1970 1016 sua

395 1026 723 1082 reuelatione
761 1033 1037 1096 Perpetua
1065 1039 1295 1086 mortem
1334 1032 1445 1085 sibi
1484 1026 1774 1088 imminere
1811 1033 1971 1088 intel-

393 1096 551 1150 lexit.
584 1099 628 1152 ll
641 1099 677 1153 l.
709 1099 868 1155 Nihil
899 1101 1126 1155 absurdi
1151 1104 1210 1156 in
1251 1103 1350 1156 illa
1389 1102 1720 1158 reuelatione
1788 1107 1969 1159 conti-

391 1169 535 1233 neri,
585 1185 692 1242 qua
732 1170 841 1225 sibi
872 1172 1144 1242 Perpetua
1191 1174 1304 1229 visa
1352 1180 1435 1227 est
1477 1190 1600 1227 cum
1649 1175 1865 1230 diabolo
1909 1176 1970 1230 in

387 1241 696 1316 masculum
725 1241 985 1297 conversa
1016 1243 1233 1298 luctari.
1297 1243 1386 1299 IV.
1445 1245 1632 1316 Inepta
1680 1249 1970 1316 Perpetuw

389 1311 786 1367 revelation-um
834 1330 960 1368 cum
1028 1317 1492 1370 Montanistarum
1537 1311 1969 1372 'reivelationibus

387 1385 750 1457 comparatio.
811 1385 876 1438 V.
945 1386 1090 1457 l’isio
1133 1391 1420 1457 Perpetua
1446 1386 1511 1441 de
1576 1388 1866 1443 Dinocrate
1907 1391 1967 1443 in

387 1456 560 1529 poenis
587 1457 897 1529 constituto.
916 1456 1025 1529 _VI.
1059 1456 1325 1529 Basnagii
1357 1457 1611 1513 adversus
1635 1459 1969 1529 praedictam

393 1526 656 1602 gisionem
710 1527 1090 1602 difﬁcultates.
1124 1526 1470 1602 VlliLocam
1521 1526 1686 1585 illum
1735 1531 1797 1584 in
1864 1546 1967 1602 quo

390 1595 735 1672 Qinocratem
786 1595 1054 1672 Perpetua
1105 1599 1264 1672 vidit,
1307 1601 1480 1670 fuisse
1545 1595 1962 1672 purgatoriiim.

389 1667 659 1737 Basnagii
670 1667 1051 1725 cavillationes
1069 1667 1509 1726 retundantur]
1522 1667 1800 1727 2'3.Vlll.
1816 1673 1964 1728 Mon-

2083 480 2372 535 senatoris
2402 481 2656 554 Philippi
2681 481 3038 553 Buonarotti,
3057 482 3227 554 cujus
3245 480 3455 537 titulus
3489 498 3502 536 :
3527 482 3730 540 Osser-

2083 568 2304 622 vazioni
2337 586 2506 642 sopra
2539 571 2731 628 alcuni
2763 571 3120 627 Frammenti
3152 571 3209 626 di
3237 570 3376 627 Vasi
3405 571 3626 628 antichi
3669 573 3731 650 di_

2081 660 2241 712 vetro
2271 659 2460 714 ornati
2491 660 2551 714 di
2585 661 2792 733 ﬁgure,
2824 660 3030 717 trovati
3053 659 3402 717 ne’cimiteri
3424 661 3482 717 di
3507 661 3722 731 Roma;

2083 746 2251 818 plura
2283 764 2517 806 cernere
2545 766 2673 806 esse
2714 755 2974 806 veterum
3032 749 3281 806 calicum
3338 755 3544 824 ectypa
3599 750 3724 807 haec

2080 835 2292 892 Christi
2326 838 2538 910 ﬁgura,
2570 840 2680 895 sub
2710 839 2846 895 boni
2877 838 3125 911 pastoris
3157 838 3386 905 habitu,
3418 839 3724 912 insignita,

2080 925 2166 979 uti
2199 926 2314 980 tab.
2347 927 2402 994 5,
2438 927 2535 1000 fig.
2566 932 2601 982 2
2629 933 2688 984 et
2714 929 2767 995 2,
2795 933 2852 984 et
2881 929 2999 984 tab.
3031 930 3084 996 6,
3121 929 3215 1000 fig.
3247 932 3300 984 2.
3356 927 3488 984 Vid.
3549 930 3728 986 etiam

2078 1013 2198 1068 tab.
2239 1015 2289 1086 1,
2324 1015 2423 1087 fig.
2458 1016 2509 1084 Ι,
2539 1021 2594 1074 et
2644 1018 2823 1072 labul.
2858 1020 2912 1085 4,
2969 1033 3278 1073 nummum
3337 1033 3552 1073 areum
3613 1035 3729 1075 ma-

2071 1102 2220 1174 joris
2265 1106 2443 1173 modi,
2487 1105 2659 1178 vulgo
2715 1106 3073 1178 Medagtione,
3126 1124 3192 1163 ex
3255 1111 3498 1178 utraque
3561 1113 3729 1180 parte

2083 1193 2276 1264 specie
2309 1194 2445 1249 boni
2474 1195 2722 1266 pastoris
2752 1195 3130 1267 insculptum,
3183 1213 3306 1267 quin
3365 1197 3565 1252 omnia
3617 1198 3720 1255 do-

2079 1282 2357 1339 ctissimis
2370 1284 2986 1342 observationibus.Cl.
3001 1289 3205 1342 auctor
3221 1284 3496 1342 illustrat.
3514 1287 3626 1344 Sed
3661 1288 3724 1344 in

2078 1387 2200 1426 rem
2234 1376 2491 1428 nostram
2514 1373 2764 1430 maxime
2795 1374 3017 1432 faciunt
3045 1391 3172 1447 quas
3203 1375 3272 1430 de
3296 1375 3484 1447 ﬁgura
3511 1379 3568 1442 2,
3594 1377 3726 1433 tab.

2077 1462 2132 1531 6,
2165 1460 2402 1516 disserit
2432 1461 2493 1518 in
2523 1463 2646 1518 haec
2674 1464 2846 1519 verba
2879 1479 2892 1518 :
2927 1486 2957 1513 ‹‹
2991 1463 3056 1520 In
3085 1467 3290 1535 questo
3348 1465 3721 1522 Frammento

2078 1549 2125 1604 si
2155 1551 2295 1605 vede
2327 1550 2367 1604 il
2395 1555 2590 1622 pastor
2620 1553 2812 1608 buono
2841 1552 2929 1608 fra
2957 1553 3071 1608 due
3101 1569 3328 1625 pecore,
3359 1569 3392 1608 o
3424 1553 3590 1610 arieti
3639 1555 3724 1612 co’

2077 1636 2233 1693 soliti
2263 1639 2440 1695 calcei
2471 1641 2528 1695 di
2559 1641 2711 1696 fasce
2743 1644 3124 1698 attraversate
3155 1658 3190 1697 a
3219 1641 3389 1713 spina
3417 1642 3477 1696 di
3524 1658 3721 1715 pesce.

392 1726 729 1826 lanistarum
760 1741 826 1796 de
849 1743 1201 1826 receptaculis
1221 1745 1533 1826 animarum
1555 1744 1826 1826 sententia
1852 1760 1960 1826 non

2073 1726 2129 1781 Si
2182 1728 2288 1783 dee
2343 1744 2640 1785 asservare
2707 1747 2741 1786 a
2798 1734 2964 1786 canto
3023 1730 3078 1787 al
3137 1730 3454 1787 medesimo
3521 1729 3726 1803 quella

390 1815 533 1891 recte
561 1830 591 1868 a
622 1814 1197 1891 Basnagiaeatposita.
1244 1816 1364 1870 Non
1402 1831 1573 1891 imam
1637 1817 1807 1886 [uisse
1863 1815 1965 1871 hac
1995 1814 2042 1826 “’
2073 1815 2445 1884 secchiolina,
2477 1835 2509 1874 ο
2540 1835 2672 1874 vaso
2705 1819 2763 1874 di
2793 1817 2949 1890 latte,
2974 1818 3028 1875 la
3057 1819 3228 1891 quale
3260 1819 3308 1875 si
3338 1821 3481 1876 vede
3509 1836 3724 1879 ancora

386 1880 454 1940 de
482 1901 541 1940 re
569 1880 882 1940 eorumdém
903 1880 1295 1941 haereticorum
1323 1880 1654 1958 opinionem.

387 2002 428 2057 Ι.
464 2001 728 2055 Alterum
762 2000 1042 2055 adversus
1071 2004 1354 2073 martyres
1384 2006 1798 2073 argumentum
1819 2007 1958 2058 Bas-

315 2090 524 2164 nagius
554 2088 808 2145 instituit
837 2103 902 2143 ex
918 2089 1090 2144 modo
1114 2089 1241 2160 ipso
1259 2094 1314 2145 et
1329 2090 1610 2160 qualitate
1631 2089 1960 2146 oblatarum

319 2179 612 2251 Perpetua:
633 2177 923 2232 visionum
947 2192 1074 2247 quas
1097 2177 1209 2247 ipsi
1239 2195 1353 2234 non
1376 2178 1647 2234 videntur
1663 2179 1806 2235 satis
1825 2195 1958 2235 cum

317 2267 598 2341 gravitate
629 2264 1009 2336 decentiaque
1042 2267 1358 2339 conjungi:
1395 2287 1423 2320 α
1453 2268 1632 2324 Homo
1664 2267 1722 2324 iu
1756 2267 1959 2324 habitu

318 2356 572 2429 pastoris
610 2356 682 2411 de
711 2370 900 2424 caseo,
933 2356 1086 2426 quod
1120 2355 1440 2429 mulgebat,
1475 2358 1637 2413 dedit
1667 2357 1959 2430 Perpetuis

317 2445 486 2518 quasi
517 2444 860 2500 buccellam.
890 2443 1034 2500 Hinc
1066 2444 1290 2517 colligit
1319 2445 1431 2501 sibi
1465 2450 1711 2502 mortem
1761 2446 1956 2501 immi-

317 2550 471 2590 nere.
505 2555 534 2584 »
550 2535 674 2590 Duo
692 2533 914 2589 scilicet
930 2534 990 2588 in
1014 2532 1124 2589 hac
1147 2535 1440 2606 Perpetua:
1455 2535 1678 2591 visione
1701 2534 1960 2591 censoria

315 2623 658 2680 auctoritate
689 2626 889 2678 notare
918 2621 1245 2695 Basnagius
1262 2622 1490 2679 videtur
1513 2640 1525 2678 :
1547 2623 1737 2696 primo
1757 2623 1960 2679 humi-

315 2711 432 2768 lem
462 2711 673 2766 Christi
713 2711 961 2783 ﬁguram
993 2711 1053 2766 in
1084 2711 1288 2767 habitu
1321 2712 1574 2783 pastoris
1619 2727 1751 2768 oves
1805 2710 1958 2766 mul-

317 2802 516 2875 gentis
539 2802 846 2869 :secundo,
867 2801 1022 2872 quod
1041 2801 1298 2856 oblatam
1318 2801 1610 2872 Perpetua:
1635 2799 1958 2856 buccellam

319 2894 606 2963 Perpetua
634 2894 692 2946 et
723 2891 970 2946 Saturus
1002 2889 1060 2944 in
1112 2890 1349 2961 signum
1397 2888 1724 2962 acceperint
1753 2890 1958 2945 futura:

317 2984 684 3124 mglzdsnulla
715 3066 860 3122 ratio
895 3071 1024 3122 erat
1052 3083 1157 3122 cur
1184 3066 1394 3122 horum
1424 3067 1622 3140 aliquo
1644 3067 1958 3124 oll‘endere-

2070 1903 2221 1960 nelle
2252 1905 2467 1977 pitturs
2496 1907 2587 1976 de,
2619 1907 2868 1964 cimiteri
2889 1908 3026 1980 (23),
3057 1925 3089 1965 e
3113 1908 3522 1980 specialmente
3566 1910 3726 1968 uella

2068 1993 2258 2050 tavola
2286 1995 2321 2051 3
2348 1994 2439 2050 del
2469 1999 2622 2052 sesto
2653 1995 2922 2052 cubiculo
2956 1996 3051 2053 del
3073 1997 3360 2054 cimiterio
3393 1997 3452 2054 di
3483 1997 3718 2068 Calisto,

2068 2098 2269 2152 presso
2325 2082 2703 2157 l'Arringhio,
2762 2084 2873 2140 ella
2921 2085 2972 2142 si
2997 2087 3134 2142 vede
3171 2089 3459 2144 attaccata
3510 2087 3580 2143 ad
3640 2103 3723 2145 un

2067 2163 2236 2243 pedo,
2269 2189 2301 2228 o
2334 2176 2624 2245 pastorale
2655 2178 2878 2230 temuto
2913 2174 2986 2230 da
3020 2191 3099 2231 un
3129 2175 3356 2249 agnello
3386 2193 3420 2232 a
3472 2175 3725 2250 giacere,

2068 2275 2171 2333 per
2190 2260 2441 2318 simbolo
2472 2261 2566 2319 del
2595 2263 2753 2320 buon
2783 2266 3012 2334 pastore
3035 2304 3051 2335 ,
3082 2263 3131 2319 a'
3163 2263 3320 2336 piedi
3338 2265 3432 2338 poi
3471 2265 3564 2324 del
3595 2283 3720 2325 me-

2067 2348 2291 2405 desimo
2340 2351 2497 2406 I24
2550 2354 2780 2422 pastore
2837 2351 2993 2408 nella
3050 2351 3290 2410 tavolai
3323 2352 3416 2410 del
3471 2356 3727 2414 secondo

2069 2437 2334 2493 cubiculo
2364 2439 2456 2494 del
2483 2438 2745 2496 cimitero
2771 2440 2829 2496 di
2861 2444 3029 2497 santa
3083 2441 3335 2516 Agnese,
3385 2442 3437 2499 si
3483 2444 3622 2501 vede
3677 2445 3721 2501 il

2069 2527 2214 2597 pedo
2244 2543 2350 2582 con
2384 2545 2463 2582 un
2502 2544 2663 2599 vaso,
2696 2545 2793 2584 ma
2820 2530 2878 2585 di
2915 2529 3106 2602 ﬁgura
3142 2531 3393 2598 diversa,
3426 2546 3457 2588 e
3483 2548 3594 2589 con
3638 2549 3720 2590 un

2035 2614 2294 2671 .manico
2327 2616 2402 2672 da
2435 2622 2612 2686 parte.
2645 2617 2840 2684 Questi
2873 2617 2994 2674 vasi
3056 2618 3144 2675 de’
3183 2619 3400 2692 pastori
3453 2621 3505 2676 si
3560 2621 3721 2680 dice-

2067 2717 2210 2760 vano
2239 2726 2264 2753 (ο
2299 2704 2578 2775 mulctraa,
2611 2722 2644 2761 o
2676 2705 3004 2763 mulctralia
3035 2707 3148 2780 (24)
3178 2729 3208 2760 ››
3244 2723 3258 2764 :
3289 2707 3348 2764 la
3377 2708 3512 2782 qual
3550 2713 3713 2768 sorta

2067 2790 2124 2845 di
2155 2808 2285 2848 vaso
2316 2793 2373 2848 in
2405 2793 2586 2850 Greco
2615 2793 2666 2850 si
2700 2794 3008 2852 chiamava
3039 2791 3240 2865 πέλλα,
3291 2797 3361 2854 ed
3390 2814 3491 2854 era
3520 2798 3717 2857 simile

2067 2877 2180 2936 allo
2238 2881 2403 2951 scit‘o,
2435 2898 2531 2938 ma
2559 2882 2619 2938 di
2651 2883 2826 2940 fondo
2855 2884 3134 2956 alquanto
3168 2885 3291 2958 piu,
3313 2885 3477 2960 largo
3509 2904 3541 2944 θ
3571 2888 3713 2961 pero

2066 2984 2181 3025 non
2211 2969 2664 3044 dissomigliante
2719 2978 2928 3046 troppo
2996 2973 3091 3030 dal
3149 2978 3372 3044 nostro,
3412 2991 3445 3032 e
3497 2979 3720 3036 serviva

2065 3059 2482 3130 spécialmente
2509 3078 2613 3134 per
2642 3077 2922 3135 mugnere
2958 3062 2999 3117 i1
3030 3063 3165 3119 latte
3219 3065 3352 3137 (55).
3403 3065 3504 3124 Un’
3566 3067 3714 3124 altro

311 3161 428 3212 tur.
460 3156 529 3210 Et
561 3156 632 3209 de
665 3155 852 3226 primo
879 3153 1115 3225 quidem
1148 3155 1474 3210 audiendus
1502 3157 1586 3212 CI.
1618 3155 1956 3213 Holstenius
1985 3155 2028 3224 C
2064 3163 2202 3204 V880
2259 3149 2319 3203 di
2371 3149 2512 3206 Ιοιιίθ
2589 3167 2688 3206 era
2746 3151 3041 3207 nominato
3098 3151 3234 3208 Sino
3260 3152 3398 3226 (26),
3457 3153 3499 3209 il
3549 3155 3718 3229 quale

314 3245 378 3301 in
408 3244 615 3303 Notis:
651 3266 678 3292 ‹‹
715 3247 1184 3316 Repraesentatus
1216 3247 1304 3299 est
1349 3247 1642 3316 Perpetuae
1691 3244 1958 3302 Christus

307 3351 376 3390 ea
410 3333 620 3402 forma,
681 3349 799 3404 qua
843 3332 1036 3404 pictus
1087 3333 1436 3388 cernebatur
1489 3333 1547 3388 in
1597 3333 1874 3390 oratoriis
1903 3338 1961 3390 et

309 3422 466 3480 vasis
496 3421 678 3479 sacris
700 3421 932 3478 illorum
956 3427 1308 3493 temporum.
1323 3422 1470 3478 Nam
1491 3437 1629 3477 cum
1651 3422 1962 3495 Evangelia

311 3511 552 3568 titulum
580 3516 637 3566 et
692 3527 1003 3582 personam
1059 3509 1308 3582 pastoris
1383 3511 1674 3583 praecipue
1729 3512 1959 3568 Christo

317 3601 656 3667 attribuant,
687 3601 1018 3672 gaudebant
1047 3601 1371 3672 primorum
1402 3604 1737 3672 temporum
1770 3601 1962 3658 Chris-

315 3689 460 3745 tiani
490 3689 642 3744 hanc
681 3689 808 3758 ejus
866 3687 1319 3744 amabilisimam
1377 3689 1631 3761 speciem
1672 3689 1956 3758 ﬁdelium,

317 3779 554 3835 nomine
573 3777 766 3834 ovium
790 3776 1008 3848 passim
1029 3777 1960 3850 designatorum,frequentissime

317 3867 505 3924 oculis
537 3867 811 3938 objicere.
847 3867 1036 3922 Habes
1066 3866 1125 3921 in
1158 3867 1326 3923 Roma
1377 3868 1738 3924 subterranea
1781 3867 1957 3936 Bosii,

313 3973 444 4030 pag.
476 3957 568 4024 59,
619 3959 676 4013 et
732 3949 1006 4028 deinceps
1037 3955 1254 4012 multas
1286 3956 1574 4030 imagines
1605 3973 1668 4014 ce
1700 3961 1961 4014 cmmete-

315 4046 535 4102 riorum
569 4045 969 4101 monumentis
1009 4062 1336 4118 expressas,
1392 4046 1452 4101 in
1511 4046 1728 4119 quibus
1780 4047 1962 4104 ferme

317 4135 592 4192 omnibus
623 4134 890 4191 Christus
920 4135 1174 4207 pastoris
1204 4135 1394 4208 specie
1423 4152 1556 4192 cum
1602 4135 1809 4192 ovibus
1831 4135 1958 4208 pin-

317 4225 496 4297 gitur.
534 4225 594 4280 In
627 4225 818 4296 prima
846 4223 1020 4279 etiam
1053 4223 1162 4280 hac
1192 4224 1322 4296 ipsa
1340 4224 1529 4281 forma
1549 4223 1644 4280 hic
1665 4239 1960 4294 expressa,

315 4311 568 4384 pastoris
608 4327 742 4367 oves
764 4309 1102 4382 mulgentis.
1118 4310 1248 4368 Non
1263 4327 1392 4366 raro
1415 4309 1591 4365 etiam
1614 4310 1962 4380 pingebatur

312 4401 502 4456 ferens
533 4401 591 4454 in
640 4399 902 4455 humeris
957 4403 1245 4471 repertam
1304 4414 1472 4457 ovem
1504 4414 1630 4468 quae
1689 4397 1958 4470 perierat,

307 4490 479 4562 juxta
508 4488 845 4560 parabolam
890 4487 1305 4561 evangelicam,
1358 4487 1534 4557 idque
1583 4485 1866 4558 praecipue
1897 4485 1956 4540 in

311 4577 615 4642 calicibus,
646 4577 801 4648 quod
862 4576 1080 4632 indicat
1127 4574 1524 4632 Tertullianus
1571 4574 1630 4630 in
1680 4575 1828 4632 libro
1884 4575 1957 4630 de

315 4666 605 4722 Pudicitia
669 4669 874 4722 contra
929 4663 1254 4720 Catholicos
1312 4663 1550 4736 scripta,
1609 4681 1735 4737 cap.
1765 4665 1820 4732 7,
1863 4663 1957 4720 his

309 4755 540 4813 verbis:
576 4777 604 4806 «
635 4757 679 4811 A
721 4753 1016 4828 parabolis
1044 4753 1242 4809 licebit
1270 4753 1539 4825 incipias,
1571 4753 1670 4810 ubi
1704 4757 1794 4810 est
1834 4753 1956 4810 ovis

312 4845 558 4918 perdita,
592 4862 626 4900 a
657 4850 768 4900 Deo
800 4843 1086 4916 requisita
1113 4846 1171 4898 et
1199 4840 1463 4898 humeris
1511 4843 1640 4913 ejus
1691 4846 1954 4911 revecta;

312 4935 629 5008 procedant
676 4935 816 5007 ipsis
872 4934 1113 5004 pictum
1175 4931 1425 4987 calicum
1501 4939 1845 4999 vestrorum,
1905 4932 1957 4987 si

311 5023 398 5080 vel
426 5025 484 5080 io
516 5023 632 5079 illis
683 5021 1002 5095 perlucebit
1030 5019 1422 5091 interpretatio
1479 5019 1719 5090 pecudis
1775 5018 1953 5087 illius,

309 5118 420 5170 etc.

382 5256 495 5329 (23)
526 5261 639 5329 Arr
659 5254 821 5329 ingh.
872 5252 1072 5329 tab_._
1093 5250 1324 5329 _cub.‘3,
1354 5253 1530 5306 Cmm.
1562 5249 1798 5306 Callisti.

381 5323 494 5397 (24)
529 5323 935 5397 Ξθι-νὶᾰεορζδει
963 5323 1224 5397 1_’Egloga
1251 5323 1302 5378 3.

407 5394 738 5474 ὥρμει]βο
770 5396 910 5463 LXI,
945 5394 1176 5474 c_l_._lti.’
1255 5466 1289 5474 _
1353 5463 1400 5474 u
1486 5462 1498 5474 .

407 5402 476 5453 ‘35
519 5401 738 5453 Ateneo
770 5400 910 5463 LXI,
945 5400 1016 5450 cl.
1050 5400 1136 5448 14.

384 5400 498 5542 $26;
530 5468 947 5542 Serviosopro
971 5465 1230 5542 I’Egloga
1255 5466 1310 5520 7.
1353 5462 1558 5542 l‘l_onig,
1591 5479 1640 5518 c.

386 5533 498 5612 (27)
531 5533 863 5612 Tertull._t{e
913 5533 1310 5612 Spectacfcap.
1352 5537 1438 5612 2_5.
1501 5533 1765 5592 Cornelio
1820 5551 1956 5612 app-

306 5608 520 5675 Euseb.
553 5611 737 5668 Hister
771 5609 869 5669 lib.
925 5608 1007 5682 vi,
1049 5626 1176 5684 cap.
1229 5609 1315 5667 43.
1373 5608 1608 5681 Dionys.
1667 5622 1802 5680 app.
1846 5608 1952 5664 Eu.

2069 3237 2319 3292 secondo
2347 3237 2403 3294 la
2455 3239 2609 3295 lorza
2650 3239 2746 3296 del
2788 3256 2961 3297 nomo
2991 3240 3118 3297 sara
3169 3245 3317 3298 stato
3349 3242 3450 3314 piu
3495 3246 3718 3318 grande

2067 3324 2158 3381 del
2185 3330 2388 3382 nostro
2418 3327 2641 3400 piccolo
2668 3345 2834 3398 vaso,
2867 3333 3000 3397 etc.,
3034 3333 3141 3386 etc.
3181 3351 3210 3381 ››
3258 3331 3327 3387 Et
3355 3331 3510 3389 infra
3542 3350 3556 3391 :
3607 3334 3715 3392 Per

2068 3418 2305 3471 tornare
2336 3415 2392 3470 al
2423 3421 2618 3473 nostro
2667 3416 2888 3490 piccolo
2919 3435 3058 3474 vaso
3089 3419 3146 3475 di
3204 3418 3345 3476 lattc
3373 3426 3612 3479 accanto
3659 3422 3716 3479 al

2069 3504 2222 3559 buon
2250 3514 2502 3575 pastore,
2536 3505 2590 3562 io
2621 3506 2676 3562 lo
2699 3507 2870 3563 credo
2902 3507 3044 3564 fatto
3074 3525 3191 3564 non
3223 3508 3348 3566 solo
3378 3527 3482 3584 per
3527 3513 3712 3568 conti-

2069 3592 2348 3649 nuazione
2377 3593 2509 3650 dell’
2538 3593 2813 3668 allegoria
2855 3594 2967 3652 alle
2991 3612 3123 3654 cose
3153 3598 3467 3670 pastorali,
3500 3616 3594 3657 ma
3650 3600 3712 3657 in

2069 3680 2234 3753 oltre,
2265 3681 2320 3738 lo
2346 3683 2580 3754 giudico
2611 3685 2779 3757 quasi
2801 3701 2904 3757 per
2934 3701 3050 3742 una
3080 3686 3286 3760 ﬁgura,
3319 3687 3409 3745 del
3467 3688 3714 3746 divinis-

2069 3771 2216 3828 limo
2247 3777 2615 3830 sacramento
2671 3773 2805 3830 dell’
2834 3773 3034 3844 altare,
3085 3792 3116 3832 e
3165 3775 3258 3832 cio
3293 3793 3452 3850 pare,
3512 3778 3620 3835 cbe
3662 3779 3716 3836 si

2070 3859 2243 3916 ricavi
2269 3861 2422 3933 dain
2451 3861 2552 3919 alti
2584 3863 2976 3920 antiohissimi
2994 3863 3143 3921 delle
3177 3870 3348 3922 sante
3376 3866 3663 3940 Perpetua
3685 3883 3718 3926 ο

2070 3949 2325 4018 Felicita,
2357 3951 2500 4008 dove
2530 3951 2580 4009 si
2611 3952 2738 4008 dice
2768 3953 2874 4009 che
2902 3957 3070 4010 santa
3098 3954 3382 4027 Perpetua
3411 3956 3601 4014 riceve
3649 3957 3716 4015 in

2068 4038 2290 4096 visione
2320 4039 2414 4096 dal
2449 4041 2645 4097 divino
2677 4046 2910 4114 pastore
2937 4042 3031 4099 del
3052 4041 3192 4100 latte
3225 4061 3239 4102 :
3275 4065 3305 4097 ιι
3326 4044 3394 4101 Ει
3423 4045 3498 4102 de
3539 4063 3714 4104 caseo

2071 4129 2224 4200 quod
2259 4128 2576 4202 mulgebat,
2608 4131 2764 4186 dedit
2794 4130 2937 4186 mihi
2969 4133 3136 4203 quasi
3164 4132 3582 4204 buccellam,et
3608 4151 3719 4209 ego

2069 4217 2265 4288 accepi
2290 4218 2512 4286 junctis
2543 4218 2816 4279 manibus
2845 4223 2904 4275 et
2931 4221 3300 4291 manducavi,
3351 4228 3409 4280 et
3455 4225 3720 4282 universi

2070 4305 2522 4362 circumstantes
2552 4307 2846 4378 dixerunt,
2873 4312 3076 4365 Amen.
3109 4329 3140 4360 »
3172 4311 3472 4381 Funzioni,
3503 4313 3573 4369 ed
3608 4315 3716 4370 atti

2068 4393 2247 4450 divoti
2268 4393 2424 4451 soliti
2445 4395 2746 4468 praticarsi
2778 4395 2868 4452 da’
2898 4396 3171 4456 Cristiani
3200 4400 3419 4458 antichi
3439 4401 3535 4459 nel
3569 4404 3715 4460 rice-

2067 4497 2198 4539 vere
2259 4482 2315 4539 la
2371 4488 2539 4540 santa
2596 4485 3005 4542 communione
3034 4487 3148 4560 (27)
3177 4503 3209 4545 e
3265 4489 3459 4562 quelle
3517 4491 3718 4562 parole

2066 4571 2221 4628 della
2255 4574 2480 4630 cantica
2501 4574 2559 4644 (2
2594 4577 2616 4644 )
2649 4590 2661 4629 :
2693 4593 2720 4626 α
2752 4573 2874 4630 Bibi
2928 4575 3130 4632 vinum
3159 4593 3351 4635 meum
3400 4595 3536 4636 cum
3565 4580 3717 4639 lacte

2067 4677 2216 4734 meo,
2252 4684 2282 4712 »
2314 4679 2457 4718 sono
2495 4661 2782 4736 applicata
2821 4664 2899 4720 da
2940 4664 3084 4721 aant’
3139 4667 3454 4742 Ambrogio
3513 4669 3626 4742 (29)
3657 4671 3713 4726 al

2068 4759 2434 4808 sacramento
2461 4751 2591 4809 dell’
2640 4752 2984 4810 Eucaristia.
3041 4755 3374 4814 Vedendosi
3433 4773 3717 4831 oppresso

2065 4840 2416 4915 l’Arringhio
2432 4841 2582 4900 nelle
2593 4841 2811 4914 pitture
2821 4841 3140 4901 dellavolta
3150 4845 3244 4902 del
3259 4861 3413 4905 nouo
3450 4848 3718 4907 cubicolo

2067 4929 2160 4987 del
2217 4929 2479 4986 cimitero
2535 4930 2624 4988 de’
2676 4931 2830 4988 santi
2883 4931 3238 5002 Marcellino,
3297 4951 3328 4992 θ
3372 4935 3561 4994 Pietro
3613 4939 3716 4995 un’

2067 5019 2294 5091 agnello
2316 5019 2465 5076 colla
2491 5019 2702 5093 palma,
2734 5020 2840 5078 che
2868 5021 2943 5077 ha
2973 5021 3123 5078 sulle
3169 5022 3355 5096 spalle
3411 5042 3495 5082 un
3555 5025 3716 5083 simil

2069 5111 2286 5164 vasetto
2317 5107 2646 5167 oircondato
2677 5108 2765 5166 col
2822 5109 3040 5184 nimbo,
3070 5127 3103 5168 ο
3150 5111 3240 5170 sia
3285 5112 3578 5187 diadema,
3639 5117 3716 5173 ed

2067 5249 2210 5328 s_ed.,
2245 5250 2636 5328 lib._v1_1,c_ap.
2670 5249 2815 5328 9._S.
2846 5251 3046 5328 Agost.
3070 5250 3258 5328 ξενίη.
3291 5253 3364 5310 ad
3409 5256 3611 5328 infant.
3645 5256 3718 5315 de

2067 5320 2695 5401 Sacram._S_.A_rnhro§_.
2827 5320 3004 5401 Iv_,_'d_e
3053 5323 3332 5401 §acram.,
3383 5320 3510 5401 cap.
3551 5329 3619 5401 ,5.
3650 5329 3712 5386 S.

2067 5392 2261 5474 Cyr-ill.
2286 5393 2521 5474 gatccb:
2553 5394 2608 5474 5_.
2640 5395 2689 5450 II
2717 5392 2936 5450 Concil.
2968 5395 3029 5451 in
3053 5395 3271 5454 Trullo.
3305 5392 3434 5456 can.
3453 5392 3593 5474 102.

2103 5562 2106 5564 τ
2652 5552 2707 5607 ν,
2735 5552 2861 5611 cap.
2909 5538 2960 5606 3,
