4064 6154
345 317 462 379 129

1154 312 1309 375 pao
1351 314 1462 376 ss.
1508 311 1950 390 PERPETUA,
1997 313 2460 378 FELICITATE
2503 297 2920 383 ET'SOCIIS.

3623 336 3742 397 130

343 447 585 506 esssndo
618 443 776 517 quivi
807 443 863 501 lo
892 447 1079 501 stesso
1127 445 1352 517 agnello
1402 446 1556 518 negli
1605 445 1797 519 angoli
1829 445 1984 501 della
2010 448 2066 512 Α
2096 419 2264 502 lactis
2285 452 2342 502 et
2372 447 2563 505 mellis
2587 452 2903 522 symbolice
2920 456 3360 520 oateohumenis
3383 462 3508 518 dari
3540 465 3734 537 solito,

341 535 661 594 medesina
687 533 842 591 volta
871 535 981 591 ben
1013 538 1246 606 quattro
1265 534 1414 591 volte
1443 535 1688 607 dipinto,
1719 535 1794 591 ho
1814 535 1981 590 dubi-

336 630 478 696 tato,
512 641 575 681 se
601 639 706 697 per
734 623 971 680 fortuna
999 622 1089 679 ne’
1118 623 1299 696 tempi
1353 623 1454 696 piu
1485 623 1706 680 antiohi
1747 639 1978 680 conser-

335 729 572 772 vassero
604 713 667 768 in
696 730 776 769 un
811 729 950 768 vaso
981 711 1172 768 simile
1220 717 1389 784 posto
1423 729 1597 785 sopra
1626 713 1724 768 un’
1756 710 1980 786 agnello

330 803 388 860 la
415 807 590 859 santa
638 801 984 868 Eucaristia,
1035 801 1286 858 siccoms
1335 801 1384 857 si
1433 803 1730 858 servirono
1763 801 1857 873 poi
1887 799 1980 873 pel

332 891 660 949 medesimo
710 890 1015 947 ministero
1066 889 1124 946 di
1172 891 1315 959 vasi,
1363 891 1470 947 ohe
1497 907 1673 947 avean
1708 889 1765 946 la
1795 891 1983 946 forma

336 981 490 1038 della
521 979 809 1037 oolomba.
845 981 910 1035 In
941 984 1144 1052 queste
1185 995 1317 1036 cose
1348 996 1484 1052 pero
1516 983 1547 1035 ὸ
1576 980 1721 1036 bene
1749 979 1980 1036 l’csser-

332 1087 488 1141 vare,
522 1086 623 1126 ma
672 1069 921 1142 bisogna
964 1074 1160 1125 tenere
1201 1086 1441 1141 sospeso
1472 1068 1512 1123 i1
1543 1068 1818 1142 giudizio,
1851 1069 1981 1124 sino

334 1160 439 1216 cbe
466 1159 516 1215 si
549 1159 801 1215 abbiano
830 1157 962 1214 altri
992 1158 1284 1214 riscontri.
1313 1177 1340 1210 ιι
1382 1159 1512 1214 Haec
1539 1157 1982 1214 illustrissimus

333 1252 592 1317 senator,
626 1247 727 1320 qui
755 1247 932 1304 etiam
963 1247 1232 1304 observat
1261 1248 1524 1319 ejusdem
1551 1247 1802 1319 pastoris
1831 1245 1984 1302 tuni-

334 1355 466 1395 cam
497 1338 561 1393 in
602 1336 863 1393 inferiori
893 1340 1056 1409 parte
1103 1336 1334 1393 duobus
1384 1352 1510 1393 esse
1557 1336 1820 1405 orbibus,
1879 1351 1981 1391 seu

335 1425 519 1484 bullis
538 1429 826 1496 ornatam,
849 1440 1033 1498 eaque
1053 1429 1398 1482 ornamenta
1415 1424 1476 1480 in
1503 1425 1664 1482 hisce
1687 1425 1982 1496 Perpetua

339 1520 397 1572 et
423 1514 738 1571 Felicitatis
775 1513 936 1570 Actis
968 1531 1002 1570 a
1031 1530 1218 1587 graeca
1240 1531 1378 1571 voce
1406 1510 1638 1584 κάλλος,
1686 1512 1984 1570 calliculas

349 1603 653 1677 appellari:
686 1603 992 1676 fuisseque
1021 1608 1088 1659 ut
1112 1602 1434 1676 plurimum
1465 1620 1643 1660 aurea
1665 1602 1752 1658 vel
1783 1618 1986 1675 argen-

342 1697 455 1761 tea,
490 1698 556 1748 ut
602 1709 671 1748 ex
717 1692 938 1749 eisdem
989 1691 1147 1748 Actis
1197 1696 1561 1764 compertum
1611 1695 1720 1761 est,
1769 1695 1827 1747 et
1855 1690 1984 1747 aliis

339 1781 600 1853 antiquis
651 1781 856 1853 ﬁguris
887 1781 1043 1853 apud
1075 1781 1446 1838 Lambecium
1478 1781 1613 1854 (30),
1637 1784 1702 1837 et
1748 1781 1983 1836 Petrum

336 1871 613 1926 Sanctam
647 1870 944 1926 Bartolum
974 1869 1110 1943 (31),
1134 1875 1190 1926 et
1213 1871 1366 1943 apud
1389 1871 1734 1926 Vaticanum
1755 1868 1985 1942 Virgilii

338 1958 643 2030 exemplar
657 1966 915 2031 tempore
935 1958 1299 2016 Constantini
1321 1959 1518 2031 Magni
1536 1962 1836 2015 exaratum
1851 1958 1984 2030 (32).

403 2049 564 2105 125
590 2049 698 2104 Sed
721 2054 785 2104 ut
804 2047 941 2123 πρὸς
968 2045 1032 2101 rd
1060 2041 1365 2122 πρόϐλημα
1395 2049 1724 2120 redeamus,
1756 2048 1830 2104 iis
1860 2063 1988 2119 quis

333 2155 366 2194 a
393 2137 547 2194 viris
577 2136 934 2194 doctissimis
982 2140 1259 2193 annotata
1311 2141 1451 2192 sunt
1484 2136 1630 2192 illud
1679 2137 1854 2192 etiam
1886 2137 1988 2190 ad-

324 2227 546 2298 jungo,
575 2225 634 2281 id
665 2240 854 2299 genus
883 2225 1214 2298 imaginum
1246 2225 1618 2281 Montanistis
1646 2242 1761 2281 non
1795 2225 1992 2280 admo-

334 2317 487 2371 dum
521 2313 833 2388 placuisse,
865 2318 966 2370 aut
994 2314 1053 2370 in
1085 2331 1196 2370 usu
1224 2314 1425 2370 fuisse.
1479 2315 1640 2379 Quod
1673 2330 1741 2370 ex
1771 2313 1990 2370 eisdem

331 2402 687 2460 Tertulliani
715 2403 907 2458 verbis
939 2403 1423 2459 manifestissime
1445 2402 1651 2476 colligo
1679 2421 1693 2460 :
1726 2426 1754 2454 «
1789 2403 1992 2458 Proce-

333 2493 511 2560 dant,
543 2492 748 2563 inquit,
783 2492 922 2564 ipszs
973 2491 1214 2564 pictura:
1264 2491 1514 2547 calicum
1563 2495 1925 2548 vestrorum:
1964 2513 1992 2540 »

333 2599 453 2638 non
493 2581 576 2637 ait
595 2589 911 2638 nostrorum
940 2581 1039 2637 sed
1067 2589 1387 2650 vestrorum,
1421 2581 1479 2636 id
1511 2584 1618 2648 est,
1651 2598 1779 2653 quae
1805 2580 1990 2648 vobis,

331 2689 452 2726 non
491 2675 685 2726 autem
716 2669 906 2736 nobis,
952 2669 1012 2725 in
1043 2686 1155 2724 usu
1205 2674 1366 2725 sunt.
1416 2670 1486 2725 Et
1537 2670 1802 2741 ejusdem
1859 2669 1992 2722 libri

335 2759 538 2831 capite
564 2757 824 2814 decimo:
878 2779 907 2809 ‹‹
940 2759 1044 2815 Cui
1093 2757 1192 2814 ille
1239 2757 1288 2814 si
1337 2759 1484 2814 forte
1532 2757 1998 2830 patrocinabitur

2090 551 2158 590 ex
2179 535 2484 610 Hesychio,
2508 539 2566 592 in
2592 540 2852 597 Exodum
2885 560 3015 616 pag.
3041 547 3164 616 257,
3189 553 3246 602 et
3275 550 3632 610 Tertulliano
3665 535 3738 613 de

2089 622 2332 693 Corona,
2359 642 2488 698 pag.
2521 628 2640 693 121,
2670 629 2821 684 Edit.
2856 631 3091 704 Rigalt.,
3121 635 3219 690 ubi
3251 637 3426 694 dicit:
3463 642 3654 700 Laetis
3683 650 3740 701 et

2089 713 2281 769 mellis
2336 716 2707 806 concordiam
2759 725 3208 792 praegustamus.
3255 726 3398 783 Vide
3465 731 3735 806 Albaspi-

2091 818 2303 869 nasum,
2335 802 2436 858 lib.
2471 821 2537 872 ιι,
2566 804 2863 861 Observat.
2896 808 3119 866 ultima.

2163 891 2273 945 Sed
2305 890 2396 946 his
2426 892 2612 948 multo
2642 893 2811 965 plura
2849 897 3011 952 addit
3040 899 3099 954 in
3154 903 3612 977 Paralipomenis
3661 912 3734 966 ad

2091 978 2371 1036 Holstenii
2401 985 2569 1037 notas
2592 986 2796 1038 Petrus
2818 985 3117 1055 Possinus,
3154 1006 3400 1064 quaeque
3420 995 3597 1053 etiam
3617 1011 3739 1054 ma-

2090 1068 2181 1140 gis
2211 1070 2517 1126 coni‘erunt
2548 1073 2618 1126 ad
2653 1071 2990 1128 solvendam
3022 1079 3306 1148 objectam
3340 1084 3507 1140 nobis
3539 1103 3572 1140 a
3604 1087 3738 1143 Bas-

2091 1157 2263 1230 nagio
2294 1158 2736 1216 difficultatem:
2796 1184 2823 1211 «
2859 1163 2926 1218 Et
2954 1165 3025 1219 de
3055 1181 3243 1237 caseo,
3277 1173 3383 1224 etc.
3417 1193 3445 1220 »
3496 1175 3581 1227 Ad
3614 1175 3736 1231 haec

2088 1246 2282 1316 verba,
2316 1248 2467 1317 quod
2500 1252 2766 1304 notatum
2798 1250 2856 1305 in
2892 1251 3172 1309 Holstenii
3202 1255 3434 1315 schedis
3457 1262 3642 1332 reperi
3665 1265 3735 1320 de

2091 1333 2241 1390 lacte
2271 1336 2708 1393 oateohumenis
2739 1338 2864 1394 dari
2897 1339 3090 1409 solito,
3125 1360 3240 1398 non
3272 1347 3491 1404 sufficit
3517 1351 3587 1405 ad
3612 1368 3737 1407 sen-

2091 1422 2332 1478 tentiam
2363 1424 2473 1480 loci
2507 1425 2940 1496 declarandam,
2973 1434 3030 1485 et
3053 1429 3167 1487 alia
3193 1431 3285 1489 his
3318 1435 3736 1506 adjuncturum

2091 1511 2274 1568 fuisse
2301 1517 2619 1584 auctorem,
2643 1515 2689 1570 si
2725 1516 2992 1572 ultimam
3016 1517 3153 1575 huic
3174 1523 3332 1593 operi
3357 1540 3599 1583 manum
3631 1545 3735 1601 po-

2091 1599 2306 1656 tuisset
2327 1601 2647 1674 imponere,
2672 1603 2929 1661 declarat
2955 1609 3210 1678 spatium
3235 1627 3394 1681 purae
3418 1599 3736 1672 chartas—ab

2093 1703 2160 1743 eo
2176 1689 2236 1743 in
2253 1689 2772 1763 Adversariis,post
2797 1693 2917 1748 haec
2941 1711 3066 1766 quae
3086 1697 3508 1770 descripsimus
3528 1710 3742 1760 sanctas

2094 1781 2393 1849 Perpetua:
2423 1780 2616 1845 verba,
2667 1779 2958 1850 relictum,
2993 1783 3220 1841 ultimis
3267 1787 3537 1846 videlicet
3588 1793 3746 1850 curis

2097 1865 2468 1939 explendum.
2522 1868 2936 1940 Explicandum
3001 1873 3224 1928 scilicet
3275 1879 3553 1948 restabat,
3596 1897 3748 1952 quo-

2098 1957 2269 2012 modo
2300 1971 2368 2012 ex
2397 1956 2506 2012 hac
2557 1958 2920 2029 porrectione
2951 1961 3221 2018 buccellm
3255 1981 3357 2036 per
3403 1967 3592 2024 visum
3625 1970 3740 2025 mi-

2097 2045 2376 2113 nistratas,
2426 2052 2756 2118 experrecta
2808 2047 3158 2106 intellexerit
3199 2058 3403 2110 sancta
3433 2056 3737 2131 Perpetua,

2098 2133 2358 2205 itemque
2405 2134 2583 2190 frater
2627 2137 2775 2206 ejus,
2834 2142 3144 2209 postquam
3195 2141 3245 2196 ei
3296 2160 3417 2198 rem
3463 2149 3741 2217 narravit,

2100 2222 2496 2294 signiﬁcatum
2527 2224 2828 2292 divinitus,
2851 2242 2950 2282 eos
2973 2228 3072 2298 qui
3096 2245 3323 2286 carcere
3344 2232 3744 2292 attinebantur

2101 2327 2473 2383 nequaquam
2506 2313 2642 2368 inde
2688 2313 3089 2387 dimittendos,
3141 2319 3296 2374 126
3333 2322 3430 2376 sed
3467 2339 3740 2380 consum-

2101 2401 2347 2456 mandos
2367 2402 2663 2473 martyrio.
2689 2404 2815 2458 Haec
2837 2403 2991 2459 enim
3013 2411 3146 2476 post
3161 2409 3431 2479 superius
3453 2411 3747 2485 descripta

2100 2490 2294 2560 verba,
2319 2489 2397 2544 ibi
2429 2491 2793 2547 subduntur:
2831 2516 2858 2542 «
2894 2495 2962 2548 Et
2996 2495 3164 2550 retuli
3195 2498 3394 2554 statim
3432 2501 3590 2556 fratri
3624 2504 3749 2574 (qui

2103 2595 2313 2650 nempe
2338 2578 2497 2633 illam
2532 2586 2848 2651 rogaverat,
2874 2586 2938 2637 ut
2963 2584 3188 2638 ostendi
3209 2585 3318 2641 sibi
3345 2587 3625 2646 divinitus
3645 2609 3745 2647 ou-

2103 2672 2278 2738 raret,
2314 2669 2656 2724 moriturine
2687 2675 2896 2738 essent,
2931 2689 3002 2726 an
3036 2671 3178 2728 salvi
3211 2676 3537 2746 emittendi)
3568 2684 3626 2735 et
3655 2680 3742 2736 in-

2103 2756 2436 2812 telleximus
2484 2758 2817 2828 passionem
2865 2776 2994 2815 esse
3043 2761 3321 2828 futuram,
3371 2770 3429 2820 et
3458 2768 3743 2836 coepimus

335 2850 550 2920 pastor
579 2861 756 2918 quem
788 2847 848 2901 in
897 2847 1075 2903 calice
1123 2846 1414 2920 depingis,
1466 2847 1908 2918 prostitutorem
1939 2849 1998 2901 et
2106 2842 2328 2899 nullam
2343 2845 2468 2915 jam
2492 2863 2653 2917 spem
2673 2846 2734 2901 in
2754 2847 2963 2903 saeculo
2986 2848 3260 2904 habere.»
3287 2851 3449 2907 Unde
3466 2858 3660 2910 autem
3684 2856 3745 2912 id

335 2936 548 3008 ipsum
580 2935 886 2992 christiani
934 2936 1304 3006 sacramenti,
1354 2935 1562 2992 merito
1613 2939 1670 2991 et
1699 2934 1998 2991 ebrietatis
2107 2932 2516 3002 intellexerint,
2550 2936 2754 2989 merito
2785 2935 3084 3005 quaeritur.
3120 2938 3236 3008 Ego
3272 2940 3560 3009 existimo,
3608 2944 3748 3001 inde

336 3023 598 3094 idolum,
633 3029 690 3080 et
741 3023 1000 3080 mmchizs
1031 3023 1257 3098 asylum
1287 3027 1420 3096 post
1449 3023 1688 3080 calicem
1717 3023 1998 3080 subsecu-
2109 3022 2262 3093 quod
2293 3021 2349 3077 in
2390 3023 2610 3078 visione
2645 3024 3030 3081 adumbratus
3059 3042 3197 3098 erga
3228 3029 3568 3100 Perpetuam
3601 3031 3749 3090 ritus

335 3116 518 3183 tura,
541 3111 613 3168 de
635 3129 751 3185 quo
772 3113 920 3169 nihil
951 3113 1231 3170 libentius
1275 3113 1464 3184 bibas,
1489 3129 1668 3184 quam
1691 3129 1855 3168 ovem
1878 3128 1999 3184 pos-
2111 3111 2299 3166 fuerat
2326 3111 2702 3168 Eucharistiaa
2753 3112 3152 3170 ministrandas
3177 3131 3190 3171 :
3246 3133 3372 3188 quas
3405 3135 3539 3176 cum
3567 3106 3752 3178 notis-

337 3202 610 3258 nitentits
632 3203 921 3260 secunde.
952 3203 1025 3258 At
1057 3218 1163 3275 ego
1192 3203 1322 3274 ejus
1350 3202 1602 3274 pastoris
1645 3201 1997 3274 scripturam
2028 3189 2072 3257 C
2111 3198 2260 3256 simo
2289 3204 2432 3256 tunc
2470 3218 2581 3257 usu
2639 3201 2765 3258 dari
2824 3201 3034 3259 soleret
3075 3203 3147 3260 iis
3179 3222 3325 3277 quos
3377 3212 3600 3265 certum
3629 3215 3754 3268 erat

334 3289 583 3356 haurio,
615 3291 716 3363 qui
765 3308 881 3347 non
914 3295 1109 3363 potest
1138 3291 1347 3364 frangi.
1389 3312 1410 3344 1
1467 3292 1721 3347 Rursum
1769 3307 1884 3346 non
1916 3289 1998 3346 ait

338 3401 367 3430 ε(
389 3395 582 3452 quem
605 3379 665 3435 in
691 3379 867 3437 calice
887 3380 1282 3454 depingimus,
1309 3403 1337 3431 »
1361 3381 1462 3437 sed
1488 3403 1517 3432 «
1542 3396 1716 3452 quem
1740 3380 1798 3435 in
1819 3378 1998 3434 calice

340 3467 644 3542 depingis.
686 3491 716 3518 »
765 3473 1068 3536 Praeterea,
1120 3469 1276 3542 piam
1308 3469 1460 3525 hanc
1515 3469 1803 3541 picturam
1832 3469 1999 3523 vocat

344 3579 372 3606 α
403 3555 720 3613 ebrietatis
741 3555 960 3613 idolum
983 3562 1040 3613 et
1069 3556 1326 3613 moechis:
1357 3556 1606 3630 asylum.
1631 3579 1652 3606 ιι
1679 3557 1836 3612 Adeo
1858 3571 1998 3611 con-

343 3643 684 3701 tumeliosis
703 3647 895 3702 verbis
923 3661 1053 3702 eam
1080 3645 1325 3702 minime
1341 3645 1734 3718 prosoidisset,
1769 3645 1820 3700 si
1844 3645 2000 3700 Mon-

343 3731 591 3788 tanistis
621 3749 855 3805 quoque
909 3733 969 3789 in
1001 3751 1114 3790 usu
1171 3734 1400 3802 fuisset,
1445 3749 1626 3805 eaque
1670 3749 1837 3789 sacra
1867 3748 2002 3787 vasa

345 3827 668 3878 ornassent
723 3821 938 3878 Christi
998 3822 1335 3895 excipiendo
1382 3821 1657 3894 sanguini
1689 3821 1998 3878 destinata.

344 3909 517 3966 Unde
537 3910 874 3981 conjectura
893 3910 1142 3980 exsistit,
1157 3911 1462 3968 catholicis
1479 3911 1688 3966 ritibus
1705 3913 2000 3966 assuetam

347 3998 536 4056 fuisse
554 4003 924 4072 Perpetuam,
951 4017 1076 4072 qua:
1097 4000 1393 4057 Christum
1415 3998 1841 4056 Eucharistiam
1863 3997 1998 4065 sibi,

350 4093 454 4144 aut
483 4087 872 4146 Euoharistiaa
903 4089 1234 4162 symbolum
1267 4089 1725 4159 ministrantem,
1760 4088 1870 4144 sub
1901 4103 2000 4160 pa-

350 4176 531 4233 storis
559 4177 762 4233 habitu
793 4177 1040 4251 aspexit.

421 4270 716 4322 Pratarea
734 4266 784 4324 si
807 4266 1078 4323 Christus
1104 4267 1354 4340 pastoris
1377 4266 1629 4339 speciem
1651 4265 2003 4338 dedignatus

357 4372 472 4410 non
490 4360 602 4430 est,
626 4356 727 4412 sed
746 4371 874 4413 eam
893 4356 1005 4412 sibi
1028 4360 1147 4413 tam
1167 4357 1502 4428 frequenter
1522 4353 2000 4423 accommodavit,

363 4458 465 4497 cur
485 4444 742 4516 pastoris
759 4443 952 4500 officia
971 4445 1404 4517 dedignaretur,
1425 4444 1578 4500 inter
1593 4460 1718 4516 quae
1737 4459 1852 4498 non
1874 4441 2006 4498 ulti-

361 4548 522 4588 mum
550 4532 750 4589 locum
782 4537 943 4590 tenet
965 4551 1100 4590 oves
1130 4533 1390 4607 mulgere
1409 4533 1438 4588 7
1455 4535 1541 4589 An
1566 4533 1864 4588 Christum
1887 4547 2007 4586 ma-

355 4620 449 4693 gis
463 4622 704 4679 dedecet
717 4623 840 4679 hmo
862 4623 1074 4695 ﬁgura,
1090 4639 1265 4694 quam
1284 4621 1385 4678 illa
1405 4621 1633 4695 gallinas
1656 4620 1850 4694 pullos
1867 4636 2008 4676 suos

354 4711 468 4766 sub
499 4710 625 4768 alas
665 4711 1097 4785 congregantis,
1147 4712 1498 4783 eosdemque
1527 4709 1794 4776 foventis,
1827 4725 2006 4780 quam

355 4798 827 4873 benignissimus
876 4801 1183 4873 Dominus,
1228 4799 1423 4872 captui
1454 4817 1516 4857 se
1547 4805 1745 4855 nostro
1777 4814 2008 4856 accom-

358 4889 629 4959 modans,
653 4890 898 4946 minime
927 4889 1197 4962 respuit?
1225 4891 1294 4946 Et
1323 4907 1463 4946 sane
1489 4887 1821 4945 imminenti
1853 4903 2008 4943 mar-

363 4979 507 5049 tyrio
537 4979 968 5052 praeﬁgurando
999 4978 1163 5036 nulla
1193 4979 1381 5051 magis
1425 4983 1559 5051 apta
1589 4979 1796 5051 figura,
1829 4993 2008 5048 quam

361 5068 614 5138 pastoris
644 5085 779 5125 oves
802 5068 1142 5141 mulgentis.
1165 5070 1289 5136 Qua
1310 5069 1461 5124 enim
1489 5067 1788 5122 alacritate
1811 5069 2012 5138 pastor

361 5173 394 5212 e
427 5159 701 5216 mammis
731 5158 929 5216 ovium
951 5157 1039 5213 lac
1062 5157 1356 5230 exprimit,
1383 5156 1587 5212 eadem
1608 5172 1638 5211 e
1656 5155 1822 5211 venis
1854 5170 2009 5209 mar-

358 5249 559 5318 tyrum
595 5247 943 5322 sanguinem
974 5247 1238 5302 Christus
1284 5247 1476 5301 bonus
1527 5249 1727 5316 pastor
1765 5243 2006 5315 excepit.

439 5335 503 5392 ll.
526 5336 694 5393 Circa
713 5335 1031 5393 secundam
1058 5335 1462 5392 difficultatem
1491 5350 1675 5406 pauca
1694 5333 1816 5388 haec
1838 5331 2014 5388 habet

365 5423 522 5480 idem
552 5425 632 5482 Cl.
665 5423 1028 5483 Holstenius:
1062 5447 1090 5476 ‹‹
1120 5423 1306 5480 Multa
1347 5423 1462 5479 dici
1511 5425 1752 5496 possent
1797 5421 1869 5477 de
1899 5437 2011 5477 usu

463 5567 532 5622 30
581 5566 728 5624 Bibl.
760 5569 928 5636 eaea,
959 5567 1082 5623 tab.
1113 5567 1168 5638 4,
1201 5568 1279 5639 Ap
1387 5566 1466 5635 d.,
1544 5607 1557 5621 .
1588 5565 1716 5622 301.

441 5568 553 5712 231;
583 5639 804 5698 Pitture
834 5638 1070 5699 antiche
1090 5637 1242 5698 delle
1262 5583 1461 5699 (gf-3th
1490 5583 1550 5696 Si
1580 5637 1716 5698 Rom

463 5635 553 5709 31)
583 5639 804 5698 Pitture
834 5638 1070 5699 antiche
1090 5635 1461 5699 delle'Grotte
1490 5635 1550 5696 di
1580 5637 1787 5709 Roma,
1817 5638 1930 5696 tav.
1957 5635 2011 5692 4.

2107 3288 2266 3344 brevi
2298 3289 2631 3360 morituros,
2666 3294 2817 3346 recte
2844 3291 2898 3346 id
2933 3292 3220 3364 Perpetua
3260 3299 3314 3350 et
3357 3295 3542 3367 ipsius
3574 3300 3751 3355 frater

2107 3375 2473 3449 interpretati
2506 3383 2665 3447 sunt,
2700 3382 2764 3433 ut
2794 3378 3182 3451 significatam
3208 3395 3275 3435 eo
3301 3381 3425 3436 visu
3459 3385 3750 3441 confesso—

2109 3481 2241 3520 rum
2273 3483 2406 3521 mox
2452 3471 2784 3522 secuturam
2835 3483 3036 3522 necem
3086 3468 3529 3526 arbitrarentur.
3582 3473 3750 3529 Ritus

2112 3554 2497 3626 perceptionis
2528 3555 2906 3612 Eucharistias
2939 3573 3004 3612 eo
3036 3557 3440 3626 adumbratus,
3475 3562 3754 3631 cernitur,

2111 3643 2265 3714 quod
2289 3643 2456 3714 quasi
2484 3643 2745 3699 bucoella
2769 3644 3060 3716 Perpetua:
3083 3646 3420 3718 porrigitur,
3448 3651 3600 3720 quod
3626 3667 3754 3707 eam

2111 3730 2240 3803 ipsa
2271 3732 2482 3804 accipit
2510 3733 2727 3804 junctis
2756 3733 3052 3799 manibus,
3076 3735 3230 3805 quod
3253 3735 3463 3792 deinde
3483 3740 3754 3808 comedit,

2111 3818 2632 3877 circumstantibus
2662 3827 2847 3876 Amen
2879 3821 3360 3880 acclamantibus.
3394 3827 3528 3890 Quae
3558 3828 3758 3883 omnia

2111 3907 2169 3962 in
2202 3909 2578 3966 Eucharistias
2628 3910 2766 3965 olim
2818 3910 3252 3967 ministratione
3309 3912 3480 3968 solita
3535 3917 3753 3973 servari

2112 3999 2308 4054 notius
2338 4003 2427 4054 est
2469 4016 2499 4054 e
2528 3998 2788 4071 plurium
2848 3999 3220 4071 antiquorum
3268 4002 3640 4071 testimoniis,
3695 4011 3754 4062 et

2112 4087 2298 4144 sancti
2330 4089 2651 4160 praesertim
2692 4089 3000 4157 Ambrosii,
3033 4106 3209 4161 quam
3245 4094 3311 4145 ut
3359 4091 3750 4150 demonstrari

2112 4175 2380 4248 pluribus
2410 4194 2556 4249 opus
2589 4177 2684 4233 sit.
2719 4178 2882 4233 Certe
2907 4178 2978 4232 de
3005 4195 3115 4232 usu
3138 4177 3540 4234 Africanarum
3573 4181 3753 4238 eccle-

2114 4265 2335 4322 siarum
2386 4265 2760 4339 peculiariter
2807 4269 3056 4331 constat,
3105 4265 3306 4321 solitas
3336 4282 3434 4322 eas
3479 4269 3753 4325 Euchari-

2113 4355 2285 4410 stiam
2307 4356 2641 4412 ministrare
2661 4372 2765 4410 con
2777 4354 3164 4410 fessoribusin
3181 4355 3436 4427 martyrii
3454 4358 3755 4428 procinctu

2115 4444 2487 4500 constitutis:
2531 4444 2706 4515 idque
2732 4444 2813 4498 ita
2845 4443 3238 4498 necessarium
3269 4444 3580 4502 arbitratas
3606 4465 3756 4516 esse,

2037 4552 2083 4618 ι)
2115 4537 2181 4587 ut
2211 4532 2344 4588 inde
2376 4536 2789 4603 argumentum
2823 4530 3184 4602 sumpserint
3207 4533 3497 4590 scribendi
3525 4537 3597 4592 ad
3627 4540 3757 4592 Cor-

2119 4620 2336 4675 nelium
2372 4638 2518 4675 rom.
2563 4620 2917 4692 pontiﬁcem,
2953 4636 3131 4675 manu
3177 4621 3414 4693 quidem
3446 4627 3502 4679 et
3531 4624 3756 4682 calamo

2117 4709 2303 4765 sancti
2364 4709 2658 4782 Cypriani,
2692 4709 2925 4764 nomine
2975 4713 3168 4765 autem
3228 4709 3476 4767 aliorum
3525 4729 3757 4784 quoque

2117 4802 2340 4870 septem
2371 4803 2428 4854 et
2471 4797 2714 4870 triginta
2769 4798 3175 4870 episcoporum
3219 4799 3647 4867 Africanorum,
3695 4804 3761 4855 ut

2118 4887 2268 4959 aequi
2291 4885 2640 4954 consuleret,
2666 4886 2911 4959 gratiam
2937 4885 3058 4942 fieri
3081 4886 3225 4957 legis
3247 4887 3412 4957 prius
3433 4887 3667 4942 sancitze
3688 4888 3760 4943 de

2119 4993 2232 5031 non
2262 4976 2644 5032 admittendis
2690 4991 2951 5048 unquam
3001 4976 3072 5029 ad
3104 4973 3369 5030 Ecclesia:
3397 4981 3452 5028 et
3481 4975 3760 5032 Euchari-

2119 5065 2242 5120 stiae
2285 5066 2757 5122 communionem
2791 5064 2863 5118 iis
2908 5064 3009 5134 qui
3041 5061 3221 5117 semel
3256 5063 3313 5116 in
3368 5064 3764 5132 persecutione

2119 5153 2268 5226 lapsi
2303 5155 2569 5223 fuissent,
2603 5153 2880 5225 quoniam
2915 5156 3054 5206 tunc
3083 5167 3151 5205 ex
3182 5149 3252 5205 iis
3285 5150 3454 5204 multi
3488 5151 3545 5206 in
3583 5154 3764 5224 poeni-

2120 5245 2370 5298 tentium
2403 5259 2646 5299 numero
2675 5241 2899 5314 scripti,
2924 5257 2957 5294 a
2981 5239 3142 5294 novis
3175 5240 3640 5309 persecutoribus
3668 5260 3765 5315 pe-

2122 5331 2535 5398 riclitarentur,
2570 5334 2648 5395 et,
2697 5335 2764 5384 ut
2821 5344 2912 5384 res
2961 5343 3024 5382 se
3079 5326 3394 5396 habebant,
3448 5329 3604 5386 brevi
3663 5349 3766 5404 pro

2121 5421 2335 5478 Christi
2367 5419 2732 5478 confessione
2758 5415 3146 5473 interﬁciendi
3168 5415 3527 5487 viderentur;
3550 5421 3766 5490 quibus

2193 5564 2307 5636 (32)
2335 5565 2481 5622 Ante
2501 5563 2568 5651 ‘2.
2599 5559 2824 5618 IEneid.
2860 5557 3099 5644 librum.
