4064 6154
330 344 440 403 131

1469 336 1989 402 DISSEHTATIO
2036 336 2583 399 APOLOGETICA

3613 343 3731 402 132

328 474 385 527 in
418 473 719 545 procinctu
770 473 975 544 agonia
1023 472 1249 543 positis,
1301 472 1574 543 denegari
1622 473 1965 526 consuetum
1996 469 2050 533 Α
2079 468 2323 524 Possino
2357 473 2414 524 et
2444 474 2643 541 postea
2676 469 2960 541 Basnagio
2980 468 3171 526 visum
3192 472 3304 537 est)
3336 486 3468 526 mox
3495 478 3731 528 secutu-

326 561 601 616 viaticum
633 562 892 633 corporis
940 560 1151 616 Christi
1192 561 1368 615 nimis
1401 565 1523 616 crat
1552 560 1967 614 inhumanum.

325 649 408 705 Ex
444 649 553 705 hac
581 648 847 722 epistola,
877 665 1007 720 qua
1036 649 1292 704 secunda
1320 648 1423 703 lib.
1457 666 1476 703 ι
1525 649 1681 720 apud
1733 646 1968 719 Cypria-

326 755 469 794 num
501 742 611 807 est,
642 737 907 809 quaedam
948 737 1261 803 ascribam,
1294 738 1365 792 ad
1427 736 1599 792 ﬁdem
1657 735 1739 791 rei
1788 751 1967 807 quam

214 868 219 879 ρ
322 830 645 883 tractamus
676 825 1001 880 faciendam
1054 830 1419 897 opportuna:
1469 847 1498 874 «
1530 824 1637 879 Sed
1688 841 1845 894 cum,
1878 823 1967 877 in-

323 915 555 987 quiunt,
576 913 877 970 videamus
899 914 1053 969 diem
1078 930 1283 969 rursus
1306 912 1546 969 alterius
1568 911 1962 968 infestationis

320 1002 792 1075 appropinquare
822 1002 1087 1074 coepisse,
1121 1006 1179 1058 et
1207 1002 1424 1058 crebris
1474 1006 1648 1073 atque
1697 1000 1955 1057 assiduis

319 1091 759 1149 ostensionibus
785 1092 1227 1156 admoneamur,
1260 1096 1325 1145 ut
1354 1091 1426 1146 ad
1460 1095 1774 1160 certamen,
1808 1089 1963 1160 quod

319 1180 489 1237 nobis
510 1180 698 1236 hostis
716 1180 940 1249 indicit,
963 1181 1171 1235 armati
1194 1184 1249 1235 et
1274 1184 1459 1251 parati
1483 1180 1704 1235 simus:
1731 1178 1961 1251 plebem

315 1269 492 1326 etiam
526 1268 695 1325 nobis
717 1269 912 1324 divina
936 1269 1270 1341 dignatione
1294 1267 1670 1324 commissam
1693 1266 1961 1322 exhorta-

314 1358 579 1415 tionibus
601 1357 818 1414 nostris
835 1374 1253 1429 prseparemus,
1275 1361 1332 1412 et
1360 1373 1562 1412 omnes
1584 1356 1821 1411 omnino
1846 1355 1960 1410 mi-

313 1447 447 1503 lites
476 1446 691 1503 Christi
726 1446 825 1517 qui
849 1462 1012 1501 arma
1028 1446 1387 1511 desiderant,
1416 1449 1475 1500 et
1505 1444 1769 1516 praelium
1801 1443 1959 1516 flagi-

314 1541 465 1604 tant,
496 1536 650 1591 intra
678 1539 872 1590 castra
902 1534 1133 1590 Domini
1177 1532 1563 1605 colligamus;
1612 1532 1958 1589 necessitate

314 1628 555 1696 cogente
584 1622 921 1679 censuimus
949 1623 1034 1678 eis
1064 1622 1162 1695 qui
1195 1623 1267 1677 de
1298 1620 1552 1677 Ecclesia
1579 1620 1807 1677 Domini
1840 1636 1955 1675 non

312 1716 698 1778 recesserunt,
732 1711 831 1767 sed
864 1710 1266 1782 paenitentiam
1312 1726 1503 1782 agere,
1535 1713 1593 1765 et
1621 1708 1956 1775 lamentari,

2086 573 2211 612 ram
2242 574 2440 613 necem
2472 558 2847 614 intellexisse.
2883 558 3091 613 Omnia
3120 576 3246 630 quae
3286 559 3528 631 viderat,
3562 562 3733 617 fratri

2080 645 2366 717 Perpetua
2388 647 2613 702 retulit:
2639 648 2826 702 multo
2844 651 3036 703 autem
3058 646 3306 702 clariora
3321 647 3492 719 signa
3507 648 3735 705 viderat

2080 733 2286 790 futuras
2311 735 2629 807 passionis;
2662 752 2731 791 ex
2760 735 2977 807 quibus
3010 734 3216 807 quidni
3246 734 3462 792 clarius
3494 737 3729 793 intelle-

2076 823 2286 890 xerint,
2310 845 2339 874 «
2364 824 2695 895 passionem
2717 842 2845 881 esse
2868 826 3121 880 futuram
3150 829 3219 880 Ρ»
3244 824 3485 881 Viderat
3504 827 3727 883 scalam

2077 926 2313 966 auream
2347 912 2509 967 mirae
2542 913 2968 984 magnitudinis
2992 911 3414 985 pertingentem
3442 932 3631 987 usque
3652 917 3727 972 ad

2076 998 2308 1071 cmlum,
2337 1005 2394 1055 et
2424 1000 2482 1055 in
2530 1000 2816 1057 lateribus
2868 1000 3035 1056 scalas
3084 1017 3258 1056 omne
3304 1019 3486 1073 genus
3546 1004 3728 1060 ferra-

2076 1091 2407 1143 mentorum
2440 1088 2708 1144 infixum.
2742 1090 2917 1145 Erant
2947 1089 3026 1144 ibi
3049 1087 3252 1160 gladii,
3276 1089 3509 1157 lanceas,
3545 1092 3728 1165 hami,

2074 1175 2394 1232 machaarae.
2429 1177 2666 1233 Viderat
2686 1178 2797 1233 sub
2828 1179 2956 1249 ipsa
2975 1177 3131 1234 scala
3160 1179 3472 1235 draconem
3503 1182 3727 1237 cuban-

2070 1266 2188 1318 tem
2220 1265 2385 1321 miraa
2406 1266 2854 1339 magnitudinis,
2879 1266 2979 1338 qui
3003 1267 3454 1324 ascendentibus
3472 1268 3724 1326 insidias

2071 1353 2315 1422 parabat
2343 1358 2397 1409 et
2426 1355 2773 1421 exterrebat,
2819 1341 2891 1410 ne
2918 1356 3317 1412 ascenderent.
3351 1355 3589 1413 Viderat
3617 1362 3727 1414 Sa-

2070 1440 2269 1494 turum
2303 1443 2737 1511 ascendentem,
2769 1443 2830 1498 in
2863 1448 3036 1515 caput
3057 1443 3227 1499 scalas
3260 1446 3718 1518 pervenientem,

2066 1528 2123 1580 et
2152 1526 2288 1585 inde
2318 1547 2379 1585 sc
2408 1532 2582 1587 etiam
2615 1532 2685 1587 ad
2733 1548 3045 1588 ascensum
3076 1532 3442 1589 invitantem.
3480 1535 3725 1592 Viderat

2067 1630 2131 1696 se
2148 1633 2281 1673 cum
2300 1620 2560 1690 primum
2578 1620 2747 1677 scalis
2761 1622 3011 1694 gradum
3025 1620 3330 1689 calcasset,
3346 1628 3521 1695 caput
3543 1625 3724 1682 etiam

2064 1700 2226 1782 illius
2249 1708 2520 1767 draconis
2536 1709 2881 1781 calcantem,
2901 1710 3132 1767 Viderat
3147 1711 3398 1782 denique
3420 1713 3720 1771 Christum

311 1817 377 1857 ac
408 1772 722 1856 Dominum
751 1772 1045 1871 deprecari
1078 1816 1110 1853 a
1141 1798 1329 1870 primo
1346 1772 1562 1869 lapsus
1593 1798 1683 1852 sui
1716 1797 1807 1852 die
1838 1772 1952 1851 non
1990 1828 2038 1892 B
2061 1772 2120 1849 ln
2156 1796 2359 1851 habitu
2392 1797 2652 1869 pastoris
2671 1815 2804 1855 oves
2827 1772 3207 1871 mulgentem,
3230 1772 3339 1855 etc.
3362 1802 3570 1857 Annon
3594 1802 3719 1858 hac

309 1888 679 1957 destiterunt,
715 1903 915 1958 pacem
933 1887 1188 1941 dandam
1208 1902 1358 1951 esse,
1390 1890 1447 1940 et
1471 1901 1569 1940 eos
1593 1885 1661 1939 ad
1696 1884 1959 1956 praelium

311 1978 466 2049 quod
494 1976 765 2031 imminet
790 1973 1003 2030 armari
1026 1974 1309 2029 etinstrui
1337 1979 1621 2045 oportere.
1650 1994 1676 2021 »
1701 1974 1768 2027 Et
1790 1972 1960 2044 paulo

312 2068 441 2136 post
465 2080 477 2119 :
513 2086 541 2114 ‹‹
571 2067 643 2118 At
670 2079 803 2118 vero
835 2078 989 2117 nunc
1017 2078 1129 2116 non
1163 2061 1436 2126 infirmis,
1460 2061 1559 2115 sed
1586 2061 1833 2115 fortibus
1851 2078 1962 2131 pax

310 2153 642 2209 necessaria
700 2155 806 2219 est,
868 2166 973 2205 nec
1031 2149 1445 2216 morientibus,
1496 2149 1597 2204 sed
1628 2148 1960 2203 viventibus

314 2239 769 2296 communicatio
802 2256 834 2292 a
864 2238 1033 2293 nobis
1076 2238 1269 2292 danda
1316 2242 1423 2305 est,
1457 2241 1522 2291 ut
1569 2253 1717 2307 quos
1748 2236 1959 2291 excita-

315 2346 449 2384 mus
501 2332 559 2383 et
587 2327 960 2383 exhortamur
988 2326 1058 2381 ad
1112 2326 1394 2397 praelium,
1442 2342 1556 2380 non
1607 2326 1857 2380 inermes
1904 2328 1962 2379 et

314 2418 504 2473 nudos
534 2416 958 2487 relinquamus,
979 2416 1079 2470 sed
1106 2414 1461 2485 protectione
1480 2414 1736 2484 corporis
1756 2418 1811 2468 et
1833 2430 1961 2468 san-

310 2506 508 2579 guinis
534 2503 747 2560 Christi
800 2503 1173 2558 muniamus:
1207 2509 1265 2558 et
1306 2520 1439 2557 cum
1470 2503 1542 2557 ad
1574 2502 1682 2557 hoc
1709 2502 1810 2556 ﬁat
1842 2502 1958 2556 Eu-

307 2594 607 2661 charistia,
640 2598 706 2649 ut
738 2592 923 2665 possit
951 2591 1369 2663 accipientibus
1408 2606 1540 2647 esse
1574 2588 1777 2654 tutela,
1810 2606 1958 2661 quos

304 2684 455 2739 127
488 2686 646 2738 tutos
678 2697 806 2737 esse
836 2684 1039 2736 contra
1069 2680 1470 2734 adversarium
1496 2677 1792 2745 volumus,
1827 2695 1957 2733 mu-

306 2772 568 2827 nimento
598 2768 905 2825 dominica:
927 2768 1253 2823 saturitatis
1284 2783 1607 2821 armemus.
1642 2766 1787 2821 Nam
1821 2782 1957 2836 quo-

309 2859 483 2915 modo
514 2859 792 2913 docemus
822 2860 923 2911 aut
953 2872 1336 2928 provocamus
1373 2872 1471 2910 eos
1501 2855 1559 2909 in
1593 2854 1958 2910 confessione

307 2946 566 3003 nominis
587 2945 934 3018 sanguinem
957 2961 1131 2999 suum
1156 2944 1418 3007 fundere,
1437 2943 1485 2999 si
1509 2944 1593 2999 eis
1616 2942 1956 2998 militaturis

307 3035 522 3093 Christi
552 3034 897 3108 sanguinem
944 3033 1351 3105 denegamus?
1400 3038 1518 3087 Aut
1560 3033 1853 3105 quomodo
1882 3033 1952 3087 ad

304 3123 567 3195 martyrii
598 3122 871 3194 poculum
903 3122 1142 3176 idoneos
1186 3121 1453 3186 facimus,
1489 3121 1537 3175 si
1586 3138 1701 3176 non
1748 3138 1847 3175 eos
1878 3121 1948 3175 ad

303 3187 625 3268 bibendum
656 3212 820 3282 prius
850 3210 909 3264 in
941 3209 1197 3265 Ecclesia
1227 3208 1505 3279 poculum
1537 3208 1792 3274 Domini,
1814 3210 1950 3279 jure
1979 3187 2021 3254 C

302 3299 850 3357 communicationis
904 3297 1323 3353 admittimus“?
1368 3296 1667 3368 Siquidem
1720 3298 1805 3368 (ut
1848 3296 1951 3351 ali-

301 3392 523 3461 quanto
554 3394 687 3460 post
714 3387 969 3457 additur)
1018 3387 1263 3442 idoneus
1314 3402 1441 3441 esse
1493 3403 1608 3441 non
1657 3389 1851 3457 potest
1880 3386 1951 3440 ad

306 3476 676 3548 martyrium,
706 3475 803 3546 qui
835 3476 906 3531 ab
955 3475 1213 3530 Ecclesia
1254 3490 1366 3529 non
1400 3479 1662 3529 armatur
1712 3475 1781 3528 ad
1817 3490 1953 3546 pras-

303 3564 481 3619 lium:
506 3568 563 3619 et
583 3581 751 3619 mens
766 3563 979 3629 delicit,
1004 3579 1179 3633 quam
1204 3579 1316 3617 non
1342 3567 1573 3633 recepta
1588 3562 1954 3618 Eucharistia

304 3652 475 3723 erigit
505 3657 563 3706 et
587 3652 867 3705 ascendit.
902 3672 930 3700 »

379 3742 504 3795 [lac
535 3756 661 3795 esse
694 3757 807 3795 non
841 3740 1031 3794 abnuo
1064 3738 1337 3810 praeclare
1354 3744 1529 3810 atque
1547 3739 1760 3811 optime
1783 3755 1947 3794 cxco-

300 3828 504 3899 gitata,
529 3835 587 3882 et
611 3843 739 3898 qua
760 3827 990 3899 possint
1009 3826 1279 3897 Basnagii
1312 3826 1584 3898 scrupulo
1613 3826 1949 3899 plenissime

296 3916 638 3973 satisfacere
664 3934 677 3983 ;
704 3915 904 3987 aliqua
927 3921 1122 3971 tamen
1149 3915 1422 3985 adjiciam
1445 3915 1527 3970 Cl.
1558 3916 1676 3971 viro
1708 3932 1821 3971 non
1854 3916 1950 3971 ob-

295 4010 525 4062 servata
556 4022 683 4076 quae
716 4021 949 4060 omnem
980 4004 1052 4059 ab
1076 4004 1184 4059 hoc
1209 4003 1334 4059 loco
1356 4004 1735 4060 offensionem
1759 4022 1947 4060 remo-

296 4095 532 4150 vebunt.
556 4094 750 4149 Primo
767 4094 965 4164 itaque
984 4092 1244 4159 observo,
1269 4092 1460 4148 simile
1482 4093 1623 4163 quid
1647 4109 1949 4149 occurrere

296 4184 357 4239 in
374 4182 531 4239 Actis
546 4181 732 4238 sancti
751 4180 1005 4252 Philippi
1021 4180 1275 4253 episcopi
1296 4179 1714 4250 Heracleensis,
1729 4186 1785 4236 et
1801 4198 1947 4237 mar-

296 4271 462 4344 tyris,
498 4271 558 4327 in
590 4271 807 4343 quibus
841 4272 1066 4325 Hermes
1090 4270 1216 4339 ejus
1237 4270 1517 4325 diaconus
1540 4270 1641 4341 qui
1674 4286 1790 4324 una
1811 4286 1943 4324 cum

297 4360 426 4432 ipso
444 4358 790 4432 martyrium
813 4375 913 4430 per
930 4358 1125 4430 ignem
1144 4358 1592 4422 consummavit,
1614 4373 1810 4411 necem
1833 4358 1944 4413 sibi

295 4453 452 4504 certo
484 4454 749 4520 paratam
782 4464 910 4503 esse
941 4448 1073 4515 hac,
1104 4446 1187 4501 uti
1222 4451 1438 4512 narrat,
1470 4445 1817 4501 revelatione
1849 4463 1943 4501 co-

2071 1884 2269 1939 omnia
2299 1884 2464 1950 signa
2491 1892 2657 1942 erant
2687 1893 2971 1943 secuturae
3002 1887 3161 1943 necis
3202 1888 3720 1947 manifestissima?

2070 1972 2185 2027 Cur
2222 1988 2359 2044 ergo
2405 1973 2698 2041 volumus,
2745 1993 2815 2031 ex
2861 1975 2985 2031 sola
3034 1977 3393 2048 permotione
3441 1978 3717 2035 buccellae

2070 2066 2304 2116 sanctos
2338 2066 2621 2135 martyres
2673 2063 3029 2120 intellexisse
3073 2064 3185 2120 sibi
3228 2070 3469 2122 mortem
3518 2066 3719 2123 immi-

2070 2166 2206 2205 nere
2223 2151 2250 2205 ?
2268 2151 2582 2223 Subjungit
2604 2151 2868 2223 quidem,
2891 2157 2956 2207 ut
2977 2152 3255 2209 Pessinus
3277 2154 3567 2223 observat,
3588 2161 3725 2229 post

2070 2238 2171 2293 illa
2200 2240 2393 2309 verba,
2437 2263 2465 2290 «ι
2497 2245 2555 2295 et
2602 2242 2673 2296 de
2702 2258 2892 2311 caseo,
2934 2242 3089 2313 quod
3147 2241 3467 2315 mulgebat,
3518 2250 3652 2313 etc.,
3690 2269 3719 2296 ι

2069 2329 2396 2400 subjungit,
2437 2330 2701 2400 inquam,
2748 2331 3067 2401 Perpetua:
3134 2350 3155 2378 ι
3188 2332 3259 2386 Et
3290 2332 3460 2387 retuli
3512 2334 3717 2390 statim

2071 2416 2230 2471 fratri
2247 2433 2393 2485 meo,
2409 2416 2873 2474 etintelleximus
2892 2419 3224 2491 passionem
3247 2436 3375 2476 esse
3396 2421 3720 2477 futuram.»

2065 2506 2135 2558 At
2156 2506 2653 2575 quemadmodum
2678 2523 2793 2561 non
2819 2506 2877 2561 id
2900 2511 3128 2562 tantum
3154 2508 3353 2563 retulit
3375 2510 3536 2564 fratri
3558 2512 3717 2582 quod

2068 2591 2274 2647 ultimo
2303 2592 2427 2649 loco
2458 2594 2698 2664 viderat,
2731 2594 2946 2667 porrigi
2992 2612 3198 2667 nempe
3230 2596 3341 2651 sibi
3390 2596 3714 2653 buccellam

2066 2680 2254 2748 lactis,
2287 2682 2368 2737 ita
2410 2700 2525 2738 non
2559 2700 2627 2738 ex
2669 2682 2779 2739 hoc
2811 2683 2978 2755 signo
3022 2688 3254 2740 tantum
3308 2685 3722 2743 intellexerunt

2071 2791 2098 2823 α
2127 2772 2458 2843 passionem
2490 2787 2619 2827 esse
2650 2772 2930 2827 futuram.
2965 2794 2993 2821 »ι

2137 2860 2288 2916 I28
2318 2860 2413 2915 ΙΙΙ.
2439 2859 2693 2914 Alteram
2716 2860 3011 2929 Perpetua:
3036 2860 3322 2917 visionem
3347 2861 3404 2916 in
3427 2862 3711 2919 invidiam

2065 2949 2389 3020 Basnagius
2410 2952 2577 3003 vocat
2601 2948 2693 3004 his
2710 2949 2933 3004 verbis:
2959 2971 2988 2999 «
3012 2949 3339 3006 Notabilius
3360 2950 3526 3021 illud,
3551 2953 3708 3023 quod

2064 3056 2189 3110 cap.
2226 3038 2325 3093 ΙΙΙ.
2360 3037 2389 3108 §
2417 3039 2471 3105 2,
2493 3042 2779 3109 Perpetua
2807 3042 3024 3093 narrat.
3054 3038 3238 3093 Exivit
3270 3039 3511 3110 quidam
3568 3056 3712 3094 con-

2062 3132 2154 3182 tra
2183 3126 2504 3199 Egyptius,
2538 3126 2726 3182 fcedus
2756 3122 2968 3198 specie,
2989 3144 3122 3182 cum
3152 3127 3524 3198 adiutoribus
3582 3127 3711 3185 suis

2061 3222 2429 3288 pugnaturus
2462 3231 2712 3270 mecum.
2745 3215 2996 3269 Veniunt
3027 3219 3084 3271 et
3108 3216 3178 3270 ad
3202 3232 3295 3272 me
3312 3215 3710 3274 adolescentes

2061 3305 2278 3372 decori,
2317 3304 2614 3375 adjutores
2670 3307 2727 3358 et
2775 3302 3044 3359 favitores
3102 3304 3250 3359 mei:
3286 3309 3341 3360 et
3382 3304 3708 3376 exspoliata

2061 3410 2215 3464 sum,
2248 3397 2305 3448 et
2336 3392 2485 3448 facta
2505 3408 2637 3448 sum
2671 3391 2990 3447 masculus.
3024 3413 3052 3443 ››
3085 3392 3544 3466 Proceditigitur
3564 3410 3702 3449 cum

2062 3482 2325 3554 [Egyptio
2356 3482 2426 3536 ad
2442 3497 2697 3553 pugnam
2723 3485 3009 3552 Perpetua
3024 3498 3163 3537 sexu
3179 3485 3426 3551 mutato,
3448 3482 3705 3539 victoriae

2062 3572 2309 3643 pretium
2344 3574 2653 3648 acceptura
2684 3591 2711 3618 «
2743 3586 2973 3624 ramum
2994 3570 3259 3633 viridem,
3292 3570 3352 3625 in
3380 3588 3495 3642 quo
3536 3576 3708 3627 erant

2060 3660 2214 3715 mala
2244 3675 2438 3714 aurea.
2474 3660 2541 3713 Et
2570 3659 2707 3730 petii
2740 3658 3037 3713 silentium
3070 3662 3125 3713 et
3154 3658 3336 3713 dixit:
3393 3660 3498 3714 Hic
3528 3660 3707 3732 [Egy-

2060 3749 2219 3821 ptius
2252 3748 2463 3803 sihanc
2480 3746 2696 3815 vicerit,
2720 3745 2943 3801 occidet
2962 3745 3121 3799 illam
3137 3746 3329 3818 gladio
3358 3752 3445 3814 ;et
3464 3748 3512 3802 si
3543 3747 3705 3805 hunc
3794 3776 3817 3794 -

2057 3837 2279 3903 vicerit,
2306 3836 2547 3907 accipiet
2577 3851 2807 3890 ramum
2838 3835 3038 3890 istum.
3072 3836 3137 3890 Et
3177 3836 3434 3891 recessit.
3486 3837 3553 3891 Et
3603 3852 3701 3892 ac-

2057 3926 2348 3982 cessimus
2376 3925 2447 3981 ad
2482 3925 2750 3992 invicem,
2782 3928 2838 3978 et
2867 3922 3150 3995 coepimus
3182 3924 3411 3980 mittere
3444 3940 3698 3996 pugnos.

2057 4016 2159 4071 Ille
2189 4014 2332 4070 mihi
2363 4015 2538 4087 pedes
2568 4012 3001 4085 apprehendere
3016 4013 3329 4083 quaerebat,
3358 4028 3463 4086 ego
3498 4018 3698 4070 autem

2056 4103 2139 4158 illi
2173 4104 2435 4159 calcibus
2456 4102 2661 4157 faciem
2693 4101 3005 4156 cedebam.
3043 4121 3065 4151 ι
3102 4100 3363 4157 Hazccine
3392 4106 3530 4157 sunt
3574 4101 3706 4174 Spi—
3780 4133 3789 4138 -

2057 4184 2172 4238 ritu
2204 4187 2403 4238 sancto
2426 4180 2647 4252 digna?
2676 4179 2977 4236 Similiane
3008 4180 3308 4252 prophetis
3345 4180 3557 4237 obtulit
3587 4199 3700 4237 un-

2056 4271 2276 4343 quam?
2306 4270 2538 4327 Scilicet
2564 4286 2633 4325 ea
2659 4269 2785 4325 visa
2813 4271 2955 4325 sunt
2984 4270 3200 4341 quibus
3230 4286 3463 4326 sacrum
3514 4268 3699 4326 Joelis

2054 4359 2527 4414 accommodetur
2556 4357 2896 4413 oraculum?
2926 4357 3184 4413 Montani
3202 4358 3399 4430 potius
3431 4357 3701 4415 redolent

2054 4446 2345 4502 officinam
2368 4445 2599 4502 somnia
2628 4445 3194 4516 ejusmodi,ecstasis
3218 4447 3348 4517 ejus
3370 4445 3700 4515 simillima,

292 4538 491 4609 gnovit
517 4537 652 4607 (33):
705 4556 727 4584 ι
760 4540 879 4591 Hoc
908 4552 1001 4590 me
1050 4552 1388 4607 passurum,
1420 4534 1535 4591 Deo
1584 4551 1650 4589 ac
1697 4534 1942 4592 Domino
1973 4545 2019 4610 ι)
2051 4552 2169 4607 qua
2196 4533 2594 4591 Tertullianus
2624 4534 2831 4605 probat
2861 4533 3120 4589 animam
3152 4550 3281 4591 esse
3304 4534 3454 4590 aerei
3485 4534 3699 4593 coloris

286 4626 414 4697 jam
446 4629 581 4681 ante
609 4626 1017 4691 annuntiante,
1042 4641 1420 4696 cognoveram
1448 4624 1794 4680 revelatione
1820 4642 1943 4681 cer-

292 4714 544 4769 tissima.
577 4713 722 4769 Nam
756 4730 888 4768 cum
922 4713 1075 4768 dulci
1102 4730 1310 4785 sopore
1332 4712 1635 4768 devinctus
1657 4714 1939 4784 jacerem,

292 4802 565 4858 columba
599 4802 743 4856 mihi
768 4801 893 4858 visa
908 4807 995 4857 est
1022 4802 1185 4856 niveo
1209 4802 1456 4856 candore
1482 4800 1799 4872 perlucida,
1834 4820 1939 4858 cu-

293 4891 556 4947 biculum
588 4890 733 4947 illud
765 4891 1048 4963 ingressa,
1076 4890 1268 4945 subito
1292 4890 1348 4944 in
1383 4889 1573 4945 medio
1594 4890 1782 4961 capite
1810 4908 1944 4947 con-

292 4980 556 5037 sedisse:
592 4997 717 5051 quaa
749 4984 806 5034 et
841 4979 970 5035 inde
1010 4979 1367 5033 descendens
1416 4977 1473 5031 in
1508 4983 1729 5049 pectus,
1779 4996 1940 5035 escas

291 5068 437 5124 mihi
467 5068 787 5142 gratissimi
820 5068 932 5123 cibi
961 5068 1230 5134 offerens,
1265 5066 1463 5121 statim
1510 5067 1751 5137 cognovi
1783 5069 1937 5138 quod

291 5174 383 5213 me
414 5157 702 5214 Dominus
728 5173 932 5213 vocare
952 5156 1231 5229 dignatus
1254 5160 1362 5225 est,
1388 5159 1443 5210 et
1465 5154 1707 5227 dignum
1732 5156 1939 5212 habuit

289 5247 581 5319 passione.
620 5270 641 5297 ι

360 5336 629 5392 Secundo
677 5337 944 5402 observo,
986 5351 1104 5390 non
1132 5333 1321 5389 dicere
1353 5332 1696 5404 Perpetuam
1727 5351 1788 5389 se
1819 5336 1937 5391 fra-

291 5432 559 5498 tremque
615 5441 793 5481 suum
830 5440 901 5479 ex
954 5422 1079 5480 sola
1130 5420 1404 5478 buccellae
1451 5422 1817 5494 porrectione
1846 5425 1937 5496 (ut

358 5622 475 5697 (33)
503 5623 675 5696 Apud
706 5622 974 5682 Ruinart.
1005 5620 1067 5680 in
1095 5622 1242 5679 Acti:
1268 5621 1469 5679 sincer.
1498 5620 1529 5693 §
1560 5620 1647 5677 13.

2052 4630 2108 4681 et
2138 4626 2335 4679 formes
2370 4640 2471 4696 per
2500 4622 2697 4677 omnia
2729 4621 3021 4677 humanae.
3059 4646 3080 4673 Ι

2112 4712 2247 4767 Tria
2276 4715 2415 4767 sunt
2444 4711 2642 4783 igitur,
2675 4727 2801 4781 quae
2834 4711 3123 4783 prmcipue
3147 4712 3204 4765 in
3235 4710 3345 4767 hac
3396 4711 3695 4784 Perpetuas

2049 4801 2271 4857 visione
2300 4799 2651 4872 Basnagium
2682 4799 2954 4854 videntur
2978 4800 3300 4856 offendere:
3330 4803 3381 4855 1⁹
3402 4800 3502 4857 illa
3518 4817 3697 4858 sexus

2049 4890 2108 4944 in
2142 4890 2427 4961 Perpetua
2444 4888 2690 4944 mutatio
2716 4906 2728 4956 ;
2748 4889 2807 4942 2ο
2828 4888 3098 4943 Victoria:
3118 4889 3372 4961 pretium
3392 4907 3594 4945 ramus
3610 4890 3701 4945 vi-

2050 4979 2192 5033 ridis
2223 4994 2355 5032 cum
2389 4977 2559 5033 malis
2589 4978 2811 5044 aureis;
2852 4978 2911 5032 3°
2968 4977 3147 5033 Lucta
3203 4978 3499 5051 Perpetua
3556 4995 3693 5035 cum

2048 5066 2427 5138 Egyptio.Ad
2460 5066 2580 5122 haec
2611 5065 2846 5139 singula
2869 5070 3181 5137 antequam
3205 5066 3693 5140 respondeam,il-

2047 5155 2147 5210 lud
2165 5156 2486 5228 generatim
2532 5154 2743 5221 dicam,
2769 5156 3051 5226 plurimas
3084 5173 3199 5211 non
3230 5157 3404 5212 modo
3452 5174 3579 5228 quis
3626 5155 3690 5211 in

2047 5244 2293 5301 sinceris
2325 5249 2647 5317 martyrum
2688 5243 2845 5299 Actis
2901 5248 2957 5299 et
3013 5250 3351 5300 sanctorum
3402 5244 3690 5313 historiis,

2046 5333 2294 5406 aliisque
2324 5332 2733 5388 indubiaelidei
2766 5332 3185 5401 monumentis,
3235 5334 3338 5389 sed
3387 5333 3449 5389 in
3502 5332 3691 5390 sacris

2044 5440 2276 5496 quoque
2293 5422 2601 5493 utriusque
2614 5422 2971 5478 Testamenti
2990 5422 3155 5480 libris
3174 5427 3573 5493 recensentur,
3598 5422 3692 5479 vi-
