4064 6154
270 269 372 331 133

1050 260 1205 323 PRO
1250 258 1357 322 SS.
1406 259 1849 334 PERPETUA,
1896 260 2362 325 FELICITATE
2406 264 2506 327 ΕΤ
2551 266 2821 329 SOCIIS.

3514 280 3634 340 134

268 401 438 456 siones
466 413 532 452 ac
550 394 919 452 revelationes
936 392 1314 464 comtemptui
1338 408 1508 464 posse
1538 409 1603 448 ac
1622 392 1877 448 ludibrio
1906 395 1961 461 Α
1987 394 2189 451 viridis
2208 398 2488 468 tanquam
2517 398 2771 455 victorias
2785 401 3036 473 pretium
3058 402 3352 477 Perpetuas
3379 408 3633 479 oblatus,

264 486 408 545 facile
434 483 655 557 exponi,
685 484 735 539 si
762 483 892 555 ipsa
919 498 1023 554 per
1045 498 1173 538 sese
1212 482 1476 553 symbols
1517 485 1875 554 spectentur,

267 581 313 633 et
338 591 442 630 non
473 588 666 629 eorum
701 572 770 627 ad
802 587 895 627 res
924 570 1155 626 divinas
1175 575 1232 625 et
1259 570 1633 642 incorporeas
1690 567 1877 643 σχέσις

265 669 312 721 et
335 662 624 718 habitudo.
657 663 781 715 Imo
803 675 917 714 non
935 659 994 713 in
1016 657 1343 714 visionibus
1364 662 1598 715 tantum
1619 664 1677 714 et
1705 658 1881 714 inter-

264 752 340 808 nis
355 748 816 815 revelationibus,
848 748 947 803 sed
979 748 1039 802 in
1072 746 1400 803 actionibus
1458 763 1689 819 quoque
1749 764 1879 819 pro-

263 839 486 914 pheticis
515 843 572 893 et
599 836 746 908 legis
768 835 1110 891 ceremoniis
1129 836 1315 891 multa
1333 840 1492 904 sunt,
1517 852 1643 908 quae
1674 835 1807 891 vani
1827 838 1881 891 et

264 928 475 1000 superbi
530 925 793 981 homines
851 940 985 981 cum
1030 925 1152 980 risu
1206 924 1346 981 olim
1395 930 1767 997 exceperunt,
1827 928 1885 979 et

263 1018 559 1074 etiamnum
614 1013 904 1079 derident,
944 1014 1100 1086 quod
1133 1030 1232 1069 eas
1261 1030 1365 1085 per
1394 1029 1518 1069 sese
1548 1016 1886 1085 spectarunt

262 1123 351 1162 nec
376 1105 444 1160 ad
468 1119 672 1159 earum
700 1103 978 1175 mysticas
1008 1102 1267 1158 rationes
1294 1102 1688 1158 attenderunt.
1722 1102 1885 1157 Unde

264 1196 455 1250 factum
485 1197 594 1260 est,
627 1196 695 1246 ut
732 1208 857 1263 quae
890 1190 1023 1246 aliis
1073 1190 1293 1262 Spiritu
1341 1195 1541 1247 sancto
1620 1190 1882 1263 indigna,

261 1285 435 1354 inepta
446 1286 501 1338 et
512 1279 764 1337 ridicula
780 1280 905 1335 visa
925 1284 1084 1346 sunt,
1102 1279 1198 1334 alii
1216 1279 1420 1335 honori
1439 1285 1496 1335 et
1516 1279 1885 1335 admirationi

262 1370 567 1437 habuerint,
619 1373 675 1423 et
734 1384 969 1425 summa
1022 1368 1392 1424 veneratione
1423 1368 1712 1439 prosecuti
1746 1367 1883 1435 sint,

263 1459 400 1532 quod
420 1457 503 1514 illi
534 1457 760 1514 scilicet
790 1474 905 1513 non
940 1455 1094 1512 ultra
1122 1456 1179 1512 id
1219 1457 1371 1529 quod
1403 1458 1675 1513 sensibus
1723 1457 1886 1528 obje-

265 1552 410 1603 ctum
436 1550 535 1615 est,
554 1546 824 1602 animum
854 1543 1232 1614 intenderint,
1249 1544 1307 1600 hi
1331 1562 1463 1601 vero
1483 1545 1725 1602 latentia
1741 1560 1885 1616 quo-

269 1652 372 1708 que
398 1636 450 1690 in
475 1635 628 1690 hisce
649 1634 854 1708 figuris
870 1633 1146 1706 mysteria
1162 1633 1367 1689 sedulo
1387 1632 1885 1706 investigaverint.

1990 484 2184 539 simile
2215 485 2354 556 quid
2377 486 2550 542 etiam
2587 489 3138 559 habet,utvidimus,
3159 494 3217 549 in
3251 498 3547 554 canonicis
3576 504 3633 556 et

1989 572 2258 644 genuinis
2280 574 2531 646 Spiritus
2560 578 2747 632 sancti
2780 579 3248 654 revelationibus,
3279 585 3505 656 palmas
3527 588 3635 643 sci-

1990 659 2143 727 licet,
2166 661 2391 733 quasin
2450 664 2721 721 manibus
2769 672 3091 741 martyrum
3148 671 3406 730 Joannes
3461 676 3629 733 vidit.

1989 748 2169 804 Sexus
2184 750 2436 823 denique
2466 754 2715 810 mutatio
2745 754 2889 811 nihil
2912 757 3071 814 aliud
3119 759 3376 831 denotat,
3411 769 3476 819 ut
3519 766 3633 821 Au-

1992 838 2267 910 gustinus
2300 840 2591 911 observat,
2623 859 2801 914 quam
2835 847 2990 916 quod
3018 848 3330 918 Apostolus
3351 852 3627 925 scripsit:

1994 948 2023 975 ‹‹
2044 926 2106 980 In
2128 928 2353 984 Christo
2382 931 2516 985 Jesu
2548 947 2740 1002 neque
2768 934 3120 1001 masculum,
3171 953 3299 993 esse
3335 956 3522 1012 neque
3552 942 3635 998 fe-

1995 1015 2215 1070 minam
2242 1034 2254 1083 ;
2280 1039 2300 1065 ο
2326 1020 2383 1072 et
2400 1034 2513 1073 non
2531 1018 2723 1075 solum
2741 1021 3053 1092 masculos,
3073 1025 3174 1079 sed
3196 1025 3373 1082 etiam
3388 1028 3637 1086 feminas

1996 1104 2239 1159 evadere
2269 1121 2371 1176 per
2406 1106 2641 1163 virtutis
2700 1110 3186 1182 exercitationem,
3234 1135 3262 1164 α
3313 1119 3638 1174 secundum

1995 1191 2332 1248 interiorem
2364 1194 2662 1251 hominem
2692 1196 2751 1252 in
2782 1198 2975 1253 virum
3005 1201 3346 1271 perfectum,
3380 1204 3438 1259 in
3482 1222 3645 1262 men-

1997 1297 2194 1336 suram
2228 1283 2412 1338 aetatis
2452 1284 2843 1361 plenitudinis
2901 1288 3135 1344 Cbristi.
3196 1294 3281 1345 An
3342 1294 3646 1365 ergoindi-

1996 1385 2177 1441 gnum
2210 1370 2319 1425 fuit
2336 1371 2553 1443 Spiritu
2573 1380 2774 1430 sancto
2797 1376 3045 1448 mystica
3073 1378 3640 1453 visionesignificarc

1997 1459 2150 1531 quod
2175 1460 2437 1531 mysticis
2466 1463 2658 1518 verbis
2689 1463 2903 1521 Paulus
2936 1469 3341 1538 expresserat?
3385 1471 3495 1526 Sed
3542 1489 3641 1528 an-

1996 1564 2111 1603 non
2143 1547 2294 1603 idem
2328 1548 2580 1620 Spiritus
2601 1556 2839 1608 sanctus
2870 1555 3022 1624 quod
3056 1572 3157 1626 per
3180 1556 3388 1613 Isaiam
3416 1559 3487 1614 de
3507 1576 3644 1632 gen-

1991 1635 2145 1691 tium
2174 1638 2549 1693 conversione
2580 1640 2688 1695 sub
2717 1640 2959 1697 diversis
2975 1643 3268 1699 variorum
3290 1646 3637 1703 animalium

267 1724 321 1780 Id
363 1724 503 1794 quod
594 1722 792 1828 etiam”
834 1721 1103 1828 videmus
1151 1721 1216 1821 in
1284 1721 1393 1828 ha‘c
1456 1721 1889 1828 interpretanda
1916 1763 1965 1828 Β
1998 1725 2203 1828 figuris
2244 1726 2772 1828 metaphoricisque
2818 1731 3015 1828 verbis
3058 1733 3421 1828 praedixerat,
3460 1740 3642 1828 post-

265 1816 530 1885 Perpetuae
555 1811 910 1868 revelatione
949 1810 1284 1882 contigisse.
1334 1810 1494 1874 Quod
1523 1811 1679 1867 enim
1713 1810 1884 1865 modo

265 1901 599 1974 Basnaginm
613 1900 855 1956 oﬂ‘endit
867 1899 1025 1967 ,olim
1039 1898 1351 1970 Augustini
1368 1902 1623 1955 mentem
1644 1899 1887 1955 mirifice

264 1989 564 2046 delectabat
587 1988 791 2061 (34);‹‹
832 1987 1104 2055 Delectat,
1163 1986 1373 2059 inquit,
1406 1987 1563 2059 piam
1628 1993 1885 2044 mentem

261 2080 357 2135 tale
371 2078 774 2151 spectaculum
792 2076 1074 2146 contueri,
1091 2075 1264 2148 quale
1284 2075 1395 2131 sibi
1414 2077 1582 2132 beata
1602 2077 1887 2148 Perpetua

259 2168 318 2223 de
349 2184 404 2223 se
432 2168 569 2239 ipsa
590 2165 905 2222 revelatum
928 2182 1056 2221 esse
1078 2165 1354 2231 narravit,
1376 2165 1565 2221 virum
1586 2183 1648 2222 se
1670 2166 1886 2221 factam

255 2261 476 2313 certasse
494 2272 638 2311 cum
664 2254 915 2310 diabolo.
940 2253 1040 2309 Illo
1055 2253 1677 2325 quippeIcertaminein
1697 2253 1885 2307 virum

253 2345 550 2417 perfectum
587 2343 759 2399 etiam
782 2342 911 2414 ipsa
933 2342 1222 2409 currebat,
1247 2341 1305 2395 in
1342 2358 1682 2398 mensuram
1704 2342 1889 2398 atatis

252 2432 624 2507 plenitudinis
637 2430 870 2488 Christi.
896 2453 924 2481 »
942 2434 1009 2485 Et
1028 2429 1087 2485 in
1111 2429 1222 2485 alio
1245 2446 1511 2486 sermone
1533 2431 1603 2486 ad
1622 2432 1889 2487 eamdem

254 2522 525 2594 Perpetua;
571 2520 855 2576 visionem
893 2518 1183 2586 alludens,
1215 2518 1433 2574 similia
1468 2520 1679 2591 repetit
1734 2520 1887 2592 (35):

311 2611 445 2677 Quid
479 2609 651 2666 enim
684 2607 997 2678 gloriosius
1034 2606 1127 2662 his
1177 2606 1435 2673 feminis,
1467 2624 1615 2679 quas
1646 2609 1752 2663 viri
1786 2610 1891 2665 mi-

252 2705 434 2755 rantur
452 2698 699 2755 facilius
720 2713 898 2771 quam
921 2696 1230 2752 imitantur
1261 2696 1289 2750 ?
1309 2696 1416 2751 Sed
1457 2696 1565 2752 hoc
1594 2696 1757 2753 illius
1789 2714 1890 2769 po-

253 2788 663 2844 tisimumlaus
692 2790 802 2852 est,
834 2786 892 2840 in
933 2801 1109 2857 quem
1162 2785 1485 2853 credentes,
1547 2786 1678 2841 etin
1724 2789 1891 2858 cujus

254 2878 390 2933 129
425 2876 672 2933 nomine
703 2874 856 2930 fideli
878 2874 1073 2930 studio
1105 2877 1537 2941 concurrentes,
1568 2877 1888 2932 secundum

256 2966 573 3022 interiorem
608 2963 913 3020 hominem
935 2979 1041 3018 nec
1073 2961 1371 3018 masculus
1405 2979 1509 3019 nec
1540 2963 1759 3020 femina
1801 2964 1891 3020 in-

258 3054 575 3122 veniuntur,
611 3056 681 3108 ut
708 3052 887 3108 etiam
918 3051 977 3106 in
1011 3050 1103 3107 his
1136 3066 1263 3122 quis
1285 3053 1425 3106 sunt
1485 3050 1709 3107 femina
1766 3069 1893 3108 cor-

1994 1814 2235 1869 modum
2259 1814 2656 1885 apostolorum
2685 1817 2953 1889 principi,
2980 1819 3155 1875 linteo
3174 1820 3284 1892 ipsi
3311 1822 3370 1877 in
3418 1823 3641 1880 visione

1993 1901 2247 1957 exhibito
2260 1903 2453 1958 omnis
2466 1905 2696 1975 generis
2712 1904 3037 1962 immundis
3061 1908 3417 1966 animalibus
3432 1912 3642 1968 referto

1994 1990 2387 2061 signiﬁcavit?
2408 1997 2617 2048 Annon
2651 1993 2863 2065 saepius
2895 1995 3050 2050 idem
3082 1996 3335 2067 Spiritus
3376 2004 3639 2069 sanctus,

1995 2078 2149 2149 quod
2181 2096 2283 2150 per
2302 2080 2615 2152 prophetas
2644 2082 2835 2139 verbis
2847 2083 3163 2155 aliquando
3184 2087 3470 2157 praedixit,
3489 2088 3647 2144 idem

1997 2171 2055 2222 et
2095 2168 2450 2239 pr0pheticis
2481 2170 2810 2227 actionibus
2841 2173 3232 2239 adumbravit,
3284 2192 3411 2247 quas
3460 2176 3650 2246 primo

2001 2261 2242 2328 aspectu
2262 2275 2376 2312 non
2402 2258 2545 2314 satis
2557 2259 2738 2314 videri
2760 2266 3004 2331 possunt
3028 2278 3161 2317 cum
3180 2263 3445 2319 decentia
3470 2265 3652 2321 fuisse

1999 2345 2395 2417 gravitateque
2426 2348 2737 2415 conjuncta
2757 2348 2784 2403 ?
2810 2352 2873 2403 ut
2886 2366 3020 2404 cum
3055 2351 3234 2406 Isaias
3259 2352 3456 2407 nudus
3471 2354 3651 2423 jube-

2000 2438 2097 2488 tur
2125 2434 2447 2502 ambulare,
2480 2436 2741 2491 Ezechiel
2774 2454 2981 2509 panem
3014 2441 3334 2507 comedere,
3373 2446 3652 2514 autoper-

1999 2526 2127 2578 tum
2162 2544 2190 2572 ‹‹
2211 2528 2462 2579 stercore
2483 2525 2635 2595 quod
2661 2526 2956 2597 egreditur
2995 2528 3066 2582 de
3109 2527 3363 2594 homine,
3400 2550 3421 2579 ι
3458 2535 3561 2585 aut
3590 2530 3652 2587 in

2000 2610 2218 2666 bonum
2242 2612 2380 2667 fimo
2402 2614 2726 2669 confectum
2747 2619 2833 2679 get
2850 2616 2994 2671 Osee
3016 2632 3250 2673 sumere
3270 2617 3379 2673 sibi
3413 2634 3653 2675 uxorem

2000 2699 2396 2766 fornicariam,
2419 2706 2475 2756 et
2505 2701 2656 2757 filios
2676 2703 2789 2758 sibi
2808 2703 2995 2759 facere
3018 2704 3488 2762 fornicationum.
3504 2708 3654 2774 Quid

1999 2790 2375 2859 responderet
2394 2792 2745 2861 Basnagius,
2777 2792 2825 2846 si
2863 2793 3072 2847 atheus
3102 2794 3316 2865 aliquis
3344 2794 3538 2866 ipsum
3562 2796 3655 2850 in-

2000 2880 2361 2949 terrogaret:
2397 2877 2656 2933 Hasccine
2715 2883 2855 2934 sunt
2901 2880 3123 2950 Spiritu
3172 2886 3368 2936 sancto
3426 2882 3656 2955 digna?

2004 2964 2258 3020 haeccine
2288 2966 2392 3020 tibi
2425 2966 2698 3022 videntur
2727 2967 2871 3022 satis
2902 2984 3037 3023 cum
3080 2970 3361 3040 gravitate
3392 2971 3660 3027 decentia

2007 3070 2120 3125 que
2146 3054 2499 3123 conjuncta?
2529 3056 2948 3127 Quamcunque
2978 3057 3157 3129 igitur
3182 3058 3466 3115 rationem
3498 3075 3659 3116 exco-

258 3160 398 3215 pore,
429 3143 620 3199 virtus
652 3140 866 3197 mentis
900 3156 1102 3197 sexum
1134 3140 1328 3195 carnis
1358 3140 1699 3207 abscondat,
1731 3147 1788 3197 et
1835 3142 1893 3198 in
1924 3122 1968 3189 (ἶ
2006 3122 2216 3215 gitaret
2246 3122 2310 3197 ut
2357 3142 2693 3215 prophetica
2742 3122 2870 3200 haec
2920 3122 3086 3218 gesta
3134 3148 3289 3203 180
3342 3149 3658 3205 mandante

259 3231 523 3287 membris
552 3230 757 3303 pigeat
790 3228 1063 3302 cogitare,
1087 3228 1241 3300 quod
1264 3228 1323 3283 in
1360 3228 1527 3284 factis
1560 3245 1675 3284 non
1707 3230 1898 3302 potuit

263 3338 547 3395 apparere.

319 3411 415 3466 Cui
445 3426 586 3467 vero
617 3407 905 3481 Basnagio
935 3405 1299 3478 displicuerit
1316 3406 1571 3464 victorias
1591 3409 1895 3479 praemium

263 3516 404 3556 ramo
443 3499 624 3554 viridi
686 3496 856 3553 malis
895 3495 1089 3550 aureis
1142 3499 1344 3551 ornato
1401 3495 1715 3569 designari,
1757 3499 1899 3554 satis

262 3590 509 3660 equidem
528 3588 833 3660 percipere
848 3601 960 3639 non
976 3600 1239 3656 possum.
1259 3592 1461 3639 Annon
1478 3586 1633 3641 enim
1646 3586 1788 3641 Joan
1801 3604 1901 3643 nes

263 3676 608 3750 evangelista
640 3674 700 3729 in
725 3677 1048 3745 martyrum
1102 3671 1378 3727 manibus
1433 3673 1657 3743 palmas
1712 3675 1903 3732 vidit?

262 3788 285 3813 α
307 3768 367 3835 Et
388 3764 627 3836 palmae,
651 3762 861 3834 Inquit,
878 3761 935 3816 in
960 3760 1233 3816 manibus
1251 3776 1473 3815 eorum.
1500 3783 1529 3810 ››
1551 3762 1607 3815 Si
1629 3762 1902 3819 victorias

262 3859 571 3925 martyrum
586 3852 651 3907 in
665 3849 875 3924 palmis
888 3849 1255 3905 adumbravit
1267 3847 1520 3919 Spiritus
1533 3853 1905 3919 sanctus,cur

260 3956 445 3997 ramus
456 3940 673 3996 viridis
686 3938 950 4009 ejusdem
962 3935 1215 3992 victoriae
1228 3940 1402 4008 typus
1414 3953 1543 3993 esse
1555 3954 1670 3993 non
1683 3938 1906 4009 potuit?

324 4029 443 4085 Non
488 4033 622 4085 erat
638 4027 811 4083 etiam
843 4043 947 4081 cur
968 4025 1261 4097 Perpetuus
1292 4023 1449 4080 lucta
1491 4041 1624 4080 cum
1674 4026 1905 4084 diabolo

264 4116 393 4174 adeo
433 4116 772 4189 Basnagius
817 4114 1164 4181 offendetur,
1197 4116 1263 4168 ut
1286 4112 1386 4184 qui
1442 4113 1643 4169 Jacobi
1686 4114 1903 4171 luctam

266 4221 384 4261 cum
415 4206 631 4280 angelo
653 4204 865 4277 saepius
886 4202 1115 4275 legerit.
1144 4203 1351 4256 Annon
1384 4202 1561 4271 enim,
1594 4201 1644 4258 si
1676 4220 1789 4260 non
1832 4205 1905 4260 ad

266 4295 526 4365 mysticae
551 4294 738 4365 hujus
756 4293 889 4348 facti
911 4292 1166 4347 rationes
1190 4292 1583 4359 attendamus,
1601 4294 1789 4365 magis
1803 4293 1906 4349 ab-

272 4383 500 4438 surdum
520 4381 711 4438 videri
730 4383 963 4453 poterit,
993 4380 1294 4435 hominem
1312 4396 1426 4435 non
1443 4378 1503 4434 in
1522 4382 1789 4452 somniis,
1805 4382 1904 4438 sed

2006 3230 2226 3303 Spiritu
2260 3235 2460 3287 sancto
2488 3236 2778 3304 suscepta,
2811 3234 2882 3289 ab
2910 3232 3229 3306 impiorum
3286 3235 3660 3292 irrisionibus

2006 3323 2284 3385 tueretur,
2318 3318 2572 3375 similem
2612 3325 2669 3376 et
2697 3338 2803 3377 nos
2823 3338 3055 3394 semper
3080 3326 3137 3379 et
3157 3324 3321 3380 facile
3360 3326 3651 3395 excogita-

2006 3408 2205 3464 bimus
2225 3408 2296 3462 ad
2357 3409 2652 3480 Perpetuas
2705 3409 2991 3466 visionem
3023 3413 3094 3467 ab
3141 3412 3330 3483 ipsius
3390 3412 3664 3484 Basnagii

2010 3495 2475 3552 cavillationibus
2518 3496 2955 3555 vindicandam:
3015 3500 3126 3556 nisi
3172 3502 3317 3556 forte
3376 3504 3657 3572 majorem

2012 3587 2067 3640 in
2098 3585 2439 3640 dormientis
2466 3585 2733 3655 quamvis
2765 3587 3119 3657 propheticis
3151 3589 3422 3658 somniis,
3482 3605 3662 3660 quam

2011 3661 2072 3727 in
2084 3671 2453 3745 vigilantium
2470 3672 2973 3745 propheticisitem
2989 3675 3318 3732 actionibus
3331 3677 3659 3733 decentiam

2013 3761 2472 3833 gravitatemque
2504 3762 2784 3834 requirat.

2084 3849 2430 3921 Quanquam
2448 3849 2661 3905 etillud
2689 3850 2931 3906 minime
2946 3852 3535 3923 praetermittendum,
3556 3852 3665 3908 im-

2012 3939 2330 4009 prudenter
2356 3942 2549 4010 petere
2582 3940 2957 4009 Basnagium,
2991 3944 3055 3995 ut
3084 3941 3219 3995 huic
3253 3941 3552 4011 Perpetua:
3582 3940 3665 3996 vi-

2014 4026 2163 4082 sioni
2189 4026 2364 4081 aliam
2407 4028 2644 4082 omnino
2675 4028 2925 4083 similem
2985 4028 3042 4083 in
3079 4028 3261 4084 sacris
3303 4027 3471 4084 libris
3508 4027 3671 4083 exhi-

2014 4116 2278 4170 beamus.
2338 4115 2450 4169 Hoc
2498 4114 2651 4170 enim
2713 4120 3054 4188 argumento
3112 4131 3318 4171 omnes
3364 4117 3545 4171 ferme
3601 4115 3663 4171 in

2012 4203 2408 4274 suspicionem
2440 4205 2727 4260 adducere
2757 4205 2965 4275 poterit
3010 4209 3345 4259 sanctorum
3402 4203 3656 4260 visiones

2016 4309 2142 4363 quae
2164 4292 2219 4346 in
2252 4291 2510 4347 historiis
2532 4292 2944 4348 ecclesiasticis
2977 4292 3325 4347 referuntur.
3362 4290 3487 4345 Non
3511 4289 3666 4346 mul-

2015 4386 2105 4435 tas
2132 4381 2288 4435 enim
2321 4380 2569 4451 reperiet
2598 4382 2899 4436 recensitis
2932 4381 2992 4435 in
3023 4381 3206 4435 sacris
3233 4378 3399 4434 libris
3421 4378 3662 4436 omnino

271 4468 625 4541 vigilantem,
654 4474 838 4526 totam
858 4474 1083 4525 noctem
1105 4466 1315 4523 luctari
1332 4484 1465 4523 cum
1498 4469 1647 4524 bono
1680 4470 1906 4542 angelo,
1936 4489 1983 4553 Ι)
2015 4468 2255 4524 similes.
2288 4468 2556 4524 Oblatam
2589 4475 2789 4524 saneto
2821 4468 3106 4542 Cypriano
3158 4468 3345 4523 futuri
3400 4467 3667 4540 martyrii

270 4574 435 4629 quam
464 4565 735 4616 sanctam
760 4559 1039 4614 feminam
1073 4556 1280 4612 luctari
1304 4556 1361 4611 in
1385 4558 1911 4615 somniiscumdia-

266 4644 390 4700 bolo
410 4646 615 4713 ?Quod
650 4646 700 4703 si
740 4662 857 4701 non
896 4644 1205 4716 indignum
1264 4644 1376 4699 fuit
1407 4645 1625 4716 Spiritu
1686 4653 1908 4715 sancto,

267 4734 629 4792 luctaJacobi
660 4752 793 4791 cum
819 4736 1024 4807 angelo
1043 4736 1357 4805 mysticum
1383 4733 1521 4805 quid
1540 4735 1911 4804 adumbrare,

266 4838 363 4878 cur
392 4825 603 4897 quaerit
620 4825 947 4898 Basnagius
979 4840 1051 4879 an
1073 4822 1253 4896 digna
1282 4822 1459 4879 fuerit
1472 4824 1687 4897 Spiritu
1710 4830 1913 4883 sancto

265 4911 451 4968 oblata
467 4914 770 4985 Perpetuae
801 4912 968 4984 visio,
1001 4928 1117 4984 qua
1157 4911 1270 4967 sibi
1300 4910 1604 4969 videbatur
1635 4916 1913 4971 adversus

268 4998 562 5057 diabolum
586 5003 899 5058 decertare.
935 5001 1049 5057 Cur
1090 4999 1265 5055 etiam
1327 5000 1535 5072 quaerit
1571 5018 1645 5057 an
1700 5002 1915 5058 similia

267 5105 524 5162 unquam
554 5091 854 5165 prophetis
882 5089 1135 5164 Spiritus
1165 5088 1321 5144 idem
1339 5094 1581 5145 sanctus
1602 5090 1913 5147 obtulerit?

264 5176 488 5235 Obtulit
518 5180 698 5249 enim,
728 5185 796 5236 ut
824 5179 1098 5237 vidimus.
1132 5177 1280 5242 Quid
1304 5178 1461 5232 enim
1490 5176 1754 5245 interest,
1780 5180 1912 5235 dor-

265 5266 499 5325 miendo
532 5286 605 5325 an
624 5270 917 5343 vigilando
955 5270 1210 5327 Jacobus
1256 5271 1313 5324 et
1365 5271 1653 5339 Perpetua
1708 5269 1911 5324 luctati

228 5430 238 5439 .
266 5354 500 5424 fuerint,
534 5357 777 5417 illecum
800 5360 1028 5433 angelo,
1071 5358 1172 5415 illa
1227 5374 1360 5414 cum
1389 5357 1659 5416 diabolo?
1692 5361 1912 5415 Ramus

335 5569 453 5644 (34)
476 5571 663 5632 Serm.
692 5574 821 5648 281,
853 5574 929 5633 al.
953 5574 1025 5632 de
1052 5572 1317 5644 diversis,
1351 5572 1473 5629 104.

2022 4557 2430 4613 rex-elationem
2462 4558 2521 4611 in
2540 4557 2666 4626 ejus
2701 4555 2827 4612 Vita
2857 4556 3100 4613 Pontius
3146 4558 3429 4613 diaconus
3468 4557 3674 4629 refert,

2022 4646 2114 4701 cui
2139 4644 2356 4700 nullam
2391 4645 2628 4700 omnino
2662 4647 2912 4701 similem
2944 4646 3244 4718 prophetis
3287 4645 3499 4701 obtulit
3537 4662 3668 4701 um-

2022 4753 2195 4806 quam
2228 4734 2482 4805 Spiritus
2514 4741 2774 4791 sanctus.
2809 4736 2967 4791 Hanc
2990 4736 3169 4809 igitur
3225 4736 3283 4789 in
3335 4734 3662 4806 exemplum

2021 4825 2310 4880 adducam
2334 4839 2347 4878 :
2370 4843 2396 4875 α
2423 4824 2502 4879 Eo
2533 4823 2625 4880 die
2642 4841 2757 4897 quo
2774 4825 3030 4897 primum
3054 4825 3114 4879 in
3141 4823 3325 4880 exsilii
3349 4824 3472 4878 loco
3496 4838 3662 4877 man-

2022 4912 2206 4969 simus
2237 4913 2394 4984 (nam
2429 4917 2485 4967 et
2507 4914 2764 4969 meinter
2777 4914 3125 4970 domesticos
3143 4912 3383 4968 comites
3403 4910 3665 4981 dignatio

2022 5001 2386 5073 charitatisej
2395 5018 2465 5058 us
2487 5001 2776 5073 delegerat
2790 5002 3048 5059 exsulem
3066 5000 3480 5065 voluntarium,
3500 4999 3655 5068 quod

2021 5091 2247 5147 utinam
2278 5095 2336 5147 et
2365 5092 2424 5146 in
2457 5092 2730 5163 passione
2761 5092 3024 5147 licuisset
3044 5092 3105 5158 l),
3164 5085 3437 5159 apparuit
3493 5085 3662 5155 mihi,

2021 5180 2236 5253 inquit,
2259 5180 2519 5236 nondum
2551 5180 2741 5236 somni
2776 5180 2969 5253 quiete
2990 5172 3452 5249 sopito,juvenis
3511 5174 3665 5229 ultra

2021 5270 2263 5325 modum
2294 5268 2552 5323 enormis
2577 5284 2589 5324 :
2610 5268 2711 5338 qui
2737 5283 2873 5324 cum
2902 5282 2997 5321 me
3018 5262 3186 5333 quasi
3216 5263 3288 5318 ad
3334 5261 3663 5334 praetorium

2021 5359 2277 5429 duceret,
2306 5356 2545 5413 videbar
2574 5354 2717 5412 mihi
2738 5353 3016 5413 tribunali
3054 5350 3311 5409 sedentis
3367 5356 3495 5408 tum
3528 5368 3667 5425 pro-

2092 5572 2205 5647 (35)
2236 5571 2424 5629 Serm.
2444 5569 2572 5628 280.
2595 5568 2672 5629 al.
2709 5570 2783 5630 de
2803 5567 3071 5637 diversis,
3105 5566 3232 5639 103,
