4064 6154
407 263 521 324 135

1549 255 2072 322 DISSERTATIO
2114 255 2657 320 APOLOGETICA

3689 256 3807 318 1.36

404 394 662 451 consulis
691 393 1004 449 admoveri.
1029 397 1082 446 Is
1113 396 1177 446 ut
1210 391 1265 446 in
1299 407 1392 447 me
1441 393 1711 464 respexit,
1771 394 2050 447 annotare
2076 389 2132 455 Α
2163 390 2275 444 tuit
2296 408 2310 457 ;
2335 392 2416 445 ita
2445 394 2510 446 ut
2539 389 2640 444 filii
2668 404 2879 445 nomen
2913 387 3209 459 scipturus
3239 387 3433 458 potius
3487 403 3664 459 quam
3712 405 3801 445 re-

405 483 600 539 statim
640 483 810 554 capit
841 483 896 537 in
931 481 1128 536 tabula
1158 480 1506 536 sententiam
1543 498 1718 552 quam
1753 497 1866 536 non
1902 480 2045 535 scie-

401 573 557 628 bam.
590 571 749 626 Nihil
780 570 935 626 enim
967 571 1035 625 de
1060 586 1153 625 me
1175 569 1347 625 solita
1394 569 1848 642 interrogatione
1884 585 2039 640 qua-

401 661 596 718 sierat.
634 661 744 716 Sed
777 660 933 714 enim
957 659 1210 729 juvenis,
1237 658 1394 728 quia
1421 663 1581 731 tergo
1639 659 1767 729 ejus
1824 657 2036 713 stabat.

398 750 713 806 admodum
727 748 995 804 curiosus
1016 747 1451 819 legitquidquid
1475 747 1662 803 fuerat
1673 749 2036 811 annotatum,

397 840 466 894 Et
485 838 625 910 quia
649 838 784 893 inde
804 837 995 892 verbis
1029 837 1279 908 proferre
1328 853 1442 890 non
1469 840 1718 907 poterat,
1742 839 1886 890 nutu
1937 835 2034 888 de-

394 927 652 984 clarante
672 925 1037 994 monstravit,
1070 924 1210 996 quid
1254 925 1313 979 in
1344 923 1553 980 litteris
1610 923 1824 980 tabula
1874 921 2034 977 illius

392 1016 726 1073 haberetur.
749 1019 921 1070 Manu
965 1015 1121 1069 enim
1166 1030 1421 1085 expansa
1459 1017 1516 1068 et
1544 1011 1913 1084 complanata
1960 1011 2031 1065 ad

391 1110 570 1178 spata
602 1106 862 1169 modum,
894 1103 1074 1158 ictum
1105 1101 1291 1157 solita
1349 1100 1869 1157 animadversionis
1899 1098 2031 1154 imi-

390 1198 570 1263 tatus,
596 1195 750 1266 quod
771 1192 1000 1248 volebat
1028 1190 1297 1261 intelligi,
1330 1191 1403 1245 ad
1435 1190 1622 1245 instar
1653 1187 1858 1259 liquidi
1908 1203 2029 1243 ser-

387 1284 581 1340 monis
608 1282 909 1354 expressit.
935 1279 1192 1335 lntellexi
1222 1278 1573 1334 sententiam
1604 1277 1894 1349 passionis
1944 1276 2031 1330 fu-

377 1377 592 1429 turam.
627 1372 852 1444 Rogare
873 1369 1017 1440 capi
1049 1373 1106 1424 et
1135 1373 1327 1440 petere
1371 1367 1669 1433 continuo,
1709 1369 1774 1420 ut
1823 1363 2028 1420 dilatio

380 1462 526 1519 mihi
555 1460 644 1518 vel
676 1459 852 1516 unius
883 1458 995 1513 diei
1027 1461 1454 1529 prorogaretur,
1486 1457 1671 1511 donec
1717 1471 1808 1510 res
1866 1469 2026 1509 meas

381 1551 644 1622 legitima
691 1547 1055 1604 ordinatione
1100 1546 1491 1616 disponerem.
1527 1545 1594 1599 Et
1639 1559 1774 1598 cum
1823 1559 2024 1614 preces

374 1639 706 1710 frequenter
746 1637 1072 1699 iterassem,
1107 1650 1317 1689 rursus
1348 1633 1408 1687 in
1429 1631 1634 1688 tabula
1663 1635 1913 1702 caperet
1931 1647 2026 1686 ne-

375 1727 495 1782 scio
515 1726 651 1798 quid
665 1728 963 1781 annotare.
988 1723 1154 1779 Sensi
1178 1727 1373 1777 tamen
1399 1721 1469 1776 de
1482 1720 1682 1776 vultus
1709 1718 2019 1775 serenitate
2048 1753 2093 1818 Β

362 1814 583 1886 judicis
596 1817 848 1870 mentem
868 1812 1208 1884 quasijusta
1221 1810 1496 1882 petitione
1509 1811 1882 1864 commotam.
1902 1806 2013 1862 Sed

368 1908 428 1959 et
448 1902 815 1974 illejuvenis,
848 1900 946 1972 qui
971 1901 1304 1972 jandudum
1346 1898 1416 1953 de
1452 1896 1744 1968 passionis
1773 1895 2012 1965 indicio,

365 1996 534 2064 gestu
568 1991 784 2064 potius,
825 2005 1002 2060 quam
1042 2004 1308 2043 sermone
1363 1985 1716 2058 prodiderat,
1776 1982 2011 2039 clande-

365 2079 519 2135 stino
549 2079 867 2134 identidem
900 2082 1046 2132 nutu
1068 2091 1405 2132 concessam
1437 2073 1772 2128 dilationem
1791 2088 1918 2142 qua
1948 2071 2008 2126 in

362 2169 685 2224 crastinum
718 2161 1037 2237 petebatur,
1079 2164 1358 2221 contortis
1389 2168 1521 2235 post
1541 2161 1790 2216 invicem
1809 2159 2008 2231 digitis

361 2255 407 2310 si
415 2255 692 2327 gnificare
708 2253 1056 2326 properavit.
1075 2275 1101 2302 ››
1117 2254 1261 2308 Huic
1273 2250 1510 2308 omnino
1523 2249 1774 2305 Similem
1790 2249 2008 2303 frustra

361 2345 618 2416 requiret
647 2343 972 2414 Basnagius
1000 2342 1152 2397 inter
1169 2340 1534 2413 propheticas
1565 2355 1697 2394 cum
1756 2336 2002 2405 Veteris,

358 2436 484 2487 tum
511 2431 654 2487 Novi
677 2431 1032 2486 Testamenti
1069 2428 1466 2484 revelationes.
1528 2425 1835 2497 Scriptura
1881 2425 2005 2480 loca

360 2521 715 2592 quibuscum
772 2520 888 2574 hac
943 2518 1212 2590 Cypriani
1269 2517 1414 2572 visio
1467 2515 1723 2586 aliquam
1771 2513 2004 2569 videtur

361 2609 573 2664 habere
605 2608 1050 2664 similitudinem
1073 2605 1551 2662 notavitPontius
1571 2603 1700 2668 ;sed
1723 2619 1836 2657 non
1859 2603 2000 2658 adeo

353 2698 554 2753 afﬁnia
582 2706 719 2753 sunt
745 2701 803 2752 et
815 2714 939 2768 qua
957 2696 1228 2768 superius
1245 2693 1653 2749 annotavimus
1676 2709 1810 2747 cum
1840 2709 1908 2746 ea
1929 2691 2000 2746 de

353 2802 469 2858 qua
486 2802 640 2840 nunc
673 2785 928 2856 agimus,
950 2784 1246 2854 Perpetua
1303 2780 1684 2849 revelatione;
1711 2780 1793 2835 sic
1840 2779 1998 2835 enim

349 2874 612 2929 habet:«
635 2874 781 2939 Quid
831 2873 940 2927 hac
989 2871 1337 2927 revelatione
1395 2869 1813 2924 manifestius?
1857 2868 1996 2939 quid

348 2961 457 3018 hac
505 2960 842 3034 dignatione
901 2960 1164 3016 felicius?
1202 2964 1351 3014 Ante
1398 2957 1488 3012 illi
1541 2958 1816 3029 pradicta
1859 2958 1999 3012 sunt

347 3053 567 3116 omnia,
618 3067 994 3122 quacunqua
1031 3049 1405 3121 postmodum
1466 3047 1778 3103 subsecuta
1831 3048 1992 3101 sunt.

2152 478 2595 545 laturus,.metu
2625 475 2857 532 tabulas
2881 475 3220 548 postularet.
3245 475 3449 532 Merito
3479 481 3535 531 et
3563 476 3677 548 hic,
3703 476 3803 533 ubi

2151 568 2253 622 Dei
2285 567 2530 622 nuntius
2561 567 2894 639 passionem
2927 564 3628 621 antistitisimminentem
3648 571 3802 621 nutu

2149 655 2346 726 potius
2375 655 2681 727 expressit,
2705 657 2762 709 et
2789 653 2966 708 ﬁdem
2989 651 3313 720 admonuit,
3349 656 3407 708 et
3439 654 3800 710 sacerdotem

2150 743 2419 798 munivit.
2454 765 2482 792 ››
2514 743 2642 797 Hac
2680 741 2887 797 habuit
2915 741 3154 797 omnino
3180 741 3444 809 Pontius,
3479 745 3544 797 ut
3558 742 3798 815 Cypria-

2149 831 2290 887 nica
2338 831 2704 887 revelationis
2761 831 2936 886 fidem
2987 834 3248 886 tueretur
3291 833 3350 886 et
3405 829 3792 904 dignitatem;

2146 922 2363 992 quibus
2380 938 2495 976 non
2526 920 2674 975 mihi
2704 920 2903 975 videor
2938 935 3042 991 pro
3099 919 3394 992 Perpetua
3446 920 3798 978 revelatione

2147 1010 2346 1066 minus
2372 1014 2761 1065 consentanea
2780 1007 3145 1080 produxisse.
3167 1009 3283 1063 Aut
3310 1023 3445 1080 ergo
3479 1012 3796 1082 utramque

2144 1100 2359 1171 pariter
2386 1097 2735 1170 repudiabit,
2769 1103 2835 1152 ut
2865 1097 3087 1168 Spiritu
3141 1101 3343 1152 sancto
3401 1097 3645 1153 minime
3703 1099 3793 1154 di-

2141 1192 2480 1259 gnam;aut
2511 1191 2670 1255 ,certe
2722 1191 3033 1256 utramque
3089 1185 3348 1257 recipiet,
3407 1190 3463 1241 et
3515 1188 3792 1244 eumdem

2139 1275 2421 1348 Spiritum
2452 1281 2746 1332 auctorem
2804 1273 3082 1336 habuisse
3139 1273 3435 1330 fatebitur.
3490 1273 3792 1349 Pracipue

2139 1365 2280 1436 quia
2309 1364 2461 1436 quod
2494 1364 2565 1419 de
2593 1361 2863 1436 Cypriani
2891 1360 3235 1418 revelatione
3248 1361 3493 1420 sollicite
3524 1365 3789 1420 ostendit

2138 1453 2402 1520 Pontius,
2433 1453 2586 1507 idem
2620 1457 2678 1508 et
2707 1468 2813 1507 nos
2835 1451 3022 1523 capite
3052 1451 3319 1522 sequenti
3356 1452 3428 1508 de
3483 1455 3788 1526 Perpetua

2137 1541 2587 1597 revelationibus
2601 1541 2728 1595 dem
2737 1539 3054 1595 onstrabim
3065 1556 3153 1607 us,
3178 1555 3277 1595 eas
3290 1540 3570 1610 nimirum
3594 1541 3783 1598 fuisse

2135 1630 2310 1686 rebus
2341 1630 2486 1701 ipsis
2508 1633 2564 1684 et
2601 1628 2817 1684 secutis
2849 1627 3152 1684 eventibus
3173 1629 3602 1700 comprobatae.

2205 1718 2293 1774 IV.
2327 1718 2490 1783 Quod
2517 1716 2691 1772 etiam
2723 1715 2887 1771 addit
2925 1715 3281 1788 Basnagius:
3317 1717 3575 1773 Montani
3605 1719 3784 1776 redo-

2124 1804 2242 1862 lere
2272 1805 2566 1862 officinam
2603 1806 2897 1876 Perpetua
2947 1803 3195 1872 somnia,
3226 1810 3285 1860 et
3346 1806 3594 1862 exstasis
3651 1808 3786 1879 ejus

2122 1911 2250 1950 esse
2263 1894 2584 1962 simillima,
2605 1909 2722 1966 qua
2733 1892 3134 1948 Tertullianus
3150 1893 3357 1965 probat
3368 1893 3627 1950 animam
3645 1913 3780 1953 esse

2123 2007 2150 2034 «
2177 1985 2328 2040 aerei
2360 1982 2591 2049 coloris,
2653 1985 2710 2036 et
2767 1983 2962 2037 forma
3002 1999 3104 2053 per
3158 1981 3359 2038 omnia
3413 1982 3709 2055 humana,
3746 2007 3778 2034 »

2121 2089 2283 2144 aque
2313 2071 2526 2144 poterit
2553 2070 2828 2126 omnibus
2859 2069 3186 2126 visionibus
3219 2072 3652 2128 accommodari
3712 2073 3780 2129 in

2119 2161 2334 2234 quibus
2365 2164 2464 2217 aut
2491 2159 2707 2227 anima,
2739 2162 2840 2215 aut
2869 2158 3132 2231 angelus,
3165 2158 3252 2216 vel
3284 2160 3408 2232 ipse
3450 2164 3602 2217 Deus
3660 2163 3780 2219 sub

2117 2267 2313 2305 rerum
2370 2247 2758 2320 corporalium
2821 2248 3026 2318 ﬁguris
3113 2252 3581 2320 reprasentatur.
3679 2258 3779 2307 An

2115 2355 2320 2410 reapse
2351 2338 2633 2409 Perpetua
2660 2336 2906 2392 credidit
2933 2336 3276 2392 inhumano
3320 2338 3530 2410 spiritu
3595 2356 3780 2396 sexus

2114 2428 2662 2484 diversitatem?An
2695 2442 2864 2481 suam
2895 2425 3154 2480 animam
3177 2426 3237 2481 in
3283 2426 3508 2484 virilem
3558 2443 3774 2484 sexum

2111 2516 2359 2572 credidit
2388 2515 2569 2570 fuisse
2602 2517 2886 2569 mutatam
2907 2514 2936 2568 ?
2962 2517 3048 2568 An
3079 2531 3257 2586 quam
3313 2515 3458 2570 vidit
3493 2517 3779 2589 .ZEgyptii

2111 2605 2382 2673 formam,
2416 2603 2712 2676 propriam
2745 2602 3030 2658 damonis
3060 2604 3286 2674 putavit
3315 2621 3443 2660 esse
3472 2605 3778 2677 figuram?

2107 2697 2192 2750 An
2224 2694 2516 2750 Christum
2549 2708 2751 2748 verum
2783 2707 2910 2748 esse
2939 2691 3233 2763 lanistam,
3265 2697 3322 2749 et
3367 2693 3606 2766 angelos
3636 2711 3777 2752 esse

2108 2784 2347 2839 decoros
2377 2781 2773 2838 adolescentes
2832 2780 3225 2838 existimavit?
3265 2799 3338 2837 an
3369 2798 3432 2838 se
3473 2783 3770 2854 judicavit

2109 2872 2225 2928 isse
2255 2887 2452 2926 revera
2481 2887 2612 2926 cum
2649 2869 2836 2942 gloria
2863 2870 2935 2925 ad
2992 2874 3218 2942 portam
3274 2871 3714 2929 Sanavivariam
3741 2889 3755 2928 :

2109 2961 2606 3034 quemadmodum
2640 2959 2849 3014 insana
2877 2958 2977 3015 illa
3007 2959 3345 3016 Tertulliani
3386 2959 3761 3029 muliercula,

2106 3051 2363 3106 animam
2394 3065 2521 3105 vere
2551 3065 2681 3106 esse
2711 3047 2958 3104 credidit
2985 3052 3044 3104 et
3073 3049 3388 3104 affirmavit
3416 3071 3444 3099 «
3497 3050 3647 3107 aerei
3662 3067 3766 3106 co-

347 3138 507 3197 Nihil
522 3139 592 3193 de
612 3118 711 3193 [isi
732 3118 922 3194 verbis
951 3118 1506 3205 imminutummihil
1540 3135 1608 3190 de
1638 3139 1759 3190 tam
1789 3138 1992 3190 sancta
2022 3118 2066 3188 (ἶ
2102 3139 2244 3195 loris
2276 3143 2331 3193 et
2361 3139 2560 3194 forma
2583 3153 2683 3209 per
2727 3137 2926 3193 omnia
2981 3137 3294 3193 humana?
3324 3160 3353 3190 »
3413 3137 3561 3202 Quid
3619 3155 3764 3212 ergo

345 3227 734 3300 promissione
756 3226 1114 3282 mutilatum.
1136 3224 1381 3297 Singula
1401 3225 1655 3295 denique
1669 3223 1992 3279 secundum

345 3317 500 3388 quod
534 3320 772 3372 ostensa
792 3320 951 3380 sunt,
1003 3314 1417 3387 recognoscite.
1479 3311 1827 3368 Dilationem
1876 3311 1995 3383 peti

343 3405 605 3472 crastini,
636 3421 770 3460 cum
793 3405 864 3459 de
919 3404 1211 3476 passionis
1269 3402 1558 3459 sententia
1615 3401 1989 3472 cogitaretur,

338 3494 645 3563 postulans
677 3496 741 3547 ut
770 3509 862 3547 res
893 3509 1030 3547 suas
1053 3494 1199 3548 131
1228 3493 1320 3547 die
1367 3490 1466 3546 illo
1507 3505 1681 3561 quem
1711 3489 1990 3560 impetra-

335 3586 498 3637 verat
526 3581 840 3636 ordinaret.
875 3582 977 3636 His
1008 3581 1132 3636 dies
1165 3598 1315 3635 unus
1347 3579 1718 3650 significabat
1764 3594 1985 3632 annum

340 3669 564 3742 quoille
577 3675 709 3741 post
728 3669 1011 3725 visionem
1034 3673 1275 3724 acturus
1291 3668 1351 3722 in
1373 3666 1583 3722 saculo
1607 3668 1813 3721 fuerat.
1841 3670 1986 3721 Nam

339 3763 404 3814 ut
434 3758 804 3814 manifestius
834 3758 1046 3824 dicam,
1079 3774 1145 3812 eo
1168 3757 1260 3812 die
1291 3760 1422 3828 post
1451 3759 1714 3810 exactum
1765 3770 1986 3808 annum

341 3851 654 3903 coronatus
686 3851 794 3916 est,
817 3863 928 3917 quo
958 3847 1066 3901 hoc
1090 3845 1174 3900 illi
1206 3849 1338 3900 ante
1377 3861 1599 3899 annum
1649 3843 1837 3899 fuerat
1891 3859 1984 3898 os-

339 3941 596 3991 tensum.
629 3934 792 3991 Diem
813 3938 1010 3989 autem
1044 3933 1294 4001 Domini,
1339 3932 1448 3989 etsi
1482 3949 1596 3988 non
1644 3949 1862 3988 annum
1924 3931 1984 3986 in

337 4025 554 4080 divinis
587 4024 818 4080 Litteris
840 4023 1112 4095 legimus,
1136 4021 1511 4095 promissioni
1532 4025 1730 4077 tamen
1764 4021 1986 4076 futuro-

333 4131 467 4169 rum
500 4113 759 4169 debitum
793 4112 940 4167 illud
975 4117 1208 4184 tempus
1247 4111 1588 4183 accipimus.
1616 4110 1780 4165 Unde
1835 4109 1981 4165 nihil

329 4201 576 4259 interest
605 4201 654 4256 si
677 4217 833 4256 nunc
857 4202 965 4257 sub
1000 4201 1111 4256 diei
1145 4200 1573 4273 signiﬁcatione
1596 4198 1758 4255 solus
1789 4215 1980 4254 annus

331 4296 607 4347 ostensus
635 4294 742 4362 est,
778 4291 917 4361 quia
947 4289 1094 4344 illud
1128 4288 1362 4361 plenius
1411 4289 1582 4344 debet
1631 4304 1758 4343 esse
1817 4289 1972 4358 quod

330 4381 523 4451 majus
547 4383 656 4435 est.
693 4380 857 4443 Quod
879 4396 1011 4435 vero
1045 4384 1192 4434 nutu
1225 4379 1440 4450 potius,
1475 4381 1530 4433 et
1560 4393 1675 4432 non
1708 4393 1977 4432 sermone

331 4468 708 4540 explanatum
726 4473 814 4523 est
832 4467 1327 4540 reprascntationi
1343 4465 1622 4538 temporis
1637 4466 1977 4521 servabatur
2007 4491 2052 4556 ο

331 4556 620 4614 sermonis
651 4557 966 4627 expressio.
1003 4557 1162 4612 Solet
1194 4556 1350 4612 enim
1382 4559 1520 4610 tunc
1552 4555 1746 4610 verbis
1793 4556 1974 4626 quod-

331 4661 584 4716 cumque
614 4644 877 4716 proferri,
901 4645 1127 4717 quoties
1178 4645 1464 4716 quidquid
1500 4645 1807 4714 profertur,
1869 4644 1975 4698 im-

328 4735 539 4808 pletur.
564 4735 709 4790 Nam
743 4738 801 4790 et
830 4751 960 4790 vere
986 4751 1156 4794 nemo
1194 4734 1464 4806 cognovit
1522 4751 1703 4806 quare
1754 4733 1863 4788 hoc
1922 4733 1974 4788 ei

212 4814 226 4828 ’
328 4829 625 4880 ostensum
658 4823 884 4891 fuisset,
909 4825 1019 4880 nisi
1053 4824 1191 4896 quia
1213 4826 1342 4895 post
1371 4822 1572 4878 eodem
1605 4822 1721 4890 die,
1752 4839 1866 4892 quo
1914 4822 1972 4878 id

326 4915 568 4980 viderat,
597 4917 908 4970 coronatus
935 4918 1044 4968 est.
1076 4913 1262 4968 Medio
1296 4911 1680 4966 nihilominus
1718 4917 1974 4982 tempore

328 5003 645 5060 imminens
676 5003 870 5074 passio
905 5020 1006 5074 pro
1025 5007 1184 5057 certo
1207 5002 1278 5056 ab
1311 4999 1586 5054 omnibus
1643 4999 1972 5068 sciebatur;

330 5093 620 5165 passionis
637 5097 832 5149 tamen
850 5092 977 5147 dies
991 5096 1183 5146 certus
1205 5091 1276 5145 ab
1295 5088 1500 5146 iisdem
1517 5088 1790 5143 omnibus
1805 5089 1972 5159 quasi

333 5182 741 5255 ignorantibus
759 5181 1080 5234 tacebatur.
1114 5181 1265 5234 Sane
1294 5184 1350 5233 et
1390 5178 1446 5232 in
1495 5175 1810 5249 Scripturis
1858 5177 1973 5231 tale

334 5272 554 5344 aliquid
589 5269 837 5325 invenio.
864 5270 1010 5323 Nam
1035 5267 1338 5322 Zacharias
1359 5267 1649 5332 sacerdos,
1685 5265 1972 5336 promisso

328 5361 442 5416 sibi
477 5378 581 5432 per
609 5357 880 5432 angelum
915 5356 1056 5425 lilio,
1090 5357 1226 5427 quia
1257 5373 1371 5412 non
1395 5355 1736 5422 crediderat,
1765 5344 1970 5410 obmu-

389 5574 506 5649 (36)
535 5573 661 5632 Lib.
694 5589 752 5631 1v
782 5574 846 5632 de
877 5575 1032 5645 Orig.
1059 5574 1294 5630 Anima.
1327 5587 1454 5644 cap,
1491 5572 1578 5628 18.

2101 3242 2415 3286 commune
2445 3227 2618 3283 habet
2637 3230 2932 3298 Perpetua
2963 3226 3109 3282 visio
3133 3243 3266 3282 cum
3289 3226 3484 3282 delira
3508 3227 3767 3297 hujusce

2099 3317 2327 3374 femina
2358 3315 2759 3386 insomniis,ut
2787 3314 3004 3370 horum
3031 3314 3132 3370 illa
3154 3314 3456 3371 simillima
3508 3331 3637 3372 esse
3662 3315 3765 3371 di—

2099 3409 2308 3461 catur?
2337 3421 2471 3460 cum
2501 3409 2623 3459 tam
2655 3404 2781 3459 sine
2810 3420 2986 3460 causa
3017 3404 3402 3472 existimetur,
3433 3404 3760 3462 credidisse

2096 3496 2444 3566 Perpetuam
2475 3509 2603 3548 esse
2634 3508 2833 3548 revera
2871 3492 2932 3548 in
2957 3493 3154 3550 anima
3188 3497 3388 3550 nostra
3438 3510 3610 3550 sexus
3655 3494 3751 3549 di-

2095 3583 2447 3648 versitatem,
2479 3598 2651 3653 quam
2723 3581 2849 3637 sine
2905 3598 3084 3638 causa
3134 3581 3498 3653 judicaretur
3546 3582 3750 3639 existi-

2097 3688 2290 3728 masse
2319 3670 2481 3726 illam
2513 3673 2736 3739 caetera,
2768 3687 2895 3742 qua
2929 3675 3057 3726 tum
3087 3670 3253 3738 vidit,
3275 3687 3367 3727 res
3397 3687 3527 3728 esse
3552 3671 3747 3743 ipsas,

2095 3778 2211 3818 non
2242 3764 2438 3817 autem
2470 3776 2662 3816 rerum
2687 3763 2744 3815 et
2774 3759 3107 3815 futurorum
3131 3763 3445 3816 eventuum
3469 3759 3753 3816 similitu-

2093 3850 2280 3907 dines.
2314 3849 2467 3906 132
2501 3848 2843 3904 Audiendus
2874 3847 3052 3920 igitur
3080 3847 3252 3921 longe
3292 3865 3405 3921 pra
3453 3850 3750 3923 Basnagio

2092 3938 2453 3996 commodior
2482 3937 2729 4006 hujusce
2749 3936 2991 3992 visionis
3022 3954 3088 3992 ac
3119 3937 3430 4010 benignior
3451 3938 3752 4010 interpres

2089 4028 2454 4100 Augustinus
2485 4025 2635 4097 (36):
2673 4048 2694 4075 «ι
2732 4027 2946 4082 Sancta
2969 4026 3254 4097 Perpetua
3283 4026 3410 4083 visa
3425 4027 3536 4083 sibi
3563 4032 3654 4084 est
3684 4027 3750 4084 in

2090 4117 2314 4172 somnis
2344 4131 2481 4172 cum
2511 4115 2764 4186 quodam
2797 4114 3059 4187 [Egyptio
3115 4115 3173 4170 in
3207 4115 3402 4172 virum
3459 4132 3752 4172 conversa

2088 4204 2486 4269 luctari.Quis
2540 4207 2734 4259 autem
2779 4203 3025 4271 dubitet,
3084 4203 3143 4260 in
3193 4203 3294 4261 illa
3353 4204 3752 4264 similitudine

2087 4292 2344 4365 corporis
2365 4291 2623 4348 animam
2653 4293 2782 4365 ejus
2831 4291 3033 4360 fuisse,
3093 4309 3207 4349 non
3266 4294 3525 4366 corpus?
3573 4294 3748 4358 Quod

2084 4381 2287 4452 utique
2315 4380 2375 4434 in
2406 4397 2508 4436 suo
2536 4379 2786 4437 femineo
2816 4397 2956 4436 sexu
2997 4397 3263 4450 manens,
3297 4383 3499 4456 sOpitis
3547 4383 3746 4440 sensi-

2083 4470 2196 4526 bus
2231 4469 2508 4525 manebat
2528 4467 2588 4524 in
2620 4468 2847 4537 stratis,
2881 4470 3116 4542 quando
3146 4470 3345 4528 anima
3374 4473 3501 4544 ejus
3521 4470 3582 4528 in
3637 4471 3746 4527 illa

2081 4558 2266 4615 virilis
2295 4557 2554 4630 corporis
2578 4556 2967 4614 similitudine
2994 4557 3347 4616 luctabatur.
3375 4583 3396 4610 ι

2155 4652 2225 4703 V.
2257 4648 2604 4718 Temperare
2634 4646 2729 4702 hic
2747 4647 2892 4703 mihi
2913 4664 3028 4703 non
3044 4665 3307 4721 possum,
3332 4649 3477 4721 quin
3498 4663 3567 4706 ea
3588 4665 3742 4721 quo-

2085 4755 2198 4809 que
2230 4735 2481 4792 breviter
2509 4736 2777 4803 referam,
2812 4753 2939 4808 qua
2963 4737 3036 4793 ad
3068 4737 3353 4795 celebrem
3399 4737 3566 4794 illam
3597 4739 3741 4796 Per-

2084 4831 2270 4899 petua
2304 4827 2373 4882 de
2404 4826 2580 4881 fratre
2611 4841 2715 4882 suo
2745 4825 3049 4884 Dinocrate
3077 4827 3489 4884 revelationem
3519 4827 3748 4884 Basna-

2083 4916 2216 4988 gius
2251 4919 2512 4970 annotat.
2537 4916 2884 4987 Quanqaum
2943 4915 3099 4972 enim
3132 4917 3205 4972 ad
3262 4916 3737 4989 impugnandam

2085 5007 2423 5059 sanctorum
2471 5008 2793 5076 martyrum
2853 5004 3258 5062 orthodoxiam
3313 5010 3738 5079 argumentum

2081 5092 2219 5148 inde
2250 5110 2361 5149 non
2395 5093 2606 5165 capiat,
2627 5110 2696 5148 ex
2721 5095 2846 5164 ejus
2874 5098 3070 5150 tamen
3093 5095 3603 5152 observationibus
3620 5095 3744 5151 illi-

2081 5182 2218 5238 bata
2247 5181 2588 5253 sinceraque
2622 5186 2943 5255 martyrum
2975 5184 3118 5240 fides
3151 5185 3473 5242 admodum
3497 5183 3746 5257 pericli-

2081 5277 2256 5328 tatur.
2294 5272 2393 5326 Est
2415 5275 2609 5326 autem
2659 5271 2950 5342 ejusmodi
2983 5273 3160 5328 visio:
3210 5274 3390 5330 Video
3447 5274 3744 5330 Dinocra-

2080 5363 2195 5416 tem
2229 5363 2532 5416 exeuntem
2563 5358 2633 5414 de
2672 5358 2796 5416 loco
2826 5362 3153 5431 tenebroso,
3187 5362 3286 5418 ubi
3319 5366 3376 5419 et
3399 5361 3748 5434 complures
