4064 6154
241 229 352 292 13⁷1

1054 228 1208 292 pao
1252 227 1360 289 ss.
1408 225 1849 308 PERPETUA,
1887 221 2358 308 FELICITATE
2400 224 2500 311 ΕΤ
2545 224 2815 287 socus.

3519 233 3637 316 138

234 367 416 433 erant,
449 364 794 419 aestuantem
826 367 884 421 et
904 362 1202 422 sitientem
1231 359 1417 426 valde,
1453 357 1686 420 sordido
1709 356 1877 416 vultu
1907 357 1960 434 Α
1992 355 2035 412 ti
2065 359 2204 414 sunt
2225 355 2332 413 soli
2360 373 2463 428 per
2477 356 2738 415 vivorum
2753 357 3556 438 sutiragialiberanturQuod
3582 364 3634 422 si

236 458 286 508 et
317 452 509 508 colore
539 451 777 524 pallido,
812 456 870 507 et
899 451 1117 508 vulnus
1147 450 1206 504 in
1228 448 1376 506 facie
1398 449 1547 519 ejus,
1571 448 1722 518 quod
1747 463 1882 501 cum

236 546 560 600 moreretur
588 541 909 596 habuit.....
936 540 1046 596 Pro
1077 539 1185 594 hoc
1215 553 1350 612 ergo
1381 536 1705 594 orationem
1735 534 1883 590 fece-

239 646 396 685 ram:
431 635 491 685 et
513 629 663 685 inter
697 647 792 686 me
814 635 872 686 et
897 628 1063 685 illum
1083 627 1306 700 grande
1337 631 1460 686 erat
1490 621 1884 692 diadema(vel

238 719 568 790 diastema),
601 718 681 773 ita
706 723 771 774 ut
801 722 1045 790 uterque
1087 717 1158 774 ad
1190 715 1436 770 invicem
1457 713 1730 770 accedere
1768 727 1883 767 non

236 825 567 882 possemus.
587 808 724 863 Erat
756 806 965 880 deinde
999 805 1057 862 in
1091 805 1216 877 ipso
1245 803 1370 860 loco
1409 802 1508 858 ubi
1540 801 1884 858 Dinocrates

239 903 380 963 erat,
417 896 646 969 piscina
660 895 833 969 plena
851 893 1290 968 aqua,altiorem
1317 890 1638 962 marginem
1659 889 1884 945 habens

239 1003 419 1059 quam
462 990 590 1041 erat
637 989 866 1041 statura
910 982 1096 1057 pueri,
1129 987 1186 1039 et
1233 980 1582 1052 extendebat
1613 994 1676 1034 se
1708 977 1883 1032 Dino-

237 1082 426 1132 crates
457 1074 630 1147 quasi
653 1074 967 1129 bibiturus.
1002 1077 1119 1144 Ego
1141 1071 1433 1138 dolebam,
1494 1067 1650 1139 quod
1709 1071 1765 1122 et
1798 1066 1884 1138 pi-

236 1163 523 1221 scinailla
552 1179 767 1235 aquam
793 1160 1128 1225 habebat,et
1148 1164 1345 1214 tamen
1371 1161 1602 1228 propter
1621 1154 1888 1211 altitudi~

238 1269 369 1309 nem
397 1252 684 1324 marginis
733 1250 1026 1307 bibiturus
1055 1266 1170 1306 non
1211 1253 1384 1308 esset.
1419 1247 1488 1302 Et
1552 1249 1884 1324 experrecta

238 1359 392 1407 sum,
419 1344 480 1397 et
509 1339 750 1412 cognovi
772 1340 1008 1394 fratrem
1031 1353 1228 1412 meum
1250 1336 1535 1392 laborare.
1569 1333 1681 1390 Sed
1702 1333 1882 1388 confl-

243 1431 450 1487 deham
485 1430 855 1502 profuturam
881 1428 1206 1484 orationem
1228 1442 1420 1482 meam
1449 1423 1633 1480 labori
1655 1423 1811 1494 ejus,
1825 1425 1885 1494 et

236 1520 595 1590 orabampro
614 1534 680 1574 eo
697 1517 976 1574 omnibus
1019 1515 1228 1589 diebus
1261 1529 1567 1586 quousque
1607 1509 1883 1568 transivi-

234 1608 451 1665 musin
465 1623 746 1663 carcerem
771 1611 1148 1663 castrensem.
1171 1604 1410 1662 Munere
1430 1601 1584 1660 enim
1600 1598 1882 1657 castrensi

235 1714 476 1753 eramus
504 1696 844 1768 pugnaturi.
899 1691 1101 1752 Natale
1130 1699 1270 1750 tunc
1317 1696 1468 1748 Getae
1527 1689 1793 1758 Cesaris;
1827 1691 1883 1744 et

235 1786 343 1841 feci
375 1802 482 1856 pro
514 1785 613 1840 illo
644 1785 968 1840 orationem
1001 1783 1093 1839 die
1141 1786 1198 1838 et
1226 1786 1395 1838 nocte
1427 1797 1668 1854 gemens
1712 1781 1769 1834 et
1799 1775 1883 1832 la-

232 1891 536 1948 crymans,
568 1878 634 1929 ut
686 1873 830 1930 mihi
867 1873 1198 1944 donaretur.
1259 1871 1362 1926 Die
1400 1875 1617 1934 autem,
1677 1884 1791 1940 quo
1823 1866 1883 1921 in

235 1980 408 2018 nervo
443 1962 799 2027 mansimus,
823 1965 1124 2016 ostensum
1157 1963 1247 2032 est
1278 1958 1422 2014 mihi
1444 1954 1883 2032 hoc.Videoplo-

235 2068 364 2106 cum
385 2050 586 2116 illum,
621 2066 794 2121 quem
843 2048 1098 2104 videram
1128 2047 1524 2116 tenebrosum,
1558 2061 1686 2103 esse
1733 2042 1884 2100 luci-

232 2141 406 2206 dum;
440 2143 504 2194 et
558 2138 930 2196 Dinocratem
980 2137 1201 2192 mundo
1232 2152 1492 2209 corpore,
1527 2134 1669 2191 bene
1706 2131 1882 2189 vesti-

233 2237 382 2299 tum,
415 2227 889 2300 refrigerantem,
917 2230 1026 2282 etc.
1061 2225 1225 2281 Tunc
1247 2223 1500 2280 intellexi
1531 2221 1882 2279 translatum

231 2335 364 2374 eum
399 2333 534 2372 esse
567 2319 637 2371 de
667 2332 854 2387 poma.

301 2407 394 2460 VI.
421 2404 576 2461 Male
600 2405 775 2460 habet
801 2404 895 2459 hic
924 2402 1529 2471 locus,Protestantes,
1564 2404 1629 2456 ut
1649 2415 1765 2472 quo
1786 2397 1886 2454 Ec-

232 2495 426 2551 clesiae
447 2499 724 2550 Romana:
757 2493 903 2548 ﬁdes
936 2493 1005 2547 de
1036 2491 1402 2564 Purgatorio,
1435 2495 1493 2547 et
1523 2491 1593 2545 de
1623 2488 1884 2544 vivorum

226 2584 511 2658 precibus
533 2599 639 2654 pro
662 2580 953 2637 defunctis
981 2579 1364 2636 invictissime
1387 2578 1694 2643 astruitur,
1717 2578 1886 2633 adeo-

230 2689 341 2744 que
373 2690 492 2728 non
511 2671 752 2739 mirum,
785 2670 836 2725 si
857 2671 984 2740 ejus
1007 2669 1414 2726 auctoritatem
1435 2666 1759 2739 Basnagius
1781 2683 1887 2721 nu-

228 2762 319 2834 gis
343 2760 626 2833 pluribus
657 2763 713 2814 et
735 2757 1211 2814 cavillationibus
1233 2760 1475 2814 conatus
1497 2761 1586 2812 est
1614 2754 1833 2812 elevare
1865 2770 1879 2811 :

232 2875 260 2900 u
295 2852 378 2906 De
413 2867 534 2922 qua
593 2848 842 2917 visione,
900 2847 1092 2919 inquit
1123 2847 1233 2919 (37)
1278 2846 1602 2902 audiendus
1632 2849 1721 2900 est
1765 2849 1884 2899 Au-

228 2940 517 3011 gustinus
538 2939 661 3008 (38)
688 2955 700 2992 :
738 2958 764 2985 »
807 2942 882 2991 De
916 2936 1089 2991 fratre
1120 2941 1316 2991 autem
1349 2939 1560 2990 sancta:
1593 2933 1884 3004 Perpetua:

229 3029 573 3092 Dinocrate,
601 3041 706 3082 nec
736 3024 1028 3096 scriptura
1057 3023 1186 3096 ipsa
1216 3022 1496 3079 canonica
1524 3026 1634 3090 est,
1665 3020 1886 3078 necilla

1991 451 2124 516 post
2144 446 2501 516 baptismum
2529 447 3198 506 Dinocratesidololatria
3212 452 3470 524 pollutus
3502 454 3631 523 fuit,

1993 538 2060 589 ut
2084 532 2276 588 innuit
2294 534 2682 608 Augustinus,
2700 535 2920 593 nullius
2943 555 3082 594 sane
3114 540 3384 612 precibus
3407 542 3634 601 meritis

1992 622 2179 693 poenis
2208 623 2380 678 eximi
2415 624 2624 695 potuit.
2658 625 2917 699 Denique
2941 628 3285 685 tenebrosus
3317 630 3414 686 ille
3445 630 3634 698 locus,

1993 710 2092 766 ubi
2114 710 2449 768 Dinocrates
2497 712 2924 784 includebatur,
2957 734 2990 772 a
3020 720 3361 797 Purgatorio
3393 705 3635 792 prorsus

1991 799 2255 856 diversus
2278 817 2655 856 communem
2679 801 2846 857 illum
2864 820 3152 862 carcerem
3171 808 3429 872 sonat,in
3459 825 3635 880 quem

1991 904 2196 946 omnes
2227 893 2435 962 praeter
2465 895 2787 963 martyrum
2821 893 3050 972 animas
3091 895 3320 965 conjici,
3354 895 3631 953 Patribus

1991 976 2138 1056 bene
2153 976 2353 1033 multis
2366 979 2849 1050 Montanistisque
2866 982 2996 1037 cred
3008 981 3329 1038 itum.Hinc
3347 985 3634 1057 scriptum

1991 1065 2348 1122 Tertulliano
2383 1067 2556 1122 :Tota
2579 1069 2834 1139 paradisi
2850 1069 3026 1126 clavis
3055 1075 3194 1127 tuus
3237 1073 3480 1144 sanguis
3523 1079 3632 1131 est.

1992 1155 2064 1210 Et
2095 1153 2254 1225 ipsos
2286 1155 2648 1225 patriarchas
2701 1157 2946 1214 inferius
2978 1159 3222 1226 detineri
3254 1161 3499 1234 putavit,
3532 1162 3634 1219 do-

1993 1258 2098 1298 nec
2130 1260 2163 1299 a
2194 1241 2422 1299 Christo
2483 1243 2888 1304 liberarentur.
2943 1247 3006 1304 In
3039 1264 3106 1304 eo
3161 1264 3412 1315 carcere,
3461 1265 3635 1320 quem

1994 1329 2266 1404 Limbum
2298 1332 2649 1392 recentiores
2707 1335 2928 1409 dicunt,
2974 1336 3312 1395 Dinocrates
3367 1334 3636 1402 collocari

1993 1421 2361 1498 censebatur.
2396 1443 2425 1472 »

2061 1509 2182 1566 VII.
2217 1511 2326 1566 Tot
2356 1528 2544 1584 nugas
2575 1529 2900 1586 nunquam,
2932 1519 3094 1587 puto,
3144 1515 3234 1572 vir
3263 1517 3469 1572 doctus
3489 1517 3636 1574 effu-

1990 1601 2203 1666 tiieset,
2231 1600 2341 1656 nisi
2366 1600 2787 1658 catholicorum
2811 1603 3089 1676 dogmata
3109 1605 3494 1678 impugnandi
3513 1605 3638 1662 libi-

1915 1731 1962 1798 Β
1993 1689 2128 1746 dine
2163 1694 2328 1745 actus
2361 1689 2566 1746 fuisset
2597 1691 2655 1746 in
2706 1709 2982 1764 praeceps.
3040 1693 3281 1766 Liquere
3327 1695 3384 1750 in
3426 1695 3635 1766 primis

2504 1781 2520 1798 .
2791 1782 2801 1798 ,
2876 1797 2879 1798 ν
2941 1781 2952 1792 .
3007 1783 3017 1792 .
3262 1783 3322 1798 ,υ
3514 1787 3524 1798 ,

1921 1778 1962 1813 ’³
1995 1781 2156 1850 putat
2179 1778 2458 1834 adversus
2490 1780 2804 1850 Augustini
2862 1781 3219 1853 Opinionem,
3262 1783 3628 1839 Dinocratem

1993 1865 2094 1938 qui
2113 1866 2413 1939 septennia
2435 1867 2965 1940 obiit,baptismum
2983 1887 3096 1925 non
3119 1871 3602 1942 fuisseadeptum
3617 1914 3632 1941 ,

1993 1954 2148 2033 quod
2181 1958 2240 2010 et
2267 1955 2485 2010 sororis
2514 1956 2776 2028 exemplo
2809 1959 3035 2030 probat,
3071 1965 3127 2015 et
3150 1976 3216 2015 ex
3246 1975 3312 2016 eo
3343 1961 3497 2031 quod
3530 1976 3634 2031 pa-

1992 2048 2082 2099 ter
2109 2060 2144 2098 a
2173 2042 2452 2116 religione
2493 2043 2823 2102 Christiana
2847 2047 2994 2114 foret
3016 2047 3262 2104 alienus.
3287 2050 3406 2121 Ego
3437 2053 3632 2104 autem

1992 2131 2213 2204 liquere
2243 2137 2406 2205 puto,
2440 2133 2800 2191 salutaribus
2844 2135 3018 2192 undis
3049 2136 3416 2208 Dinocratem
3455 2137 3638 2194 fuisse

1992 2221 2296 2301 perfusum
2332 2223 2517 2293 :quod
2540 2239 2673 2278 cum
2697 2228 2818 2280 tota
2839 2223 3135 2300 Perpetuis
3163 2225 3480 2294 familia,ut
3509 2227 3638 2298 ipsa

1992 2310 2298 2392 perspicue
2328 2314 2597 2366 testatur.
2633 2311 2845 2368 Christi
2880 2313 3217 2390 religionem
3243 2315 3639 2382 coleret,vero—

1991 2397 2184 2479 simile
2216 2415 2332 2454 non
2364 2399 2460 2471 sit,
2495 2399 2777 2457 sollicitos
2836 2418 2935 2459 eos
2965 2408 3081 2458 non
3136 2403 3335 2470 fuisse,
3370 2409 3432 2460 ut
3451 2420 3633 2479 puero

1991 2487 2364 2566 periclitanti,
2399 2505 2503 2560 per
2522 2489 2797 2561 baptismi
2830 2497 3286 2563 sacramentum,
3310 2491 3636 2564 antequam

1989 2577 2318 2660 decederet,
2353 2577 2780 2635 subveniretur.
2814 2582 2980 2636 Unde
3007 2567 3232 2637 nullum
3265 2587 3354 2652 est
3397 2581 3636 2637 omnino

1993 2671 2404 2739 argumentum
2443 2667 2596 2738 quod
2629 2683 2697 2723 ex
2717 2669 2933 2724 sororis
2963 2669 3226 2742 exemplo
3249 2669 3500 2726 conficit.
3531 2670 3636 2726 Fa-

1992 2760 2118 2813 teor
2146 2755 2302 2810 enim
2333 2753 2578 2810 dilatum
2621 2755 2825 2812 multis
2856 2757 2990 2813 olim
3027 2759 3206 2814 fuisse
3245 2759 3630 2826 baptismum,

1993 2835 2107 2900 nisi
2137 2844 2264 2900 vita:
2296 2843 2621 2916 periculum
2655 2844 3028 2902 immineret:
3063 2851 3121 2902 at
3151 2847 3247 2901 ubi
3280 2847 3335 2901 in
3371 2845 3634 2920 proximo

1993 2931 2333 2989 discrimine
2365 2933 2708 2988 versabatur
2729 2932 2988 2989 hominis
3047 2933 3228 3006 salus,
3247 2934 3380 3006 quis
3409 2938 3634 2990 tantam

1992 3021 2191 3078 credat
2219 3020 2275 3075 in
2311 3017 2535 3075 familia
2565 3019 2898 3076 Christiana
2936 3021 3220 3078 desidiam
3254 3026 3318 3078 ut
3350 3021 3510 3077 nulla
3538 3037 3637 3078 eos

233 3118 318 3173 sic
349 3115 618 3188 scripsit,
642 3113 730 3170 vel
764 3115 1098 3185 quicunque
1130 3112 1276 3168 illud
1310 3111 1568 3184 scripsit,
1603 3116 1667 3166 ut
1715 3110 1884 3166 illum
1914 3099 1959 3167 (Ξ
1998 3109 2159 3183 pueri
2190 3107 2249 3164 in
2282 3108 2559 3164 extremis
2612 3110 2835 3182 agentis
2890 3127 3030 3166 cura
3075 3109 3356 3184 tetigerit,
3412 3109 3638 3166 nullam

231 3223 486 3278 puerum
501 3205 601 3276 qui
621 3203 920 3276 septennia
942 3207 1209 3258 mortuus
1228 3202 1434 3268 fuerat,
1455 3201 1580 3257 sine
1599 3201 1885 3272 baptismo

240 3297 467 3350 diceret
499 3294 690 3348 fuisse
713 3292 1053 3347 defunctum
1080 3308 1094 3346 :
1120 3308 1222 3363 pro
1255 3307 1371 3362 quo
1415 3289 1516 3346 illa
1545 3289 1890 3344 imminente

237 3384 552 3455 martyrio,
588 3382 846 3436 creditur
903 3380 1197 3447 exaudita,
1231 3385 1296 3434 ut
1327 3396 1362 3435 a
1391 3377 1577 3452 pronis
1611 3378 1889 3434 transfer-

228 3479 393 3528 retur
441 3472 514 3526 ad
549 3471 832 3541 requiem.
859 3469 1003 3526 Nam
1037 3467 1199 3524 illius
1231 3467 1412 3524 aetatis
1440 3467 1624 3540 pueri,
1659 3471 1715 3522 et
1737 3483 1893 3523 men-

229 3563 328 3617 tiri
383 3565 444 3616 et
475 3575 679 3615 verum
707 3557 890 3629 loqui,
949 3562 1006 3613 et
1062 3557 1343 3625 confiteri,
1403 3561 1460 3612 et
1504 3572 1713 3629 negare
1767 3557 1892 3628 jam

237 3654 514 3722 possunt.
535 3648 749 3704 Etideo
771 3664 902 3702 cum
928 3647 1450 3718 baptizantur,iam
1475 3651 1531 3701 et
1561 3645 1892 3719 symbolum

249 3742 531 3809 reddunt,
565 3743 621 3792 et
653 3736 763 3809 ipsi
790 3753 894 3808 pro
934 3753 995 3792 se
1025 3737 1097 3791 ad
1130 3736 1482 3807 interrogata
1522 3735 1895 3806 respondent.

249 3829 393 3896 Quis
452 3828 638 3901 igitur
667 3826 778 3881 scit
809 3827 962 3881 183
996 3830 1192 3880 utrum
1213 3842 1357 3897 puer
1386 3823 1482 3880 ille
1515 3828 1647 3896 post
1677 3823 1898 3896 baptis-

250 3933 416 3972 mum
449 3914 876 3988 persecutionis
895 3919 1154 3984 tempore
1184 3930 1217 3969 a
1241 3917 1402 3984 patre
1431 3911 1608 3984 impio
1642 3928 1743 3983 per
1775 3912 1899 3967 ido-

252 4006 557 4061 lolatriam
613 4004 786 4058 fuerit
815 4003 1104 4059 alienatus
1133 4020 1166 4058 a
1195 4002 1446 4072 Christo,
1480 4006 1715 4073 propter
1744 4001 1900 4073 quod

253 4095 312 4149 in
361 4093 805 4150 damnationem
867 4092 1073 4148 mortis
1133 4092 1282 4162 ierit,
1321 4108 1425 4147 nec
1462 4091 1597 4147 inde
1654 4090 1766 4146 nisi
1799 4106 1902 4163 pro

256 4184 334 4239 Ch
346 4184 489 4239 risto
523 4182 824 4238 moritura:
839 4181 1057 4238 sororis
1072 4173 1340 4252 precibus
1355 4180 1604 4236 donatus
1618 4178 1860 4235 exierit?
1875 4201 1902 4227 »

264 4273 638 4344 Baptismum
691 4288 803 4327 non
838 4271 1115 4342 adeptum
1173 4268 1354 4325 fuisse
1385 4270 1769 4338 Dinocratem,
1802 4267 1904 4340 qui

1997 3196 2234 3255 omnino
2257 3195 2716 3254 sollicitudinem
2742 3199 3052 3271 gesserint,
3087 3204 3151 3254 ut
3182 3197 3638 3271 regenerationis

1996 3287 2223 3343 lavacro
2255 3287 2314 3342 in
2346 3293 2600 3342 extremo
2632 3286 2840 3343 saltem
2871 3287 3107 3362 spiritu,
3127 3287 3215 3343 vel
3245 3287 3422 3344 invito
3453 3290 3638 3359 patre,

1999 3373 2445 3448 perfunderetur
2468 3374 2497 3430 ‘I
3474 3369 3476 3372 ’

2075 3472 2294 3529 Deinde
2351 3473 2433 3529 ait
2463 3471 2867 3545 purgatorium
2928 3472 3036 3530 hac
3073 3473 3368 3547 Perpetuaa
3423 3472 3646 3530 visione

2001 3563 2197 3636 ignem
2230 3561 2539 3634 exstingui.
2601 3562 2724 3616 Non
2757 3561 2838 3617 ita
2894 3562 3085 3618 visum
3117 3568 3206 3619 est
3235 3563 3316 3620 Cl.
3350 3561 3649 3620 Hosltenio

2007 3650 2106 3724 qui
2140 3651 2209 3706 ad
2242 3649 2360 3706 hac
2419 3650 2714 3722 Perpetua»
2772 3651 2978 3722 verba,
3008 3675 3034 3702 ‹‹
3067 3652 3431 3709 ᾸΕεῑυεοιθῐῐι
3479 3651 3649 3708 valde

2008 3745 2064 3796 et
2089 3738 2404 3807 sitientem,
2442 3737 2635 3794 nhanc
2657 3738 2797 3794 satis
2828 3740 3090 3812 apposite
3113 3746 3309 3796 notam
3341 3740 3610 3811 adiunxit
3633 3755 3646 3794 :

2010 3854 2036 3880 ς(
2069 3827 2344 3900 Apprime
2383 3825 2506 3882 haec
2551 3834 2882 3898 congruunt
2911 3845 3044 3882 cum
3072 3829 3337 3884 doctrina
3384 3828 3650 3884 Ecclesiae

2011 3918 2081 3974 de
2099 3915 2563 3988 Purgatorio,ubi
2587 3921 2733 3971 astu
2756 3921 2813 3971 et
2830 3916 2966 3989 igne
2991 3918 3200 3972 animae
3227 3921 3593 3990 torquentur.
3616 3934 3645 3968 ι

2011 4005 2249 4075 Deinde,
2271 4005 2412 4076 quia
2444 4021 2558 4060 non
2583 4004 2654 4060 ad
2676 4006 3165 4076 exstinguendum
3191 4007 3364 4061 modo
3387 4008 3654 4078 purgato-

2013 4093 2166 4150 rium
2200 4092 2418 4165 ignem,
2450 4094 2551 4148 sed
2577 4093 2771 4165 ipsum
2805 4110 3037 4166 quoque
3066 4093 3474 4167 Purgatorium
3497 4110 3654 4148 ever-

2015 4182 2280 4246 tendum,
2313 4180 2436 4236 haec
2473 4182 2795 4254 Basnagius
2846 4183 3134 4254 observat,
3185 4197 3370 4253 operae
3405 4179 3657 4254 pretium

2016 4269 2149 4338 erit,
2211 4268 2372 4326 illius
2401 4270 2665 4326 animum
2721 4271 2876 4326 I34
2911 4271 2967 4325 in
3000 4271 3344 4326 memoriam
3393 4285 3661 4326 revocare

264 4343 561 4432 septennis
593 4361 710 4416 fato
741 4361 974 4415 functus
1006 4363 1147 4427 erat,
1171 4375 1236 4416 eo
1267 4357 1450 4430 liquet
1472 4358 1624 4430 quod
1656 4363 1714 4413 et
1743 4374 1909 4412 soror
2017 4358 2311 4430 doctrinae,
2345 4376 2520 4431 quam
2549 4359 2747 4431 sepius
2778 4359 2991 4432 legisse
3018 4359 3286 4416 existimo
3317 4359 3471 4432 apud
3494 4343 3662 4413 nobi-

265 4449 405 4518 ejus
427 4449 544 4519 jam
566 4449 917 4520 nupta,jam
934 4463 1119 4503 annos
1151 4447 1298 4502 duos
1329 4450 1386 4502 et
1414 4445 1616 4518 viginti
1651 4450 1806 4513 nata,
1829 4451 1908 4501 ta-
1941 4467 1985 4533 D

265 4554 401 4592 men
435 4543 556 4592 erat
586 4538 738 4593 inter
786 4536 1240 4592 catechumenos
1270 4540 1326 4591 et
1356 4539 1519 4607 pater
1545 4552 1580 4590 a
1630 4533 1910 4608 religione

264 4627 759 4683 Christianaforet
781 4625 1026 4681 alienus.
1053 4626 1214 4692 Quod
1244 4641 1379 4680 casu
1414 4623 1682 4697 precibus
1715 4623 1917 4696 Perpe-

266 4723 385 4772 tuze
414 4717 758 4772 Dinocrates
810 4713 1044 4770 liberari
1078 4731 1193 4770 non
1224 4713 1436 4786 potuit.
1475 4713 1688 4770 Deinde
1718 4729 1786 4768 ex
1806 4713 1916 4768 hac

265 4805 498 4862 visione
518 4822 592 4878 pu
604 4805 896 4878 rgatorius
920 4804 1071 4877 ignis
1103 4803 1516 4877 exstinguitur.
1535 4801 1731 4858 Nonin
1750 4801 1915 4856 ﬂam-

266 4895 409 4961 mis,
441 4895 541 4950 sed
576 4894 636 4949 in
667 4893 792 4950 loco
826 4894 1138 4950 tenebroso
1170 4896 1498 4950 versantem
1547 4889 1917 4948 Dinocratem

268 4983 446 5038 vidit.
478 4983 780 5056 Perpetua,
824 4983 933 5040 soli
994 5000 1197 5055 pinnae,
1232 4999 1357 5053 quaa
1414 4981 1610 5036 damni
1642 4986 1749 5052 est,
1802 4996 1918 5036 non

267 5089 493 5130 sensus
519 5074 846 5130 subditum.
872 5073 1074 5144 Itaque
1104 5071 1451 5128 Ruinartum
1486 5071 1565 5126 nil
1590 5071 1762 5143 juvat
1781 5069 1922 5126 sisic

267 5163 398 5218 haec
421 5163 724 5234 probando
755 5167 1020 5218 mortuos
1043 5178 1216 5235 posse
1237 5179 1272 5218 a
1301 5159 1488 5234 poenis
1520 5177 1666 5232 quas
1689 5159 1921 5232 patiun-

269 5257 377 5307 tur
403 5267 511 5323 per
538 5251 803 5307 vivorum
837 5267 1035 5324 preces
1065 5251 1320 5308 liberari.
1344 5249 1567 5306 Etenim
1603 5265 1672 5304 ex
1689 5246 1922 5304 Latino-

272 5357 414 5396 rum
436 5340 730 5396 sententia
747 5357 916 5412 pcnna
929 5357 1139 5397 sensus
1152 5340 1250 5412 qui
1271 5338 1631 5412 baptismum
1645 5353 1924 5394 consecu-

351 5484 471 5555 (37)
502 5485 670 5540 Anno
698 5484 822 5552 205,
857 5502 1023 5541 num.
1051 5499 1150 5540 v11.

355 5553 479 5630 (38')
512 5555 640 5613 Lib.
658 5555 732 5611 De
761 5559 952 5612 anima
978 5565 1029 5613 et
1058 5557 1178 5627 ejus
1203 5554 1436 5626 origine,
1469 5570 1594 5627 cap.
1630 5553 1716 5612 l0.

606 5683 864 5744 ΡΑτιιοῐ..
914 5684 1015 5744 lll.

2017 4447 2190 4504 liores
2219 4447 2540 4520 theologos,
2593 4451 2650 4502 et
2680 4447 3096 4503 catholicarum
3153 4447 3408 4521 partium
3449 4447 3663 4504 acerri-

2025 4554 2152 4592 mos
2184 4536 2518 4591 defensores
2544 4551 2556 4591 :
2583 4535 2806 4613 [dogma
2830 4535 2961 4591 fidei
2996 4553 3111 4592 non
3144 4553 3272 4593 esse
3303 4537 3511 4610 ignene
3541 4553 3664 4592 cor-

2028 4641 2225 4697 poreo,
2260 4641 2330 4678 an
2365 4623 2495 4679 aliis
2555 4625 2760 4696 pcenis,
2794 4626 3050 4682 tenebris
3078 4631 3240 4698 puta,
3275 4642 3537 4694 maerore,
3570 4625 3673 4680 tri-

2029 4713 2193 4769 stitia
2225 4713 2579 4785 crucientur,
2605 4713 2818 4785 quibus
2839 4731 2972 4770 cum
2996 4733 3065 4771 ex
3085 4716 3194 4772 hac
3224 4715 3342 4771 vita
3363 4716 3674 4781 decedunt,

2027 4801 2249 4876 aliquid
2299 4806 2565 4875 superest
2589 4801 2646 4858 in
2669 4804 2867 4860 futura
2887 4804 3002 4861 vita
3025 4806 3419 4878 purgandum.
3447 4805 3669 4860 Sanein

2031 4891 2278 4950 concilio
2309 4891 2645 4948 Florentino
2704 4893 2865 4950 nulla
2915 4894 3094 4950 ferme
3145 4895 3383 4950 Latinos
3432 4892 3586 4946 inter
3617 4895 3676 4947 et

2032 4981 2259 5038 Graecos
2289 4981 2359 5038 de
2408 4981 2748 5055 Purgatorio
2798 4982 3190 5039 controversia
3222 4983 3346 5053 fuit,
3399 4981 3672 5052 quamvis

2031 5071 2230 5130 Graeci.
2258 5095 2286 5122 «
2320 5071 2752 5144 Purgatorium,
2779 5089 2892 5128 non
2945 5072 3163 5144 ignem,
3213 5071 3314 5126 sed
3354 5069 3673 5125 obscurum

2034 5161 2346 5235 quemdam
2382 5159 2572 5217 locum
2598 5178 2664 5216 ac
2695 5159 2962 5216 laborum
2993 5159 3234 5231 plenum
3260 5181 3288 5210 υ
3323 5175 3451 5215 esse
3471 5173 3672 5214 cense.

2039 5254 2168 5308 rent
2201 5267 2214 5306 :
2249 5256 2306 5304 et
2335 5251 2474 5305 dum
2511 5250 2916 5321 Purgatorium
2948 5250 3331 5306 admitterent
3374 5249 3509 5322 (39),
3558 5247 3682 5305 sive

2038 5339 2194 5414 ignis
2234 5338 2404 5408 illud,
2438 5339 2555 5394 sive
2601 5338 2950 5406 obscuritas,
2983 5337 3104 5393 sive
3133 5337 3324 5406 turbo,
3351 5338 3472 5394 sive
3502 5337 3557 5393 id
3578 5353 3684 5415 ge-

2111 5476 2373 5558 (β9)Εἷ¹τε
2410 5481 2516 5558 ςπῢξρ
2567 5476 2729 5558 tactv,
2781 5474 2908 5558 εἶ’-ιεΔ
2937 5475 3127 5558 ζόφος*
3147 5477 3237 5535 καὶ
3305 5477 3530 5553 Θῦελλα,
3583 5473 3690 5535 εἴτε

2046 5549 2337 5633 ἐἶ’ἓτέρον,
2369 5552 2431 5609 οὐ
2459 5549 2842 5632 διαφερόμεθα.
2875 5549 3029 5640 sese.
3060 5553 3157 5612 25.

3345 5682 3380 5746 5
