4064 6154
374 252 488 317 139

1526 254 2045 319 DlSSEBTATIO
2087 254 2628 320 APOLOGETICA

3652 262 3775 323 MO

371 405 483 445 nus
514 386 671 442 aliud
703 387 802 454 sit,
836 408 864 437 υ
898 401 1014 442 non
1046 385 1260 442 referre
1289 389 1580 458 putarent.
1625 387 1788 453 Quod
1837 386 2008 442 etiam
2041 387 2096 452 Α
2125 389 2222 442 tus
2242 387 2442 459 fuit,ut
2463 389 3056 462 innuitAugustinus,
3075 386 3299 447 nullius
3329 407 3471 448 sane
3491 393 3774 464 precibus

372 496 486 535 non
518 476 836 533 admodum
868 476 1080 531 referre
1100 492 1267 531 sacra
1295 475 1425 547 ipsa
1456 477 1717 549 synodus
1761 477 2013 543 censuit,

371 584 505 622 cum
535 565 593 620 in
629 565 901 621 defltione
932 563 1084 632 fidei,
1118 564 1212 619 cui
1245 564 1502 620 ecclesias
1541 565 1848 637 utriusque
1906 581 2012 620 an-

368 656 588 715 tistites
603 653 1213 726 subscripserunt,hoc
1228 659 1454 710 tantum
1471 655 1726 711 fueritde
1741 659 2016 727 Purgato-

374 747 461 803 rio
511 743 1050 816 decretum.....(40)
1080 768 1100 793 ι
1152 745 1386 801 Animas
1440 743 1627 816 poenis
1659 743 2017 816 purgatoriis

375 839 509 908 post
539 838 786 889 mortem
820 833 1145 905 purgari,et
1175 838 1240 888 ut
1277 851 1310 888 a
1341 833 1529 905 poenis
1561 832 2016 904 hujusmodire-

373 923 659 990 leventur,
687 923 961 993 prodesse
977 923 1061 978 eis
1082 923 1344 978 vivorum
1367 921 1667 995 suffragia,
1703 923 2018 978 Missarum

374 1011 597 1067 scilicet
635 1011 943 1078 sacrificia,
977 1011 1268 1066 orationes
1298 1017 1354 1067 et
1409 1011 1829 1084 eleemosynas,
1852 1015 1960 1067 etc.
1987 1031 2017 1060 »

374 1099 465 1157 Nil
480 1116 618 1172 ergo
647 1100 859 1155 faceret
879 1101 950 1155 ad
969 1100 1148 1171 hujus
1169 1099 1280 1155 loci
1301 1099 1417 1155 vim
1437 1101 1778 1156 elevandam
1799 1100 2017 1156 Basna-

373 1189 452 1263 gii
495 1189 843 1255 observatio,
890 1187 1027 1244 licet
1084 1188 1263 1245 nullis
1316 1189 1656 1245 Dinocrates
1727 1187 2021 1262 corporeis

375 1279 630 1334 flammis
661 1281 902 1335 arsisset
929 1295 944 1347 ;
967 1295 1102 1335 cum
1133 1279 1297 1336 locus
1329 1279 1427 1335 ille
1449 1277 1878 1349 tenebrosus,in
1904 1293 2021 1350 quo

376 1383 512 1424 eum
556 1371 614 1424 et
669 1371 1013 1424 aestuantem
1041 1367 1206 1424 valde
1254 1371 1312 1424 et
1358 1367 1704 1425 sitientem»
1737 1366 2024 1438 Perpetua

372 1458 538 1527 vidit,
562 1457 779 1528 optime
800 1461 1086 1529 congruat
1101 1473 1236 1514 cum
1258 1457 1624 1530 Purgatorio,
1649 1457 1805 1529 quod
1837 1454 2020 1512 Graeci

376 1546 434 1601 in
471 1545 798 1602 Florentina
819 1546 1058 1619 synodo,
1087 1546 1306 1602 Latinis
1327 1562 1698 1618 nequaquam
1731 1541 2024 1601 contradi-

374 1635 660 1704 centibus,
710 1634 1094 1691 admiserunt.
1143 1635 1213 1692 Et
1266 1635 1533 1707 quamvis
1574 1635 1908 1691 Latinorum
1952 1634 2023 1688 de

2126 478 2351 533 meritis
2367 480 2855 552 paeniseximipot
2869 481 2969 536 uit.
2995 507 3021 530 υ
3037 487 3111 537 At
3131 481 3614 553 si,inquam,post
3635 484 3782 556 bap-

2123 565 2368 622 tismum
2383 567 2720 626 Dinocrates
2745 568 3076 626 idololatria
3093 569 3352 642 pollutus
3367 570 3785 642 fuit,utinnuit

2124 655 2512 728 Augustinus,
2543 658 2651 714 soli
2685 676 2887 732 pcenze,
2916 675 3044 731 quas
3075 682 3104 709 ‹‹
3129 659 3328 715 damni
3361 665 3472 730 est,
3497 677 3613 716 non
3648 677 3786 717 sen-

2127 759 2252 809 sus,
2288 764 2316 793 »
2362 745 2633 802 subditus
2676 764 2805 804 esse
2845 764 2960 803 non
2995 748 3201 820 potuit.
3245 748 3464 804 Deinde
3507 766 3621 805 non
3647 750 3784 820 jam

2129 831 2225 887 hic
2259 833 2452 905 agitur
2471 836 2540 891 de
2573 840 2882 908 Perpetua,
2914 837 3016 893 sed
3046 837 3118 892 de
3143 837 3460 909 Augustini
3480 837 3783 910 opinione,

2131 921 2340 979 Fuisse
2372 925 2443 980 ab
2469 925 2650 997 impio
2683 930 2845 998 patre
2862 925 3371 998 peridololatriam
3395 924 3714 983 alienatum
3751 944 3788 983 a

2128 1010 2380 1082 Christo,
2414 1018 2472 1069 et
2487 1014 2560 1069 ad
2593 1014 2900 1087 gentilium
2958 1014 3264 1087 sacrilegia
3295 1019 3657 1084 revocatum,
3712 1018 3784 1071 ut

2129 1101 2498 1173 Augustinus
2555 1103 2769 1175 innuit,
2802 1103 2903 1159 illa
2954 1120 3069 1160 non
3116 1103 3374 1174 scripsit.
3426 1103 3606 1160 Multa
3636 1108 3788 1160 sunt

2129 1189 2243 1245 alia
2274 1195 2527 1262 peccata,
2558 1195 2624 1247 ut
2653 1191 2807 1246 idem
2838 1190 3204 1264 Augustinus
3226 1192 3517 1264 observat,
3551 1194 3622 1248 ob
3647 1210 3784 1266 quae

2130 1295 2258 1335 esse
2289 1280 2448 1351 potui
2480 1280 2812 1338 Dinocrates
2860 1280 3215 1353 purgatoriis
3245 1281 3433 1352 poenis
3464 1281 3740 1338 addictus
3767 1299 3784 1340 :

2131 1367 2369 1424 mentiri
2403 1368 2609 1441 potuit,
2641 1368 2835 1441 irasci,
2869 1368 3069 1426 ludere
3100 1373 3308 1441 praeter
3339 1371 3648 1443 decorum,
3669 1375 3786 1427 etc.

2131 1455 2502 1528 Quaacunque
2543 1461 2739 1513 autem
2800 1456 3020 1514 fuerint
3047 1474 3116 1514 ex
3133 1458 3452 1531 Augustini
3482 1459 3792 1532 Opinione,

2131 1545 2202 1600 de
2233 1563 2350 1616 qua
2370 1546 2542 1602 modo
2573 1546 2860 1603 disserere
2920 1563 3037 1602 non
3067 1545 3232 1615 libet,
3291 1546 3621 1604 Dinocratis
3651 1565 3793 1621 pec-

2134 1638 2265 1690 cata
2292 1639 2394 1690 aut
2425 1635 2872 1708 quibuscunque
2901 1635 3088 1708 poenis
3119 1640 3516 1709 torqueretur,
3541 1653 3659 1694 non
3682 1638 3790 1694 du-

373 1724 664 1795 corporeis
698 1723 1023 1796 Purgatorii
1051 1724 1319 1821 .ﬂammis
1352 1725 1570 1797 Opinio,
1606 1729 1671 1780 ut
1717 1721 2017 1780 Bellarmi-
2049 1756 2098 1821 Β
2134 1723 2281 1780 bitat
2309 1729 2550 1781 sanctus
2594 1725 2817 1797 doctor,
2851 1725 2996 1796 quin
3018 1747 3046 1776 ‹‹
3082 1725 3219 1782 inde
3253 1741 3356 1797 pro
3387 1725 3614 1782 Christo
3664 1742 3788 1782 mo-

375 1830 488 1869 nus
514 1813 595 1869 ait
617 1813 755 1885 (41),
803 1811 1279 1885 probabilissima
1332 1814 1428 1881 sit,
1483 1813 1542 1868 in
1574 1829 1640 1868 eo
1700 1817 1917 1880 tamen,
1953 1815 2018 1867 ut

377 1904 530 1959 idem
563 1900 954 1965 Bellarmiuus
973 1904 1292 1975 docet(42),
1328 1901 1460 1958 fidei
1483 1918 1718 1958 summa
1738 1917 1854 1958 non
1894 1915 2017 1954 ver-

374 2001 554 2058 titur:
581 2004 637 2057 et
661 2016 796 2055 cum
817 1998 1158 2054 Latinorum
1195 1992 1469 2065 opinione
1509 1993 1800 2062 Perpetuus
1823 1987 2020 2055 verba,

376 2095 442 2147 ut
471 2089 794 2148 observavit
824 2086 1180 2152 Hosltenius,
1215 2081 1481 2156 apprime
1511 2081 1861 2151 congruunt.

447 2181 594 2235 Illud
631 2178 819 2250 magis
868 2175 1227 2239 mirandum,
1262 2173 1416 2244 quod
1443 2167 1766 2240 Basnagius
1819 2163 2021 2221 imme-

378 2270 532 2326 diate
561 2267 886 2340 subjungit,
910 2267 1260 2337 Perpetuam
1281 2260 1390 2317 soli
1421 2275 1623 2332 paenae,
1655 2273 1787 2328 quas
1818 2252 2021 2310 damni

379 2365 489 2428 est,
523 2375 637 2414 non
658 2373 891 2427 sensus,
906 2354 1210 2412 subditum
1230 2349 1444 2406 vidisse
1460 2349 1854 2404 Dinocratem.
1874 2342 2020 2410 Quid

379 2449 560 2522 ergo?
590 2448 862 2516 tenebrae,
883 2445 1036 2514 sitis,
1068 2447 1268 2508 aestus,
1287 2439 1562 2496 sordidus
1591 2436 1809 2504 vultus,
1865 2431 2024 2488 color

376 2539 654 2612 pallidus,
710 2537 928 2592 vulnus
981 2534 1042 2588 in
1091 2531 1258 2602 facie,
1285 2534 1422 2597 etc.,
1472 2529 1543 2584 ad
1577 2541 1830 2600 pcsnam,
1893 2540 2020 2612 quas

382 2610 578 2685 damni
617 2630 728 2696 est,
759 2642 877 2682 non
923 2638 1159 2690 sensus,
1209 2619 1498 2692 pertinere
1557 2616 1670 2672 sibi
1700 2610 2022 2670 videntur?

375 2717 552 2774 Pmna
581 2716 778 2773 damni
806 2731 840 2770 a
869 2711 1157 2783 theologis
1182 2708 1460 2764 deﬁnitur
1488 2723 1500 2762 :
1537 2704 1781 2778 privatio
1805 2701 2013 2757 divinas

373 2805 716 2873 visionis;an
751 2804 925 2858 istam
957 2799 1150 2856 solum
1167 2798 1506 2854 Dinocrates
1537 2790 1918 2850 sustinebat?
1958 2788 2018 2845 Si

377 2896 459 2952 ita
474 2898 585 2960 est,
619 2909 755 2965 ergo
787 2908 919 2947 cum
943 2895 1143 2962 postea
1172 2891 1460 2958 Perpetua
1508 2881 1794 2937 intellexit
1827 2884 2018 2935 trans-

380 2983 566 3041 latum
599 2999 733 3039 eum
766 2979 949 3036 fuisse
979 2979 1050 3034 de
1079 2993 1270 3048 poena,
1295 2972 1492 3029 divina
1522 2971 1744 3028 visione
1796 2985 2021 3024 recrea-

376 3079 476 3130 tus
507 3080 614 3129 est.
648 3069 809 3137 Quod
832 3073 984 3125 certe
1015 3065 1340 3137 Basnagius
1370 3080 1484 3118 non
1515 3059 1822 3128 admittet;
1855 3073 2014 3127 cum,

2131 1813 2329 1869 riturze
2357 1813 2575 1870 sororis
2598 1813 2870 1886 precibus
2901 1814 3152 1871 donatus
3203 1814 3486 1872 exierit.»
3518 1815 3674 1870 Adeo
3704 1831 3781 1871 ne

2130 1919 2245 1958 non
2279 1903 2465 1971 video,
2499 1920 2680 1974 quare
2709 1903 3060 1959 Ruinartum
3101 1919 3216 1960 non
3265 1905 3433 1974 juvet
3475 1903 3620 1959 visio
3654 1903 3782 1959 hazc

2131 1991 2450 2064 probando,
2485 1999 2746 2049 mortuos
2764 2008 2935 2064 posse
2967 2010 3000 2048 a
3030 1991 3240 2065 panis,
3274 2008 3420 2064 quas
3449 1993 3782 2064 patiuntur,

2131 2097 2234 2152 per
2261 2083 2520 2137 vivorum
2552 2097 2753 2154 preces
2785 2081 3044 2138 liberari.

2201 2169 2348 2226 VIII.
2380 2169 2473 2225 Ait
2503 2169 2754 2242 denique
2782 2170 3129 2242 Basnagius,
3188 2170 3563 2227 tenebrosum
3605 2171 3781 2226 illum

2128 2259 2344 2328 locum,
2377 2259 2476 2315 ubi
2507 2259 2845 2317 Dinocrates
2901 2259 3330 2328 includebatur,
3373 2278 3407 2316 a
3437 2260 3779 2333 purgatorio

2130 2366 2372 2422 prorsus
2403 2349 2717 2421 diversum,
2751 2365 3124 2406 communem
3154 2349 3321 2405 illum
3353 2366 3643 2407 carcerem
3685 2367 3783 2406 so-

2131 2442 2291 2510 nare,‘
2326 2439 2383 2494 in
2400 2455 2572 2511 quem
2587 2454 2790 2494 omnes
2822 2444 3028 2510 praeter
3041 2444 3367 2512 martyrum
3385 2439 3618 2495 animas
3640 2456 3786 2495 con-

2123 2528 2534 2600 jici,Patribus
2553 2528 2699 2583 bene
2723 2527 2926 2583 multis
2950 2527 3440 2601 Montanistisque
3460 2528 3779 2584 creditum.

2132 2617 2296 2673 Circa
2324 2616 2676 2686 animarum,
2711 2621 2777 2671 ut
2805 2619 3034 2684 vocant,
3066 2615 3450 2687 receptacula,
3484 2633 3599 2672 non
3656 2633 3785 2672 una

2131 2722 2363 2776 semper
2393 2705 2714 2777 eademque
2733 2705 2844 2760 fuit
2873 2703 3217 2760 Tertulliani
3249 2705 3557 2761 sententia.
3590 2705 3650 2760 In
3706 2705 3778 2759 li-

2131 2796 2233 2850 bro
2264 2793 2419 2850 enim
2449 2799 2524 2848 De
2549 2792 2745 2848 anima
2776 2793 2890 2865 (43)
2923 2808 2992 2848 ex
3021 2791 3326 2864 Paracleti,
3361 2793 3471 2848 hoc
3502 2797 3592 2849 est
3614 2797 3783 2849 Mon-

2129 2884 2250 2939 tani
2281 2883 2564 2952 doctrina,
2590 2905 2617 2932 ‹‹
2653 2899 2856 2938 omnes
2887 2881 3114 2937 animas
3137 2898 3314 2954 penes
3344 2881 3561 2938 inferos
3593 2905 3621 2931 »
3651 2880 3779 2937 col-

2131 2973 2349 3042 locat,«
2375 2977 2432 3029 et
2485 2971 2601 3028 illic
2659 2971 2952 3043 supplicia
3007 2970 3240 3027 interim
3291 2976 3346 3027 et
3376 2972 3714 3044 refrigeria:
3745 2993 3776 3021 υ

2132 3067 2246 3118 Cur
2267 3063 2447 3129 enim,
2477 3061 2691 3134 inquit,
2727 3076 2841 3116 non
2886 3064 3056 3132 putes
3091 3061 3349 3117 animam
3380 3065 3437 3117 et
3467 3059 3689 3132 puniri,
3721 3063 3785 3115 et

377 3169 444 3218 ut
466 3165 648 3232 notat,
697 3159 1210 3222 Montanistarum,
1271 3167 1523 3224 quorum
1563 3147 1797 3205 nefarias
1851 3151 2021 3202 sectas
2051 3125 2096 3193 (ἶ
2135 3151 2384 3208 foveriin
2407 3149 2862 3206 inferisinterim
2883 3149 2994 3205 sub
3016 3150 3447 3223 exspectatione
3473 3149 3786 3220 utriusque

376 3252 728 3324 Perpetuam
755 3244 1267 3317 addicit,doctrina
1288 3240 1485 3309 fuerit,
1518 3237 1675 3294 solos
1705 3240 1842 3293 ante
1863 3235 2019 3292 diem

367 3340 582 3414 judicii
613 3336 896 3396 solemnis
924 3336 985 3390 in
1019 3333 1229 3390 caelum
1262 3333 1547 3402 martyres
1575 3326 1775 3400 recipi.

445 3430 594 3486 Illud
618 3431 795 3485 etiam
826 3426 996 3498 longe
1019 3418 1533 3492 mirabilius,quod
1556 3417 1904 3473 Ruinartum
1937 3414 2021 3471 nil

372 3517 524 3575 hanc
555 3517 837 3574 visionem
882 3516 1090 3585 juvare
1153 3511 1311 3567 dicat
1365 3507 1666 3582 probando
1685 3529 1713 3558 «
1753 3509 2020 3561 mortuos

371 3623 544 3679 posse
573 3623 606 3661 a
637 3605 848 3676 poenis,
873 3618 1021 3674 quas
1043 3599 1365 3673 patiuntur,
1391 3614 1495 3669 per
1523 3597 1787 3652 vivorum
1818 3610 2020 3667 preces

370 3694 676 3752 liberart.
711 3696 855 3747 Cum
887 3708 950 3746 se
999 3690 1285 3761 Perpetua
1339 3686 1533 3742 verbis
1589 3685 1732 3741 adeo
1785 3682 2019 3739 disertis

375 3785 628 3841 afﬁrmet
657 3782 780 3838 suis
803 3780 1074 3854 precibus
1105 3778 1471 3850 impetrasse,
1495 3779 1561 3830 ut
1584 3775 1656 3830 de
1686 3774 1873 3846 pcsnis
1894 3773 2021 3846 qui-

375 3874 484 3930 bus
507 3871 910 3944 torquebatur,
946 3869 1279 3928 Dinocrates
1328 3865 1766 3934 transferretur,
1798 3863 2015 3919 mirum

373 3963 630 4035 profecto
651 3964 741 4016 est
763 3958 1057 4032 quomodo
1081 3957 1430 4013 Ruinartum
1452 3953 1718 4026 niljuvet
1734 3952 1880 4008 visio
1899 3953 2019 4008 haec

373 4051 707 4124 probando:
743 4073 770 4100 «
814 4052 1077 4104 mortuos
1136 4063 1307 4119 posse
1337 4062 1372 4100 a
1428 4045 1636 4116 poenis,
1695 4047 1805 4098 etc.
1844 4065 1872 4092 »
1915 4042 2017 4098 Hic

363 4145 491 4212 jam
533 4139 683 4196 185
745 4138 1022 4211 profecto,
1084 4135 1167 4192 vel
1226 4139 1489 4190 actorum
1536 4129 1851 4207 γνησιότης,
1916 4137 2018 4188 aut

371 4229 646 4302 martyris
668 4227 817 4282 fides
836 4226 896 4280 in
919 4222 1374 4280 controversiam
1398 4227 1599 4277 vocatu
1611 4221 2016 4276 r.Ruinartum

369 4337 557 4391 neque
574 4318 644 4373 de
659 4319 936 4372 Actorum
952 4312 1500 4382 sinceritate,neque
1518 4311 1588 4366 de
1609 4310 1881 4383 martyris
1900 4309 2014 4364 ﬁde

369 4407 626 4478 suspicio
659 4405 774 4460 ulla
792 4401 1417 4476 tangebat.Basnagius
1440 4399 1771 4471 autem,qui
1792 4397 2014 4454 nullam

2121 3240 2331 3314 judicii
2354 3241 2412 3295 in
2436 3240 2691 3312 quadam
2712 3239 3094 3311 usurpatione
3120 3243 3177 3295 et
3206 3239 3458 3294 candida
3477 3239 3603 3310 ejus
3621 3239 3648 3292 ?
3665 3238 3784 3293 Sed

2129 3329 2266 3387 aliti
2289 3329 2440 3385 hanc
2457 3328 2542 3384 uti
2565 3328 2878 3384 Marcionis
2901 3326 3235 3400 opinionem
3256 3327 3788 3400 Scripturaaaucto~

2129 3419 2300 3476 ritate
2328 3417 2741 3490 confutata-’1).
2779 3439 2806 3467 ‹‹
2833 3417 2942 3473 Sed
2989 3417 3245 3472 Marcion
3278 3417 3561 3472 aliorsum
3596 3416 3785 3488 cogit,

2135 3508 2358 3565 scilicet
2381 3513 2692 3579 utramque
2717 3507 3046 3563 mercedem
3061 3505 3486 3577 creatoris,sive
3499 3505 3787 3561 tormenti

2133 3598 2252 3655 sive
2285 3597 2546 3669 refrigeri
2567 3596 2720 3668 apud
2755 3595 2995 3662 inferos,
3015 3595 3364 3652 determinat
3392 3594 3477 3651 eis
3501 3595 3784 3667 positam,

2134 3687 2236 3759 qui
2270 3685 2401 3759 Legi
2432 3690 2490 3742 et
2521 3685 2836 3758 Prophetis
2851 3684 3178 3740 obedirent:
3207 3683 3437 3740 Christo
3453 3701 3581 3740 vero
3609 3684 3787 3739 etDei

2127 3777 2220 3833 sui
2249 3773 2542 3833 cmlestcm
2569 3774 2678 3830 defi
2692 3774 2776 3829 nit
2795 3774 2993 3829 sinum
3024 3777 3349 3846 etportum.
3376 3773 3785 3845 Respondebi-

2128 3883 2281 3935 mus,
2314 3869 2369 3921 et
2401 3863 2507 3921 hac
2533 3864 2660 3937 ipsa
2689 3864 2993 3936 Scriptura
3026 3863 3358 3920 revincente
3390 3863 3591 3919 oculos
3621 3864 3782 3934 ejus,

2126 3972 2253 4027 quas
2268 3955 2339 4009 ab
2354 3953 2556 4010 inferis
2568 3952 2845 4008 discernit
2863 3951 3106 4008 Abrahae
3120 3951 3315 4007 sinum
3332 3950 3779 4024 pauperi.Aliud

2125 4043 2282 4099 enim
2315 4042 2506 4114 inferi,
2541 4046 2605 4097 ut
2634 4047 2798 4113 puto,
2834 4039 2991 4096 aliud
3024 4057 3258 4112 quoque
3303 4040 3548 4096 Abrahae
3579 4040 3779 4096 sinus.

2124 4133 2272 4188 Nam
2302 4137 2360 4188 et
2409 4147 2711 4202 magnum,
2747 4129 2849 4200 ait,
2883 4129 3239 4186 intercedere
3295 4129 3564 4201 regiones
3618 4129 3778 4186 istas

2125 4222 2505 4294 profundum,
2539 4225 2594 4275 et
2617 4219 2931 4274 transitum
2966 4219 3247 4291 utrinque
3302 4217 3628 4290 prohibere.
3662 4221 3781 4275 Sed

2125 4327 2230 4366 nec
2262 4309 2567 4365 allevasset
2595 4309 2756 4364 dives
2797 4308 3020 4374 oculos,
3051 4313 3111 4364 et
3142 4307 3380 4380 quidem
3414 4309 3485 4364 de
3541 4307 3781 4380 longin-

2125 4416 2262 4472 quo,
2295 4399 2409 4454 nisi
2460 4399 2516 4453 in
2549 4398 2853 4470 superiora
2899 4401 2959 4452 et
2989 4398 3060 4452 de
3100 4397 3428 4453 altitudinis
3460 4398 3613 4453 136
3645 4396 3782 4454 lon-

369 4499 440 4552 de
461 4496 606 4551 actis
627 4512 754 4566 quae
777 4493 1022 4548 stionem
1043 4494 1252 4561 movet,
1278 4490 1576 4545 videamus
1601 4487 1818 4560 quibus
1842 4501 2015 4559 argu-
2048 4496 2094 4561 ι)
2124 4489 2341 4562 ginquo
2356 4487 2822 4560 perimmensam
2846 4485 3359 4543 illamdistantiaui
3385 4486 3783 4544 sublimitatis

369 4583 582 4640 mentis
598 4586 893 4654 Perpetuaa
915 4581 1086 4635 ﬁdem
1120 4580 1400 4650 abrogare
1429 4582 1702 4634 conetur:
1723 4603 1742 4626 α
1764 4581 1841 4631 Ex
1873 4575 2018 4631 Lati-

368 4689 580 4729 norum
596 4667 1298 4740 sententia,inquit,poena
1315 4683 1524 4723 sensus
1539 4665 1636 4738 qui
1650 4665 2013 4738 baptismum

368 4760 663 4818 consecuti
677 4758 946 4822 sunt,soli
963 4775 1064 4830 per
1076 4757 1331 4813 vivorum
1347 4753 2011 4827 suﬂ'ragialiberantur.»

365 4854 437 4907 At
460 4867 586 4919 nos,
619 4848 976 4922 baptizatum
1010 4847 1190 4902 fuisse
1228 4848 1616 4911 Dinocratem,
1643 4860 1776 4898 cum
1809 4848 2009 4914 Augu-

364 4939 518 4996 stino
539 4955 638 5010 pro
654 4941 811 4993 certo
839 4936 1208 5002 habemus,et
1233 4949 1412 5005 poenae
1437 4948 1644 4988 sensus
1668 4931 1848 4986 fuisse
1869 4932 2010 4987 sub-

362 5029 572 5099 ditum,
597 5025 920 5083 clarissime
948 5022 1503 5080 demonstravimus.
1523 5044 1549 5070 «
1572 5021 1733 5086 Quod
1768 5019 1839 5087 si,
1873 5020 2010 5074 sub-

352 5118 711 5192 jungit,post
727 5115 1085 5187 baptismum
1108 5112 1444 5166 Dinocrates
1477 5108 1804 5165 idololatria
1818 5107 2007 5182 pollu-

433 5313 547 5388 (40)
575 5310 679 5388 τὰς
735 5305 915 5388 ψυχάς
976 5302 1346 5388 λεθαρτιξῑιῖς.
1396 5300 1711 5388 σιμωρέειις.
1755 5299 2002 5388 καθοείρξ·

360 5372 480 5440 «eam
531 5372 673 5455 its-cdt
719 5372 965 5443 Θᾶνᾶτον,
1006 5372 1179 5455 "gari-5‘
1218 5372 1274 5430 δὲ
1322 5372 1803 5455 ἀπῳίουῴἎίζεσθαι·
1839 5372 2000 5439 asiam

355 5461 462 5512 τῶν
511 5445 774 5509 {modum
821 5451 1126 5521 τιμιιυριᾶὺνΔ
1163 5445 1464 5521 λυσξτξλεῖν
1517 5445 1721 5521 aurai;
1750 5447 1846 5521 τᾲς
1891 5453 1999 5503 τῶν

361 5470 462 5512 των
511 5470 774 5509 τοιουτων
821 5470 870 5504 τι
923 5470 1102 5521 ωριων
1163 5470 1464 5504 ΛυσιτεΛειν
1517 5470 1703 5512 αυταις
1750 5470 1846 5510 τας
1891 5470 1999 5503 των

361 5529 578 5596 ζώντων
627 5470 1209 5596 πιστῶ-ν-ἕπικουρξαςο
1261 5517 1521 5591 δηλονότι
1563 5521 1658 5583 τὰς
1709 5517 1857 5596 ἱερὰς
1906 5531 2001 5584 θυ-

353 5591 497 5680 ῥίας,
531 5593 695 5670 εὐχὰς
725 5593 814 5650 καὶ
848 5591 1246 5666 ἐλεημοὰύνας,
1276 5598 1386 5652 etc.

2126 4583 2182 4633 et
2211 4576 2650 4650 profunditatis.
2686 4573 2850 4631 Unde
2881 4581 3122 4648 apparet
3139 4575 3387 4648 sapienti
3419 4575 3651 4648 cuique,
3672 4576 3785 4649 qui

2123 4665 2441 4738 aliquando
2463 4664 2684 4737 Elysios
2704 4665 3106 4736 audierit,esse
3132 4664 3390 4738 aliquam
3410 4663 3654 4720 localem
3672 4665 3778 4719 de-

2123 4753 2594 4810 terminationem
2625 4770 2751 4825 quae
2771 4752 2938 4809 sinus
2961 4753 3118 4809 dicta
3139 4753 3216 4809 sit
3243 4753 3514 4824 Abrahae,
3535 4754 3604 4808 ad
3630 4754 3781 4808 reci-

2123 4843 2365 4916 pieudas
2389 4843 2617 4899 animas
2634 4843 2884 4898 filiorum
2902 4843 3027 4912 ejus
3045 4842 3222 4898 etiam
3241 4859 3307 4898 ex
3333 4841 3717 4897 nationibus..
3732 4883 3745 4896 .
3760 4884 3773 4896 .

2121 4937 2258 4986 Eam
2294 4933 2490 5004 itaque
2518 4932 2811 5004 regionem
2831 4931 3029 4988 sinum
3059 4932 3188 4987 dico
3211 4930 3552 4998 Abrahae,et
3581 4929 3630 4986 si
3650 4948 3773 4986 non

2119 5020 2435 5090 coslestem,
2458 5022 2863 5077 sublimiorem
2885 5025 3082 5076 tamen
3098 5020 3321 5088 inferis,
3341 5019 3577 5076 interim
3603 5019 3776 5074 refri-

2117 5109 2345 5183 gerium
2366 5111 2740 5183 praebituram
2765 5109 3600 5183 animabusjustorum,donec
3623 5125 3773 5164 con-

2488 5319 2530 5361 ιι
2564 5307 2644 5361 De
2671 5304 2907 5376 Purgat.
2940 5319 3105 5377 capp.
3143 5305 3209 5361 10
3238 5307 3296 5362 et
3326 5302 3412 5362 11.

2185 5376 2300 5450 (42)
2329 5376 2468 5432 Ibid.
3013 5376 3020 5377 “
3053 5376 3066 5377 ί

2181 5450 2294 5517 (43)
2322 5449 2458 5519 Cap.
2493 5445 2584 5503 57.
2615 5444 2837 5520 νίᾱχβι
2866 5463 2996 5520 cap.
3035 5446 3108 5504 55
3137 5451 3194 5504 et
3214 5447 3307 5520 56.

2181 5519 2294 5592 (44)
2325 5518 2449 5577 Lib.
2484 5535 2541 5576 xv
2559 5529 2710 5576 cont.
2739 5518 3024 5588 Μανσίοἱιη
3052 5535 3183 5592 cap.
3210 5518 3302 5577 34.
