4064 6154
247 284 348 342 Hi

1049 279 1205 342 PRO
1249 281 1358 342 SS.
1406 277 1853 348 PERPETUA,
1904 264 2367 338 FELICITATE
2415 277 2510 338 ET
2555 278 2827 340 SOCIIS.

3534 287 3645 345 132

241 413 551 471 summatio
582 412 1311 470 rerumressurrectionem
1340 411 1604 467 omnium
1629 409 1880 483 plenitu-
1909 415 1962 478 Α
1994 412 2167 480 petua
2190 413 2377 480 neget.
2415 410 2525 465 Sed
2559 410 2629 466 de
2681 410 2791 467 hac
2833 415 3046 468 sanctae
3097 413 3370 486 martyris
3421 413 3644 472 visione

241 504 366 558 dine
397 503 681 558 mercedis
729 507 1045 573 expungat,
1078 509 1214 557 tunc
1269 501 1609 574 apparitura
1665 499 1885 556 ccelesti

238 592 640 664 promissione,
667 594 778 646 etc.
811 589 985 647 Salva
1013 607 1081 646 ea
1093 589 1506 662 promissione,
1531 606 1636 644 cur
1655 605 1771 644 non
1793 605 1885 644 ca-

238 680 349 754 piat
376 680 576 736 sinum
595 680 843 736 Abrahae
871 679 1004 748 dici,
1037 679 1356 752 temporale
1387 679 1623 749 aliquod
1653 677 1886 734 anima-

238 787 360 825 rum
379 769 643 825 ﬁdelium
671 768 1122 839 receptaculum,
1164 768 1225 824 in
1256 784 1372 840 quo
1395 769 1522 839 jam
1570 765 1884 822 delinietur

236 859 406 914 futuri
437 859 635 930 imago
666 875 735 913 ac
765 857 1314 924 candidaquaedam
1349 854 1882 928 utriusquejudicii

233 947 700 1020 prospiciatur?»
719 946 895 1002 Juxta
915 947 1067 1002 hanc
1085 947 1405 1002 secundam
1419 945 1753 1018 opinionem
1767 943 1883 998 dici

233 1054 338 1092 non
359 1036 944 1107 potesttenebrosum
960 1034 1129 1091 illum
1146 1035 1362 1102 locum,
1383 1035 1443 1090 in
1461 1049 1576 1105 quo
1613 1032 1882 1088 Dinocra-

230 1124 762 1190 tesincludebatur,
786 1141 1160 1181 communem
1197 1123 1454 1195 aliquem
1485 1121 1666 1177 fuisse
1693 1137 1882 1176 carce-

232 1231 347 1270 rem
362 1215 419 1269 in
435 1231 612 1286 quem
625 1229 829 1269 omnes
845 1217 1053 1284 praeter
1067 1217 1389 1284 martyrum
1404 1211 1632 1266 animas
1646 1208 1877 1280 conjici,

229 1304 499 1359 Patrihus
562 1303 711 1358 bene
767 1300 971 1358 multis
1030 1300 1526 1372 Montanistisque
1559 1298 1875 1354 creditum:

232 1409 360 1448 cum
391 1391 593 1447 sinum
621 1391 866 1447 Abrahae
889 1391 961 1446 ad
984 1389 1349 1462 recipiendas
1371 1389 1599 1444 animas
1620 1387 1878 1444 ﬁliorum

223 1482 346 1552 ejus
379 1480 766 1548 destinatum,
796 1479 1095 1551 regionem
1125 1478 1306 1534 fuisse
1337 1479 1542 1534 doceat
1567 1475 1876 1532 Tertullia-

226 1588 361 1637 nus,
390 1573 450 1625 et
469 1569 520 1625 si
536 1586 649 1624 non
669 1567 985 1636 caelestem,
1008 1566 1411 1623 sublimiorem
1431 1570 1630 1621 tamen
1647 1564 1871 1630 inferis,

227 1659 467 1714 interim
507 1657 868 1730 refrigerium
920 1656 1294 1728 praebituram
1343 1655 1656 1712 animabus
1692 1655 1877 1725 justo-

227 1765 380 1802 rum.
410 1747 521 1802 Sed
565 1748 736 1818 juxta
791 1745 1042 1818 primam
1098 1746 1470 1813 sententiam,
1495 1743 1668 1801 sicuti
1698 1758 1876 1815 penes

220 1837 434 1892 inferos
490 1839 546 1892 et
575 1834 865 1907 supplicia
921 1839 1084 1890 erant
1122 1844 1176 1891 et
1234 1835 1540 1905 refrigeria,
1574 1834 1650 1888 ila
1697 1848 1875 1904 penes

221 1927 435 1981 inferos
480 1929 606 1980 erat
635 1928 690 1980 et
741 1923 1192 1996 Purgatorium:
1228 1925 1489 1995 adeoque
1544 1921 1723 1978 statui
1759 1938 1874 1976 non

217 2019 404 2086 potest
435 2014 637 2070 locum
667 2013 836 2068 illum
885 2014 1264 2069 tenebrosum
1307 2013 1366 2067 in
1399 2029 1516 2084 quo
1537 2011 1875 2067 Dinocrates

215 2102 650 2169 includebatur,
683 2120 716 2157 a
734 2102 1077 2174 Purgatorio
1096 2119 1338 2174 prorsus
1361 2101 1540 2157 fuisse
1553 2100 1872 2156 diversum.

217 2192 444 2248 Etenim
477 2191 808 2264 Purgatorii
838 2191 1077 2247 nomine
1105 2191 1348 2247 alterius
1380 2191 1505 2246 vitae
1536 2205 1738 2261 paenae
1784 2188 1874 2243 in-

213 2280 572 2353 telligimusj
586 2281 731 2337 ustis
760 2284 892 2352 post
913 2280 1152 2352 aliquod
1170 2285 1405 2352 tempus
1428 2280 1489 2334 in
1507 2279 1873 2350 refrigerium

215 2369 702 2424 commutandas:
738 2384 922 2439 neque
953 2368 1024 2423 ad
1057 2366 1191 2423 ﬁdei
1223 2367 1436 2438 dogma
1475 2367 1546 2422 de
1591 2367 1873 2438 Purgato-

223 2456 307 2512 rio
340 2457 594 2528 quaestio
615 2456 716 2512 illa
737 2456 1008 2529 pertinet,
1028 2473 1099 2512 an
1115 2455 1238 2512 loco
1257 2455 1544 2512 abinferis
1573 2459 1878 2528 separetur

223 2548 332 2618 (45}
348 2589 360 2600 .
375 2546 528 2602 Cum
546 2546 727 2618 igitur
739 2546 1028 2602 Dinocrati
1042 2545 1204 2602 locus
1217 2545 1310 2601 ille
1321 2545 1668 2600 tenebrosus
1683 2544 1743 2600 in
1761 2561 1876 2616 quo

221 2635 421 2706 ipsum
441 2639 794 2690 aestuantem
813 2635 979 2691 valde
993 2639 1051 2690 et
1077 2634 1371 2690 sitientem
1403 2634 1686 2705 Perpetua
1708 2634 1874 2706 vidit,

221 2722 396 2794 paulo
415 2722 901 2795 postinlucidum
919 2723 1525 2790 fueritcommutatus,
1541 2722 1599 2776 in
1613 2738 1728 2792 quo
1742 2738 1876 2778 eum

221 2813 578 2868 sanctisima
615 2829 782 2868 soror
813 2833 841 2862 ‹‹
899 2813 1119 2867 mundo
1151 2827 1411 2883 corpore,
1445 2812 1876 2866 benevestitum

219 2906 273 2956 et
304 2900 796 2972 refrigerantem»
832 2901 1077 2972 aspexit,
1111 2900 1302 2956 adhuc
1332 2917 1402 2956 ex
1433 2905 1690 2955 veterum
1739 2915 1880 2971 quo-

220 2991 506 3045 rumdam
538 2989 776 3045 Patrum
807 2995 864 3046 et
885 2988 1373 3046 Montanistarum
1395 2987 1690 3044 sententia
1721 2988 1877 3043 affir-

221 3079 371 3133 mari
407 3077 575 3134 nullo
597 3079 769 3134 modo
800 3082 1010 3148 potest,
1060 3077 1254 3133 locum
1274 3075 1443 3131 illum
1481 3075 1877 3142 tenebrosum,

1997 498 2208 552 iterum
2243 502 2431 570 capite
2461 499 2707 572 septimo
2740 518 2931 557 sermo
2963 502 3194 557 redibit.

2638 615 2865 671 CAPUT
2904 616 3001 672 Vl.

1994 717 2316 756 MABTYRUM
2349 716 2701 758 NOSTRORUM
2731 720 3026 766 VIRTUTES.
3059 721 3127 759 ET
3173 721 3457 760 VISIONUM
3495 722 3639 760 ΕΒΗ·

2065 787 2205 826 ετυε
2281 787 2630 840 ΟΒΤΕΝΠΟΝΤ,
2721 789 2913 828 DIVINO
2971 792 3124 830 ILLOS
3171 793 3367 832 FUISSE
3423 794 3638 834 SPIRITU

2060 857 2362 913 AFFLATOS,
2395 860 2462 898 ΕΤ
2491 860 2689 900 εοιιυΜ
2713 861 3122 902 REVELATIONES
3169 865 3275 903 Ι)Εο
3335 864 3468 902 ESSE
3510 865 3638 902 TRI-

2062 929 2352 968 BUENDAS.

1991 1019 2032 1074 Ι.
2065 1020 2125 1092 ιη
2171 1021 2316 1074 veris
2372 1021 2652 1092 prophetis
2708 1037 2742 1076 a
2776 1021 2938 1092 falsis
2995 1021 3384 1092 discernendis,
3444 1039 3640 1078 eorum

2059 1091 2115 1144 in
2142 1091 2344 1160 primis
2374 1108 2590 1144 morum
2620 1091 2925 1147 habendam
2956 1109 3072 1147 esse
3093 1091 3380 1148 rationem.
3427 1094 3498 1148 II.
3523 1095 3639 1148 Ali-
3683 1153 3688 1158 ,

2059 1177 2166 1232 qua
2193 1161 2448 1216 Actorum
2491 1163 2628 1228 loca,
2678 1164 2737 1216 in
2769 1163 2966 1232 quibus
2984 1169 3295 1234 martyrum
3326 1168 3642 1218 nostrorum

2055 1235 2286 1287 virtutes
2311 1235 2572 1302 graphice
2599 1234 3005 1289 describuntur.
3042 1236 3140 1289 lli.
3195 1237 3356 1290 Nihil
3411 1251 3526 1290 esse
3579 1238 3641 1291 in

2057 1319 2246 1376 eorum
2276 1306 2518 1360 moribus
2558 1306 3016 1369 animadvertere,
3065 1307 3212 1376 quod
3256 1308 3499 1362 Montani
3557 1323 3642 1361 re-

2059 1374 2234 1430 doleat
2305 1377 2730 1432 institutionem.
2796 1377 2889 1431 IV.
2951 1374 3278 1447 Perpetuam
3360 1381 3640 1446 sociosque

2058 1455 2331 1518 martyres
2384 1451 2607 1504 naturw
2663 1448 2804 1517 leges
2853 1449 3087 1502 minime
3134 1449 3385 1514 violasse,
3435 1449 3642 1518 lgnatii

2056 1517 2123 1572 Μ.
2155 1517 2402 1587 exemplo
2427 1520 2854 1573 demonstratur.
2900 1519 2967 1574 V.
3028 1520 3281 1574 Aliorum
3325 1517 3637 1590 martyrum

2053 1604 2156 1660 pro
2183 1591 2447 1659 martyrii
2501 1605 2697 1644 corona
2753 1606 2935 1659 preces
2993 1593 3044 1644 et
3101 1599 3241 1645 vota.
3298 1590 3390 1644 Vl.
3457 1591 3638 1656 Alios,

2057 1668 2256 1730 praeter
2279 1663 2928 1732 Perpetuam,martyres
2947 1669 3059 1732 aut,
3102 1662 3300 1716 bestias
3331 1661 3389 1715 in
3440 1663 3640 1730 seipsos

2055 1733 2377 1795 concitasse,
2409 1735 2503 1785 aut
2535 1731 2900 1787 instrumenta
2928 1731 3272 1787 crudelitatis
3307 1732 3376 1786 ad
3432 1732 3635 1787 accele-

2058 1801 2295 1857 randum
2340 1804 2682 1874 martyrium
2704 1803 2853 1857 ultro
2875 1802 3205 1858 adhibuisse.
3233 1802 3351 1856 VII.
3389 1803 3638 1858 Veterum

2060 1873 2507 1928 Christianorum
2547 1874 2797 1944 exempla
2844 1891 2936 1944 qui
2969 1875 3050 1929 vel
3081 1877 3281 1942 seipsos
3310 1878 3499 1943 sponte
3537 1874 3637 1928 ob-

2057 1945 2320 2005 tulerunt,
2365 1945 2450 2000 vel
2480 1946 2781 2015 prmsidum
2809 1947 3087 2000 swvitiam
3122 1947 3182 1999 in
3211 1962 3266 1999 se
3304 1945 3454 1999 ultro
3504 1961 3639 2015 pro-

2056 2020 2342 2081 vocarunt,
2386 2018 2666 2087 Perpetua;
2722 2018 2928 2086 factum
2967 2026 3253 2071 excusant.
3321 2017 3462 2071 Vlll.
3494 2017 3636 2072 San-

2059 2095 2274 2143 ctorum
2299 2087 2600 2142 Andronici
2627 2097 2677 2142 et
2709 2087 2940 2142 Tarachi
2983 2088 3343 2142 memorabile
3399 2089 3636 2157 facinus.

2058 2158 2146 2212 Xl.
2181 2160 2463 2229 Perpetua;
2490 2165 2539 2212 et
2579 2161 2848 2214 sociorum
2876 2166 3183 2230 martyrum
3213 2161 3443 2229 spiritus
3472 2174 3640 2229 quam

2055 2231 2228 2300 fuerit
2255 2247 2288 2284 a
2319 2230 2773 2284 Montanistarum
2801 2232 3004 2300 spiritu
3028 2229 3190 2300 longe
3238 2229 3506 2296 diversus,
3571 2245 3641 2283 ea:

2055 2301 2283 2355 divessis
2323 2303 2606 2372 utriusque
2635 2301 2915 2371 eﬂectibus
2945 2301 3374 2356 demonstratur.
3408 2301 3474 2355 X.
3507 2302 3642 2355 Per-

2052 2374 2236 2512 peticttz
2292 2379 2345 2426 et
2418 2373 2610 2428 Saturi
2679 2374 3074 2428 reuelationem
3104 2372 3314 2427 honesti
3357 2379 3407 2427 et
3438 2373 3640 2442 optimi

2083 2459 2148 2497 ru
2205 2459 2292 2498 us.

2083 2446 2292 2498 "ructus.

2060 2551 2101 2605 l.
2134 2549 2546 2621 Superioribus
2576 2550 2865 2622 capitibus
2899 2555 3242 2622 argumenta
3289 2549 3629 2605 labefactavi

1987 2654 2113 2710 quis
2145 2639 2470 2710 Basnagius
2492 2654 2561 2694 ex
2583 2639 2728 2710 ipsis
2757 2655 2959 2695 eorum
2993 2641 3145 2694 Actis
3167 2640 3447 2694 adversus
3474 2654 3629 2692 mar-

1985 2729 2142 2797 tyres
2172 2727 2424 2783 conﬁcit.
2471 2728 2745 2782 Praesenti
2790 2731 2848 2782 et
2895 2728 3157 2798 sequenti
3215 2727 3402 2798 capite
3454 2742 3632 2797 argu-

1988 2820 2185 2870 menta
2201 2815 2259 2870 in
2283 2816 2546 2870 medium
2581 2817 2922 2887 producam,
2947 2832 3075 2886 quae
3107 2833 3208 2886 pro
3231 2816 3450 2870 sanctis
3475 2831 3628 2869 mar-

1985 2903 2212 2976 tyribus
2241 2919 2309 2959 ex
2339 2903 2548 2958 iisdem
2580 2903 2740 2959 Actis
2771 2904 2996 2975 collegi,
3030 2909 3086 2959 et
3125 2903 3341 2974 quibus
3373 2903 3631 2958 invictis-

1987 2992 2156 3059 sime,
2191 2997 2256 3047 ut
2302 2996 2463 3063 puto,
2522 3008 2723 3048 eorum
2782 2992 3123 3048 orthodoxia
3161 2992 3508 3057 vindicatur,
3568 2995 3634 3047 ut

1988 3081 2486 3153 quemadmodum
2518 3081 2888 3137 adversarius
2918 3087 2975 3138 et
3003 3081 3276 3150 externis,
3317 3086 3381 3136 ut
3427 3085 3634 3136 vocant

221 3167 277 3222 in
312 3185 433 3238 quo
469 3168 728 3239 primum
752 3167 1088 3223 Dinocrates
1123 3164 1552 3233 includebatur,
1575 3182 1610 3220 a
1653 3163 1875 3238 Purga-
1908 3149 1951 3218 C
1990 3149 2352 3242 argumentis
2381 3175 2438 3225 et
2466 3170 2712 3225 internis
2743 3170 3023 3226 adversus
3074 3149 3357 3242 martyres
3380 3169 3630 3225 militat:

222 3258 370 3312 torio
402 3272 653 3328 prorsus
684 3255 862 3312 fuisse
891 3255 1208 3311 diversum.

295 3345 353 3399 Si
385 3351 519 3400 rata
550 3352 704 3400 esset
732 3353 788 3400 et
821 3351 976 3400 certa
996 3344 1076 3400 Gl.
1134 3343 1415 3400 Holstenii
1476 3343 1666 3411 lectio,
1721 3359 1880 3399 com-

226 3434 427 3490 munis
459 3432 846 3506 theologorun
868 3433 935 3489 de
966 3433 1342 3505 receptaculis
1373 3434 1703 3488 animarum
1749 3450 1881 3489 sen-

224 3524 436 3594 tentia,
471 3524 722 3596 egregie,
757 3529 819 3578 ut
840 3522 1118 3579 Pessinus
1150 3523 1413 3578 observat
1441 3523 1574 3594 (46),
1601 3523 1708 3578 hac
1749 3523 1883 3578 Per-

225 3619 417 3685 petuae
453 3612 677 3668 visione
707 3611 1176 3668 conﬁrmaretur.
1208 3612 1293 3666 lta
1321 3612 1477 3668 enim
1508 3609 1884 3666 habet:»Vi-

225 3704 332 3758 deo
368 3704 748 3757 Dinocratem
786 3705 1088 3757 exeuntem
1139 3700 1210 3754 de
1266 3699 1391 3755 loco
1422 3701 1750 3764 tenebroso,
1785 3699 1886 3753 ubi

227 3799 282 3846 et
313 3791 631 3863 complura
650 3795 814 3846 erant
862 3791 988 3845 loca
1042 3791 1372 3856 tenebrosa,
1438 3795 1546 3844 etc.
1598 3811 1628 3838 »
1669 3789 1889 3844 Docent

223 3880 458 3936 scilicet
487 3879 766 3950 theologi,
799 3883 1051 3950 quatuor
1079 3895 1208 3934 esse
1237 3879 1346 3933 sub
1372 3882 1526 3933 terra
1564 3876 1722 3934 locos
1763 3878 1887 3933 dis-

222 3969 528 4025 tinctosin
567 3969 782 4039 quibus
839 3968 1045 4024 animae
1101 3971 1469 4022 mortuorum
1518 3966 1884 4024 detinentur:

221 4075 443 4130 nempe
473 4058 740 4112 omnium
789 4056 1058 4112 infimum
1106 4056 1203 4112 ubi
1244 4057 1536 4112 daemones
1574 4061 1634 4110 et
1677 4055 1886 4110 animis

222 4148 571 4214 damnate;
609 4163 790 4218 supra
819 4145 995 4214 hunc,
1040 4146 1473 4217 Purgatorium,
1526 4144 1625 4200 ubi
1679 4143 1886 4200 animae

222 4238 568 4306 purgantur
595 4233 671 4289 ad
695 4241 967 4305 tempus;
1001 4231 1211 4288 deinde
1243 4231 1514 4288 Limbum
1565 4247 1884 4304 puerorum

223 4339 349 4394 quo
381 4323 724 4377 detinentur
754 4322 960 4378 animae
995 4325 1356 4378 mortuorum
1388 4323 1448 4376 in
1477 4321 1602 4378 solo
1653 4326 1888 4393 peccato

227 4410 514 4482 originali
542 4429 555 4466 :
587 4417 880 4484 postremo
898 4409 1060 4465 Limb
1071 4427 1168 4465 um
1189 4409 1446 4480 Patrum,
1467 4427 1622 4465 nunc
1641 4426 1887 4465 vacuum

1989 3259 2074 3314 ita
2103 3276 2209 3314 nos
2241 3275 2344 3330 pro
2373 3257 2512 3327 illis,
2546 3264 2856 3330 postquam
2910 3259 3154 3329 huiusce
3202 3257 3634 3314 dissertationis

1991 3346 2178 3419 capite
2228 3348 2414 3418 primo
2439 3352 2675 3403 externa
2733 3348 3115 3420 produximus
3174 3351 3523 3418 argumenta
3568 3362 3638 3400 ex

1992 3435 2261 3491 Ecclesiae
2315 3442 2373 3492 et
2429 3441 2687 3492 veterum
2747 3438 2981 3492 Patrum
3038 3437 3382 3492 auctoritate
3430 3434 3633 3508 petita,

1992 3524 2239 3580 internis
2275 3525 2588 3595 postremis
2620 3525 2712 3580 his
2765 3526 2997 3597 duobus
3037 3526 3330 3597 capitibus
3374 3526 3636 3581 decerte-

1996 3630 2148 3682 mus,
2183 3631 2312 3687 quas
2342 3614 2512 3670 nobis
2541 3630 2610 3670 ex
2641 3613 2786 3686 ipsis
2843 3593 3044 3670 eorum
3105 3615 3260 3669 Actis
3292 3613 3642 3670 luculentis-

1995 3703 2149 3758 sima
2180 3707 2525 3774 suppetunt.

2066 3790 2331 3845 Primum
2363 3794 2507 3858 esto,
2541 3790 2696 3862 quod
2757 3807 2825 3846 ex
2884 3794 3172 3862 perpetuae
3231 3791 3643 3860 sociorumque

1995 3882 2319 3950 martyrum
2373 3878 2616 3934 heroicis
2649 3879 2986 3946 virtutibus,
3048 3878 3344 3950 patientia,
3405 3878 3641 3950 pietate,

1995 3967 2412 4035 moderatione,
2447 3967 2750 4037 charitate,
2779 3968 3114 4024 fortitudine
3154 3972 3213 4022 et
3269 3982 3464 4021 rerum
3511 3982 3640 4020 om-

1997 4057 2160 4111 nium
2177 4056 2210 4110 h
2223 4073 2573 4111 umanarum
2591 4061 2929 4128 contemptu
2945 4063 3151 4127 sponte
3170 4055 3452 4127 promicat
3469 4059 3644 4124 atque

1996 4144 2333 4201 el‘ﬂorescit.
2395 4146 2457 4199 In
2495 4145 2756 4199 moribus
2803 4144 3218 4216 prOphetarum
3270 4143 3340 4198 ad
3393 4158 3562 4198 veros
3611 4159 3645 4196 a

1997 4233 2162 4289 falsis
2192 4234 2632 4302 discernendos,
2665 4233 2914 4288 multum
2961 4233 3152 4288 inesse
3192 4231 3493 4299 momenti,
3551 4247 3644 4286 ve-

1996 4327 2148 4378 teres
2179 4321 2608 4378 existimarunt.
2635 4322 2797 4377 Unde
2846 4322 3199 4392 Appollonius
3255 4320 3646 4376 ecclesiasticus

1996 4411 2094 4467 ille
2112 4411 2263 4480 apud
2291 4411 2602 4466 Eusebium
2622 4411 2734 4482 (47)
2758 4427 2771 4465 :
2803 4434 2823 4460 ι
2845 4410 3122 4481 Scriptor,
3149 4408 3647 4481 Cataphrygarum

228 4516 268 4554 ι
302 4503 568 4570 tempore
624 4499 832 4556 mortis
891 4504 949 4555 et
1004 4499 1448 4555 resurrectionis
1495 4499 1730 4566 Christi,
1780 4503 1888 4556 etc.
1921 4519 1966 4582 Β
1999 4500 2268 4556 haeresim
2301 4501 2451 4555 188
2483 4499 2676 4554 adhuc
2707 4517 2815 4555 sua
2841 4503 3009 4555 astate
3056 4499 3344 4570 vigentem
3399 4499 3652 4555 refutare

229 4588 395 4656 Haec,
429 4589 734 4662 subjungit
764 4588 1066 4656 Possinus,
1092 4587 1273 4644 fuisse
1295 4588 1566 4644 videntur
1608 4587 1710 4644 illa
1741 4604 1894 4644 com-

232 4678 416 4749 plura
445 4678 573 4734 loca
590 4679 918 4744 tenebrosa,
943 4693 1070 4749 quae
1101 4694 1165 4734 se
1187 4677 1402 4733 vidisse
1423 4675 1677 4733 laudatis
1700 4676 1894 4733 verbis

229 4771 447 4822 sancta
476 4768 763 4839 Perpetua
784 4772 1053 4822 testatur.
1072 4770 1148 4821 At
1167 4767 1311 4822 137
1342 4765 1662 4822 Ruinartus
1684 4766 1889 4822 habet:

231 4879 260 4906 ι(
293 4856 488 4912 Ubiet
518 4855 849 4927 complures
880 4860 1062 4911 erant.
1103 4877 1131 4905 ››
1159 4855 1318 4922 Quod
1352 4854 1626 4925 equidem
1676 4854 1748 4910 ad
1805 4853 1893 4909 in-

227 4945 545 5001 clusorum
575 4945 1044 5012 multitudinem,
1067 4961 1244 5016 quam
1269 4944 1340 4999 ad
1375 4943 1633 4999 locorum
1657 4943 1894 4999 diversi-

227 5040 430 5090 tatem
484 5035 675 5106 aptius
748 5034 1016 5103 refertur,
1077 5032 1346 5106 quamvis
1377 5032 1532 5088 varia
1591 5049 1720 5090 esse
1783 5034 1895 5088 sub

229 5127 401 5180 terra
431 5124 763 5180 animarum
791 5121 1176 5195 receptacula,
1212 5138 1400 5194 neque
1424 5120 1517 5178 his
1536 5121 1724 5178 verbis
1763 5121 1895 5177 Per-

307 5320 428 5390 (45)
456 5317 590 5375 Vid.
617 5317 948 5375 Bellarmin.
982 5317 1082 5373 lib.
1117 5335 1180 5386 ιι,
1212 5317 1278 5374 de
1305 5327 1551 5390 purgat,
1585 5333 1710 5390 cap.
1732 5319 1788 5386 6,

309 5393 432 5462 (46)
464 5392 873 5462 Paralipomen.
896 5391 975 5446 ad
1007 5391 1241 5445 Holsten.
1274 5401 1452 5462 notus.

311 5458 436 5533 (47)
469 5463 586 5534 Τῇς
621 5458 676 5516 δέ
709 5464 895 5534 ΚΑΤΑ
918 5459 1585 5534 ΑΦΡΥΓΔΣ-καλουμὲνης
1613 5459 1895 5534 *αἱρέσεως

367 5530 759 5610 Ἀποᾉλώνιος
821 5530 1270 5610 existumas-rixo:
1311 5530 1669 5610 ,συγ-γραφεὺς
1700 5530 1900 5610 ’.ἀκμα-

243 5605 452 5678 ζούσης
493 5605 655 5662 εἰσέτι
683 5604 805 5662 τότε
831 5602 1093 5675 autem»
1145 5602 1382 5680 Φρυγίαν
1412 5602 1656 5681 ’ἔλεγίχον
1704 5602 1898 5677 ἐνσλτη-

2001 4605 2336 4662 aggressus,
2372 4588 2664 4660 peculiare
2694 4589 2974 4643 adversus
2997 4604 3093 4644 eos
3139 4589 3414 4642 volumen
3447 4589 3649 4644 condi-

2006 4679 2112 4746 dit,
2147 4684 2271 4732 tum
2305 4677 2482 4732 falsas
2512 4677 2868 4748 prophetiae,
2901 4693 3026 4748 quae
3058 4677 3129 4732 ab
3187 4676 3304 4733 illis
3345 4677 3650 4734 circumfe-

2005 4771 2236 4834 runtur,
2270 4767 2551 4821 verbatim
2583 4767 2936 4836 expendens,
2969 4770 3094 4820 tum
3120 4765 3293 4821 vitam
3345 4781 3652 4835 moresque

2007 4871 2210 4910 eorum
2241 4854 2341 4926 qui
2374 4855 2611 4910 haeresis
2641 4853 2800 4908 illius
2833 4859 3101 4911 auctores
3134 4857 3390 4920 fuerunt,
3449 4855 3650 4908 discu-

2005 4943 2239 5000 tiens.»
2290 4943 2504 5014 Aliqua
2559 4943 2768 4999 deinde
2816 4960 2883 4999 ex
2936 4943 3045 4998 hoc
3103 4960 3273 5014 opere
3330 4944 3653 5010 fragmenta

2006 5033 2244 5103 profert,
2279 5032 2338 5087 in
2369 5033 2603 5104 quibus,
2635 5049 2843 5103 pravos
2873 5032 3127 5087 Montani
3176 5035 3234 5086 et
3281 5028 3651 5084 muliercula-

2006 5138 2137 5177 rum
2169 5122 2316 5192 ejus,
2349 5121 2722 5177 Themisonis
2768 5120 2944 5176 etiam
2981 5124 3038 5174 et
3094 5118 3404 5174 Alexandri
3462 5133 3654 5173 mores

2008 5318 2258 5392 σάμενρς,
2318 5313 2455 5372 ἴδιον
2494 5317 2628 5392 Δκατ’
2696 5314 2869 5392 ᾳύτῶν
2939 5312 3250 5392 πεποίηται.
3296 5311 3651 5392 σέγγραείμα,

2653 5387 2858 5467 adnva

2006 5405 2100 5452 τας
2155 5405 2250 5463 μεν
2305 5408 2434 5467 φερο
2488 5405 2603 5450 sva;
2653 5408 2825 5442 αυτων
2878 5406 2917 5440 π
2957 5405 3181 5462 οφητεια
3228 5405 3442 5458 arenosi:
3493 5407 3654 5448 ουσας

2005 5462 2141 5516 κατὰ
2191 5460 2330 5530 λέξιν
2381 5411 2631 5533 εὐξύνων,
2672 5460 2762 5533 Iov
2815 5453 2872 5512 δὲ
2904 5405 3042 5533 ΑὲίρνΔ
3081 5459 3185 5510 τῶν
3252 5462 3353 5533 τῆς
3397 5456 3656 5533 αἱρέσεως

2011 5525 2276 5610 ἀρχηγῶηί
2302 5531 2489 5610 onoch
2537 5525 2627 5594 τσς’
2667 5529 2859 5608 γέγονε
2901 5525 3230 5606 διελέγχων.
3292 5525 3413 5590 Lib.
3457 5525 3498 5586 ’γ
3515 5533 3656 5602 Hist,

2011 5553 2076 5610 αρ
2123 5553 2271 5609 ηγων
2302 5553 2489 5594 οποιος
2537 5553 2618 5594 τις
2667 5553 2859 5608 γεγονε
2901 5553 3230 5606 οιεΛεγχων.
3292 5553 3413 5590 ωο.
3466 5553 3555 5589 γη

2009 5553 2222 5677 cadica,
2254 5622 2381 5682 cap.
2411 5605 2495 5663 18.
3552 5612 3558 5618 ·
