4050 6172
377 350 494 409 143

1526 339 2044 402 DlSSERTATlO
2088 339 2632 404 APOLOGETIGA

3663 336 3785 395 144

375 476 673 543 describit,
703 490 769 530 ac
825 475 1026 546 postea
1055 470 1362 543 subjungit
1392 470 1505 543 (48)
1534 488 1547 526 :
1580 494 1607 521 ‹‹
1646 475 1827 527 Actus
1886 487 2021 543 pro-
2051 473 2104 541 Α
2135 471 2275 544 agit,
2309 471 2565 527 divinam
2625 483 2796 542 opem
2842 465 3134 537 implorat,
3187 464 3406 522 alienas
3454 466 3643 538 magis
3682 484 3788 524 an-

376 570 560 640 phetze
585 570 863 636 tanquam
886 563 1108 617 fructus
1136 560 1508 616 examinandi
1538 565 1698 616 sunt.
1724 561 1801 615 Ex
1821 561 2023 616 fructi-

377 658 485 711 bus
515 654 736 726 quippe
768 640 940 707 arbor
969 649 1361 722 cognoscitur.
1385 669 1411 701 ι
1438 653 1505 704 Et
1525 653 1658 722 post
1682 649 2022 721 pauca(49):

376 766 405 796 «
443 744 502 800 Si
536 745 752 814 negant
781 738 1096 812 prophetas
1127 755 1265 795 suos
1305 755 1551 794 munera
1579 738 1894 811 accepisse,
1918 737 2027 793 hoc

377 833 559 905 igitur
587 833 905 895 fateantur,
939 844 1053 883 non
1085 843 1214 883 esse
1243 827 1375 884 illos
1417 827 1754 899 prophetas,
1802 826 1853 883 si
1897 843 2027 882 mu-

377 937 519 977 nera
549 918 844 990 accepisse
866 916 1113 972 convicti
1138 921 1299 973 sunt.
1334 922 1414 972 Ac
1460 921 1589 971 tum
1622 916 1857 972 demum
1894 930 2028 971 sex-

378 1012 545 1064 centa
574 1008 703 1078 ejus
720 1007 802 1061 rei
822 1006 1175 1061 documenta
1202 1022 1267 1061 ac
1286 1004 1623 1061 testimonia
1640 1004 2027 1077 proferemus.

376 1097 624 1153 Necesse
641 1112 811 1167 porro
829 1099 919 1150 est
944 1098 1011 1149 ut
1029 1110 1236 1150 omnes
1249 1093 1547 1166 propheta
1593 1094 1823 1149 fructus
1856 1096 2031 1166 atque

378 1191 547 1242 actus
578 1185 916 1258 probentur.
949 1183 1052 1239 Dic
1110 1183 1277 1252 mihi,
1319 1182 1570 1256 tingitne
1631 1182 1849 1256 capilos
1896 1198 2029 1254 pro-

379 1274 600 1349 pheta?
621 1291 695 1330 an
727 1273 902 1330 stibio
934 1272 1132 1328 oculos
1186 1272 1360 1329 linit?
1390 1289 1463 1330 au
1521 1272 1719 1328 studet
1776 1270 1975 1327 ornari
2002 1270 2030 1325 ?

379 1364 740 1438 prephetane
770 1361 974 1419 tabula
1000 1361 1153 1417 ludit
1182 1365 1241 1418 et
1294 1361 1579 1418 tesseris?
1610 1378 1685 1418 an
1717 1359 2030 1433 pecuniam

380 1452 536 1509 locat
579 1451 810 1509 fenori?
851 1452 1107 1524 Ingenue
1165 1450 1475 1523 fateantur,
1524 1467 1591 1507 ac
1614 1449 2030 1522 respondeant,

383 1548 582 1597 utrum
611 1541 733 1597 haec
762 1555 931 1613 agere
961 1538 1150 1608 liceat,
1184 1556 1258 1595 an
1290 1538 1506 1596 secus?
1552 1540 1671 1612 Ego
1722 1554 1856 1595 vero
1910 1537 2032 1595 haec

383 1632 540 1705 apud
572 1631 734 1701 ipsos
758 1633 886 1685 acta
907 1644 1035 1685 esse
1067 1629 1429 1686 convincam.
1465 1651 1494 1681 »

456 1722 526 1775 II.
563 1719 625 1774 In
648 1718 741 1773 his
773 1720 968 1774 autem
1003 1717 1321 1791 Perpetuis,
1370 1717 1688 1775 Felicitatis
1730 1720 1790 1773 et
1843 1717 2031 1774 socio-

382 1825 517 1865 rum
570 1810 894 1879 martyrum
953 1806 1098 1864 actis
1144 1807 1295 1863 mira
1381 1807 1601 1880 ubique
1677 1807 2034 1880 respondent

382 1897 850 1955 Christianarum
873 1897 1137 1952 omnium
1168 1880 1452 1952 virtutum
1482 1895 1786 1968 exempla;
1834 1895 1917 1951 ita
1967 1900 2035 1951 ut

384 1985 665 2044 afﬁrmari
695 1985 902 2042 merito
930 1985 1135 2057 possit,
1192 1989 1334 2056 quot
1382 1985 1440 2040 in
1500 1986 1800 2053 Montano,
1854 1984 2034 2040 Maxi-

387 2075 569 2145 milla,
617 2074 971 2130 Themisone
1005 2077 1063 2130 et
1117 2073 1445 2130 Alexandro
1502 2072 1846 2146 Apollonius
1894 2072 2035 2128 vitia

386 2162 779 2240 reprehendit,
828 2165 916 2218 tot
979 2162 1040 2216 in
1084 2163 1304 2218 sanctis
1350 2162 1514 2219 hisce
1561 2161 1917 2234 martyribus
1967 2178 2034 2217 ac

386 2253 668 2325 Perpetua
698 2251 1043 2323 praesertim,
1097 2254 1154 2307 et
1173 2251 1357 2307 multo
1387 2252 1560 2308 etiam
1614 2251 1803 2324 plura,
1850 2250 2035 2306 virtu-

386 2346 515 2398 tum
567 2340 831 2396 omnium
882 2341 1092 2396 decora
1149 2340 1454 2415 refulgere.
1487 2342 1700 2415 Aliqua
1758 2344 2034 2399 Actorum

391 2432 519 2487 loca
547 2446 675 2501 quae
704 2429 893 2503 magis
915 2430 987 2486 ad
1018 2446 1142 2486 rem
1174 2430 1418 2500 faciunt,
1452 2433 1511 2487 in
1534 2431 1829 2503 specimen
1876 2430 2038 2486 indi-

393 2520 535 2575 cabo
567 2535 695 2590 cap.
724 2535 765 2587 ι,
799 2518 829 2591 §
855 2520 910 2573 2.
949 2538 976 2572 α
1005 2522 1147 2573 Cum
1170 2518 1381 2589 adhuc,
1440 2518 1655 2590 inquit,
1714 2535 1848 2574 cum
1906 2535 2036 2591 per-

390 2607 757 2665 secutoribus
788 2623 1075 2674 essemus,
1094 2611 1150 2662 et
1171 2624 1265 2663 me
1309 2611 1474 2678 pater
1521 2610 1776 2663 avertere
1821 2611 1881 2664 et
1939 2608 2037 2663 de—

385 2698 569 2769 jicere
598 2712 699 2768 pro
741 2713 850 2752 sua
907 2695 1213 2752 affectione
1256 2700 1670 2768 perseveraret,
1730 2700 1863 2762 etc.,
1920 2694 2041 2750 dixi

393 2787 514 2844 ei...
547 2787 665 2858 Ego
713 2785 872 2841 aliud
904 2801 995 2841 me
1023 2786 1215 2841 dicere
1246 2801 1669 2857 non'possum,
1715 2784 1831 2840 nisi
1887 2784 2039 2855 quod

396 2893 530 2933 sum
562 2874 911 2931 Christiana.
944 2875 1105 2929 Tunc
1162 2879 1326 2946 pater
1355 2878 1551 2930 motus
1578 2873 1638 2929 in
1686 2873 1796 2929 hoc
1843 2873 2039 2944 verbo,

401 2966 567 3022 misit
596 2981 657 3021 se
686 2965 745 3020 in
770 2980 863 3020 me
893 2967 959 3019 ut
995 2964 1194 3020 oculos
1227 2963 1372 3019 mihi
1403 2968 1662 3031 erueret;
1689 2963 1789 3019 sed
1818 2961 2044 3019 vexavit

402 3060 658 3127 tantum,
690 3058 749 3110 et
799 3053 1095 3125 protectus
1124 3057 1213 3109 est
1239 3053 1428 3109 victus
1484 3069 1620 3109 cum
1682 3051 2042 3125 argumentis

404 3143 644 3199 diaboli.
679 3143 844 3198 Tunc
866 3142 1072 3215 paucis
1085 3142 1313 3210 diebus,
1339 3143 1494 3214 quod
1517 3142 1837 3199 caruissem
1856 3145 2041 3215 patre,

2135 562 2367 633 gustias
2399 576 2577 632 quam
2610 575 2749 615 suas
2771 556 2950 628 dolet,
2983 555 3134 611 miro
3180 554 3478 627 religionis
3517 555 3577 610 in
3598 554 3785 611 Deum

2134 654 2192 705 et
2218 648 2518 704 charitatis
2540 648 2600 703 in
2617 647 2947 720 proximum
2972 645 3341 701 documento.
3362 644 3589 700 Eaedem
3606 644 3788 699 virtu-

2135 743 2225 795 tes
2255 739 2317 794 in
2349 737 2482 794 aliis
2513 753 2747 811 quoque
2776 735 2919 793 locis
2948 733 3342 807 resplendent,
3365 750 3494 805 cap.
3550 750 3616 802 ιι,
3646 734 3677 805 §
3728 735 3784 789 1.

2137 850 2166 879 ‹‹
2197 829 2336 884 Post
2367 844 2583 900 paucos
2614 827 2738 883 dies
2767 842 2969 882 rumor
2999 823 3276 890 cucurrit,
3312 826 3375 878 ut
3419 822 3785 878 audiremur.

2137 917 2487 990 Supervenit
2512 922 2707 973 autem
2737 920 2795 972 et
2836 916 2909 971 de
2965 914 3197 970 civitate
3226 915 3392 984 pater
3438 927 3603 967 meus
3652 927 3788 967 con-

2137 1010 2417 1078 sumptus
2471 1006 2662 1073 taedio,
2691 1004 2955 1061 ascendit
2992 1004 3064 1059 ad
3097 1018 3191 1059 me
3222 1006 3287 1058 ut
3335 1016 3431 1057 me
3486 999 3789 1073 dejiceret,

2138 1097 2372 1152 dicens:
2412 1096 2686 1152 Miserere
2732 1094 2873 1161 ﬁlia,
2932 1092 3092 1150 canis
3152 1091 3320 1160 meis,
3382 1092 3651 1148 etc.Haec
3700 1091 3795 1146 di-

2137 1186 2309 1243 cebat
2338 1188 2504 1257 pater
2534 1201 2638 1257 pro
2672 1200 2782 1239 sua
2810 1182 3024 1255 pietate
3052 1181 3294 1238 basians
3350 1181 3495 1237 mihi
3553 1197 3793 1247 manus,

2138 1278 2196 1332 et
2226 1291 2289 1329 se
2318 1274 2390 1331 ad
2422 1274 2599 1346 pedes
2620 1288 2784 1329 meos
2792 1273 3047 1343 jactans,
3066 1275 3125 1327 et
3141 1270 3417 1342 lacrymis
3448 1286 3564 1325 non
3583 1269 3795 1339 ﬁliam,

2138 1363 2241 1419 sed
2272 1362 2571 1418 dominam
2603 1378 2698 1418 me
2726 1360 2987 1418 vocabat.
3017 1361 3089 1416 Et
3116 1375 3222 1432 ego
3281 1358 3551 1415 dolebam
3612 1374 3795 1416 canos

2137 1452 2322 1524 patris
2344 1451 2479 1523 mei,
2516 1452 2673 1523 quod
2704 1450 2868 1508 solus
2900 1451 2970 1506 de
2999 1449 3274 1522 passione
3305 1464 3437 1505 mea
3482 1448 3797 1520 gavisurus

2138 1557 2256 1598 non
2286 1543 2441 1597 esset
2468 1541 2539 1597 de
2568 1543 2689 1597 toto
2719 1554 2930 1612 genere
2961 1554 3124 1595 meo:
3174 1541 3233 1594 et
3280 1536 3601 1593 confortavi
3630 1553 3795 1608 eum,

2139 1630 2514 1687 dicens:Hoc
2573 1629 2670 1686 fiet
2723 1629 2785 1685 in
2843 1628 2946 1684 illa
2984 1630 3226 1694 catasta,
3287 1627 3439 1698 quod
3499 1626 3653 1682 Deus
3700 1643 3798 1683 vo-

2139 1717 2335 1775 luerit.
2361 1718 2519 1775 Scito
2548 1718 2704 1774 enim
2731 1734 2840 1774 nos
2871 1734 2988 1774 non
3011 1717 3073 1772 in
3105 1719 3305 1772 nostra
3324 1718 3639 1789 potestatet
3667 1731 3798 1771 esse

2140 1808 2510 1875 constitutos,
2540 1808 2641 1865 sed
2687 1807 2747 1863 in
2783 1806 2958 1876 Dei,»
3019 1804 3249 1863 Similia
3294 1809 3352 1861 et
3409 1803 3606 1861 filialis
3654 1821 3797 1879 erga

2143 1901 2364 1970 patrem
2410 1896 2811 1964 observantia,
2887 1900 2945 1952 et
3019 1894 3363 1951 Christianas
3414 1894 3797 1950 fortidudinis

2144 1986 2410 2058 exempla
2440 1986 2778 2055 habentur§
2804 1985 2860 2053 2,
2888 1983 2987 2055 qui
3040 1988 3198 2040 totus
3248 1982 3520 2055 quamvis
3577 1983 3801 2039 descri-

2143 2076 2372 2132 bendus
2402 2079 2579 2143 esset,
2613 2075 2733 2130 haec
2758 2089 2827 2130 ex
2854 2090 2920 2130 eo
2950 2077 3150 2130 tamen
3190 2088 3380 2145 pauca
3438 2070 3753 2141 subjiciam
3782 2088 3799 2127 :

2146 2188 2173 2216 ι(
2203 2166 2274 2220 Et
2304 2163 2635 2220 Hilarianus
2661 2167 3069 2236 procurator...
3103 2177 3296 2234 parce,
3347 2160 3560 2232 inquit,
3606 2158 3804 2227 canis,

2146 2255 2327 2327 patris
2356 2254 2480 2311 tui:
2511 2270 2683 2326 parce
2718 2252 2978 2309 infantiae
3012 2250 3199 2324 pueri.
3249 2252 3359 2307 Fac
3407 2265 3641 2307 sacrum
3691 2264 3804 2321 pro

2146 2344 2796 2416 saluteimperatorum.
2832 2342 2900 2398 Et
2942 2357 3048 2415 ego
3094 2340 3401 2413 respondi:
3454 2345 3575 2398 Non
3628 2339 3803 2410 facio.

2145 2433 2541 2489 Hilarianus:
2621 2432 2942 2488 Christiana
2998 2434 3091 2488 es?
3154 2431 3227 2486 Et
3288 2445 3394 2502 ego
3478 2428 3799 2500 respondi:

2150 2522 2462 2578 Christiana
2480 2538 2621 2577 sum.
2652 2523 2874 2577 Etcum
2899 2524 3080 2576 staret
3108 2523 3273 2592 pater
3294 2519 3366 2574 ad
3397 2534 3490 2573 me
3520 2516 3805 2589 dejicien-

2149 2613 2309 2678 dum,
2336 2613 2546 2682 jussus
2576 2615 2664 2666 est
2692 2611 2764 2666 ab
2789 2609 3082 2666 Hilariano
3113 2608 3303 2679 dejici,
3336 2611 3393 2663 et
3447 2607 3611 2679 virga
3666 2623 3803 2678 per-

2150 2717 2358 2756 cussus
2387 2704 2493 2755 est.
2528 2700 2595 2755 Et
2623 2698 2810 2755 doluit
2836 2699 2982 2754 mihi
3012 2714 3185 2754 casus
3229 2697 3412 2769 patris
3444 2696 3580 2766 mei,
3625 2694 3804 2767 quasi

2150 2805 2255 2861 ego
2289 2790 2529 2844 fuissem
2561 2804 2875 2860 percussa:
2929 2788 3014 2843 sic
3062 2786 3224 2843 dolui
3272 2803 3375 2858 pro
3408 2788 3640 2842 senecta
3667 2786 3803 2855 ejus

2152 2876 2385 2932 misera.
2418 2879 2579 2933 Tunc
2610 2894 2716 2933 nos
2747 2876 3048 2933 universos
3092 2876 3430 2948 pronuntiat
3459 2879 3517 2930 et
3558 2875 3808 2929 damnat

2151 2967 2222 3022 ad
2258 2967 2498 3032 bestias,
2529 2970 2588 3022 et
2616 2966 2832 3022 hilares
2859 2966 3273 3022 descendimus
3316 2964 3387 3020 ad
3421 2979 3737 3020 carcerem.
3776 2984 3807 3012 »

2149 3057 2311 3112 Hanc
2345 3057 2637 3128 Perpetua
2669 3054 2908 3111 filialem
2939 3071 3075 3128 erga
3106 3058 3333 3127 patrem
3367 3052 3808 3110 observantiam

2153 3145 2247 3201 his
2299 3149 2537 3202 sanctus
2582 3146 2946 3216 Augustinus
3001 3144 3195 3200 verbis
3240 3144 3614 3200 commendat
3645 3142 3808 3214 (50):

402 3231 649 3289 Domino
679 3231 899 3304 gratias
928 3230 1043 3304 egi,
1073 3236 1132 3287 et
1160 3231 1523 3303 refrigeravit
1550 3231 1817 3288 absentia
1858 3230 2040 3287 illius.
2073 3220 2117 3288 C
2158 3255 2183 3289 α
2216 3233 2412 3291 Doluit
2440 3234 2539 3290 illa
2577 3234 2735 3289 senis
2765 3232 3021 3307 parentis
3068 3232 3347 3304 injuriam
3377 3257 3392 3301 ;
3436 3235 3495 3288 et
3541 3231 3633 3287 cui
3686 3247 3810 3286 non

402 3322 467 3377 In
498 3321 625 3392 ipso
656 3319 845 3393 spatio
874 3337 1195 3392 paucorum
1217 3319 1446 3375 dierum
1471 3320 1751 3392 baptizati
1801 3334 2043 3376 sumus:

406 3409 551 3467 mihi
583 3413 776 3466 autem
810 3409 1062 3482 Spiritus
1080 3409 1337 3481 dictavit,
1357 3408 1504 3465 nihil
1527 3409 1683 3465 aliud
1726 3409 2046 3481 petendum

404 3500 465 3556 in
496 3516 669 3572 aqua,
693 3499 811 3556 nisi
840 3498 1239 3556 suﬂ‘erentiam
1261 3499 1475 3556 carnis.
1508 3500 1643 3555 Post
1673 3514 1889 3571 paucos
1919 3498 2045 3554 dies

403 3589 721 3661 recipimur
748 3589 808 3645 in
840 3605 1149 3659 carcerem,
1181 3594 1242 3646 et
1273 3589 1496 3661 expavi,
1545 3588 1685 3661 quia
1740 3603 2045 3661 nunquam

405 3683 641 3749 experta
678 3694 816 3733 eran
847 3677 994 3733 tales
1037 3677 1383 3735 tenebras...
1410 3679 1525 3750 Ego
1545 3678 1824 3733 infantem
1874 3676 2048 3733 lacta-

401 3767 539 3822 bam
556 3766 675 3835 jam
708 3754 901 3821 inedia
931 3765 1243 3821 delectum.
1263 3765 1522 3823 Sollicita
1551 3782 1652 3837 pro
1684 3783 1751 3822 eo
1784 3766 2046 3838 alloque-

402 3856 512 3911 bar
541 3859 808 3925 matrem,
852 3859 910 3911 et
938 3855 1335 3911 confortabam
1369 3856 1628 3922 fratrem,
1678 3856 2047 3911 commenda-

400 3944 538 4002 bam
570 3944 780 4000 illium.
813 3944 1227 4011 Tabescebam,
1250 3945 1380 4001 ideo
1410 3945 1566 4016 quod
1588 3943 1719 4000 illos
1748 3945 2047 4001 tabescere

397 4036 658 4091 videram
684 4034 797 4090 mei
823 4033 1125 4091 beneﬁcio.
1159 4032 1329 4090 Tales
1357 4033 1783 4091 sollicitudines
1841 4034 2045 4090 multis

395 4124 605 4180 diebus
636 4140 810 4196 passa
839 4140 992 4191 sum,
1026 4127 1083 4179 et
1109 4124 1384 4195 usurpavi
1408 4128 1473 4179 ut
1503 4140 1733 4179 mecum
1764 4123 1959 4179 infans
1983 4124 2043 4179 in

393 4230 623 4270 carcere
667 4217 958 4279 maneret,
992 4217 1049 4268 et
1106 4213 1305 4268 statim
1355 4212 1642 4281 convalui,
1693 4217 1750 4269 et
1790 4212 2045 4269 relevata

393 4320 527 4359 sum
557 4321 591 4360 a
620 4303 819 4359 labore
844 4306 900 4358 et
922 4301 1317 4357 sollicitudine
1346 4301 1626 4358 infantis:
1652 4306 1712 4358 et
1732 4303 1922 4359 factus
1955 4306 2044 4359 est

396 4393 539 4449 mihi
571 4408 769 4449 carcer
818 4391 1013 4448 subito
1045 4391 1210 4463 quasi
1268 4391 1625 4462 praetorium,
1658 4393 1810 4447 139
1842 4397 1909 4448 ut
1958 4392 2038 4447 ibi

395 4482 631 4537 mallem
652 4498 781 4538 esse
812 4498 989 4553 quam
1020 4480 1159 4537 alibi
1193 4504 1214 4532 ι
1265 4482 1413 4547 Quot
1470 4480 1566 4535 hic
1608 4480 1853 4537 virtutes
1897 4481 2038 4537 emi-

395 4571 566 4659 cant!
601 4570 939 4625 Constantia
970 4571 1250 4626 adversus
1280 4568 1462 4642 patris
1493 4569 1681 4625 minas
1711 4574 1769 4625 et
1811 4569 2038 4625 blandi-
2071 4593 2117 4659 Β

393 4657 544 4726 tias;
594 4659 922 4715 constantia
986 4660 1126 4715 item
1172 4660 1451 4715 adversus
1500 4659 1788 4715 humanas
1834 4674 2040 4714 omnes

396 4748 748 4818 affectiones,
818 4747 1001 4819 pietas
1048 4764 1186 4820 erga
1258 4752 1548 4820 parentes,
1623 4756 1888 4804 materna
1936 4764 2040 4819 pro

393 4835 513 4891 ﬁlio
546 4835 899 4907 sollicitudo,
930 4836 990 4891 in
1022 4837 1271 4893 carceris
1303 4837 1690 4893 incommodis
1719 4836 2040 4893 tolerandis

390 4924 609 4981 invicta
630 4925 946 4997 patientia:
984 4925 1423 4998 hypocritarum
1456 4942 1635 4994 more,
1670 4926 1854 4982 stoica
1908 4942 2037 4999 gra-

385 5014 563 5071 vitate
586 5015 876 5071 humanos
908 5014 1149 5071 affectus
1179 5031 1294 5070 non
1326 5014 1682 5086 dissimulat,
1733 5016 1835 5072 sed
1879 5014 2039 5070 Chri-

387 5103 550 5161 tiana
589 5104 802 5161 virtute
821 5108 1060 5176 superat
1075 5120 1139 5159 ac
1162 5104 1500 5161 moderatur
1523 5122 1535 5160 :
1556 5104 1804 5162 Domino
1821 5104 2039 5178 gratias

456 5247 567 5320 (48)
602 5250 692 5322 Δξῖ
718 5243 817 5322 γὰρ
842 5245 975 5322 ’τοὺς
1027 5244 1267 5319 καρποὺς
1290 5242 1703 5322 μὸοκιμᾴζεεξοαι
1754 5251 1852 5303 τοῦ
1894 5268 2035 5322 ,προ-

384 5316 577 5393 φήλεοο·
637 5316 743 5374 διπὸ
791 5316 896 5393 γὰρ
954 5322 1050 5372 τοῦ
1099 5316 1319 5392 ’καρποῦ
1371 5316 1457 5374 τὸ’
1493 5316 1714 5393 δένδρον
1774 5316 2035 5395 γινώοίκε-

385 5408 495 5442 ται.

455 5460 716 5537 (49λἘὰν
779 5459 1054 5537 ᾀρνῶγται
1105 5458 1253 5537 δῶρᾳ
1314 5461 1443 5524 τοὺς
1492 5460 1799 5537 προφήτας.
1860 5461 2033 5537 αὐτῶν

383 5517 877 5607 εἷΧηςξίξναιητοῦἷτο
915 5517 1451 5607 ’ῥμολογηοάτωσανξ
1484 5517 1596 5607 ὅτδις
1622 5517 1710 5590 ξὰίν
1756 5517 2035 5607 ξλεγχθῶ-

384 5620 490 5683 ειγ-
509 5601 818 5683 έῖληφόῖες,
879 5601 978 5659 οὕὲ
1027 5601 1134 5658 εἰσί
1163 5601 1464 5683 ξπροφῆται,
1510 5604 1599 5660 καὶ
1652 5601 2034 5683 μυρίας-’ἄπο-

385 5668 572 5747 δείξεις
620 5668 847 5729 ’ἑούτών
927 5668 1365 5750 aspernata-epsit.
1425 5668 1748 5754 ’λναγκάῖοῦ
1808 5673 1863 5733 δὲ.
1924 5677 2033 5732 ἐστι

2154 3324 2406 3396 praebuit
2423 3340 2754 3394 assensum,
2775 3322 3023 3378 servavit
3039 3322 3330 3377 affectum.
3352 3322 3567 3377 Oderat
3587 3320 3811 3392 quippe

2154 3414 2214 3469 in
2244 3413 2343 3469 illo
2376 3411 2712 3477 stultitiam,
2745 3429 2859 3468 non
2892 3415 3186 3481 naturam,
3220 3415 3279 3467 et
3326 3410 3455 3481 ejus
3484 3407 3810 3465 inﬁdelita-

2154 3507 2295 3570 tem,
2328 3518 2445 3557 non
2475 3499 2762 3573 originem
2793 3517 2983 3556 suam.
3008 3500 3226 3570 Majore
3254 3500 3440 3572 igitur
3466 3498 3650 3571 gloria
3677 3502 3807 3554 tam

2154 3591 2431 3648 dilectum
2462 3594 2683 3662 patrem
2717 3589 2869 3645 male
2895 3590 3241 3645 suadentem
3290 3589 3514 3645 fortiter
3560 3587 3806 3659 repulit.

2155 3697 2331 3753 quem
2351 3679 2723 3752 vapulantem
2749 3679 2945 3734 videre
2975 3680 3101 3735 sine
3117 3695 3363 3734 maerore
3394 3694 3509 3733 non
3530 3678 3743 3750 potuit.
3773 3699 3803 3729 υ

2155 3770 2400 3825 Proinde
2429 3774 2485 3825 et
2514 3767 2678 3824 dolor
2707 3766 2802 3823 ille
2849 3766 2997 3823 nihil
3047 3768 3286 3824 retraxit
3332 3768 3524 3823 robori
3566 3766 3803 3821 fortitu-

2153 3857 2330 3927 dinis,
2381 3861 2439 3913 et
2476 3856 2634 3914 aliud
2687 3857 2915 3913 addidit
2960 3855 3236 3912 laudibus
3278 3854 3607 3928 passionis:
3657 3857 3804 3910 Dili-

2152 3950 2406 4018 gentibus
2432 3949 2584 4004 enim
2631 3950 2804 4003 Deum
2849 3947 3035 4002 omnia
3076 3952 3434 4016 cooperantur
3480 3946 3540 3999 in
3579 3944 3803 4000 bonum.

2153 4037 2504 4093 Earumdem
2550 4035 2833 4091 virtutum
2880 4035 3062 4105 aliud,
3112 4051 3240 4106 cap.
3286 4035 3340 4101 3,
3386 4034 3497 4103 §i,
3546 4032 3809 4089 occurrit

2151 4126 2522 4197 exemplum:
2566 4147 2588 4174 α
2624 4124 2694 4180 Ut
2724 4128 2918 4180 autem
2963 4121 3311 4196 proximavit
3340 4121 3465 4178 dies
3515 4122 3803 4190 muneris,

2150 4214 2387 4271 intravit
2414 4215 2487 4270 ad
2518 4229 2613 4269 me
2651 4217 2816 4285 pater
2862 4229 3029 4269 meus
3077 4216 3464 4284 consumptus
3519 4211 3709 4277 taedio,
3746 4214 3809 4267 et

2152 4304 2324 4377 coepit
2350 4304 2592 4359 barbam
2623 4318 2793 4358 suam
2824 4302 3086 4370 evellere,
3119 4306 3177 4357 et
3219 4316 3281 4358 se
3324 4300 3383 4356 in
3414 4304 3631 4356 terram
3662 4300 3805 4355 mit-

2149 4398 2291 4458 tere,
2327 4397 2384 4448 et
2414 4396 2778 4464 prosternere
2827 4408 2889 4447 se
2919 4392 2977 4446 in
3019 4391 3249 4457 faciem,
3299 4394 3358 4446 et
3402 4391 3806 4462 improperare

2149 4481 2320 4537 annis
2366 4481 2512 4548 suis,
2559 4485 2618 4537 et
2646 4480 2837 4536 dicere
2884 4483 3050 4535 tanta
3095 4481 3273 4535 verba
3320 4495 3448 4551 quae
3502 4484 3808 4535 moverent

2149 4571 2483 4627 universam
2530 4574 2881 4626 creaturam.
2940 4570 3057 4641 Ego
3108 4568 3377 4625 dolebam
3429 4584 3530 4639 pro
3579 4566 3804 4623 infelici

2148 4663 2383 4715 senecta
2413 4660 2558 4731 ejus.
2586 4680 2616 4709 »
2647 4658 2750 4714 Hic
2780 4659 2993 4715 iterum
3032 4657 3359 4715 audiendus
3412 4660 3649 4713 sanctus
3676 4657 3807 4711 Au-

2149 4749 2422 4822 gustinus
2443 4748 2588 4820 (51):
2623 4770 2651 4796 «
2684 4748 2791 4803 Per
2819 4748 3163 4803 charitatem
3203 4746 3377 4803 multi
3410 4746 3625 4802 mortui
3656 4748 3806 4801 sunt

2149 4837 2383 4909 saeculo,
2446 4842 2511 4894 ut
2555 4838 2816 4893 viverent
2875 4838 3009 4893 Deo.
3058 4837 3177 4892 Hac
3226 4836 3511 4892 charitate
3566 4833 3803 4891 accensi

2150 4930 2456 5000 martyres,
2492 4943 2606 4983 non
2638 4926 2919 4995 simulati,
2955 4943 3070 4982 non
3099 4942 3249 4982 vana
3294 4924 3483 4998 gloria
3511 4924 3800 4992 ventilati,

2149 5033 2264 5072 non
2295 5016 2462 5084 tales,
2487 5017 2559 5072 de
2579 5016 2796 5088 quibus
2819 5016 3042 5071 dictum
3065 5019 3154 5072 est
3177 5030 3189 5071 :
3216 5015 3276 5070 Si
3293 5014 3583 5070 tradidero
3603 5028 3804 5085 corpus

2148 5106 2305 5161 140
2341 5121 2524 5161 meum
2570 5112 2635 5162 ut
2679 5105 2925 5174 ardeam,
2975 5110 3109 5175 etc.,
3161 5105 3263 5160 sed
3292 5103 3440 5160 tales
3490 5120 3638 5175 quos
3666 5118 3805 5159 vere

2147 5247 2347 5325 πάνςας
2401 5245 2639 5325 καρποὺς
2699 5244 3077 5325 δοκιμάζεσθαι
3128 5246 3435 5325 προφήτου·
3479 5244 3799 5325 προφήτης,

2150 5318 2265 5377 εἶπὲ
2320 5341 2437 5399 μοι2
2474 5318 2748 5399 ’βάπτείςαι
2776 5318 3128 5399 ;,⁷Ζτροφήτης
3173 5318 3541 5399 φιλοκοσμεῖξ
3572 5318 3798 5399 necet-:5.-

2150 5337 2265 5377 εἰπε
2320 5341 2411 5393 μοι
2490 5337 2790 5397 parcent;
2839 5337 3128 5398 προφήτης
3174 5337 3541 5399 φιλοκοσμει;
3572 5339 3612 5371 π
3652 5337 3798 5395 σφη-

2144 5412 2246 5463 της
2315 5366 2543 5468 titillat;
2606 5390 2695 5468 θεαὶ
2758 5386 2946 5468 κύβοις
2998 5393 3215 5468 «aliter;
3266 5391 3560 5468 προφήτης
3604 5337 3801 5468 gemet-

2150 5412 2246 5463 της
2315 5409 2543 5454 unum
2606 5411 2695 5445 και
2758 5409 2946 5454 κυοοις
2998 5409 3215 5462 natast;
3266 5411 3371 5468 προ
3417 5409 3560 5461 ητης
3623 5409 3798 5444 οανει-

2150 5470 2227 5539 ζει
2251 5469 2461 5539 λίςαῐᾷςτα
2517 5461 3041 5539 ομολογησάτῳσαν,
3077 5464 3317 5539 λιτότερον
3362 5409 3562 5535 ἔξεστιν
3594 5461 3630 5532 ἢ
3695 5461 3798 5534 μή’

2145 5535 2251 5612 ἐγὼ
2282 5533 2339 5612 δὲ
2360 5535 2451 5612 ,δτι
2483 5533 2670 5612 ﬁt???
2698 5533 2822 5612 περ’
2848 5533 3046 5612 sissit
3073 5533 3251 5612 δειξςιὲο

2218 5610 2312 5676 (50
2353 5606 2537 5665 Serm.
2561 5606 2690 5673 281,
2723 5606 2797 5663 al'.
2830 5609 2901 5665 de
2932 5606 3301 5665 divers.—104.

2218 5609 2333 5753 (Si;
2359 5682 2603 5739 Enarrat
2621 5679 2682 5735 in
2704 5679 2917 5738 Psalm.
2944 5697 3080 5753 xm,
3114 5697 3279 5739 num.

2216 5679 2328 5753 (51)
2359 5682 2603 5739 Enarrat
2621 5679 2682 5735 in
2704 5679 2917 5738 Psalm.
2944 5697 3080 5753 xm,
3114 5697 3279 5739 num.
3314 5680 3399 5736 13.
