  <div class='ocr_page' id='page_1' title='image "/cluster/home/n/w/nwhite01/storage/ocr_20150623/3/hvd.32044073549586/126.png"; bbox 0 0 4064 6154; ppageno 0'>
   <div class='ocr_carea' id='block_1_1' title="bbox 266 319 350 376">
    <p class='ocr_par' dir='ltr' id='par_1_1' title="bbox 266 319 350 376">
     <span class='ocr_line' id='line_1_1' title="bbox 266 319 350 376; baseline 0.012 -1"><span class='ocrx_word' id='word_1_1' title='bbox 266 319 350 376; x_wconf 67' lang='grc'>145</span> 
     </span>
    </p>
   </div>
   <div class='ocr_carea' id='block_1_2' title="bbox 1012 305 2783 379">
    <p class='ocr_par' dir='ltr' id='par_1_2' title="bbox 1012 305 2783 379">
     <span class='ocr_line' id='line_1_2' title="bbox 1012 305 2783 379; baseline 0.002 -12"><span class='ocrx_word' id='word_1_2' title='bbox 1012 308 1167 368; x_wconf 82' lang='lat' dir='ltr'>PRO</span> <span class='ocrx_word' id='word_1_3' title='bbox 1211 306 1324 368; x_wconf 91' lang='lat' dir='ltr'>SS.</span> <span class='ocrx_word' id='word_1_4' title='bbox 1372 306 1815 379; x_wconf 78' lang='lat' dir='ltr'>PEHPETUA,</span> <span class='ocrx_word' id='word_1_5' title='bbox 1860 305 2322 370; x_wconf 84' lang='lat' dir='ltr'>FELICITATE</span> <span class='ocrx_word' id='word_1_6' title='bbox 2364 309 2467 370; x_wconf 72' lang='grc' dir='ltr'>ΕΤ</span> <span class='ocrx_word' id='word_1_7' title='bbox 2510 309 2783 372; x_wconf 88' lang='lat' dir='ltr'>SOCIIS.</span> 
     </span>
    </p>
   </div>
   <div class='ocr_carea' id='block_1_3' title="bbox 3478 312 3592 375">
    <p class='ocr_par' dir='ltr' id='par_1_3' title="bbox 3478 312 3592 375">
     <span class='ocr_line' id='line_1_3' title="bbox 3478 312 3592 375; baseline 0.026 -3"><span class='ocrx_word' id='word_1_8' title='bbox 3478 312 3592 375; x_wconf 82' lang='grc'>146</span> 
     </span>
    </p>
   </div>
   <div class='ocr_carea' id='block_1_4' title="bbox 260 434 3591 516">
    <p class='ocr_par' dir='ltr' id='par_1_4' title="bbox 260 434 3591 516">
     <span class='ocr_line' id='line_1_4' title="bbox 260 434 3591 516; baseline -0 -15"><span class='ocrx_word' id='word_1_9' title='bbox 260 443 427 508; x_wconf 85' lang='lat' dir='ltr'>Christi</span> <span class='ocrx_word' id='word_1_10' title='bbox 444 444 493 499; x_wconf 91' lang='lat' dir='ltr'>et</span> <span class='ocrx_word' id='word_1_11' title='bbox 517 438 776 496; x_wconf 89' lang='lat' dir='ltr'>veritatis</span> <span class='ocrx_word' id='word_1_12' title='bbox 806 436 1062 495; x_wconf 88' lang='lat' dir='ltr'>charitas</span> <span class='ocrx_word' id='word_1_13' title='bbox 1092 438 1433 510; x_wconf 83' lang='lat' dir='ltr'>perduceret</span> <span class='ocrx_word' id='word_1_14' title='bbox 1485 438 1558 499; x_wconf 83' lang='lat' dir='ltr'>ad</span> <span class='ocrx_word' id='word_1_15' title='bbox 1616 434 1836 509; x_wconf 85' lang='lat' dir='ltr'>passio—</span> <span class='ocrx_word' id='word_1_16' title='bbox 1863 436 1920 507; x_wconf 77' lang='grc' dir='ltr'><strong>Α</strong></span> <span class='ocrx_word' id='word_1_17' title='bbox 1950 437 2292 511; x_wconf 81' lang='lat' dir='ltr'>simpliciter</span> <span class='ocrx_word' id='word_1_18' title='bbox 2321 440 2750 498; x_wconf 84' lang='lat' dir='ltr'>inducerentur.</span> <span class='ocrx_word' id='word_1_19' title='bbox 2776 441 3060 513; x_wconf 89' lang='lat' dir='ltr'>Perpetua</span> <span class='ocrx_word' id='word_1_20' title='bbox 3086 442 3394 515; x_wconf 89' lang='lat' dir='ltr'>psallebat,</span> <span class='ocrx_word' id='word_1_21' title='bbox 3414 448 3591 516; x_wconf 90' lang='lat' dir='ltr'>caput</span> 
     </span>
    </p>
   </div>
   <div class='ocr_carea' id='block_1_5' title="bbox 259 524 1836 601">
    <p class='ocr_par' dir='ltr' id='par_1_5' title="bbox 259 524 1836 601">
     <span class='ocr_line' id='line_1_5' title="bbox 259 524 1836 601; baseline -0.007 -10"><span class='ocrx_word' id='word_1_22' title='bbox 259 550 399 594; x_wconf 86' lang='lat' dir='ltr'>nem:</span> <span class='ocrx_word' id='word_1_23' title='bbox 454 529 579 601; x_wconf 90' lang='lat' dir='ltr'>quid</span> <span class='ocrx_word' id='word_1_24' title='bbox 638 527 722 584; x_wconf 88' lang='lat' dir='ltr'>eis</span> <span class='ocrx_word' id='word_1_25' title='bbox 779 526 1040 582; x_wconf 86' lang='lat' dir='ltr'>fecerunt</span> <span class='ocrx_word' id='word_1_26' title='bbox 1096 526 1535 599; x_wconf 82' lang='lat' dir='ltr'>persecutiones</span> <span class='ocrx_word' id='word_1_27' title='bbox 1592 524 1836 583; x_wconf 82' lang='lat' dir='ltr'>saevien-</span> 
     </span>
    </p>
   </div>
   <div class='ocr_carea' id='block_1_6' title="bbox 258 614 1835 689">
    <p class='ocr_par' dir='ltr' id='par_1_6' title="bbox 258 614 1835 689">
     <span class='ocr_line' id='line_1_6' title="bbox 258 614 1835 689; baseline -0.007 -8"><span class='ocrx_word' id='word_1_28' title='bbox 258 626 369 682; x_wconf 89' lang='lat' dir='ltr'>tium</span> <span class='ocrx_word' id='word_1_29' title='bbox 394 622 418 676; x_wconf 83' lang='lat'><strong>?</strong></span> <span class='ocrx_word' id='word_1_30' title='bbox 441 620 705 689; x_wconf 77' lang='lat' dir='ltr'>Majorem</span> <span class='ocrx_word' id='word_1_31' title='bbox 725 615 1062 673; x_wconf 82' lang='lat' dir='ltr'>violentiam</span> <span class='ocrx_word' id='word_1_32' title='bbox 1094 615 1425 672; x_wconf 91' lang='lat' dir='ltr'>habuerunt</span> <span class='ocrx_word' id='word_1_33' title='bbox 1481 614 1633 671; x_wconf 90' lang='lat' dir='ltr'>oculi</span> <span class='ocrx_word' id='word_1_34' title='bbox 1692 614 1835 671; x_wconf 88' lang='lat' dir='ltr'>ﬂen-</span> 
     </span>
    </p>
   </div>
   <div class='ocr_carea' id='block_1_7' title="bbox 256 703 1831 778">
    <p class='ocr_par' dir='ltr' id='par_1_7' title="bbox 256 703 1831 778">
     <span class='ocr_line' id='line_1_7' title="bbox 256 703 1831 778; baseline -0.007 -9"><span class='ocrx_word' id='word_1_35' title='bbox 256 715 370 770; x_wconf 87' lang='lat' dir='ltr'>tium</span> <span class='ocrx_word' id='word_1_36' title='bbox 396 723 646 775; x_wconf 90' lang='lat' dir='ltr'>suorum,</span> <span class='ocrx_word' id='word_1_37' title='bbox 676 721 856 778; x_wconf 90' lang='lat' dir='ltr'>quam</span> <span class='ocrx_word' id='word_1_38' title='bbox 900 705 1337 776; x_wconf 88' lang='lat' dir='ltr'>persecutiones</span> <span class='ocrx_word' id='word_1_39' title='bbox 1393 703 1831 761; x_wconf 91' lang='lat' dir='ltr'>insectantium.</span> 
     </span>
    </p>
   </div>
   <div class='ocr_carea' id='block_1_8' title="bbox 253 793 1835 866">
    <p class='ocr_par' dir='ltr' id='par_1_8' title="bbox 253 793 1835 866">
     <span class='ocr_line' id='line_1_8' title="bbox 253 793 1835 866; baseline -0.005 -11"><span class='ocrx_word' id='word_1_40' title='bbox 253 804 394 866; x_wconf 82' lang='lat' dir='ltr'>Quam</span> <span class='ocrx_word' id='word_1_41' title='bbox 422 795 625 853; x_wconf 89' lang='lat' dir='ltr'>multos</span> <span class='ocrx_word' id='word_1_42' title='bbox 655 794 813 849; x_wconf 91' lang='lat' dir='ltr'>enim</span> <span class='ocrx_word' id='word_1_43' title='bbox 843 793 1119 849; x_wconf 89' lang='lat' dir='ltr'>tenebant</span> <span class='ocrx_word' id='word_1_44' title='bbox 1147 793 1275 864; x_wconf 85' lang='lat' dir='ltr'>filii,</span> <span class='ocrx_word' id='word_1_45' title='bbox 1307 809 1380 850; x_wconf 89' lang='lat' dir='ltr'>ne</span> <span class='ocrx_word' id='word_1_46' title='bbox 1438 797 1777 865; x_wconf 87' lang='lat' dir='ltr'>paterentur</span> <span class='ocrx_word' id='word_1_47' title='bbox 1807 796 1835 847; x_wconf 83' lang='lat'><strong><em>?</em></strong></span> 
     </span>
    </p>
   </div>
   <div class='ocr_carea' id='block_1_9' title="bbox 251 881 1828 957">
    <p class='ocr_par' dir='ltr' id='par_1_9' title="bbox 251 881 1828 957">
     <span class='ocr_line' id='line_1_9' title="bbox 251 881 1828 957; baseline -0.006 -12"><span class='ocrx_word' id='word_1_48' title='bbox 251 893 393 957; x_wconf 78' lang='lat' dir='ltr'>Quam</span> <span class='ocrx_word' id='word_1_49' title='bbox 420 884 728 941; x_wconf 87' lang='lat' dir='ltr'>multorum</span> <span class='ocrx_word' id='word_1_50' title='bbox 761 882 1008 954; x_wconf 86' lang='lat' dir='ltr'>genibus</span> <span class='ocrx_word' id='word_1_51' title='bbox 1058 881 1543 954; x_wconf 78' lang='lat' dir='ltr'>provolvebantur</span> <span class='ocrx_word' id='word_1_52' title='bbox 1600 897 1828 950; x_wconf 83' lang='lat' dir='ltr'>uxores,</span> 
     </span>
    </p>
   </div>
   <div class='ocr_carea' id='block_1_10' title="bbox 248 969 1831 1042">
    <p class='ocr_par' dir='ltr' id='par_1_10' title="bbox 248 969 1831 1042">
     <span class='ocr_line' id='line_1_10' title="bbox 248 969 1831 1042; baseline -0.006 -7"><span class='ocrx_word' id='word_1_53' title='bbox 248 995 301 1036; x_wconf 84' lang='lat' dir='ltr'>ne</span> <span class='ocrx_word' id='word_1_54' title='bbox 322 977 480 1031; x_wconf 83' lang='lat' dir='ltr'>viduae</span> <span class='ocrx_word' id='word_1_55' title='bbox 511 971 977 1042; x_wconf 84' lang='lat' dir='ltr'>relinquerentur</span> <span class='ocrx_word' id='word_1_56' title='bbox 1003 974 1030 1025; x_wconf 74' lang='lat'>.9</span> <span class='ocrx_word' id='word_1_57' title='bbox 1059 973 1245 1035; x_wconf 86' lang='lat' dir='ltr'>Quam</span> <span class='ocrx_word' id='word_1_58' title='bbox 1288 969 1504 1027; x_wconf 90' lang='lat' dir='ltr'>multos</span> <span class='ocrx_word' id='word_1_59' title='bbox 1562 973 1831 1041; x_wconf 89' lang='lat' dir='ltr'>parentes</span> 
     </span>
    </p>
   </div>
   <div class='ocr_carea' id='block_1_11' title="bbox 246 1058 1831 1138">
    <p class='ocr_par' dir='ltr' id='par_1_11' title="bbox 246 1058 1831 1138">
     <span class='ocr_line' id='line_1_11' title="bbox 246 1058 1831 1138; baseline -0.006 -14"><span class='ocrx_word' id='word_1_60' title='bbox 246 1067 325 1124; x_wconf 84' lang='lat' dir='ltr'>ﬁlii</span> <span class='ocrx_word' id='word_1_61' title='bbox 349 1062 706 1138; x_wconf 81' lang='lat' dir='ltr'>prohibebant</span> <span class='ocrx_word' id='word_1_62' title='bbox 736 1060 907 1129; x_wconf 90' lang='lat' dir='ltr'>mori,</span> <span class='ocrx_word' id='word_1_63' title='bbox 962 1060 1116 1116; x_wconf 85' lang='lat' dir='ltr'>sicut</span> <span class='ocrx_word' id='word_1_64' title='bbox 1176 1060 1446 1117; x_wconf 88' lang='lat' dir='ltr'>novimus</span> <span class='ocrx_word' id='word_1_65' title='bbox 1504 1063 1561 1116; x_wconf 93' lang='lat' dir='ltr'>et</span> <span class='ocrx_word' id='word_1_66' title='bbox 1616 1058 1831 1130; x_wconf 86' lang='lat' dir='ltr'>legitur</span> 
     </span>
    </p>
   </div>
   <div class='ocr_carea' id='block_1_12' title="bbox 246 1147 1824 1227">
    <p class='ocr_par' dir='ltr' id='par_1_12' title="bbox 246 1147 1824 1227">
     <span class='ocr_line' id='line_1_12' title="bbox 246 1147 1824 1227; baseline -0.007 -14"><span class='ocrx_word' id='word_1_67' title='bbox 246 1158 289 1212; x_wconf 88' lang='lat' dir='ltr'>in</span> <span class='ocrx_word' id='word_1_68' title='bbox 331 1152 572 1227; x_wconf 89' lang='lat' dir='ltr'>passione</span> <span class='ocrx_word' id='word_1_69' title='bbox 614 1166 808 1206; x_wconf 60' lang='lat' dir='ltr'>senm</span> <span class='ocrx_word' id='word_1_70' title='bbox 863 1165 1175 1206; x_wconf 63' lang='lat' dir='ltr'>pauperum</span> <span class='ocrx_word' id='word_1_71' title='bbox 1202 1150 1231 1205; x_wconf 86' lang='lat'><strong>?</strong></span> <span class='ocrx_word' id='word_1_72' title='bbox 1275 1149 1450 1205; x_wconf 88' lang='lat' dir='ltr'>Facta</span> <span class='ocrx_word' id='word_1_73' title='bbox 1496 1152 1636 1204; x_wconf 91' lang='lat' dir='ltr'>sunt</span> <span class='ocrx_word' id='word_1_74' title='bbox 1691 1147 1824 1204; x_wconf 89' lang='lat' dir='ltr'>ista.</span> 
     </span>
    </p>
   </div>
   <div class='ocr_carea' id='block_1_13' title="bbox 244 1236 1826 1314">
    <p class='ocr_par' dir='ltr' id='par_1_13' title="bbox 244 1236 1826 1314">
     <span class='ocr_line' id='line_1_13' title="bbox 244 1236 1826 1314; baseline -0.006 -12"><span class='ocrx_word' id='word_1_75' title='bbox 244 1246 325 1303; x_wconf 86' lang='lat' dir='ltr'>Sed</span> <span class='ocrx_word' id='word_1_76' title='bbox 366 1244 617 1314; x_wconf 65' lang='lat' dir='ltr'>lacrymm</span> <span class='ocrx_word' id='word_1_77' title='bbox 648 1238 1053 1311; x_wconf 68' lang='lat' dir='ltr'>quantalibet,</span> <span class='ocrx_word' id='word_1_78' title='bbox 1087 1242 1144 1295; x_wconf 87' lang='lat' dir='ltr'>et</span> <span class='ocrx_word' id='word_1_79' title='bbox 1181 1237 1544 1310; x_wconf 89' lang='lat' dir='ltr'>quantolibet</span> <span class='ocrx_word' id='word_1_80' title='bbox 1599 1236 1826 1308; x_wconf 89' lang='lat' dir='ltr'>impetu</span> 
     </span>
    </p>
   </div>
   <div class='ocr_carea' id='block_1_14' title="bbox 242 1326 1825 1402">
    <p class='ocr_par' dir='ltr' id='par_1_14' title="bbox 242 1326 1825 1402">
     <span class='ocr_line' id='line_1_14' title="bbox 242 1326 1825 1402; baseline -0.005 -12"><span class='ocrx_word' id='word_1_81' title='bbox 242 1335 461 1400; x_wconf 83' lang='lat' dir='ltr'>ﬂuerent,</span> <span class='ocrx_word' id='word_1_82' title='bbox 515 1329 749 1402; x_wconf 84' lang='lat' dir='ltr'>quando</span> <span class='ocrx_word' id='word_1_83' title='bbox 807 1327 1073 1384; x_wconf 89' lang='lat' dir='ltr'>ardorem</span> <span class='ocrx_word' id='word_1_84' title='bbox 1150 1327 1450 1384; x_wconf 88' lang='lat' dir='ltr'>charitatis</span> <span class='ocrx_word' id='word_1_85' title='bbox 1524 1326 1825 1398; x_wconf 84' lang='lat' dir='ltr'>extingue-</span> 
     </span>
    </p>
   </div>
   <div class='ocr_carea' id='block_1_15' title="bbox 240 1414 1824 1492">
    <p class='ocr_par' dir='ltr' id='par_1_15' title="bbox 240 1414 1824 1492">
     <span class='ocr_line' id='line_1_15' title="bbox 240 1414 1824 1492; baseline -0.006 -12"><span class='ocrx_word' id='word_1_86' title='bbox 240 1425 418 1480; x_wconf 76' lang='lat' dir='ltr'>rent?»</span> <span class='ocrx_word' id='word_1_87' title='bbox 451 1420 582 1492; x_wconf 88' lang='lat' dir='ltr'>Cap.</span> <span class='ocrx_word' id='word_1_88' title='bbox 615 1434 666 1487; x_wconf 73' lang='grc' dir='ltr'><strong>ν,</strong></span> <span class='ocrx_word' id='word_1_89' title='bbox 700 1419 728 1486; x_wconf 86' lang='lat'>§</span> <span class='ocrx_word' id='word_1_90' title='bbox 761 1418 817 1487; x_wconf 89' lang='lat'><strong>2,</strong></span> <span class='ocrx_word' id='word_1_91' title='bbox 851 1416 1021 1488; x_wconf 89' lang='lat' dir='ltr'>plura</span> <span class='ocrx_word' id='word_1_92' title='bbox 1079 1416 1248 1473; x_wconf 91' lang='lat' dir='ltr'>nobis</span> <span class='ocrx_word' id='word_1_93' title='bbox 1305 1416 1609 1473; x_wconf 85' lang='lat' dir='ltr'>confertim</span> <span class='ocrx_word' id='word_1_94' title='bbox 1662 1414 1824 1471; x_wconf 89' lang='lat' dir='ltr'>exhi-</span> 
     </span>
    </p>
   </div>
   <div class='ocr_carea' id='block_1_16' title="bbox 238 1504 1824 1577">
    <p class='ocr_par' dir='ltr' id='par_1_16' title="bbox 238 1504 1824 1577">
     <span class='ocr_line' id='line_1_16' title="bbox 238 1504 1824 1577; baseline -0.005 -9"><span class='ocrx_word' id='word_1_95' title='bbox 238 1515 405 1569; x_wconf 86' lang='lat' dir='ltr'>bentur</span> <span class='ocrx_word' id='word_1_96' title='bbox 429 1512 638 1565; x_wconf 66' lang='lat' dir='ltr'>mutum</span> <span class='ocrx_word' id='word_1_97' title='bbox 679 1505 981 1563; x_wconf 87' lang='lat' dir='ltr'>charitatis</span> <span class='ocrx_word' id='word_1_98' title='bbox 1029 1506 1154 1577; x_wconf 89' lang='lat' dir='ltr'>spei</span> <span class='ocrx_word' id='word_1_99' title='bbox 1212 1508 1270 1561; x_wconf 91' lang='lat' dir='ltr'>et</span> <span class='ocrx_word' id='word_1_100' title='bbox 1324 1504 1824 1577; x_wconf 83' lang='lat' dir='ltr'>magnanimitatis</span> 
     </span>
    </p>
   </div>
   <div class='ocr_carea' id='block_1_17' title="bbox 238 1591 1823 1671">
    <p class='ocr_par' dir='ltr' id='par_1_17' title="bbox 238 1591 1823 1671">
     <span class='ocr_line' id='line_1_17' title="bbox 238 1591 1823 1671; baseline -0.006 -14"><span class='ocrx_word' id='word_1_101' title='bbox 238 1599 450 1671; x_wconf 76' lang='lat' dir='ltr'>exempla</span> <span class='ocrx_word' id='word_1_102' title='bbox 486 1614 563 1654; x_wconf 77' lang='lat' dir='ltr'>:u</span> <span class='ocrx_word' id='word_1_103' title='bbox 615 1595 782 1652; x_wconf 84' lang='lat' dir='ltr'>Circa</span> <span class='ocrx_word' id='word_1_104' title='bbox 833 1594 1192 1651; x_wconf 87' lang='lat' dir='ltr'>Felicitatem</span> <span class='ocrx_word' id='word_1_105' title='bbox 1244 1610 1377 1649; x_wconf 91' lang='lat' dir='ltr'>vero</span> <span class='ocrx_word' id='word_1_106' title='bbox 1408 1594 1569 1665; x_wconf 88' lang='lat' dir='ltr'>(nam</span> <span class='ocrx_word' id='word_1_107' title='bbox 1623 1597 1683 1649; x_wconf 90' lang='lat' dir='ltr'>et</span> <span class='ocrx_word' id='word_1_108' title='bbox 1735 1591 1823 1648; x_wconf 88' lang='lat' dir='ltr'>illi</span> 
     </span>
    </p>
   </div>
   <div class='ocr_carea' id='block_1_18' title="bbox 237 1681 1819 1763">
    <p class='ocr_par' dir='ltr' id='par_1_18' title="bbox 237 1681 1819 1763">
     <span class='ocr_line' id='line_1_18' title="bbox 237 1681 1819 1763; baseline -0.006 -18"><span class='ocrx_word' id='word_1_109' title='bbox 237 1689 390 1763; x_wconf 85' lang='lat' dir='ltr'>gratia</span> <span class='ocrx_word' id='word_1_110' title='bbox 413 1686 626 1743; x_wconf 89' lang='lat' dir='ltr'>Domini</span> <span class='ocrx_word' id='word_1_111' title='bbox 684 1683 976 1756; x_wconf 89' lang='lat' dir='ltr'>ejusmodi</span> <span class='ocrx_word' id='word_1_112' title='bbox 1006 1681 1288 1754; x_wconf 83' lang='lat' dir='ltr'>contigit),</span> <span class='ocrx_word' id='word_1_113' title='bbox 1321 1698 1456 1738; x_wconf 91' lang='lat' dir='ltr'>cum</span> <span class='ocrx_word' id='word_1_114' title='bbox 1512 1685 1642 1739; x_wconf 90' lang='lat' dir='ltr'>octo</span> <span class='ocrx_word' id='word_1_115' title='bbox 1690 1682 1819 1752; x_wconf 92' lang='lat' dir='ltr'>jam</span> 
     </span>
    </p>
   </div>
   <div class='ocr_carea' id='block_1_19' title="bbox 1943 527 3582 601">
    <p class='ocr_par' dir='ltr' id='par_1_19' title="bbox 1943 527 3582 601">
     <span class='ocr_line' id='line_1_19' title="bbox 1943 527 3582 601; baseline 0.005 -20"><span class='ocrx_word' id='word_1_116' title='bbox 1943 527 2072 598; x_wconf 89' lang='lat' dir='ltr'>jam</span> <span class='ocrx_word' id='word_1_117' title='bbox 2104 528 2355 601; x_wconf 67' lang='lat' dir='ltr'>Egyptii</span> <span class='ocrx_word' id='word_1_118' title='bbox 2385 528 2638 586; x_wconf 84' lang='lat' dir='ltr'>calcans.</span> <span class='ocrx_word' id='word_1_119' title='bbox 2694 530 3030 599; x_wconf 80' lang='lat' dir='ltr'>Revocatus,</span> <span class='ocrx_word' id='word_1_120' title='bbox 3064 536 3119 588; x_wconf 91' lang='lat' dir='ltr'>et</span> <span class='ocrx_word' id='word_1_121' title='bbox 3147 532 3495 589; x_wconf 85' lang='lat' dir='ltr'>Saturninus</span> <span class='ocrx_word' id='word_1_122' title='bbox 3525 538 3582 591; x_wconf 87' lang='lat' dir='ltr'>et</span> 
     </span>
    </p>
   </div>
   <div class='ocr_carea' id='block_1_20' title="bbox 1948 616 3583 690">
    <p class='ocr_par' dir='ltr' id='par_1_20' title="bbox 1948 616 3583 690">
     <span class='ocr_line' id='line_1_20' title="bbox 1948 616 3583 690; baseline 0.002 -17"><span class='ocrx_word' id='word_1_123' title='bbox 1948 616 2207 683; x_wconf 84' lang='lat' dir='ltr'>Saturus,</span> <span class='ocrx_word' id='word_1_124' title='bbox 2242 617 2458 690; x_wconf 90' lang='lat' dir='ltr'>populo</span> <span class='ocrx_word' id='word_1_125' title='bbox 2488 620 2769 689; x_wconf 78' lang='lat' dir='ltr'>spectanti</span> <span class='ocrx_word' id='word_1_126' title='bbox 2801 620 3316 676; x_wconf 90' lang='lat' dir='ltr'>comminabantur</span> <span class='ocrx_word' id='word_1_127' title='bbox 3347 623 3417 677; x_wconf 90' lang='lat' dir='ltr'>de</span> <span class='ocrx_word' id='word_1_128' title='bbox 3451 623 3583 679; x_wconf 89' lang='lat' dir='ltr'>hoc.</span> 
     </span>
    </p>
   </div>
   <div class='ocr_carea' id='block_1_21' title="bbox 1944 704 3585 783">
    <p class='ocr_par' dir='ltr' id='par_1_21' title="bbox 1944 704 3585 783">
     <span class='ocr_line' id='line_1_21' title="bbox 1944 704 3585 783; baseline 0.004 -23"><span class='ocrx_word' id='word_1_129' title='bbox 1944 704 2017 761; x_wconf 90' lang='lat' dir='ltr'>Ut</span> <span class='ocrx_word' id='word_1_130' title='bbox 2045 708 2149 761; x_wconf 86' lang='lat' dir='ltr'>sub</span> <span class='ocrx_word' id='word_1_131' title='bbox 2177 710 2492 778; x_wconf 85' lang='lat' dir='ltr'>conspectu</span> <span class='ocrx_word' id='word_1_132' title='bbox 2515 706 2794 762; x_wconf 89' lang='lat' dir='ltr'>Hilariani</span> <span class='ocrx_word' id='word_1_133' title='bbox 2815 717 3212 779; x_wconf 89' lang='lat' dir='ltr'>pervenerunt.</span> <span class='ocrx_word' id='word_1_134' title='bbox 3240 713 3386 766; x_wconf 81' lang='grc'>141</span> <span class='ocrx_word' id='word_1_135' title='bbox 3417 716 3585 783; x_wconf 89' lang='lat' dir='ltr'>gestu</span> 
     </span>
    </p>
   </div>
   <div class='ocr_carea' id='block_1_22' title="bbox 1941 795 3580 867">
    <p class='ocr_par' dir='ltr' id='par_1_22' title="bbox 1941 795 3580 867">
     <span class='ocr_line' id='line_1_22' title="bbox 1941 795 3580 867; baseline 0.005 -19"><span class='ocrx_word' id='word_1_136' title='bbox 1941 798 1998 849; x_wconf 91' lang='lat' dir='ltr'>et</span> <span class='ocrx_word' id='word_1_137' title='bbox 2028 799 2175 850; x_wconf 91' lang='lat' dir='ltr'>nutu</span> <span class='ocrx_word' id='word_1_138' title='bbox 2222 804 2519 867; x_wconf 78' lang='lat' dir='ltr'>cceperunt</span> <span class='ocrx_word' id='word_1_139' title='bbox 2575 795 2868 852; x_wconf 87' lang='lat' dir='ltr'>Hilariano</span> <span class='ocrx_word' id='word_1_140' title='bbox 2924 798 3113 854; x_wconf 87' lang='lat' dir='ltr'>dicere</span> <span class='ocrx_word' id='word_1_141' title='bbox 3145 815 3157 854; x_wconf 90' lang='lat'>:</span> <span class='ocrx_word' id='word_1_142' title='bbox 3194 800 3265 854; x_wconf 87' lang='lat' dir='ltr'>Tu</span> <span class='ocrx_word' id='word_1_143' title='bbox 3314 817 3429 866; x_wconf 77' lang='lat' dir='ltr'>nos,</span> <span class='ocrx_word' id='word_1_144' title='bbox 3491 801 3580 857; x_wconf 84' lang='lat' dir='ltr'>in~</span> 
     </span>
    </p>
   </div>
   <div class='ocr_carea' id='block_1_23' title="bbox 1942 883 3580 961">
    <p class='ocr_par' dir='ltr' id='par_1_23' title="bbox 1942 883 3580 961">
     <span class='ocr_line' id='line_1_23' title="bbox 1942 883 3580 961; baseline 0.004 -23"><span class='ocrx_word' id='word_1_145' title='bbox 1942 883 2171 955; x_wconf 89' lang='lat' dir='ltr'>quiunt,</span> <span class='ocrx_word' id='word_1_146' title='bbox 2202 886 2253 941; x_wconf 85' lang='lat' dir='ltr'>te</span> <span class='ocrx_word' id='word_1_147' title='bbox 2287 893 2471 940; x_wconf 80' lang='lat' dir='ltr'>autem</span> <span class='ocrx_word' id='word_1_148' title='bbox 2513 886 2654 942; x_wconf 75' lang='lat' dir='ltr'>Deus</span> <span class='ocrx_word' id='word_1_149' title='bbox 2674 884 2972 957; x_wconf 80' lang='lat' dir='ltr'>judicabit.</span> <span class='ocrx_word' id='word_1_150' title='bbox 3020 887 3105 942; x_wconf 89' lang='lat' dir='ltr'>Ad</span> <span class='ocrx_word' id='word_1_151' title='bbox 3163 888 3271 943; x_wconf 90' lang='lat' dir='ltr'>hoc</span> <span class='ocrx_word' id='word_1_152' title='bbox 3328 890 3580 961; x_wconf 89' lang='lat' dir='ltr'>populus</span> 
     </span>
    </p>
   </div>
   <div class='ocr_carea' id='block_1_24' title="bbox 1939 973 3579 1046">
    <p class='ocr_par' dir='ltr' id='par_1_24' title="bbox 1939 973 3579 1046">
     <span class='ocr_line' id='line_1_24' title="bbox 1939 973 3579 1046; baseline 0.004 -19"><span class='ocrx_word' id='word_1_153' title='bbox 1939 974 2327 1043; x_wconf 78' lang='lat' dir='ltr'>exasperatus,</span> <span class='ocrx_word' id='word_1_154' title='bbox 2360 973 2602 1043; x_wconf 83' lang='lat' dir='ltr'>ﬂagellis</span> <span class='ocrx_word' id='word_1_155' title='bbox 2634 990 2732 1029; x_wconf 89' lang='lat' dir='ltr'>eos</span> <span class='ocrx_word' id='word_1_156' title='bbox 2762 975 2948 1030; x_wconf 88' lang='lat' dir='ltr'>vexari</span> <span class='ocrx_word' id='word_1_157' title='bbox 2978 992 3079 1046; x_wconf 92' lang='lat' dir='ltr'>pro</span> <span class='ocrx_word' id='word_1_158' title='bbox 3111 976 3313 1031; x_wconf 90' lang='lat' dir='ltr'>ordine</span> <span class='ocrx_word' id='word_1_159' title='bbox 3342 983 3579 1033; x_wconf 88' lang='lat' dir='ltr'>venato-</span> 
     </span>
    </p>
   </div>
   <div class='ocr_carea' id='block_1_25' title="bbox 1938 1060 3581 1136">
    <p class='ocr_par' dir='ltr' id='par_1_25' title="bbox 1938 1060 3581 1136">
     <span class='ocr_line' id='line_1_25' title="bbox 1938 1060 3581 1136; baseline 0.004 -20"><span class='ocrx_word' id='word_1_160' title='bbox 1938 1076 2065 1116; x_wconf 89' lang='lat' dir='ltr'>rum</span> <span class='ocrx_word' id='word_1_161' title='bbox 2083 1060 2411 1131; x_wconf 87' lang='lat' dir='ltr'>postulavit.</span> <span class='ocrx_word' id='word_1_162' title='bbox 2430 1063 2499 1117; x_wconf 88' lang='lat' dir='ltr'>Et</span> <span class='ocrx_word' id='word_1_163' title='bbox 2514 1061 2717 1134; x_wconf 89' lang='lat' dir='ltr'>utique</span> <span class='ocrx_word' id='word_1_164' title='bbox 2733 1062 2817 1118; x_wconf 89' lang='lat' dir='ltr'>illi</span> <span class='ocrx_word' id='word_1_165' title='bbox 2834 1062 3111 1135; x_wconf 88' lang='lat' dir='ltr'>gratulati</span> <span class='ocrx_word' id='word_1_166' title='bbox 3132 1070 3291 1131; x_wconf 90' lang='lat' dir='ltr'>sunt,</span> <span class='ocrx_word' id='word_1_167' title='bbox 3307 1067 3460 1136; x_wconf 93' lang='lat' dir='ltr'>quod</span> <span class='ocrx_word' id='word_1_168' title='bbox 3480 1067 3581 1122; x_wconf 90' lang='lat' dir='ltr'>ali-</span> 
     </span>
    </p>
   </div>
   <div class='ocr_carea' id='block_1_26' title="bbox 1936 1149 3576 1224">
    <p class='ocr_par' dir='ltr' id='par_1_26' title="bbox 1936 1149 3576 1224">
     <span class='ocr_line' id='line_1_26' title="bbox 1936 1149 3576 1224; baseline 0 -19"><span class='ocrx_word' id='word_1_169' title='bbox 1936 1149 2077 1221; x_wconf 91' lang='lat' dir='ltr'>quid</span> <span class='ocrx_word' id='word_1_170' title='bbox 2099 1151 2238 1207; x_wconf 90' lang='lat' dir='ltr'>etde</span> <span class='ocrx_word' id='word_1_171' title='bbox 2253 1150 2565 1208; x_wconf 86' lang='lat' dir='ltr'>Dominicis</span> <span class='ocrx_word' id='word_1_172' title='bbox 2589 1152 2963 1224; x_wconf 88' lang='lat' dir='ltr'>passionibus</span> <span class='ocrx_word' id='word_1_173' title='bbox 2986 1160 3181 1209; x_wconf 87' lang='lat' dir='ltr'>essent</span> <span class='ocrx_word' id='word_1_174' title='bbox 3196 1156 3511 1210; x_wconf 89' lang='lat' dir='ltr'>consecuti.</span> <span class='ocrx_word' id='word_1_175' title='bbox 3546 1177 3576 1205; x_wconf 84' lang='grc'><strong>››</strong></span> 
     </span>
    </p>
   </div>
   <div class='ocr_carea' id='block_1_27' title="bbox 1932 1238 3577 1313">
    <p class='ocr_par' dir='ltr' id='par_1_27' title="bbox 1932 1238 3577 1313">
     <span class='ocr_line' id='line_1_27' title="bbox 1932 1238 3577 1313; baseline 0.004 -20"><span class='ocrx_word' id='word_1_176' title='bbox 1932 1238 2235 1295; x_wconf 89' lang='lat' dir='ltr'>Videndus</span> <span class='ocrx_word' id='word_1_177' title='bbox 2263 1243 2320 1296; x_wconf 93' lang='lat' dir='ltr'>et</span> <span class='ocrx_word' id='word_1_178' title='bbox 2339 1255 2464 1311; x_wconf 87' lang='lat' dir='ltr'>cap.</span> <span class='ocrx_word' id='word_1_179' title='bbox 2496 1257 2575 1297; x_wconf 81' lang='lat' dir='ltr'>v1.</span> <span class='ocrx_word' id='word_1_180' title='bbox 2606 1243 2635 1309; x_wconf 87' lang='lat'>§</span> <span class='ocrx_word' id='word_1_181' title='bbox 2661 1243 2715 1310; x_wconf 89' lang='lat'><strong>2,</strong></span> <span class='ocrx_word' id='word_1_182' title='bbox 2750 1242 2832 1297; x_wconf 89' lang='lat' dir='ltr'>uti</span> <span class='ocrx_word' id='word_1_183' title='bbox 2856 1246 3064 1313; x_wconf 75' lang='lat' dir='ltr'>praeter</span> <span class='ocrx_word' id='word_1_184' title='bbox 3092 1243 3368 1299; x_wconf 89' lang='lat' dir='ltr'>invictam</span> <span class='ocrx_word' id='word_1_185' title='bbox 3394 1244 3577 1300; x_wconf 88' lang='lat' dir='ltr'>animi</span> 
     </span>
    </p>
   </div>
   <div class='ocr_carea' id='block_1_28' title="bbox 1934 1328 3574 1403">
    <p class='ocr_par' dir='ltr' id='par_1_28' title="bbox 1934 1328 3574 1403">
     <span class='ocr_line' id='line_1_28' title="bbox 1934 1328 3574 1403; baseline 0.004 -19"><span class='ocrx_word' id='word_1_186' title='bbox 1934 1328 2361 1395; x_wconf 86' lang='lat' dir='ltr'>fortitudinem,</span> <span class='ocrx_word' id='word_1_187' title='bbox 2409 1347 2528 1403; x_wconf 89' lang='lat' dir='ltr'>qua</span> <span class='ocrx_word' id='word_1_188' title='bbox 2572 1348 2633 1388; x_wconf 92' lang='lat' dir='ltr'>se</span> <span class='ocrx_word' id='word_1_189' title='bbox 2664 1331 3058 1397; x_wconf 68' lang='lat' dir='ltr'>ferocissimae,</span> <span class='ocrx_word' id='word_1_190' title='bbox 3120 1349 3302 1388; x_wconf 65' lang='lat' dir='ltr'>vaccae</span> <span class='ocrx_word' id='word_1_191' title='bbox 3360 1339 3574 1390; x_wconf 72' lang='lat' dir='ltr'>sancta:</span> 
     </span>
    </p>
   </div>
   <div class='ocr_carea' id='block_1_29' title="bbox 1933 1418 3576 1494">
    <p class='ocr_par' dir='ltr' id='par_1_29' title="bbox 1933 1418 3576 1494">
     <span class='ocr_line' id='line_1_29' title="bbox 1933 1418 3576 1494; baseline 0.002 -20"><span class='ocrx_word' id='word_1_192' title='bbox 1933 1418 2227 1477; x_wconf 88' lang='lat' dir='ltr'>mulieres</span> <span class='ocrx_word' id='word_1_193' title='bbox 2265 1421 3004 1493; x_wconf 88' lang='lat' dir='ltr'>obtulerunt,suscipienda</span> <span class='ocrx_word' id='word_1_194' title='bbox 3022 1422 3177 1477; x_wconf 89' lang='lat' dir='ltr'>venit</span> <span class='ocrx_word' id='word_1_195' title='bbox 3207 1426 3264 1477; x_wconf 91' lang='lat' dir='ltr'>et</span> <span class='ocrx_word' id='word_1_196' title='bbox 3280 1426 3576 1494; x_wconf 74' lang='lat' dir='ltr'>Perpetuaa</span> 
     </span>
    </p>
   </div>
   <div class='ocr_carea' id='block_1_30' title="bbox 1931 1507 3573 1568">
    <p class='ocr_par' dir='ltr' id='par_1_30' title="bbox 1931 1507 3573 1568">
     <span class='ocr_line' id='line_1_30' title="bbox 1931 1507 3573 1568; baseline 0.003 -5"><span class='ocrx_word' id='word_1_197' title='bbox 1931 1507 2261 1565; x_wconf 87' lang='lat' dir='ltr'>modestia:</span> <span class='ocrx_word' id='word_1_198' title='bbox 2310 1510 2583 1567; x_wconf 68' lang='lat' dir='ltr'>Jaclatan</span> <span class='ocrx_word' id='word_1_199' title='bbox 2637 1510 2795 1566; x_wconf 90' lang='lat' dir='ltr'>enim</span> <span class='ocrx_word' id='word_1_200' title='bbox 2858 1528 2893 1566; x_wconf 91' lang='lat' dir='ltr'>a</span> <span class='ocrx_word' id='word_1_201' title='bbox 2954 1510 3316 1567; x_wconf 84' lang='lat' dir='ltr'>ferocissima</span> <span class='ocrx_word' id='word_1_202' title='bbox 3390 1513 3573 1568; x_wconf 89' lang='lat' dir='ltr'>bestia</span> 
     </span>
    </p>
   </div>
   <div class='ocr_carea' id='block_1_31' title="bbox 1930 1598 3573 1672">
    <p class='ocr_par' dir='ltr' id='par_1_31' title="bbox 1930 1598 3573 1672">
     <span class='ocr_line' id='line_1_31' title="bbox 1930 1598 3573 1672; baseline 0.004 -21"><span class='ocrx_word' id='word_1_203' title='bbox 1930 1618 1961 1649; x_wconf 87' lang='lat'><strong>«</strong></span> <span class='ocrx_word' id='word_1_204' title='bbox 1994 1598 2251 1655; x_wconf 90' lang='lat' dir='ltr'>concidit</span> <span class='ocrx_word' id='word_1_205' title='bbox 2280 1599 2340 1655; x_wconf 93' lang='lat' dir='ltr'>in</span> <span class='ocrx_word' id='word_1_206' title='bbox 2371 1599 2631 1667; x_wconf 89' lang='lat' dir='ltr'>lumbos,</span> <span class='ocrx_word' id='word_1_207' title='bbox 2664 1604 2721 1655; x_wconf 90' lang='lat' dir='ltr'>et</span> <span class='ocrx_word' id='word_1_208' title='bbox 2751 1603 2819 1655; x_wconf 93' lang='lat' dir='ltr'>ut</span> <span class='ocrx_word' id='word_1_209' title='bbox 2862 1600 3166 1672; x_wconf 88' lang='lat' dir='ltr'>conspexit</span> <span class='ocrx_word' id='word_1_210' title='bbox 3220 1600 3480 1655; x_wconf 90' lang='lat' dir='ltr'>tunicam</span> <span class='ocrx_word' id='word_1_211' title='bbox 3538 1620 3573 1657; x_wconf 90' lang='lat' dir='ltr'>a</span> 
     </span>
    </p>
   </div>
   <div class='ocr_carea' id='block_1_32' title="bbox 1927 1684 3568 1758">
    <p class='ocr_par' dir='ltr' id='par_1_32' title="bbox 1927 1684 3568 1758">
     <span class='ocr_line' id='line_1_32' title="bbox 1927 1684 3568 1758; baseline 0.002 -16"><span class='ocrx_word' id='word_1_212' title='bbox 1927 1684 2106 1743; x_wconf 89' lang='lat' dir='ltr'>latere</span> <span class='ocrx_word' id='word_1_213' title='bbox 2136 1687 2469 1755; x_wconf 90' lang='lat' dir='ltr'>discissam,</span> <span class='ocrx_word' id='word_1_214' title='bbox 2496 1688 2569 1744; x_wconf 91' lang='lat' dir='ltr'>ad</span> <span class='ocrx_word' id='word_1_215' title='bbox 2590 1688 2983 1744; x_wconf 88' lang='lat' dir='ltr'>velamentum</span> <span class='ocrx_word' id='word_1_216' title='bbox 3004 1689 3292 1744; x_wconf 84' lang='lat' dir='ltr'>femorum</span> <span class='ocrx_word' id='word_1_217' title='bbox 3307 1689 3568 1758; x_wconf 84' lang='lat' dir='ltr'>adduxit,</span> 
     </span>
    </p>
   </div>
   <div class='ocr_carea' id='block_1_33' title="bbox 236 1771 3180 1869">
    <p class='ocr_par' dir='ltr' id='par_1_33' title="bbox 236 1771 3180 1869">
     <span class='ocr_line' id='line_1_33' title="bbox 236 1771 3180 1869; baseline 0 -36"><span class='ocrx_word' id='word_1_218' title='bbox 236 1776 469 1834; x_wconf 87' lang='lat' dir='ltr'>mensium</span> <span class='ocrx_word' id='word_1_219' title='bbox 503 1790 680 1831; x_wconf 89' lang='lat' dir='ltr'>suum</span> <span class='ocrx_word' id='word_1_220' title='bbox 710 1776 973 1830; x_wconf 88' lang='lat' dir='ltr'>ventrem</span> <span class='ocrx_word' id='word_1_221' title='bbox 1024 1771 1261 1828; x_wconf 84' lang='lat' dir='ltr'>haberet</span> <span class='ocrx_word' id='word_1_222' title='bbox 1290 1771 1452 1842; x_wconf 90' lang='lat' dir='ltr'>(nam</span> <span class='ocrx_word' id='word_1_223' title='bbox 1510 1786 1818 1842; x_wconf 67' lang='lat' dir='ltr'>prwgnans</span> <span class='ocrx_word' id='word_1_224' title='bbox 1848 1802 1896 1869; x_wconf 80' lang='grc' dir='ltr'>Β</span> <span class='ocrx_word' id='word_1_225' title='bbox 1927 1776 2169 1848; x_wconf 91' lang='lat' dir='ltr'>pudoris</span> <span class='ocrx_word' id='word_1_226' title='bbox 2200 1776 2396 1849; x_wconf 90' lang='lat' dir='ltr'>potius</span> <span class='ocrx_word' id='word_1_227' title='bbox 2418 1792 2644 1833; x_wconf 86' lang='lat' dir='ltr'>memor</span> <span class='ocrx_word' id='word_1_228' title='bbox 2673 1793 2852 1848; x_wconf 88' lang='lat' dir='ltr'>quam</span> <span class='ocrx_word' id='word_1_229' title='bbox 2879 1776 3118 1833; x_wconf 91' lang='lat' dir='ltr'>doloris.</span> <span class='ocrx_word' id='word_1_230' title='bbox 3152 1799 3180 1826; x_wconf 87' lang='grc'>››</span> 
     </span>
    </p>
   </div>
   <div class='ocr_carea' id='block_1_34' title="bbox 232 1858 1816 1937">
    <p class='ocr_par' dir='ltr' id='par_1_34' title="bbox 232 1858 1816 1937">
     <span class='ocr_line' id='line_1_34' title="bbox 232 1858 1816 1937; baseline -0.004 -14"><span class='ocrx_word' id='word_1_231' title='bbox 232 1869 376 1923; x_wconf 80' lang='lat' dir='ltr'>fuerat</span> <span class='ocrx_word' id='word_1_232' title='bbox 423 1864 823 1937; x_wconf 82' lang='lat' dir='ltr'>apprehensa),</span> <span class='ocrx_word' id='word_1_233' title='bbox 902 1861 1162 1917; x_wconf 89' lang='lat' dir='ltr'>instante</span> <span class='ocrx_word' id='word_1_234' title='bbox 1209 1858 1529 1932; x_wconf 89' lang='lat' dir='ltr'>spectaculi</span> <span class='ocrx_word' id='word_1_235' title='bbox 1589 1859 1702 1927; x_wconf 91' lang='lat' dir='ltr'>die,</span> <span class='ocrx_word' id='word_1_236' title='bbox 1754 1859 1816 1916; x_wconf 91' lang='lat' dir='ltr'>in</span> 
     </span>
    </p>
   </div>
   <div class='ocr_carea' id='block_1_35' title="bbox 225 1947 1811 2028">
    <p class='ocr_par' dir='ltr' id='par_1_35' title="bbox 225 1947 1811 2028">
     <span class='ocr_line' id='line_1_35' title="bbox 225 1947 1811 2028; baseline -0.006 -16"><span class='ocrx_word' id='word_1_237' title='bbox 225 1972 395 2028; x_wconf 81' lang='lat' dir='ltr'>magno</span> <span class='ocrx_word' id='word_1_238' title='bbox 420 1958 537 2011; x_wconf 90' lang='lat' dir='ltr'>erat</span> <span class='ocrx_word' id='word_1_239' title='bbox 572 1953 754 2020; x_wconf 89' lang='lat' dir='ltr'>luctu,</span> <span class='ocrx_word' id='word_1_240' title='bbox 790 1967 861 2008; x_wconf 91' lang='lat' dir='ltr'>ne</span> <span class='ocrx_word' id='word_1_241' title='bbox 890 1952 1125 2022; x_wconf 88' lang='lat' dir='ltr'>propter</span> <span class='ocrx_word' id='word_1_242' title='bbox 1153 1952 1415 2005; x_wconf 88' lang='lat' dir='ltr'>ventrem</span> <span class='ocrx_word' id='word_1_243' title='bbox 1460 1947 1811 2017; x_wconf 74' lang='lat' dir='ltr'>differretur,</span> 
     </span>
    </p>
   </div>
   <div class='ocr_carea' id='block_1_36' title="bbox 227 2037 1814 2117">
    <p class='ocr_par' dir='ltr' id='par_1_36' title="bbox 227 2037 1814 2117">
     <span class='ocr_line' id='line_1_36' title="bbox 227 2037 1814 2117; baseline -0.004 -18"><span class='ocrx_word' id='word_1_244' title='bbox 227 2045 327 2117; x_wconf 85' lang='lat' dir='ltr'>quia</span> <span class='ocrx_word' id='word_1_245' title='bbox 350 2061 448 2100; x_wconf 89' lang='lat' dir='ltr'>non</span> <span class='ocrx_word' id='word_1_246' title='bbox 470 2043 610 2098; x_wconf 86' lang='lat' dir='ltr'>licet</span> <span class='ocrx_word' id='word_1_247' title='bbox 642 2042 1010 2113; x_wconf 68' lang='lat' dir='ltr'>praegnantes</span> <span class='ocrx_word' id='word_1_248' title='bbox 1041 2054 1224 2111; x_wconf 65' lang='lat' dir='ltr'>paenae</span> <span class='ocrx_word' id='word_1_249' title='bbox 1284 2037 1709 2109; x_wconf 68' lang='lat' dir='ltr'>repraesentari,</span> <span class='ocrx_word' id='word_1_250' title='bbox 1759 2044 1814 2093; x_wconf 88' lang='lat' dir='ltr'>et</span> 
     </span>
    </p>
   </div>
   <div class='ocr_carea' id='block_1_37' title="bbox 225 2126 1813 2202">
    <p class='ocr_par' dir='ltr' id='par_1_37' title="bbox 225 2126 1813 2202">
     <span class='ocr_line' id='line_1_37' title="bbox 225 2126 1813 2202; baseline -0.004 -15"><span class='ocrx_word' id='word_1_251' title='bbox 225 2149 276 2187; x_wconf 88' lang='lat' dir='ltr'>ne</span> <span class='ocrx_word' id='word_1_252' title='bbox 298 2132 426 2187; x_wconf 86' lang='lat' dir='ltr'>inter</span> <span class='ocrx_word' id='word_1_253' title='bbox 476 2131 712 2202; x_wconf 88' lang='lat' dir='ltr'>aliquos</span> <span class='ocrx_word' id='word_1_254' title='bbox 770 2131 972 2201; x_wconf 89' lang='lat' dir='ltr'>postea</span> <span class='ocrx_word' id='word_1_255' title='bbox 1041 2126 1371 2193; x_wconf 88' lang='lat' dir='ltr'>sceleratos,</span> <span class='ocrx_word' id='word_1_256' title='bbox 1428 2128 1697 2182; x_wconf 88' lang='lat' dir='ltr'>sanctum</span> <span class='ocrx_word' id='word_1_257' title='bbox 1755 2129 1813 2181; x_wconf 90' lang='lat' dir='ltr'>et</span> 
     </span>
    </p>
   </div>
   <div class='ocr_carea' id='block_1_38' title="bbox 222 2216 1813 2289">
    <p class='ocr_par' dir='ltr' id='par_1_38' title="bbox 222 2216 1813 2289">
     <span class='ocr_line' id='line_1_38' title="bbox 222 2216 1813 2289; baseline -0.005 -12"><span class='ocrx_word' id='word_1_258' title='bbox 222 2222 531 2277; x_wconf 88' lang='lat' dir='ltr'>innocentem</span> <span class='ocrx_word' id='word_1_259' title='bbox 564 2218 918 2289; x_wconf 85' lang='lat' dir='ltr'>sanguinem</span> <span class='ocrx_word' id='word_1_260' title='bbox 962 2216 1251 2272; x_wconf 87' lang='lat' dir='ltr'>funderet.</span> <span class='ocrx_word' id='word_1_261' title='bbox 1303 2216 1414 2271; x_wconf 91' lang='lat' dir='ltr'>Sed</span> <span class='ocrx_word' id='word_1_262' title='bbox 1447 2222 1500 2271; x_wconf 91' lang='lat' dir='ltr'>et</span> <span class='ocrx_word' id='word_1_263' title='bbox 1531 2230 1813 2271; x_wconf 87' lang='lat' dir='ltr'>commar-</span> 
     </span>
    </p>
   </div>
   <div class='ocr_carea' id='block_1_39' title="bbox 221 2303 1810 2381">
    <p class='ocr_par' dir='ltr' id='par_1_39' title="bbox 221 2303 1810 2381">
     <span class='ocr_line' id='line_1_39' title="bbox 221 2303 1810 2381; baseline -0.003 -17"><span class='ocrx_word' id='word_1_264' title='bbox 221 2319 335 2381; x_wconf 72' lang='lat' dir='ltr'>tyres</span> <span class='ocrx_word' id='word_1_265' title='bbox 353 2311 464 2380; x_wconf 87' lang='lat' dir='ltr'>ejus</span> <span class='ocrx_word' id='word_1_266' title='bbox 482 2308 738 2378; x_wconf 83' lang='lat' dir='ltr'>graviter</span> <span class='ocrx_word' id='word_1_267' title='bbox 767 2305 1293 2370; x_wconf 90' lang='lat' dir='ltr'>contristabantur,</span> <span class='ocrx_word' id='word_1_268' title='bbox 1342 2319 1416 2359; x_wconf 90' lang='lat' dir='ltr'>ne</span> <span class='ocrx_word' id='word_1_269' title='bbox 1448 2311 1565 2359; x_wconf 87' lang='lat' dir='ltr'>tam</span> <span class='ocrx_word' id='word_1_270' title='bbox 1596 2303 1810 2360; x_wconf 79' lang='lat' dir='ltr'>bonam</span> 
     </span>
    </p>
   </div>
   <div class='ocr_carea' id='block_1_40' title="bbox 220 2392 1811 2469">
    <p class='ocr_par' dir='ltr' id='par_1_40' title="bbox 220 2392 1811 2469">
     <span class='ocr_line' id='line_1_40' title="bbox 220 2392 1811 2469; baseline -0.004 -16"><span class='ocrx_word' id='word_1_271' title='bbox 220 2398 390 2453; x_wconf 84' lang='lat' dir='ltr'>sociam</span> <span class='ocrx_word' id='word_1_272' title='bbox 419 2398 583 2469; x_wconf 85' lang='lat' dir='ltr'>quasi</span> <span class='ocrx_word' id='word_1_273' title='bbox 613 2394 893 2451; x_wconf 84' lang='lat' dir='ltr'>comitem</span> <span class='ocrx_word' id='word_1_274' title='bbox 924 2394 1110 2449; x_wconf 87' lang='lat' dir='ltr'>solam</span> <span class='ocrx_word' id='word_1_275' title='bbox 1141 2393 1202 2448; x_wconf 91' lang='lat' dir='ltr'>in</span> <span class='ocrx_word' id='word_1_276' title='bbox 1231 2392 1324 2448; x_wconf 90' lang='lat' dir='ltr'>via</span> <span class='ocrx_word' id='word_1_277' title='bbox 1364 2393 1629 2464; x_wconf 80' lang='lat' dir='ltr'>ejusdem</span> <span class='ocrx_word' id='word_1_278' title='bbox 1689 2392 1811 2464; x_wconf 89' lang='lat' dir='ltr'>spei</span> 
     </span>
    </p>
   </div>
   <div class='ocr_carea' id='block_1_41' title="bbox 218 2481 1809 2557">
    <p class='ocr_par' dir='ltr' id='par_1_41' title="bbox 218 2481 1809 2557">
     <span class='ocr_line' id='line_1_41' title="bbox 218 2481 1809 2557; baseline -0.003 -16"><span class='ocrx_word' id='word_1_279' title='bbox 218 2487 574 2557; x_wconf 86' lang='lat' dir='ltr'>relinquerent.</span> <span class='ocrx_word' id='word_1_280' title='bbox 612 2484 937 2554; x_wconf 85' lang='lat' dir='ltr'>Conjuncto</span> <span class='ocrx_word' id='word_1_281' title='bbox 980 2482 1178 2555; x_wconf 89' lang='lat' dir='ltr'>itaque</span> <span class='ocrx_word' id='word_1_282' title='bbox 1216 2481 1380 2537; x_wconf 90' lang='lat' dir='ltr'>unito</span> <span class='ocrx_word' id='word_1_283' title='bbox 1432 2482 1676 2554; x_wconf 87' lang='lat' dir='ltr'>gemitu,</span> <span class='ocrx_word' id='word_1_284' title='bbox 1736 2482 1809 2537; x_wconf 90' lang='lat' dir='ltr'>ad</span> 
     </span>
    </p>
   </div>
   <div class='ocr_carea' id='block_1_42' title="bbox 221 2570 1809 2630">
    <p class='ocr_par' dir='ltr' id='par_1_42' title="bbox 221 2570 1809 2630">
     <span class='ocr_line' id='line_1_42' title="bbox 221 2570 1809 2630; baseline -0.002 0"><span class='ocrx_word' id='word_1_285' title='bbox 221 2575 494 2630; x_wconf 78' lang='lat' dir='ltr'>Bomiinum</span> <span class='ocrx_word' id='word_1_286' title='bbox 523 2573 855 2630; x_wconf 88' lang='lat' dir='ltr'>orationem</span> <span class='ocrx_word' id='word_1_287' title='bbox 887 2573 1161 2628; x_wconf 86' lang='lat' dir='ltr'>fuderunt</span> <span class='ocrx_word' id='word_1_288' title='bbox 1221 2575 1356 2627; x_wconf 87' lang='lat' dir='ltr'>ante</span> <span class='ocrx_word' id='word_1_289' title='bbox 1382 2570 1622 2626; x_wconf 89' lang='lat' dir='ltr'>tertium</span> <span class='ocrx_word' id='word_1_290' title='bbox 1654 2570 1809 2627; x_wconf 88' lang='lat' dir='ltr'>diem</span> 
     </span>
    </p>
   </div>
   <div class='ocr_carea' id='block_1_43' title="bbox 218 2659 1810 2735">
    <p class='ocr_par' dir='ltr' id='par_1_43' title="bbox 218 2659 1810 2735">
     <span class='ocr_line' id='line_1_43' title="bbox 218 2659 1810 2735; baseline 0 -19"><span class='ocrx_word' id='word_1_291' title='bbox 218 2665 441 2720; x_wconf 85' lang='lat' dir='ltr'>muneris.</span> <span class='ocrx_word' id='word_1_292' title='bbox 472 2663 687 2719; x_wconf 89' lang='lat' dir='ltr'>Statim</span> <span class='ocrx_word' id='word_1_293' title='bbox 719 2668 850 2735; x_wconf 87' lang='lat' dir='ltr'>post</span> <span class='ocrx_word' id='word_1_294' title='bbox 880 2660 1203 2717; x_wconf 89' lang='lat' dir='ltr'>orationem</span> <span class='ocrx_word' id='word_1_295' title='bbox 1224 2659 1453 2717; x_wconf 90' lang='lat' dir='ltr'>dolores</span> <span class='ocrx_word' id='word_1_296' title='bbox 1484 2674 1614 2716; x_wconf 89' lang='lat' dir='ltr'>eam</span> <span class='ocrx_word' id='word_1_297' title='bbox 1645 2659 1810 2716; x_wconf 87' lang='lat' dir='ltr'>inva-</span> 
     </span>
    </p>
   </div>
   <div class='ocr_carea' id='block_1_44' title="bbox 219 2748 1811 2821">
    <p class='ocr_par' dir='ltr' id='par_1_44' title="bbox 219 2748 1811 2821">
     <span class='ocr_line' id='line_1_44' title="bbox 219 2748 1811 2821; baseline -0.002 -14"><span class='ocrx_word' id='word_1_298' title='bbox 219 2757 391 2807; x_wconf 82' lang='lat' dir='ltr'>serunt.</span> <span class='ocrx_word' id='word_1_299' title='bbox 440 2752 501 2807; x_wconf 86' lang='lat' dir='ltr'>Et</span> <span class='ocrx_word' id='word_1_300' title='bbox 557 2767 700 2807; x_wconf 88' lang='lat' dir='ltr'>cum</span> <span class='ocrx_word' id='word_1_301' title='bbox 759 2766 862 2821; x_wconf 91' lang='lat' dir='ltr'>pro</span> <span class='ocrx_word' id='word_1_302' title='bbox 923 2749 1175 2806; x_wconf 86' lang='lat' dir='ltr'>naturali</span> <span class='ocrx_word' id='word_1_303' title='bbox 1224 2748 1566 2805; x_wconf 86' lang='lat' dir='ltr'>difficultate</span> <span class='ocrx_word' id='word_1_304' title='bbox 1622 2748 1811 2805; x_wconf 90' lang='lat' dir='ltr'>octavi</span> 
     </span>
    </p>
   </div>
   <div class='ocr_carea' id='block_1_45' title="bbox 218 2836 1809 2912">
    <p class='ocr_par' dir='ltr' id='par_1_45' title="bbox 218 2836 1809 2912">
     <span class='ocr_line' id='line_1_45' title="bbox 218 2836 1809 2912; baseline -0.001 -17"><span class='ocrx_word' id='word_1_305' title='bbox 218 2841 410 2908; x_wconf 89' lang='lat' dir='ltr'>mensis,</span> <span class='ocrx_word' id='word_1_306' title='bbox 440 2842 495 2896; x_wconf 92' lang='lat' dir='ltr'>in</span> <span class='ocrx_word' id='word_1_307' title='bbox 521 2848 699 2912; x_wconf 89' lang='lat' dir='ltr'>partu</span> <span class='ocrx_word' id='word_1_308' title='bbox 732 2839 1021 2909; x_wconf 83' lang='lat' dir='ltr'>laborans,</span> <span class='ocrx_word' id='word_1_309' title='bbox 1054 2836 1295 2905; x_wconf 88' lang='lat' dir='ltr'>doleret,</span> <span class='ocrx_word' id='word_1_310' title='bbox 1327 2836 1408 2892; x_wconf 89' lang='lat' dir='ltr'>ait</span> <span class='ocrx_word' id='word_1_311' title='bbox 1436 2836 1523 2892; x_wconf 91' lang='lat' dir='ltr'>illi</span> <span class='ocrx_word' id='word_1_312' title='bbox 1570 2837 1809 2909; x_wconf 89' lang='lat' dir='ltr'>quidam</span> 
     </span>
    </p>
   </div>
   <div class='ocr_carea' id='block_1_46' title="bbox 218 2925 1808 2994">
    <p class='ocr_par' dir='ltr' id='par_1_46' title="bbox 218 2925 1808 2994">
     <span class='ocr_line' id='line_1_46' title="bbox 218 2925 1808 2994; baseline -0.001 -11"><span class='ocrx_word' id='word_1_313' title='bbox 218 2945 267 2983; x_wconf 79' lang='lat' dir='ltr'>ex</span> <span class='ocrx_word' id='word_1_314' title='bbox 291 2930 544 2986; x_wconf 87' lang='lat' dir='ltr'>ministris</span> <span class='ocrx_word' id='word_1_315' title='bbox 569 2928 1083 2985; x_wconf 88' lang='lat' dir='ltr'>cataractariorum</span> <span class='ocrx_word' id='word_1_316' title='bbox 1119 2944 1132 2983; x_wconf 91' lang='lat'>:</span> <span class='ocrx_word' id='word_1_317' title='bbox 1157 2927 1291 2991; x_wconf 71' lang='lat' dir='ltr'>Quae</span> <span class='ocrx_word' id='word_1_318' title='bbox 1305 2926 1390 2982; x_wconf 90' lang='lat' dir='ltr'>sic</span> <span class='ocrx_word' id='word_1_319' title='bbox 1421 2927 1595 2982; x_wconf 91' lang='lat' dir='ltr'>modo</span> <span class='ocrx_word' id='word_1_320' title='bbox 1627 2925 1808 2994; x_wconf 90' lang='lat' dir='ltr'>doles,</span> 
     </span>
    </p>
   </div>
   <div class='ocr_carea' id='block_1_47' title="bbox 214 3014 1810 3087">
    <p class='ocr_par' dir='ltr' id='par_1_47' title="bbox 214 3014 1810 3087">
     <span class='ocr_line' id='line_1_47' title="bbox 214 3014 1810 3087; baseline -0.001 -15"><span class='ocrx_word' id='word_1_321' title='bbox 214 3018 319 3087; x_wconf 85' lang='lat' dir='ltr'>quid</span> <span class='ocrx_word' id='word_1_322' title='bbox 348 3018 509 3074; x_wconf 84' lang='lat' dir='ltr'>facies</span> <span class='ocrx_word' id='word_1_323' title='bbox 540 3017 775 3087; x_wconf 86' lang='lat' dir='ltr'>objecta</span> <span class='ocrx_word' id='word_1_324' title='bbox 804 3015 1004 3073; x_wconf 88' lang='lat' dir='ltr'>bestiis</span> <span class='ocrx_word' id='word_1_325' title='bbox 1044 3031 1189 3087; x_wconf 89' lang='lat' dir='ltr'>quas</span> <span class='ocrx_word' id='word_1_326' title='bbox 1219 3014 1638 3086; x_wconf 80' lang='lat' dir='ltr'>contempsisti,</span> <span class='ocrx_word' id='word_1_327' title='bbox 1674 3030 1810 3070; x_wconf 90' lang='lat' dir='ltr'>cum</span> 
     </span>
    </p>
   </div>
   <div class='ocr_carea' id='block_1_48' title="bbox 1999 1864 3566 1938">
    <p class='ocr_par' dir='ltr' id='par_1_48' title="bbox 1999 1864 3566 1938">
     <span class='ocr_line' id='line_1_48' title="bbox 1999 1864 3566 1938; baseline 0.004 -21"><span class='ocrx_word' id='word_1_328' title='bbox 1999 1865 2097 1921; x_wconf 91' lang='lat' dir='ltr'><strong>III.</strong></span> <span class='ocrx_word' id='word_1_329' title='bbox 2130 1864 2286 1921; x_wconf 89' lang='lat' dir='ltr'>Nihil</span> <span class='ocrx_word' id='word_1_330' title='bbox 2313 1865 2375 1921; x_wconf 91' lang='lat' dir='ltr'>in</span> <span class='ocrx_word' id='word_1_331' title='bbox 2404 1865 2497 1921; x_wconf 90' lang='lat' dir='ltr'>his</span> <span class='ocrx_word' id='word_1_332' title='bbox 2530 1868 2850 1937; x_wconf 81' lang='lat' dir='ltr'>martyrum</span> <span class='ocrx_word' id='word_1_333' title='bbox 2874 1866 3056 1938; x_wconf 91' lang='lat' dir='ltr'>gestis</span> <span class='ocrx_word' id='word_1_334' title='bbox 3106 1865 3566 1923; x_wconf 89' lang='lat' dir='ltr'>animadvertere</span> 
     </span>
    </p>
   </div>
   <div class='ocr_carea' id='block_1_49' title="bbox 1923 1952 3558 2025">
    <p class='ocr_par' dir='ltr' id='par_1_49' title="bbox 1923 1952 3558 2025">
     <span class='ocr_line' id='line_1_49' title="bbox 1923 1952 3558 2025; baseline 0.001 -17"><span class='ocrx_word' id='word_1_335' title='bbox 1923 1956 2012 2009; x_wconf 89' lang='lat' dir='ltr'>est</span> <span class='ocrx_word' id='word_1_336' title='bbox 2026 1968 2095 2009; x_wconf 86' lang='lat' dir='ltr'>ex</span> <span class='ocrx_word' id='word_1_337' title='bbox 2125 1953 2390 2010; x_wconf 88' lang='lat' dir='ltr'>Montani</span> <span class='ocrx_word' id='word_1_338' title='bbox 2418 1952 2619 2011; x_wconf 89' lang='lat' dir='ltr'>schola</span> <span class='ocrx_word' id='word_1_339' title='bbox 2656 1958 2714 2010; x_wconf 90' lang='lat' dir='ltr'>et</span> <span class='ocrx_word' id='word_1_340' title='bbox 2755 1953 3129 2010; x_wconf 90' lang='lat' dir='ltr'>institutione</span> <span class='ocrx_word' id='word_1_341' title='bbox 3187 1954 3512 2025; x_wconf 85' lang='lat' dir='ltr'>profectum</span> <span class='ocrx_word' id='word_1_342' title='bbox 3544 1973 3558 2023; x_wconf 89' lang='lat'><strong>;</strong></span> 
     </span>
    </p>
   </div>
   <div class='ocr_carea' id='block_1_50' title="bbox 1922 2040 3561 2115">
    <p class='ocr_par' dir='ltr' id='par_1_50' title="bbox 1922 2040 3561 2115">
     <span class='ocr_line' id='line_1_50' title="bbox 1922 2040 3561 2115; baseline 0.002 -19"><span class='ocrx_word' id='word_1_343' title='bbox 1922 2040 2069 2096; x_wconf 90' lang='lat' dir='ltr'>nihil</span> <span class='ocrx_word' id='word_1_344' title='bbox 2101 2040 2324 2097; x_wconf 89' lang='lat' dir='ltr'>scilicet</span> <span class='ocrx_word' id='word_1_345' title='bbox 2354 2041 2848 2114; x_wconf 89' lang='lat' dir='ltr'>superstitiosum,</span> <span class='ocrx_word' id='word_1_346' title='bbox 2876 2041 3025 2098; x_wconf 91' lang='lat' dir='ltr'>nihil</span> <span class='ocrx_word' id='word_1_347' title='bbox 3082 2042 3561 2115; x_wconf 84' lang='lat' dir='ltr'>incompositum,</span> 
     </span>
    </p>
   </div>
   <div class='ocr_carea' id='block_1_51' title="bbox 1921 2129 3561 2204">
    <p class='ocr_par' dir='ltr' id='par_1_51' title="bbox 1921 2129 3561 2204">
     <span class='ocr_line' id='line_1_51' title="bbox 1921 2129 3561 2204; baseline 0.003 -20"><span class='ocrx_word' id='word_1_348' title='bbox 1921 2129 2068 2185; x_wconf 86' lang='lat' dir='ltr'>nihil</span> <span class='ocrx_word' id='word_1_349' title='bbox 2101 2130 2560 2200; x_wconf 88' lang='lat' dir='ltr'>tumultuosum,</span> <span class='ocrx_word' id='word_1_350' title='bbox 2591 2130 2741 2187; x_wconf 90' lang='lat' dir='ltr'>nihil</span> <span class='ocrx_word' id='word_1_351' title='bbox 2773 2131 3099 2202; x_wconf 86' lang='lat' dir='ltr'>turbidum,</span> <span class='ocrx_word' id='word_1_352' title='bbox 3124 2132 3268 2187; x_wconf 86' lang='lat' dir='ltr'>nihil</span> <span class='ocrx_word' id='word_1_353' title='bbox 3291 2134 3561 2204; x_wconf 89' lang='lat' dir='ltr'>denique,</span> 
     </span>
    </p>
   </div>
   <div class='ocr_carea' id='block_1_52' title="bbox 1919 2219 3564 2290">
    <p class='ocr_par' dir='ltr' id='par_1_52' title="bbox 1919 2219 3564 2290">
     <span class='ocr_line' id='line_1_52' title="bbox 1919 2219 3564 2290; baseline 0.002 -16"><span class='ocrx_word' id='word_1_354' title='bbox 1919 2219 2342 2286; x_wconf 83' lang='lat' dir='ltr'>inordinatum,</span> <span class='ocrx_word' id='word_1_355' title='bbox 2405 2236 2531 2290; x_wconf 78' lang='lat' dir='ltr'>quae</span> <span class='ocrx_word' id='word_1_356' title='bbox 2583 2223 2742 2290; x_wconf 90' lang='lat' dir='ltr'>sunt,</span> <span class='ocrx_word' id='word_1_357' title='bbox 2802 2223 2867 2276; x_wconf 89' lang='lat' dir='ltr'>ut</span> <span class='ocrx_word' id='word_1_358' title='bbox 2915 2236 2985 2276; x_wconf 87' lang='lat' dir='ltr'>ex</span> <span class='ocrx_word' id='word_1_359' title='bbox 3042 2220 3268 2276; x_wconf 89' lang='lat' dir='ltr'>Asterio</span> <span class='ocrx_word' id='word_1_360' title='bbox 3306 2221 3564 2277; x_wconf 90' lang='lat' dir='ltr'>Urbano.</span> 
     </span>
    </p>
   </div>
   <div class='ocr_carea' id='block_1_53' title="bbox 1917 2307 3571 2381">
    <p class='ocr_par' dir='ltr' id='par_1_53' title="bbox 1917 2307 3571 2381">
     <span class='ocr_line' id='line_1_53' title="bbox 1917 2307 3571 2381; baseline 0.001 -16"><span class='ocrx_word' id='word_1_361' title='bbox 1917 2307 2239 2379; x_wconf 86' lang='lat' dir='ltr'>Apollonio,</span> <span class='ocrx_word' id='word_1_362' title='bbox 2291 2307 2572 2380; x_wconf 89' lang='lat' dir='ltr'>Miltiade,</span> <span class='ocrx_word' id='word_1_363' title='bbox 2645 2309 2979 2381; x_wconf 89' lang='lat' dir='ltr'>Serapione,</span> <span class='ocrx_word' id='word_1_364' title='bbox 3046 2309 3194 2365; x_wconf 68' lang='lat' dir='ltr'>Atlio</span> <span class='ocrx_word' id='word_1_365' title='bbox 3247 2310 3469 2380; x_wconf 90' lang='lat' dir='ltr'>Publio,</span> <span class='ocrx_word' id='word_1_366' title='bbox 3514 2315 3571 2367; x_wconf 90' lang='lat' dir='ltr'>et</span> 
     </span>
    </p>
   </div>
   <div class='ocr_carea' id='block_1_54' title="bbox 1919 2396 3567 2471">
    <p class='ocr_par' dir='ltr' id='par_1_54' title="bbox 1919 2396 3567 2471">
     <span class='ocr_line' id='line_1_54' title="bbox 1919 2396 3567 2471; baseline 0.002 -18"><span class='ocrx_word' id='word_1_367' title='bbox 1919 2396 2050 2453; x_wconf 82' lang='lat' dir='ltr'>aliis</span> <span class='ocrx_word' id='word_1_368' title='bbox 2094 2397 2370 2453; x_wconf 88' lang='lat' dir='ltr'>Patribus</span> <span class='ocrx_word' id='word_1_369' title='bbox 2417 2400 2643 2453; x_wconf 90' lang='lat' dir='ltr'>constat</span> <span class='ocrx_word' id='word_1_370' title='bbox 2677 2398 2812 2471; x_wconf 83' lang='lat'>(52),</span> <span class='ocrx_word' id='word_1_371' title='bbox 2864 2398 3265 2455; x_wconf 87' lang='lat' dir='ltr'>montanistici</span> <span class='ocrx_word' id='word_1_372' title='bbox 3323 2399 3567 2471; x_wconf 89' lang='lat' dir='ltr'>spiritus</span> 
     </span>
    </p>
   </div>
   <div class='ocr_carea' id='block_1_55' title="bbox 1919 2484 3566 2555">
    <p class='ocr_par' dir='ltr' id='par_1_55' title="bbox 1919 2484 3566 2555">
     <span class='ocr_line' id='line_1_55' title="bbox 1919 2484 3566 2555; baseline 0 -13"><span class='ocrx_word' id='word_1_373' title='bbox 1919 2485 2280 2542; x_wconf 90' lang='lat' dir='ltr'>characteres</span> <span class='ocrx_word' id='word_1_374' title='bbox 2305 2500 2317 2539; x_wconf 89' lang='lat'>:</span> <span class='ocrx_word' id='word_1_375' title='bbox 2352 2484 2454 2541; x_wconf 89' lang='lat' dir='ltr'>sed</span> <span class='ocrx_word' id='word_1_376' title='bbox 2475 2484 2534 2539; x_wconf 93' lang='lat' dir='ltr'>in</span> <span class='ocrx_word' id='word_1_377' title='bbox 2558 2484 2835 2541; x_wconf 91' lang='lat' dir='ltr'>omnibus</span> <span class='ocrx_word' id='word_1_378' title='bbox 2860 2488 3062 2540; x_wconf 90' lang='lat' dir='ltr'>contra</span> <span class='ocrx_word' id='word_1_379' title='bbox 3086 2485 3233 2541; x_wconf 90' lang='lat' dir='ltr'>mira</span> <span class='ocrx_word' id='word_1_380' title='bbox 3255 2486 3566 2555; x_wconf 84' lang='lat' dir='ltr'>modestia,</span> 
     </span>
    </p>
   </div>
   <div class='ocr_carea' id='block_1_56' title="bbox 1918 2573 3585 2647">
    <p class='ocr_par' dir='ltr' id='par_1_56' title="bbox 1918 2573 3585 2647">
     <span class='ocr_line' id='line_1_56' title="bbox 1918 2573 3585 2647; baseline 0.001 -16"><span class='ocrx_word' id='word_1_381' title='bbox 1918 2574 2289 2647; x_wconf 89' lang='lat' dir='ltr'>compositio,</span> <span class='ocrx_word' id='word_1_382' title='bbox 2349 2574 2682 2645; x_wconf 88' lang='lat' dir='ltr'>prudentia,</span> <span class='ocrx_word' id='word_1_383' title='bbox 2758 2575 2964 2645; x_wconf 92' lang='lat' dir='ltr'>pietas,</span> <span class='ocrx_word' id='word_1_384' title='bbox 3016 2573 3238 2646; x_wconf 88' lang='lat' dir='ltr'>religio,</span> <span class='ocrx_word' id='word_1_385' title='bbox 3292 2574 3585 2646; x_wconf 25' lang='lat' dir='ltr'>charitas,‘</span> 
     </span>
    </p>
   </div>
   <div class='ocr_carea' id='block_1_57' title="bbox 1919 2662 3570 2735">
    <p class='ocr_par' dir='ltr' id='par_1_57' title="bbox 1919 2662 3570 2735">
     <span class='ocr_line' id='line_1_57' title="bbox 1919 2662 3570 2735; baseline 0.001 -16"><span class='ocrx_word' id='word_1_386' title='bbox 1919 2662 2216 2731; x_wconf 74' lang='lat' dir='ltr'>fortitudo,</span> <span class='ocrx_word' id='word_1_387' title='bbox 2246 2662 2389 2718; x_wconf 83' lang='lat' dir='ltr'>fidcs</span> <span class='ocrx_word' id='word_1_388' title='bbox 2423 2662 2832 2735; x_wconf 89' lang='lat' dir='ltr'>sapientiaque</span> <span class='ocrx_word' id='word_1_389' title='bbox 2862 2662 3192 2735; x_wconf 80' lang='lat' dir='ltr'>refulgent;</span> <span class='ocrx_word' id='word_1_390' title='bbox 3225 2667 3291 2718; x_wconf 90' lang='lat' dir='ltr'>ut</span> <span class='ocrx_word' id='word_1_391' title='bbox 3340 2680 3455 2720; x_wconf 92' lang='lat' dir='ltr'>non</span> <span class='ocrx_word' id='word_1_392' title='bbox 3490 2664 3570 2720; x_wconf 90' lang='lat' dir='ltr'>sit</span> 
     </span>
    </p>
   </div>
   <div class='ocr_carea' id='block_1_58' title="bbox 1918 2750 3565 2823">
    <p class='ocr_par' dir='ltr' id='par_1_58' title="bbox 1918 2750 3565 2823">
     <span class='ocr_line' id='line_1_58' title="bbox 1918 2750 3565 2823; baseline 0 -16"><span class='ocrx_word' id='word_1_393' title='bbox 1918 2750 2075 2807; x_wconf 91' lang='lat' dir='ltr'>aliud</span> <span class='ocrx_word' id='word_1_394' title='bbox 2105 2758 2443 2807; x_wconf 90' lang='lat' dir='ltr'>sanctarum</span> <span class='ocrx_word' id='word_1_395' title='bbox 2476 2750 2789 2807; x_wconf 87' lang='lat' dir='ltr'>mulierum</span> <span class='ocrx_word' id='word_1_396' title='bbox 2817 2751 3186 2823; x_wconf 81' lang='lat' dir='ltr'>martyrium,</span> <span class='ocrx_word' id='word_1_397' title='bbox 3230 2754 3382 2823; x_wconf 89' lang='lat' dir='ltr'>quod</span> <span class='ocrx_word' id='word_1_398' title='bbox 3430 2752 3565 2807; x_wconf 89' lang='lat' dir='ltr'>illu-</span> 
     </span>
    </p>
   </div>
   <div class='ocr_carea' id='block_1_59' title="bbox 1918 2840 3562 2897">
    <p class='ocr_par' dir='ltr' id='par_1_59' title="bbox 1918 2840 3562 2897">
     <span class='ocr_line' id='line_1_59' title="bbox 1918 2840 3562 2897; baseline -0.001 0"><span class='ocrx_word' id='word_1_399' title='bbox 1918 2840 2126 2897; x_wconf 83' lang='lat' dir='ltr'>striora</span> <span class='ocrx_word' id='word_1_400' title='bbox 2152 2840 2437 2895; x_wconf 90' lang='lat' dir='ltr'>virtutum</span> <span class='ocrx_word' id='word_1_401' title='bbox 2468 2840 2735 2895; x_wconf 88' lang='lat' dir='ltr'>omnium</span> <span class='ocrx_word' id='word_1_402' title='bbox 2767 2840 2977 2896; x_wconf 90' lang='lat' dir='ltr'>decora</span> <span class='ocrx_word' id='word_1_403' title='bbox 3000 2840 3375 2896; x_wconf 84' lang='lat' dir='ltr'>comitentur.</span> <span class='ocrx_word' id='word_1_404' title='bbox 3411 2841 3562 2896; x_wconf 85' lang='lat' dir='ltr'>Fieri</span> 
     </span>
    </p>
   </div>
   <div class='ocr_carea' id='block_1_60' title="bbox 1919 2926 3562 2999">
    <p class='ocr_par' dir='ltr' id='par_1_60' title="bbox 1919 2926 3562 2999">
     <span class='ocr_line' id='line_1_60' title="bbox 1919 2926 3562 2999; baseline -0.001 -13"><span class='ocrx_word' id='word_1_405' title='bbox 1919 2933 2113 2986; x_wconf 90' lang='lat' dir='ltr'>autem</span> <span class='ocrx_word' id='word_1_406' title='bbox 2145 2928 2386 2985; x_wconf 89' lang='lat' dir='ltr'>minime</span> <span class='ocrx_word' id='word_1_407' title='bbox 2416 2928 2677 2999; x_wconf 89' lang='lat' dir='ltr'>potuisse</span> <span class='ocrx_word' id='word_1_408' title='bbox 2704 2926 2951 2996; x_wconf 90' lang='lat' dir='ltr'>videtur,</span> <span class='ocrx_word' id='word_1_409' title='bbox 2985 2932 3052 2984; x_wconf 91' lang='lat' dir='ltr'>ut</span> <span class='ocrx_word' id='word_1_410' title='bbox 3078 2928 3295 2984; x_wconf 91' lang='lat' dir='ltr'>mulier</span> <span class='ocrx_word' id='word_1_411' title='bbox 3330 2929 3562 2985; x_wconf 88' lang='lat' dir='ltr'>insania</span> 
     </span>
    </p>
   </div>
   <div class='ocr_carea' id='block_1_61' title="bbox 1918 3016 3560 3089">
    <p class='ocr_par' dir='ltr' id='par_1_61' title="bbox 1918 3016 3560 3089">
     <span class='ocr_line' id='line_1_61' title="bbox 1918 3016 3560 3089; baseline -0.001 -14"><span class='ocrx_word' id='word_1_412' title='bbox 1918 3022 1976 3075; x_wconf 91' lang='lat' dir='ltr'>et</span> <span class='ocrx_word' id='word_1_413' title='bbox 2005 3018 2198 3075; x_wconf 90' lang='lat' dir='ltr'>furore</span> <span class='ocrx_word' id='word_1_414' title='bbox 2228 3016 2465 3089; x_wconf 86' lang='lat' dir='ltr'>percita,</span> <span class='ocrx_word' id='word_1_415' title='bbox 2513 3020 2572 3073; x_wconf 92' lang='lat' dir='ltr'>et</span> <span class='ocrx_word' id='word_1_416' title='bbox 2607 3017 2962 3073; x_wconf 82' lang='lat' dir='ltr'>deemoniaco</span> <span class='ocrx_word' id='word_1_417' title='bbox 3015 3016 3223 3088; x_wconf 90' lang='lat' dir='ltr'>spiritu</span> <span class='ocrx_word' id='word_1_418' title='bbox 3272 3022 3421 3089; x_wconf 86' lang='lat' dir='ltr'>acta,</span> <span class='ocrx_word' id='word_1_419' title='bbox 3454 3035 3560 3074; x_wconf 91' lang='lat' dir='ltr'>cu-</span> 
     </span>
    </p>
   </div>
   <div class='ocr_carea' id='block_1_62' title="bbox 215 3103 3561 3179">
    <p class='ocr_par' dir='ltr' id='par_1_62' title="bbox 215 3103 3561 3179">
     <span class='ocr_line' id='line_1_62' title="bbox 215 3103 3561 3179; baseline 0.001 -20"><span class='ocrx_word' id='word_1_420' title='bbox 215 3107 488 3163; x_wconf 81' lang='lat' dir='ltr'>sacriticare</span> <span class='ocrx_word' id='word_1_421' title='bbox 516 3105 768 3163; x_wconf 91' lang='lat' dir='ltr'>noluisti</span> <span class='ocrx_word' id='word_1_422' title='bbox 795 3104 824 3159; x_wconf 80' lang='lat'><strong>?</strong></span> <span class='ocrx_word' id='word_1_423' title='bbox 853 3106 922 3160; x_wconf 89' lang='lat' dir='ltr'>Et</span> <span class='ocrx_word' id='word_1_424' title='bbox 950 3103 1052 3160; x_wconf 92' lang='lat' dir='ltr'>illa</span> <span class='ocrx_word' id='word_1_425' title='bbox 1076 3103 1379 3175; x_wconf 89' lang='lat' dir='ltr'>respondit</span> <span class='ocrx_word' id='word_1_426' title='bbox 1405 3120 1418 3158; x_wconf 87' lang='lat'><strong>:</strong></span> <span class='ocrx_word' id='word_1_427' title='bbox 1478 3103 1644 3159; x_wconf 83' lang='lat' dir='ltr'>Modo</span> <span class='ocrx_word' id='word_1_428' title='bbox 1702 3117 1807 3175; x_wconf 91' lang='lat' dir='ltr'>ego</span> <span class='ocrx_word' id='word_1_429' title='bbox 1847 3167 1881 3179; x_wconf 80' lang='lat'><strong>_</strong></span> <span class='ocrx_word' id='word_1_430' title='bbox 1912 3107 2173 3179; x_wconf 90' lang='lat' dir='ltr'>jusmodi</span> <span class='ocrx_word' id='word_1_431' title='bbox 2203 3112 2367 3163; x_wconf 87' lang='lat' dir='ltr'>erant</span> <span class='ocrx_word' id='word_1_432' title='bbox 2395 3106 2881 3162; x_wconf 83' lang='lat' dir='ltr'>Montanistarum</span> <span class='ocrx_word' id='word_1_433' title='bbox 2902 3107 3561 3179; x_wconf 63' lang='lat' dir='ltr'>pseudo-prOphetissw,</span> 
     </span>
    </p>
   </div>
   <div class='ocr_carea' id='block_1_63' title="bbox 213 3167 1883 3269">
    <p class='ocr_par' dir='ltr' id='par_1_63' title="bbox 213 3167 1883 3269">
     <span class='ocr_line' id='line_1_63' title="bbox 213 3167 1883 3269; baseline -0.001 -20"><span class='ocrx_word' id='word_1_434' title='bbox 213 3195 357 3265; x_wconf 81' lang='lat' dir='ltr'>patior</span> <span class='ocrx_word' id='word_1_435' title='bbox 382 3197 530 3269; x_wconf 91' lang='lat' dir='ltr'>quod</span> <span class='ocrx_word' id='word_1_436' title='bbox 584 3195 781 3267; x_wconf 90' lang='lat' dir='ltr'>patior</span> <span class='ocrx_word' id='word_1_437' title='bbox 808 3213 831 3261; x_wconf 77' lang='grc' dir='ltr'>,ο</span> <span class='ocrx_word' id='word_1_438' title='bbox 860 3193 979 3249; x_wconf 92' lang='lat' dir='ltr'>illic</span> <span class='ocrx_word' id='word_1_439' title='bbox 1005 3167 1201 3249; x_wconf 76' lang='lat' dir='ltr'>autem</span> <span class='ocrx_word' id='word_1_440' title='bbox 1257 3192 1408 3248; x_wconf 89' lang='lat' dir='ltr'>alius</span> <span class='ocrx_word' id='word_1_441' title='bbox 1438 3192 1545 3248; x_wconf 90' lang='lat' dir='ltr'>erit</span> <span class='ocrx_word' id='word_1_442' title='bbox 1602 3193 1660 3247; x_wconf 93' lang='lat' dir='ltr'>in</span> <span class='ocrx_word' id='word_1_443' title='bbox 1716 3167 1809 3247; x_wconf 70' lang='lat' dir='ltr'>me</span> <span class='ocrx_word' id='word_1_444' title='bbox 1839 3167 1883 3236; x_wconf 63' lang='grc' dir='ltr'>θ</span> 
     </span>
    </p>
   </div>
   <div class='ocr_carea' id='block_1_64' title="bbox 212 3281 1811 3356">
    <p class='ocr_par' dir='ltr' id='par_1_64' title="bbox 212 3281 1811 3356">
     <span class='ocr_line' id='line_1_64' title="bbox 212 3281 1811 3356; baseline 0.001 -21"><span class='ocrx_word' id='word_1_445' title='bbox 212 3284 281 3352; x_wconf 80' lang='lat' dir='ltr'>qui</span> <span class='ocrx_word' id='word_1_446' title='bbox 302 3286 524 3354; x_wconf 85' lang='lat' dir='ltr'>patietur</span> <span class='ocrx_word' id='word_1_447' title='bbox 553 3300 666 3356; x_wconf 88' lang='lat' dir='ltr'>pro</span> <span class='ocrx_word' id='word_1_448' title='bbox 698 3299 813 3350; x_wconf 89' lang='lat' dir='ltr'>me,</span> <span class='ocrx_word' id='word_1_449' title='bbox 839 3282 974 3354; x_wconf 90' lang='lat' dir='ltr'>quia</span> <span class='ocrx_word' id='word_1_450' title='bbox 1005 3288 1060 3338; x_wconf 91' lang='lat' dir='ltr'>et</span> <span class='ocrx_word' id='word_1_451' title='bbox 1117 3296 1220 3351; x_wconf 89' lang='lat' dir='ltr'>ego</span> <span class='ocrx_word' id='word_1_452' title='bbox 1249 3298 1353 3354; x_wconf 91' lang='lat' dir='ltr'>pro</span> <span class='ocrx_word' id='word_1_453' title='bbox 1402 3281 1501 3337; x_wconf 91' lang='lat' dir='ltr'>illo</span> <span class='ocrx_word' id='word_1_454' title='bbox 1562 3296 1811 3353; x_wconf 87' lang='lat' dir='ltr'>passura</span> 
     </span>
    </p>
   </div>
   <div class='ocr_carea' id='block_1_65' title="bbox 209 3370 1808 3443">
    <p class='ocr_par' dir='ltr' id='par_1_65' title="bbox 209 3370 1808 3443">
     <span class='ocr_line' id='line_1_65' title="bbox 209 3370 1808 3443; baseline 0 -18"><span class='ocrx_word' id='word_1_455' title='bbox 209 3386 324 3428; x_wconf 80' lang='lat' dir='ltr'>sum.</span> <span class='ocrx_word' id='word_1_456' title='bbox 355 3373 429 3429; x_wconf 88' lang='lat' dir='ltr'>lta</span> <span class='ocrx_word' id='word_1_457' title='bbox 456 3374 636 3428; x_wconf 79' lang='lat' dir='ltr'>enixa</span> <span class='ocrx_word' id='word_1_458' title='bbox 673 3376 762 3428; x_wconf 89' lang='lat' dir='ltr'>est</span> <span class='ocrx_word' id='word_1_459' title='bbox 817 3370 1090 3443; x_wconf 86' lang='lat' dir='ltr'>puellam,</span> <span class='ocrx_word' id='word_1_460' title='bbox 1142 3386 1318 3441; x_wconf 89' lang='lat' dir='ltr'>quam</span> <span class='ocrx_word' id='word_1_461' title='bbox 1378 3370 1490 3429; x_wconf 90' lang='lat' dir='ltr'>sibi</span> <span class='ocrx_word' id='word_1_462' title='bbox 1547 3370 1808 3442; x_wconf 79' lang='lat' dir='ltr'>quaedam</span> 
     </span>
    </p>
   </div>
   <div class='ocr_carea' id='block_1_66' title="bbox 210 3459 1806 3528">
    <p class='ocr_par' dir='ltr' id='par_1_66' title="bbox 210 3459 1806 3528">
     <span class='ocr_line' id='line_1_66' title="bbox 210 3459 1806 3528; baseline 0.001 -14"><span class='ocrx_word' id='word_1_463' title='bbox 210 3473 333 3516; x_wconf 76' lang='lat' dir='ltr'>soror</span> <span class='ocrx_word' id='word_1_464' title='bbox 356 3463 411 3519; x_wconf 89' lang='lat' dir='ltr'>in</span> <span class='ocrx_word' id='word_1_465' title='bbox 438 3464 634 3519; x_wconf 85' lang='lat' dir='ltr'>ﬁliam</span> <span class='ocrx_word' id='word_1_466' title='bbox 670 3460 955 3517; x_wconf 78' lang='lat' dir='ltr'>educavit.</span> <span class='ocrx_word' id='word_1_467' title='bbox 987 3482 1016 3511; x_wconf 83' lang='lat'><strong>»</strong></span> <span class='ocrx_word' id='word_1_468' title='bbox 1058 3459 1251 3516; x_wconf 89' lang='lat' dir='ltr'>Nihilo</span> <span class='ocrx_word' id='word_1_469' title='bbox 1308 3459 1584 3516; x_wconf 86' lang='lat' dir='ltr'>inferiora</span> <span class='ocrx_word' id='word_1_470' title='bbox 1649 3467 1806 3528; x_wconf 90' lang='lat' dir='ltr'>sunt,</span> 
     </span>
    </p>
   </div>
   <div class='ocr_carea' id='block_1_67' title="bbox 208 3549 1811 3621">
    <p class='ocr_par' dir='ltr' id='par_1_67' title="bbox 208 3549 1811 3621">
     <span class='ocr_line' id='line_1_67' title="bbox 208 3549 1811 3621; baseline 0.001 -18"><span class='ocrx_word' id='word_1_471' title='bbox 208 3564 351 3619; x_wconf 85' lang='lat' dir='ltr'>neque</span> <span class='ocrx_word' id='word_1_472' title='bbox 378 3552 585 3609; x_wconf 89' lang='lat' dir='ltr'>minori</span> <span class='ocrx_word' id='word_1_473' title='bbox 632 3549 1015 3606; x_wconf 88' lang='lat' dir='ltr'>admiratione</span> <span class='ocrx_word' id='word_1_474' title='bbox 1047 3549 1225 3621; x_wconf 82' lang='lat' dir='ltr'>digna</span> <span class='ocrx_word' id='word_1_475' title='bbox 1247 3564 1367 3619; x_wconf 65' lang='lat' dir='ltr'>quae</span> <span class='ocrx_word' id='word_1_476' title='bbox 1398 3550 1811 3605; x_wconf 90' lang='lat' dir='ltr'>describuntur</span> 
     </span>
    </p>
   </div>
   <div class='ocr_carea' id='block_1_68' title="bbox 208 3637 1809 3711">
    <p class='ocr_par' dir='ltr' id='par_1_68' title="bbox 208 3637 1809 3711">
     <span class='ocr_line' id='line_1_68' title="bbox 208 3637 1809 3711; baseline 0.002 -20"><span class='ocrx_word' id='word_1_477' title='bbox 208 3639 277 3704; x_wconf 87' lang='lat'>§3</span> <span class='ocrx_word' id='word_1_478' title='bbox 320 3647 364 3694; x_wconf 90' lang='lat' dir='ltr'>et</span> <span class='ocrx_word' id='word_1_479' title='bbox 412 3642 444 3695; x_wconf 82' lang='grc'>4</span> <span class='ocrx_word' id='word_1_480' title='bbox 491 3641 798 3711; x_wconf 71' lang='lat' dir='ltr'>Perpetuis</span> <span class='ocrx_word' id='word_1_481' title='bbox 855 3644 911 3695; x_wconf 90' lang='lat' dir='ltr'>et</span> <span class='ocrx_word' id='word_1_482' title='bbox 965 3639 1153 3693; x_wconf 85' lang='lat' dir='ltr'>Saturi</span> <span class='ocrx_word' id='word_1_483' title='bbox 1210 3637 1441 3694; x_wconf 86' lang='lat' dir='ltr'>infracti</span> <span class='ocrx_word' id='word_1_484' title='bbox 1484 3638 1809 3710; x_wconf 80' lang='lat' dir='ltr'>excelsique</span> 
     </span>
    </p>
   </div>
   <div class='ocr_carea' id='block_1_69' title="bbox 210 3726 1808 3800">
    <p class='ocr_par' dir='ltr' id='par_1_69' title="bbox 210 3726 1808 3800">
     <span class='ocr_line' id='line_1_69' title="bbox 210 3726 1808 3800; baseline 0.002 -19"><span class='ocrx_word' id='word_1_485' title='bbox 210 3726 349 3783; x_wconf 83' lang='lat' dir='ltr'>animi</span> <span class='ocrx_word' id='word_1_486' title='bbox 376 3730 747 3786; x_wconf 87' lang='lat' dir='ltr'>documenta.</span> <span class='ocrx_word' id='word_1_487' title='bbox 778 3729 888 3785; x_wconf 90' lang='lat' dir='ltr'>Sed</span> <span class='ocrx_word' id='word_1_488' title='bbox 919 3745 1034 3784; x_wconf 89' lang='lat' dir='ltr'>non</span> <span class='ocrx_word' id='word_1_489' title='bbox 1067 3732 1157 3783; x_wconf 88' lang='lat' dir='ltr'>est</span> <span class='ocrx_word' id='word_1_490' title='bbox 1185 3727 1542 3783; x_wconf 88' lang='lat' dir='ltr'>omittendus</span> <span class='ocrx_word' id='word_1_491' title='bbox 1571 3744 1698 3800; x_wconf 89' lang='lat' dir='ltr'>cap.</span> <span class='ocrx_word' id='word_1_492' title='bbox 1731 3745 1808 3795; x_wconf 87' lang='lat' dir='ltr'>v1,</span> 
     </span>
    </p>
   </div>
   <div class='ocr_carea' id='block_1_70' title="bbox 206 3815 1812 3880">
    <p class='ocr_par' dir='ltr' id='par_1_70' title="bbox 206 3815 1812 3880">
     <span class='ocr_line' id='line_1_70' title="bbox 206 3815 1812 3880; baseline 0.002 -11"><span class='ocrx_word' id='word_1_493' title='bbox 206 3815 373 3880; x_wconf 85' lang='lat' dir='ltr'>§t,ut</span> <span class='ocrx_word' id='word_1_494' title='bbox 407 3835 473 3874; x_wconf 83' lang='lat' dir='ltr'>ex</span> <span class='ocrx_word' id='word_1_495' title='bbox 530 3818 943 3874; x_wconf 86' lang='lat' dir='ltr'>universarum</span> <span class='ocrx_word' id='word_1_496' title='bbox 1002 3817 1277 3872; x_wconf 90' lang='lat' dir='ltr'>virtutum</span> <span class='ocrx_word' id='word_1_497' title='bbox 1341 3816 1700 3872; x_wconf 89' lang='lat' dir='ltr'>connexione</span> <span class='ocrx_word' id='word_1_498' title='bbox 1756 3823 1812 3872; x_wconf 92' lang='lat' dir='ltr'>et</span> 
     </span>
    </p>
   </div>
   <div class='ocr_carea' id='block_1_71' title="bbox 206 3904 1808 3975">
    <p class='ocr_par' dir='ltr' id='par_1_71' title="bbox 206 3904 1808 3975">
     <span class='ocr_line' id='line_1_71' title="bbox 206 3904 1808 3975; baseline 0.002 -17"><span class='ocrx_word' id='word_1_499' title='bbox 206 3906 429 3963; x_wconf 77' lang='lat' dir='ltr'>varietate</span> <span class='ocrx_word' id='word_1_500' title='bbox 458 3910 778 3964; x_wconf 83' lang='lat' dir='ltr'>contextus</span> <span class='ocrx_word' id='word_1_501' title='bbox 803 3923 816 3962; x_wconf 89' lang='lat'><strong>:</strong></span> <span class='ocrx_word' id='word_1_502' title='bbox 851 3928 878 3957; x_wconf 86' lang='lat'><strong>«</strong></span> <span class='ocrx_word' id='word_1_503' title='bbox 911 3905 1106 3962; x_wconf 81' lang='lat' dir='ltr'>Illuxit</span> <span class='ocrx_word' id='word_1_504' title='bbox 1136 3906 1256 3961; x_wconf 92' lang='lat' dir='ltr'>dies</span> <span class='ocrx_word' id='word_1_505' title='bbox 1274 3904 1523 3961; x_wconf 81' lang='lat' dir='ltr'>victoriae</span> <span class='ocrx_word' id='word_1_506' title='bbox 1549 3904 1808 3975; x_wconf 90' lang='lat' dir='ltr'>illorum,</span> 
     </span>
    </p>
   </div>
   <div class='ocr_carea' id='block_1_72' title="bbox 204 3993 1808 4065">
    <p class='ocr_par' dir='ltr' id='par_1_72' title="bbox 204 3993 1808 4065">
     <span class='ocr_line' id='line_1_72' title="bbox 204 3993 1808 4065; baseline 0.002 -19"><span class='ocrx_word' id='word_1_507' title='bbox 204 3996 246 4047; x_wconf 86' lang='lat' dir='ltr'>et</span> <span class='ocrx_word' id='word_1_508' title='bbox 287 4001 687 4065; x_wconf 82' lang='lat' dir='ltr'>processerunt</span> <span class='ocrx_word' id='word_1_509' title='bbox 764 3995 835 4051; x_wconf 88' lang='lat' dir='ltr'>de</span> <span class='ocrx_word' id='word_1_510' title='bbox 894 4011 1122 4052; x_wconf 90' lang='lat' dir='ltr'>carcere</span> <span class='ocrx_word' id='word_1_511' title='bbox 1176 3993 1237 4049; x_wconf 88' lang='lat' dir='ltr'>in</span> <span class='ocrx_word' id='word_1_512' title='bbox 1296 3993 1808 4065; x_wconf 89' lang='lat' dir='ltr'>amphitheatrum,</span> 
     </span>
    </p>
   </div>
   <div class='ocr_carea' id='block_1_73' title="bbox 204 4083 1812 4153">
    <p class='ocr_par' dir='ltr' id='par_1_73' title="bbox 204 4083 1812 4153">
     <span class='ocr_line' id='line_1_73' title="bbox 204 4083 1812 4153; baseline 0.002 -17"><span class='ocrx_word' id='word_1_513' title='bbox 204 4084 339 4152; x_wconf 84' lang='lat' dir='ltr'>quasi</span> <span class='ocrx_word' id='word_1_514' title='bbox 395 4086 453 4142; x_wconf 88' lang='lat' dir='ltr'>in</span> <span class='ocrx_word' id='word_1_515' title='bbox 500 4086 750 4153; x_wconf 65' lang='lat' dir='ltr'>calum,</span> <span class='ocrx_word' id='word_1_516' title='bbox 784 4084 1021 4153; x_wconf 90' lang='lat' dir='ltr'>hilares,</span> <span class='ocrx_word' id='word_1_517' title='bbox 1064 4084 1229 4140; x_wconf 92' lang='lat' dir='ltr'>vultu</span> <span class='ocrx_word' id='word_1_518' title='bbox 1288 4083 1502 4152; x_wconf 91' lang='lat' dir='ltr'>decori,</span> <span class='ocrx_word' id='word_1_519' title='bbox 1561 4083 1611 4139; x_wconf 90' lang='lat' dir='ltr'>si</span> <span class='ocrx_word' id='word_1_520' title='bbox 1668 4083 1812 4139; x_wconf 91' lang='lat' dir='ltr'>forte</span> 
     </span>
    </p>
   </div>
   <div class='ocr_carea' id='block_1_74' title="bbox 200 4172 1813 4246">
    <p class='ocr_par' dir='ltr' id='par_1_74' title="bbox 200 4172 1813 4246">
     <span class='ocr_line' id='line_1_74' title="bbox 200 4172 1813 4246; baseline 0.002 -21"><span class='ocrx_word' id='word_1_521' title='bbox 200 4173 376 4240; x_wconf 83' lang='lat' dir='ltr'>gaudio</span> <span class='ocrx_word' id='word_1_522' title='bbox 404 4182 707 4246; x_wconf 88' lang='lat' dir='ltr'>paventes,</span> <span class='ocrx_word' id='word_1_523' title='bbox 739 4189 854 4230; x_wconf 92' lang='lat' dir='ltr'>non</span> <span class='ocrx_word' id='word_1_524' title='bbox 914 4173 1124 4229; x_wconf 89' lang='lat' dir='ltr'>timore</span> <span class='ocrx_word' id='word_1_525' title='bbox 1157 4191 1171 4242; x_wconf 89' lang='lat'><strong>;</strong></span> <span class='ocrx_word' id='word_1_526' title='bbox 1205 4172 1558 4245; x_wconf 86' lang='lat' dir='ltr'>sequebatur</span> <span class='ocrx_word' id='word_1_527' title='bbox 1608 4176 1813 4246; x_wconf 89' lang='lat' dir='ltr'>Perpe-</span> 
     </span>
    </p>
   </div>
   <div class='ocr_carea' id='block_1_75' title="bbox 201 4261 1814 4334">
    <p class='ocr_par' dir='ltr' id='par_1_75' title="bbox 201 4261 1814 4334">
     <span class='ocr_line' id='line_1_75' title="bbox 201 4261 1814 4334; baseline 0.006 -25"><span class='ocrx_word' id='word_1_528' title='bbox 201 4261 281 4313; x_wconf 86' lang='lat' dir='ltr'>tua</span> <span class='ocrx_word' id='word_1_529' title='bbox 304 4261 514 4332; x_wconf 88' lang='lat' dir='ltr'>placido</span> <span class='ocrx_word' id='word_1_530' title='bbox 544 4263 744 4334; x_wconf 89' lang='lat' dir='ltr'>vultu,</span> <span class='ocrx_word' id='word_1_531' title='bbox 776 4266 833 4319; x_wconf 91' lang='lat' dir='ltr'>et</span> <span class='ocrx_word' id='word_1_532' title='bbox 883 4264 1095 4333; x_wconf 89' lang='lat' dir='ltr'>pedum</span> <span class='ocrx_word' id='word_1_533' title='bbox 1151 4262 1404 4331; x_wconf 89' lang='lat' dir='ltr'>incessu,</span> <span class='ocrx_word' id='word_1_534' title='bbox 1456 4266 1518 4318; x_wconf 86' lang='lat' dir='ltr'>ut</span> <span class='ocrx_word' id='word_1_535' title='bbox 1545 4266 1814 4319; x_wconf 90' lang='lat' dir='ltr'>matrona</span> 
     </span>
    </p>
   </div>
   <div class='ocr_carea' id='block_1_76' title="bbox 198 4344 1811 4425">
    <p class='ocr_par' dir='ltr' id='par_1_76' title="bbox 198 4344 1811 4425">
     <span class='ocr_line' id='line_1_76' title="bbox 198 4344 1811 4425; baseline 0.004 -26"><span class='ocrx_word' id='word_1_536' title='bbox 198 4344 381 4405; x_wconf 83' lang='lat' dir='ltr'>Christi</span> <span class='ocrx_word' id='word_1_537' title='bbox 407 4352 502 4409; x_wconf 88' lang='lat' dir='ltr'>Dei</span> <span class='ocrx_word' id='word_1_538' title='bbox 521 4353 767 4418; x_wconf 77' lang='lat' dir='ltr'>dilecta,</span> <span class='ocrx_word' id='word_1_539' title='bbox 793 4353 1048 4425; x_wconf 88' lang='lat' dir='ltr'>vigorem</span> <span class='ocrx_word' id='word_1_540' title='bbox 1080 4350 1383 4408; x_wconf 88' lang='lat' dir='ltr'>oculorum</span> <span class='ocrx_word' id='word_1_541' title='bbox 1401 4368 1643 4407; x_wconf 88' lang='lat' dir='ltr'>suorum</span> <span class='ocrx_word' id='word_1_542' title='bbox 1665 4352 1811 4422; x_wconf 90' lang='lat' dir='ltr'>deji-</span> 
     </span>
    </p>
   </div>
   <div class='ocr_carea' id='block_1_77' title="bbox 202 4435 1812 4513">
    <p class='ocr_par' dir='ltr' id='par_1_77' title="bbox 202 4435 1812 4513">
     <span class='ocr_line' id='line_1_77' title="bbox 202 4435 1812 4513; baseline 0.006 -26"><span class='ocrx_word' id='word_1_543' title='bbox 202 4435 341 4492; x_wconf 86' lang='lat' dir='ltr'>ciens</span> <span class='ocrx_word' id='word_1_544' title='bbox 361 4440 422 4494; x_wconf 83' lang='lat' dir='ltr'>ah</span> <span class='ocrx_word' id='word_1_545' title='bbox 442 4443 711 4498; x_wconf 89' lang='lat' dir='ltr'>omnium</span> <span class='ocrx_word' id='word_1_546' title='bbox 740 4447 1072 4513; x_wconf 83' lang='lat' dir='ltr'>conspectu.</span> <span class='ocrx_word' id='word_1_547' title='bbox 1108 4442 1253 4497; x_wconf 87' lang='lat' dir='ltr'>Item</span> <span class='ocrx_word' id='word_1_548' title='bbox 1288 4440 1554 4498; x_wconf 88' lang='lat' dir='ltr'>Felicitas</span> <span class='ocrx_word' id='word_1_549' title='bbox 1593 4440 1812 4497; x_wconf 85' lang='lat' dir='ltr'>salvam</span> 
     </span>
    </p>
   </div>
   <div class='ocr_carea' id='block_1_78' title="bbox 1919 3195 3563 3267">
    <p class='ocr_par' dir='ltr' id='par_1_78' title="bbox 1919 3195 3563 3267">
     <span class='ocr_line' id='line_1_78' title="bbox 1919 3195 3563 3267; baseline -0.001 -14"><span class='ocrx_word' id='word_1_550' title='bbox 1919 3197 2001 3253; x_wconf 89' lang='lat' dir='ltr'>ita</span> <span class='ocrx_word' id='word_1_551' title='bbox 2021 3197 2131 3253; x_wconf 90' lang='lat' dir='ltr'>sibi</span> <span class='ocrx_word' id='word_1_552' title='bbox 2147 3198 2206 3252; x_wconf 89' lang='lat' dir='ltr'>in</span> <span class='ocrx_word' id='word_1_553' title='bbox 2221 3196 2493 3253; x_wconf 82' lang='lat' dir='ltr'>omnibus</span> <span class='ocrx_word' id='word_1_554' title='bbox 2506 3197 2741 3266; x_wconf 87' lang='lat' dir='ltr'>caverit,</span> <span class='ocrx_word' id='word_1_555' title='bbox 2768 3196 2850 3252; x_wconf 91' lang='lat' dir='ltr'>ita</span> <span class='ocrx_word' id='word_1_556' title='bbox 2879 3213 2942 3252; x_wconf 90' lang='lat' dir='ltr'>se</span> <span class='ocrx_word' id='word_1_557' title='bbox 2963 3196 3229 3267; x_wconf 88' lang='lat' dir='ltr'>gesserit,</span> <span class='ocrx_word' id='word_1_558' title='bbox 3256 3203 3314 3251; x_wconf 88' lang='lat' dir='ltr'>ut</span> <span class='ocrx_word' id='word_1_559' title='bbox 3337 3195 3481 3251; x_wconf 89' lang='lat' dir='ltr'>nihil</span> <span class='ocrx_word' id='word_1_560' title='bbox 3502 3201 3563 3251; x_wconf 88' lang='lat' dir='ltr'>in</span> 
     </span>
    </p>
   </div>
   <div class='ocr_carea' id='block_1_79' title="bbox 1918 3284 3565 3359">
    <p class='ocr_par' dir='ltr' id='par_1_79' title="bbox 1918 3284 3565 3359">
     <span class='ocr_line' id='line_1_79' title="bbox 1918 3284 3565 3359; baseline -0.002 -15"><span class='ocrx_word' id='word_1_561' title='bbox 1918 3288 2047 3359; x_wconf 87' lang='lat' dir='ltr'>ejus</span> <span class='ocrx_word' id='word_1_562' title='bbox 2076 3286 2270 3343; x_wconf 89' lang='lat' dir='ltr'>verbis</span> <span class='ocrx_word' id='word_1_563' title='bbox 2299 3302 2529 3359; x_wconf 87' lang='lat' dir='ltr'>procax,</span> <span class='ocrx_word' id='word_1_564' title='bbox 2555 3284 2701 3341; x_wconf 91' lang='lat' dir='ltr'>nihil</span> <span class='ocrx_word' id='word_1_565' title='bbox 2724 3301 3023 3357; x_wconf 88' lang='lat' dir='ltr'>arrogans,</span> <span class='ocrx_word' id='word_1_566' title='bbox 3048 3284 3192 3340; x_wconf 92' lang='lat' dir='ltr'>nihil</span> <span class='ocrx_word' id='word_1_567' title='bbox 3224 3285 3284 3340; x_wconf 91' lang='lat' dir='ltr'>in</span> <span class='ocrx_word' id='word_1_568' title='bbox 3309 3286 3565 3341; x_wconf 86' lang='lat' dir='ltr'>motibus</span> 
     </span>
    </p>
   </div>
   <div class='ocr_carea' id='block_1_80' title="bbox 1917 3373 3566 3446">
    <p class='ocr_par' dir='ltr' id='par_1_80' title="bbox 1917 3373 3566 3446">
     <span class='ocr_line' id='line_1_80' title="bbox 1917 3373 3566 3446; baseline -0.002 -14"><span class='ocrx_word' id='word_1_569' title='bbox 1917 3376 2399 3443; x_wconf 90' lang='lat' dir='ltr'>inverecundum,</span> <span class='ocrx_word' id='word_1_570' title='bbox 2434 3374 2579 3430; x_wconf 90' lang='lat' dir='ltr'>nihil</span> <span class='ocrx_word' id='word_1_571' title='bbox 2602 3374 2663 3429; x_wconf 91' lang='lat' dir='ltr'>in</span> <span class='ocrx_word' id='word_1_572' title='bbox 2687 3374 2917 3430; x_wconf 89' lang='lat' dir='ltr'>actibus</span> <span class='ocrx_word' id='word_1_573' title='bbox 2948 3373 3344 3446; x_wconf 87' lang='lat' dir='ltr'>irreligiosum</span> <span class='ocrx_word' id='word_1_574' title='bbox 3363 3373 3448 3429; x_wconf 90' lang='lat' dir='ltr'>vel</span> <span class='ocrx_word' id='word_1_575' title='bbox 3482 3391 3566 3429; x_wconf 87' lang='lat' dir='ltr'>se-</span> 
     </span>
    </p>
   </div>
   <div class='ocr_carea' id='block_1_81' title="bbox 1916 3462 3565 3536">
    <p class='ocr_par' dir='ltr' id='par_1_81' title="bbox 1916 3462 3565 3536">
     <span class='ocr_line' id='line_1_81' title="bbox 1916 3462 3565 3536; baseline -0.001 -15"><span class='ocrx_word' id='word_1_576' title='bbox 1916 3464 2260 3521; x_wconf 90' lang='lat' dir='ltr'>verissimus</span> <span class='ocrx_word' id='word_1_577' title='bbox 2291 3480 2498 3520; x_wconf 88' lang='lat' dir='ltr'>censor</span> <span class='ocrx_word' id='word_1_578' title='bbox 2520 3463 2707 3536; x_wconf 91' lang='lat' dir='ltr'>possit</span> <span class='ocrx_word' id='word_1_579' title='bbox 2737 3462 3214 3519; x_wconf 88' lang='lat' dir='ltr'>animadvertere.</span> <span class='ocrx_word' id='word_1_580' title='bbox 3238 3464 3565 3527; x_wconf 88' lang='lat' dir='ltr'>Quamdam</span> 
     </span>
    </p>
   </div>
   <div class='ocr_carea' id='block_1_82' title="bbox 1918 3552 3564 3626">
    <p class='ocr_par' dir='ltr' id='par_1_82' title="bbox 1918 3552 3564 3626">
     <span class='ocr_line' id='line_1_82' title="bbox 1918 3552 3564 3626; baseline -0.002 -15"><span class='ocrx_word' id='word_1_581' title='bbox 1918 3553 2190 3626; x_wconf 89' lang='lat' dir='ltr'>equidem</span> <span class='ocrx_word' id='word_1_582' title='bbox 2216 3552 2580 3609; x_wconf 60' lang='lat' dir='ltr'>Montanistte</span> <span class='ocrx_word' id='word_1_583' title='bbox 2613 3568 2843 3608; x_wconf 87' lang='lat' dir='ltr'>morum</span> <span class='ocrx_word' id='word_1_584' title='bbox 2875 3555 3167 3608; x_wconf 86' lang='lat' dir='ltr'>externam</span> <span class='ocrx_word' id='word_1_585' title='bbox 3219 3552 3564 3623; x_wconf 86' lang='lat' dir='ltr'>gravitatem</span> 
     </span>
    </p>
   </div>
   <div class='ocr_carea' id='block_1_83' title="bbox 1918 3640 3561 3717">
    <p class='ocr_par' dir='ltr' id='par_1_83' title="bbox 1918 3640 3561 3717">
     <span class='ocr_line' id='line_1_83' title="bbox 1918 3640 3561 3717; baseline -0.001 -18"><span class='ocrx_word' id='word_1_586' title='bbox 1918 3659 2037 3717; x_wconf 61' lang='lat' dir='ltr'>pra</span> <span class='ocrx_word' id='word_1_587' title='bbox 2056 3659 2119 3699; x_wconf 91' lang='lat' dir='ltr'>se</span> <span class='ocrx_word' id='word_1_588' title='bbox 2146 3642 2560 3708; x_wconf 89' lang='lat' dir='ltr'>ferebant,sese</span> <span class='ocrx_word' id='word_1_589' title='bbox 2580 3641 2723 3697; x_wconf 91' lang='lat' dir='ltr'>disci</span> <span class='ocrx_word' id='word_1_590' title='bbox 2732 3640 2901 3714; x_wconf 71' lang='lat' dir='ltr'>plinas</span> <span class='ocrx_word' id='word_1_591' title='bbox 2923 3640 3226 3696; x_wconf 87' lang='lat' dir='ltr'>severitate</span> <span class='ocrx_word' id='word_1_592' title='bbox 3234 3641 3561 3712; x_wconf 88' lang='lat' dir='ltr'>jactabant,</span> 
     </span>
    </p>
   </div>
   <div class='ocr_carea' id='block_1_84' title="bbox 1918 3729 3563 3804">
    <p class='ocr_par' dir='ltr' id='par_1_84' title="bbox 1918 3729 3563 3804">
     <span class='ocr_line' id='line_1_84' title="bbox 1918 3729 3563 3804; baseline -0.002 -15"><span class='ocrx_word' id='word_1_593' title='bbox 1918 3732 2291 3799; x_wconf 86' lang='lat' dir='ltr'>abstinentia,</span> <span class='ocrx_word' id='word_1_594' title='bbox 2308 3731 2592 3804; x_wconf 90' lang='lat' dir='ltr'>pudicitia</span> <span class='ocrx_word' id='word_1_595' title='bbox 2615 3735 2672 3787; x_wconf 90' lang='lat' dir='ltr'>et</span> <span class='ocrx_word' id='word_1_596' title='bbox 2688 3731 3050 3802; x_wconf 89' lang='lat' dir='ltr'>persecution</span> <span class='ocrx_word' id='word_1_597' title='bbox 3062 3747 3159 3785; x_wconf 88' lang='lat' dir='ltr'>um</span> <span class='ocrx_word' id='word_1_598' title='bbox 3177 3729 3487 3786; x_wconf 88' lang='lat' dir='ltr'>tolerantia</span> <span class='ocrx_word' id='word_1_599' title='bbox 3501 3746 3563 3786; x_wconf 90' lang='lat' dir='ltr'>se</span> 
     </span>
    </p>
   </div>
   <div class='ocr_carea' id='block_1_85' title="bbox 1916 3819 3562 3895">
    <p class='ocr_par' dir='ltr' id='par_1_85' title="bbox 1916 3819 3562 3895">
     <span class='ocr_line' id='line_1_85' title="bbox 1916 3819 3562 3895; baseline -0.001 -18"><span class='ocrx_word' id='word_1_600' title='bbox 1916 3821 2237 3895; x_wconf 86' lang='lat' dir='ltr'>plurimum</span> <span class='ocrx_word' id='word_1_601' title='bbox 2268 3821 2600 3877; x_wconf 75' lang='lat' dir='ltr'>efferebant:</span> <span class='ocrx_word' id='word_1_602' title='bbox 2636 3819 2871 3891; x_wconf 88' lang='lat' dir='ltr'>sed&#39;qui</span> <span class='ocrx_word' id='word_1_603' title='bbox 2901 3835 2964 3874; x_wconf 91' lang='lat' dir='ltr'>se</span> <span class='ocrx_word' id='word_1_604' title='bbox 2995 3819 3262 3891; x_wconf 89' lang='lat' dir='ltr'>graviora</span> <span class='ocrx_word' id='word_1_605' title='bbox 3287 3819 3562 3875; x_wconf 90' lang='lat' dir='ltr'>instituta</span> 
     </span>
    </p>
   </div>
   <div class='ocr_carea' id='block_1_86' title="bbox 1920 3907 3562 3984">
    <p class='ocr_par' dir='ltr' id='par_1_86' title="bbox 1920 3907 3562 3984">
     <span class='ocr_line' id='line_1_86' title="bbox 1920 3907 3562 3984; baseline -0.004 -16"><span class='ocrx_word' id='word_1_606' title='bbox 1920 3910 2270 3984; x_wconf 87' lang='lat' dir='ltr'>evangelicis</span> <span class='ocrx_word' id='word_1_607' title='bbox 2300 3909 2771 3965; x_wconf 87' lang='lat' dir='ltr'>institutionibus</span> <span class='ocrx_word' id='word_1_608' title='bbox 2812 3908 3117 3979; x_wconf 89' lang='lat' dir='ltr'>adjecisse,</span> <span class='ocrx_word' id='word_1_609' title='bbox 3152 3907 3342 3963; x_wconf 89' lang='lat' dir='ltr'>verbis</span> <span class='ocrx_word' id='word_1_610' title='bbox 3398 3908 3562 3963; x_wconf 84' lang='lat' dir='ltr'>inso-</span> 
     </span>
    </p>
   </div>
   <div class='ocr_carea' id='block_1_87' title="bbox 1918 3994 3564 4069">
    <p class='ocr_par' dir='ltr' id='par_1_87' title="bbox 1918 3994 3564 4069">
     <span class='ocr_line' id='line_1_87' title="bbox 1918 3994 3564 4069; baseline -0.003 -14"><span class='ocrx_word' id='word_1_611' title='bbox 1918 3997 2267 4055; x_wconf 77' lang='lat' dir='ltr'>lectissimis</span> <span class='ocrx_word' id='word_1_612' title='bbox 2291 3996 2706 4069; x_wconf 65' lang='lat' dir='ltr'>praedicabant,</span> <span class='ocrx_word' id='word_1_613' title='bbox 2726 3995 2990 4052; x_wconf 87' lang='lat' dir='ltr'>moribus</span> <span class='ocrx_word' id='word_1_614' title='bbox 3012 4000 3209 4068; x_wconf 89' lang='lat' dir='ltr'>postea</span> <span class='ocrx_word' id='word_1_615' title='bbox 3222 3994 3364 4065; x_wconf 89' lang='lat' dir='ltr'>legis</span> <span class='ocrx_word' id='word_1_616' title='bbox 3396 4011 3564 4050; x_wconf 91' lang='lat' dir='ltr'>evan-</span> 
     </span>
    </p>
   </div>
   <div class='ocr_carea' id='block_1_88' title="bbox 1920 4084 3568 4160">
    <p class='ocr_par' dir='ltr' id='par_1_88' title="bbox 1920 4084 3568 4160">
     <span class='ocr_line' id='line_1_88' title="bbox 1920 4084 3568 4160; baseline -0.004 -16"><span class='ocrx_word' id='word_1_617' title='bbox 1920 4087 2119 4160; x_wconf 67' lang='lat' dir='ltr'>gelicae</span> <span class='ocrx_word' id='word_1_618' title='bbox 2145 4087 2510 4142; x_wconf 88' lang='lat' dir='ltr'>sanctitatem</span> <span class='ocrx_word' id='word_1_619' title='bbox 2538 4085 2781 4142; x_wconf 90' lang='lat' dir='ltr'>minime</span> <span class='ocrx_word' id='word_1_620' title='bbox 2829 4085 3177 4150; x_wconf 88' lang='lat' dir='ltr'>referebant,</span> <span class='ocrx_word' id='word_1_621' title='bbox 3210 4085 3311 4139; x_wconf 90' lang='lat' dir='ltr'>sed</span> <span class='ocrx_word' id='word_1_622' title='bbox 3370 4084 3441 4138; x_wconf 89' lang='lat' dir='ltr'>ad</span> <span class='ocrx_word' id='word_1_623' title='bbox 3499 4099 3568 4139; x_wconf 92' lang='lat' dir='ltr'>ea</span> 
     </span>
    </p>
   </div>
   <div class='ocr_carea' id='block_1_89' title="bbox 1922 4172 3567 4249">
    <p class='ocr_par' dir='ltr' id='par_1_89' title="bbox 1922 4172 3567 4249">
     <span class='ocr_line' id='line_1_89' title="bbox 1922 4172 3567 4249; baseline -0.005 -16"><span class='ocrx_word' id='word_1_624' title='bbox 1922 4193 2102 4249; x_wconf 90' lang='lat' dir='ltr'>quam</span> <span class='ocrx_word' id='word_1_625' title='bbox 2128 4175 2474 4247; x_wconf 89' lang='lat' dir='ltr'>longissime</span> <span class='ocrx_word' id='word_1_626' title='bbox 2498 4176 2763 4232; x_wconf 88' lang='lat' dir='ltr'>aberant.</span> <span class='ocrx_word' id='word_1_627' title='bbox 2796 4176 3082 4246; x_wconf 89' lang='lat' dir='ltr'>Perpetua</span> <span class='ocrx_word' id='word_1_628' title='bbox 3116 4189 3253 4228; x_wconf 87' lang='lat' dir='ltr'>vero</span> <span class='ocrx_word' id='word_1_629' title='bbox 3310 4172 3567 4243; x_wconf 88' lang='lat' dir='ltr'>sociique</span> 
     </span>
    </p>
   </div>
   <div class='ocr_carea' id='block_1_90' title="bbox 1923 4263 3564 4338">
    <p class='ocr_par' dir='ltr' id='par_1_90' title="bbox 1923 4263 3564 4338">
     <span class='ocr_line' id='line_1_90' title="bbox 1923 4263 3564 4338; baseline -0.004 -17"><span class='ocrx_word' id='word_1_630' title='bbox 1923 4268 2208 4338; x_wconf 71' lang='lat' dir='ltr'>martyres</span> <span class='ocrx_word' id='word_1_631' title='bbox 2239 4263 2612 4337; x_wconf 86' lang='lat' dir='ltr'>Evangelium</span> <span class='ocrx_word' id='word_1_632' title='bbox 2642 4263 2901 4319; x_wconf 90' lang='lat' dir='ltr'>moribus</span> <span class='ocrx_word' id='word_1_633' title='bbox 2923 4263 3199 4328; x_wconf 85' lang='lat' dir='ltr'>referunt,</span> <span class='ocrx_word' id='word_1_634' title='bbox 3231 4268 3404 4331; x_wconf 87' lang='lat' dir='ltr'>atque</span> <span class='ocrx_word' id='word_1_635' title='bbox 3434 4276 3564 4315; x_wconf 86' lang='lat' dir='ltr'>exa-</span> 
     </span>
    </p>
   </div>
   <div class='ocr_carea' id='block_1_91' title="bbox 1922 4351 3565 4426">
    <p class='ocr_par' dir='ltr' id='par_1_91' title="bbox 1922 4351 3565 4426">
     <span class='ocr_line' id='line_1_91' title="bbox 1922 4351 3565 4426; baseline -0.005 -15"><span class='ocrx_word' id='word_1_636' title='bbox 1922 4354 2185 4412; x_wconf 88' lang='lat' dir='ltr'>ctissime</span> <span class='ocrx_word' id='word_1_637' title='bbox 2214 4354 2569 4426; x_wconf 87' lang='lat' dir='ltr'>exprimunt.</span> <span class='ocrx_word' id='word_1_638' title='bbox 2606 4354 2707 4410; x_wconf 90' lang='lat' dir='ltr'>Est</span> <span class='ocrx_word' id='word_1_639' title='bbox 2747 4356 2804 4407; x_wconf 88' lang='lat' dir='ltr'>et</span> <span class='ocrx_word' id='word_1_640' title='bbox 2835 4351 2993 4407; x_wconf 90' lang='lat' dir='ltr'>aliud</span> <span class='ocrx_word' id='word_1_641' title='bbox 3018 4351 3078 4406; x_wconf 89' lang='lat' dir='ltr'>in</span> <span class='ocrx_word' id='word_1_642' title='bbox 3110 4351 3318 4406; x_wconf 88' lang='lat' dir='ltr'>horum</span> <span class='ocrx_word' id='word_1_643' title='bbox 3351 4353 3565 4423; x_wconf 88' lang='lat' dir='ltr'>marty-</span> 
     </span>
    </p>
   </div>
   <div class='ocr_carea' id='block_1_92' title="bbox 1922 4438 3567 4515">
    <p class='ocr_par' dir='ltr' id='par_1_92' title="bbox 1922 4438 3567 4515">
     <span class='ocr_line' id='line_1_92' title="bbox 1922 4438 3567 4515; baseline -0.004 -15"><span class='ocrx_word' id='word_1_644' title='bbox 1922 4461 2077 4515; x_wconf 91' lang='lat' dir='ltr'>rum,</span> <span class='ocrx_word' id='word_1_645' title='bbox 2101 4448 2155 4499; x_wconf 91' lang='lat' dir='ltr'>et</span> <span class='ocrx_word' id='word_1_646' title='bbox 2170 4443 2488 4514; x_wconf 67' lang='lat' dir='ltr'>praesertim</span> <span class='ocrx_word' id='word_1_647' title='bbox 2512 4440 3154 4511; x_wconf 73' lang='lat' dir='ltr'>Perpetuae,virtutihus</span> <span class='ocrx_word' id='word_1_648' title='bbox 3167 4438 3567 4495; x_wconf 90' lang='lat' dir='ltr'>observatione</span> 
     </span>
    </p>
   </div>
   <div class='ocr_carea' id='block_1_93' title="bbox 200 4529 3569 4604">
    <p class='ocr_par' dir='ltr' id='par_1_93' title="bbox 200 4529 3569 4604">
     <span class='ocr_line' id='line_1_93' title="bbox 200 4529 3569 4604; baseline 0.001 -24"><span class='ocrx_word' id='word_1_649' title='bbox 200 4540 254 4580; x_wconf 83' lang='lat' dir='ltr'>se</span> <span class='ocrx_word' id='word_1_650' title='bbox 279 4530 548 4600; x_wconf 87' lang='lat' dir='ltr'>peperisse</span> <span class='ocrx_word' id='word_1_651' title='bbox 607 4531 899 4604; x_wconf 89' lang='lat' dir='ltr'>gaudens,</span> <span class='ocrx_word' id='word_1_652' title='bbox 931 4535 996 4586; x_wconf 92' lang='lat' dir='ltr'>ut</span> <span class='ocrx_word' id='word_1_653' title='bbox 1024 4531 1097 4585; x_wconf 92' lang='lat' dir='ltr'>ad</span> <span class='ocrx_word' id='word_1_654' title='bbox 1142 4529 1359 4586; x_wconf 80' lang='lat' dir='ltr'>bestias</span> <span class='ocrx_word' id='word_1_655' title='bbox 1416 4534 1722 4602; x_wconf 79' lang='lat' dir='ltr'>pugnaret,</span> <span class='ocrx_word' id='word_1_656' title='bbox 1780 4546 1815 4585; x_wconf 89' lang='lat' dir='ltr'>a</span> <span class='ocrx_word' id='word_1_657' title='bbox 1844 4538 1891 4604; x_wconf 84' lang='lat'>1)</span> <span class='ocrx_word' id='word_1_658' title='bbox 1922 4533 2318 4604; x_wconf 83' lang='lat' dir='ltr'>dignum,quo</span> <span class='ocrx_word' id='word_1_659' title='bbox 2340 4549 2373 4585; x_wconf 90' lang='lat' dir='ltr'>a</span> <span class='ocrx_word' id='word_1_660' title='bbox 2395 4530 2601 4586; x_wconf 82' lang='lat' dir='ltr'>lucetis</span> <span class='ocrx_word' id='word_1_661' title='bbox 2618 4529 3569 4602; x_wconf 83' lang='lat' dir='ltr'>hypocritarumpseudo-prophe-</span> 
     </span>
    </p>
   </div>
   <div class='ocr_carea' id='block_1_94' title="bbox 201 4618 1818 4689">
    <p class='ocr_par' dir='ltr' id='par_1_94' title="bbox 201 4618 1818 4689">
     <span class='ocr_line' id='line_1_94' title="bbox 201 4618 1818 4689; baseline 0.004 -22"><span class='ocrx_word' id='word_1_662' title='bbox 201 4618 471 4689; x_wconf 79' lang='lat' dir='ltr'>sanguine,</span> <span class='ocrx_word' id='word_1_663' title='bbox 506 4621 581 4675; x_wconf 86' lang='lat' dir='ltr'>ab</span> <span class='ocrx_word' id='word_1_664' title='bbox 611 4618 923 4677; x_wconf 87' lang='lat' dir='ltr'>obstetrice</span> <span class='ocrx_word' id='word_1_665' title='bbox 953 4620 1025 4675; x_wconf 86' lang='lat' dir='ltr'>ad</span> <span class='ocrx_word' id='word_1_666' title='bbox 1067 4619 1389 4688; x_wconf 88' lang='lat' dir='ltr'>retiarium,</span> <span class='ocrx_word' id='word_1_667' title='bbox 1438 4619 1628 4675; x_wconf 90' lang='lat' dir='ltr'>lotura</span> <span class='ocrx_word' id='word_1_668' title='bbox 1687 4622 1818 4689; x_wconf 89' lang='lat' dir='ltr'>post</span> 
     </span>
    </p>
   </div>
   <div class='ocr_carea' id='block_1_95' title="bbox 200 4707 1814 4783">
    <p class='ocr_par' dir='ltr' id='par_1_95' title="bbox 200 4707 1814 4783">
     <span class='ocr_line' id='line_1_95' title="bbox 200 4707 1814 4783; baseline 0.001 -23"><span class='ocrx_word' id='word_1_669' title='bbox 200 4709 401 4774; x_wconf 83' lang='lat' dir='ltr'>parturn</span> <span class='ocrx_word' id='word_1_670' title='bbox 425 4710 980 4783; x_wconf 88' lang='lat' dir='ltr'>haptismoscundo.</span> <span class='ocrx_word' id='word_1_671' title='bbox 1018 4710 1084 4764; x_wconf 88' lang='lat' dir='ltr'>Et</span> <span class='ocrx_word' id='word_1_672' title='bbox 1110 4725 1244 4765; x_wconf 92' lang='lat' dir='ltr'>cum</span> <span class='ocrx_word' id='word_1_673' title='bbox 1279 4708 1455 4765; x_wconf 88' lang='lat' dir='ltr'>delati</span> <span class='ocrx_word' id='word_1_674' title='bbox 1505 4716 1698 4765; x_wconf 91' lang='lat' dir='ltr'>essent</span> <span class='ocrx_word' id='word_1_675' title='bbox 1754 4707 1814 4763; x_wconf 92' lang='lat' dir='ltr'>in</span> 
     </span>
    </p>
   </div>
   <div class='ocr_carea' id='block_1_96' title="bbox 199 4796 1814 4869">
    <p class='ocr_par' dir='ltr' id='par_1_96' title="bbox 199 4796 1814 4869">
     <span class='ocr_line' id='line_1_96' title="bbox 199 4796 1814 4869; baseline 0.001 -21"><span class='ocrx_word' id='word_1_676' title='bbox 199 4800 390 4860; x_wconf 80' lang='lat' dir='ltr'>portam</span> <span class='ocrx_word' id='word_1_677' title='bbox 421 4804 475 4854; x_wconf 90' lang='lat' dir='ltr'>et</span> <span class='ocrx_word' id='word_1_678' title='bbox 505 4802 860 4869; x_wconf 83' lang='lat' dir='ltr'>cogerentur</span> <span class='ocrx_word' id='word_1_679' title='bbox 888 4798 1149 4854; x_wconf 87' lang='lat' dir='ltr'>habitum</span> <span class='ocrx_word' id='word_1_680' title='bbox 1210 4797 1472 4869; x_wconf 90' lang='lat' dir='ltr'>induere,</span> <span class='ocrx_word' id='word_1_681' title='bbox 1520 4797 1629 4853; x_wconf 89' lang='lat' dir='ltr'>viri</span> <span class='ocrx_word' id='word_1_682' title='bbox 1687 4796 1814 4869; x_wconf 88' lang='lat' dir='ltr'>qui-</span> 
     </span>
    </p>
   </div>
   <div class='ocr_carea' id='block_1_97' title="bbox 198 4881 1815 4958">
    <p class='ocr_par' dir='ltr' id='par_1_97' title="bbox 198 4881 1815 4958">
     <span class='ocr_line' id='line_1_97' title="bbox 198 4881 1815 4958; baseline 0.004 -22"><span class='ocrx_word' id='word_1_683' title='bbox 198 4881 304 4939; x_wconf 88' lang='lat' dir='ltr'>dem</span> <span class='ocrx_word' id='word_1_684' title='bbox 334 4890 704 4945; x_wconf 89' lang='lat' dir='ltr'>sacerdotum</span> <span class='ocrx_word' id='word_1_685' title='bbox 729 4888 985 4958; x_wconf 88' lang='lat' dir='ltr'>Saturni,</span> <span class='ocrx_word' id='word_1_686' title='bbox 1019 4887 1244 4943; x_wconf 70' lang='lat' dir='ltr'>feminzs</span> <span class='ocrx_word' id='word_1_687' title='bbox 1274 4903 1410 4943; x_wconf 90' lang='lat' dir='ltr'>vero</span> <span class='ocrx_word' id='word_1_688' title='bbox 1460 4894 1815 4943; x_wconf 88' lang='lat' dir='ltr'>sacratarum</span> 
     </span>
    </p>
   </div>
   <div class='ocr_carea' id='block_1_98' title="bbox 194 4970 1819 5048">
    <p class='ocr_par' dir='ltr' id='par_1_98' title="bbox 194 4970 1819 5048">
     <span class='ocr_line' id='line_1_98' title="bbox 194 4970 1819 5048; baseline 0.004 -24"><span class='ocrx_word' id='word_1_689' title='bbox 194 4970 363 5028; x_wconf 81' lang='lat' dir='ltr'>Cereri</span> <span class='ocrx_word' id='word_1_690' title='bbox 392 4991 406 5027; x_wconf 84' lang='lat'>:</span> <span class='ocrx_word' id='word_1_691' title='bbox 438 4992 721 5048; x_wconf 86' lang='lat' dir='ltr'>generosa</span> <span class='ocrx_word' id='word_1_692' title='bbox 749 4976 851 5033; x_wconf 89' lang='lat' dir='ltr'>illa</span> <span class='ocrx_word' id='word_1_693' title='bbox 907 4976 968 5031; x_wconf 90' lang='lat' dir='ltr'>in</span> <span class='ocrx_word' id='word_1_694' title='bbox 1028 4976 1207 5032; x_wconf 77' lang='lat' dir='ltr'>finem</span> <span class='ocrx_word' id='word_1_695' title='bbox 1264 4991 1449 5048; x_wconf 86' lang='lat' dir='ltr'>usque</span> <span class='ocrx_word' id='word_1_696' title='bbox 1490 4977 1819 5032; x_wconf 89' lang='lat' dir='ltr'>constantia</span> 
     </span>
    </p>
   </div>
   <div class='ocr_carea' id='block_1_99' title="bbox 198 5065 1820 5137">
    <p class='ocr_par' dir='ltr' id='par_1_99' title="bbox 198 5065 1820 5137">
     <span class='ocr_line' id='line_1_99' title="bbox 198 5065 1820 5137; baseline 0.003 -21"><span class='ocrx_word' id='word_1_697' title='bbox 198 5066 526 5133; x_wconf 76' lang='lat' dir='ltr'>repugnavit.</span> <span class='ocrx_word' id='word_1_698' title='bbox 593 5066 876 5122; x_wconf 88' lang='lat' dir='ltr'>Dicebant</span> <span class='ocrx_word' id='word_1_699' title='bbox 933 5066 1119 5121; x_wconf 89' lang='lat' dir='ltr'>enim:</span> <span class='ocrx_word' id='word_1_700' title='bbox 1172 5065 1290 5121; x_wconf 86' lang='lat' dir='ltr'>Ideo</span> <span class='ocrx_word' id='word_1_701' title='bbox 1348 5065 1422 5120; x_wconf 88' lang='lat' dir='ltr'>ad</span> <span class='ocrx_word' id='word_1_702' title='bbox 1477 5065 1575 5119; x_wconf 87' lang='lat' dir='ltr'>hoc</span> <span class='ocrx_word' id='word_1_703' title='bbox 1628 5075 1820 5137; x_wconf 71' lang='lat' dir='ltr'>sponte</span> 
     </span>
    </p>
   </div>
   <div class='ocr_carea' id='block_1_100' title="bbox 194 5154 1819 5223">
    <p class='ocr_par' dir='ltr' id='par_1_100' title="bbox 194 5154 1819 5223">
     <span class='ocr_line' id='line_1_100' title="bbox 194 5154 1819 5223; baseline 0.005 -20"><span class='ocrx_word' id='word_1_704' title='bbox 194 5155 530 5223; x_wconf 76' lang='lat' dir='ltr'>pervenimus,</span> <span class='ocrx_word' id='word_1_705' title='bbox 598 5172 667 5211; x_wconf 89' lang='lat' dir='ltr'>ne</span> <span class='ocrx_word' id='word_1_706' title='bbox 741 5156 967 5210; x_wconf 69' lang='lat' dir='ltr'>libertas</span> <span class='ocrx_word' id='word_1_707' title='bbox 1022 5158 1211 5210; x_wconf 77' lang='lat' dir='ltr'>nostra</span> <span class='ocrx_word' id='word_1_708' title='bbox 1267 5154 1654 5210; x_wconf 73' lang='lat' dir='ltr'>abduceretur.</span> <span class='ocrx_word' id='word_1_709' title='bbox 1712 5157 1819 5211; x_wconf 88' lang='lat' dir='ltr'>Deo</span> 
     </span>
    </p>
   </div>
   <div class='ocr_carea' id='block_1_101' title="bbox 200 5241 1819 5316">
    <p class='ocr_par' dir='ltr' id='par_1_101' title="bbox 200 5241 1819 5316">
     <span class='ocr_line' id='line_1_101' title="bbox 200 5241 1819 5316; baseline 0.002 -22"><span class='ocrx_word' id='word_1_710' title='bbox 200 5241 384 5298; x_wconf 64' lang='lat' dir='ltr'>adiimus</span> <span class='ocrx_word' id='word_1_711' title='bbox 411 5250 639 5301; x_wconf 71' lang='lat' dir='ltr'>nostra:</span> <span class='ocrx_word' id='word_1_712' title='bbox 667 5246 1007 5315; x_wconf 71' lang='lat' dir='ltr'>addiximus,</span> <span class='ocrx_word' id='word_1_713' title='bbox 1065 5260 1134 5300; x_wconf 82' lang='lat' dir='ltr'>ne</span> <span class='ocrx_word' id='word_1_714' title='bbox 1180 5244 1290 5301; x_wconf 84' lang='lat' dir='ltr'>tale</span> <span class='ocrx_word' id='word_1_715' title='bbox 1338 5244 1553 5315; x_wconf 80' lang='lat' dir='ltr'>aliquid</span> <span class='ocrx_word' id='word_1_716' title='bbox 1609 5246 1819 5316; x_wconf 81' lang='lat' dir='ltr'>facere-</span> 
     </span>
    </p>
   </div>
   <div class='ocr_carea' id='block_1_102' title="bbox 200 5332 1821 5407">
    <p class='ocr_par' dir='ltr' id='par_1_102' title="bbox 200 5332 1821 5407">
     <span class='ocr_line' id='line_1_102' title="bbox 200 5332 1821 5407; baseline 0.005 -26"><span class='ocrx_word' id='word_1_717' title='bbox 200 5344 300 5385; x_wconf 70' lang='lat' dir='ltr'>mus</span> <span class='ocrx_word' id='word_1_718' title='bbox 332 5350 345 5388; x_wconf 88' lang='lat'>:</span> <span class='ocrx_word' id='word_1_719' title='bbox 378 5334 475 5390; x_wconf 78' lang='lat' dir='ltr'>hoc</span> <span class='ocrx_word' id='word_1_720' title='bbox 506 5337 785 5390; x_wconf 76' lang='lat' dir='ltr'>vobiscum</span> <span class='ocrx_word' id='word_1_721' title='bbox 814 5336 960 5407; x_wconf 79' lang='lat' dir='ltr'>pacti</span> <span class='ocrx_word' id='word_1_722' title='bbox 986 5350 1190 5390; x_wconf 78' lang='lat' dir='ltr'>sumus.</span> <span class='ocrx_word' id='word_1_723' title='bbox 1227 5332 1473 5405; x_wconf 82' lang='lat' dir='ltr'>Agnovit</span> <span class='ocrx_word' id='word_1_724' title='bbox 1530 5332 1821 5405; x_wconf 88' lang='lat' dir='ltr'>injustitia</span> 
     </span>
    </p>
   </div>
   <div class='ocr_carea' id='block_1_103' title="bbox 202 5415 1818 5495">
    <p class='ocr_par' dir='ltr' id='par_1_103' title="bbox 202 5415 1818 5495">
     <span class='ocr_line' id='line_1_103' title="bbox 202 5415 1818 5495; baseline 0.002 -23"><span class='ocrx_word' id='word_1_725' title='bbox 202 5415 456 5483; x_wconf 83' lang='lat' dir='ltr'>justitiam</span> <span class='ocrx_word' id='word_1_726' title='bbox 494 5442 507 5478; x_wconf 94' lang='lat'><strong>:</strong></span> <span class='ocrx_word' id='word_1_727' title='bbox 542 5422 830 5481; x_wconf 88' lang='lat' dir='ltr'>concessit</span> <span class='ocrx_word' id='word_1_728' title='bbox 861 5423 1149 5495; x_wconf 90' lang='lat' dir='ltr'>tribunus,</span> <span class='ocrx_word' id='word_1_729' title='bbox 1201 5426 1285 5479; x_wconf 63' lang='lat' dir='ltr'>ut,</span> <span class='ocrx_word' id='word_1_730' title='bbox 1324 5422 1616 5495; x_wconf 92' lang='lat' dir='ltr'>quomodo</span> <span class='ocrx_word' id='word_1_731' title='bbox 1636 5428 1818 5488; x_wconf 80' lang='lat' dir='ltr'>erant,</span> 
     </span>
    </p>
   </div>
   <div class='ocr_carea' id='block_1_104' title="bbox 266 5615 1821 5696">
    <p class='ocr_par' dir='ltr' id='par_1_104' title="bbox 266 5615 1821 5696">
     <span class='ocr_line' id='line_1_104' title="bbox 266 5615 1821 5696; baseline 0.002 -23"><span class='ocrx_word' id='word_1_732' title='bbox 266 5615 363 5691; x_wconf 82' lang='lat'>(52)</span> <span class='ocrx_word' id='word_1_733' title='bbox 391 5618 565 5693; x_wconf 85' lang='lat' dir='ltr'>Apud</span> <span class='ocrx_word' id='word_1_734' title='bbox 596 5616 803 5680; x_wconf 87' lang='lat' dir='ltr'>Euseb.</span> <span class='ocrx_word' id='word_1_735' title='bbox 813 5661 831 5696; x_wconf 91' lang='lat'>,</span> <span class='ocrx_word' id='word_1_736' title='bbox 856 5635 892 5681; x_wconf 91' lang='lat' dir='ltr'>v</span> <span class='ocrx_word' id='word_1_737' title='bbox 921 5619 1059 5679; x_wconf 69' lang='lat' dir='ltr'>Hist.</span> <span class='ocrx_word' id='word_1_738' title='bbox 1078 5619 1317 5691; x_wconf 74' lang='lat' dir='ltr'>eccelee.,</span> <span class='ocrx_word' id='word_1_739' title='bbox 1343 5634 1468 5692; x_wconf 90' lang='lat' dir='ltr'>cap.</span> <span class='ocrx_word' id='word_1_740' title='bbox 1497 5617 1562 5677; x_wconf 86' lang='grc'>16</span> <span class='ocrx_word' id='word_1_741' title='bbox 1586 5622 1644 5676; x_wconf 92' lang='lat' dir='ltr'>et</span> <span class='ocrx_word' id='word_1_742' title='bbox 1660 5634 1821 5691; x_wconf 89' lang='lat' dir='ltr'>seqq.</span> 
     </span>
    </p>
   </div>
   <div class='ocr_carea' id='block_1_105' title="bbox 1923 4618 3566 4693">
    <p class='ocr_par' dir='ltr' id='par_1_105' title="bbox 1923 4618 3566 4693">
     <span class='ocr_line' id='line_1_105' title="bbox 1923 4618 3566 4693; baseline -0.004 -14"><span class='ocrx_word' id='word_1_743' title='bbox 1923 4627 2231 4693; x_wconf 89' lang='lat' dir='ltr'>tarumque</span> <span class='ocrx_word' id='word_1_744' title='bbox 2262 4619 2576 4676; x_wconf 85' lang='lat' dir='ltr'>virtutibus</span> <span class='ocrx_word' id='word_1_745' title='bbox 2606 4618 2858 4675; x_wconf 90' lang='lat' dir='ltr'>discerni</span> <span class='ocrx_word' id='word_1_746' title='bbox 2896 4618 3071 4687; x_wconf 72' lang='lat' dir='ltr'>facile</span> <span class='ocrx_word' id='word_1_747' title='bbox 3102 4623 3369 4690; x_wconf 88' lang='lat' dir='ltr'>possunt,</span> <span class='ocrx_word' id='word_1_748' title='bbox 3414 4618 3566 4689; x_wconf 91' lang='lat' dir='ltr'>quod</span> 
     </span>
    </p>
   </div>
   <div class='ocr_carea' id='block_1_106' title="bbox 1924 4706 3566 4781">
    <p class='ocr_par' dir='ltr' id='par_1_106' title="bbox 1924 4706 3566 4781">
     <span class='ocr_line' id='line_1_106' title="bbox 1924 4706 3566 4781; baseline -0.003 -14"><span class='ocrx_word' id='word_1_749' title='bbox 1924 4727 1988 4767; x_wconf 91' lang='lat' dir='ltr'>se</span> <span class='ocrx_word' id='word_1_750' title='bbox 2018 4710 2211 4766; x_wconf 89' lang='lat' dir='ltr'>nativa</span> <span class='ocrx_word' id='word_1_751' title='bbox 2242 4709 2496 4781; x_wconf 90' lang='lat' dir='ltr'>quadam</span> <span class='ocrx_word' id='word_1_752' title='bbox 2527 4706 2904 4779; x_wconf 88' lang='lat' dir='ltr'>simplicitate</span> <span class='ocrx_word' id='word_1_753' title='bbox 2933 4711 3196 4773; x_wconf 89' lang='lat' dir='ltr'>tuentur,</span> <span class='ocrx_word' id='word_1_754' title='bbox 3219 4712 3277 4763; x_wconf 89' lang='lat' dir='ltr'>et</span> <span class='ocrx_word' id='word_1_755' title='bbox 3301 4723 3474 4779; x_wconf 89' lang='lat' dir='ltr'>quam</span> <span class='ocrx_word' id='word_1_756' title='bbox 3508 4707 3566 4762; x_wconf 91' lang='lat' dir='ltr'>in</span> 
     </span>
    </p>
   </div>
   <div class='ocr_carea' id='block_1_107' title="bbox 1924 4796 3570 4870">
    <p class='ocr_par' dir='ltr' id='par_1_107' title="bbox 1924 4796 3570 4870">
     <span class='ocr_line' id='line_1_107' title="bbox 1924 4796 3570 4870; baseline -0.004 -14"><span class='ocrx_word' id='word_1_757' title='bbox 1924 4800 2009 4857; x_wconf 90' lang='lat' dir='ltr'>eis</span> <span class='ocrx_word' id='word_1_758' title='bbox 2039 4799 2245 4855; x_wconf 68' lang='lat' dir='ltr'>divinae</span> <span class='ocrx_word' id='word_1_759' title='bbox 2275 4798 2585 4870; x_wconf 88' lang='lat' dir='ltr'>cujusdam</span> <span class='ocrx_word' id='word_1_760' title='bbox 2617 4796 2916 4869; x_wconf 69' lang='lat' dir='ltr'>sapientiae</span> <span class='ocrx_word' id='word_1_761' title='bbox 2947 4800 3003 4853; x_wconf 90' lang='lat' dir='ltr'>et</span> <span class='ocrx_word' id='word_1_762' title='bbox 3033 4796 3245 4852; x_wconf 89' lang='lat' dir='ltr'>excelsi</span> <span class='ocrx_word' id='word_1_763' title='bbox 3286 4796 3463 4851; x_wconf 89' lang='lat' dir='ltr'>animi</span> <span class='ocrx_word' id='word_1_764' title='bbox 3504 4810 3570 4850; x_wconf 87' lang='lat' dir='ltr'>ac</span> 
     </span>
    </p>
   </div>
   <div class='ocr_carea' id='block_1_108' title="bbox 1926 4884 3568 4958">
    <p class='ocr_par' dir='ltr' id='par_1_108' title="bbox 1926 4884 3568 4958">
     <span class='ocr_line' id='line_1_108' title="bbox 1926 4884 3568 4958; baseline -0.005 -14"><span class='ocrx_word' id='word_1_765' title='bbox 1926 4889 2073 4946; x_wconf 90' lang='lat' dir='ltr'>bene</span> <span class='ocrx_word' id='word_1_766' title='bbox 2102 4888 2275 4944; x_wconf 91' lang='lat' dir='ltr'>rebus</span> <span class='ocrx_word' id='word_1_767' title='bbox 2312 4885 2585 4943; x_wconf 89' lang='lat' dir='ltr'>humanis</span> <span class='ocrx_word' id='word_1_768' title='bbox 2614 4885 2865 4958; x_wconf 87' lang='lat' dir='ltr'>exempti</span> <span class='ocrx_word' id='word_1_769' title='bbox 2892 4884 3110 4942; x_wconf 90' lang='lat' dir='ltr'>indicia</span> <span class='ocrx_word' id='word_1_770' title='bbox 3138 4884 3294 4940; x_wconf 91' lang='lat' dir='ltr'>clara</span> <span class='ocrx_word' id='word_1_771' title='bbox 3322 4899 3568 4938; x_wconf 88' lang='lat' dir='ltr'>cernun-</span> 
     </span>
    </p>
   </div>
   <div class='ocr_carea' id='block_1_109' title="bbox 1925 4968 3571 5048">
    <p class='ocr_par' dir='ltr' id='par_1_109' title="bbox 1925 4968 3571 5048">
     <span class='ocr_line' id='line_1_109' title="bbox 1925 4968 3571 5048; baseline -0.007 -14"><span class='ocrx_word' id='word_1_772' title='bbox 1925 4983 2023 5035; x_wconf 91' lang='lat' dir='ltr'>tur</span> <span class='ocrx_word' id='word_1_773' title='bbox 2055 4996 2069 5047; x_wconf 92' lang='lat'><strong>;</strong></span> <span class='ocrx_word' id='word_1_774' title='bbox 2103 4986 2220 5033; x_wconf 88' lang='lat' dir='ltr'>tam</span> <span class='ocrx_word' id='word_1_775' title='bbox 2252 4976 2448 5033; x_wconf 89' lang='lat' dir='ltr'>nativo</span> <span class='ocrx_word' id='word_1_776' title='bbox 2480 4976 2736 5048; x_wconf 89' lang='lat' dir='ltr'>quodam</span> <span class='ocrx_word' id='word_1_777' title='bbox 2768 4975 3017 5031; x_wconf 89' lang='lat' dir='ltr'>candore</span> <span class='ocrx_word' id='word_1_778' title='bbox 3046 4973 3293 5046; x_wconf 90' lang='lat' dir='ltr'>placent,</span> <span class='ocrx_word' id='word_1_779' title='bbox 3326 4981 3379 5026; x_wconf 89' lang='lat' dir='ltr'>et</span> <span class='ocrx_word' id='word_1_780' title='bbox 3428 4968 3571 5024; x_wconf 89' lang='lat' dir='ltr'>nihil</span> 
     </span>
    </p>
   </div>
   <div class='ocr_carea' id='block_1_110' title="bbox 1927 5062 3572 5137">
    <p class='ocr_par' dir='ltr' id='par_1_110' title="bbox 1927 5062 3572 5137">
     <span class='ocr_line' id='line_1_110' title="bbox 1927 5062 3572 5137; baseline -0.007 -15"><span class='ocrx_word' id='word_1_781' title='bbox 1927 5068 1988 5123; x_wconf 89' lang='lat' dir='ltr'>in</span> <span class='ocrx_word' id='word_1_782' title='bbox 2020 5068 2103 5124; x_wconf 89' lang='lat' dir='ltr'>eis</span> <span class='ocrx_word' id='word_1_783' title='bbox 2133 5067 2412 5131; x_wconf 87' lang='lat' dir='ltr'>fucalum,</span> <span class='ocrx_word' id='word_1_784' title='bbox 2472 5063 2620 5120; x_wconf 90' lang='lat' dir='ltr'>nihil</span> <span class='ocrx_word' id='word_1_785' title='bbox 2676 5079 2778 5137; x_wconf 90' lang='lat' dir='ltr'>per</span> <span class='ocrx_word' id='word_1_786' title='bbox 2827 5062 3260 5118; x_wconf 88' lang='lat' dir='ltr'>simulationem</span> <span class='ocrx_word' id='word_1_787' title='bbox 3320 5062 3572 5131; x_wconf 89' lang='lat' dir='ltr'>gestum,</span> 
     </span>
    </p>
   </div>
   <div class='ocr_carea' id='block_1_111' title="bbox 1928 5146 3577 5229">
    <p class='ocr_par' dir='ltr' id='par_1_111' title="bbox 1928 5146 3577 5229">
     <span class='ocr_line' id='line_1_111' title="bbox 1928 5146 3577 5229; baseline -0.009 -15"><span class='ocrx_word' id='word_1_788' title='bbox 1928 5161 2028 5214; x_wconf 89' lang='lat' dir='ltr'>aut</span> <span class='ocrx_word' id='word_1_789' title='bbox 2058 5171 2159 5229; x_wconf 90' lang='lat' dir='ltr'>per</span> <span class='ocrx_word' id='word_1_790' title='bbox 2183 5155 2531 5227; x_wconf 81' lang='lat' dir='ltr'>hypocrisim</span> <span class='ocrx_word' id='word_1_791' title='bbox 2589 5152 3091 5225; x_wconf 87' lang='lat' dir='ltr'>deprehenditur;</span> <span class='ocrx_word' id='word_1_792' title='bbox 3151 5164 3275 5219; x_wconf 65' lang='lat' dir='ltr'>qua:</span> <span class='ocrx_word' id='word_1_793' title='bbox 3340 5146 3577 5218; x_wconf 90' lang='lat' dir='ltr'>quidem</span> 
     </span>
    </p>
   </div>
   <div class='ocr_carea' id='block_1_112' title="bbox 1929 5235 3578 5318">
    <p class='ocr_par' dir='ltr' id='par_1_112' title="bbox 1929 5235 3578 5318">
     <span class='ocr_line' id='line_1_112' title="bbox 1929 5235 3578 5318; baseline -0.008 -16"><span class='ocrx_word' id='word_1_794' title='bbox 1929 5244 2274 5318; x_wconf 87' lang='lat' dir='ltr'>simplicitas</span> <span class='ocrx_word' id='word_1_795' title='bbox 2304 5248 2361 5299; x_wconf 91' lang='lat' dir='ltr'>et</span> <span class='ocrx_word' id='word_1_796' title='bbox 2394 5242 2627 5298; x_wconf 90' lang='lat' dir='ltr'>candidi</span> <span class='ocrx_word' id='word_1_797' title='bbox 2660 5240 2907 5313; x_wconf 89' lang='lat' dir='ltr'>pectoris</span> <span class='ocrx_word' id='word_1_798' title='bbox 2947 5240 3126 5294; x_wconf 90' lang='lat' dir='ltr'>decus</span> <span class='ocrx_word' id='word_1_799' title='bbox 3156 5237 3216 5290; x_wconf 92' lang='lat' dir='ltr'>in</span> <span class='ocrx_word' id='word_1_800' title='bbox 3247 5235 3395 5307; x_wconf 89' lang='lat' dir='ltr'>ipsis</span> <span class='ocrx_word' id='word_1_801' title='bbox 3434 5250 3578 5307; x_wconf 91' lang='lat' dir='ltr'>quo-</span> 
     </span>
    </p>
   </div>
   <div class='ocr_carea' id='block_1_113' title="bbox 1930 5325 3580 5407">
    <p class='ocr_par' dir='ltr' id='par_1_113' title="bbox 1930 5325 3580 5407">
     <span class='ocr_line' id='line_1_113' title="bbox 1930 5325 3580 5407; baseline -0.007 -16"><span class='ocrx_word' id='word_1_802' title='bbox 1930 5351 2045 5407; x_wconf 93' lang='lat' dir='ltr'>que</span> <span class='ocrx_word' id='word_1_803' title='bbox 2074 5335 2371 5405; x_wconf 85' lang='lat' dir='ltr'>Perpetuae</span> <span class='ocrx_word' id='word_1_804' title='bbox 2422 5330 2613 5387; x_wconf 84' lang='lat' dir='ltr'>verbis</span> <span class='ocrx_word' id='word_1_805' title='bbox 2670 5334 2728 5384; x_wconf 91' lang='lat' dir='ltr'>et</span> <span class='ocrx_word' id='word_1_806' title='bbox 2772 5326 3071 5383; x_wconf 91' lang='lat' dir='ltr'>scribendi</span> <span class='ocrx_word' id='word_1_807' title='bbox 3114 5325 3447 5381; x_wconf 89' lang='lat' dir='ltr'>charactere</span> <span class='ocrx_word' id='word_1_808' title='bbox 3493 5340 3580 5380; x_wconf 91' lang='lat' dir='ltr'>re-</span> 
     </span>
    </p>
   </div>
   <div class='ocr_carea' id='block_1_114' title="bbox 1931 5414 3585 5498">
    <p class='ocr_par' dir='ltr' id='par_1_114' title="bbox 1931 5414 3585 5498">
     <span class='ocr_line' id='line_1_114' title="bbox 1931 5414 3585 5498; baseline -0.007 -17"><span class='ocrx_word' id='word_1_809' title='bbox 1931 5424 2263 5498; x_wconf 88' lang='lat' dir='ltr'>splendent,</span> <span class='ocrx_word' id='word_1_810' title='bbox 2297 5438 2412 5493; x_wconf 88' lang='lat' dir='ltr'>quo</span> <span class='ocrx_word' id='word_1_811' title='bbox 2438 5436 2595 5489; x_wconf 90' lang='lat' dir='ltr'>suos,</span> <span class='ocrx_word' id='word_1_812' title='bbox 2631 5422 2696 5473; x_wconf 94' lang='lat' dir='ltr'>ut</span> <span class='ocrx_word' id='word_1_813' title='bbox 2724 5432 2907 5490; x_wconf 92' lang='lat' dir='ltr'>supra</span> <span class='ocrx_word' id='word_1_814' title='bbox 2931 5418 3017 5472; x_wconf 85' lang='lat' dir='ltr'>est</span> <span class='ocrx_word' id='word_1_815' title='bbox 3047 5415 3446 5484; x_wconf 84' lang='lat' dir='ltr'>observatum,</span> <span class='ocrx_word' id='word_1_816' title='bbox 3480 5414 3585 5470; x_wconf 90' lang='lat' dir='ltr'>hu-</span> 
     </span>
    </p>
   </div>
  </div>
