4064 6154
426 326 533 387 M7

1549 327 2064 392 DISSERTATIO
2107 329 2648 393 APOLOGETICA

3711 324 3828 385 148

427 475 632 516 mauos
658 457 900 516 affectus
929 476 1045 516 non
1077 458 1426 529 dissimulat,
1461 477 1519 518 se
1543 479 1725 534 supra
1754 462 1896 519 alios
1949 479 2064 518 non
2096 466 2147 532 Α
2179 463 2593 519 communibus
2611 461 2764 518 votis
2795 461 3135 529 orarunt,ut
3161 457 3544 515 immaturum
3565 461 3824 532 partum,

423 549 604 616 effert,
631 565 722 603 res
753 566 891 605 suas
925 549 1166 604 minime
1197 554 1526 622 exaggerat,
1561 552 1630 606 ad
1668 557 1845 607 Deum
1874 552 2076 607 omnia

424 638 622 705 refert,
656 637 714 691 in
749 638 880 704 fide,
912 637 970 692 in
1003 653 1104 708 spe
1141 638 1344 693 divina;
1375 639 1810 710 misericordiae,
1847 640 1904 694 in
1939 641 2070 694 sinu

428 726 803 782 Providentiae
833 731 889 781 et
930 726 1324 798 placidissime
1373 729 1755 800 conquiescit,
1789 736 1844 784 et
1901 745 2074 784 casus

427 831 630 871 omnes
659 814 998 880 contemnit,
1031 819 1086 870 et
1116 816 1261 870 nihil
1287 817 1473 885 timet,
1523 821 1578 873 et
1629 818 1825 872 omnia
1863 822 2071 889 sperat,

427 907 485 957 et
519 901 663 956 nihil
695 919 808 957 non
827 904 1022 959 audet.
1049 904 1114 957 Hi
1141 906 1393 976 profecto
1413 905 1693 961 virtutum
1725 906 1896 962 flores
1926 906 2076 962 inter

428 991 713 1046 hreresum
740 992 973 1047 dumeta
987 1009 1097 1048 non
1115 993 1474 1064 germinant:
1507 994 1616 1050 hos
1633 995 1854 1051 fructus
1877 995 2075 1050 arbor-

432 1078 582 1133 mala
614 1095 724 1133 non
757 1079 910 1134 facit.
947 1081 1137 1136 Potest
1167 1082 1392 1149 quidem
1428 1082 1571 1150 fieri,
1606 1086 1668 1136 ut
1719 1087 1776 1138 et
1823 1100 2074 1154 nequam

431 1167 672 1238 Spiritus
748 1169 1087 1224 exteriorem
1140 1171 1450 1240 quamdam
1531 1173 1682 1227 142
1751 1171 2076 1228 sanctitatis

433 1257 696 1311 umbram
733 1257 978 1328 affectat,
1013 1261 1076 1312 ut
1106 1257 1211 1312 hos
1242 1257 1448 1330 gestiat
1474 1259 1699 1315 virtutis
1747 1266 1913 1316 actus
1945 1260 2075 1315 imi-

431 1345 543 1399 tari
576 1361 589 1411 ;
621 1345 722 1399 sed
753 1361 880 1401 esse
904 1363 1019 1400 non
1045 1351 1230 1417 potest
1257 1351 1318 1401 ut
1337 1347 1666 1404 absolutam
1686 1349 2079 1420 undequaque

433 1437 490 1488 et
521 1433 678 1488 omni
709 1450 773 1489 ex
808 1439 966 1506 parte
997 1435 1282 1491 sinceram
1313 1436 1655 1492 Christianae
1708 1438 2079 1508 perfectionis

438 1522 748 1594 imaginem
784 1529 1190 1595 repraesentet;
1223 1542 1335 1580 non
1369 1526 1511 1581 adeo
1525 1526 1635 1581 sibi
1666 1543 1863 1582 cavere
1895 1530 2081 1596 potest

436 1610 778 1682 hypocrisis,
810 1618 877 1666 ut
909 1627 1021 1667 non
1055 1612 1282 1684 aliquid
1308 1612 1534 1669 excidat
1569 1631 1682 1686 quo
1731 1632 1790 1670 se
1825 1616 2031 1687 prodat
2059 1633 2080 1671 :

437 1698 597 1754 falsis
627 1700 780 1755 enim
813 1701 1128 1757 virtutibus
1167 1701 1390 1773 aliquid
1438 1703 1555 1758 vitii
1608 1702 1777 1759 facile
1818 1702 2080 1759 intermi-

439 1791 652 1856 scetur,
684 1793 739 1844 ct
769 1789 1012 1860 spiritus
1044 1789 1141 1844 ille
1164 1791 1450 1862 superbiae
1482 1796 1608 1846 tum
1628 1791 1881 1848 maxime
1903 1808 2080 1864 agno-

437 1874 640 1941 scitur,
672 1893 805 1932 cum
844 1877 1025 1932 animi
1073 1878 1482 1934 demissionem
1525 1879 1784 1948 simulat,
1837 1887 1890 1936 et
1925 1897 1986 1936 se
2016 1881 2081 1936 in

438 1966 784 2019 exteriorem
821 1967 1139 2036 quamdam
1155 1967 1446 2024 modestia
1463 1969 1716 2040 speciem
1760 1970 2082 2042 componit.

439 2051 551 2108 Sed
583 2053 723 2123 quid
757 2052 928 2108 habet
975 2055 1318 2126 Basnagius,
1368 2056 1430 2111 in
1482 2057 1574 2112 his
1621 2074 1745 2128 quae
1781 2057 1851 2113 ad
1897 2074 2086 2114 mores

434 2140 746 2211 pertinent,
810 2142 956 2212 quod
998 2142 1057 2196 in
1103 2143 1386 2216 Perpetua
1423 2146 1664 2216 ejusque
1705 2146 1879 2203 sociis
1922 2162 2087 2219 repre

431 2227 649 2284 hendat
670 2229 697 2284 ?
725 2229 878 2284 Nihil
909 2231 1184 2299 omnino;
1217 2236 1272 2287 et
1297 2232 1591 2303 jafﬁrmari
1635 2235 1839 2307 utique
1897 2239 2088 2307 potest

433 2317 614 2388 quod,
645 2316 814 2372 siculi
863 2317 1024 2374 nulla
1076 2323 1166 2375 est
1217 2320 1559 2394 evangelicae
1603 2323 1929 2395 disciplinae
1979 2323 2089 2379 hac

437 2404 688 2460 similior
717 2406 926 2476 imago,
952 2407 1032 2463 ita
1064 2407 1222 2464 nulla
1266 2410 1340 2465 ab
1393 2410 1665 2466 haeretica
1724 2413 2091 2470 institutione

443 2493 632 2564 magis
684 2493 931 2550 abludit.
994 2495 1276 2567 Perpetua
1351 2503 1409 2554 et
1467 2499 1785 2556 Maximilla
1844 2499 2088 2557 invicem

450 2582 824 2638 conferantur
846 2601 858 2651 ;
883 2587 1002 2639 tam
1026 2585 1439 2659 discrepabunt
1455 2604 1655 2644 earum
1671 2605 1884 2658 mores,
1915 2606 2090 2662 quam

447 2687 482 2726 a
509 2670 726 2726 virtute
757 2671 983 2740 vitium,
1017 2691 1052 2730 a
1098 2674 1224 2730 luce
1256 2677 1506 2732 tenebrae
1559 2677 1756 2749 amplo
1804 2679 2093 2734 discrimi-

449 2775 520 2814 ne
568 2763 932 2831 separantur.
973 2762 1121 2818 Fieri
1170 2779 1306 2836 ergo
1356 2781 1470 2820 non
1522 2770 1731 2837 potest,
1766 2771 1828 2821 ut
1889 2767 2090 2822 eodem

447 2846 666 2904 furoris
698 2853 755 2904 et
813 2850 1052 2906 insaniae
1085 2851 1296 2924 spiritu
1338 2858 1667 2926 agerentur.
1724 2857 1870 2911 Sanc
1892 2856 1939 2910 si
1967 2860 2089 2911 tam

446 2935 672 2992 illustre
716 2940 1054 3012 martyrium
1093 2944 1178 2996 tot
1230 2941 1515 2998 virtutum
1583 2945 1838 3015 parergis
1862 2945 2093 3000 decora-

444 3028 597 3091 tum,
640 3025 794 3082 inter
867 3027 1166 3085 haereticos
1212 3031 1536 3100 perfectum
1589 3038 1677 3087 est
1737 3037 1839 3088 aut
1892 3034 2090 3106 perfici

447 3117 658 3185 potest,
691 3113 777 3170 vel
801 3117 946 3186 perit
968 3117 1228 3185 omnino,
1261 3123 1363 3174 aut
1393 3120 1711 3175 admodum
1734 3120 2086 3193 infirmatur,

447 3200 788 3258 Christianae
819 3204 1115 3277 religionis
1157 3213 1597 3279 argumentum,
1652 3211 1806 3280 quod
1841 3215 1898 3264 et
1949 3189 2089 3266 sane
2121 3189 2164 3257 Ο

451 3290 931 3347 efficacissimum
967 3310 1034 3348 ex
1065 3296 1384 3351 constantia
1416 3302 1473 3351 et
1512 3297 1722 3353 virtute
1771 3303 2092 3370 martyrum

450 3378 856 3451 proﬁciscitur.
891 3381 1015 3437 Non
1038 3382 1194 3437 enim
1226 3383 1691 3441 Christianorum
1754 3386 2094 3459 martyrium

451 3467 593 3523 adeo
625 3471 998 3525 commendat
1027 3487 1182 3526 mors
1208 3489 1307 3542 pro
1354 3473 1466 3528 fide
1497 3479 1789 3546 suscepta,
1833 3492 1966 3532 cum
1999 3477 2096 3531 alii

457 3555 659 3611 multis
689 3573 758 3612 ex
787 3558 1062 3615 omnibus
1098 3561 1275 3616 sectis
1304 3578 1408 3633 p10
1431 3562 1554 3619 suis
1577 3565 2098 3637 superstitionibus

453 3643 608 3699 ultro
656 3662 716 3700 se
764 3647 886 3702 neci
931 3648 1276 3705 tradiderint
1306 3667 1476 3723 quam
1536 3657 1872 3710 cmterarum
1923 3655 2099 3711 virtu-

453 3735 580 3787 tum
614 3739 927 3804 apparatus
949 3753 1063 3807 quo
1086 3754 1260 3793 suum
1321 3756 1559 3810 agonem
1592 3741 1858 3798 catholici
1881 3749 2099 3816 marty-

453 3821 532 3875 ris
567 3821 954 3880 decorarunt:
991 3826 1135 3881 fides
1167 3827 1406 3898 scilicet,
1440 3846 1595 3900 spes,
1627 3830 1900 3900 charitas,
1961 3833 2100 3888 reli-

451 3908 568 3980 εἰει,
601 3910 809 3981 pietas,
869 3915 1172 3986 modestia,
1220 3917 1431 3973 excelsi
1490 3918 1670 3974 animi
1721 3921 1895 3976 robur
1949 3920 2098 3976 invi-

453 4002 631 4065 ctum,
667 4016 792 4071 quae
825 4001 1040 4058 mirum
1092 4005 1152 4060 in
1213 4007 1475 4074 modum,
1508 4011 1572 4062 ut
1600 4010 1985 4079 ostendimus,
2037 4011 2096 4066 in

451 4086 734 4158 Perpetua
792 4090 1078 4162 sociisque
1110 4095 1462 4167 martyribus
1494 4096 1864 4154 refulserunt.

527 4176 622 4232 IV.
655 4177 764 4232 Sed
798 4183 862 4234 ut
891 4179 1037 4236 nihil
1086 4199 1288 4239 eorum
1325 4183 1634 4258 negligam,
1684 4191 1785 4241 aut
1839 4186 1963 4244 sine
2011 4207 2098 4246 re-

451 4264 733 4322 futatione
787 4268 1105 4338 dimittam,
1187 4288 1255 4328 ex
1305 4273 1519 4343 quibus
1571 4291 1838 4331 morosus
1889 4276 2098 4350 aliquis

452 4353 771 4422 cavillator,
802 4356 889 4412 vel
923 4358 1228 4430 impudens
1268 4361 1624 4432 sycophanta
1674 4365 1893 4421 sanctis
1945 4383 2095 4424 mar-

450 4441 672 4513 tyribus
702 4446 954 4501 conflare
1004 4456 1198 4518 posset
1231 4448 1513 4505 invidiam
1547 4468 1560 4521 ;
1601 4452 1717 4508 duo
1748 4452 1805 4508 in
1856 4470 2096 4513 examen

2182 552 2498 608 «instante
2543 553 2667 622 jam
2727 549 3042 623 spectaculi
3087 549 3200 617 die,
3235 571 3264 599 »
3297 548 3565 605 Felicitas
3607 549 3828 619 ederet,

2182 656 2320 695 «ne
2352 644 2586 712 propter
2613 644 2874 696 ventrem
2943 639 3264 704 differetur,
3315 637 3452 710 quia
3517 654 3632 692 non
3689 635 3829 694 licet

2182 731 2550 799 praegnantes
2564 744 2744 799 paena
2775 725 3178 799 repraesentari
3201 743 3214 794 ;
3243 747 3271 775 ››
3293 730 3420 781 tum
3436 725 3674 797 gravius
3695 741 3828 797 cap.

2180 832 2258 882 vx,
2294 815 2324 888 §
2354 815 2484 883 ult.,
2517 816 2616 871 ubi
2651 817 2930 887 Perpetua
2961 816 3120 870 necis
3145 815 3540 869 instrumenta
3563 815 3634 868 ad
3665 829 3830 868 acce-

2184 905 2493 960 lerandum
2527 905 2871 976 martyrium
2921 904 3049 975 ipsa
3096 904 3220 960 suis
3276 903 3550 958 manibus
3608 902 3833 974 aptavit

2187 1016 2213 1043 ‹‹
2245 993 2529 1064 Perpetua
2551 996 2770 1058 autem,
2802 995 2866 1046 ut
2897 991 3112 1062 aliquid
3146 991 3362 1046 doloris
3400 994 3680 1062 gustaret,
3742 992 3832 1045 in-

2186 1088 2270 1136 ter
2335 1085 2527 1136 costas
2592 1084 2812 1152 puncta
2868 1080 3141 1151 exulavit,
3181 1084 3238 1136 et
3283 1084 3576 1135 errantem
3632 1079 3830 1134 dexte-

2187 1186 2306 1226 ram
2341 1169 2616 1224 tirunculi
2644 1169 2982 1240 gladiatoris
3011 1169 3139 1240 ipsa
3195 1168 3253 1222 in
3305 1167 3583 1240 jugulum
3651 1184 3833 1223 suum

2187 1260 2464 1331 posuit.»
2507 1257 2637 1313 Haec
2685 1258 2743 1312 in
2793 1262 3079 1330 Perpetua
3133 1256 3421 1328 sociisque
3475 1256 3837 1327 martyribus

2189 1347 2534 1419 reprehendi
2572 1363 2765 1418 posse,
2835 1363 3006 1401 nemo
3062 1345 3374 1400 mirabitur
3431 1344 3532 1415 qui
3564 1345 3835 1400 animum

2189 1437 2498 1493 adverterit
2526 1437 2597 1492 ad
2631 1453 2717 1504 ea,
2751 1451 2881 1506 quae
2911 1435 2983 1490 ob
3015 1433 3267 1490 similem
3305 1433 3544 1489 omnino
3593 1449 3838 1489 causam

2190 1525 2248 1580 in
2282 1530 2592 1598 martyrem
2625 1524 2918 1596 Ignatium
2955 1522 3202 1579 Dallaaus
3232 1522 3455 1578 effudit.
3483 1522 3641 1585 Quod
3675 1522 3840 1577 enim

2191 1614 2824 1685 sanctissimusmartyr
2844 1613 3136 1668 Romanos
3159 1628 3262 1683 per
3282 1611 3504 1666 litteras
3518 1611 3839 1678 monuerit,

2192 1719 2262 1758 ne
2292 1707 2556 1774 optatum
2591 1701 2936 1774 martyrium
2971 1701 3096 1756 suis
3129 1700 3198 1755 ad
3225 1700 3408 1755 Deum
3434 1699 3706 1771 precibus
3736 1703 3845 1755 aut

2191 1791 2399 1847 officiis
2429 1791 2816 1861 retardarent,
2839 1794 2896 1845 et
2913 1789 3133 1845 bestias
3154 1788 3329 1844 etiam
3362 1792 3755 1861 repugnantes
3775 1805 3842 1845 se

2194 1881 2250 1935 in
2267 1896 2439 1934 suum
2456 1879 2757 1934 interitum
2775 1879 3120 1933 adacturum
3138 1893 3268 1933 esse
3280 1875 3843 1948 significaverit,vio-

2194 1967 2323 2024 lata;
2354 1985 2387 2023 a
2416 1966 2624 2024 Dallteo
2654 1967 2890 2039 pietatis
2919 1969 2975 2021 et
3004 1965 3302 2021 modestia
3333 1981 3468 2021 reus
3499 1964 3843 2038 agitur.Sed

2195 2062 2260 2113 ut
2290 2057 2502 2114 melius
2532 2055 2916 2128 intelligatur,
2948 2070 3122 2127 quam
3143 2055 3290 2109 bene
3338 2053 3449 2109 sibi
3497 2053 3742 2109 invicem
3775 2053 3844 2108 in

2195 2146 2487 2216 ejusmodi
2516 2145 2668 2201 votis
2714 2143 2976 2216 lgnatius
3018 2147 3075 2198 et
3132 2146 3418 2214 Perpetua
3465 2142 3618 2197 148
3670 2141 3849 2196 socii-

2197 2251 2310 2306 que
2359 2237 2642 2307 martyres
2695 2231 3025 2300 concinant,
3072 2231 3198 2303 ipsa
3259 2230 3354 2286 hic
3407 2230 3617 2304 lgnatii
3661 2230 3850 2285 verba

2197 2324 2509 2395 subjiciam
2538 2322 2692 2395 (53):
2728 2345 2755 2372 «
2791 2321 3044 2377 Obsecro
3098 2337 3223 2386 vos,
3257 2336 3330 2375 ne
3363 2319 3848 2391 intempestivam

2199 2413 2341 2468 mihi
2398 2409 2863 2468 benevolentiam
2923 2408 3266 2464 exhibeatis.
3317 2407 3502 2464 Sinite
3551 2424 3644 2462 me
3691 2407 3849 2463 fera-

2201 2518 2328 2556 rum
2364 2500 2559 2555 cibum
2591 2515 2740 2567 esse,
2790 2514 2894 2570 per
2938 2513 3087 2569 quas
3133 2496 3313 2552 Deum
3361 2496 3638 2567 consequi
3683 2495 3847 2566 licet,

2203 2591 2585 2647 Frumentum
2620 2603 2750 2642 sum
2792 2586 2918 2655 Dei,
2951 2579 3009 2640 et
3037 2602 3140 2657 per
3170 2586 3422 2640 ferarum
3467 2585 3668 2640 dentes
3712 2601 3849 2640 mo-

2200 2679 2306 2748 lor,
2351 2682 2414 2732 ut
2444 2693 2627 2749 purus
2658 2675 2827 2746 panis
2857 2673 3070 2729 Christi
3099 2672 3380 2729 inveniar.
3433 2671 3592 2729 Feris
3639 2672 3848 2745 potius

2201 2765 2571 2830 blandimini,
2606 2768 2668 2819 ut
2702 2763 2844 2818 mihi
2877 2763 3211 2835 sepulcrum
3245 2762 3405 2833 ﬁant,
3440 2761 3702 2834 nihilque
3723 2762 3850 2818 mei

2201 2854 2460 2926 corporis
2521 2853 2870 2924 relinquant,
2923 2869 2995 2906 ne
3069 2855 3380 2924 postquam
3448 2850 3850 2917 obdormiero,

2201 2944 2393 3017 gravis
2424 2943 2594 2999 alicui
2627 2943 2786 2998 fiam.
2831 2984 2845 2996 .
2893 2985 2906 2997 .
2953 2983 2966 2996 .
3012 2982 3026 2996 .
3069 2983 3081 2995 .
3124 2941 3353 2996 Christe
3374 2956 3477 3012 pro
3495 2956 3589 2994 me
3611 2940 3850 3012 suppli-

2201 3037 2344 3099 cate,
2379 3036 2444 3087 ut
2492 3048 2593 3104 per
2638 3031 2760 3086 haec
2817 3031 3210 3085 instrumenta
3253 3028 3444 3083 hostia
3494 3028 3784 3083 inveniar.
3818 3049 3849 3078 η

2203 3121 2364 3186 Quod
2389 3137 2492 3193 pro
2533 3137 2594 3175 se
2636 3119 2758 3175 fieri
2807 3136 2840 3174 a
2895 3118 3176 3173 Romanis
3207 3118 3444 3190 optabat
3474 3116 3763 3188 Ignatius,
3795 3117 3862 3172 id

2205 3210 2380 3266 officii
2411 3225 2548 3281 erga
2578 3207 2934 3265 Felicitatem
2983 3207 3165 3262 nostri
3215 3210 3499 3278 martyres
3558 3207 3863 3278 praestite-

2206 3304 2361 3355 runt.
2395 3298 2639 3354 Volebat
2667 3296 2762 3352 ille
2794 3313 2828 3351 ε,
2857 3296 3136 3352 Romanis
3167 3296 3508 3367 conjunctae
3552 3295 3624 3349 ad
3665 3294 3865 3351 Deum

2206 3405 2406 3462 preces
2437 3387 2678 3453 effundi,
2703 3402 2820 3458 quo
2854 3385 3172 3441 bestiarum
3206 3383 3480 3440 dentibus
3511 3382 3863 3456 molaretur,

2207 3483 2264 3534 et
2286 3493 2386 3549 per
2415 3476 2536 3531 haec
2565 3475 2961 3530 instrumenta
2993 3473 3206 3528 Christi
3262 3472 3590 3529 efficeretur
3617 3472 3824 3528 hostia
3850 3491 3867 3542 ;

2207 3551 2266 3622 id
2305 3581 2438 3621 vero
2464 3563 2780 3620 Felicitatis
2813 3563 2987 3618 sociis
3017 3563 3076 3617 in
3108 3562 3256 3619 votis
3281 3566 3424 3630 erat,
3458 3567 3515 3618 et
3553 3565 3618 3617 ut
3650 3561 3868 3618 foetum

2206 3655 2523 3711 immaturo
2554 3659 2814 3725 tempore
2845 3651 3154 3723 emitteret,
3183 3650 3330 3707 fusis
3361 3652 3434 3706 ad
3485 3651 3670 3707 Deum
3722 3667 3872 3722 pre-

2208 3745 2374 3800 cibus
2405 3743 2804 3816 postulabant,
2837 3758 2908 3797 ne
2941 3741 3285 3814 martyrium
3327 3741 3456 3811 ejus
3500 3739 3868 3811 differretur,

2208 3835 2308 3890 sed
2336 3851 2452 3889 una
2481 3849 2616 3888 cum
2644 3831 2774 3887 aliis
2805 3831 3010 3886 bestiis
3041 3830 3410 3901 olojiceretur.
3443 3829 3637 3900 Pergit
3683 3830 3871 3901 Igna-

2206 3923 2326 3978 tius
2345 3926 2401 3977 et
2421 3939 2535 3978 non
2553 3920 2743 3976 solum
2757 3919 2968 3975 ardens
2993 3918 3254 3989 martyrii
3288 3916 3644 3973 desiderium
3663 3920 3871 3973 osten-

2207 4011 2312 4081 dit,
2368 4011 2467 4066 sed
2500 4009 2738 4075 bestias,
2776 4008 2991 4064 invitas
3038 4007 3212 4063 etiam
3245 4010 3302 4063 et
3345 4012 3761 4078 repugnantes,
3797 4022 3870 4063 se

2209 4101 2290 4155 ait
2346 4100 2418 4156 ad
2499 4115 2669 4155 suam
2715 4097 2904 4169 ipsius
2957 4112 3156 4152 necem
3206 4099 3652 4167 provocaturum
3695 4095 3866 4166 (54):

2209 4214 2236 4241 ‹‹
2262 4189 2495 4246 Utinam
2528 4188 2689 4243 fruar
2709 4186 2912 4243 bestiis
2943 4185 3088 4241 mihi
3111 4184 3633 4258 przeparatis,quas
3646 4187 3705 4240 et
3719 4188 3871 4258 opto

2209 4277 2356 4334 mihi
2413 4279 2686 4350 prompta
2743 4275 3010 4345 inveniri,
3069 4274 3286 4345 quibus
3344 4279 3403 4330 et
3459 4272 3753 4344 blandiar,
3791 4279 3870 4331 ut

2207 4368 2322 4423 cito
2355 4383 2449 4422 me
2478 4366 2777 4433 devorent,
2809 4381 2924 4420 non
2957 4367 3019 4418 ut
3047 4364 3336 4435 quosdam
3365 4363 3559 4419 veritas
3601 4379 3722 4418 non
3772 4366 3871 4419 te-

2207 4457 2482 4528 tigerunt.
2541 4454 2601 4510 Si
2662 4457 2855 4510 autem
2899 4453 3008 4508 illae
3081 4455 3478 4524 repugnantes
3536 4450 3872 4523 noluerint,

449 4530 735 4618 adducam
797 4536 1072 4590 Actorum
1125 4537 1250 4593 loca
1299 4537 1355 4592 in
1408 4538 1621 4610 quibus
1675 4547 1894 4598 natura:
1945 4543 2099 4614 leges
2129 4553 2174 4618 ι)
2205 4563 2309 4617 ego
2339 4544 2394 4598 vi
2425 4542 2743 4615 impellam.
2777 4540 2980 4598 «Nihil
3014 4541 3270 4596 refertad
3295 4539 3634 4612 gladiatoris
3663 4540 3877 4597 dexte~

452 4616 656 4672 violari
686 4620 975 4690 videntur,
1011 4624 1220 4696 quibus
1251 4642 1416 4681 suam
1469 4631 1877 4704 unusquisque
1919 4632 2096 4687 vitam

454 4719 795 4764 conservare
843 4711 1106 4781 jubetur,
1168 4718 1223 4770 et
1279 4720 1526 4772 mortem
1560 4734 1694 4774 cum
1743 4721 1930 4789 nobis,
1973 4725 2099 4776 tum

453 4792 582 4849 aliis
612 4800 809 4866 optare
835 4806 933 4854 aut
964 4801 1108 4858 alios
1133 4803 1190 4858 in
1239 4803 1536 4862 interitum
1582 4813 1844 4864 nostrum
1895 4827 2100 4882 urgere

453 4883 850 4953 prohibemur.
888 4889 947 4944 In
981 4891 1082 4946 has
1114 4896 1308 4948 autem
1342 4899 1558 4950 natura;
1613 4896 1769 4968 leges
1816 4903 2100 4971 martyres

451 4973 632 5028 nostri
691 4992 963 5046 peccasse
1019 4980 1314 5053 videntur,
1363 4987 1487 5039 tum
1547 5000 1676 5056 cap.
1730 4987 1836 5059 v,§
1887 4995 1936 5055 ‘2,
1997 4988 2096 5043 ubi

520 5133 1185 5220 (53)Vnap'ax1).diA6gsiq,
1247 5143 1322 5220 ιέὴ
1374 5139 1554 5220 εῧῗοιᾳ
1601 5143 1820 5220 ἄδεαιρος
1871 5144 2098 5220 γένησθὲ

455 5221 579 5288 Em;
619 5207 791 5288 ⁸ὁὶφεΐὲ
854 5230 918 5280 με
976 5207 1180 5288 (inpium
1235 5207 1367 5267 ἐῖνὰι
1430 5213 1617 5288 βορᾷνι
1651 5207 1738 5268 δι”
1775 5218 1848 5288 ὧν
1885 5207 2094 5273 ’ἔνεξῖτιν

452 5278 583 5361 9,305
616 5274 911 5361 iii-513123.
949 5274 1106 5361 ξῖτός
1138 5283 1247 5353 ε”μι
1281 5274 1440 5352 Θεοῦξ
1467 5274 1555 5338 κ’πιὶ
1594 5283 1664 5339 δι’
1714 5283 1945 5344 ὀδόντων
1995 5291 2093 5361 θη-

452 5344 579 5428 ρ’ωξ
637 5344 1039 5431 ἆλξὲξὸμπι,⁹ςνα
1089 5344 1321 5423 ὲαοᾶρὸς
1372 5344 1530 5427 ipso:
1579 5357 1780 5431 εὑρεθῶ
1810 5365 1906 5415 τοῦ
1965 5344 2095 5431 Χρῖ-

450 5414 596 5504 άςῦῦ·
635 5414 861 5508 μᾶλλὸνε
893 5414 1253 5510 ἡολξβςῦσατὲ
1299 5426 1365 5510 ’ξᾶ
1405 5414 1596 5500 ’θηρίομ
1641 5414 1740 5482 ,ἵνά
1793 5414 1894 5502 {tot
1923 5414 2093 5510 τάᾀος

451 5489 734 5576 χὲνωνῖαι,
775 5493 863 5544 καὶ
916 5489 1616 5576 μηδὲνλκα-ςαλίπωσῖτοῧ
1662 5489 1914 5574 σώμξπός
1965 5489 2091 5576 plot»;

437 5556 536 5610 'ivz
588 5561 686 5644 p.11,
737 5565 1060 5644 κριμιηῐξείς,Δ
1101 5567 1267 5644 βαρρς
1315 5589 1449 5644 τινιμ
1469 5556 1777 5644 γένῳμαμῘ.
1833 5556 2093 5630 Αιταζεῦί

449 5646 572 5680 σατε
619 5630 708 5684 τὸν
762 5630 988 5706 Χρισῖτὸν
1034 5630 1181 5712 ’ὑτξὲέ
1221 5638 1377 5714 ἐμοῦ,
1424 5630 1516 5695 ’ίνᾶ
1568 5630 1654 5699 δίᾶ
1698 5648 1801 5699 τῶν
1846 5645 2090 5721 ὀργάνων

2212 4649 2336 4688 ram
2365 4632 2423 4688 in
2457 4648 2631 4687 suum
2663 4630 2974 4702 quisquam
2999 4629 3278 4702 jugulum
3311 4633 3507 4700 ponat,
3528 4628 3684 4701 quod
3716 4629 3878 4685 Per-

2207 4727 2384 4796 petua
2416 4721 2568 4788 fecit,
2628 4737 2700 4776 an
2751 4721 2902 4776 feras
2932 4721 3005 4775 ad
3037 4736 3099 4775 se
3127 4719 3526 4775 devorandum
3565 4717 3874 4789 impellat,

2209 4811 2364 4882 quod
2397 4827 2459 4866 se
2488 4813 2778 4866 facturum
2809 4807 3399 4879 scribebatlgnatius,
3425 4806 3590 4862 Unde
3619 4810 3876 4863 utrum-

2209 4916 2343 4971 que,
2376 4903 2477 4954 aut
2506 4898 2712 4953 iisdem
2731 4895 3285 4967 reprehensionibus
3309 4898 3483 4966 patet,
3509 4897 3610 4949 aut
3640 4895 3877 4950 iisdem

2208 4992 2300 5044 est
2326 4986 2603 5043 laudibus
2636 4985 3131 5059 prosequendum.
3166 4983 3403 5039 Interim
3430 4988 3623 5038 autem
3647 4998 3880 5053 quem-

2204 5143 2415 5219 fcodrwv
2447 5143 2599 5219 θυᾳία
2629 5142 2852 5219 εὑρεθῶ.
2888 5144 2970 5199 Ex
3009 5142 3181 5216 epist.
3215 5143 3285 5199 ad
3337 5141 3503 5198 Rom.
3539 5157 3632 5215 ap.
3679 5141 3884 5200 Ruin.

2206 5218 2262 5273 in
2299 5217 2453 5272 Actis
2485 5217 2652 5285 sine.,
2688 5217 2794 5271 etc.

2276 5281 2674 5361 (54)'0va.!wiv
2719 5291 2828 5361 τῶν
2880 5284 3082 5361 θηρίων
3151 5288 3257 5361 τεέν
3308 5281 3456 5361 ἐμοὶ
3517 5283 3892 5361 ἦτοιμθίσμέ’

2203 5353 2330 5430 νωζο,
2365 5353 2452 5413 ita?
2503 5353 2741 5474 adierat
2786 5353 2982 5431 ἕτοιμᾶ
3033 5376 3125 5430 μοι
3179 5353 3480 5432 εὑρεθῆναι,
3535 5357 3568 5410 ἃ
3617 5353 3706 5410 κὰὶ
3759 5353 3887 5411 io-

2204 5428 2450 5474 λαγςοίσω
2508 5449 2785 5474 συντηυηε·
2833 5450 2897 5474 uc.
2927 5433 3251 5474 νητδιωανεῖν
3308 5428 3407 5474 οὖν
3459 5427 3638 5474 (“mrsu
3685 5431 3882 5474 τινῧὶν

2204 5427 2450 5522 ὶαξὲύσῳ
2508 5427 3275 5522 συῖτῦμως’με’κατάφῗιγεῖὺἲ
3308 5428 3427 5522 σξύχδ
3459 5427 3638 5516 ὥςπερ
3685 5431 3882 5485 τινῶν

2497 5521 2501 5522 ,
2568 5521 2571 5522 ν
2790 5502 2804 5522 Ρ
2837 5505 2847 5522 Ι
3002 5520 3010 5522 .
3058 5502 3148 5522 γνΊη
3218 5521 3238 5522 η
3320 5521 3341 5522 η
3432 5502 3449 5522 ἱ
3535 5499 3705 5522 ',_..__‘
3786 5521 3789 5522 ν
3851 5502 3875 5522 ‘

2205 5445 2450 5486 Λακεύσω
2508 5445 2785 5522 συντόμως
2832 5450 2898 5502 με
2927 5448 3275 5518 καταφαγεινῖ
3308 5445 3427 5556 θῡχὃ
3459 5445 3638 5498 ωσπερ
3685 5446 3882 5485 τινων

2203 5498 2575 5578 δεξλᾳινὸμενρι
2623 5522 2731 5578 ουχ
2751 5501 3012 5578 Αῆ-ὡαντο·
3055 5499 3150 5578 Ξᾶν
3209 5501 3359 5578 accde
3432 5502 3456 5555 ἒ
3515 5499 3708 5578 ᾇᾲοντα
3778 5502 3882 5578 μὴ

2203 5569 2570 5650 θελήοῃίέγὼ
2601 5569 3022 5650 πρὸἇϐιᾶσομαι.
3056 5573 3265 5630 Euseb.
3302 5573 3381 5629 lib
3422 5591 3456 5631 v
3509 5575 3642 5631 Hist.
3685 5569 3883 5644 6061.,

2200 5662 2323 5717 cap.
2362 5647 2431 5702 1⁷6
2460 5651 2516 5706 et
2547 5647 2710 5720 seqq.
