4064 6154
278 262 397 323 149

1098 261 1252 325 PRO
1296 264 1407 325 SS.
1454 265 1893 340 PERPETUA,
1943 264 2403 327 FELICITATE
2446 266 2547 327 ET
2592 260 2859 327 SOCIIS.

3562 271 3677 337 150

274 394 597 453 admodum
628 394 983 451 Pearsonius
1029 396 1237 468 Ignatii
1283 401 1415 454 vota
1444 400 1511 453 ut
1532 400 1731 454 sancto
1764 414 1917 454 mar-
1948 400 2002 466 Α
2031 397 2254 453 litteras
2284 398 2355 452 ad
2388 402 2569 452 Deum
2595 398 2778 454 misit.
2810 420 2839 449 »
2874 399 3120 455 Sanctus
3161 401 3571 476 Hieronymus,
3605 407 3676 463 de

270 490 397 558 tyrc
418 501 538 540 non
568 483 835 556 indigna,
879 488 1215 541 nostrorum
1274 490 1599 560 martyrum
1657 487 1918 558 exempio

270 575 675 630 demonstrat:
737 574 819 629 ita
874 591 982 630 nos
1039 576 1380 632 eorumdem
1432 580 1755 649 martyrum
1814 592 1916 648 pro

268 662 568 719 Felicitate
609 678 811 733 preces
862 663 1073 735 Ignatii
1125 663 1385 737 exemplo
1442 666 1777 721 tuebimur:
1813 680 1919 720 cur

269 752 425 807 enim
455 752 696 823 plebeios
737 755 1033 823 martyres,
1087 756 1151 807 ut
1198 752 1386 808 Pontii
1439 752 1679 808 Diaconi
1722 752 1915 808 verbis

267 846 419 909 utar,
454 846 512 897 et
538 840 882 913 abaptismo
916 845 1176 897 recentes
1218 841 1355 897 inde
1385 857 1723 913 arguemus,
1760 842 1916 897 unde

264 930 775 1003 sapientissimum
805 929 1165 1001 episcopum,
1200 934 1256 985 et
1288 929 1686 1002 apostolorum
1744 930 1916 986 disci-

263 1019 470 1092 pulum
494 1018 702 1074 honori
736 1022 793 1073 et
830 1018 1205 1075 admirationi
1236 1018 1559 1075 habemus?

335 1109 397 1164 V.
430 1110 652 1162 Verum
688 1106 967 1179 quoniam
989 1120 1059 1162 ex
1090 1107 1541 1164 Protestantium
1572 1122 1745 1181 grege
1795 1124 1912 1164 non

264 1196 456 1271 pauci,
491 1200 551 1251 et
580 1196 641 1250 in
672 1195 766 1251 his
797 1195 971 1251 etiam
1005 1197 1351 1269 Basnagius,
1387 1197 1593 1269 lgnatii
1634 1198 1912 1270 epistolas

263 1290 325 1342 ut
344 1283 929 1358 pseudepigraphum
961 1287 1017 1340 et
1030 1284 1427 1341 adulterinum
1450 1302 1598 1358 Opus
1622 1286 1910 1357 rejiciunt,

264 1379 320 1432 et
346 1374 504 1429 inter
533 1377 739 1429 catera
769 1389 896 1444 qua
924 1372 983 1428 in
1024 1373 1109 1429 eis
1138 1378 1205 1429 ut
1226 1375 1297 1429 ab
1338 1375 1548 1447 Ignatii
1599 1374 1914 1431 virtutibus

267 1463 457 1519 aliena
472 1462 923 1527 notant,ardens
939 1461 1084 1518 illud
1106 1462 1368 1535 martyrii
1386 1467 1585 1518 votum
1608 1463 1908 1537 sugillant,

268 1552 401 1609 aliis
430 1550 712 1623 exemplis
741 1554 797 1606 et
817 1550 1188 1622 epistolicum
1218 1551 1529 1623 Ignatium,
1561 1555 1619 1607 et
1679 1556 1910 1609 nostros

267 1644 554 1712 martyres
584 1655 719 1695 cum
750 1638 1059 1695 Pearsonio
1098 1640 1324 1695 tuebor.
1357 1639 1653 1695 Celerinus
1684 1640 1909 1697 confes-

261 1746 359 1785 sor
375 1729 447 1784 ad
470 1728 794 1783 Lucianum
820 1728 1212 1784 confessorem
1239 1727 1485 1800 epistola
1508 1728 1659 1784 inter
1678 1729 1908 1801 Cypria-
1943 1770 1989 1836 Β

451 1818 556 1836 τ,ηῄ
631 1818 754 1836 η--
799 1833 915 1836 _____
956 1817 1060 1836 ιρι,
1090 1816 1389 1836 _-_..-_-___
1713 1819 1737 1836 .-

261 1818 421 1874 nicas
450 1818 559 1873 20:
601 1818 760 1872 «Hac
791 1833 925 1872 cum
956 1817 1062 1872 tibi
1084 1816 1421 1887 scriberem,
1446 1817 1680 1873 domine
1712 1819 1909 1887 frater,

261 1907 525 1980 gaudens
566 1912 625 1961 et
652 1905 839 1961 tristis
870 1921 1028 1961 eram
1055 1923 1068 1961 :
1095 1906 1376 1977 gaudens,
1409 1922 1477 1961 ex
1502 1922 1568 1962 eo
1599 1907 1753 1977 quod
1814 1922 1912 1962 au-

259 1995 461 2049 dierim
483 1998 542 2050 te
564 2010 668 2066 pro
703 1994 930 2049 Domini
963 1994 1147 2049 nostri
1180 1995 1322 2050 Jesu
1352 1994 1568 2050 Christi
1593 1994 1910 2051 Salvatoris

260 2084 438 2139 nostri
476 2083 713 2138 nomine
733 2087 981 2150 tentum,
1018 2085 1173 2139 144
1194 2086 1250 2138 et
1278 2082 1439 2139 illius
1466 2099 1678 2139 nomen
1728 2099 1909 2155 penes

260 2172 644 2244 magistratus
665 2172 846 2241 hujus
870 2171 1595 2239 mundiconfessum,etc.»
1619 2173 1688 2227 Et
1710 2172 1903 2228 infra:

262 2284 282 2309 ι
316 2262 410 2316 Sic
447 2264 690 2315 coronet
740 2264 816 2326 te,
850 2261 1021 2331 cujus
1077 2276 1288 2316 nomen
1339 2261 1645 2316 confessus
1700 2276 1903 2318 es......

257 2350 413 2419 Pete,
437 2353 507 2403 ut
527 2348 641 2403 sim
668 2349 880 2420 dignus
912 2349 1176 2404 coronari
1206 2364 1341 2404 cum
1372 2364 1616 2405 numero
1637 2352 1849 2405 vestro.
1872 2370 1902 2399 »

258 2440 323 2494 Et
346 2454 619 2494 rursum:
647 2461 676 2488 ‹‹
697 2437 739 2493 Ο
761 2443 817 2492 te
838 2437 1063 2493 felicem
1088 2436 1101 2493 l
1135 2437 1433 2511 suscipere
1459 2442 1593 2494 vota
1621 2441 1744 2507 tua,
1778 2454 1901 2509 qua

254 2544 489 2599 semper
509 2526 880 2593 desiderasti,
914 2526 999 2582 vel
1032 2528 1090 2582 in
1122 2531 1278 2583 terra
1336 2526 1636 2583 dormiens
1684 2526 1900 2598 optasti

251 2633 353 2688 pro
382 2616 625 2672 nomine
641 2615 803 2671 illius
826 2616 885 2670 in
911 2631 1199 2671 carcerem
1220 2615 1394 2682 mitti,
1417 2616 1571 2688 quod
1594 2632 1752 2671 nunc
1790 2614 1898 2671 tibi

250 2704 559 2776 contingit,
606 2703 758 2759 sicut
813 2703 1097 2776 scriptum
1152 2707 1278 2760 est:
1330 2706 1429 2760 De:
1473 2704 1575 2760 tibi
1631 2707 1899 2760 Dominus

247 2794 553 2849 secundum
602 2808 697 2847 cor
750 2800 924 2848 tuum.
946 2810 975 2843 ι
1009 2792 1140 2849 Hac
1191 2792 1531 2861 Celerimus,
1566 2810 1600 2847 a
1629 2794 1896 2849 modera-

249 2882 404 2937 tione
436 2880 786 2953 prasertim,
847 2879 1201 2947 humilitate,
1254 2881 1487 2951 timore,
1546 2881 1811 2937 cautione
1840 2886 1897 2938 et

246 2967 602 3023 verecundia
630 2971 830 3023 sancto
860 2967 1144 3040 Cypriano
1177 2968 1289 3039 (55)
1321 2969 1783 3025 commendatus.
1812 2968 1896 3026 ita

252 3057 424 3112 etiam
460 3056 887 3128 Lugdunenses
934 3060 1216 3129 martyres
1268 3056 1607 3113 Christiana
1658 3057 1891 3131 religio-

2028 486 2162 541 Vita
2191 485 2355 541 Pauli
2389 486 2653 541 Eremita
2680 504 2692 542 :
2722 509 2750 537 ‹‹
2778 486 2897 542 Sub
2930 489 3096 545 Decio
3127 495 3184 545 et
3212 490 3520 548 Valeriano
3550 510 3673 566 per-

2030 575 2419 641 secutoribus,
2453 591 2568 646 quo
2593 579 2854 647 tempore
2884 576 3188 633 Cornelius
3219 579 3435 650 Roma,
3469 588 3527 637 et
3563 583 3670 656 Cy-

2029 664 2269 736 prianus
2323 662 2675 735 Carthagine
2726 663 2877 720 felici
2931 681 3134 721 cruore
3192 668 3453 723 damnati
3512 676 3674 743 sunt,

2031 751 2246 807 multas
2276 752 2431 823 apud
2463 752 2773 825 [Egyptum
2814 756 2870 808 et
2897 753 3191 811 Thebaida
3216 755 3491 813 ecclesias
3528 763 3673 815 tem-

2030 845 2227 913 pestas
2256 857 2407 897 sava
2438 840 2715 913 populata
2744 845 2850 896 est.
2871 842 3003 897 Voti
3028 847 3166 899 tunc
3184 844 3531 902 Christianis
3550 853 3674 903 erat

2027 946 2131 1003 pro
2162 930 2378 986 Christi
2412 929 2648 986 nomine
2689 930 2880 1001 gladio
2930 932 3174 1002 percuti.
3220 932 3435 989 Verum
3487 935 3675 994 hostis

2027 1017 2294 1088 callidus,
2344 1018 2512 1073 tarda
2558 1019 2628 1073 ad
2675 1022 2922 1074 mortem
2971 1019 3259 1091 supplicia
3296 1024 3668 1096 conquirens,

2028 1107 2255 1163 animas
2285 1105 2561 1178 cupiebat
2583 1107 2875 1179 jugulare,
2907 1125 3019 1163 non
3048 1125 3324 1181 corpora;
3358 1115 3517 1181 etut,
3544 1112 3670 1184 ipse

2025 1195 2126 1267 qui
2179 1196 2249 1251 ab
2301 1210 2367 1251 eo
2413 1212 2625 1267 passus
2660 1200 2750 1251 est
2796 1197 3121 1268 Cyprianus
3153 1198 3269 1253 ait:
3317 1198 3665 1257 Volentibus

2026 1284 2195 1353 mori,
2256 1301 2369 1339 non
2427 1285 2876 1355 permittebatur
2934 1286 3140 1342 occidi.
3177 1308 3205 1336 »
3248 1288 3461 1344 Notum
3494 1293 3581 1345 est
3610 1294 3669 1345 et

2023 1372 2168 1428 illud
2201 1372 2391 1428 sancti
2424 1372 2718 1445 Polycarpi
2770 1374 3045 1447 martyris
3113 1376 3183 1431 ad
3241 1376 3668 1447 proconsulem,

2023 1479 2180 1517 nunc
2208 1462 2449 1532 bestias,
2479 1479 2634 1517 nunc
2664 1462 2932 1520 ﬂammas
2962 1463 3045 1518 illi
3080 1464 3446 1521 minitantem
3472 1483 3485 1521 :
3521 1463 3669 1522 ἀλλᾶ

2020 1548 2073 1603 τί
2109 1545 2431 1625 βραδύνεις
2464 1547 2603 1624 Φέρε
2633 1547 2663 1603 ὅ
2698 1547 2906 1623 βούλει,
2930 1572 2961 1601 ‹‹
3010 1552 3156 1617 Quid
3216 1558 3411 1609 autem
3471 1570 3666 1612 moras

2019 1639 2201 1696 trahis
2222 1640 2251 1694 ‘I
2275 1639 2429 1694 Aﬂ'er
2457 1639 2613 1710 quod
2643 1640 2749 1694 vis.
2786 1662 2814 1691 «
2855 1641 3029 1693 Ταῦτα
3056 1638 3145 1693 καὶ
3196 1636 3341 1693 ἄλλα
3397 1638 3665 1697 πλοίοντα

2019 1721 2191 1803 λέγων
2234 1728 2461 1802 θάρσους
2514 1726 2603 1781 καὶ
2661 1730 2852 1801 χεῖρας
2910 1725 3279 1800 ἐνεπίμπλατο
3312 1747 3326 1760 ·
3361 1752 3389 1781 ‹‹
3447 1735 3577 1787 Haec
3608 1737 3667 1790 et

2020 1817 2189 1890 plura
2218 1817 2332 1873 alia
2362 1833 2494 1871 cum
2526 1815 2761 1883 diceret,
2792 1816 3008 1872 fiducia
3049 1821 3105 1872 et
3145 1817 3344 1873 latitia
3383 1818 3660 1890 impletus

2020 1910 2129 1974 est,
2162 1928 2190 1956 ››
2227 1910 2291 1961 ut
2322 1905 2719 1961 vetustissima
2769 1906 2898 1976 ejus
2948 1908 3088 1960 Acta
3134 1909 3443 1962 testantur.
3488 1908 3661 1963 Plura

2019 1998 2211 2050 autem
2247 1994 2364 2065 illa,
2397 2011 2523 2065 qua
2555 1993 2898 2049 fortitudine
2927 1998 2983 2048 et
3012 1995 3399 2051 exsultatione
3448 1996 3655 2066 plenus

2018 2083 2436 2155 pronuntiavit,
2462 2081 3157 2153 qualia,amabo,fuere,si
3175 2100 3290 2138 non
3316 2084 3655 2155 lgnatianis,

2017 2171 2202 2227 sinon
2232 2172 2549 2242 Perpetua.
2582 2169 2899 2225 Felicitatis
2929 2174 2988 2226 et
3018 2170 3308 2226 sociorum
3331 2177 3655 2243 martyrum

2015 2261 2166 2317 145
2203 2260 2354 2316 votis
2382 2259 2645 2315 similia?
2673 2259 2728 2313 Si
2759 2276 2875 2313 non
2906 2258 2990 2313 illi
3011 2258 3135 2314 voci
3162 2276 3434 2326 consona,
3476 2277 3654 2332 quam

2012 2365 2043 2405 e
2082 2348 2225 2405 Ocelo
2282 2348 2525 2417 audivit,
2558 2346 2740 2420 ’Ἱσχυε
2814 2344 2904 2400 καὶ
2958 2343 3228 2422 ἀνδρίξου,
3309 2346 3654 2425 Ηολύκαρπε,

2014 2459 2041 2489 ‹‹
2070 2436 2255 2493 Fortis
2285 2440 2432 2507 esto,
2474 2439 2532 2490 et
2558 2435 2803 2490 viriliter
2833 2451 2957 2507 age,
3012 2436 3340 2510 Polycarpe.
3378 2461 3407 2488 ››
3462 2440 3655 2497 Notis-

2011 2526 2162 2582 sima
2191 2530 2281 2581 est
2312 2525 2488 2581 etiam
2530 2523 2633 2580 illa
2679 2524 2923 2580 Romani
2976 2524 3365 2584 Casareensis
3425 2530 3655 2587 diaconi

2007 2631 2117 2672 vox
2167 2614 2489 2670 Antiochiae
2535 2613 2756 2679 audita,
2788 2615 2901 2667 Πυῦ
2962 2634 3057 2686 μοι
3110 2615 3174 2669 τὸ
3230 2619 3381 2693 «Bp;
3420 2620 3659 2677 Ubinam

2006 2704 2149 2760 mihi
2177 2704 2365 2773 ignis?
2394 2702 2495 2758 His
2525 2718 2655 2774 qua
2683 2702 2741 2757 in
2774 2702 2983 2775 Ignatii
3023 2704 3418 2762 defensionem
3476 2708 3648 2766 Pear-

2006 2792 2210 2849 sonius
2241 2792 2407 2847 affert
2431 2791 2733 2863 exemplis,
2766 2791 2921 2846 aliud
2955 2792 3225 2862 adjiciam
3267 2797 3645 2866 pracedenti-

2006 2881 2117 2937 bus
2149 2897 2263 2936 non
2298 2879 2495 2935 minus
2526 2879 2755 2950 insigne
2775 2896 2843 2934 ex
2862 2880 3021 2936 Actis
3043 2880 3287 2938 sinceris
3308 2890 3644 2943 sanctorum

2004 2968 2283 3039 Montani,
2316 2968 2499 3034 Lucii,
2530 2972 2640 3024 etc.
2697 2968 2999 3024 Damnatis
3030 2969 3274 3043 cateris,
3334 2972 3647 3032 Flavianus

2004 3058 2065 3113 in
2097 3073 2386 3113 carcerem
2420 3059 2724 3111 revocatus
2757 3060 2864 3123 est,
2906 3058 3254 3130 martyrium
3312 3062 3440 3133 ejus
3500 3065 3649 3120 dila-

255 3146 340 3201 nis
373 3144 739 3217 pracipnum
771 3146 968 3215 decus,
1004 3146 1117 3200 ﬁde
1148 3148 1206 3201 et
1236 3145 1521 3218 sapientia
1552 3163 1667 3202 non
1698 3130 1894 3204 minus
1927 3130 1969 3198 C
2009 3149 2135 3201 tum
2161 3163 2175 3202 :
2206 3144 2265 3200 id
2296 3144 2423 3216 ipse
2451 3160 2567 3198 non
2601 3143 2795 3198 minus
2826 3160 3003 3216 quam
3034 3146 3162 3215 ejus
3192 3130 3357 3203 sociiv
3377 3166 3526 3222 agre
3557 3156 3649 3209 tu-

258 3250 429 3306 quam
461 3233 685 3289 invicta
710 3233 913 3303 animi,
938 3234 1279 3290 fortitudine
1323 3234 1609 3308 insignes,
1641 3236 1899 3307 profusis

256 3322 554 3396 lacrymis,
606 3326 673 3377 ut
719 3325 808 3378 est
837 3323 993 3395 apud
1042 3324 1360 3379 Eusebium
1390 3324 1529 3395 (56),
1562 3346 1591 3375 ‹‹
1626 3325 1902 3381 obsecra-

258 3413 397 3469 bant
421 3413 659 3480 fratres,
687 3415 752 3466 ut
780 3411 1069 3466 continua
1102 3412 1171 3467 ad
1210 3412 1390 3466 Deum
1421 3428 1622 3484 preces
1671 3412 1897 3478 flerent,

262 3502 411 3573 quod
434 3501 678 3555 tandem
709 3499 819 3572 ipsi
849 3500 1280 3571 perﬁcerentur.
1305 3521 1332 3550 »
1357 3501 1436 3555 De
1449 3504 1648 3557 sancto
1666 3501 1902 3573 Cypria-

258 3607 328 3645 no
360 3590 612 3645 Pontius
640 3589 768 3660 ejus
798 3588 1081 3644 diaconus
1107 3603 1120 3644 :
1144 3610 1174 3638 ‹‹
1207 3588 1637 3644 Conveniebant
1667 3589 1898 3645 interim

258 3678 459 3749 plures
507 3677 724 3749 egregii
758 3680 815 3732 et
843 3675 1151 3731 clarissimi
1188 3676 1431 3748 ordinis,
1474 3677 1575 3732 sed
1618 3681 1674 3733 et
1705 3678 1902 3733 saculi

258 3766 569 3822 nobilitate
600 3764 885 3837 generosi,
942 3765 1043 3836 qui
1074 3770 1313 3837 propter
1344 3765 1664 3821 amicitiam
1704 3782 1902 3822 seces-

257 3873 389 3912 sum
425 3855 680 3910 subinde
713 3854 1066 3922 suaderent;
1099 3857 1155 3909 et
1187 3871 1258 3909 ne
1298 3870 1506 3925 parum
1563 3857 1717 3911 esset
1745 3856 1905 3912 nuda

258 3944 526 4011 suadela,
563 3942 737 3999 etiam
774 3942 923 4008 loca,
947 3943 1007 3998 in
1039 3959 1169 4016 qua
1215 3944 1530 4015 secederet,
1564 3943 1901 4002 offerebant.

253 4033 355 4089 Ille
385 4049 523 4089 vero
547 4033 673 4103 jam
705 4032 993 4087 mundum
1026 4047 1319 4104 suspensa
1346 4033 1417 4087 ad
1458 4031 1664 4088 coelum
1710 4036 1904 4089 mente

255 4121 613 4193 neglexerat,
648 4135 754 4175 nec
784 4120 1046 4176 suadelis
1103 4119 1541 4176 blandientibus
1585 4120 1901 4176 anunebat.

259 4210 518 4266 Fecisset
548 4209 792 4265 fortasse
846 4213 986 4264 tunc
1043 4209 1241 4276 etiam,
1293 4210 1445 4280 quod
1473 4225 1507 4264 a
1549 4207 1818 4280 pluribus
1847 4212 1907 4265 et

260 4298 535 4354 ﬁdelibus
552 4298 878 4369 petebatur,
902 4296 951 4351 si
975 4300 1031 4352 et
1059 4296 1254 4351 divino
1276 4296 1523 4368 imperio
1537 4298 1905 4368 juberetur.»

261 4387 417 4443 Nam
456 4392 523 4443 ut
566 4387 692 4459 ipse
736 4384 976 4441 Pontius
1042 4386 1229 4455 docet,
1290 4385 1348 4441 in
1409 4385 1600 4457 priore
1648 4403 1903 4454 secessu,

2009 3233 2243 3302 lerunt;
2278 3233 2431 3288 unde
2464 3233 3039 3300 Montanus,cum,ut
3066 3239 3155 3290 est
3184 3235 3240 3289 in
3272 3238 3449 3305 Actis,
3475 3242 3647 3311 «jam

2011 3323 2268 3380 carnifex
2296 3321 2630 3377 immineret
2659 3325 2716 3377 et
2745 3320 2977 3393 gladius
3006 3339 3185 3395 super
3212 3326 3488 3382 cervicem
3520 3331 3650 3398 ejus

2008 3410 2259 3467 libratus
2282 3410 2578 3481 penderet,
2601 3410 2874 3481 expansis
2888 3410 2958 3465 ad
2982 3410 3190 3467 calum
3209 3415 3648 3480 manibus,voce

2010 3500 2187 3567 clara,
2223 3500 2305 3555 ita
2334 3502 2399 3554 ut
2441 3515 2555 3553 non
2586 3502 2817 3554 tantum
2853 3500 2923 3553 ad
2976 3516 3146 3556 aures
3197 3501 3405 3573 plebis,
3460 3505 3561 3559 sed
3593 3510 3651 3562 et

2011 3587 2255 3663 gentiles
2290 3603 2521 3659 quoque
2553 3586 2714 3658 ipsos
2762 3603 2944 3643 sonus
2997 3604 3135 3644 voce
3193 3590 3408 3657 feriret,
3467 3594 3653 3663 oravit

2010 3693 2222 3749 rogans
2252 3682 2308 3733 et
2339 3678 2675 3749 deprecans,
2709 3679 2773 3730 ut
2801 3675 3111 3734 Flavianus
3140 3679 3239 3749 qui
3290 3696 3393 3751 per
3447 3684 3653 3738 suifra-

2011 3765 2173 3839 gium
2207 3764 2405 3837 pepuli
2437 3764 2796 3819 decomitatu
2829 3780 3030 3819 eorum
3051 3772 3428 3835 remanserat,
3446 3786 3650 3841 seque-

2011 3861 2170 3910 retur
2215 3854 2308 3910 die
2352 3852 2547 3909 tertia.
2585 3874 2607 3901 ι
2660 3852 2783 3908 Non
2834 3852 2951 3909 alia
2993 3857 3159 3909 erant
3214 3855 3419 3911 matris
3462 3857 3650 3929 ipsius

2014 3941 2270 3998 Flaviani
2310 3942 2551 3997 affectus
2582 3944 2639 3995 et
2666 3943 2816 4009 vota,
2847 3941 2918 3996 de
2948 3957 3065 4012 qua
3092 3941 3152 3997 in
3198 3943 3356 4000 Actis
3404 3946 3650 4017 subjun-

2013 4030 2209 4102 gitur:
2243 4052 2272 4079 «
2310 4028 2569 4084 Haerebat
2592 4028 2758 4083 lateri
2789 4029 2918 4099 ejus
2944 4029 3424 4103 incomparabilis
3446 4038 3652 4103 mater,

2014 4136 2139 4192 qua
2169 4122 2376 4190 prater
2406 4118 2600 4186 fidem,
2634 4133 2751 4188 qua
2781 4119 2853 4172 ad
2895 4118 3254 4189 patriarchas
3302 4120 3651 4191 pertinebat,

2013 4209 2073 4264 in
2104 4209 2213 4264 hoc
2245 4207 2421 4263 etiam
2455 4222 2516 4262 se
2544 4206 2786 4262 Abraha
2817 4205 2996 4262 filiam
3028 4208 3446 4280 comprobavit,
3497 4213 3650 4281 quod

2012 4298 2202 4353 filium
2249 4312 2424 4352 suum
2469 4299 2527 4351 et
2577 4295 2818 4367 optabat
2855 4293 3057 4361 occidi,
3109 4299 3166 4349 et
3212 4296 3365 4366 quod
3415 4296 3653 4355 interim

2014 4386 2414 4455 remansisset,
2466 4383 2926 4439 contristabatur
2954 4382 3158 4451 intimo
3204 4383 3421 4439 dolore.
3451 4409 3473 4438 ι
3523 4387 3655 4458 ipse

266 4497 288 4524 ι
319 4475 570 4534 1)οωὶηο
600 4475 887 4531 latebram
909 4478 1047 4529 tunc
1058 4474 1309 4546 jubente
1342 4474 1559 4546 paruit.
1592 4494 1619 4527 ιο
1648 4474 1906 4547 Populus
1939 4493 1985 4558 D
2016 4481 2207 4531 autem
2240 4473 2546 4529 Flavianus
2578 4471 2672 4527 his
2703 4470 2980 4526 afﬂictam
3013 4475 3257 4527 matrem
3288 4474 3480 4530 verbis
3512 4492 3654 4531 con-
3718 4506 3723 4511 ι

261 4569 463 4622 autem
495 4563 916 4631 fidelis,sancto
933 4562 1216 4635 Cypriano
1230 4563 1300 4618 ad
1324 4562 1675 4634 supplicium
1706 4564 1902 4632 ducto,

259 4657 497 4709 tantum
530 4654 772 4708 aberant
824 4652 895 4707 ab
946 4652 1164 4707 orando
1206 4655 1405 4719 Deum,
1439 4654 1504 4706 ut
1533 4650 1617 4706 illi
1648 4668 1907 4723 parcere-

258 4749 377 4811 tur,
422 4746 526 4797 aut
572 4741 777 4813 quovis
816 4741 989 4795 modo
1022 4739 1362 4812 martyrium
1420 4738 1814 4811 impediendo,
1843 4742 1907 4794 ut

258 4830 441 4886 simul
472 4846 607 4885 cum
639 4828 740 4883 illo
773 4828 970 4900 potius
1027 4828 1174 4883 mori
1225 4831 1541 4899 cuperent:
1577 4846 1604 4879 α
1630 4827 1907 4894 Quamvis

257 4919 421 4974 enim
451 4935 565 4974 non
588 4917 847 4991 potuerit
869 4916 1280 4987 evenire,quod
1306 4916 1587 4988 optabant
1602 4919 1736 4972 vota
1748 4932 1907 4972 com-

256 5007 489 5074 munia,
520 5010 582 5062 ut
610 5005 905 5062 consortio
930 5005 1086 5077 paris
1118 5004 1312 5077 gloria
1352 5003 1528 5059 simul
1587 5004 1750 5077 plebs
1787 5008 1910 5060 tota

254 5101 589 5170 pateretur;
616 5094 955 5166 quicunque
978 5094 1087 5149 sub
1119 5092 1329 5148 Christi
1355 5093 1671 5163 spectantis
1700 5092 1905 5149 oculis.

253 5190 311 5241 et
344 5185 457 5241 sub
491 5183 736 5240 auribus
769 5182 1085 5239 sacerdotis
1106 5198 1174 5238 ex
1204 5181 1398 5239 animo
1426 5182 1546 5253 pati
1578 5180 1781 5246 voluit,
1809 5197 1911 5252 per

252 5272 537 5328 idoneum
573 5271 691 5325 voti
726 5270 815 5326 sui
864 5274 1072 5326 testem
1120 5269 1426 5344 legationis
1477 5269 1909 5343 quodammodo

333 5502 451 5576 (55)
478 5500 670 5576 Epist.
702 5500 770 5576 27
800 5518 813 5570 ;
840 5499 921 5576 al.
951 5499 1043 5557 23.

489 5568 644 5628 Πετᾶ
702 5568 944 5649 δακρύων
1004 5568 1345 5647 παρεκάλουν
1414 5569 1541 5633 τοὺς
1621 5568 1913 5647 ἀδελφοὺς,

2016 4562 2349 4620 solabatur:
2388 4581 2415 4611 «
2470 4560 2619 4625 Scis,
2678 4562 2867 4613 mater
2912 4560 3119 4616 merito
3176 4559 3559 4628 charissima,
3590 4567 3655 4620 ut

2015 4666 2246 4722 semper
2272 4648 2615 4704 tentaverim
2648 4646 2697 4703 si
2728 4646 2989 4702 conﬁteri
3021 4648 3379 4721 contigisset,
3435 4658 3650 4725 marty-

2014 4739 2101 4795 rio
2150 4753 2278 4793 meo
2329 4736 2464 4807 frui,
2514 4740 2570 4791 et
2614 4736 2947 4807 frequenter
2995 4742 3294 4793 catenatus
3352 4740 3555 4807 videri,
3599 4746 3656 4796 et

2016 4842 2167 4900 sape
2194 4825 2461 4882 differri?
2482 4824 2539 4880 Si
2563 4841 2694 4896 ergo
2719 4824 2961 4897 contigit
2981 4826 3135 4897 quod
3159 4827 3655 4899 optavi,gloriam-

2017 4918 2161 4972 dum
2190 4919 2278 4972 est
2308 4913 2501 4987 potius
2527 4929 2703 4985 quam
2734 4912 3073 4969 dolendum.
3109 4936 3138 4963 »
3171 4918 3303 4970 Hac
3325 4924 3654 4971 erantmar-

2016 5010 2210 5079 tyrum
2240 5008 2374 5059 vota
2405 5019 2529 5074 qua
2561 5002 2606 5057 si
2634 5001 2693 5056 in
2744 5001 2963 5057 crimen
2993 5006 3292 5073 vocentur,
3361 5003 3657 5057 innumeri

2019 5098 2190 5150 erunt
2217 5097 2500 5165 martyres
2534 5090 2749 5162 quibus
2779 5088 3041 5161 martyrii
3088 5106 3302 5145 corona
3350 5089 3660 5145 detrahen-

2020 5182 2400 5339 daveltiihlajor
2429 5284 2497 5324 ex
2529 5266 2709 5322 altero
2740 5265 2928 5337 capite
2962 5267 3256 5336 Perpetua
3272 5264 3512 5322 conﬂari
3536 5284 3668 5340 pos-

2025 5495 2393 5579 8a6u5v0t_'ivaz_
2423 5496 2652 5579 ἐκσξξνεῖς
2681 5493 2841 5579 saxei
2871 5493 3127 5569 γίνωνται
3157 5496 3294 5579 ’ἱερὸς
3341 5498 3403 5553 τὸ
3447 5495 3673 5555 τελειω-

2030 5568 2188 5641 θῆναι
2232 5568 2451 5633 αὐτούς.
2485 5569 2605 5627 Lib.
2639 5586 2676 5628 v
2705 5568 2825 5626 Hist
2853 5568 2983 5636 εσυ..
3015 5581 3142 5637 cap.
3172 5570 3228 5622 2.
