4064 6154
411 286 523 355 4'51

1554 276 2076 346 DISSER’I‘ATIO
2118 280 2662 347 APULOGETIGA

3695 286 3823 346 152·

415 412 506 484 set
534 422 789 481 invidia:
823 421 924 478 sed
954 420 1052 476 illa
1084 410 1278 483 etiam,
1302 420 1368 473 ut
1386 406 1522 473 dixi.
1557 415 1766 489 lgnatii
1797 412 2060 488 exemplo
2088 414 2140 481 Α
2172 431 2348 487 quam
2381 432 2603 489 poenas,
2653 412 2755 474 sed
2804 417 2963 474 velut
2994 433 3196 475 vernos
3228 416 3399 474 ﬂores
3431 416 3812 490 accipientes,

414 513 744 587 depellitur.
778 512 904 568 Non
945 509 1101 565 enim
1151 507 1309 562 aliud
1360 506 1643 578 Perpetua
1686 505 1839 574 fecit,
1884 521 2060 576 quam
2172 509 2229 559 et
2259 507 2516 561 coronati
2545 510 2601 562 et
2629 508 2875 581 propria:
2897 506 3215 564 alacritatis
3246 523 3486 564 excessu
3526 510 3822 565 tormenta

416 603 572 675 quod
596 617 659 657 se
685 601 972 656 facturum
1005 595 1208 652 scribit
1236 595 1518 667 Ignatius.
1552 595 1663 650 Sed
1696 594 1972 665 quoniam
1994 593 2063 648 de
2176 607 2305 649 mea
2334 595 2762 668 prteripiebant.
2797 616 2825 647 ι»

419 691 579 748 illius
606 689 750 745 actis
783 690 838 743 et
866 684 1129 757 epistolis
1180 683 1573 739 controversia
1615 684 1898 750 movetur,
1952 681 2065 736 alia

422 777 685 848 exempla
715 791 829 830 non
861 775 1074 829 desunt
1105 789 1232 844 quas
1264 771 1435 845 plena
1461 786 1639 825 manu
1672 770 1733 824 in
1779 786 1918 825 suas
1941 769 2068 840 epi-

2248 768 2369 825 VII.
2401 772 2599 843 Neque
2629 774 2845 829 mirum
2878 778 2987 841 est,
3012 773 3243 846 aliquos
3269 774 3489 829 bestias
3504 775 3629 845 jam
3654 791 3827 846 para-

424 866 711 923 stolarum
735 862 942 935 Ignatii
977 861 1259 917 vindicias
1288 859 1640 915 Pearsonius
1672 857 1987 929 congessit.
2008 858 2067 912 lu
2177 861 2266 914 tas
2297 860 2369 915 ad
2401 877 2571 917 suam
2594 862 2855 933 ipsorum
2882 879 3079 919 necem
3105 879 3468 936 provocasse,
3495 868 3597 918 aut
3622 865 3829 919 crude-

422 952 797 1025 Smyrnensis
811 950 1077 1007 Ecclesiaa
1091 949 1488 1005 vetustissima
1502 946 1747 1019 epistola
1761 962 2072 1018 repraesen-

423 1047 583 1099 tatur
602 1039 1005 1105 Germanicus,
1040 1037 1207 1110 quasi
1235 1037 1455 1092 nobilis
1486 1041 1544 1092 et
1575 1034 1825 1106 insignis
1855 1034 2069 1090 bestia-

430 1131 574 1200 rius,
626 1126 909 1199 ἐπισήμως
953 1124 1333 1200 Θηριομάχῶν.
1393 1125 1541 1190 Quid
1601 1127 1795 1178 autem
1846 1123 2073 1194 judicio

432 1216 859 1288 antiquissimae
890 1214 1154 1270 Ecclesiae
1186 1212 1474 1284 ἐπίσημον,
1513 1215 1737 1286 insigne
1751 1219 1851 1268 aut
1869 1214 2071 1282 nobile,

432 1307 492 1361 in
534 1307 660 1376 ejus
691 1304 969 1377 martyrio
997 1302 1247 1358 breviter
1267 1301 1561 1373 descripto
1594 1302 1887 1357 invenitur
1907 1301 1934 1355 ‘2
1960 1301 2075 1355 Hoc

435 1410 618 1450 unum
654 1394 806 1448 unde
853 1394 1137 1463 Perpetua
1174 1389 1396 1446 violatis
1449 1394 1671 1445 naturae
1718 1390 1865 1462 legis
1907 1387 2075 1461 argui

440 1482 701 1539 forsitam
731 1486 929 1553 posset
956 1481 1069 1553 (57)
1093 1497 1106 1535 :
1132 1502 1161 1531 «
1189 1480 1335 1534 Nam
1356 1495 1489 1534 cum
1508 1478 1818 1549 proconsul
1850 1478 2078 1533 ﬂectere

443 1578 577 1627 eum
609 1570 798 1637 vellet,
856 1569 1190 1639 diceretque
1221 1573 1285 1623 ut
1316 1584 1484 1623 suam
1517 1568 1639 1638 ipse
1656 1554 1883 1622 atatem
1903 1566 2079 1623 mise-

440 1663 689 1727 raretur,
712 1658 811 1714 ille
837 1657 1084 1713 bestiam
1116 1656 1269 1712 ultro
1301 1657 1373 1711 ad
1405 1673 1466 1711 se
1496 1656 1754 1723 attraxit,
1778 1655 1945 1727 eique
1963 1655 2078 1709 vim

442 1748 662 1803 intulit.
694 1768 722 1799 »
753 1747 870 1802 Hoc
900 1746 1056 1802 enim
1091 1745 1290 1800 fecisse
1320 1749 1612 1812 narratur,
1638 1749 1703 1799 ut
1734 1742 2077 1816 martyrium

442 1836 787 1894 acceleraret
824 1851 837 1890 :
873 1856 901 1885 ‹‹
953 1834 1205 1905 Cupiens
1250 1832 1507 1889 velocius
1538 1850 1605 1888 ex
1633 1832 1856 1902 injusta
1884 1837 1941 1887 et
1967 1830 2081 1885 ini-

445 1936 563 1997 qua
589 1940 791 1981 eorum
823 1922 1130 1979 hominum
1160 1921 1280 1977 vita
1302 1921 1575 1993 effugere.
1609 1921 1746 1976 Inde
1777 1924 1973 1976 autem
1998 1920 2082 1974 fa-

445 2017 604 2070 ctum
634 2016 741 2079 est,
772 2017 837 2067 ut
867 2011 1139 2067 universa
1156 2010 1471 2065 multitudo
1497 2009 1899 2065 fortitudinem
1919 2007 1997 2080 pii
2020 2024 2085 2063 ac

448 2101 704 2173 religiosi
754 2099 981 2171 generis
1035 2098 1496 2154 Christianorum
1552 2098 1859 2163 admirata,
1910 2100 2018 2154 etc.
2055 2117 2085 2146 »

445 2189 550 2245 rlle
580 2189 764 2262 Igitur
783 2186 1186 2258 Germanicus,
1214 2203 1387 2259 quem
1420 2188 1575 2242 I46
1607 2190 1671 2242 ut
1699 2186 1990 2259 insignem
2031 2190 2089 2241 et

449 2276 706 2333 nobilem
737 2277 798 2332 in
828 2275 1034 2348 primis
1058 2279 1369 2349 martyrem
1409 2275 1713 2347 proposuit
1759 2276 2004 2346 antiqua
2030 2276 2089 2330 et

449 2364 694 2422 celebris
723 2364 981 2421 Ecclesia
1009 2363 1403 2436 Smyrnensis,
1446 2365 1618 2435 cujus
1646 2364 1718 2419 ob
1750 2364 1981 2436 insigne
2010 2364 2097 2419 fas

449 2453 617 2511 ciuus
658 2453 875 2509 ethnici
942 2452 1054 2524 ipsi
1104 2452 1468 2509 nobilitatem
1518 2456 1574 2508 et
1638 2453 2087 2525 generositatem

448 2543 789 2601 Christiana;
832 2542 1025 2615 gentis
1064 2540 1341 2598 admirati
1390 2544 1549 2608 sunt,
1597 2540 1657 2596 id
1688 2557 1825 2613 erga
1865 2541 2087 2596 bestias

445 2632 601 2700 fecit,
631 2633 786 2705 quod
823 2644 955 2688 cum
1004 2630 1324 2704 gladiatore
1372 2620 1696 2703 Perpetua;
1743 2629 1839 2686 ille
1884 2624 2089 2686 videli-

446 2724 558 2788 cet,
583 2720 860 2792 martyrio
893 2719 1168 2791 ﬂagrans,
1206 2741 1227 2768 ι
1265 2718 1517 2774 bestiam
1567 2718 1719 2775 ultro
1769 2719 1839 2774 ad
1884 2734 1947 2774 se
1994 2722 2087 2775 at-

444 2808 655 2878 traxit;
684 2828 713 2857 »
742 2807 864 2863 haec
894 2812 1089 2862 autem
1120 2807 1322 2863 eodem
1358 2807 1569 2863 ardens
1610 2806 1918 2875 desiderio,
1943 2828 1973 2857 ‹‹
2012 2808 2087 2862 ti-

444 2895 673 2954 runculi
703 2896 1042 2968 gladiatoris
1070 2895 1439 2951 dexteramin
1456 2911 1629 2951 suum
1663 2896 1793 2968 ipsa
1808 2895 2086 2968 jugulum

444 2985 723 3058 posuerit.
740 3006 770 3036 »
789 2984 1095 3057 Dionysius
1111 2984 1472 3040 Alexandriae
1484 2983 1793 3056 episcopus
1813 2984 2087 3057 Appollo-

444 3074 605 3130 niam
632 3073 915 3146 virginem
948 3088 1299 3145 magnopere
1336 3071 1554 3143 laudat,
1588 3074 1743 3144 quod
1791 3088 1921 3129 cum
1972 3073 2087 3145 ipsi

2180 947 2363 1004 litatis
2409 949 2804 1007 instrumenta
2828 951 2888 1006 in
2923 952 3221 1023 procinctu
3254 952 3442 1023 posita
3474 953 3544 1007 ad
3604 954 3830 1008 accele-

2182 1038 2432 1092 randum
2464 1039 2804 1111 martyrium
2842 1039 2992 1095 ultro
3023 1040 3400 1096 adhibuisse:
3436 1056 3570 1095 cum
3620 1040 3824 1097 certis-

2183 1124 2330 1181 sime
2378 1130 2622 1193 constet,
2682 1126 2737 1183 id
2800 1122 2956 1200 quod
3003 1128 3185 1184 multo
3236 1130 3431 1199 majus
3480 1134 3589 1197 est,
3642 1146 3827 1201 quam

2183 1213 2469 1286 plurimos
2508 1220 2753 1271 mortem
2786 1233 2890 1288 pro
2921 1217 3135 1272 Christi
3167 1217 3403 1272 nomine
3457 1216 3835 1289 appetivisse,

2184 1318 2319 1358 cum
2352 1305 2408 1358 in
2431 1304 2686 1359 hostium
2722 1309 3004 1377 potestate
3029 1322 3144 1361 non
3176 1310 3392 1377 essent,
3427 1306 3652 1378 seipsos
3680 1306 3837 1361 indi-

2186 1406 2351 1446 casse
2396 1391 2711 1463 hostesque
2751 1393 2912 1464 ipsos
2953 1397 3021 1449 ad
3054 1394 3411 1467 supplicium
3443 1395 3837 1465 inﬂigendum

2187 1495 2547 1550 provocasse.
2583 1485 2661 1536 De
2689 1482 3035 1538 Christianis
3064 1482 3157 1538 sui
3214 1483 3499 1554 temporis
3532 1484 3831 1539 Lucianus

2186 1567 2246 1622 in
2307 1566 2614 1641 Peregrina
2672 1569 2825 1642 (60):
2890 1591 2913 1621 ι
2965 1570 3159 1626 Miseri
3218 1571 3575 1639 homines,a
3621 1572 3838 1644 seipsis

2188 1657 2454 1728 persuasi
2504 1658 2625 1713 fore
2672 1658 2899 1731 integre
2945 1659 3309 1715 immortales
3340 1675 3690 1733 semperque
3744 1661 3838 1716 vi-

2189 1750 2407 1814 cturos,
2460 1749 2703 1801 mortem
2754 1750 3159 1817 contemnunt,
3210 1748 3503 1819 multique
3553 1748 3710 1804 ultro
3742 1765 3845 1805 se-

2192 1832 2353 1903 ipsos
2404 1833 2644 1888 dedunt.
2699 1856 2727 1884 »
2763 1835 3037 1892 Justinus
3068 1837 3286 1909 Martyr
3314 1837 3528 1893 fatetur
3555 1836 3846 1894 Christia-
3892 1871 3903 1879 -

2194 1936 2337 1975 num
2391 1937 2453 1977 se
2503 1922 2719 1978 factum
2768 1938 2897 1979 esse
2935 1925 3090 1995 quod
3122 1924 3173 1980 ei
3205 1940 3376 1980 nemo
3408 1925 3599 1980 malus
3624 1925 3851 1981 videre-

2194 2011 2294 2063 tur
2322 2008 2434 2081 (61)
2465 2031 2494 2059 ‹‹
2526 2014 2776 2065 mortem
2804 2016 3040 2083 optare;
3074 2013 3291 2068 nedum
3327 2016 3393 2067 ut
3432 2013 3744 2084 quisquam
3779 2028 3848 2068 se

2195 2096 2391 2167 ipsum
2424 2098 2750 2153 necandum
2784 2098 2936 2155 ultro
2967 2100 3236 2171 proderet
3258 2117 3323 2155 ac
3346 2100 3611 2167 deferret,
3638 2102 3847 2172 »quod

2195 2184 2505 2241 Christiani
2535 2190 2677 2243 tunc
2707 2188 2986 2260 temporis
3016 2189 3295 2244 fecerunt.
3340 2188 3735 2245 Tertullianus
3766 2189 3853 2245 ad

2195 2273 2513 2343 Scapulam,
2558 2290 2685 2347 cap.
2737 2276 2764 2330 1
2803 2294 2817 2331 :
2877 2297 2907 2327 «
2956 2276 3102 2332 Cum
3152 2277 3311 2333 omni
3357 2277 3574 2333 saevitia
3647 2282 3853 2333 vestra

2197 2368 2623 2434 concertamus,
2672 2364 2849 2420 etiam
2898 2362 3055 2421 ultro
3104 2369 3498 2437 erumpentes,
3538 2365 3853 2437 magisque

2197 2452 2479 2520 damnati,
2530 2456 2679 2509 147
2735 2469 2911 2524 quam
2978 2446 3233 2510 absoluti
3297 2456 3642 2526 gaudemus.
3697 2475 3726 2502 »
3777 2454 3855 2509 Et

2198 2557 2322 2612 cap.
2358 2543 2427 2598 4:
2462 2563 2491 2593 ‹‹
2547 2542 2693 2598 Vide
2747 2546 2999 2608 tantum,
3060 2559 3132 2598 ne
3162 2542 3272 2598 hoc
3328 2542 3479 2614 ipso,
3511 2542 3666 2613 quod
3698 2542 3853 2599 talia

2197 2628 2579 2696 sustinemus,
2613 2629 2683 2683 ad
2715 2629 2825 2685 hoc
2854 2628 3047 2684 solum
3078 2629 3385 2685 videamus
3418 2645 3745 2700 erumpere,
3782 2635 3855 2685 ut

2200 2716 2310 2772 hoc
2339 2717 2534 2789 ipsum
2552 2718 2887 2789 probemus,
2912 2734 3019 2773 nos
3046 2717 3169 2773 haec
3194 2733 3309 2773 non
3328 2718 3553 2787 timere,
3570 2719 3671 2773 sed
3690 2717 3853 2774 ultro

2196 2821 2421 2861 vocare.
2457 2806 2629 2862 Arius
2658 2806 3009 2862 Antominus
3038 2806 3098 2861 in
3132 2808 3271 2862 Asia
3299 2822 3433 2862 eum
3466 2822 3857 2878 persequere-

2198 2899 2296 2950 tur
2324 2896 2633 2962 instanter,
2658 2910 2861 2950 omnes
2891 2894 3050 2949 illius
3081 2895 3337 2951 civitatis
3364 2895 3682 2951 Christiani
3711 2900 3858 2952 ante

2196 2983 2518 3038 tribunatia
2549 2999 2631 3050 se,
2664 2999 2841 3038 manu
2882 2982 3053 3049 facta,
3106 2983 3464 3052 obtulerunt,
3526 3000 3661 3038 cum
3726 2984 3854 3051 ille,

2198 3071 2402 3142 paucis
2432 3072 2565 3127 duci
2590 3072 2801 3142 jussis,
2833 3070 3075 3143 reliquis
3106 3072 3227 3127 ait:
3263 3074 3325 3123 Ὢ
3356 3068 3551 3139 δειλοὶ,
3585 3070 3630 3125 εἰ
3662 3070 3857 3134 θέλετε

442 3143 763 3218 verberatis
792 3143 1267 3216 maxillis—cuncti
1296 3161 1499 3216 dentes
1531 3143 1781 3227 excussi,
1806 3143 2082 3217 ﬂammae-

2198 3158 2579 3229 ἀποθνήσκειν,
2636 3158 2917 3234 κρημνοὺς
2958 3160 2993 3227 ἣ
3072 3158 3311 3234 βρόχους
3384 3157 3557 3234 ἔχετε.
3617 3164 3739 3216 Hoc
3800 3161 3854 3218 si

445 3266 555 3322 que
585 3250 835 3305 admotae
864 3254 1057 3305 essent
1078 3249 1212 3321 (58),
1248 3271 1276 3299 «
1304 3249 1570 3305 celeriter
1597 3249 1657 3304 in
1702 3250 1896 3321 ignem
1942 3248 2089 3304 insi-

444 3339 554 3405 liit,
586 3343 645 3395 et
673 3338 1069 3410 conﬂagravit.
1096 3360 1123 3387 »
1142 3340 1401 3393 Sanctus
1424 3337 2088 3405 Hilarius,Enarratione

445 3428 506 3484 in
538 3427 835 3484 Psalmum
868 3442 1008 3484 va:
1044 3448 1073 3477 (ι
1104 3425 1214 3482 Alii
1246 3425 1403 3481 enim
1436 3426 1495 3480 in
1516 3425 1766 3482 vinculis
1788 3442 2085 3483 carcerum

444 3515 790 3589 gloriantur,
816 3513 914 3570 alii
944 3514 1077 3570 cassi
1106 3514 1167 3569 in
1195 3513 1532 3571 verberibus
1562 3514 1951 3587 gratulantur,
1989 3515 2088 3572 alii

447 3602 719 3674 potestati
748 3602 1210 3674 irreligiosorum
1250 3603 1577 3658 desecanda
1633 3602 1889 3660 felicium
1928 3605 2090 3677 capi-

446 3696 573 3746 tum
604 3690 753 3747 colla
783 3691 1176 3758 submittunt;
1209 3690 1407 3762 plures
1440 3694 1498 3746 in
1539 3696 1866 3749 exstructos
1913 3708 2087 3765 rogos

446 3784 710 3848 currunt,
743 3783 800 3835 et
847 3779 1273 3851 trepidantibus
1320 3796 1501 3850 paenae
1551 3779 1839 3836 ministris
1888 3781 2086 3853 ignem

445 3869 599 3924 saltu
624 3868 837 3925 devotas
868 3867 1256 3924 festinationis
1288 3866 1579 3923 insiliunt.
1611 3888 1640 3917 »
1660 3867 1826 3924 Hunc
1851 3869 1907 3923 in
1933 3886 2085 3925 mar-

444 3957 672 4029 tyribus
702 3956 963 4029 patiendi
995 3957 1262 4012 ardorem
1283 3956 1500 4028 optime
1522 3956 1800 4012 describit
1847 3962 2087 4015 sanctus

445 4045 892 4118 Chrysostomus
914 4044 1175 4100 oratione
1195 4043 1253 4098 in
1285 4045 1635 4114 Romanum,
1667 4044 1964 4102 diabolum
2006 4047 2089 4103 ita

446 4133 783 4205 loquentem
818 4133 1194 4188 introducens
1225 4132 1387 4204 (59):
1417 4154 1449 4183 «
1499 4137 1720 4189 Prunas
1768 4134 2085 4206 substravi,

447 4222 506 4277 hi
555 4227 748 4278 autem
801 4225 1085 4293 tanquam
1136 4221 1207 4276 ad
1256 4236 1421 4276 rosas
1489 4221 1836 4291 currebant;
1887 4223 2083 4294 ignem

446 4310 705 4376 accendi,
753 4308 839 4365 illi
905 4313 1102 4365 autem
1168 4313 1453 4381 tanquam
1522 4309 1583 4363 in
1658 4310 1848 4367 fontes
1904 4327 2086 4383 aqua-

446 4414 578 4453 rum
609 4397 953 4471 frigidArum
985 4397 1214 4470 seipsos
1244 4396 1695 4469 projiciebant...
1718 4399 1789 4454 Et
1804 4403 2084 4472 tanquam

2207 3248 2492 3321 placuerit
2517 3253 2574 3304 et
2602 3249 2697 3304 hic
2724 3249 2871 3316 ﬁeri,
2903 3248 3043 3319 quid
3072 3248 3249 3304 facies
3278 3249 3349 3304 de
3378 3248 3556 3303 tantis
3583 3247 3855 3306 millibus

2196 3338 2525 3405 hominum,
2557 3342 2641 3393 tot
2664 3336 2805 3392 viris
2831 3341 2885 3392 et
2916 3336 3150 3392 feminis
3179 3336 3372 3393 omnis
3422 3353 3616 3407 sexus,
3647 3337 3855 3393 omnis

2198 3427 2406 3493 aetatis,
2437 3425 2630 3482 omnis
2660 3425 2987 3498 dignitatis,
3019 3426 3396 3481 offerentibus
3420 3440 3483 3481 se
3512 3425 3619 3481 tibi
3652 3424 3729 3479 ?»
3766 3426 3857 3481 De

2199 3532 2354 3571 nona
2384 3514 2786 3587 persecutione
2815 3514 3148 3586 Sulpicius:
3183 3535 3212 3565 «
3255 3514 3532 3570 Certatim
3583 3513 3851 3585 gloriosa

2197 3603 2256 3659 in
2282 3603 2605 3660 certamina
2633 3603 2939 3670 tuebatur,
2968 3602 3268 3673 multoque
3286 3601 3517 3657 avidius
3535 3604 3662 3657 tum
3682 3618 3854 3657 mar-

2195 3692 2347 3765 tyria
2376 3691 2647 3764 gloriosis
2678 3690 2966 3746 mortibus
3003 3692 3433 3761 quaerebantur,
3484 3707 3662 3761 quam
3685 3706 3855 3746 nunc

2195 3780 2567 3852 episcopatus
2580 3779 2778 3851 pronis
2792 3778 3213 3835 ambitionibus
3229 3783 3607 3850 appetuntur.
3618 3801 3639 3826 ι
3660 3779 3853 3846 Idem,

2195 3869 2369 3939 epist.
2407 3885 2467 3939 ξι
2493 3870 2564 3924 de
2594 3868 2657 3923 B.
2691 3867 2980 3923 Martino:
3014 3889 3043 3917 «
3075 3867 3223 3931 Quid
3274 3868 3325 3922 si
3384 3868 3436 3922 ei
3495 3867 3855 3923 Neronianis

2196 3957 2584 4028 Decianisque
2609 3955 2977 4027 temporibus
3007 3955 3065 4011 in
3093 3955 3194 4011 illa
3222 3971 3354 4026 quae
3407 3960 3545 4011 tunc
3593 3956 3849 4027 exstitit,

2195 4045 2474 4101 dimicare
2504 4044 2914 4117 congressione
2942 4043 3225 4112 licuisset,
3259 4048 3447 4099 testor
3486 4048 3666 4100 Deum
3708 4045 3850 4101 cceli

2196 4138 2371 4206 atque
2398 4138 2586 4199 terras,
2619 4136 2826 4205 sponte
2855 4132 3169 4203 equuleum
3203 4132 3755 4200 ascendisset,ultro
3783 4150 3854 4191 se

2196 4222 2432 4294 ignibus
2465 4220 2899 4277 intulisset...Si
2916 4236 3050 4277 vero
3081 4221 3346 4293 gentium
3367 4222 3624 4277 doctoris
3643 4237 3853 4279 exem-

2194 4312 2291 4383 plo
2314 4310 2508 4383 gladio
2541 4310 2855 4381 deputatus
2884 4310 3037 4365 inter
3066 4310 3233 4378 alias,
3268 4314 3333 4365 ut
3361 4326 3512 4382 saepe
3552 4311 3850 4382 provenit,

2192 4399 2459 4456 victimas
2488 4400 2816 4465 duceretur,
2850 4398 3076 4470 primus
3091 4398 3357 4455 omnium
3386 4399 3658 4455 carnifice
3677 4416 3851 4457 com-

443 4486 503 4541 in
537 4503 704 4542 sacra
733 4502 947 4557 pompa
976 4487 1218 4543 choreas
1249 4489 1508 4558 agentes,
1538 4490 1597 4543 et
1624 4487 1686 4543 in
1714 4487 1885 4543 viridi
1921 4493 2086 4560 prato
2120 4500 2165 4564 ι)
2194 4489 2386 4561 pulso,
2431 4487 2689 4559 palmam
2749 4487 3056 4559 sanguinis
3104 4492 3465 4559 occupasset.
3495 4509 3523 4537 »
3584 4489 3850 4546 Sanctus

438 4573 732 4640 ludentes,
764 4575 845 4630 ita
872 4578 1162 4630 tormenta
1190 4574 1441 4646 quisque
1494 4574 1761 4648 arripuit,
1802 4592 1918 4632 non
1949 4581 2088 4633 tau-

460 4803 625 4878 __(57)
656 4801 1014 4878 Boulopévou
1060 4801 1169 4878 γὰρ
1201 4806 1307 4878 ’τοῦ
1371 4801 1686 4878 ἀνθινζτάτοοΔ
1723 4804 1924 4878 πείθειν
1985 4806 2082 4864 αὖ-

440 4870 555 4944 τὸν,
603 4870 692 4928 παὶ
761 4870 937 4949 λένξιν
998 4870 1426 4949 (νεξῄᾞλὲγοντος)
1467 4875 1567 4949 Ιοὴν
1630 4874 1850 4949 ἡλικίαν
1918 4878 2083 4949 auito?)

442 4944 1029 5022 κᾳτοικτεῖραμέαυτῷ
1079 4944 1518 5022 tacendum-ﬁo
1563 4945 2081 5022 θηρίον-προσβια-

443 5015 930 5093 σάμενος,’τάχιον
978 5015 1075 5072 ’ἑοῦ
1125 5016 1311 5071 ἀδίκου
1350 5015 1437 5069 καὶ
1494 5015 1697 5089 ἀνόμου
1723 5015 1870 5109 βίοό
1911 5019 2085 5075 αὐτῶν

443 5086 830 5147 ἀπαλλαγῆναι
899 5088 1253 5147 βουλόμενος.
1309 5088 1402 5140 Ἐκ
1444 5084 1640 5142 τούτου
1692 5109 1783 5143 ουν
1859 5096 1961 5144 irim
2017 5092 2083 5147 τὸ

442 5108 830 5163 απαΛΛαγηναι
891 5108 1253 5179 ρουΛομενος.
1322 5108 1402 5140 nx
1444 5108 1640 5142 τουτου
1692 5109 1783 5143 ουν
1859 5110 1961 5144 παν
2017 5108 2081 5147 το

439 5155 651 5236 πλῇθος
718 5171 1005 5236 βαυμαᾳαν
1059 5160 1156 5236 τήν
1230 5156 1576 5236 ¹χενναιόριτηῌτα
1628 5164 1725 5236 τοῦ
1793 5159 2081 5236 θεοφιλοῦς

441 5226 844 5303 καὶυθεοσεϐοὖέ
874 5230 1058 5303 γένους
1090 5233 1197 5303 τῶν
1230 5226 1580 5303 Χριστᾲιανῶλν,
1614 5235 1722 5287 etc.

652 5296 929 5378 Zuvro'lmic
953 5377 956 5378 ν
983 5296 1318 5378 ἐπεπήξηοέν
1369 5296 1577 5378 εἶς-’τὸς
1597 5305 1726 5378 πῦρ,
1772 5302 2079 5378 χοὶ-κατᾳ-

445 5369 761 5455 πρφλεκται.
808 5373 984 5455 Epist.
1038 5372 1107 5426 ad
1167 5371 1304 5425 Fab.
1354 5371 1617 5427 Antioch.
1668 5369 1822 5446 apud
1867 5376 2076 5432 Euseb.

436 5442 537 5503 lib.
573 5460 648 5508 v1,
684 5460 813 5513 cap.
845 5442 931 5498 41.
1705 5442 1724 5446 “

440 5576 464 5593 _
512 5512 630 5582 (59)
678 5512 977 5593 ’Δνθροεκᾳς
1033 5510 1377 5593 ὕπςσιερρςσα,
1409 5513 1498 5593 _ol
1556 5509 1889 5593 8b_d)¢_‘%ﬂt
1948 5513 2080 5593 ῥᾴδα

437 5576 683 5660 ἔτρεχονο
714 5576 823 5658 πῦρ
854 5584 1051 5659 ἀνῆψα,
1084 5584 1137 5639 ot
1166 5576 1326 5648 ὅδ’ὡς
1362 5576 1456 5651 ἐἷς
1506 5587 1685 5662 πηγὰς
1727 5576 1957 5644 ὑδάτων’
1982 5590 2079 5662 ψυ-

2192 4576 2449 4633 Joannes
2478 4576 2928 4648 Clirysostomus
2958 4575 3227 4633 observat
3269 4575 3378 4632 sub
3428 4576 3671 4648 imperio
3729 4577 3851 4635 Ju-

2192 4810 2356 4884 χρῶν.
2376 4803 2597 4868 ἑαυτοὺς
2629 4802 2979 4884 ἰξρῥιψοενηηζ
3000 4804 3104 4861 Καὶ
3149 4802 3328 4884 ᾤ-οιπερ
3379 4805 3610 4884 ἐνιὶερᾷ.
3637 4809 3853 4884 πομπῇ

2190 4874 2514 4954 ῐορεύοντες
2567 4874 2667 4932 καῖ’
2693 4874 2773 4932 ’ἔν’
2814 4874 3044 4951 λειμῶνι
3085 4874 3359 4946 παίζονιὲες
3394 4874 3637 4953 χλοέρῷ,
3689 4874 3853 4950 (iure?

2190 4950 2287 5003 τὰς
2332 4923 2602 5003 τιιιωοῖας
2645 4946 2867 5003 ἕκαστος
2916 4948 3180 5003 ἥρπαζον.
3214 4946 3317 5003 οὖν
3363 4948 3436 5003 ὡς
3468 4950 3679 5003 ποινὰς-
3713 4948 3854 5003 ἀλλ’

2190 4948 2287 5011 ἴτ’ὰέ
2332 4970 2384 5003 τι
2436 4948 2602 5024 ωρῐας
2645 4948 2867 5010 ἕκαστος
2910 4948 3181 5023 ἥρπαζον,
3214 4948 3320 5022 οὐχ
3363 4948 3436 5009 (δέ
3468 4948 3679 5019 ποινὰς,
3713 4948 3849 5005 ἀλλ’

2191 5020 2274 5098 ὡς.
2318 4970 2449 5098 dign
2487 5015 2891 5098 λαμβάνοντες
2957 5019 3170 5098 ῥαρονὰ,
3216 5021 3314 5098 ,καὶ
3352 5020 3849 5098 ησςτςλφανούμξνορι,

2188 5091 2279 5146 καὶ
2311 5095 2393 5166 ,τῇ
2440 5085 2544 5160 πῆς
2596 5085 2794 5166 οἷκείᾳς
2843 5085 3165 5166 προθυμία(
3211 5085 3504 5165 ὑπερϐολῇ
3546 5085 3667 5155 τὰς’
3702 5085 3851 5165 ἐμὰξ

2188 5161 2529 5239 πρρέερθσείον
2560 5161 2847 5239 τιμωρίαςς

2261 5229 2399 5321 (60)"
2424 5229 2723 5321 ΙΙετξξίκόφί
2789 5231 2890 5321 γὰρ
2953 5230 3179 5321 Ξύῖοὺςη
3210 5232 3263 5285 οἱ
3319 5229 3713 5321 δξακοξαὶίμονες
3771 5235 3850 5289 τὸ

2191 5302 2310 5379 μὲν
2346 5302 2474 5379 ὅλον
2503 5303 2733 5379 -ἔσεσθαι
2789 5302 2878 5358 παὶ
2912 5377 2917 5379 _
2954 5303 3237 5379 βιώσςσθᾳι
3285 5302 3387 5379 ,τὸν
3455 5302 3561 5379 dei:
3606 5304 3842 5379 χρᾷνονσ

2191 5324 2285 5377 μεν
2346 5324 2474 5360 οΛον
2525 5324 2733 5367 εσεσυαι
2789 5324 2878 5358 και
2954 5324 3237 5376 μιωσεσυαι
3297 5324 3387 5357 τον
3455 5324 3535 5359 αει
3632 5324 3842 5379 δρονονο

2186 5374 2521 5452 «apidani
2559 5377 2981 5452 Διςσιτοιςρρονοῦεῖε
3030 5377 3128 5452 τοῦ
3173 5372 3418 5447 θανάτου,
3468 5374 3558 5431 καὶ
3606 5324 3846 5440 ἔχοντες

2185 5442 2377 5509 duini);
2406 5442 2745 5501 ἐπιδιδόασιν
2765 5442 2819 5501 οἱ
2849 5442 3074 5503 πολλοί.

2399 5517 2630 5573 Θάνατον
2660 5516 3025 5595 ,ἀσπάζεσθαῃ
3072 5514 3199 5591 οὐχ’
3246 5514 3327 5573 ὅτι
3391 5517 3574 5574 ἑαυτὸν
3622 5518 3843 5595 κατήγ-

2183 5586 2361 5665 γελλέ
2376 5600 2603 5667 φονευθη
2613 5586 2675 5644 σό
2682 5586 2869 5662 μενον.
