4064 6154
258 361 362 422 157

1037 352 1192 416 PRO
1234 353 1344 416 SS.
1390 352 1834 432 PERPETUA,
1879 352 2344 416 FELICITATE
2386 353 2486 416 ET
2531 353 2805 416 SOCllS.

3507 355 3626 416 158

253 491 368 549 stici
396 487 626 561 spiritus
677 485 926 557 fructus,
956 502 1072 542 non
1120 502 1268 558 quos
1299 484 1701 543 Tertullianus
1731 500 1860 540 am-
1890 488 1947 555 Α
1974 499 2089 557 quo
2135 485 2308 542 arbor
2354 485 2506 542 bona
2545 486 2732 544 malos
2775 485 3001 543 fructus
3058 486 3264 543 facere.
3299 504 3329 536 ι)
3385 485 3618 556 (Μαιιὴη

256 579 462 636 biliosis
487 574 817 647 inflatisque
845 576 1038 631 verbis
1067 575 1369 632 mentitur.

313 669 371 722 Χ.
400 667 509 722 Sed
539 672 624 720 est
652 665 724 721 ad
758 665 1102 736 Perpetuam
1123 664 1429 736 sociosque
1465 668 1748 736 martyres
1779 679 1871 719 re-

254 756 550 811 deundum.
576 753 718 824 Ejus
738 752 978 808 visionis
1005 769 1121 824 qua
1147 752 1258 808 sibi
1285 757 1530 808 mortem
1561 752 1872 808 imminere

258 845 518 915 Perpetua
547 848 603 897 et
624 843 874 898 Saturus
897 841 1322 912 intellexerunt,
1345 847 1403 897 et
1430 843 1500 897 de
1521 859 1639 914 qua
1661 842 1875 897 Basna-

251 935 364 1006 gius
391 937 690 1004 tantopere
718 930 1043 1002 cavillatur,
1078 931 1299 986 fructus
1342 931 1562 986 exstitit
1608 929 1872 1003 martyrii

251 1021 577 1088 candidatis,
602 1037 715 1092 quo
737 1019 1118 1092 expeditiores
1137 1020 1208 1074 ad
1230 1019 1415 1076 Deum
1439 1025 1704 1091 pergant,
1728 1021 1872 1079 adeo

252 1109 848 1174 necessarium,rerum
863 1109 1124 1163 omnium
1139 1107 1532 1164 humanarum
1548 1109 1870 1179 fastidium,

253 1221 276 1249 κ
308 1198 715 1265 intelleximus,
764 1197 976 1268 inquit,
1030 1197 1363 1268 passionem
1411 1213 1541 1253 esse
1587 1197 1870 1270 futuram,

252 1293 298 1343 et
323 1286 599 1358 coepimus
648 1284 872 1341 nullam
895 1286 1022 1356 jam
1052 1301 1216 1358 spem
1242 1285 1302 1340 in
1335 1285 1546 1341 saeculo
1575 1286 1810 1342 habere.
1843 1309 1867 1340 ι

253 1377 316 1431 Ex
343 1375 517 1430 altera
547 1374 772 1430 visione
801 1390 919 1444 qua
939 1374 1304 1429 Dinocratem
1328 1373 1384 1427 in
1409 1374 1595 1445 poenis
1614 1375 1778 1442 vidit,
1811 1375 1871 1432 id

253 1464 370 1520 boni
396 1463 690 1534 proﬂuxit,
715 1463 870 1533 quod
895 1463 1044 1517 mira
1067 1462 1125 1516 in
1157 1462 1342 1518 Deum
1373 1462 1587 1518 ﬁducia
1608 1463 1870 1535 praedita,

249 1551 435 1608 tandiu
464 1552 752 1622 Perpetua
778 1549 988 1606 cmlum
1025 1549 1174 1606 votis
1203 1555 1260 1604 et
1288 1549 1558 1622 lacrymis
1591 1551 1872 1623 fatigavit,

257 1639 488 1713 quandiu
512 1640 753 1694 fratrem
773 1639 961 1710 poenis
972 1639 1244 1706 eximere,
1260 1637 1388 1694 etin
1413 1639 1675 1709 requiem
1690 1644 1876 1696 trans-

257 1729 392 1784 ferre
428 1727 789 1799 promeruit:
841 1750 868 1776 «
911 1727 1288 1783 Confidebam
1333 1728 1700 1798 profuturam
1745 1744 1874 1785 ora-

252 1816 446 1871 tionem
475 1832 673 1871 meam
705 1814 887 1871 labori
919 1817 1070 1886 ejus,
1100 1820 1158 1871 et
1188 1815 1428 1871 orabam
1463 1833 1564 1888 pro
1593 1833 1660 1872 eo
1685 1816 1874 1872 omni-

253 1907 350 1960 bus
376 1905 607 1973 diebus,
666 1920 974 1975 quousque
1037 1903 1420 1960 transivimus
1477 1904 1536 1960 in
1584 1921 1874 1961 carcerem

253 1997 802 2048 castrensem.........
836 1996 894 2046 et
940 1992 1048 2048 feci
1075 2009 1176 2063 pro
1207 1991 1306 2046 illo
1345 1993 1666 2049 orationem
1698 1994 1791 2050 die
1821 1997 1880 2051 et

252 2085 412 2150 nocte,
462 2097 712 2152 gemens
742 2084 799 2136 et
827 2079 1160 2154 lacrymans
1200 2086 1268 2136 ut
1297 2080 1442 2136 mihi
1473 2083 1809 2139 donaretur.
1844 2104 1874 2135 ι»

251 2169 405 2224 Suam
453 2171 711 2226 Saturus
757 2186 989 2241 quoque
1040 2169 1324 2226 visionem
1355 2170 1518 2237 vidit,
1549 2175 1608 2227 et
1645 2172 1880 2243 propria

253 2273 406 2313 manu
435 2257 657 2313 litteris
689 2257 1070 2330 consignavit,
1103 2274 1232 2329 qua
1272 2258 1490 2330 pariter
1533 2258 1661 2315 sine
1685 2259 1878 2315 fructu

250 2363 348 2402 non
374 2348 626 2413 exstitit,
648 2352 708 2402 et
732 2346 912 2402 divini
937 2346 1194 2419 Spiritus
1219 2346 1589 2403 testimoniis.
1623 2348 1730 2403 Per
1749 2364 1878 2404 eam

253 2433 503 2506 Optatum
530 2435 693 2490 inter
711 2442 766 2490 et
793 2435 1105 2506 Aspasium
1127 2435 1315 2506 gratia
1343 2435 1734 2507 componitur.
1767 2437 1882 2493 Mo-

253 2528 401 2578 netur
429 2523 688 2595 Optatus
720 2527 784 2578 ut
830 2523 1057 2594 plebem
1107 2523 1379 2596 corrigat,
1412 2524 1658 2595 ejusque
1690 2541 1882 2581 mores

251 2617 572 2685 componat.
607 2613 852 2668 Saturus
873 2611 1312 2684 expergiscitur,
1335 2616 1391 2668 et
1419 2612 1492 2668 de
1520 2613 1718 2668 futura
1745 2628 1880 2685 pas-

249 2700 388 2757 sione
416 2702 664 2774 gaudet.
688 2703 810 2766 Quo
832 2705 1090 2772 tempore
1117 2717 1151 2756 a
1173 2700 1538 2758 ferocissima
1563 2717 1738 2758 vacca
1755 2702 1884 2758 Per-

249 2797 401 2860 petua
427 2791 486 2844 in
519 2789 960 2862 amphitheatro
1007 2794 1210 2846 vexata
1251 2795 1361 2859 est,
1394 2789 1453 2845 in
1485 2791 1700 2846 exstasi
1732 2790 1879 2848 fuit:

247 2879 671 2951 exspergefacta
687 2878 926 2950 pudoris
950 2877 1142 2950 potius
1161 2877 1616 2950 meminitquam
1642 2878 1880 2949 doloris,

247 2972 293 3021 et
322 2985 415 3038 pro
446 2967 612 3024 socia
637 2966 826 3039 magis
848 2983 1026 3038 quam
1059 2983 1161 3038 pro
1183 2983 1246 3022 se
1274 2966 1404 3039 ipsa
1433 2966 1704 3033 sollicita,
1732 2989 1760 3017 «
1785 2967 1884 3024 eli-

247 3073 355 3110 sam
384 3056 752 3112 Felicitatem
793 3071 924 3111 cum
963 3055 1225 3126 vidisset,
1277 3055 1523 3111 accessit
1549 3059 1609 3111 et
1636 3071 1880 3112 manum

249 3144 289 3199 ei
317 3146 576 3213 tradidit,
629 3150 687 3200 et
717 3143 1039 3201 sublevavit
1067 3143 1251 3200 illam.
1277 3165 1306 3194 ››
1347 3143 1447 3200 His
1476 3144 1728 3216 denique
1755 3161 1880 3200 ver-

1904 1853 1954 1918 B
2055 1852 2290 1927 Nullum,
2309 1852 2366 1908 id
2407 1855 2662 1927 temporis
2689 1855 2868 1927 fuisse
2919 1853 3250 1919 Carthagine

1979 589 2105 647 cap.
2138 591 2238 644 vn,
2271 591 2325 631 v.
2359 576 2427 631 16
2456 579 2513 632 et
2550 576 2742 648 seqq.)

2602 717 2833 774 CAPUT
2867 717 2989 775 VII.

1980 839 2322 880 PERPETUAM
2360 839 2670 886 SOCIOBQUE
2698 840 2996 879 MARTYRES
3036 837 3386 878 PROPHETICO
3423 838 3622 880 FUIBSE

2053 911 2280 951 SPIRITU
2332 911 2631 959 AFFLATOS,
2684 912 2756 949 EX
2798 911 3206 950 VATICINIORUI
3271 910 3504 949 EVENTIS
3561 911 3628 950 ET

2052 982 2362 1021 MIRACULIS
2402 982 2878 1022 DEMONSTRATUR.
2931 983 3130 1020 EORUM
3171 980 3499 1020 DOCTRINAM
3555 983 3625 1021 ET

2051 1052 2552 1092 CONVERSATIONEM
2569 1053 2765 1091 FUISSE
2780 1057 2812 1092 Α
2835 1051 3324 1091 MONTANISTARUM
3341 1051 3624 1092 DOGMATIS

2049 1124 2118 1163 ET
2154 1124 2470 1163 INSTITUTIS
2511 1124 2780 1170 PERQUAM
2817 1124 3076 1162 ALIENAS.

1980 1213 2024 1270 Ι.
2059 1216 2354 1284 Perpetua
2407 1214 2834 1270 revelationibus
2891 1221 3108 1268 eventus
3164 1213 3249 1284 in
3275 1212 3528 1284 omnibus
3583 1218 3634 1266 et

2051 1287 2123 1340 ad
2170 1282 2444 1339 amussim
2503 1285 2912 1355 responderunt.
2977 1285 3039 1338 [Ι.
3074 1284 3145 1339 De
3174 1282 3464 1355 miraculis
3508 1296 3632 1355 quae

2051 1357 2112 1411 in
2141 1359 2456 1427 nostrorum
2482 1353 2798 1427 martyrum
2839 1356 2982 1410 Actis
3005 1356 3352 1427 referuntur.
3373 1353 3476 1427 VIII.
3508 1353 3630 1427 Non

2051 1426 2208 1483 modo
2232 1431 2568 1508 martyrum,
2603 1424 2964 1508 sedhaliorum
2991 1424 3201 1508 quaque
3228 1424 3628 1508 ﬁdelium‘ani-

2053 1514 2172 1568 mas
2224 1494 2550 1568 Perpetuam
2597 1506 2649 1553 et
2696 1498 2958 1552 Saturam
2993 1494 3053 1552 in
3106 1494 3365 1568 paradiso
3407 1494 3625 1551 vidisse.

2055 1567 2149 1624 IV.
2210 1567 2344 1622 Cum
2419 1569 2701 1623 catholicis
2763 1567 3119 1639 martyribus
3181 1569 3627 1623 communicasse.

2055 1643 2124 1694 V.
2157 1641 2470 1695 Dinocratis
2496 1641 2748 1695 animam
2777 1642 2837 1694 in
2864 1644 3134 1696 alemam
3161 1640 3396 1708 gloriam
3428 1643 3631 1708 Perpe-

2064 1655 2124 1694 v.
2157 1655 2470 1695 umocraus
2496 1657 2748 1695 animam
2777 1657 2837 1694 ιη
2864 1655 3134 1696 aeternam
3196 1655 3396 1694 loriam
3428 1655 3631 1708 Perpe-

2055 1718 2162 1766 tuz
2191 1711 2443 1778 precibus
2490 1713 2665 1782 fuisse
2705 1709 3057 1767 translatum.
3108 1655 3201 1764 Vl).
3229 1710 3486 1782 Optatum
3515 1710 3632 1782 epi-

2055 1798 2276 1851 scopum
2307 1785 2366 1836 in
2413 1780 2554 1838 Actis
2603 1791 2964 1838 memoratum
3010 1781 3296 1836 catholicis
3321 1780 3633 1851 prae/uisse.

3329 1852 3496 1907 cnlan
3504 1852 3642 1906 ista-

2053 1941 2181 1980 rum
2204 1923 2530 1996 episcopum}
2563 1923 3025 1980 VllINostrorum
3053 1928 3363 1996 martyrum
3408 1923 3469 1976 in
3505 1937 3636 1996 car-

2055 2011 2176 2051 cere
2202 1993 2387 2051 victus
2423 1997 2725 2051 communis
2754 2000 2804 2050 et
2854 1997 3092 2050 usitatus
3120 1997 3169 2050 et
3208 1993 3245 2048 'a
3273 1993 3634 2049 Montanista-

2055 2083 2180 2139 run;
2211 2066 2276 2122 de
2287 2067 2505 2139 jejunio
2526 2067 2740 2139 legibus
2759 2068 3003 2139 maxim
3029 2064 3345 2139 abhorrens.
3377 2063 3526 2119 VIII.
3558 2063 3634 2117 De

2053 2134 2353 2193 catholicae
2374 2134 2634 2194 Ecclesia,
2659 2139 2716 2192 in
2745 2139 2859 2192 suis
2889 2135 3103 2191 alendis
3111 2134 3470 2262 ﬁvendisque
3497 2149 3632 2189 con-

2057 2210 2354 2262 lessoribus
2405 2207 2798 2262 sollicitudine.
2869 2208 2957 2262 IX.
3010 2206 3106 2261 Cat
3181 2207 3311 2262 lices
3360 2208 3632 2262 martures

2054 2210 2354 2280 fessoribus
2401 2207 2798 2280 sollicitudine.
2869 2208 2957 2263 IX.
3010 2206 3311 2280 catholicos
3360 2206 3632 2280 martyres

2054 2276 2311 2360 paratum
2339 2279 2448 2360 sibi
2484 2278 2731 2350 ﬁdelium
2774 2280 2983 2360 pietate
3002 2279 3201 2360 cibum,
3393 2285 3445 2360 et
3492 2276 3629 2360 deli-

2055 2344 2208 2422 cias,
2234 2344 2551 2422 neutiquam
2599 2344 2888 2422 respuisse.
2937 2348 3006 2405 Χ.
3054 2349 3456 2420 Disputationis
3502 2344 3626 2400 ἀνα-

2057 2418 2444 2499 κεφάλαίωσιξ.

2061 2527 2105 2584 I.
2137 2531 2276 2584 Post
2304 2543 2497 2583 mores
2540 2527 2958 2599 prophetarum
2991 2542 3313 2598 eorumque
3341 2523 3632 2581 visionum

1989 2615 2235 2682 fructus,
2267 2632 2337 2672 ex
2364 2615 2579 2687 quibus
2610 2615 2934 2672 maximum
2965 2631 3198 2688 semper
3226 2615 3286 2670 in
3316 2614 3476 2671 hisce
3504 2629 3638 2670 con-

1990 2705 2292 2762 troversiis
2349 2703 2754 2776 praejudicium
2806 2703 3064 2770 exstitit;
3137 2719 3206 2759 ex
3264 2701 3637 2760 oraculorum

1989 2798 2197 2850 eventu
2251 2792 2440 2864 prima
2483 2792 2806 2866 prophetici
2851 2793 3106 2865 Spiritus
3137 2791 3400 2848 nascitur
3441 2791 3636 2861 conje-

1990 2887 2178 2938 ctura.
2202 2882 2345 2937 Nam
2369 2881 2417 2936 si
2441 2882 2646 2936 affectu
2671 2880 2906 2937 oracula
2926 2885 3180 2945 careant,
3199 2880 3354 2936 illico
3371 2881 3636 2934 animum

1991 2971 2279 3027 dubitatio
2323 2969 2502 3039 subit,
2537 2986 2680 3024 num
2735 2969 3029 3042 prophetae
3080 2974 3335 3024 mentem
3385 2967 3639 3039 Spiritus

1991 3063 2232 3116 sanctus
2264 3058 2568 3125 afﬂaverit,
2619 3074 2693 3113 an
2719 3058 2921 3129 potius
2973 3064 3075 3113 aut
3104 3056 3346 3128 maligni
3397 3055 3640 3128 spiritus

1996 3147 2280 3216 seductio,
2304 3150 2406 3201 aut
2428 3145 2671 3201 humani
2693 3162 2903 3203 sensus
2919 3145 3177 3218 deceptio
3200 3145 3391 3201 fuerit.
3417 3143 3640 3215 Saepius

246 3232 323 3290 bis
349 3210 569 3305 quibus
606 3233 770 3289 nulla
789 3232 977 3305 magis
1009 3232 1381 3290 fortissimam
1407 3210 1725 3306 martyrem
1747 3250 1883 3290 san-
1913 3210 1958 3280 (ἶ
1997 3210 2356 3292 memoratus
2385 3234 2652 3291 Asterius
2678 3233 3009 3292 Maximillae
3030 3210 3304 3307 spiritum
3327 3234 3436 3290 hoc
3461 3210 3638 3305 potis~

248 3323 682 3394 clissimamque
713 3323 1018 3393 decebant,
1051 3323 1287 3378 fratrem
1320 3321 1572 3378 allocuta
1601 3326 1726 3379 est:
1767 3343 1795 3375 ι
1821 3324 1884 3379 In

249 3409 345 3466 fide
372 3417 544 3479 state,
569 3415 636 3467 et
658 3410 900 3466 invicem
922 3426 1127 3466 omnes
1147 3410 1400 3482 diligite;
1433 3415 1488 3467 et
1511 3410 1886 3482 passionibus

253 3501 446 3556 nostris
477 3517 554 3556 ne
588 3498 1091 3555 scandalizemini.
1117 3521 1146 3548 »
1185 3499 1264 3567 Si,
1299 3500 1385 3556 uti
1416 3500 1632 3572 saepius
1661 3500 1886 3556 dictum

253 3593 342 3658 est,
370 3593 432 3645 ut
461 3605 532 3646 ex
566 3588 864 3644 fructibus
902 3592 1172 3644 naturam
1203 3588 1451 3657 arboris,
1483 3589 1564 3645 ita
1609 3605 1680 3646 ex
1706 3589 1888 3646 visio-

252 3692 374 3732 num
401 3685 458 3734 et
498 3676 928 3734 revelationum
987 3677 1178 3732 fructu
1210 3693 1326 3748 quo
1383 3677 1665 3749 propheta
1715 3677 1890 3734 fuerit

252 3763 449 3836 Spiritu
472 3767 741 3836 alﬂatus,
771 3780 1086 3836 agnoscere
1113 3781 1180 3820 ac
1209 3766 1536 3836 dijudicare
1564 3767 1884 3822 debemus:

254 3854 370 3923 quis
385 3855 650 3926 amplius
666 3853 978 3918 dubitabit,
999 3853 1218 3924 Spiritu
1237 3859 1438 3909 sancto
1456 3853 1687 3924 plenam
1707 3853 1890 3910 fuisse

253 3941 610 4014 Perpetuam,
669 3959 922 4014 eumque
982 3941 1248 3997 divinum
1307 3942 1588 4014 Spiritum
1648 3958 1888 3999 causam

255 4030 325 4085 illi
355 4033 719 4102 uberemque
749 4030 967 4086 fontem
998 4029 1289 4087 exstitisse
1319 4030 1642 4087 caelestium
1671 4031 1888 4088 revela-

256 4119 460 4176 tionum
479 4121 508 4176 ?
531 4119 836 4192 Malignus
861 4119 1020 4175 enim
1042 4119 1286 4192 spiritus
1317 4136 1433 4174 non
1466 4119 1572 4176 has
1603 4119 1687 4175 illi
1719 4119 1891 4176 visio-

257 4209 739 4275 nesimmisisset,
762 4224 830 4264 ex
862 4208 1079 4280 quibus
1108 4209 1180 4264 ad
1203 4208 1467 4280 martyrii
1496 4207 1888 4280 tolerantiam,

257 4297 317 4350 ad
346 4299 534 4353 saeculi
571 4300 998 4369 contemptum,
1039 4300 1098 4352 et
1125 4295 1196 4352 ad
1229 4296 1494 4352 omnium
1533 4296 1892 4354 Christiana-

262 4401 378 4440 rum
403 4388 689 4442 virtutum
721 4391 886 4442 actus
917 4385 1283 4441 inﬂammata
1313 4385 1639 4458 plurimum
1665 4390 1791 4455 est;
1823 4402 1894 4443 ex

269 4474 457 4542 quibus
486 4475 648 4541 ﬁdei,
679 4474 826 4546 spei,
853 4473 1182 4544 charitatis,
1213 4473 1535 4548 religionis,
1571 4475 1890 4544 modestia,

1994 3325 2211 3380 simum
2234 3329 2576 3396 argumento
2600 3323 2871 3380 falsitatis
2903 3323 3210 3389 convincit,
3234 3323 3389 3394 quod
3422 3339 3533 3378 non
3560 3337 3642 3376 re-

1994 3413 2298 3485 sponderit
2320 3412 2607 3469 vaticiniis
2645 3413 2908 3469 effectus.
2939 3412 3169 3468 Etenim
3214 3427 3349 3468 cum
3381 3409 3480 3464 illa
3509 3413 3641 3480 post

1995 3517 2171 3558 suum
2203 3501 2426 3557 obitum
2453 3500 2607 3558 bella
2628 3505 2684 3558 et
2709 3500 2996 3558 tumultus
3022 3500 3329 3556 imminere
3350 3496 3645 3571 przedixis~

1995 3594 2106 3659 set,
2138 3589 2476 3646 diuturnam
2499 3606 2702 3662 pacem
2723 3606 2855 3645 cum
2889 3589 3203 3661 imperium
3234 3585 3489 3643 obtinuit
3510 3589 3639 3641 tum

1996 3677 2330 3735 Christiana
2359 3677 2709 3750 respublica.
2762 3679 2824 3733 In
2853 3679 3055 3734 eodem
3085 3692 3317 3748 quoque
3346 3675 3516 3743 libro,
3547 3674 3644 3729 in-

1997 3767 2126 3840 quit
2152 3766 2438 3824 Eusebius
2463 3768 2535 3823 de
2559 3765 2769 3822 Asterii
2815 3767 3094 3822 adversus
3139 3765 3526 3821 Montanistas
3556 3763 3646 3819 lu-

1997 3855 2466 3922 cubrationibus,
2488 3855 2734 3928 loquens
2755 3856 2894 3927 (72),
2915 3876 2943 3904 «
2979 3855 3290 3925 Postquam
3323 3854 3476 3911 158
3510 3869 3651 3908 non-

1998 3944 2161 4000 nulla
2191 3945 2263 4000 ad
2297 3943 2502 4000 falsam
2547 3943 2703 3999 illam
2736 3942 3062 4000 Maximillae
3093 3941 3456 4014 prophetiam
3505 3957 3646 3995 con-

1997 4034 2340 4090 vincendam
2366 4033 2720 4099 interseruit,
2746 4037 2870 4088 tum
2895 4037 3128 4103 tempus
3161 4031 3354 4103 ipsum
3386 4046 3501 4102 quo
3523 4029 3645 4084 haec

2000 4121 2216 4194 scripta
2247 4127 2387 4178 sunt
2415 4121 2703 4193 designat,
2737 4125 2862 4177 tum
2892 4118 3155 4176 mulieris
3186 4118 3344 4174 illius
3373 4117 3641 4172 vaticinia

2000 4215 2440 4278 commemorat,
2478 4211 2693 4282 quibus
2742 4209 2892 4265 bella
2920 4213 2977 4265 et
3007 4207 3295 4264 tumultus
3337 4206 3649 4262 imminere

2002 4299 2367 4373 praedixerat.
2393 4322 2420 4350 »
2444 4299 2704 4363 Quorum
2730 4298 2965 4370 quidem
2984 4296 3392 4353 vaticiniorum
3426 4295 3648 4351 falsita-

2002 4393 2118 4444 tem
2139 4387 2429 4444 convincit
2447 4387 2539 4442 his
2557 4387 2778 4442 verbis:
2806 4407 2834 4437 ‹‹
2857 4386 3080 4450 Nonne,
3105 4384 3318 4456 inquit,
3343 4383 3518 4440 etiam
3540 4383 3650 4439 hoc

2005 4477 2374 4533 mendacium
2398 4476 2674 4531 omnibus
2699 4475 3074 4530 manifestum
3093 4473 3400 4546 apparuit?
3421 4472 3646 4529 Etenim

264 4561 529 4632 patientia:
577 4579 744 4637 seges
790 4563 1157 4636 amplissima
1205 4564 1578 4637 germinavit,
1627 4565 1781 4622 152
1825 4581 1895 4620 ex
1924 4578 1970 4642 ι)
2002 4566 2075 4621 ab
2107 4565 2268 4621 obitu
2301 4563 2630 4620 Maximillae
2653 4579 2841 4635 usque
2875 4563 2932 4618 in
2963 4562 3120 4618 hunc
3149 4563 3301 4619 diem
3335 4562 3648 4635 plusquam

263 4650 458 4720 quibus
485 4651 635 4709 nihil
669 4669 784 4708 non
837 4657 1106 4708 sanctum
1140 4653 1431 4724 proﬂuxit,
1467 4652 1612 4709 nihil
1643 4654 1894 4726 denique

259 4741 396 4808 quod
428 4757 569 4798 cum
610 4740 880 4797 Ecclesizs
929 4741 1178 4798 utilitate
1227 4743 1605 4814 conjunctum
1651 4741 1892 4798 omnino

259 4843 362 4884 non
393 4837 569 4886 esset.
602 4854 628 4880 α
651 4829 932 4902 Nunquid
966 4830 1250 4903 colligunt
1279 4831 1352 4886 de
1381 4831 1570 4903 spinis
1602 4847 1764 4898 uvas,
1794 4835 1894 4886 aut

259 4916 324 4972 de
349 4919 586 4976 tribulis
616 4921 763 4976 ﬁcus
784 4919 812 4973 ‘l
833 4918 927 4975 Sic
956 4918 1152 4974 omnis
1181 4919 1353 4974 arbor
1381 4919 1534 4974 bona
1562 4920 1746 4975 bonos
1771 4920 1893 4975 fru-

262 5011 384 5064 ctus
411 5010 587 5077 facit;
639 5008 794 5064 mala
823 5012 1017 5064 autem
1061 5008 1236 5064 arbor
1264 5007 1449 5064 malos
1479 5007 1705 5064 fructus
1735 5007 1890 5067 facit.

260 5093 375 5150 Non
403 5102 595 5170 potest
623 5098 798 5154 arbor
836 5097 990 5153 bona
1018 5095 1206 5152 malos
1255 5095 1484 5152 fructus
1514 5097 1740 5155 facere:
1791 5113 1894 5155 ne-

323 5239 431 5309 (72)
508 5239 595 5322 ἘΞ
664 5239 880 5328 rapuit,
899 5231 958 5328 8:3
1012 5235 1198 5328 ﬁd‘lw,
1245 5232 1412 5328 Ιἕτεροι
1489 5236 1706 5322 μεταξὺ.
1756 5237 1892 5328 πρξς

260 5302 475 5383 {ig-ab»
532 5312 636 5361 τῶν
682 5310 781 5376 τῆς
816 5302 962 5377 ⁷Μαξι
1020 5302 1193 5378 ίλληις⁷
1231 5302 1747 5434 ῒευδοπρὸςξτςτέιῶν
1801 5302 1894 5363 ἐῖ-

261 5379 387 5434 πὼν.
442 5379 586 5434 ὁμοῦ
633 5378 722 5432 τόν
778 5397 838 5434 τε
885 5329 1105 5434 vetitos).
1163 5400 1231 5434 κα
1265 5386 1278 5406 ’
1308 5377 1365 5434 ὅν
1396 5383 1527 5434 ταῦτ
1574 5376 1894 5434 έγοαωεση-

261 5376 413 5456 πὼςὶῗ
442 5379 587 5456 ὁμοξ
633 5378 722 5456 xciv
778 5397 838 5434 τε
885 5376 1105 5456 χρᾷνον,
1139 5376 1278 5456 ⁷κᾳθ’
1308 5377 1365 5436 ὅν
1396 5376 1547 5456 retiis"
1574 5376 1769 5456 ἕγραφλε
1787 5401 1895 5456 e1-

265 5451 452 5517 μαίνει,
482 5447 591 5502 διαὶ
639 5454 744 5502 τῶν
774 5447 1128 5542 προρβήσεών
1174 5451 1342 5521 αὐτῆς
1400 5447 1693 5542 μέμνητ’άι.
1717 5447 1799 5505 ’δι’
1822 5447 1895 5506 ὧν

265 5519 335 5542 ,με’
392 5521 441 5542 γε
546 5523 590 5542 I,
636 5518 719 5542 5,\
840 5541 856 5542 η
987 5520 1069 5542 ’Δί
1211 5520 1280 5542 τῇ
1366 5524 1379 5542 \
1550 5541 1553 5542 ν
1657 5527 1690 5542 ν
1735 5520 1749 5538 \
1821 5526 1849 5537 ι-

260 5519 340 5597 ita?
384 5521 485 5588 τὴν
534 5518 1152 5597 ψευδᾳλογίαῇέῦθύνει
1204 5518 1310 5577 ὧδε
1360 5518 1623 5597 λέγῴνία
1655 5520 1894 5597 Καὶιπῷς

264 5589 315 5676 0.3‘
344 5589 638 5666 καναφπίνὶς
669 5589 995 5686 ᾔδη’γέχονε
1024 5593 1114 5647 καὶ
1143 5597 1303 5648 τοῦτο
1331 5595 1395 5649 τὸ
1438 5589 1663 5717 ξεῦδος,
1712 5589 1893 5648 πλείω

264 5680 352 5717 γαρ
408 5664 442 5717 ἢ
492 5661 833 5717 τοισκαίδεκα
876 5686 968 5717 ετη
1028 5663 1106 5717 ei:
1151 5663 1352 5717 ταύτην
1412 5685 1441 5717 τ
1473 5684 1512 5717 ,ν
1561 5663 1790 5717 ἢιιὲοαν.
1840 5663 1892 5717 εξ

262 5661 352 5736 γὰρ
408 5664 442 5732 ἢ
492 5661 833 5736 τρισκαίδεκά
876 5661 968 5737 ἔτη
1028 5663 1106 5728 εἰς
1151 5663 1352 5738 ταύτην
1412 5661 1512 5735 τήν
1561 5663 1790 5740 ἡμέραν,
1840 5663 1893 5738 εξ

2003 4653 2283 4710 tredecim
2315 4651 2450 4707 anni
2489 4653 2611 4722 jam
2647 4651 2828 4722 elapsi
2873 4656 3048 4708 sunt:
3103 4669 3210 4708 nec
3239 4656 3431 4706 tamen
3465 4651 3647 4706 ullum

2003 4746 2106 4798 aut
2135 4740 2484 4813 particulure
2505 4738 2726 4795 bellum
2757 4744 2859 4796 aut
2881 4740 3210 4796 universale
3234 4740 3291 4794 in
3316 4739 3485 4795 terris
3519 4739 3644 4793 fuit.

2004 4830 2126 4886 lmo
2157 4829 2506 4884 Christianis
2526 4827 2818 4900 praecipua
2841 4830 3092 4901 quadam
3117 4826 3514 4884 misericordia
3538 4841 3650 4896 pax

2004 4917 2234 4974 stabilis
2261 4923 2318 4974 et
2342 4918 2509 4974 firma
2533 4917 2872 4990 permansit.
2898 4939 2926 4970 »
2964 4921 3140 4990 Atque
3160 4917 3281 4972 hac
3310 4917 3367 4970 in
3392 4913 3650 4971 secundo

2003 5005 2281 5080 leguntur
2327 5005 2494 5062 libro.
2548 5004 2762 5063 Contra
2811 5024 2946 5063 vero
2993 5006 3248 5062 Ecclesia
3277 5000 3652 5076 Smyrnensis

2003 5095 2387 5170 Polycarpum
2419 5096 2552 5169 (73),
2589 5117 2618 5147 «
2648 5097 2945 5153 doctorem
2977 5093 3358 5168 apostolicum
3411 5094 3468 5146 et
3515 5105 3649 5161 pro-

2004 5237 2066 5293 οὗ
2105 5234 2482 5309 τετελεύτηκεν
2515 5239 2549 5306 ἡ
2581 5237 2742 5312 γυνὴ,
2773 5237 2863 5291 καὶ
2896 5231 3017 5290 οὔτε
3054 5233 3279 5358 replied:
3322 5228 3446 5286 οὕτε
3493 5241 3649 5294 καθο-

2005 5307 2157 5358 λικὸε
2203 5309 2396 5358 auidum
2443 5307 2627 5358 γέγονε
2675 5307 2918 5358 πόλεμος
2945 5325 2956 5336 ⁸
3015 5305 3047 5358 ἀ
3091 5305 3160 5358 λα
3187 5303 3274 5356 καὶ
3305 5304 3648 5358 Χοιστιανοῖς

2005 5307 2157 5385 λυεὸμς
2203 5303 2396 5385 attigisti}
2443 5303 2627 5385 γέγρνέ
2675 5303 2956 5385 ττὸὶεεμρς⁸
3015 5303 3274 5385 ἀλλὰ-καὶ
3305 5304 3648 5385 Χριςτιανᾱολς

2007 5379 2218 5447 μᾶλλον
2253 5373 2738 5451 εΓῆνηἜὶάμονος
2769 5373 2828 5448 ἐξ
2850 5376 3035 5436 ἐλέους
3067 5379 3197 5429 Θεοῦ
3223 5393 3236 5407 ·
3271 5399 3299 5426 »
3341 5373 3432 5429 δὶαὶ
3480 5373 3647 5430 ταῦτα

2007 5451 2062 5508 δὲ
2092 5451 2152 5507 ἐκ
2178 5455 2276 5507 τοῦ
2305 5400 2557 5508 ἒευτέρου
2589 5450 3032 5508 συγγράμματος.
3071 5447 3186 5502 Lib.
3220 5464 3251 5502 ν
3282 5449 3430 5504 Hist.
3453 5449 3642 5505 eccles.

2005 5451 2062 5508 δὲ
2092 5451 2152 5507 ἐκ
2175 5455 2276 5526 τοῦ
2305 5447 2557 5526 δευτέρου
2575 5447 3032 5524 Ἲσυγγράμματος.
3071 5447 3186 5502 Lib.
3220 5464 3251 5502 ν
3282 5449 3430 5504 Hist.
3453 5449 3642 5505 eccles.

2005 5525 2574 5668 cagSgéoAiSdoxxlo;
2612 5587 2986 5668 dnocrohxp;
3047 5587 3135 5668 κριὶ
3189 5588 3650 5668 προφητικός...-τ.

2003 5659 2114 5724 ΙΙΞὶν
2162 5659 2266 5744 Ῠὰρ
2316 5663 2469 5744 ῥῆμα
2530 5662 2560 5721 6'
2609 5661 2866 5739 ἐξαφῆκεν
2919 5659 2980 5717 ἐκ
3005 5662 3105 5716 τοῦ
3163 5659 3432 5737 «suam
3461 5661 3649 5732 αὐτοῦ,
