4064 6154
319 297 443 369 159

1474 298 1989 371 DISSERTATI
2029 297 2574 372 APOLOGETICA
2621 366 2625 371 ,

3603 303 3729 365 160

310 428 605 501 pheticum
637 429 838 499 fuisse,
873 452 901 480 »
933 431 1067 487 inde
1097 431 1480 496 demonstrat,
1515 433 1672 504 quod
1705 454 1733 482 «
1778 448 1951 489 omne
1979 433 2036 511 Α
2063 435 2160 489 tus
2192 430 3475 505 leopardumexperti,etiamsuperpulpitum
3494 436 3567 490 ab
3585 450 3726 492 urso

308 520 569 585 verbum,
604 520 756 589 quod
791 535 856 574 ex
888 536 986 575 ore
1017 537 1123 576 suo
1155 521 1372 588 emisit,
1406 524 1507 576 aut
1528 520 1833 592 impletum
1866 537 1951 577 es~

309 609 416 672 set,
451 611 552 661 aut
579 612 1009 679 exspectaretur
1039 608 1426 679 implendum.
1464 631 1491 659 ››
1523 609 1738 665 Eodem
1762 614 1817 664 et
1850 625 1952 663 nos

308 700 649 767 argumento
681 700 963 768 martyres
1014 700 1247 753 nostros
1297 698 1628 770 prophetico
1687 698 1953 769 perfusos

308 784 491 841 fuisse
515 784 725 856 spiritu
747 785 1302 842 demonstrabimus.
1339 786 1642 858 Siquidem
1667 786 1953 858 quidquid

308 872 393 929 eis
423 872 741 927 revelatum
772 878 882 940 est,
912 883 963 929 et
987 890 1164 930 omne
1181 877 1420 930 verbum
1454 875 1607 947 quod
1634 891 1702 930 ex
1726 891 1822 931 ore
1847 891 1953 930 suo

309 961 631 1018 emiserunt
677 958 995 1032 ἐτελειώθη,
1040 964 1323 1034 impletum
1365 973 1458 1036 est,
1497 980 1835 1036 quanquam
1885 979 1955 1029 ex

308 1067 508 1108 eorum
533 1066 743 1123 genere
775 1056 988 1120 essent,
1024 1069 1269 1124 quorum
1297 1053 1576 1124 prtenotio
1594 1053 1665 1108 ad
1697 1052 1952 1108 divinam

305 1143 534 1197 tantum
565 1140 912 1212 sapientiam
936 1141 1207 1212 pertinet,
1234 1141 1568 1213 cujusmodi
1597 1145 1736 1196 sunt
1756 1142 1952 1196 futura

306 1228 723 1301 contingentia,
757 1246 823 1284 ea
854 1230 1176 1300 praesertim
1201 1247 1327 1302 quae
1350 1247 1419 1286 ex
1442 1229 1621 1286 libera
1642 1229 1828 1302 ipsius
1850 1229 1951 1285 Dei

306 1322 409 1374 aut
440 1317 741 1375 hominum
771 1318 1066 1374 voluntate
1096 1319 1445 1391 dependent.
1478 1318 1624 1374 Cum
1656 1318 1848 1373 adhuc
1892 1317 1951 1373 in

302 1404 525 1461 incerto
557 1422 649 1461 res
676 1411 1006 1460 versaretur
1035 1424 1108 1461 an
1160 1408 1357 1478 passio
1415 1407 1613 1461 futura
1666 1410 1840 1473 esset,
1877 1423 1951 1460 an

306 1498 688 1561 commeatus,
743 1494 1075 1565 passionem
1145 1511 1273 1551 esse
1332 1495 1588 1551 futuram
1670 1496 1953 1566 Perpetua

305 1583 496 1656 priore
524 1600 635 1643 sua
672 1583 1017 1639 revelaticne
1047 1583 1366 1652 intellexit;
1400 1588 1457 1640 et
1503 1583 1700 1655 passio
1751 1599 1951 1654 reapse

304 1676 506 1729 secuta
524 1676 632 1729 est.
665 1672 779 1728 Nec
811 1672 1001 1728 solum
1032 1673 1194 1744 passi
1235 1676 1376 1729 sunt
1411 1676 1717 1745 martyres,
1750 1672 1850 1728 sed
1882 1687 1948 1727 eo

306 1761 482 1817 etiam
514 1760 738 1831 ordine,
754 1778 868 1832 quo
894 1760 1025 1817 illos
1047 1762 1331 1834 Perpetua
1353 1778 1629 1835 passuros
1650 1777 1779 1817 esse
1800 1777 1946 1833 prm-
1979 1797 2027 1869 Β

306 1848 481 1869 μω.-
516 1848 783 1869 mnu”-
846 1849 985 1869 ψεμ
1048 1868 1069 1869 η
1362 1849 1497 1869 ,__.,
1529 1866 1563 1869 _-
1637 1850 1941 1869 ,ηηλμ

302 1848 482 1906 vidit:
516 1848 792 1905 Saturum
840 1849 991 1904 enim
1044 1849 1295 1923 priorem
1353 1849 1573 1906 scalam
1632 1850 1949 1906 ascendere

305 1937 590 2010 Perpetua
618 1938 921 2010 conspexit
946 1963 960 2007 ;
990 1939 1146 2010 prior
1175 1951 1371 1995 autem
1404 1939 1616 2011 reipsa,
1644 1946 1705 1994 ut
1730 1938 1951 2010 passio-

306 2027 400 2083 nis
429 2030 630 2083 auctor
658 2027 947 2094 observat,
981 2029 1327 2100 martyrium
1369 2028 1616 2083 Saturus
1669 2043 1949 2083 consum-

306 2115 522 2172 mavit:
556 2137 585 2169 ‹‹
615 2118 881 2187 Saturus,
917 2116 1015 2187 qui
1078 2120 1136 2171 et
1168 2116 1324 2188 prior
1343 2116 1563 2172 scalam
1587 2114 1947 2184 ascenderat,

305 2205 465 2277 prior
488 2204 747 2260 reddidit
776 2204 1227 2276 spiritum.Nam
1249 2208 1305 2260 et
1330 2205 1674 2277 Perpetuam
1700 2203 1952 2260 sustine-

306 2294 426 2351 bat.
463 2315 485 2343 ι
521 2292 854 2350 Hilarianus
871 2297 1214 2364 procurator
1234 2293 1537 2350 universos
1550 2295 1674 2365 jam
1697 2310 1953 2365 pronun—

305 2382 548 2438 tiaverat
585 2385 641 2437 et
669 2382 979 2438 damnarat
1009 2383 1077 2437 ad
1112 2382 1352 2448 bestias,
1379 2399 1513 2438 cum
1542 2383 1953 2450 altera,sancta

307 2471 509 2529 eadem
540 2470 849 2542 Perpetua,
884 2470 1228 2527 revelatione
1285 2471 1576 2544 cognovit,
1620 2486 1677 2527 se
1742 2486 1852 2526 non
1883 2470 1953 2526 ad

309 2561 531 2629 bestias,
556 2563 621 2616 ut
650 2559 752 2629 ait,
782 2560 883 2615 sed
907 2568 1097 2615 contra
1124 2559 1407 2616 diabolum
1449 2567 1861 2632 pugnaturum;
1894 2559 1951 2615 id

308 2650 399 2713 est
426 2662 766 2719 supremum
821 2647 933 2703 sibi
985 2648 1466 2719 durissimunque
1513 2654 1807 2704 certamen
1852 2648 1953 2704 ad-

307 2752 513 2795 versus
536 2736 753 2795 bestias
794 2753 909 2793 non
962 2737 1100 2807 fore,
1164 2738 1265 2793 sed
1326 2738 1605 2794 adversus
1654 2736 1954 2793 diabolum

311 2841 565 2898 quocum
600 2825 714 2882 sibi
731 2825 855 2881 visa
872 2826 1061 2881 fuerat
1081 2826 1139 2880 in
1162 2842 1340 2882 arena
1360 2825 1709 2883 luctari.Res
1724 2830 1789 2881 ut
1809 2843 1955 2898 prte-

309 2914 431 2971 visa
459 2918 568 2982 est,
596 2914 679 2969 ita
710 2913 899 2971 evenit
924 2931 937 2969 :
971 2915 1177 2971 bestiis
1208 2916 1455 2986 objecta,
1489 2914 1719 2971 nullum
1749 2915 1823 2971 ab
1870 2916 1956 2972 eis

312 3003 572 3060 dolorem
602 3007 837 3075 experta
864 3007 955 3059 est
973 3020 995 3067 ;
1026 3004 1126 3060 sed
1157 3004 1604 3061 acerbissimum
1651 3004 1954 3073 sustinuit,

312 3109 445 3150 cum
504 3110 539 3149 a
595 3092 909 3164 gladiatore
966 3095 1113 3149 inter
1138 3102 1309 3150 costas
1353 3098 1558 3165 puncta
1598 3095 1954 3151 exutulavit:

313 3182 409 3239 cui
438 3184 639 3254 postea
668 3181 939 3254 jugulum
970 3182 1231 3254 praebens
1263 3183 1333 3238 de
1364 3182 1598 3240 diabolo
1633 3182 1959 3255 triumpha-
1989 3166 2032 3235 α

313 3270 417 3339 vit,
452 3270 552 3343 qui
583 3286 712 3326 eam
740 3271 930 3327 fuerat
947 3270 1289 3343 gladiatoris
1310 3288 1488 3344 opera
1511 3272 1773 3329 adortus.
1792 3272 1960 3327 Nunc

313 3359 459 3416 illud
500 3376 719 3433 quaero,
745 3377 817 3416 an
839 3360 1167 3432 Basnagius
1197 3360 1371 3416 hasce
1414 3360 1798 3417 revelationes
1828 3364 1959 3416 Per-

313 3452 573 3521 petuam,
605 3454 670 3505 ut
698 3449 757 3504 in
788 3448 949 3505 Actis
978 3448 1213 3517 dicitur,
1248 3465 1427 3505 manu
1485 3465 1594 3506 sua
1652 3448 1959 3520 scripsisse

313 3539 613 3606 concedat,
645 3555 717 3594 an
750 3554 989 3610 prorsus
1020 3541 1191 3610 neget
1211 3537 1239 3591 ‘I
1268 3537 1324 3593 Si
1368 3538 1525 3594 enim
1584 3554 1619 3593 a
1677 3538 1962 3610 Perpetua

314 3627 563 3699 scriptas
594 3626 777 3683 fuisse
804 3643 919 3683 non
950 3627 1155 3693 credit,
1182 3643 1311 3698 quis
1343 3643 1519 3684 causa
1550 3632 1639 3684 est
1691 3643 1797 3682 cur
1842 3643 1957 3682 non

312 3715 375 3771 in
406 3720 699 3772 auctorem
721 3715 1195 3786 passionis,velut
1216 3717 1275 3771 in
1299 3716 1767 3787 impostorem,id
1789 3730 1960 3771 omne

314 3804 557 3875 rejiciat,
594 3805 749 3876 quod
775 3806 904 3875 ejus
936 3805 1200 3861 animum
1244 3804 1530 3860 offendit?
1586 3804 1713 3859 Non
1763 3809 1959 3859 autem

315 3898 551 3950 sanctos
572 3893 734 3966 ipsos
761 3900 1049 3967 martyres
1064 3894 1138 3950 ob
1161 3909 1383 3964 ea,quaa
1406 3893 1524 3948 illis
1547 3892 1733 3949 aliena
1762 3893 1965 3949 fraude

314 3983 537 4040 tributa
564 3983 1093 4055 sunt,criminetur.
1118 3982 1178 4039 Si
1200 3986 1394 4038 autem
1420 3980 1800 4039 revelationes
1821 3998 1963 4038 suas

313 4076 663 4143 Perpetuam
697 4072 757 4127 in
816 4071 1041 4128 litteras
1092 4071 1326 4127 misisse
1382 4070 1669 4139 concedit,
1698 4086 1833 4127 cum
1864 4087 1963 4127 eas

316 4177 512 4217 rerum
544 4162 700 4218 I54
731 4164 933 4232 postea
971 4163 1274 4232 gestarum
1321 4160 1541 4216 eventis
1588 4159 1964 4215 conﬁrmatas

316 4250 501 4306 fuisse
530 4249 759 4304 videat:
795 4265 921 4320 quae
954 4265 1132 4304 causa
1162 4252 1253 4304 est
1282 4265 1388 4304 cur
1416 4264 1615 4303 earum
1662 4252 1962 4305 auctorem

317 4340 498 4400 fuisse
525 4338 810 4410 Spiritum
840 4342 1109 4394 sanctum
1143 4337 1202 4392 in
1252 4337 1499 4392 dubium
1550 4341 1823 4393 revocet?
1850 4338 1965 4393 Nec

318 4427 512 4485 solum
535 4427 1010 4499 Perpetuam,sed
1034 4431 1272 4482 caeteros
1293 4441 1523 4497 quoque
1546 4425 1812 4496 ejusdem
1834 4441 1967 4497 ago-

2064 521 2250 577 vexati
2284 525 2441 578 sunt.
2473 526 2720 578 Saturus
2749 526 2946 578 autem
2980 520 3127 577 nihil
3159 521 3349 593 magis
3397 540 3575 593 quam
3618 540 3725 579 ur-

2065 627 2201 666 sum
2237 610 2729 667 abominabatur:
2762 612 2866 667 sed
2918 627 3033 673 uno
3064 626 3265 667 morsu
3296 610 3555 683 leopardi
3583 629 3725 668 con-

2063 698 2157 755 ﬁci
2188 715 2251 755 se
2276 700 2398 770 jam
2431 700 2842 771 praesumebat.
2887 700 3090 773 Itaque
3120 716 3255 755 cum
3306 717 3446 772 aper
3494 702 3723 759 submi-

2063 788 2433 855 nistraretur,
2456 792 2698 844 venator
2727 788 2922 861 potius
2947 788 3045 861 qui
3068 788 3237 844 illum
3261 806 3469 861 aprum
3496 791 3729 846 submi-

2062 876 2430 945 nistraverat,
2473 878 2784 934 subfossus
2814 879 2886 933 ab
2916 878 3117 935 eadem
3150 879 3361 948 bestia,
3414 884 3547 950 post
3593 879 3722 935 dies

2063 966 2324 1023 muneris
2356 966 2520 1023 obiit.
2553 967 2799 1023 Saturus
2829 966 3201 1024 solummodo
3245 971 3474 1023 tractus
3508 972 3618 1023 est.
3652 970 3726 1024 Et

2064 1071 2197 1111 cum
2228 1056 2300 1110 ad
2334 1071 2538 1111 ursum
2568 1055 2922 1112 substrictus
2954 1056 3189 1112 essetin
3211 1061 3409 1129 ponte,
3446 1073 3625 1113 ursus
3647 1059 3725 1115 de

2063 1160 2236 1211 cavea
2259 1143 2489 1215 prodire
2520 1143 2728 1200 noluit.
2759 1148 2965 1215 Itaque
2990 1146 3247 1201 secundo
3292 1146 3541 1203 Saturus
3571 1145 3725 1201 illaa-

2061 1249 2165 1293 sus
2194 1236 2517 1288 revocatur.
2541 1252 2571 1283 »
2611 1232 2741 1289 Haec
2772 1236 2966 1290 autem
2994 1236 3321 1305 martyrum
3346 1249 3461 1289 non
3492 1234 3721 1304 qualia-

2061 1336 2294 1392 cunque
2323 1319 2503 1377 fuisse
2532 1324 2686 1389 vota,
2720 1321 2823 1376 sed
2871 1326 3023 1390 vota,
3058 1325 3122 1378 ut
3151 1321 3233 1377 ita
3283 1321 3549 1388 dixerim,
3582 1340 3722 1394 pro-

2060 1408 2312 1481 phetica,
2374 1425 2500 1480 quae
2558 1425 2673 1464 non
2718 1409 2904 1466 multo
2950 1413 3083 1481 post
3132 1409 3461 1482 subjungit,
3516 1411 3721 1467 Saturi

2058 1498 2233 1554 verba
2253 1500 2449 1568 aperte
2470 1498 2913 1554 demonstrant:
2947 1521 2976 1549 «
3010 1500 3153 1555 Item
3204 1498 3453 1555 Saturus
3503 1499 3563 1554 in
3602 1500 3722 1556 alia

2059 1590 2226 1659 porta
2246 1586 2493 1643 militem
2517 1587 2840 1645 Pudentem
2877 1587 3296 1644 exhortabatur
3324 1587 3525 1644 dicens
3553 1604 3567 1642 :
3597 1589 3720 1643 Ad-

2058 1690 2216 1744 sum,
2242 1679 2397 1731 certe
2425 1675 2579 1731 sicut
2622 1675 2865 1748 promisi
2892 1679 2949 1732 et
3001 1675 3282 1748 praedixi:
3335 1675 3560 1732 nullam
3612 1694 3718 1733 ne-

2059 1780 2172 1836 que
2203 1764 2394 1820 adhuc
2424 1764 2674 1821 bestiam
2707 1764 2905 1833 sensi;
2958 1769 3016 1823 et
3045 1781 3200 1821 nunc
3250 1765 3322 1821 de
3370 1769 3490 1821 toto
3541 1766 3720 1821 corde

2059 1852 2282 1908 credas.
2313 1852 2458 1908 Ecce
2488 1852 2703 1923 prodeo
2735 1852 2859 1920 illo,
2891 1857 2949 1908 et
2978 1853 3048 1909 ab
3075 1870 3191 1910 uno
3222 1868 3422 1910 morsu
3442 1852 3716 1924 leopardi

2059 1957 2393 1997 consumor.
2420 1962 2448 1992 »
2485 1940 2773 1998 Vaticinio
2812 1941 3113 2013 respondit
3142 1946 3422 2009 eventus;
3457 1947 3521 1997 ut
3550 1943 3714 1998 enirn

2060 2028 2354 2101 passionis
2384 2033 2587 2086 auctor
2616 2030 2960 2102 subjungit:
3013 2052 3042 2081 «
3075 2030 3288 2086 Statim
3333 2030 3395 2085 in
3427 2031 3541 2085 ﬁne
3570 2047 3713 2102 spe-

2061 2118 2272 2179 ctaculi
2298 2118 2573 2191 leopardo
2595 2119 2877 2190 objectus,
2914 2120 2985 2174 de
3014 2135 3130 2175 uno
3162 2136 3359 2175 morsu
3393 2120 3521 2190 ejus
3550 2124 3719 2175 tanto

2060 2208 2335 2280 perfusus
2369 2212 2457 2263 est
2488 2208 2796 2281 sanguine,
2825 2211 2891 2263 ut
2911 2206 3165 2280 populus
3190 2208 3495 2263 revertenti
3518 2207 3605 2262 illi
3625 2224 3721 2263 se-

2061 2296 2238 2352 cundi
2256 2296 2626 2367 baptismatis
2638 2295 3044 2353 testimonium
3058 2294 3720 2352 reclamaverit28alvum

2062 2383 2280 2441 lotum!
2316 2384 2541 2441 salvum
2588 2383 2815 2441 lotum!
2851 2384 3027 2441 Plane
3073 2384 3278 2456 utique
3328 2384 3525 2440 salvus
3568 2389 3720 2455 erat,

2063 2474 2163 2545 qui
2195 2474 2303 2529 hoc
2334 2476 2670 2544 spectaculo
2714 2472 3091 2531 inclaruerat.
3118 2495 3147 2523 »
3202 2473 3313 2529 Sed
3345 2479 3403 2529 et
3449 2473 3721 2545 quamvis

2064 2561 2208 2618 nihil
2233 2562 2323 2619 hic
2340 2561 2749 2635 propheticum
2770 2561 3202 2628 intervenisset,
3247 2561 3387 2633 quid
3414 2565 3611 2618 tamen
3642 2563 3720 2618 ad

2063 2650 2275 2707 miram
2308 2649 2471 2707 illam
2488 2666 2625 2720 erga
2647 2653 2955 2723 martyres,
2977 2654 3033 2707 et
3052 2650 3124 2706 ad
3148 2665 3351 2706 eorum
3372 2653 3505 2706 vota
3526 2649 3718 2706 susci-

2063 2740 2277 2813 pienda
2305 2738 2406 2796 Dei
2446 2738 2870 2810 providentiam
2914 2737 3179 2796 animum
3232 2738 3557 2806 advertens,
3595 2754 3717 2793 non

2064 2829 2266 2893 statim
2285 2827 2558 2899 intelligit
2577 2844 2755 2898 quam
2778 2828 2894 2884 Deo
2919 2826 3131 2899 placita
3152 2826 3327 2882 tuerit
3346 2842 3547 2881 eorum
3579 2842 3720 2882 con-

2065 2918 2262 2985 fessio,
2294 2918 2552 2989 adeoque
2580 2920 2638 2973 et
2667 2931 2869 2972 eorum
2901 2917 3093 2972 ﬁdes?
3130 2932 3287 2982 cum,
3324 2920 3385 2971 ut
3415 2915 3495 2970 ait
3526 2918 3721 2987 Apos-

2063 3006 2241 3073 tolus,
2272 3008 2391 3063 sine
2419 3005 2525 3076 ﬁde
2556 3005 2895 3077 impossibile
2915 3006 2990 3060 sit
3016 3002 3239 3077 placere
3266 3006 3391 3061 Deo.

2138 3095 2209 3153 Il.
2231 3096 2329 3152 Est
2344 3098 2401 3151 et
2421 3094 2581 3151 aliud
2604 3093 2803 3167 magni
2824 3109 2967 3150 sane
2984 3093 3259 3165 ponderis
3276 3095 3720 3165 argumentum,

2068 3201 2137 3241 ex
2167 3200 2280 3256 quo
2312 3183 2612 3256 prophetis
2653 3182 2908 3239 maxima
2936 3182 3159 3238 accedit
3193 3181 3532 3249 auctoritas,
3564 3184 3621 3236 et
3650 3198 3725 3237 ex

2067 3272 2369 3329 miraculis
2398 3272 2729 3337 conﬁcitur,
2759 3288 2887 3343 quae
2935 3269 3019 3327 vel
3049 3287 3150 3342 per
3180 3270 3339 3342 ipsos
3371 3274 3471 3327 aut
3502 3287 3605 3342 pro
3634 3269 3725 3340 ip-

2067 3360 2150 3418 sis
2179 3362 2307 3433 ipsa
2336 3377 2439 3432 per
2466 3377 2529 3417 se
2575 3359 2773 3416 divina
2808 3359 3233 3430 omnipotentia
3273 3359 3721 3415 demonstravit.

2068 3450 2198 3507 Haec
2226 3454 2447 3515 autem,
2479 3449 2694 3521 quibus
2726 3447 2893 3506 nulla
2908 3453 3049 3503 sunt
3078 3451 3405 3519 martyrum
3427 3450 3569 3503 Acta
3590 3463 3723 3518 qua

2067 3554 2185 3596 non
2217 3538 2538 3605 abundent,
2570 3536 2789 3593 nostris
2821 3552 3054 3608 quoque
3086 3535 3444 3608 martyribus
3476 3552 3591 3592 non
3622 3536 3724 3591 de-

2069 3627 2324 3695 fuerunt,
2357 3631 2423 3682 ut
2469 3626 2559 3683 vel
2588 3642 2657 3681 ex
2704 3626 2878 3681 modo
2923 3625 3095 3682 dictis
3134 3625 3262 3694 jam
3309 3629 3559 3681 constat.
3592 3624 3722 3681 Non

2067 3716 2225 3773 enim
2258 3717 2480 3788 absque
2505 3714 2786 3772 miraculo
2814 3714 3032 3772 factum
3064 3719 3171 3783 est,
3197 3718 3261 3768 ut
3291 3729 3428 3783 aper
3457 3714 3517 3768 in
3549 3714 3729 3769 Satu-

2070 3821 2201 3861 rum
2232 3803 2560 3869 immissus,
2594 3805 2653 3859 in
2684 3804 2881 3876 ipsum
2924 3803 3121 3874 potius
3151 3807 3483 3860 venatorem
3512 3802 3630 3858 iras
3662 3806 3726 3858 et

2070 3894 2352 3966 impetum
2385 3897 2667 3951 verteret:
2692 3897 2749 3949 et
2767 3892 2921 3965 quod
2948 3909 3121 3948 ursus
3141 3892 3201 3947 in
3223 3891 3497 3947 eumdem
3516 3891 3731 3948 incita-

2069 3986 2167 4039 tus
2197 3983 2267 4039 de
2318 3998 2491 4038 cavea
2546 3980 2780 4054 prodire
2820 3980 3092 4037 noluerit.
3139 3981 3209 4037 Et
3246 3984 3335 4037 est
3373 3979 3467 4036 hic
3499 3980 3725 4049 minus,

2071 4086 2247 4144 quam
2282 4071 2381 4127 ubi
2414 4071 2485 4127 de
2508 4069 2837 4127 visionibus
2859 4073 3061 4141 agunt,
3085 4069 3157 4126 de
3182 4070 3458 4127 Actorum
3480 4069 3598 4127 ﬁde
3618 4069 3729 4125 du-

2071 4160 2403 4230 bitandum,
2433 4175 2568 4215 cun:
2612 4175 2704 4229 res
2753 4158 2812 4214 in
2844 4157 3149 4231 propatulo
3181 4162 3239 4214 et
3269 4158 3328 4213 in
3374 4158 3565 4214 medio
3597 4174 3725 4213 am-

2072 4249 2405 4320 phitheatro
2461 4252 2658 4320 gestas
2719 4247 2993 4314 referant,
3048 4263 3197 4318 quas
3251 4263 3421 4302 nemo
3488 4246 3729 4302 illorum

2070 4342 2400 4409 temporum
2431 4336 2681 4409 scriptor
2701 4336 2788 4392 vel
2817 4335 3371 4408 impudentissimus
3393 4336 3731 4407 conﬁngere

2072 4442 2254 4483 ausus
2284 4424 2508 4482 fuisset.
2552 4426 2655 4481 Est
2683 4428 2742 4480 et
2787 4424 2933 4480 illud
2966 4423 3116 4480 inter
3162 4424 3446 4481 miracula
3476 4440 3731 4495 compu-

317 4516 411 4573 nis
428 4515 858 4572 commilitones
872 4514 1207 4587 prophetico
1227 4514 1963 4571 luminefuissecollustra-
1997 4533 2043 4598 Ι)
2072 4515 2341 4582 tandum,
2374 4514 2527 4586 quod
2554 4530 2591 4570 a
2637 4513 3005 4571 ferocissima
3050 4528 3224 4568 vacca
3255 4514 3539 4584 Perpetua
3567 4514 3721 4570 155

315 4607 430 4672 tos,
460 4604 661 4661 eodem
692 4611 1030 4676 argumento
1073 4604 1238 4660 facile
1287 4605 1743 4661 demonstratur.
1800 4603 1959 4668 Quod

315 4692 473 4750 enim
505 4692 914 4763 unusquisque
944 4692 1283 4749 certaminis
1329 4709 1515 4765 genus
1560 4697 1877 4764 optaverat,
1908 4696 1966 4749 et

321 4782 585 4838 futurum
642 4797 770 4838 esse
823 4780 970 4837 forte
1028 4786 1437 4853 praesenserat,
1471 4786 1820 4838 consecutus
1852 4784 1961 4850 est,

316 4873 441 4939 Qua
470 4872 541 4927 de
572 4886 633 4927 re
660 4870 988 4927 audiendus
1007 4872 1285 4929 Actorum
1328 4870 1615 4942 scriptor:
1649 4893 1678 4921 ‹‹
1720 4870 1832 4926 Sed
1864 4868 1965 4941 qui

316 4960 576 5018 dixerat:
611 4962 787 5016 Petita
826 4963 877 5016 et
923 4962 1221 5032 accipietis,
1265 4960 1599 5031 petentibus
1647 4958 1807 5013 dedit
1829 4974 1963 5014 eum

316 5050 535 5107 exitum
558 5065 732 5121 quem
755 5048 1005 5121 quisque
1030 5048 1629 5105 desideraverat.Nam
1654 5047 1703 5104 si
1729 5047 1965 5118 quando

314 5140 468 5196 inter
496 5154 558 5194 se
588 5139 659 5194 de
688 5137 952 5210 martyrii
986 5138 1078 5192 sui
1111 5141 1243 5191 voto
1275 5136 1843 5192 sermocinabantur.
1866 5139 1965 5191 Sa-

313 5228 591 5284 turninus
608 5228 845 5299 quidem
870 5226 1145 5281 omnibus
1171 5224 1374 5280 bestiis
1391 5224 1536 5280 velle
1559 5240 1620 5279 se
1635 5223 1809 5294 objici
1831 5240 1966 5295 pro-

316 5318 589 5374 ﬁtebatur
609 5334 629 5373 .·
650 5321 715 5371 ut
737 5314 958 5371 scilicet
974 5313 1377 5385 gloriosiorem
1401 5316 1660 5385 gestaret
1686 5329 1963 5369 coronam

316 5406 518 5479 Itaque
546 5405 605 5463 in
636 5402 1049 5462 commissione
1069 5401 1407 5475 spectaculi,
1433 5401 1560 5474 ipse
1602 5406 1657 5458 et
1714 5403 1967 5460 Revoca-

2074 4619 2207 4660 cum
2239 4605 2563 4671 vexaretur,
2617 4602 2760 4657 adeo
2810 4601 2869 4656 in
2900 4600 3116 4657 exstasi
3162 4600 3353 4667 fuerit,
3388 4605 3451 4656 ut
3497 4600 3729 4657 nullam

2074 4690 2294 4749 doloris
2323 4707 2567 4748 sensum
2596 4694 2830 4762 experta
2852 4690 2949 4746 sit.
2982 4688 3144 4745 Unde
3176 4690 3331 4762 quod
3358 4690 3484 4760 jam
3516 4705 3725 4746 evene-

2074 4784 2183 4849 rat,
2218 4802 2247 4831 ‹‹
2269 4796 2384 4836 non
2418 4779 2583 4852 prius
2613 4779 2882 4847 credidit,
2908 4778 3021 4835 nisi
3054 4779 3340 4850 quaedam
3374 4783 3540 4835 notas
3560 4796 3731 4835 vexa-

2072 4869 2251 4926 tionis
2279 4868 2340 4923 in
2371 4884 2611 4940 corpore
2638 4871 2696 4924 et
2724 4867 2928 4924 habitu
2959 4883 3069 4923 suo
3098 4869 3544 4939 recognovisset.
3573 4890 3601 4917 ››
3622 4868 3737 4924 Est

2074 4962 2132 5021 et
2159 4958 2267 5014 hoc
2299 4956 2489 5027 palam
2520 4961 2578 5014 et
2606 4956 2667 5011 in
2698 4957 2892 5013 media
2910 4971 3088 5012 arena
3117 4960 3175 5012 et
3203 4956 3576 5028 stupentibus
3607 4973 3739 5013 om-

2076 5046 2251 5103 nibus
2281 5048 2532 5116 gestum.
2565 5045 2765 5117 Neque
2794 5061 2886 5101 res
2908 5048 3031 5101 tam
3063 5045 3238 5117 mira,
3288 5062 3360 5100 ne
3388 5046 3533 5102 forte
3566 5045 3737 5103 illam

2076 5134 2401 5206 Basnagius
2432 5134 2491 5189 in
2542 5133 2920 5189 Montanismi
2972 5134 3371 5206 suspicionem
3419 5134 3634 5204 trahat,
3671 5134 3736 5191 in

2077 5223 2206 5280 aliis
2240 5223 2593 5295 martyribus
2623 5223 2695 5279 ab
2722 5221 2882 5279 omni
2912 5221 2972 5278 id
3001 5237 3189 5294 genus
3220 5223 3554 5295 suspicione
3586 5223 3739 5281 libe-

2076 5313 2179 5380 ris,
2202 5312 2467 5384 exemplo
2491 5315 2673 5368 vacat.
2699 5310 2983 5368 Geminus
3014 5312 3256 5368 omnino
3287 5319 3379 5369 est
3398 5313 3537 5369 huic
3564 5314 3741 5370 Acto-

2076 5418 2210 5459 rum
2261 5406 2601 5458 nostrorum
2644 5400 2769 5458 loco
2824 5399 2969 5457 alter
2997 5401 3068 5456 de
3114 5401 3287 5458 beata
3332 5402 3621 5460 Blandina
3671 5402 3739 5459 in

329 5618 421 5695 καὶ
451 5614 769 5689 ἐτελειώθη,
801 5617 889 5674 καὶ
919 5611 1358 5690 τελειωθήσεται.
1391 5616 1572 5690 Epist.
1605 5614 1838 5692 Encyol.
1872 5617 1947 5677 de

2067 5614 2279 5697 lycarpi
2302 5612 2606 5693 martyrio.
