4050 6172
256 330 339 399 l6!

248 462 433 538 epistola
476 455 962 531 LugdunensiUm,
1018 457 1118 512 ubi
1169 461 1411 513 narrant
1431 456 1720 529 quomodo
1749 458 1806 511 et
1833 452 1886 523 Α

984 324 1135 387 PRO
1178 324 1292 387 SS.
1328 312 1778 398 'PE'RPETUA,
1824 313 2291 385 FELICITATE
2334 318 2435 386 ET
2480 324 2749 388 SOCIIS.

3446 326 3569 388 162

1918 470 2097 528 gnere
2132 472 2248 513 non
2280 457 2483 528 sensit,
2518 462 2576 513 et
2605 458 2841 529 quando
2886 458 3145 514 futurum
3202 462 3357 515 esset
3414 461 3571 532 quod

248 551 442 627 ipsam)
470 572 495 599 «
526 544 755 603 reticulo
812 546 1063 613 inclusa,
1126 551 1290 602 tauro
1348 548 1575 618 objecta
1620 551 1745 613 est;
1771 563 1805 600 a
1910 547 2035 615 jam
2072 546 2282 613 fuerat,
2318 546 2672 617 inquisivit?
2703 547 2954 603 Ubierat
2982 549 3008 602 ?
3038 548 3186 615 Quid
3220 549 3424 606 videns
3457 551 3573 607 ista

246 658 328 715 quo
350 640 433 695 diu
459 638 514 691 in
544 638 716 691 altum
742 635 1137 707 jactata,nihil
1155 636 1281 707 jam
1313 651 1516 691 eorum
1550 651 1679 707 quas
1710 634 1809 691 ﬁe-

246 734 360 797 bant,
388 726 595 799 penitus
624 723 903 795 sentiens,
946 727 1070 779 tum
1132 725 1205 781 ob
1235 740 1401 797 spem
1452 729 1508 779 et
1544 738 1806 796 compre-

246 817 512 874 hensionem
536 829 729 869 eorum
763 829 888 884 quae
920 813 1191 869 credebat
1220 813 1531 879 bonorum,
1564 817 1691 868 tum
1734 812 1806 867 ob

245 903 519 963 familiarem
549 917 945 973 congressum,
978 918 1154 973 quem
1186 919 1321 958 cum
1352 902 1583 958 Christo
1605 902 1665 956 in
1684 917 1811 957 ora-

243 995 355 1051 tione
381 991 628 1055 habebat,
657 991 895 1046 tandem
918 994 975 1046 et
997 991 1125 1062 ipsa
1153 991 1403 1046 victimas
1429 990 1615 1045 instar
1624 991 1808 1062 jugu-

244 1083 330 1138 lata
352 1085 443 1136 est.
464 1080 721 1151 Adempti
748 1080 922 1135 etiam
948 1079 1009 1133 in
1031 1080 1221 1152 pcenis
1249 1080 1468 1136 doloris
1498 1096 1707 1135 sensus
1730 1078 1813 1133 in-

247 1172 364 1242 signe
388 1169 647 1223 habemus
680 1167 1008 1240 exemplum
1038 1168 1100 1224 in
1117 1169 1319 1225 eadem
1340 1168 1808 1240 Blandina,quas,

244 1264 288 1315 ut
326 1263 399 1314 est
446 1257 500 1312 in
548 1256 785 1312 laudata
830 1256 1078 1329 epistola
1130 1258 1619 1331 Lugdunensium
1674 1258 1809 1329 (75),

243 1372 263 1399 ι(
285 1349 439 1403 lnstar
453 1346 713 1418 generosi
745 1347 1057 1418 cujusdam
1078 1346 1327 1414 athletae,
1358 1346 1418 1401 in
1441 1346 1570 1418 ipsa
1592 1346 1816 1401 confes-

243 1438 361 1494 sione
378 1435 508 1491 vires
536 1438 710 1507 atque
733 1434 961 1491 animos
984 1436 1337 1492 resumebat.
1370 1436 1632 1508 Eratque
1655 1435 1704 1491 ei
1723 1451 1813 1491 re-

245 1525 369 1581 fectio
390 1528 437 1579 et
462 1523 642 1596 quies,
671 1538 1031 1595 sensumque
1060 1540 1293 1581 omnem
1318 1525 1620 1595 praesentis
1650 1523 1811 1580 dolo-

245 1614 305 1670 ris
326 1613 578 1669 adimebat
602 1611 856 1684 prolatio
887 1612 1095 1668 horum
1117 1615 1424 1669 verborum
1450 1631 1464 1670 :
1483 1613 1815 1670 Christiana

249 1718 364 1768 sum,
387 1705 431 1757 et
452 1700 586 1756 nihil
617 1702 777 1773 apud
810 1716 917 1757 nos
946 1700 1084 1756 mali
1132 1701 1374 1773 geritur.
1402 1724 1423 1752 ιι
1456 1701 1582 1760 Non
1613 1702 1813 1758 minus

250 1790 420 1889 insigne
639 1790 801 1862 quod
832 1790 903 1889 de
957 1789 1258 1889 Theodoro
1312 1789 1372 1845 in
1404 1789 1813 1889 ecclesiasticis
1845 1822 1893 1889 Β

246 1878 443 1934 historiis
463 1878 571 1950 (76)
602 1878 906 1934 memoriae
952 1879 1248 1951 proditum
1288 1884 1396 1935 est.
1443 1880 1624 1936 Jussu
1657 1880 1814 1937 enim

246 1967 421 2022 Salustii
447 1968 712 2039 praetorio
743 1968 855 2023 sub
883 1967 1119 2023 Juliano
1150 1968 1422 2040 praefecti,
1456 1969 1554 2025 diu
1588 1974 1645 2025 et
1686 1987 1817 2026 cru-

248 2056 477 2112 delissime
529 2060 745 2124 tortus,
797 2056 928 2113 laeto
985 2057 1138 2113 inter
1168 2062 1461 2114 tormenta
1518 2063 1575 2115 et
1614 2076 1819 2116 sereno

244 2144 363 2200 vultu
389 2144 538 2200 illum
569 2145 791 2218 psalmi
812 2145 1164 2202 versiculum
1187 2147 1435 2203 iterabat
1465 2163 1479 2203 :
1504 2170 1532 2198 ‹‹
1566 2147 1818 2204 Confun-

244 2233 411 2287 dantur
436 2249 658 2299 omnes,
693 2234 794 2305 qui
816 2234 1063 2289 adorant
1088 2234 1402 2307 sculptilia,
1427 2240 1485 2292 et
1514 2237 1609 2306 qui
1641 2237 1819 2293 conﬂ-

244 2322 350 2376 dunt
373 2322 423 2377 in
454 2322 787 2378 simulacris
819 2323 964 2379 suis.
1002 2344 1023 2373 ι
1051 2354 1121 2363 --
1147 2346 1167 2374 (ι
1196 2325 1359 2379 Hunc
1382 2325 1820 2397 Theodorum,»

244 2408 384 2480 inquit
408 2411 720 2477 Ruﬁnus,«
750 2411 863 2483 ipsi
894 2429 999 2468 nos
1031 2413 1405 2485 postinodum
1439 2416 1592 2487 apud
1622 2415 1822 2472 Antio-

242 2498 384 2553 chiam
408 2500 678 2570 vidimus,
713 2505 769 2555 et
796 2517 931 2556 cum
961 2501 1393 2574 rcquireremus
1418 2503 1489 2559 ab
1520 2520 1585 2560 eo
1610 2504 1659 2560 si
1691 2521 1823 2562 sen-

244 2602 338 2641 sum
357 2587 551 2645 doloris
581 2589 915 2657 habuisset,
940 2607 1009 2646 ex
1039 2590 1261 2663 integro
1293 2592 1542 2663 dicebat,
1594 2591 1823 2649 dolores

242 2692 284 2730 se
306 2677 505 2747 quidem
538 2694 752 2750 parum
792 2678 1085 2735 sensisse:
1119 2680 1376 2736 astitisse
1408 2687 1604 2737 autem
1632 2699 1828 2753 quem-

242 2764 339 2820 dam
364 2768 757 2839 juvenem,qui
792 2768 1024 2822 sudanti
1055 2768 1166 2823 sibi
1197 2768 1375 2825 linteo
1408 2771 1826 2827 candidissimo

240 2856 279 2906 et
302 2854 512 2910 sudores
554 2861 900 2927 extergeret,
921 2861 977 2911 et
1006 2873 1214 2926 aquam
1247 2857 1520 2930 frigidam
1552 2861 1826 2933 frequen-

242 2946 306 2995 ter
328 2943 645 3001 infunderet
678 2962 691 3001 :
729 2950 787 3000 et
853 2945 934 3001 ita
984 2962 1113 3002 esse
1161 2945 1509 3004 delectatum
1568 2953 1634 3005 ut
1686 2953 1828 3005 tunc

240 3032 446 3087 meastior
474 3034 666 3089 factus
684 3034 761 3088 sit
776 3034 1012 3105 quando
1034 3035 1246 3108 deponi
1268 3036 1339 3091 de
1358 3036 1607 3108 equuleo
1621 3038 1828 3109 jussus

245 3124 323 3174 est.
348 3143 371 3170 »
388 3121 646 3194 Denique
664 3126 904 3179 sanctus
925 3122 1254 3192 Flavianus,
1279 3126 1447 3196 cujus
1468 3142 1646 3199 supra
1664 3144 1828 3184 men-

1917 649 2031 689 non
2064 633 2334 690 viderat?
2371 638 2493 700 Quo
2550 636 2749 691 fruens
2807 637 2921 692 ista
2952 653 3066 693 non
3115 639 3571 705 senseratfouo

1923 737 2121 778 amore
2152 723 2549 796 alienata,quo
2580 724 2911 797 spectaculo
2935 730 3192 795 avocata,
3212 743 3326 797 quo
3360 728 3567 799 poculo

1918 810 2246 868 inebriata?
2275 835 2301 862 ››
2316 817 2424 868 etc.

1992 901 2146 956 Inter
2168 902 2450 957 miracula
2473 902 2647 958 etiam
2674 902 2874 958 referri
2896 904 3066 959 debet
3090 904 3452 961 immaturus
3474 906 3576 963 Fe-

1918 988 2157 1046 licitatis
2190 996 2413 1062 partus.
2462 992 2739 1057 Quamvis
2764 992 2921 1047 enim
2953 993 3228 1049 feminam
3289 995 3573 1051 acerbum

1921 1078 2123 1134 foetum
2156 1080 2443 1149 emittere,
2476 1080 2827 1136 miraculum
2856 1081 3122 1137 absolute
3152 1099 3267 1138 non
3309 1084 3409 1152 sit,
3449 1084 3563 1139 cir-

1919 1168 2292 1223 cumstantiae
2322 1173 2519 1225 tamen
2551 1186 2683 1225 cum
2730 1171 2946 1241 quibus
2980 1170 3298 1227 Felicitatis
3359 1175 3564 1243 partus

1922 1260 2271 1327 conjunctus
2302 1257 2433 1327 fuit,
2464 1258 2659 1330 ipsum
2684 1276 2752 1314 ex
2784 1258 3018 1331 speciali
3050 1260 3152 1316 Dei
3186 1260 3571 1332 providentia,

1921 1349 1979 1401 et
2010 1363 2127 1401 non
2160 1348 2486 1402 secundum
2520 1364 2863 1404 communes
2895 1352 2953 1403 et
2981 1348 3310 1405 ordinarias
3344 1352 3566 1405 natura

1922 1433 2081 1507 leges
2120 1435 2414 1492 exstitisse
2446 1435 2618 1509 plane
2675 1437 2942 1493 suadent.
2996 1437 3140 1493 Nam
3176 1437 3376 1493 statim
3436 1441 3569 1510 post

1922 1524 2242 1581 orationem
2276 1541 2452 1596 quam
2498 1529 2784 1598 martyres
2842 1526 2912 1580 ad
2975 1530 3152 1581 Deum
3212 1526 3468 1583 tulerant
3505 1530 3572 1583 ut

1923 1616 2156 1685 partum
2204 1613 2572 1682 acceleraret,
2612 1634 2641 1667 ε
2686 1613 2914 1669 dolores
2972 1631 3098 1669 eam
3145 1614 3505 1671 invaserunt.
3544 1636 3575 1666 »

1922 1700 2045 1765 Qua
2074 1702 2147 1757 de
2175 1718 2237 1758 re
2257 1702 2584 1758 audiendus
2603 1700 2878 1758 laudatus
2900 1702 3051 1758 idem
3084 1707 3325 1759 sanctus
3353 1710 3580 1776 Augus-

1923 1791 2202 1863 tinus(79)
2226 1809 2244 1846 :
2279 1813 2308 1842 «
2338 1792 2598 1864 Denique
2614 1792 2807 1847 editus
2842 1796 2930 1846 est
2980 1796 3181 1862 partus
3238 1792 3555 1849 immaturo

1928 1896 2129 1936 mense
2160 1885 2449 1937 maturus.
2476 1882 2684 1935 Actum
2711 1885 2799 1935 est
2820 1880 2975 1935 enim
3008 1880 3312 1949 divinitus,
3348 1885 3414 1937 ut
3456 1897 3572 1937 non

1929 1985 2037 2025 suo
2067 1972 2327 2039 tempore
2349 1985 2498 2024 onus
2530 1968 2677 2025 uteri
2705 1973 3034 2040 poneretur,
3069 1986 3140 2025 ne
3171 1986 3277 2025 suo
3308 1973 3573 2042 tempore

1930 2058 2117 2114 honor
2148 2058 2407 2131 martyrii
2439 2058 2788 2113 differretur.
2833 2058 3036 2112 Actum
3067 2062 3157 2113 est
3186 2058 3450 2129 inquam,
3486 2059 3575 2113 di-

1928 2147 2168 2217 vinitus,
2202 2146 2545 2203 utindebito
2568 2145 2659 2201 die
2683 2147 2855 2201 fmtus
2888 2147 3177 2212 ederetur,
3211 2147 3351 2202 dum
3376 2150 3573 2204 tamen

1928 2240 2091 2293 tanto
2112 2236 2413 2291 comitatui
2447 2235 2642 2290 debita
2672 2233 2939 2290 Felicitas
2970 2235 3327 2305 redderetur,
3355 2256 3383 2283 ››
3402 2240 3512 2291 etc.

2003 2325 2258 2397 Denique
2291 2325 2416 2380 sine
2448 2323 2732 2379 miraculo
2766 2326 2983 2379 factum
3017 2340 3130 2379 non
3164 2340 3293 2380 esse
3321 2324 3578 2393 videtur,

1932 2418 1998 2471 ut
2025 2431 2155 2471 cum
2188 2412 2532 2486 pater,ultra
2554 2414 2791 2469 modum
2827 2413 3036 2479 iratus,
3059 2412 3347 2469 infantem
3366 2416 3577 2486 Perpe-

1932 2508 2049 2559 tua:
2082 2504 2323 2559 reddere
2355 2501 2661 2575 noluisset,
2698 2507 2763 2558 ut
2789 2503 2941 2575 apud
2971 2502 3153 2571 illam,
3189 2502 3345 2558 sicut
3387 2507 3577 2574 antea,

1932 2593 1993 2648 in
2024 2608 2248 2648 carcere
2279 2596 2665 2664 permaneret,
2699 2595 2755 2647 et
2783 2591 2856 2647 ab
2889 2607 2957 2647 ea
3013 2590 3347 2661 lactarctur,
3383 2590 3581 2647 nullus

1937 2686 2037 2737 aut
2059 2698 2127 2737 ex
2158 2681 2326 2737 lactis
2360 2681 2758 2737 subtractione
2782 2698 3053 2754 puerum,
3079 2685 3180 2737 aut
3210 2698 3277 2737 ex
3304 2698 3584 2738 mamma-

1935 2787 2066 2827 rum
2097 2772 2315 2827 fervore
2346 2776 2587 2826 matrem
2611 2770 2775 2826 dolor
2805 2770 3136 2827 invaderet:
3173 2793 3202 2820 «
3225 2771 3389 2826 Tunc
3443 2770 3586 2842 quia

1937 2864 2281 2916 consuverat
2302 2877 2334 2915 a
2365 2876 2457 2916 me
2489 2860 2684 2915 inlans
2727 2876 3017 2914 mammas
3075 2858 3336 2930 accipere
3379 2864 3436 2914 et
3466 2875 3586 2915 me-

1937 2965 2071 3005 cum
2098 2949 2156 3003 in
2208 2965 2433 3005 carcere
2464 2962 2719 3014 manere,
2779 2948 2976 3004 statim
3034 2948 3203 3002 mitto
3234 2949 3305 3003 ad
3353 2951 3581 3019 patrem

1937 3038 2324 3110 Pomponium
2356 3037 2702 3103 Diaconum,
2766 3035 3072 3108 postulans
3118 3036 3443 3102 infantem;
3476 3036 3577 3092 sed

1940 3130 2105 3200 pater
2131 3127 2270 3183 dare
2295 3126 2502 3194 noluit,
2536 3130 2593 3183 et
2622 3125 2915 3198 quomodo
2939 3125 3093 3181 Deus
3132 3124 3337 3194 voluit,
3389 3139 3581 3196 neque

244 3205 301 3263 tio
325 3225 423 3264 non
451 3188 633 3267 semel
668 3211 819 3267 facta
847 3215 955 3283 est,
989 3211 1139 3267 hanc
1166 3188 1291 3285 ipse
1322 3188 1491 3270 suam
1530 3188 1828 3273 revelatio-
1859 3188 1903 3256 (ἶ
1942 3188 2044 3273 ille
2073 3216 2326 3288 amplius
2358 3188 2656 3271 mammas
2671 3213 3055 3272 desideravit:
3080 3229 3268 3286 neque
3298 3188 3445 3269 mihi
3479 3188 3587 3269 fer-

250 3312 347 3352 nem
376 3305 530 3355 uarat
557 3301 717 3371 (77):
756 3324 777 3350 α
812 3300 957 3356 Cum
1016 3301 1206 3357 adhuc
1263 3302 1572 3377 episcopus
1639 3310 1839 3363 noster

250 3384 372 3441 solus
395 3405 598 3459 passus
637 3389 863 3455 fuisset,
888 3394 1188 3449 ostensum
1220 3396 1309 3447 est
1338 3392 1481 3450 mihi
1505 3393 1635 3461 hoc,
1668 3396 1837 3467 quasi

245 3472 543 3545 Cyprianum
579 3478 781 3549 ipsum
812 3478 1252 3552 interrogarem,
1285 3497 1358 3536 an
1391 3482 1511 3553 pati
1552 3482 1703 3539 ictus
1736 3485 1839 3541 do-

248 3560 387 3618 leret:
417 3566 640 3622 scilicet
663 3571 885 3641 martyr
902 3568 1234 3638 futurus,de
1264 3571 1558 3642 passionis
1589 3572 1839 3629 toleran-

245 3652 304 3705 tia
324 3655 706 3726 consulebam,
738 3657 841 3727 qui
875 3657 1019 3713 mihi
1050 3660 1373 3731 respondit,
1405 3664 1464 3716 et
1496 3661 1667 3717 dixit:
1711 3662 1842 3718 Alia

253 3755 353 3797 caro
378 3746 611 3814 patitur,
651 3762 782 3801 cum
806 3746 1116 3802 animusin
1149 3748 1291 3803 coelo
1323 3754 1431 3805 est.
1464 3750 1840 3822 Nequaquam

250 3845 415 3902 corpus
439 3833 545 3889 hoc
572 3834 776 3900 sentit,
808 3850 941 3890 cum
974 3851 1035 3891 se
1067 3835 1183 3893 Deo
1206 3840 1326 3892 tota
1384 3854 1552 3895 meus
1594 3840 1840 3896 devovit.

248 3918 423 3980 Quibus
442 3924 598 3980 I56
625 3924 813 3978 sancti
836 3924 1109 3997 martyris
1130 3925 1323 3981 verbis
1343 3926 1468 3983 haec
1496 3926 1695 3997 adjicit
1739 3932 1844 3985 Ac-

247 4012 395 4065 torum
413 4012 766 4085 compilator
785 4030 834 4068 :«
860 4013 903 4068 Ο
924 4015 1101 4070 verba
1121 4014 1393 4088 martyris
1416 4025 1730 4090 martyrem
1754 4034 1846 4075 co-

250 4094 517 4156 hortantisl
543 4101 793 4173 Negavit
816 4118 946 4158 esse
977 4102 1036 4158 in
1064 4104 1360 4175 passionis
1414 4104 1532 4161 ictu
1583 4106 1844 4164 dolorem

250 4188 289 4239 et
310 4190 392 4258 qui
414 4194 469 4245 et
491 4190 622 4262 ipse
651 4190 905 4248 habebat
938 4192 1144 4265 occidi,
1179 4192 1425 4249 animari
1477 4196 1845 4253 constantius

250 4281 579 4350 posset,quod
616 4296 723 4335 nec
743 4295 987 4352 parvum
1010 4296 1251 4338 sensum
1278 4283 1494 4340 doloris
1525 4284 1584 4339 in
1616 4286 1848 4357 passio-

250 4364 315 4418 nis
332 4366 432 4422 ictu
478 4369 737 4425 timeret.
764 4390 793 4418 »
827 4370 891 4424 In
922 4370 1066 4426 ccelo
1128 4372 1421 4443 Perpetuis
1470 4390 1586 4429 non
1648 4375 1846 4431 minus

250 4469 386 4522 quam
415 4457 682 4531 Cypriani
710 4459 893 4515 fuisse
908 4460 1194 4529 animum,
1221 4478 1355 4517 cum
1371 4462 1574 4520 bestiis
1597 4464 1845 4536 objecta,

1936 3316 2142 3363 vorem
2177 3305 2456 3377 fecerunt,
2497 3321 2571 3360 ne
2602 3302 2999 3360 sollicitudine
3030 3302 3272 3358 infamis
3304 3306 3361 3359 et
3390 3301 3588 3358 dolore

1947 3410 2340 3450 mammarum
2371 3409 2716 3449 macerarer.
2735 3414 2764 3444 »
2792 3391 2928 3456 Quae
2958 3407 3100 3447 sane
3148 3391 3348 3447 omnia
3374 3392 3421 3446 si
3455 3389 3590 3461 quis

1949 3500 2053 3556 pro
2072 3483 2224 3538 veris
2263 3479 2565 3536 miraculis
2626 3480 2839 3536 habere
2868 3479 3033 3547 nolit,
3076 3479 3220 3535 illud
3263 3479 3473 3535 saltem
3505 3478 3591 3534 fa-

1921 3576 2144 3650 _teatur
2163 3587 2397 3627 necesse
2427 3574 2533 3642 est,
2570 3568 2886 3641 spectalem
2916 3569 3056 3625 hinc
3096 3568 3323 3625 ostendi
3384 3566 3595 3623 divinis

1951 3660 2230 3717 bonitatis
2260 3675 2397 3733 erga
2429 3675 2567 3715 suos
2591 3665 2876 3731 martyres
2907 3657 3353 3730 providentiam.
3388 3657 3469 3711 De
3500 3670 3589 3711 re-

1950 3766 2083 3805 rum
2115 3754 2309 3804 autem
2332 3752 2631 3821 gestarum
2664 3748 2802 3814 fide,
2834 3747 2963 3819 ipsa
2985 3745 3338 3803 narrationis
3369 3744 3597 3817 simpli-

1952 3839 2099 3895 citas
2131 3855 2257 3909 quae
2286 3837 2660 3909 potissimum
2692 3837 2752 3892 in
2805 3841 3102 3909 Perpetuze
3133 3835 3326 3892 verbis
3384 3833 3599 3903 elucet,

1952 3928 2223 3983 dubitare
2253 3944 2368 3982 non
2411 3926 2571 3982 sinit.

2024 4018 2499 4089 III.Argumenta
2528 4030 2654 4087 quae
2688 4013 2971 4069 hactenus
3026 4012 3321 4086 prosecuti
3364 4025 3594 4080 sumus,

1954 4106 2274 4179 generatim
2306 4105 2643 4172 ostendunt,
2674 4104 2969 4174 Perpetuus
3003 4102 3295 4174 sociisque
3323 4099 3600 4173 martyri-

1955 4196 2069 4252 bus
2085 4194 2488 4268 propheticum
2512 4193 2784 4266 spiritum
2805 4191 3146 4262 neutiquam
3167 4190 3444 4246 defuisse:
3471 4204 3597 4260 quae

1956 4285 2129 4341 modo
2159 4270 2466 4355 subjiciam
2490 4286 2685 4355 aperte
2702 4282 3127 4348 demonstrant,
3160 4294 3339 4351 quam
3384 4277 3601 4350 longis-

1958 4374 2105 4430 sime
2123 4390 2155 4429 a
2178 4372 2665 4431 Montanistarum
2689 4369 2970 4425 doctrinis
2986 4372 3042 4424 et
3066 4367 3352 4422 institutis
3367 4369 3603 4422 sanctos

1958 4465 2194 4519 eosdem
2226 4465 2511 4533 martyres
2537 4458 2814 4515 abfuisse.
2847 4456 3337 4513 Montanistarum
3371 4458 3608 4511 senten-

252 4546 293 4596 et
309 4545 366 4599 ab
393 4547 469 4603 eis
498 4554 731 4614 vexata,
780 4548 939 4604 nullo
992 4549 1209 4606 doloris
1259 4566 1435 4607 sensu
1477 4552 1685 4609 affecta
1737 4558 1845 4621 est,
1882 4558 1928 4624 Β
1960 4553 2046 4610 tia
2067 4553 2197 4623 fuit,
2230 4556 2295 4607 ut
2326 4567 2394 4607 ex
2422 4548 2779 4605 Tertulliano
2813 4546 3026 4620 saepius
3058 4545 3276 4601 dictum
3301 4548 3412 4613 est,
3448 4544 3607 4601 solos

252 4639 447 4691 sanctus
476 4637 840 4710 Augustinus
870 4638 980 4694 sibi
1015 4638 1182 4696 facile
1213 4641 1524 4712 persuasit,
1566 4644 1663 4714 qui
1694 4642 1850 4701 hunc

253 4720 488 4780 Actorum
518 4727 718 4782 locum
742 4725 835 4782 his
861 4728 1053 4784 verbis
1085 4727 1344 4785 illustrat
1373 4730 1487 4801 (78)
1511 4748 1523 4786 :
1560 4752 1590 4783 ‹‹
1613 4731 1657 4787 U
1674 4732 1731 4787 bi
1758 4748 1857 4789 era

251 4807 327 4865 illa
350 4812 573 4880 femina,
599 4815 835 4886 quando
869 4816 941 4871 ad
975 4816 1359 4888 asperrimam
1381 4834 1615 4876 vaccam
1652 4838 1716 4877 se
1747 4838 1854 4893 pu-

309 4984 733 5109 giﬂ'ogexarov
770 4990 847 5054 εἷς
894 4991 1161 5068 γύργαθον
1212 4991 1473 5067 βληθεῖσα
1520 4992 1702 5068 ταύρῳ
1755 5012 1858 5049 πα-

309 5072 478 5109 Omﬂrn
538 5065 627 5109 καὶ
681 5065 878 5109 ἳνα-ηυξ
936 5060 1300 5109 ἇνηϐλτκρςίηη
1348 5065 1485 5109 errari.-
1532 5071 1629 5109 rm”;
1691 5067 1833 5109 rn'mn

259 5060 478 5142 ρεὸὲηθηο
505 5060 627 5142 ,κεῖ
681 5060 1317 5142 ῖξανωςξάλψάϐληβέίσᾳ-
1348 5060 1632 5142 πρὸς-,τοῦ
1674 5060 1833 5142 ’ζώρυ

259 5111 266 5126 .
332 5111 461 5150 “.w.’
541 5111 627 5117 τ--ς-
687 5111 872 5119 ..η-ι..-
938 5111 1302 5133 —.—-...,,,-.-..
1355 5111 1483 5142 ..ι-ν..
1543 5111 1627 5120 η-
1692 5111 1831 5135 ν.--

257 5135 651 5213 μῃοεῃαεσρησιν
693 5131 795 5213 Δἔτξ
848 5139 956 5213 τῶν
1017 5134 1420 5210 συμϐαινόντων
1492 5134 1695 5213 ἔχρυσα
1771 5111 1860 5213 διᾷ

255 5200 568 5282 ξῆνηέὶπιδπζ
622 5206 711 5261 καὶ
780 5205 1024 5282 ἐποχὴνᾘ
1064 5200 1185 5282 ’ἐῶνλ
1253 5200 1711 5282 πεπιπευίῖἑνων,
1768 5209 1858 5263 καὶ

265 5227 349 5280 ινδ-ι.
382 5227 568 5259 samem
622 5229 711 5261 και
780 5227 897 5262 επολ
924 5227 988 5275 ην
1064 5230 1173 5265 των
1253 5230 1375 5263 πεπε

257 5267 443 5353 ὗμιιέέξῑκέ
464 5277 603 5353 πρὸς
634 5227 1070 5353 Χριστὸνῇξτΰθη
1104 5280 1192 5337 καὶ
1220 5279 1375 5351 αὐτή.

433 5344 606 5431 ’ᾼΧλζ
735 5344 971 5431 μακαρία
1017 5344 1093 5431 ὡξς
1132 5344 1386 5431 Δγενκζιπιῖός
1436 5347 1692 5431 ,ἀθλητὴς
1740 5349 1859 5431 ἄνες

285 5370 404 5421 μῦ)
447 5370 565 5403 AM.
637 5370 672 5419 η
735 5370 971 5476 pandite:
1017 5370 1093 5414 ως
1140 5372 1386 5431 γενναιος
1444 5370 1692 5419 αθΛητης
1740 5370 1859 5405 ανε-

256 5420 400 5497 ’ςεξζεν
448 5417 499 5472 ἐν
544 5422 759 5497 τῇμὸμο
792 5444 866 5497 ὀγ
893 5442 946 5497 ᾳ,
985 5423 1075 5477 καὶ
1120 5426 1154 5495 ἡ
1206 5424 1373 5497 αὐτῇς
1423 5420 1720 5497 ᾅινοὶληιιιοιςΡ
1768 5421 1859 5497 μὶ

257 5490 531 5569 «tangam;
559 5490 643 5545 ita?
687 5490 956 5569 ἆνᾳλῄσῖα
1008 5499 1114 5569 τῷν
1145 5490 1627 5569 ’σψμϐὰινόνῖῳύί
1667 5494 1728 5548 τὸ
1764 5490 1862 5569 .λὲ-

256 5574 344 5626 ’τείν
368 5559 465 5641 δῖι,
495 5567 778 5637 Χριστιανή
814 5559 949 5640 εἷμι’
982 5567 1073 5622 καὶ
1103 5559 1396 5644 παρ”ἡμῖν
1448 5559 1601 5621 οὐδὲύ
1654 5563 1858 5643 φαῦλον

260 5644 449 5695 γινεται.

1963 4647 2096 4699 ante
2122 4641 2273 4696 diem
2302 4639 2503 4711 judicii
2538 4636 2816 4694 solemnis
2842 4635 2902 4692 in
2936 4635 3145 4691 coelum
3180 4639 3465 4708 martyres
3515 4648 3607 4689 re-

1962 4731 2284 4803 cipi.Quam
2304 4728 2637 4801 opinionem
2652 4730 2694 4782 1
2706 4727 2748 4784 5
2760 4728 2799 4781 7
2812 4726 2965 4781 idem
2981 4723 3378 4781 Tertullianus
3392 4722 3607 4779 inlibro

1966 4825 2049 4877 De
2077 4822 2285 4887 anima,
2318 4820 2622 4890 Perpetuis
2644 4839 2671 4866 «
2700 4815 3034 4871 fortissimae
3059 4814 3334 4888 martyris
3357 4835 3386 4864 »
3410 4813 3609 4868 aucto-

2037 4997 2151 5069 (76)
2174 4994 2500 5069 Ruﬁn._lib.
2532 5012 2571 5050 x
2611 4995 2744 5069 Hist:
2786 4994 2997 5069 accisa,
3031 5010 3173 5069 cap._
3212 4994 3324 5058 36;
3357 4989 3608 5069 [sanctus

1975 5058 2359 5140 Augustinus.
2383 5067 2486 5122 lib.
2520 5084 2680 5135 XVIII,
2713 5067 2786 5140 De
2814 5058 3040 5140 civitate,
3062 5058 3190 5140 pet,
3218 5078 3330 5140 oap
3349 5061 3462 5140 :52;
3498 5058 3604 5113 So-

1978 5132 2186 5208 crates,
2210 5138 2312 5196 lib.
2343 5156 2407 5195 III
2452 5140 2589 5195 Hist.
2621 5132 2847 5211 eodem,
2866 5153 2993 5211 cap.
2996 5136 3088 5211 _1_8
3121 5134 3311 5211 et_19__,
3346 5132 3616 5211 Sggome-

1970 5229 2104 5280 nus,
2167 5200 2268 5265 lib.
2328 5227 2380 5279 v,
2438 5226 2564 5282 cap.
2625 5211 2691 5265 19
2728 5200 2954 5282 ρι’ΖΟξ
2996 5200 3353 5271 Theodorit.,
3383 5200 3486 5256 lib.
3519 5216 3606 5257 III.

1978 5285 2091 5338 Hist
2119 5291 2333 5337 ecclesu
2365 5280 2593 5338 canClO
2629 5282 2685 5336 et
2718 5280 2802 5333 11.

2045 5298 2091 5338 st
2119 5298 2333 5337 εσειεδ..
2365 5298 2432 5337 ca
2479 5324 2491 5335 .

2042 5354 2155 5426 (77)
2210 5353 2378 5426 Apud,
2411 5298 2519 5426 Em

1976 5423 2505 5500 Ῑιυτέἰᾲὲιέονέῗίι
2593 5491 2629 5500 ..
2743 5491 2833 5500 .-η
2915 5492 2930 5500 -
3034 5490 3071 5500 ..

2045 5498 2158 5569 (78)
2188 5490 2381 5569 ξενωῖ
2408 5495 2533 5569 ἓξς),
2558 5491 2707 5569 alias
2734 5491 2856 5569 1053,
2899 5492 2970 5546 de
3018 5490 3227 5569 divers.

2043 5562 2157 5640 (79)
2186 5567 2371 5623 Serm.
2403 5562 2528 5633 281,
2564 5562 2639 5619 al.
2675 5563 2747 5618 de
2776 5562 3022 5634 divers.,
3055 5562 3177 5617 104.

2526 5352 2611 5406 in.
2659 5352 2720 5406 in
2781 5349 2929 5404 Actis
2976 5352 3288 5403 sanctorum
3344 5341 3608 5411 Montani,
