4064 6154
388 280 504 343 163

1537 268 2052 339 DlSSERTA'l‘IO
2093 264 2639 334 APOLOGETICA

3671 271 3791 330 164

387 413 560 469 ritate
588 412 937 473 conﬁrmat;
965 427 1110 482 quae,
1143 408 1354 481 inquit,
1386 430 1415 460 α
1454 410 1563 466 sub
1594 409 1688 465 die
1741 404 2033 482 passionis
2062 405 2118 472 Α
2147 406 2547 461 monstremus
2573 419 2587 458 :
2620 402 2679 457 in
2711 398 3053 458 memoriam
3082 397 3251 457 nobis
3282 414 3350 456 ea
3380 403 3593 457 sanctas
3623 416 3789 457 mar-

385 502 447 557 in
471 500 818 557 revelatione
837 500 1036 571 gloriae
1065 499 1320 572 paradisi
1354 498 1508 555 solos
1530 498 1648 553 illic
1677 500 2027 568 commarty-

386 607 479 646 res
506 605 650 646 suos
680 589 842 644 vidit.
880 610 907 637 ιι
939 588 1049 643 Sed
1084 593 1186 643 aut
1217 587 1445 644 fallitur
1484 593 1679 660 aperte
1711 584 2028 642 Tertullia-

386 696 520 746 nus,
553 680 656 734 aut
684 676 832 733 fallit
864 694 877 731 :
911 677 1065 733 solos
1088 676 1243 733 enim
1277 693 1340 732 se
1368 676 1428 731 in
1491 676 1763 748 paradiso
1811 673 2027 729 vidisse

387 772 670 837 martyres
722 770 1005 837 Perpetua
1060 782 1175 820 non
1236 765 1415 833 dicit;
1475 765 1618 836 quin
1692 762 2027 835 oppositum

388 858 539 913 clare
567 859 627 910 et
652 858 851 926 aperte
904 858 1190 910 testatur:
1225 857 1330 910 «Et
1358 852 1638 925 capimus
1670 852 1789 907 illic
1811 850 2027 907 multos

385 946 598 999 fratres
644 959 1011 1015 cognoscere,
1064 945 1163 998 sed
1195 948 1253 999 et
1300 946 1605 1015 martyres.
1643 963 1664 991 ι
1704 941 1890 1013 Igitur
1910 955 2025 995 non

387 1033 544 1091 solos
573 1032 651 1088 ibi
685 1033 1233 1104 commartyres,sed
1265 1036 1321 1088 et
1350 1032 1674 1087 confratres
1702 1030 1876 1086 etiam
1899 1044 2025 1084 eos-

386 1139 501 1193 que
530 1138 647 1177 non
670 1138 887 1193 paucos
917 1126 1333 1193 Perpetua,seu
1356 1120 1552 1191 potius
1573 1124 1820 1174 Saturus
1841 1116 2022 1173 vidit:

388 1209 539 1266 hanc
569 1209 724 1265 enim
757 1209 1162 1265 revelationem
1192 1209 1437 1263 Saturus
1497 1208 1739 1279 accepit,
1760 1211 1817 1262 et
1846 1222 2023 1261 manu

386 1316 495 1355 sua
513 1297 724 1353 litteris
755 1297 1138 1370 consignavit.
1194 1298 1310 1353 Cur
1367 1301 1564 1352 autem
1597 1295 1914 1368 specialem
1953 1294 2027 1349 de

384 1386 742 1460 martyribus
771 1387 1124 1443 mentionem
1177 1386 1410 1456 faciant,
1443 1384 1590 1441 ratio
1642 1385 1701 1440 in
1749 1386 2025 1455 promptu

385 1481 495 1532 est.
515 1478 581 1531 In
607 1475 734 1547 ipso
773 1476 1028 1547 paradisi
1050 1475 1250 1530 limine
1268 1479 1517 1545 quatuor
1540 1470 2025 1545 martyres,paulo

384 1568 518 1621 ante
549 1565 609 1619 in
640 1565 837 1620 eadem
870 1563 1063 1619 Severi
1120 1564 1525 1635 persecutione
1561 1564 2022 1629 consummatos,

322 1706 340 1717 ἦ
384 1653 583 1709 obvios
612 1653 962 1717 habuerant,
994 1670 1028 1707 a
1056 1652 1272 1724 quibus
1302 1653 1372 1707 de
1403 1651 1627 1707 castoris
1656 1666 1790 1706 cum
1827 1647 2022 1721 requi-

382 1745 619 1811 sissent,
648 1742 850 1797 moniti
874 1746 1013 1796 sunt
1046 1742 1116 1796 ab
1150 1740 1374 1812 angeiis
1403 1745 1470 1794 ut
1499 1740 1665 1811 prius
1716 1736 2027 1841 introirent
2058 1774 2105 1841 Β

383 1838 440 1885 et
464 1831 771 1886 Dominum
794 1832 1179 1885 salutarentm
1207 1829 1290 1885 Ibi
1319 1826 2019 1891 invenimusJocundum,

380 1928 435 1975 et
465 1918 869 1985 Saturninum,
904 1925 962 1975 et
989 1920 1312 1987 Artaxium,
1335 1918 1435 1989 qui
1457 1912 2023 1988 eamdem'persecu-

381 2011 601 2065 tionem
633 2008 816 2079 passi,
851 2008 962 2062 vivi
1011 2010 1282 2063 arserunt
1313 2022 1327 2063 ε
1390 2012 1447 2062 et
1476 2005 1773 2077 quintum,
1834 2004 1933 2075 qui
1965 2007 2024 2059 et

380 2098 506 2169 ipse
535 2096 834 2168 martyrio
871 2111 1098 2151 carcere
1123 2095 1339 2152 exierat
1372 2112 1385 2162 ;
1419 2100 1476 2150 et
1514 2093 1918 2165 quaerebamus
1946 2090 2021 2147 ab

390 2185 509 2241 illis
538 2184 639 2240 ubi
671 2189 868 2240 essent
898 2184 1108 2240 caeteri.
1142 2183 1421 2239 Dixerunt
1476 2188 1669 2238 autem
1729 2180 1898 2236 nobis
1924 2196 2024 2236 an-

386 2274 499 2345 geli
526 2291 540 2329 :
572 2273 779 2328 Venite
810 2272 992 2344 prius,
1017 2273 1250 2327 introite
1271 2276 1327 2327 et
1354 2272 1606 2326 salutate
1623 2269 1955 2325 Dominum.
1993 2289 2023 2317 »

387 2367 522 2426 Quae
552 2362 653 2417 ubi
684 2362 835 2417 facta
865 2365 1024 2430 sunt,
1068 2362 1282 2415 muilos
1305 2377 1367 2416 se
1423 2360 1630 2414 fratres
1687 2358 1901 2414 vidisse
1932 2361 2023 2412 te-

381 2452 738 2519 stantur,sed
770 2455 826 2505 et
847 2450 1189 2505 nominatim
1242 2454 1668 2520 martyres,quo
1691 2446 1911 2503 scilicet
1931 2446 2023 2501 de-

382 2541 596 2596 siderio
614 2556 719 2595 suo
754 2540 967 2593 factum
993 2539 1174 2593 fuisse
1188 2538 1329 2593 satis
1361 2537 1623 2608 apertius
1646 2535 2025 2591 luculentius-

390 2643 503 2698 que
531 2628 844 2682 declarent.
879 2626 1402 2691 Quamvis'mirum
1464 2640 1592 2680 esse
1620 2641 1735 2679 non
1792 2624 2021 2691 debeat,

382 2717 433 2773 si
466 2717 700 2772 animus
730 2718 802 2771 de
834 2715 1095 2787 martyrii
1126 2715 1376 2769 candida
1410 2714 1597 2778 laatus,
1632 2718 1689 2768 et
1744 2712 2021 2785 martyrio

384 2806 707 2878 proximus,
756 2805 813 2860 in
873 2813 1193 2876 martyrum
1255 2802 1558 2874 prmmium
1592 2800 1923 2874 specialiter
1956 2817 2023 2856 ac

385 2894 658 2950 distincte
689 2894 983 2966 loquatur.
1015 2892 1099 2948 Ad
1132 2909 1258 2964 quae
1293 2892 1449 2947 enim
1482 2891 1736 2947 afﬁcitur
1764 2890 2024 2958 animus,

384 3000 454 3039 ea
484 2984 733 3039 libenter
762 2982 982 3053 recolit,
1015 2986 1072 3039 et
1100 2998 1252 3054 saepe
1282 2997 1349 3037 ac
1397 2981 1723 3052 frequenter
1752 2984 2020 3052 usurpat.

453 3076 519 3129 V.
551 3073 651 3128 Est
679 3071 835 3127 aliud
870 3073 1022 3143 quod
1056 3071 1115 3126 in
1145 3070 1255 3126 hac
1275 3069 1471 3126 Saturi
1495 3070 1718 3125 visione
1752 3068 2022 3124 animad-

2137 493 2282 566 tyris
2302 493 2444 549 visio
2484 492 2815 547 reducenda
2845 494 2953 558 est,
2984 507 3099 562 qua
3132 491 3365 545 fratrem
3413 490 3785 546 Dinocratem

2138 580 2444 647 intellexit,
2477 579 2832 635 translatum
2862 578 3015 635 158
3046 594 3174 635 esse
3211 578 3281 633 de
3345 594 3535 650 pcena.
3570 583 3784 634 Locum

2134 669 2291 725 enim
2323 673 2381 725 et
2406 668 2651 741 gloriam
2685 669 2755 723 ad
2791 684 2919 740 quas
2950 667 3136 722 fuerat
3166 666 3510 732 translatus,
3546 667 3617 722 iis
3652 668 3784 722 Per-

2135 762 2311 830 petua
2330 756 2523 813 verbis
2553 756 2832 812 describit
2850 757 3067 828 quibus
3089 759 3285 827 aperte
3316 756 3700 827 signiﬁcatur,
3719 756 3781 811 in

2135 847 2407 902 eumdem
2438 845 2631 902 locum
2660 850 2717 901 et
2748 844 2994 918 gloriam
3024 845 3220 917 ipsum
3244 843 3423 900 fuisse
3453 850 3781 917 receptum,

2136 935 2195 991 in
2227 935 2443 1006 quibus
2499 938 2705 1006 postea
2752 939 3039 1006 martyres
3090 937 3338 988 Saturus
3393 932 3560 999 vidit,
3618 937 3685 988 ut
3710 950 3783 988 ex

2136 1023 2417 1095 uriusque
2464 1022 2705 1079 visionis
2751 1021 3059 1078 collatione
3088 1022 3396 1078 manifeste
3454 1021 3659 1093 liquet.
3689 1022 3787 1078 Sic

2132 1112 2291 1170 enim
2324 1113 2393 1167 de
2420 1129 2531 1168 sua
2549 1112 2771 1169 visione
2800 1112 3112 1182 Perpetua:
3147 1135 3175 1162 ‹‹
3226 1111 3406 1166 Video
3470 1110 3668 1167 locum
3702 1111 3780 1165 il-

2136 1200 2282 1268 lum,
2311 1217 2484 1273 quem
2516 1201 2772 1255 videram
2802 1201 3201 1265 tenebrosum,
3227 1214 3354 1255 esse
3403 1198 3693 1270 lucidum,
3725 1205 3787 1256 et

2135 1290 2505 1346 Dinocratem
2537 1289 2757 1346 mundo
2786 1304 3047 1360 corpore,
3085 1290 3228 1344 bene
3279 1288 3580 1355 vestitum,
3610 1288 3784 1344 refri-

2139 1382 2461 1452 gerantem.
2495 1382 2571 1433 Et
2622 1378 2722 1433 ubi
2754 1381 2877 1433 erat
2927 1376 3163 1443 vulnus,
3212 1376 3376 1432 video
3423 1377 3781 1447 cicatricem,

2136 1471 2194 1524 et
2224 1467 2506 1539 piscinam
2537 1466 2701 1522 illam
2725 1483 2903 1537 quam
2961 1470 3112 1521 retro
3161 1465 3443 1533 videram,
3479 1466 3781 1522 submisso

2137 1555 2401 1629 margine
2433 1572 2621 1627 usque
2651 1556 2721 1610 ad
2755 1554 3101 1611 umbilicum
3148 1554 3310 1625 pueri
3339 1572 3351 1609 :
3386 1559 3444 1610 et
3473 1571 3685 1627 aquam
3713 1556 3787 1610 de

2135 1660 2203 1701 ea
2230 1644 2499 1700 trahebat
2519 1644 2645 1699 sine
2667 1644 3076 1711 cessatione,et
3098 1660 3275 1714 super
3297 1644 3561 1715 margine
3582 1643 3783 1715 phiala

2136 1737 2261 1788 erat
2296 1732 2468 1804 plena
2497 1749 2646 1803 aqua
2670 1757 2684 1797 ;
2708 1742 2765 1787 et
2815 1731 3061 1787 accessit
3117 1732 3477 1796 Dinocrates,
3503 1736 3559 1786 et
3608 1733 3681 1786 de
3711 1749 3781 1788 ea

2135 1822 2332 1878 bibere
2363 1822 2557 1893 coepit,
2590 1838 2718 1892 quas
2743 1820 2939 1892 phiala
2965 1837 3077 1875 non
3111 1820 3510 1876 deﬁciebat.Et
3530 1820 3781 1877 satiatus

2134 1910 2418 1965 abscessit
2437 1910 2506 1965 de
2538 1909 2917 1979 aqua,ludere
2937 1924 3098 1963 more
3118 1907 3431 1963 infantium
3453 1910 3773 1977 gaudens.»

2132 1997 2210 2054 Iis
2240 1999 2479 2055 omnino
2511 2014 2769 2054 consona
2797 2001 2957 2067 sunt,
2990 2014 3119 2069 quas
3177 2002 3375 2066 postea
3403 2001 3646 2053 Saturus
3685 2000 3783 2054 vi-

2132 2085 2219 2142 dit
2249 2105 2263 2144 :
2289 2110 2318 2138 «
2353 2088 2422 2143 Et
2458 2087 2735 2156 vidimus,
2770 2085 2976 2156 inquit,
3009 2101 3188 2157 prope
3217 2084 3433 2153 locum,
3456 2087 3621 2157 cujus
3661 2087 3780 2143 loci

2132 2176 2382 2247 parietes
2412 2176 2558 2231 tales
2588 2181 2755 2231 erant
2784 2176 3038 2247 quaside
3068 2176 3196 2230 luce
3226 2175 3521 2241 aedificati,
3553 2181 3610 2231 et
3641 2181 3782 2232 ante

2132 2264 2347 2321 ostium
2384 2264 2493 2321 loci
2525 2264 2686 2320 illius
2708 2269 2960 2336 quatuor
3015 2263 3206 2336 angeli
3263 2264 3519 2330 stabant,
3552 2265 3651 2336 qui
3683 2265 3777 2320 in-

2133 2356 2430 2409 troeuntes
2456 2353 2781 2409 vestierunt
2812 2351 2994 2408 stolas
3013 2352 3318 2407 candidas.
3352 2353 3420 2408 Et
3441 2370 3546 2409 nos
3576 2354 3780 2409 vestiti

2132 2441 2503 2497 introivimus
2534 2445 2592 2496 et
2622 2442 2878 2496 vidimus
2908 2439 3097 2496 lucem
3154 2440 3526 2507 immensam,
3560 2447 3669 2497 etc.
3705 2444 3778 2497 Et

2131 2530 2404 2586 dixerunt
2438 2530 2608 2586 nobis
2664 2530 2960 2585 seniores:
3020 2531 3102 2585 Ite
3132 2534 3189 2584 et
3219 2529 3420 2585 ludite.
3480 2531 3551 2586 Et
3581 2531 3731 2586 dixit
3764 2549 3777 2588 :

2132 2620 2435 2691 Perpetua,
2468 2619 2650 2674 babes
2681 2620 2832 2690 quod
2866 2618 2973 2674 vis.
3008 2620 3075 2673 Et
3105 2619 3254 2674 dixit
3287 2619 3425 2673 mihi
3456 2638 3468 2677 :
3506 2620 3621 2675 Deo
3653 2638 3778 2687 gra'

2132 2716 2265 2787 tias,
2296 2721 2361 2772 ut
2391 2717 2683 2787 quomodo
2721 2715 2779 2770 in
2815 2732 2989 2771 carne
3018 2715 3225 2771 hilaris
3257 2715 3612 2782 fui,hilarior
3641 2734 3776 2772 sum

2131 2809 2188 2860 et
2216 2805 2311 2860 hic
2344 2805 2536 2860 modo.
2576 2827 2603 2853 ››
2636 2805 2705 2859 Et
2734 2805 2925 2860 infra:
2966 2825 2988 2851 α
3020 2804 3090 2859 Et
3120 2805 3259 2859 dum
3310 2803 3606 2876 loquimur
3636 2822 3775 2861 cum

2130 2893 2512 2961 eis,dixerunt
2553 2893 2669 2949 illis
2705 2892 2897 2966 angeli
2919 2909 2932 2948 :
2954 2892 3156 2947 Simite
3186 2892 3770 2966 illos,refrigerent...

2130 2983 2395 3039 Universi
2427 2983 2603 3038 odore
2624 2981 2995 3038 inenarrabili
3043 2981 3364 3047 alebamur,
3394 2982 3488 3053 qui
3542 3000 3650 3038 nos
3674 3000 3775 3039 sa—

2130 3074 2336 3130 tiabat.
2376 3109 2392 3127 .
2434 3074 2619 3137 Quam
2648 3071 2795 3127 bene
2843 3071 2953 3126 sibi
3012 3070 3329 3127 concinunt
3380 3071 3675 3143 Perpetua:
3707 3073 3778 3127 de

380 3160 694 3230 vertam,in
727 3176 841 3231 quo
874 3177 985 3215 non
1006 3176 1212 3230 parum
1238 3158 1522 3214 momenti
1552 3158 1746 3213 inesse
1766 3157 2017 3225 videtur,
2053 3140 2095 3207 (ἶ
2134 3162 2462 3218 Dinocratis
2493 3165 2549 3216 et
2578 3161 2769 3215 Saturi
2805 3161 2875 3215 de
2908 3164 3229 3229 martyrum
3262 3160 3445 3231 gloria
3476 3140 3783 3217 revelatio-

379 3252 451 3305 ad
467 3254 801 3305 nostrorum
827 3253 1151 3318 martyrum
1170 3246 1575 3302 orthodoxiam
1599 3246 1877 3301 adversus
1894 3249 2027 3300 Bas-

383 3339 622 3412 nagium
654 3338 1088 3393 vindicandam.
1121 3335 1261 3393 Vult
1287 3334 1443 3390 enim
1466 3333 1842 3406 ipse,nullam
1864 3337 2023 3389 Mon-

390 3428 625 3483 tanistis
655 3444 787 3483 cum
821 3426 1119 3482 catholicis
1150 3423 1323 3480 etiam
1372 3423 1727 3495 martyribus
1786 3439 2026 3479 consue-

382 3518 648 3575 tudinem
683 3515 1111 3580 intercessisse,
1130 3514 1233 3569 sed
1264 3528 1498 3568 omnem
1524 3527 1723 3567 earum
1754 3528 2026 3567 commu-

385 3605 640 3670 nionem,
672 3608 736 3658 ut
765 3620 912 3674 quos
941 3601 1195 3657 ludibrio
1213 3606 1269 3657 et
1299 3600 1657 3673 contemptui
1707 3600 2020 3670 habebant,

382 3698 440 3747 et
469 3696 749 3762 tanquam
770 3690 1074 3762 psychicos
1106 3690 1511 3755 traducebant,
1543 3705 1673 3745 esse
1705 3694 2019 3745 aversatos.

380 3780 435 3834 Si
471 3779 554 3835 ita
572 3784 679 3847 est,
712 3796 828 3835 non
859 3780 1126 3834 Saturem
1180 3779 1374 3846 modo,
1410 3783 1467 3833 et
1526 3779 1873 3850 Perpetuam
1927 3795 2021 3834 so-

379 3868 617 3940 ciosque
652 3872 957 3941 martyres,
1016 3868 1115 3923 sed
1147 3871 1204 3923 et
1258 3867 1612 3934 Jocundum,
1646 3872 1703 3923 et
1755 3866 2022 3922 Saturni-

383 3975 549 4028 num,
582 3961 639 4012 et
667 3958 989 4025 Artaxium,
1014 3962 1069 4011 et
1108 3957 1411 4025 Quintum,
1446 3960 1502 4011 et
1532 3960 1770 4011 caeteros
1802 3960 2021 4028 marty-

377 4064 469 4102 res
494 4064 644 4117 quos
674 4046 1069 4119 requirebant,
1120 4051 1178 4100 et
1216 4062 1467 4117 quorum
1520 4049 1724 4116 postea
1776 4044 2022 4117 gloriam

377 4136 667 4205 viderunt,
694 4140 751 4191 et
780 4135 840 4190 in
865 4136 1067 4191 eadem
1091 4134 1282 4190 Severi
1301 4134 1702 4206 persecutione
1725 4133 1879 4206 passi
1892 4135 2020 4204 jam

378 4224 633 4291 fuerant,
665 4224 1044 4280 montanismi
1071 4240 1199 4279 reos
1247 4240 1418 4295 agere
1476 4223 1843 4278 debebimus.
1875 4222 2021 4277 Nam

379 4315 627 4370 Saturus
684 4318 743 4369 et
801 4315 1077 4385 Perpetua
1125 4329 1240 4368 sua;
1299 4316 1529 4367 tantum
1591 4310 2024 4366 communionis

378 4408 663 4474 martyres
689 4402 1156 4473 requisivissent.
1212 4402 1402 4465 Quare
1434 4406 1535 4456 aut
1565 4400 1869 4473 praedictos
1899 4416 2023 4456 om-

2133 3250 2274 3307 nes!
2311 3251 2527 3305 Locum
2560 3250 2618 3303 in
2650 3266 2765 3321 quo
2799 3250 3164 3305 Dinocratem
3190 3249 3473 3321 Perpetua
3502 3249 3665 3320 vidit,
3694 3250 3789 3306 lu-

2132 3339 2296 3396 cidus
2324 3343 2483 3406 erat;
2520 3338 2626 3394 loci
2660 3337 2821 3393 illius
2852 3338 2909 3393 in
2944 3355 3060 3410 quo
3094 3342 3379 3409 martyres
3402 3338 3649 3394 Saturus
3693 3339 3779 3393 vi-

2134 3429 2214 3496 di,
2246 3429 2492 3500 parietes
2521 3427 2666 3482 tales
2692 3433 2855 3482 erant
2887 3426 3053 3499 quasi
3086 3428 3154 3482 de
3186 3427 3314 3483 luce
3344 3427 3634 3482 aedificati.
3667 3428 3777 3483 Di-

2134 3520 2396 3572 nocrates
2428 3515 2648 3571 mundo
2704 3532 2942 3587 corpore
2996 3520 3122 3570 erat
3166 3524 3220 3570 et
3280 3518 3425 3571 bene
3483 3516 3774 3583 vestitus;

2134 3610 2418 3678 martyres
2451 3603 2641 3677 angeli
2675 3603 2842 3659 stolis
2900 3603 3164 3659 candidis
3212 3604 3549 3660 induerunt.
3605 3605 3785 3661 Dino-

2133 3698 2320 3771 crates
2343 3692 2821 3762 satiatus,infanti
2832 3709 2928 3747 um
2956 3709 3114 3749 more
3130 3692 3367 3748 ludebat
3390 3710 3402 3747 :
3426 3697 3777 3765 Perpetuam

2132 3788 2189 3840 et
2234 3787 2503 3838 Saturum
2556 3782 2836 3852 seniores,
2900 3786 2964 3837 ut
3018 3783 3306 3852 luderent,
3368 3782 3784 3851 hortabantur,

2132 3873 2499 3929 Dinocratem
2538 3871 2821 3943 Perpetua
2876 3887 2937 3927 se
2999 3871 3439 3943 refrigerantem
3503 3873 3779 3943 aspexit;

2134 3961 2204 4016 de
2230 3961 2516 4033 Perpetua
2571 3964 2628 4015 et
2684 3961 2893 4015 Saturo
2953 3959 3142 4030 angeli
3170 3977 3183 4015 :
3212 3982 3239 4009 ‹‹
3273 3960 3457 4016 Sinite
3517 3958 3649 4016 illos
3683 3960 3789 4015 in-

2133 4049 2364 4122 quiunt,
2399 4048 2798 4121 refrigerent.»
2836 4052 2912 4103 De
2944 4065 3093 4119 aqua
3125 4048 3463 4103 Dinocrates
3492 4048 3618 4104 sine
3651 4065 3783 4105 ces-

2133 4139 2357 4194 satione
2378 4138 2634 4203 bibebat,
2665 4153 2849 4208 eoque
2907 4142 3043 4209 potu
3100 4136 3278 4192 veluti
3329 4137 3783 4206 inebriabatur;

2133 4227 2418 4298 Perpetua
2465 4230 2522 4281 et
2551 4227 2795 4282 Saturus
2827 4226 3003 4281 odore
3035 4225 3410 4282 inenarrabili
3443 4226 3786 4296 alebantur,

2134 4317 2363 4388 quieos
2393 4315 2635 4371 miriﬁce
2695 4315 2965 4370 sstiabat.
3018 4315 3159 4380 Quis
3217 4320 3405 4387 neget,
3459 4316 3570 4371 sub
3629 4318 3786 4371 adeo

2133 4404 2405 4461 consonis
2435 4403 2720 4477 symbolis
2750 4408 2808 4458 et
2853 4403 3058 4475 ﬁguris
3117 4405 3383 4459 eamdem
3440 4403 3620 4460 fuisse
3650 4404 3787 4477 glo-

377 4508 481 4547 nes
509 4494 793 4562 martyres
826 4492 895 4545 de
929 4490 1416 4545 Montanistarum
1449 4506 1622 4562 grege
1656 4490 1835 4545 fuisse
1868 4489 2023 4544 dice-
2056 4508 2101 4574 D
2133 4493 2281 4549 riam
2315 4498 2790 4564 representatam
2810 4492 2838 4546 ?
2866 4492 3005 4558 Quis
3024 4497 3213 4564 neget,
3238 4510 3473 4564 aquam,
3500 4494 3570 4548 ad
3597 4511 3785 4566 quam

376 4597 532 4647 mus,
566 4583 667 4634 aut
686 4595 889 4634 omnes
918 4580 1132 4651 pariter
1161 4579 1219 4633 in
1252 4579 1675 4635 catholicorum
1702 4582 2024 4651 martyrum

378 4668 575 4723 album
612 4668 950 4724 referemus.
985 4669 1126 4731 Quis
1158 4672 1351 4723 autem
1412 4669 1483 4723 ob
1517 4667 1671 4723 leves
1713 4668 2024 4738 quasdam,

383 4772 511 4825 quae
544 4754 828 4826 Basnagio
852 4754 909 4809 in
947 4758 1201 4809 mentem
1232 4760 1514 4810 venerunt
1545 4757 2027 4826 conjecturas,tot

382 4860 413 4900 e
444 4843 872 4899 Catholicorum
900 4843 1148 4914 dypticis
1170 4845 1421 4917 expungi
1450 4850 1731 4916 martyres
1753 4848 1810 4900 et
1839 4860 1908 4899 ex
1936 4844 2021 4901 eis

382 4933 869 4991 Montanistarum
903 4931 1075 4987 ditari
1104 4932 1436 5000 laterculos,
1463 4934 1750 5006 patienter
1781 4937 1837 4988 et
1859 4949 2025 5004 aequo

378 5022 575 5079 animo
614 5022 762 5078 ferat
787 5020 815 5076 ?

447 5112 509 5167 V.
533 5112 647 5168 Sed
681 5116 745 5167 ut
774 5110 1115 5167 institutum
1143 5111 1419 5182 superius
1451 5113 1865 5182 argumentum
1886 5126 2025 5182 pro-

375 5218 717 5274 sequamur,
751 5205 807 5257 et
845 5218 913 5257 ex
969 5201 1263 5271 Pcrpetuae
1322 5198 1803 5266 revelationibus,
1851 5216 2022 5257 secus

374 5296 548 5363 atque
578 5291 830 5347 habebat
854 5290 1342 5345 Montanistarum
1377 5287 1666 5355 doctrina,
1712 5304 1825 5343 non
1871 5287 2025 5345 solos

375 5380 437 5435 in
469 5378 611 5436 ccelo
640 5378 820 5434 fuisse
853 5382 1136 5449 martyres
1167 5376 1499 5448 collocatos,
1523 5375 1879 5435 luculentius
1921 5379 2024 5437 de-

446 5578 564 5655 (80)
588 5573 806 5637 Psalm.
841 5586 1001 5653 χχιιι,
1038 5572 1122 5639 10.

2135 4581 2392 4654 primum
2423 4581 2762 4637 Dinocrates
2820 4581 3151 4644 anhelabat,
3185 4598 3359 4653 quam
3395 4586 3596 4654 postea
3653 4583 3791 4639 sine

2133 4671 2460 4727 cessatione
2483 4670 2740 4736 bibebat,
2772 4688 2889 4742 qua
2919 4670 3261 4741 satiabatur,
3286 4688 3412 4743 qua:
3471 4688 3786 4743 nunquam

2134 4759 2185 4815 ei
2217 4760 2531 4826 diﬁciebat,
2568 4776 2882 4832 perennem
2919 4759 3086 4815 illum
3118 4764 3343 4815 aeternas
3400 4760 3527 4816 vita;
3559 4761 3789 4817 fontem

2134 4850 2535 4916 adumbrasse,
2572 4852 2625 4904 et
2655 4848 2975 4903 voluntatis
3006 4853 3344 4920 torrentem,
3378 4850 3448 4904 de
3480 4867 3592 4920 quo
3638 4849 3790 4905 olim

2133 4937 2414 5011 propheta
2441 4937 2656 4993 cecinit
2676 4938 2788 5010 (80)
2821 4955 2833 4992 :
2864 4960 2892 4987 «
2929 4938 3383 4993 Inebriabuntur
3414 4940 3484 4994 ab
3518 4938 3794 4995 ubertate

2133 5026 2346 5081 domus
2376 5030 2573 5093 tuaa,et
2607 5030 2863 5081 torrente
2894 5025 3209 5097 voluptatis
3239 5032 3352 5081 tua;
3386 5027 3615 5098 potabis
3635 5043 3741 5083 eos
3772 5047 3791 5087 ι

2134 5114 2412 5187 quoniam
2445 5116 2601 5187 apud
2634 5119 2689 5171 te
2722 5120 2811 5171 est
2843 5116 2974 5172 fons
3003 5116 3152 5181 vitaz,
3201 5120 3260 5172 et
3291 5116 3349 5172 in
3409 5117 3634 5173 lumine
3679 5124 3795 5173 tuo

2131 5203 2463 5259 videbimus
2520 5204 2719 5260 lumen
2747 5208 2817 5258 .9»
2880 5205 3104 5269 Quibus
3168 5205 3369 5277 utique
3411 5207 3602 5262 verbis
3663 5224 3795 5263 non

2133 5292 2309 5349 aliam
2343 5308 2517 5364 quam
2553 5292 2871 5361 cmlestem,
2904 5294 2961 5349 id
2987 5298 3075 5349 est
3114 5294 3294 5350 beata:
3351 5295 3699 5351 aeternitatis
3731 5301 3802 5351 et

2136 5380 2304 5439 clam
2336 5380 2439 5438 Dei
2469 5379 2722 5438 visionis
2752 5380 3024 5456 gioriam,
3060 5382 3517 5460 felicitatemque
3564 5384 3802 5443 descri-
