4064 6154
253 300 345 366 165

1007 287 1162 353 PRO
1206 287 1316 353 SS.
1365 287 1810 364 PERPETUA,
1857 288 2322 352 FELICITATE
2369 291 2467 353 ET
2511 289 2780 355 SOCIIS.

3473 295 3592 356 166

246 434 356 506 psit.
378 431 502 486 Cum
530 425 610 481 ita
647 427 868 496 martyr
921 421 1262 480 Dinocrates
1293 439 1409 479 non
1434 421 1663 490 obierit,
1725 421 1830 477 fal-
1861 423 1915 490 Α
1941 421 2078 488 rint,
2109 422 2197 479 vel
2229 440 2295 479 ex
2325 424 2656 495 apostolicis
2684 423 2826 479 viris
2879 425 2978 497 qui
3008 428 3204 482 tamen
3261 441 3395 482 cum
3445 443 3585 499 apo-

242 537 348 579 sum
373 516 588 573 omnino
619 520 730 580 est,
763 512 916 584 quod
945 511 1028 568 ait
1056 511 1474 576 Tertullianus,
1522 512 1676 567 solos
1707 511 1850 588 Pcr-r

246 615 436 682 petuam
464 606 519 660 in
540 602 811 676 paradiso
834 605 1114 673 martyres
1128 600 1345 657 vidisse
1370 617 1384 659 :
1408 598 1646 667 falsum,
1678 599 1832 671 quod

245 699 304 755 ait
327 693 649 765 Basnagius,
682 691 1027 763 Perpetuam
1069 706 1138 745 ex
1183 688 1677 744 Montanistarum
1709 687 1833 760 epi-

243 788 395 855 nione,
426 798 621 839 omnes
673 784 832 836 extra
861 777 1196 852 paradisum
1227 777 1287 832 in
1348 777 1472 834 loco
1507 777 1831 846 tenebroso,

244 879 412 948 praeter
465 874 783 942 martyrum
842 867 995 924 159
1054 866 1305 938 animas,
1366 865 1728 922 collocasse:
1781 869 1837 921 et

241 963 411 1018 falsum
440 960 686 1030 denique
717 956 844 1024 erit,
888 956 1232 1027 Perpetuam
1289 970 1499 1026 eosque
1550 958 1835 1026 martyres

240 1052 316 1124 qui
340 1066 394 1106 se
420 1046 617 1104 mortis
649 1045 837 1104 socios
865 1045 979 1118 ipsi
1010 1045 1304 1110 addidere,
1328 1061 1359 1099 e
1389 1043 1590 1100 schola
1609 1059 1836 1115 proces-

239 1141 353 1196 sisse
380 1137 878 1202 Montanistarum,
911 1149 1229 1205 eorumque
1259 1133 1518 1189 imbutos
1535 1132 1716 1189 fuisse
1734 1133 1835 1188 do-

238 1227 488 1302 gmatibus
515 1229 574 1281 et
605 1223 928 1294 disciplina.

291 1315 363 1372 Vl.
393 1316 463 1370 Ex
491 1313 696 1370 eadem
738 1311 934 1369 Saturi
962 1310 1186 1368 visione
1228 1309 1343 1367 alia
1373 1309 1521 1366 mihi
1576 1309 1838 1366 nascitur

237 1405 546 1476 conjectura,
577 1419 694 1473 qua
723 1400 887 1457 facile
913 1400 1185 1456 suadeam
1228 1403 1573 1471 Perpetuam
1625 1398 1840 1455 socios-

239 1511 330 1567 que
356 1496 626 1563 martyres
658 1506 691 1545 a
721 1488 1204 1546 Montanistarum
1225 1487 1637 1544 communione
1658 1486 1839 1542 fuisse

236 1597 470 1655 perquam
501 1578 754 1647 alienos,
787 1577 885 1635 sed
931 1577 989 1632 in
1021 1576 1288 1633 Ecclesiae
1345 1576 1642 1632 catholicas
1701 1590 1842 1647 pace

240 1675 385 1744 atque
429 1668 643 1725 unitate
673 1671 731 1722 et
771 1666 950 1723 vitam
983 1665 1240 1734 duxisse,
1273 1669 1330 1722 et
1384 1665 1704 1738 gloriosum
1736 1679 1841 1737 pro

238 1760 428 1815 Christo
473 1755 825 1829 sanguinem
880 1754 1196 1811 effudisse:
1233 1776 1259 1804 «
1295 1757 1361 1809 Et
1389 1753 1694 1822 exivimus,
1751 1753 1838 1807 in-

239 1847 341 1921 quit
363 1847 620 1911 Saturus,
651 1849 709 1901 et
738 1843 993 1899 vidimus
1023 1847 1156 1899 ante
1187 1843 1340 1898 fores
1383 1841 1661 1915 Optatum
1718 1840 1839 1912 epi-

235 1951 433 2008 scopum
463 1934 544 1989 ad
574 1934 891 2000 dexteram,
924 1936 980 1988 et
1033 1931 1347 2003 Aspasium
1409 1930 1837 2003 presbyterum,

236 2026 480 2081 doctorem
504 2023 586 2078 ad
619 2021 940 2086 sinistram,
973 2026 1276 2093 separatos
1301 2024 1360 2076 et
1388 2018 1608 2086 tristes,
1638 2023 1692 2074 et
1725 2017 1840 2074 mi-

233 2119 396 2169 serunt
420 2129 477 2169 se
509 2112 588 2167 ad
624 2111 800 2183 pedes
830 2109 1022 2178 nobis,
1049 2114 1107 2166 et
1138 2109 1408 2166 dixerunt
1436 2109 1643 2164 nobis:
1678 2107 1844 2164 Com-

235 2203 392 2274 ponite
419 2201 570 2257 inter
604 2217 733 2269 nos,
768 2199 906 2272 quia
934 2199 1204 2256 existiset
1232 2199 1318 2254 sic
1361 2215 1469 2254 nos
1485 2197 1838 2270 relinquitis.

230 2292 282 2346 Et
317 2291 554 2346 diximus
620 2288 786 2344 illis:
839 2292 964 2344 Non
1020 2292 1082 2343 tu
1114 2305 1176 2344 es
1235 2303 1388 2360 papa
1420 2291 1635 2353 noster,
1669 2290 1725 2342 et
1775 2289 1840 2344 tu

232 2381 485 2451 presbyter
508 2378 536 2433 ?
565 2381 635 2433 ut
663 2376 796 2448 quis
824 2393 922 2434 vos
952 2376 1024 2432 ad
1047 2377 1225 2448 pedes
1253 2379 1481 2431 nostros
1543 2375 1788 2431 mittatis
1815 2374 1843 2430 ‘I

231 2468 284 2523 Et
331 2469 597 2524 misimus
648 2483 776 2537 nos,
835 2469 891 2522 et
928 2464 1214 2538 complexi
1253 2464 1388 2520 illos
1439 2480 1714 2520 sumus...
1777 2462 1845 2519 Et

229 2559 338 2612 dum
369 2557 668 2630 loquimur
705 2571 840 2611 cum
871 2555 975 2626 eis,
1008 2555 1282 2610 dixerunt
1309 2553 1426 2609 illis
1449 2553 1640 2626 angeli
1675 2569 1688 2610 :
1748 2554 1842 2610 Si-

229 2647 320 2701 nite
340 2645 481 2713 illos,
516 2644 907 2716 refrigerent;
939 2647 997 2698 et
1027 2642 1076 2699 si
1107 2659 1255 2715 quas
1287 2642 1518 2699 habetis
1550 2642 1702 2698 inter
1741 2659 1842 2699 vos

227 2735 612 2804 dissensiones,
646 2734 926 2788 dimittite
954 2733 1118 2788 vobis
1148 2731 1424 2797 invicem;
1452 2736 1507 2787 et
1537 2733 1844 2788 conturba-

227 2829 400 2879 verunt
424 2839 540 2880 eos.
589 2823 661 2878 Et
693 2821 965 2877 dixerunt
1021 2821 1266 2894 Optato:
1328 2821 1560 2893 Corrige
1615 2821 1840 2894 plebem

228 2917 380 2978 tuam,
410 2913 547 2985 quia
580 2911 669 2966 sic
701 2911 769 2965 ad
808 2914 866 2966 te
896 2909 1250 2966 conveniunt
1279 2909 1444 2981 quasi
1477 2910 1548 2966 de
1578 2910 1726 2965 circo
1758 2926 1847 2965 re-

1941 511 2110 566 stolis
2143 514 2591 584 perseveraverit
2622 535 2636 583 ;
2670 518 2772 570 aut
2797 514 2843 568 si
2873 514 3063 570 serius
3097 515 3312 570 fuerint
3348 514 3587 572 institu-

1942 606 2032 666 tze,
2066 601 2368 656 traducem
2414 601 2545 657 ﬁdei
2578 603 2650 658 ab
2675 602 3007 674 apostolicis
3036 602 3296 659 ecclesiis
3353 620 3589 676 accepe-

1942 687 2080 756 rint,
2111 693 2169 744 et
2196 691 2270 745 ab
2304 707 2508 746 earum
2540 690 2812 764 deinceps
2843 692 3251 748 communione
3283 709 3586 765 nunquam

1944 778 2287 848 exciderint,
2307 779 2644 850 cujusmodi
2677 784 2844 836 erant
2868 780 3132 837 Ecclesiae
3155 782 3433 838 Africanas
3463 799 3587 853 quas

1944 867 2016 923 ad
2055 871 2373 924 Romanam
2436 868 2746 926 Ecclesiam
2807 886 2975 925 suam
3033 870 3317 942 originem
3375 871 3586 927 refere-

1945 956 2104 1012 bant.
2135 955 2312 1029 Urget
2350 957 2672 1026 haareticos,
2703 961 2768 1013 ut
2799 975 3040 1013 suarum
3073 958 3449 1015 ecclesiarum
3481 959 3594 1016 ori-

1944 1044 2110 1115 gines
2159 1046 2334 1100 edant
2384 1051 2442 1102 et
2498 1047 2906 1119 episcoporum
2956 1047 3306 1119 catalogum,
3365 1051 3466 1103 aut
3516 1048 3590 1104 ad

1946 1132 2238 1204 apostolos
2267 1134 2610 1206 perducant,
2643 1134 2735 1190 vel
2767 1136 2838 1190 ad
2871 1135 3222 1206 apostolicos
3268 1135 3443 1204 viros,
3500 1135 3591 1192 vel

1945 1220 2204 1293 primum
2239 1222 2352 1278 sibi
2384 1223 2724 1295 episcopum
2758 1224 2829 1279 ab
2860 1222 3120 1279 ecclesiis
3135 1223 3471 1296 apostolicis
3503 1225 3598 1281 da-

1945 1313 2095 1378 tum,
2130 1328 2247 1368 una
2279 1328 2412 1368 cum
2444 1313 2578 1369 ﬁdei
2610 1313 2856 1379 semine,
2889 1312 3219 1369 ostendant.
3257 1313 3342 1368 Ita
3397 1314 3599 1369 adver-

1947 1400 2362 1457 sushaareticos
2376 1407 2842 1474 argumentatur,
2866 1405 2995 1458 tum
3017 1402 3165 1458 libro
3178 1405 3220 1458 I
3233 1403 3334 1458 (ιο
3348 1405 3421 1460 De
3430 1419 3600 1476 prcss-

1946 1491 2312 1561 Criptz'onibus
2349 1491 2482 1564 (81),
2516 1495 2642 1546 tum
2698 1491 2845 1546 libro
2889 1495 3095 1562 quarto
3129 1492 3328 1548 Contra
3374 1493 3601 1549 Marcio-

1947 1592 2093 1644 nem,
2143 1576 2242 1633 ubi
2273 1577 2644 1634 Marcionitas
2679 1578 2770 1633 his
2803 1579 2955 1634 inter
3014 1582 3220 1636 caatera
3264 1580 3456 1637 verbis
3512 1581 3597 1638 la-

1949 1665 2250 1738 cessit(82)
2275 1684 2288 1722 :
2318 1666 2548 1722 «Habet
2568 1666 2740 1738 plane
2763 1666 2975 1722 etillud
2994 1667 3286 1740 ecclesias,
3309 1671 3410 1724 sed
3433 1687 3595 1738 suas,

1950 1759 2070 1811 tam
2102 1760 2386 1826 posterae,
2421 1771 2596 1824 quam
2627 1755 2941 1824 adulteras,
2972 1773 3222 1827 quarum
3254 1758 3302 1812 si
3353 1774 3595 1814 censum

1951 1843 2238 1915 requiras,
2265 1843 2492 1900 facilius
2523 1845 2911 1916 apostaticum
2939 1845 3220 1912 invenies,
3253 1862 3426 1918 quam
3458 1863 3600 1920 apo-

1949 1931 2246 2004 stolicum,
2285 1933 2578 1989 Marcione
2607 1933 2830 1989 scilicet
2851 1934 3168 2005 conditore,
3200 1934 3288 1990 vel
3310 1934 3506 2008 aliquo
3529 1936 3600 1991 de

1951 2022 2262 2079 Marcionis
2283 2022 2568 2078 examine.
2607 2022 2852 2078 Faciunt
2881 2023 3040 2078 favos
3071 2029 3128 2080 et
3142 2039 3348 2092 vespas,
3381 2024 3603 2080 faciunt

1948 2111 2223 2167 ecclesias
2278 2115 2336 2167 et
2368 2111 2739 2168 Marcionita.
2787 2133 2816 2162 »
2848 2113 2962 2168 Hoc
2994 2112 3196 2184 utique
3253 2116 3598 2186 argumento

1951 2217 2253 2272 nunquam
2285 2200 2675 2256 Tertullianus
2708 2200 2916 2258 fuisset
2946 2218 3111 2272 usus,
3162 2201 3210 2256 si
3271 2219 3452 2257 unum
3483 2201 3602 2274 epi-

1950 2306 2192 2362 scopum
2243 2307 2276 2345 a
2306 2288 2588 2345 catholico
2619 2290 2890 2362 episcOpo
2949 2295 3306 2362 separatum,
3367 2290 3598 2346 Monta-

1951 2379 2116 2434 nistas
2149 2378 2708 2450 Carthaginensesid
2731 2378 3012 2450 temporis
3045 2378 3428 2447 habuissent;
3462 2393 3598 2434 cum

1951 2467 2099 2525 nihil
2131 2466 2445 2541 proclivius
2488 2467 2696 2523 fuisset
2723 2471 2783 2523 et
2840 2467 3090 2538 facilius,
3127 2484 3304 2539 quam
3335 2466 3481 2522 illud
3539 2468 3600 2522 in

1953 2573 2124 2615 suum
2158 2573 2420 2630 regerere
2450 2561 2768 2627 auctorem,
2801 2561 2859 2612 et
2879 2556 3262 2612 Montanistas
3283 2571 3512 2628 urgere,
3537 2559 3604 2612 ut

1953 2662 2198 2703 suorum
2229 2646 2638 2717 episcoporum
2670 2644 2998 2718 catalogum
3031 2646 3287 2712 ederent,
3321 2662 3464 2700 num
3496 2645 3607 2701 for-

1958 2740 2010 2792 te
2040 2735 2323 2808 originem
2357 2751 2524 2790 suam
2543 2733 2632 2791 vel
2655 2733 2958 2806 apostolis,
2976 2733 3063 2790 vel
3080 2734 3416 2806 apostolicis
3439 2734 3602 2806 viris,

1953 2826 2058 2880 aut
2088 2824 2289 2880 saltem
2317 2823 2654 2895 apostolicis
2683 2822 2946 2878 ecclesiis
2976 2823 3273 2891 deberent,
3307 2840 3379 2878 an
3408 2823 3605 2895 potius

1953 2916 2246 2978 Montano,
2277 2911 2363 2968 vel
2396 2911 2565 2967 alicui
2599 2912 2668 2967 de
2690 2911 2944 2966 Montani
2969 2912 3253 2966 examine.
3279 2914 3347 2967 At
3375 2911 3605 2966 Tertul-

230 3001 460 3070 deuntes,
518 3006 583 3056 et
633 3001 704 3056 de
750 2999 1097 3055 factionibus
1147 3004 1513 3056 certantes.»
1573 3000 1847 3072 Optatum
1957 2999 3603 3073 lianus,utsupraostendimus,nonseadhucputabatab

226 3089 377 3146 istum
406 3088 955 3160 Carthaginensium
971 3089 1452 3146 Montanistarum
1483 3088 1847 3162 episcopum,

228 3183 272 3233 et
295 3179 601 3252 Aspasium
620 3178 884 3250 ejusdem
909 3188 1074 3234 sectae
1094 3179 1498 3250 presbyterum
1528 3177 1846 3252 Basnagius
1879 3162 1922 3230 C

227 3268 357 3336 facit,
387 3274 443 3324 et
473 3268 830 3324 alterutrum
856 3266 1150 3323 existimat
1167 3271 1503 3324 nostrorum
1526 3270 1849 3340 martyrum

223 3358 337 3412 Acta
362 3358 772 3413 concinnasse.
805 3359 1015 3411 Contra
1079 3356 1516 3412 eruditissimus
1546 3355 1754 3428 Pagius
1784 3371 1853 3410 ex

226 3445 647 3501 subministrata
678 3444 792 3500 sibi
822 3462 854 3498 a
895 3442 966 3498 cl.
1001 3443 1209 3499 abbate
1242 3442 1529 3498 Ludovico
1576 3443 1646 3498 de
1703 3442 1853 3497 Feur

225 3529 601 3590 observatione
632 3534 817 3600 docet,
869 3531 1432 3604 Carthaginensium,
1492 3531 1694 3603 utique
1745 3530 1849 3586 Ca-

223 3621 474 3680 tholicoru
485 3623 857 3694 m,0ptatum
873 3621 1054 3678 fuisse
1065 3621 1426 3694 episcopum,
1442 3619 1850 3694 etAggrippini

224 3727 618 3778 successorem,
643 3716 699 3767 et
729 3711 889 3767 hisce
909 3711 1066 3766 Actis
1083 3709 1480 3782 supplendum
1511 3711 1851 3766 eorumdem

221 3801 607 3874 episcoporum
664 3799 1033 3856 Laterculum
1075 3801 1229 3870 apud
1288 3799 1738 3856 Schelstratium
1791 3798 1849 3853 in

223 3889 425 3946 dissert.
459 3893 534 3947 de
567 3889 833 3946 Ecclesia
860 3889 1148 3944 Africana.
1186 3889 1342 3944 lianc
1391 3888 1728 3960 opinionem
1762 3903 1852 3943 se-

223 3981 484 4048 quendam
519 3980 792 4048 omnino,
826 3977 1118 4045 existimo,
1143 3977 1852 4048 eamqueindeconﬁrmo,

223 4069 353 4136 quod
382 4069 594 4124 nullus
621 4072 764 4123 tunc
795 4067 975 4122 fuisse
1004 4067 1268 4122 videatur
1297 4065 1641 4138 Carthagine
1689 4066 1853 4120 Mon-

225 4156 536 4214 tanistarum
573 4157 909 4228 episcopus.
942 4154 1174 4212 Nullius
1205 4156 1457 4228 profecto
1479 4155 1538 4210 in
1553 4154 1854 4211 suislibris

222 4258 446 4316 unquam
469 4245 745 4303 meminit
783 4243 1200 4312 Tertullianus,
1250 4245 1392 4316 quin
1450 4244 1676 4301 nullum
1726 4248 1852 4300 tum

220 4331 395 4406 fuisse,
427 4336 708 4409 pluribus
739 4334 798 4390 in
826 4335 972 4390 locis
1003 4334 1481 4390 manifestissime
1529 4333 1764 4390 indicat.
1791 4333 1854 4387 1d

223 4423 361 4477 enim
388 4423 828 4482 evidentissima
857 4422 1002 4479 nihil
1026 4422 1297 4495 colligere
1318 4423 1516 4479 videor
1540 4440 1609 4478 ex
1629 4422 1698 4478 iis
1729 4438 1856 4477 om-

1961 3090 2416 3164 apostolicarum
2430 3089 2802 3146 ecclesiarum
2819 3088 3231 3145 communione
3269 3089 3578 3162 praecisum
3591 3132 3606 3158 ,

1960 3184 2018 3236 et
2036 3197 2106 3235 ex
2133 3178 2448 3236 Catholicis
2477 3182 2538 3234 et
2565 3177 2934 3234 Montanistis
2965 3194 3150 3233 unum
3189 3177 3427 3234 conﬂari
3449 3178 3613 3235 arbi-

1959 3269 2226 3327 trabatur
2256 3267 2519 3324 Ecclesia
2557 3284 2768 3339 corpus
2803 3285 2816 3324 :
2851 3267 3006 3340 quod
3038 3267 3096 3323 in
3129 3268 3390 3324 adversis
3421 3285 3608 3324 mem-

1958 3358 2080 3414 bris
2102 3357 2343 3414 diversis
2374 3357 2846 3414 institutionibus
2878 3361 3176 3429 regeretur
3206 3377 3227 3425 ;
3258 3373 3363 3412 nec
3421 3357 3604 3412 disci-

1959 3445 2255 3519 plinarum
2284 3446 2644 3513 varietatem,
2673 3444 2836 3502 salva
2864 3445 3000 3501 ﬁdei
3050 3445 3273 3517 regula,
3330 3445 3606 3503 ecclesia-

1960 3552 2093 3591 rum
2125 3535 2330 3592 laadere
2361 3535 2644 3592 unitatem
2681 3553 2696 3604 ;
2730 3537 2886 3591 unde
2911 3534 3014 3591 illa
3042 3536 3170 3606 ejus
3202 3551 3308 3590 vox
3337 3536 3408 3591 de
3463 3552 3602 3608 apo-

1960 3621 2180 3678 stolicis
2209 3621 2469 3678 ecclesiis
2497 3621 2790 3694 loquentis
2823 3640 2836 3679 :
2873 3645 2902 3673 ‹‹
2934 3622 3060 3678 Una
3106 3621 3363 3680 Ecclesia
3393 3640 3604 3680 sumus

1961 3711 2092 3783 (83).
2124 3733 2152 3762 »
2178 3711 2286 3766 Sed
2319 3712 2610 3782 quomodo
2662 3729 2780 3767 una
2840 3710 3111 3782 Ecclesia,
3161 3711 3209 3766 si
3267 3712 3605 3769 cathedram

1962 3800 2240 3856 adversus
2271 3801 2607 3856 cathedram
2638 3801 2976 3868 erexissent,
3030 3805 3087 3855 et
3115 3801 3456 3874 episcopum
3513 3803 3612 3858 ad-

1959 3905 2166 3946 versus
2197 3889 2534 3960 episcopum
2565 3889 3009 3945 constituissent
3034 3890 3062 3945 ?

2031 3979 2245 4036 Verum
2275 3979 2775 4050 quemadmodum
2826 3978 3246 4046 Tertullianus,
3279 3979 3379 4034 ubi
3411 3981 3612 4035 contra

1961 4068 2265 4124 haereticos
2296 4069 2577 4139 disputat,
2604 4068 3008 4140 episcoporum
3057 4069 3320 4124 ordinem
3365 4067 3609 4140 extollit,

1961 4158 2044 4214 ita
2074 4157 2133 4213 in
2165 4156 2330 4213 libris
2357 4158 2636 4213 adversus
2666 4156 2995 4214 Catholicos
3047 4157 3342 4230 deprimit,
3371 4173 3438 4212 ac
3493 4157 3612 4213 fere

1961 4246 2128 4304 laicis
2187 4251 2501 4320 peraequat,
2586 4247 2865 4303 adversus
2909 4246 3211 4302 haereticos
3276 4246 3608 4318 disputans,

1963 4337 2189 4392 nullam
2220 4337 2347 4392 sine
2375 4336 2666 4409 episcopis
2693 4335 3030 4407 apostolicis
3085 4352 3277 4391 veram
3347 4337 3611 4407 agnoscit

1966 4423 2282 4480 Ecclesiam
2320 4441 2334 4493 ;
2367 4423 2466 4495 qui
2494 4428 2689 4478 tamen
2723 4421 2781 4477 in
2817 4421 2982 4478 libris
3037 4423 3318 4478 adversus
3356 4421 3611 4478 Catholi-

223 4509 380 4566 nibus
403 4512 564 4583 locis,
592 4514 652 4568 in
678 4513 892 4584 quibus
914 4512 1293 4568 traditionum
1317 4512 1720 4569 auctoritatem
1753 4511 1856 4567 ad-
1885 4533 1933 4599 D
1967 4531 2065 4570 cos
2099 4513 2414 4568 Ecclesiam
2445 4511 2502 4565 in
2535 4511 2725 4566 tribus
2749 4511 2912 4599 laicis
2934 4511 3262 4583 constituit,
3283 4509 3510 4567 utlibro
3541 4512 3616 4566 De

219 4614 398 4657 versus
428 4603 734 4659 hereticos
769 4606 973 4674 Lurget.
1005 4601 1141 4657 Vult
1171 4603 1327 4658 enim
1387 4601 1685 4657 Christum
1745 4601 1855 4656 do-

219 4689 444 4747 ctrinam
477 4709 655 4748 suam
689 4690 967 4764 apostolis
1000 4691 1506 4747 communicasse:
1558 4690 1854 4763 apostolos

216 4780 341 4835 viris
369 4781 712 4854 apostolicis
738 4797 884 4851 quos
929 4796 1031 4852 per
1089 4780 1350 4854 singulas
1407 4780 1671 4836 civitates
1733 4779 1854 4850 epi-

218 4882 400 4938 sc0pos
448 4871 938 4937 constituerunt;
974 4871 1078 4926 hos
1135 4886 1270 4925 vero
1330 4870 1452 4926 suis
1506 4867 1858 4924 successori-

217 4954 335 5026 bus,
389 4960 442 5014 id
533 4964 628 5016 est
686 4960 758 5014 iis
815 4959 915 5030 qui
967 4959 1242 5030 deinceps
1291 4959 1431 5014 viris
1516 4955 1855 5030 apostolicis

220 5046 571 5103 ordinatione
645 5047 904 5121 legitima
969 5051 1397 5103 successerunt.
1461 5047 1700 5114 Statuit,
1759 5063 1855 5102 eas

220 5132 484 5191 duntaxat
515 5137 817 5202 ecclesias,
855 5152 956 5207 pro
986 5135 1137 5191 veris
1179 5140 1236 5190 et
1262 5136 1599 5208 apostolicis
1657 5136 1856 5192 existi-

220 5223 614 5296 mandas,quaa
643 5225 700 5279 in
734 5225 856 5280 suis
887 5224 1054 5280 fastis
1087 5224 1419 5296 digerendis
1448 5225 1856 5297 episcoporum

222 5312 538 5386 catalogum
588 5314 656 5370 ad
716 5311 970 5386 aliquem
1002 5313 1090 5369 vel
1123 5329 1192 5370 ex
1238 5313 1519 5385 apostolis
1570 5313 1853 5385 perduxe-

282 5471 553 5547 (81)Cap.
590 5473 622 5547 3
684 5479 742 5532 et
782 5491 947 5547 seqq.

306 5545 392 5616 82)
423 5545 567 5618 Cap.
596 5546 652 5618 5.

304 5615 389 5689 83)
420 5615 549 5674 Lib.
575 5617 648 5675 De
668 5617 874 5690 virgin.
917 5616 1159 5675 veland..
1194 5631 1318 5688 cap.
1349 5615 1404 5671 2.

1963 4602 2175 4658 exhort.
2205 4601 2387 4656 castit.
2419 4600 2530 4671 (8t)
2563 4624 2576 4654 :
2611 4621 2637 4647 «
2691 4598 2795 4654 Ubi
2830 4603 2970 4666 tres,
3004 4599 3260 4656 Ecclesia
3312 4604 3419 4670 est,
3481 4599 3618 4656 licet

1964 4691 2118 4746 laici.
2161 4711 2186 4739 ι)
2217 4690 2286 4744 Et
2315 4688 2462 4743 libro
2508 4689 2581 4742 De
2610 4689 2749 4757 luga
2805 4689 2864 4742 in
2906 4694 3178 4759 persecat.
3212 4690 3364 4763 (85):
3401 4713 3428 4741 «
3487 4690 3614 4746 Non

1965 4783 2133 4850 potes
2164 4777 2488 4832 discurrere
2523 4792 2622 4848 per
2652 4776 2942 4849 singulos,
2975 4776 3052 4832 sit
3082 4779 3190 4834 tibi
3219 4783 3277 4834 et
3305 4780 3366 4834 in
3421 4777 3612 4834 tribus

1967 4866 2235 4923 Ecclesia.
2263 4887 2290 4916 »
2324 4869 2390 4920 Et
2437 4865 2539 4922 lib.
2573 4867 2648 4921 De
2695 4866 2925 4937 pudicit.
2950 4868 3062 4938 (86)
3093 4885 3112 4923 :
3137 4889 3166 4920 «
3220 4873 3346 4923 Non
3419 4865 3615 4922 Eccle-

1967 4957 2056 5012 sia
2099 4971 2378 5012 numerus
2425 4955 2904 5026 episcoporum.»
2966 4955 3254 5028 Cogitanti
3286 4953 3451 5024 nihil,
3510 4969 3615 5007 cur

1967 5046 2110 5102 adeo
2159 5044 2270 5100 sibi
2330 5043 2618 5100 contraria
2676 5043 2736 5099 in
2789 5044 2952 5101 hisce
2999 5043 3166 5099 libris
3221 5043 3492 5109 etfutiret,
3552 5040 3613 5096 id

1967 5151 2155 5190 unum
2188 5133 2259 5188 ad
2289 5133 2557 5188 animum
2591 5132 2862 5188 occurrit.
2898 5133 3041 5187 Cum
3067 5129 3336 5187 catholici
3358 5128 3616 5200 episcopi

1969 5221 2354 5278 Montanistas
2380 5238 2415 5277 a
2451 5220 2863 5277 communione
2893 5220 3257 5290 repellerent,
3282 5232 3472 5288 neque
3500 5215 3619 5288 ipsi

1969 5311 2147 5368 alium
2177 5327 2294 5366 suae
2325 5315 2490 5367 sectas
2521 5309 2806 5365 haberent
2834 5309 3198 5381 episcopum,
3227 5307 3336 5363 hoc
3369 5306 3439 5362 ad
3470 5304 3623 5363 sola-

2064 5473 2132 5529 84

2062 5546 2132 5599 85

2041 5616 2134 5686 (86

2184 5472 2323 5542 Cap.
2353 5471 2409 5525 7.

2175 5543 2315 5614 Cap.
2350 5542 2437 5614 tt.

2187 5613 2326 5689 Cap.
2347 5613 2439 5669 21.

2137 5473 2155 5689 l
