4064 6154
443 250 561 311 {67

1588 232 2108 309 DISSERTATIO
2150 231 2699 306 APOLOGETJCA

3719 239 3843 304 sas

437 383 587 457 tium
618 395 794 438 suum
825 379 1203 452 excogitasse,
1234 375 1462 433 nullam
1518 392 1647 434 esse
1698 378 1833 449 jure
1888 375 2086 432 divino
2117 374 2171 443 Α
2201 374 2322 431 dite
2354 375 2411 431 in
2435 391 2659 431 carcere
2687 374 2875 431 sancti
2900 374 3185 446 martyres
3206 376 3265 430 et
3290 370 3609 431 liberaliter
3635 378 3844 432 tracta-

440 471 783 529 c‘lericorum
817 471 873 525 in
908 468 1084 525 laicos
1125 471 1525 541 protestatem,
1557 466 1805 537 nullam,
1837 482 1969 538 quas
2024 464 2083 521 in

438 576 618 617 causa
666 558 1030 615 necessitatis
1086 557 1265 612 laicos
1315 555 1725 628 contringeret.
1786 555 1874 610 Ita
1928 552 2083 609 enim

446 650 623 706 ﬁebat
651 652 718 704 ut
746 647 878 703 laici
911 645 1320 702 communione
1344 662 1376 701 a
1397 644 1621 700 clericis
1651 641 2081 715 segregati,ipsi

434 738 550 794 sibi
580 736 773 793 clerici
806 740 1022 803 essent,
1066 734 1179 807 ipsi
1237 735 1584 802 sacerdotes,
1620 733 1731 805 ipsi
1770 736 1827 788 et
1847 732 2083 803 tingue-

434 829 567 883 ‘rent
612 829 669 881 et
717 825 1026 891 offerrent;
1071 822 1348 895 nullaque
1379 822 1622 894 proinde
1678 838 1777 878 eos
1809 820 2081 893 obligatio

437 914 732 983 manebat,
750 918 814 968 ut
827 929 909 982 se,
941 915 1444 968 sacramentorum
1467 910 1933 983 recipiendorum
1949 925 2081 983 gra-

432 1004 539 1073 tia,
599 1002 946 1059 clericorum
1005 1000 1277 1069 deinceps
1332 998 1570 1055 arbitrio
1620 998 2077 1070 permitterent:

430 1086 663 1162 Nonne,
718 1089 930 1163 inquit,
998 1089 1121 1145 loco
1180 1088 1352 1144 citato
1408 1090 1481 1144 De
1534 1089 1745 1155 cxhort,
1776 1091 1907 1156 cast,
1944 1107 1973 1137 ‹‹
2024 1090 2083 1143 et

426 1180 567 1237 laici
598 1180 926 1236 sacerdotes
975 1176 1231 1234 sumus?
1286 1177 1577 1249 Scriptum
1636 1182 1773 1233 est:
1836 1177 2082 1248 Regnum

428 1285 638 1344 quoque
689 1284 788 1325 nos
844 1270 894 1323 et
948 1267 1250 1323 sacerdotes
1307 1267 1412 1322 Deo
1450 1271 1502 1322 et
1550 1267 1708 1322 Patri
1762 1266 1910 1321 IOI
1981 1279 2078 1322 suo

422 1362 572 1433 Iecz't.
608 1381 638 1409 »
669 1358 1064 1414 Differentiam
1094 1356 1249 1411 inter
1268 1354 1532 1411 ordinem
1564 1359 1621 1411 et
1677 1354 1905 1426 plebem
1936 1370 2078 1411 con-

425 1448 621 1505 stituit
638 1445 901 1503 Ecclesiae
923 1444 1237 1501 auctoritas
1260 1449 1317 1499 et
1338 1444 1525 1500 honor
1553 1460 1656 1515 per
1685 1443 1908 1500 ordinis
1938 1460 2078 1499 con-

433 1553 663 1593 sessum
699 1533 1135 1591 sanctificatus:
1167 1534 1310 1588 adeo
1333 1531 1434 1587 ubi
1455 1530 1829 1588 ecclesiastici
1854 1531 2077 1587 ordinis

428 1642 549 1682 non
580 1628 669 1680 est
695 1638 1029 1690 consessus,
1062 1625 1119 1677 et
1147 1621 1338 1688 offers,
1372 1624 1427 1677 et
1455 1620 1698 1693 tinguis,
1720 1624 1777 1676 et
1804 1620 2076 1677 sacerdos

431 1731 491 1769 es
520 1713 624 1769 tibi
653 1712 833 1769 solus.
865 1712 972 1767 Sed
1009 1709 1105 1767 ubi
1133 1714 1287 1809 tres,
1309 1710 1565 1809 Ecclesia
1592 1714 1702 1781 est,
1733 1709 1868 1766 licet
1918 1709 2071 1765 laici.
2100 1740 2152 1809 Β

432 1802 851 1875 Unusquisque
883 1800 1037 1855 enim
1073 1816 1180 1854 sua
1210 1799 1325 1853 fide
1344 1798 1481 1854 vivit
1516 1816 1529 1867 ;
1587 1815 1693 1854 nec
1723 1801 1812 1855 est
1867 1814 2073 1870 perso-

430 1908 640 1947 narum
671 1890 928 1962 acceptio
949 1889 1101 1958 apud
1134 1887 1465 1955 Deum,etc.
1499 1886 1946 1959 Igitursihabes
1970 1889 2074 1959 jus

420 1978 749 2037 sacerdotis
778 1978 839 2033 in
880 1976 1204 2048 temetipso,
1234 1976 1333 2030 ubi
1391 1991 1628 2031 necesse
1684 1979 1794 2047 est,
1856 1975 2073 2032 habeas

430 2071 655 2141 oportet
673 2066 847 2123 etiam
878 2064 1251 2137 disciplinam
1300 2064 1638 2131 sacerdotis,
1690 2063 1788 2119 ubi
1837 2080 2074 2121 necesse

431 2158 506 2213 sit
538 2157 747 2212 habere
763 2156 863 2225 jus
896 2153 1233 2210 sacerdotis.
1270 2152 1549 2225 Digamus
1580 2153 1804 2225 tinguis
1833 2153 1862 2208 ?
1897 2153 2072 2224 Diga-

420 2258 564 2303 ‘mus
594 2244 807 2301 offers?
838 2246 1061 2309 Quanto
1090 2243 1278 2314 magis
1333 2241 1479 2298 laico
1533 2242 1768 2313 digamo
1825 2241 2073 2313 capitale

430 2339 520 2391 est
547 2350 718 2406 agere
747 2349 850 2404 pro
877 2332 1196 2401 sacerdote,
1221 2346 1354 2386 cum
1400 2330 1511 2402 ipsi
1568 2330 1875 2397 sacerdoti,
1909 2329 2073 2403 diga-

422 2438 526 2480 ‘mo
558 2424 729 2489 facto,
773 2421 1103 2476 conferatur
1141 2436 1310 2492 agere
1335 2419 1696 2475 sacerdotem
1718 2419 1746 2473 ?
1775 2440 1805 2470 ‹‹
1862 2420 2071 2475 Annon

430 2513 552 2568 hzec
581 2510 803 2584 optima
832 2510 1168 2580 conjectura
1192 2512 1301 2573 est,
1335 2507 1561 2562 nullum
1581 2512 1708 2562 tum
1733 2508 1911 2563 fuisse
1935 2509 2070 2564 Car-

412 2601 667 2674 ‘thagine
690 2598 1179 2655 Montanistarum
1211 2596 1543 2668 episcopum
1575 2596 1603 2650 ‘I
1634 2596 1860 2652 Etenim
1892 2596 1938 2653 si
1968 2598 2070 2652 ad-

422 2707 628 2747 versus
656 2674 959 2744 haereticos
981 2686 1327 2759 episcopalis
1358 2686 1584 2741 ordinis
1614 2687 1929 2741 auctoritas
1981 2702 2074 2741 ur-

425 2780 616 2851 genda
646 2782 753 2846 est,
812 2774 1242 2833 Catholicorum
1300 2774 1523 2831 indices
1579 2775 1975 2846 proferuutur.
2008 2774 2071 2830 Si

412 2876 534 2941 "pro
561 2864 933 2922 Montanistis
959 2865 1238 2920 adversus
1268 2862 1594 2920 Catholicos
1652 2864 2070 2920 decertandum

411 2956 836 3029 ‘episcoporum
868 2952 1185 3009 auctoritas
1221 2953 1639 3020 contemnitur,
1700 2956 1759 3009 et
1814 2952 2073 3009 Ecclesia

410 3046 485 3101 in
508 3044 701 3100 tribus
731 3043 895 3099 Iaicis
927 3041 1318 3098 constituitur.
1352 3042 1601 3113 Optatus
1630 3041 1826 3112 itaque
1854 3042 2071 3112 episco-

424 3151 557 3206 pus,
591 3132 689 3205 qui
719 3132 779 3187 in
810 3131 967 3187 Actis
1025 3135 1361 3187 nostrorum
1395 3134 1718 3203 martyrum
1778 3146 2067 3187 memora-
2099 3108 2142 3177 (ἶ

422 3229 537 3292 tur,
564 3238 867 3295 perperam
893 3220 1073 3276 fuisse
1095 3220 1311 3275 dicitur
1323 3219 1811 3275 Montanistarum
1825 3220 2065 3277 Cartha-

421 3311 756 3383 ginensium
792 3310 1102 3382 episcopus
1134 3325 1147 3364 :
1183 3308 1284 3364 sed
1315 3307 1615 3364 catholica:
1664 3309 2068 3365 communioni

422 3400 671 3473 praefuit.
714 3400 775 3455 Id
823 3400 976 3471 quod
1008 3399 1182 3454 etiam
1207 3397 1279 3453 iis
1310 3398 1650 3469 angelorum
1705 3398 1896 3453 verbis
1926 3414 2069 3454 con-

424 3492 714 3557 firmatur,
739 3488 955 3560 quibus
968 3488 1209 3558 jubetur
1264 3485 1491 3559 plebem
1532 3502 1701 3541 suam
1758 3486 2066 3561 corrigere,

430 3599 460 3629 ‹‹
494 3578 633 3650 quia
661 3576 764 3647 sic,
804 3576 1098 3647 inquiunt,
1150 3576 1220 3630 ad
1254 3578 1306 3630 te
1352 3575 1721 3643 conveniunt,
1773 3575 1942 3646 quasi
1997 3575 2069 3633 de

437 3667 590 3724 circo
639 3666 946 3721 redeuntes
976 3668 1032 3720 et
1059 3664 1130 3720 de
1160 3664 1508 3719 factionibus
1539 3668 1847 3720 certantes.
1880 3686 1909 3714 »
1942 3665 2068 3721 Haac

429 3755 587 3811 enim
615 3754 791 3810 verba
819 3769 933 3808 non
963 3753 1020 3807 in
1051 3769 1184 3809 eum
1215 3753 1359 3808 bene
1390 3752 1759 3819 conveniunt,
1790 3752 1891 3825 qui
1924 3770 2067 3825 pau-

428 3860 632 3900 corum
657 3843 964 3899 hominum
999 3846 1167 3898 secta:
1217 3846 1511 3913 praeesset,
1539 3841 1727 3912 qualis
1756 3846 1896 3898 tunc
1945 3846 2071 3899 erat

420 3934 483 3988 in
512 3933 707 3988 Africa
772 3931 1309 3987 Montanistarum:
1369 3931 1467 3985 sed
1519 3931 1620 4001 qui
1677 3929 1958 4002 populum
2011 3934 2070 3987 et

418 4021 858 4078 multitudinem
886 4023 1259 4093 gubernaret,
1292 4035 1410 4090 qua
1430 4035 1492 4074 se
1524 4019 1730 4075 merito
1761 4018 2063 4089 Catholici,

420 4117 484 4166 ut
507 4127 575 4166 ex
595 4111 798 4166 eodem
828 4108 1187 4165 Tertulliano
1217 4108 1502 4164 discimus
1533 4108 1667 4179 (87),
1721 4108 2061 4164 efferebant.

428 4202 561 4256 Jam
588 4215 725 4255 vero
755 4202 1098 4271 argumento
1124 4197 1342 4268 liquere
1400 4201 1560 4267 puto,
1621 4196 1963 4267 Perpetuam
2008 4192 2067 4253 et

428 4294 706 4345 Saturum
736 4287 1043 4359 sociosque
1074 4293 1353 4357 martyres
1372 4284 1665 4340 catholica:
1697 4286 2063 4343 communio-

419 4380 511 4434 nis
544 4378 745 4449 fuisse,
778 4394 891 4431 non
934 4381 1132 4431 autem
1196 4374 1267 4429 dc
1296 4388 1470 4445 grege
1528 4373 2012 4431 Moutanistarum
2047 4393 2062 4433 :

418 4484 551 4522 cum
581 4483 782 4522 eorum
812 4465 1138 4521 catholicus
1170 4463 1481 4537 episCOpus
1522 4479 1721 4521 curam
1752 4468 1933 4535 gerat,
1992 4465 2141 4545 adn

414 4571 513 4612 eos
545 4559 830 4623 accurrat,
865 4571 996 4610 cum
1036 4552 1121 4608 eis
1153 4552 1568 4621 communicet,
1618 4552 1689 4607 ad
1740 4562 1942 4608 eorum
2005 4572 2068 4610 se

420 4645 597 4717 pedes
626 4644 844 4701 mittat:
914 4658 1214 4698 sermones
1261 4657 1393 4696 cum
1426 4640 1510 4697 eis
1542 4640 1804 4713 misceat,
1865 4658 2067 4698 eorum

421 4734 671 4806 denique
705 4749 874 4806 opem
905 4730 1195 4803 imploret,
1228 4736 1283 4785 et
1311 4729 1422 4802 ipsi
1458 4734 1741 4801 martyres
1770 4747 1946 4787 suum
1980 4747 2072 4787 ex-

421 4839 622 4897 presse
648 4839 860 4895 papam
892 4826 949 4876 et
977 4820 1317 4893 episcopum
1351 4818 1662 4891 appellent.

495 4912 617 4969 VII.
649 4912 950 4967 Postremo
983 4926 1085 4982 pro
1117 4908 1333 4964 sanctis
1365 4908 1716 4979 martyribus
1739 4908 2075 4979 conjectura

424 5001 710 5073 nascitur,
742 5017 877 5057 cum
909 5016 977 5055 ex
1010 4997 1275 5055 Ecclesia:
1323 4995 1738 5067 sollicitudine,
1770 5001 1837 5052 ut
1873 4995 2076 5069 splen-

522 5145 617 5235 ἓΖὲ
642 5145 721 5235 9.8
742 5144 1176 5235 Ῑξβιξπίίὲτηίῖεὲρῖ,
1189 5140 1289 5235 1"

518 5204 611 5287 885
640 5215 702 5269 Οἱ
742 5204 905 5287 ’δ”-ἐν
958 5204 1237 5287 ﬁliaiam?
1310 5207 1485 5263 αὐτῶν
1532 5204 1664 5287 ani‘
1696 5204 2073 5287 συνεκᾴβευδον

426 5274 738 5360 ἔνδονίμειέ
787 5281 1417 5360 αὐτοῦ,ηδιαφς)είρανῖες
1464 5277 1591 5339 τοὺς
1637 5274 2072 5360 ξεσμρφύλοςκαςς

427 5340 779 5429 έῖιέάνδέἶῖτγα
846 5340 1070 5410 ποιέῖλα
1120 5340 1508 5429 ἒξσείωμῖζὲτρ,
1566 5340 1892 5429 ξαῖηλᾴγόι.
1937 5340 2077 5429 ἱερρἰ

429 5425 1043 5501 ᾳότῶνηέλὲγοχτο.....-
1076 5424 1173 5479 Καὶ
1238 5421 1343 5496 μῆν
1391 5421 1483 5501 δαὶ
1527 5424 1637 5501 Ξῶν
1677 5421 1727 5476 ἐν
1776 5421 1928 5501 ’ῥσίᾳ
1975 5421 2078 5501 αἰτιό-

430 5499 571 5556 λεων
617 5492 770 5553 ἔστιν’
808 5496 881 5553 ὧν
944 5496 1073 5568 ηκόν
1140 5492 1303 5569 τινές,
1333 5498 1457 5569 ᾲτῷν
1526 5497 1859 5569 Χριστιανῶν
1909 5492 2079 5569 διελ-

432 5571 641 5629 λοντων
683 5569 790 5625 ἀπὸ
837 5573 935 5627 τοῦ
966 5562 1185 5639 ’κοινοῖη
1217 5562 1584 5638 ϐοηθήσοντεέ
1623 5563 1713 5621 καὶ
1766 5565 2078 5643 ξεναγορεῦ-

2195 469 2437 528 rentur;
2460 469 2583 520 tum
2616 481 2684 521 ex
2713 463 2988 520 facilitate
3019 479 3136 535 qua
3164 463 3489 519 exhibitum
3516 464 3631 520 sibi
3671 466 3840 520 refri-

2191 553 2420 625 gerium
2450 552 2559 624 ipsi
2582 557 2864 625 martyres
2888 553 3372 618 admittebant,ab
3403 552 3566 609 omni
3597 569 3839 625 prorsus

2193 641 2530 698 morositate
2552 642 2747 707 alieni,
2782 658 2909 713 qum
2938 640 3000 696 in
3032 640 3347 715 hypocritis
3404 646 3462 697 et
3522 642 3837 711 haereticis,

2192 730 2265 786 iis
2286 731 2611 802 praesertim
2643 731 2743 803 qui
2772 747 2833 787 se
2865 746 3095 788 morum
3126 731 3409 802 gravitate
3429 735 3486 786 et
3513 731 3837 804 discipline

2192 820 2504 892 asperitate
2524 820 2769 890 jactant,
2810 824 2877 877 ut
2905 823 3074 876 erant
3122 820 3507 889 Montanistae,
3566 820 3714 877 solet
3772 826 3839 878 ut

2189 907 2515 981 plurimum
2555 908 2830 965 eminere.
2863 911 3143 966 Actorum
3172 908 3319 977 loca,
3354 925 3481 981 qua;
3512 909 3628 965 huc
3657 911 3835 982 perti-

2188 1001 2355 1066 nent,
2415 998 2748 1054 adnotanda
2784 1000 2943 1066 sunt,
2967 1012 3095 1069 cap.
3132 1014 3170 1068 ι,
3190 996 3234 1070 -§
3259 998 3296 1051 2
3327 1012 3339 1051 :
3371 1019 3391 1047 α
3425 997 3504 1054 lbi
3536 1002 3677 1056 tunc
3699 999 3837 1055 Ter-

2187 1086 2309 1142 tius
2336 1090 2395 1142 et
2425 1086 2804 1159 Pomponius,
2833 1086 3124 1143 benedicti
3166 1085 3449 1143 adiaoones
3500 1087 3599 1159 qui
3656 1089 3833 1146 nobis

2191 1174 2623 1247 ministrabant,
2654 1174 3085 1232 constituerunt
3113 1174 3299 1248 pretio
3326 1179 3390 1231 ut
3437 1175 3641 1247 paucis
3671 1176 3834 1235 horis

2188 1264 2411 1335 emissi,
2425 1264 2484 1320 in
2499 1264 2798 1322 meliorem
2811 1264 3003 1321 locum
3017 1264 3267 1321 carceris
3280 1263 3756 1337 refrigeraremus
3771 1282 3786 1321 :
3802 1288 3831 1317 ι»

2182 1367 2293 1425 cap
2324 1368 2408 1420 ιιι,
2440 1354 2471 1426 §
2502 1355 2571 1411 l:
2609 1374 2638 1405 ‹‹
2698 1354 2915 1409 Deinde
2938 1357 3079 1425 post
3128 1370 3346 1426 paucos
3403 1353 3547 1420 dies,
3603 1354 3834 1412 Pudens

2186 1442 2355 1498 miles
2385 1442 2553 1515 Optio
2584 1443 2929 1515 praepositus
2960 1442 3229 1511 carceris,
3255 1442 3356 1515 qui
3388 1460 3503 1499 non
3526 1444 3721 1514 magni
3748 1445 3830 1502 fa-

2185 1546 2314 1587 cere
2333 1532 2527 1603 ccepit,
2557 1531 2889 1604 intelligens
2929 1546 3202 1604 magnam
3250 1531 3525 1587 virtutem
3586 1548 3715 1589 esse
3773 1534 3831 1590 in

2184 1620 2375 1687 nobis,
2400 1620 2615 1677 multos
2637 1621 2844 1677 fratres
2876 1620 2947 1676 ad
2980 1637 3087 1676 nos
3118 1620 3486 1688 admittebat,
3516 1625 3582 1677 ut
3613 1626 3672 1677 et
3724 1638 3832 1681 nos

2183 1712 2239 1765 et
2266 1708 2352 1765 illi
2384 1709 2629 1765 invicem
2662 1710 3140 1783 refrigeraremus
3168 1727 3191 1773 ,·
3214 1727 3341 1782 cap.
3364 1726 3420 1777 v,
3453 1710 3484 1783 §
3513 1711 3546 1766 3
3582 1729 3595 1767 :
3634 1730 3663 1763 α
3683 1710 3829 1768 Cum

2184 1814 2219 1854 a
2246 1797 2481 1854 tribuno
2509 1798 2852 1871 castigatius
2881 1815 2947 1855 eo
2976 1803 3385 1867 tractarentur,
3405 1800 3545 1872 quia
3580 1818 3651 1856 ex
3672 1802 3827 1858 162

2182 1887 2683 1944 admonitionibus
2698 1888 3003 1943 hominum
3022 1887 3475 1945 vanissimorum
3494 1890 3831 1958 verebatur,

2183 1991 2256 2033 ne
2286 1976 2855 2033 subtraherenturde
2868 1976 3831 2049 carcereincantationibusaliqui-

2182 2064 2292 2122 bus
2315 2065 2579 2138 magicis,
2596 2065 2655 2121 in
2688 2065 2891 2121 faciem
2916 2066 3217 2137 respondit
3229 2066 3530 2138 Perpetua,
3549 2071 3609 2122 et
3634 2066 3782 2122 dixit
3813 2083 3827 2122 :

2181 2154 2331 2221 Quid
2357 2154 2559 2226 utique
2598 2171 2713 2209 non
2748 2153 3036 2226 permittis
3065 2154 3406 2227 refrigerare
3435 2154 3621 2211 noxiis
3661 2156 3830 2211 nobi-

2182 2242 2444 2311 lissimis,
2478 2242 2719 2299 Caesaris
2750 2242 2991 2313 scilicet,
3015 2246 3073 2298 et
3107 2243 3283 2299 natali
3306 2243 3571 2314 ejusdem
3601 2261 3829 2317 pugna-

2181 2332 2332 2388 turis
2361 2332 2389 2387 ‘I
2419 2332 2529 2387 Aut
2558 2348 2671 2387 non
2702 2335 2805 2387 tua
2853 2330 3038 2404 gloria
3094 2336 3204 2403 est,
3265 2331 3314 2387 si
3344 2334 3681 2404 pinguiores
3730 2333 3831 2390 illo

2180 2422 2572 2494 producamur
2591 2420 2619 2475 ?
2643 2420 2880 2476 Horruit
2898 2424 2956 2476 et
2971 2420 3205 2476 erubuit
3222 2420 3518 2489 tribunus,
3542 2421 3833 2493 etitajus-

2180 2511 2258 2568 sit
2276 2509 2407 2566 illos
2437 2509 2757 2565 humanius
2781 2508 3001 2576 haberi,
3037 2514 3101 2564 ut
3132 2510 3410 2566 fratribus
3435 2511 3564 2582 ejus
3586 2515 3664 2581 iet
3719 2528 3834 2566 ca-

2180 2599 2320 2656 teris
2352 2598 2596 2655 facultas
2628 2599 2794 2654 fieret
2821 2598 3173 2667 introeundi,
3207 2602 3263 2654 et
3294 2599 3668 2672 refrigerandi
3690 2617 3831 2657 cum

2181 2689 2288 2756 eis,
2319 2690 2444 2760 jam
2477 2693 2535 2745 et
2588 2688 2716 2760 ipso
2775 2687 3019 2760 Optione
3073 2688 3320 2743 carceris
3351 2690 3636 2744 credente.
3667 2710 3696 2739 »
3760 2694 3832 2745 Et

2181 2794 2304 2851 cap.
2341 2796 2394 2850 v,
2426 2779 2457 2834 4
2490 2794 2504 2833 :
2538 2776 2726 2833 Pridie
2784 2792 3015 2848 quoque
3068 2793 3201 2833 cum
3226 2776 3327 2833 illa
3374 2793 3537 2833 coma
3594 2778 3830 2847 ultima,

2182 2884 2357 2939 quam
2408 2866 2653 2924 liberam
2680 2870 2910 2933 vocant,
2942 2870 3230 2939 quantum
3263 2867 3320 2922 in
3353 2867 3501 2939 ipsis
3532 2872 3675 2936 erat,
3709 2885 3831 2926 non

2184 2973 2410 3013 omnem
2442 2957 2707 3023 liberam,
2742 2956 2841 3011 sed
2874 2971 3096 3027 agapen
3127 2960 3439 3024 cmnarent,
3471 2961 3581 3011 etc.
3618 2978 3647 3007 »

2256 3046 2402 3103 VIII.
2437 3047 2620 3112 Quam
2661 3045 2780 3100 hinc
2806 3048 3200 3101 consentanea
3242 3048 3382 3100 sunt
3408 3045 3832 3102 vetustissimae

2180 3134 2446 3192 Ecclesiae
2477 3134 2774 3191 catholica
2794 3132 3139 3206 disciplinae,
3172 3150 3303 3206 quae
3325 3134 3642 3190 maximam
3669 3152 3829 3191 sem-

2178 3242 2281 3298 per
2308 3229 2364 3280 et
2395 3229 2715 3279 maternam
2743 3239 2880 3295 erga
2911 3224 3270 3279 confessores
3298 3223 3358 3279 in
3386 3223 3636 3279 vinculis
3680 3241 3832 3280 con-

2175 3314 2411 3370 stitutos
2433 3312 2687 3370 ostendit
2715 3311 3196 3384 sollicitudinem,
3215 3317 3335 3369 tam
3351 3311 3542 3369 aliena
3553 3312 3838 3369 videntur

2175 3403 2248 3459 ab
2280 3400 2619 3474 asperrimis
2642 3400 2701 3455 in
2725 3399 2974 3472 speciem
3002 3400 3489 3456 Montanistarum
3514 3402 3832 3459 institutis.

2177 3491 2468 3547 Lucianus
2496 3491 2557 3544 in
2588 3488 2835 3560 epistola
2865 3490 2935 3544 de
2958 3490 3135 3545 Morte
3185 3490 3500 3562 Peregrini,
3558 3498 3828 3547 veterum

2174 3579 2639 3636 Christianorum
2670 3594 2807 3650 erga
2838 3578 3044 3633 fratres
3065 3594 3204 3633 suos
3225 3596 3324 3650 pro
3348 3578 3461 3634 fide
3488 3578 3546 3633 in
3569 3579 3828 3635 vinculis

2175 3668 2417 3742 positos,
2442 3667 2672 3740 pietatis
2703 3672 2760 3722 et
2788 3665 3088 3723 charitatis
3120 3667 3331 3735 officia,
3359 3668 3605 3739 quanvis
3626 3685 3695 3723 ea
3728 3685 3836 3725 ne-

2168 3758 2319 3813 farie
2344 3757 2633 3823 deridcns,
2677 3755 2949 3828 graphice
2978 3760 3169 3811 tamen
3202 3755 3296 3811 his
3325 3758 3514 3812 verbis
3561 3756 3831 3813 luculen-

2172 3850 2375 3918 terque
2433 3844 2713 3901 describit
2749 3846 2895 3916 (88):
2931 3867 2959 3894 «
2985 3844 3361 3917 Magistratus
3394 3850 3585 3901 autem
3619 3862 3834 3902 eorum

2162 3936 2346 3992 etiam
2370 3934 2530 3989 intus
2555 3950 2688 3989 cum
2720 3949 2787 3989 eo
2809 3932 3306 4005 condormiebant,
3338 3934 3682 3989 custodibus
3698 3951 3841 3990 cor-

2173 4024 2361 4095 ruptis
2393 4040 2407 4079 :
2447 4023 2585 4078 Dein
2614 4039 2788 4078 omnis
2816 4021 2988 4077 variae
3011 4021 3551 4091 introducebantur,
3576 4028 3634 4078 et
3674 4026 3844 4080 sacri

2173 4128 2375 4169 eorum
2397 4128 2699 4169 sermones
2731 4110 3146 4167 dicebantur...
3176 4111 3370 4183 Aliqui
3395 4112 3570 4167 etiam
3602 4129 3671 4168 ex
3692 4113 3843 4184 qui-

2164 4201 2422 4257 busdam
2460 4200 2600 4255 Asia-'3
2623 4200 2960 4255 civitatibus
2989 4205 3291 4267 venerunt,
3317 4217 3348 4256 e
3378 4201 3849 4257 communimit—

2172 4290 2437 4346 tantibus
2461 4288 2822 4356 Christianis,
2858 4289 2958 4361 qui
2994 4288 3114 4344 viro
3144 4304 3312 4361 opem
3344 4290 3578 4359 ferrent,
3600 4290 3846 4361 ipsum-

2174 4395 2289 4451 que
2318 4378 2698 4434 defenderent
2718 4386 2771 4433 et
2803 4376 3267 4434 consolarentur.
3300 4378 3701 4434 Incredibilem
3727 4396 3855 4434 au-

2174 4472 2289 4523 tem
2324 4467 2641 4539 quamdam
2682 4465 3040 4521 celeritatem
3074 4468 3411 4536 ostendunt,
3445 4467 3491 4521 si
3526 4468 3661 4539 quid
3714 4467 3853 4523 tale

2164 4555 2480 4629 'publicum
2512 4555 2833 4626 contingat.
2868 4554 3030 4611 Illico
3065 4556 3223 4610 enim
3262 4556 3408 4611 nulli
3456 4556 3534 4611 rei
3560 4562 3854 4629 parcunt.

2170 4643 2425 4701 Proinde
2446 4642 2753 4715 Peregrino
2770 4648 2909 4700 tunc
2930 4643 3127 4699 multa;
3146 4646 3405 4715 pecunias
3424 4645 3857 4718 mittebantur,

2180 4737 2372 4789 etnon
2400 4731 2674 4804 exiguum
2707 4737 3050 4803 proventum
3101 4732 3260 4789 hunc
3307 4733 3614 4790 lucrifecit.
3648 4758 3673 4786 ι
3719 4734 3864 4791 Sed

2180 4821 2541 4879 Christianos
2571 4821 2681 4877 hac
2723 4821 2794 4877 de
2823 4837 2884 4876 re
2915 4822 3268 4878 disserentes
3324 4823 3656 4877 audiamus.
3688 4826 3866 4879 San-

2183 4915 2313 4967 ctus
2334 4911 2655 4984 Cyprianus
2688 4909 2958 4983 pluribus
2990 4911 3371 4982 epistolarum
3401 4928 3641 4968 suarum
3691 4911 3867 4970 locis

2183 4999 2392 5056 veteris
2421 5000 2892 5072 hujusEcclesiae
2917 5001 3358 5057 consuetudinis
3375 5001 3664 5073 meminit,
3698 5006 3760 5057 et
3784 5003 3870 5059 in

2185 5160 2368 5222 ςᾳντες
2428 5138 2519 5222 atati
2564 5139 3083 5222 τιαραμρθηρᾴμεγοι
3129 5142 3221 5222 τὸγ
3283 5138 3470 5222 ἄχᾷρα.
3515 5142 3873 5222 Ἀμήχὲνον

2187 5208 2245 5267 δέ
2297 5232 2349 5267 τι
2406 5213 2468 5267 τὸ
2516 5208 3114 5273 τάγὸς’ἐπιδείᾶςνύναι
3193 5208 3403 5269 ἐπειδάῦ
3468 5234 3521 5268 τι
3588 5208 3875 5270 ὲοῖὄῦτον

2225 5233 2245 5267 s
2297 5232 2349 5267 τι
2406 5233 2468 5267 το
2516 5232 2603 5266 τα*
2630 5232 2688 5273 ος
2755 5232 3114 5267 επιοεικνυναι
3193 5232 3403 5269 erceton
3468 5234 3521 5268 τι
3588 5234 3875 5270 τοιουτον

2225 5284 2407 5373 ἑνὶητέιξ
2449 5232 2824 5373 δημέτξονὶ-ἐν
2880 5285 3077 5373 βριαχεῖ
3117 5282 3539 5373 γξιρὶάφςιδοξσι
3599 5284 3877 5373 πάγτων,

2185 5304 2407 5412 Emam
2449 5304 2738 5373 οημοσιον,
2774 5304 2824 5337 εν
2880 5304 3075 5360 μραχει
3117 5306 3218 5361 γαρ
3265 5304 3539 5363 αφειοουσι
3599 5304 3877 5347 παντων,

2236 5355 2313 5432 αὶ-
2342 5352 2408 5432 δὴ
2453 5358 2672 5432 amart};
2725 5354 3034 5432 Περεγρίνῳ
3083 5355 3269 5432 πολλὰ
3301 5357 3421 5412 τότε
3448 5359 3547 5432 ἧκε
3574 5359 3888 5432 ’χρήμᾳτα

2187 5428 2313 5507 πᾳρ¹
2343 5426 2516 5507 αὗῖῶν
2557 5424 2654 5507 ἐςτῖ
2692 5424 2955 5507 προφάξει
3004 5424 3112 5483 ἶτῶν
3166 5426 3404 5503 δεσμῶν,
3432 5424 3523 5484 noti
3569 5424 3883 5507 ἥρόἇοδον

2190 5498 2252 5554 οὐ
2267 5496 2480 5574 ’μικρὰν
2506 5496 2708 5575 ταύτην
2737 5496 3056 5571 ἒπὸιήσατο.
