  <div class='ocr_page' id='page_1' title='image "/cluster/home/n/w/nwhite01/storage/ocr_20150623/3/hvd.32044073549586/138.png"; bbox 0 0 4064 6154; ppageno 0'>
   <div class='ocr_carea' id='block_1_1' title="bbox 252 317 361 379">
    <p class='ocr_par' dir='ltr' id='par_1_1' title="bbox 252 317 361 379">
     <span class='ocr_line' id='line_1_1' title="bbox 252 317 361 379; baseline -0.009 -1"><span class='ocrx_word' id='word_1_1' title='bbox 252 317 361 379; x_wconf 71' lang='lat'><strong>{69</strong></span> 
     </span>
    </p>
   </div>
   <div class='ocr_carea' id='block_1_2' title="bbox 1057 316 2825 390">
    <p class='ocr_par' dir='ltr' id='par_1_2' title="bbox 1057 316 2825 390">
     <span class='ocr_line' id='line_1_2' title="bbox 1057 316 2825 390; baseline 0.003 -13"><span class='ocrx_word' id='word_1_2' title='bbox 1057 317 1213 381; x_wconf 82' lang='lat' dir='ltr'><strong>PRO</strong></span> <span class='ocrx_word' id='word_1_3' title='bbox 1259 316 1371 379; x_wconf 90' lang='lat' dir='ltr'><strong>SS.</strong></span> <span class='ocrx_word' id='word_1_4' title='bbox 1418 316 1859 390; x_wconf 81' lang='lat' dir='ltr'><strong>PERPETUA,</strong></span> <span class='ocrx_word' id='word_1_5' title='bbox 1906 318 2365 379; x_wconf 81' lang='lat' dir='ltr'><strong>FELICITATE</strong></span> <span class='ocrx_word' id='word_1_6' title='bbox 2410 319 2510 380; x_wconf 78' lang='grc' dir='ltr'><strong>ΕΤ</strong></span> <span class='ocrx_word' id='word_1_7' title='bbox 2554 321 2825 382; x_wconf 83' lang='lat' dir='ltr'><strong>SOCIIS.</strong></span> 
     </span>
    </p>
   </div>
   <div class='ocr_carea' id='block_1_3' title="bbox 3530 325 3646 387">
    <p class='ocr_par' dir='ltr' id='par_1_3' title="bbox 3530 325 3646 387">
     <span class='ocr_line' id='line_1_3' title="bbox 3530 325 3646 387; baseline -0.009 0"><span class='ocrx_word' id='word_1_8' title='bbox 3530 325 3646 387; x_wconf 78' lang='grc' dir='ltr'><strong>ΠΟ</strong></span> 
     </span>
    </p>
   </div>
   <div class='ocr_carea' id='block_1_4' title="bbox 245 446 3647 531">
    <p class='ocr_par' dir='ltr' id='par_1_4' title="bbox 245 446 3647 531">
     <span class='ocr_line' id='line_1_4' title="bbox 245 446 3647 531; baseline 0.002 -25"><span class='ocrx_word' id='word_1_9' title='bbox 245 450 361 507; x_wconf 87' lang='lat' dir='ltr'><strong>hac</strong></span> <span class='ocrx_word' id='word_1_10' title='bbox 394 464 513 505; x_wconf 89' lang='lat' dir='ltr'><strong>non</strong></span> <span class='ocrx_word' id='word_1_11' title='bbox 545 446 744 505; x_wconf 89' lang='lat' dir='ltr'><strong>minus</strong></span> <span class='ocrx_word' id='word_1_12' title='bbox 768 462 945 521; x_wconf 88' lang='lat' dir='ltr'><strong>quam</strong></span> <span class='ocrx_word' id='word_1_13' title='bbox 970 448 1032 505; x_wconf 89' lang='lat' dir='ltr'><strong>in</strong></span> <span class='ocrx_word' id='word_1_14' title='bbox 1061 448 1176 506; x_wconf 89' lang='lat' dir='ltr'><strong>alia</strong></span> <span class='ocrx_word' id='word_1_15' title='bbox 1195 465 1340 507; x_wconf 85' lang='lat' dir='ltr'><strong>cura</strong></span> <span class='ocrx_word' id='word_1_16' title='bbox 1363 448 1674 522; x_wconf 83' lang='lat' dir='ltr'><strong>pastoralis</strong></span> <span class='ocrx_word' id='word_1_17' title='bbox 1697 449 1889 505; x_wconf 84' lang='lat' dir='ltr'><strong>officia</strong></span> <span class='ocrx_word' id='word_1_18' title='bbox 1919 452 1971 517; x_wconf 83' lang='grc' dir='ltr'><strong>Α</strong></span> <span class='ocrx_word' id='word_1_19' title='bbox 1999 450 2419 509; x_wconf 87' lang='lat' dir='ltr'><strong>Alexandrinos</strong></span> <span class='ocrx_word' id='word_1_20' title='bbox 2483 468 2614 509; x_wconf 90' lang='lat' dir='ltr'><strong>eam</strong></span> <span class='ocrx_word' id='word_1_21' title='bbox 2663 470 2861 509; x_wconf 88' lang='lat' dir='ltr'><strong>curam</strong></span> <span class='ocrx_word' id='word_1_22' title='bbox 2917 454 3221 527; x_wconf 86' lang='lat' dir='ltr'><strong>impendit,</strong></span> <span class='ocrx_word' id='word_1_23' title='bbox 3274 471 3449 527; x_wconf 89' lang='lat' dir='ltr'><strong>quam</strong></span> <span class='ocrx_word' id='word_1_24' title='bbox 3508 473 3647 531; x_wconf 88' lang='lat' dir='ltr'><strong>erga</strong></span> 
     </span>
    </p>
   </div>
   <div class='ocr_carea' id='block_1_5' title="bbox 243 536 1887 609">
    <p class='ocr_par' dir='ltr' id='par_1_5' title="bbox 243 536 1887 609">
     <span class='ocr_line' id='line_1_5' title="bbox 243 536 1887 609; baseline -0.002 -13"><span class='ocrx_word' id='word_1_25' title='bbox 243 537 437 596; x_wconf 84' lang='lat' dir='ltr'><strong>sedulo</strong></span> <span class='ocrx_word' id='word_1_26' title='bbox 469 553 538 595; x_wconf 90' lang='lat' dir='ltr'><strong>ac</strong></span> <span class='ocrx_word' id='word_1_27' title='bbox 570 537 815 594; x_wconf 82' lang='lat' dir='ltr'><strong>solerter</strong></span> <span class='ocrx_word' id='word_1_28' title='bbox 841 536 1130 594; x_wconf 85' lang='lat' dir='ltr'><strong>incubuit.</strong></span> <span class='ocrx_word' id='word_1_29' title='bbox 1164 539 1247 594; x_wconf 88' lang='lat' dir='ltr'><strong>Ita</strong></span> <span class='ocrx_word' id='word_1_30' title='bbox 1276 538 1432 594; x_wconf 91' lang='lat' dir='ltr'><strong>enim</strong></span> <span class='ocrx_word' id='word_1_31' title='bbox 1452 537 1559 593; x_wconf 89' lang='lat' dir='ltr'><strong>hac</strong></span> <span class='ocrx_word' id='word_1_32' title='bbox 1579 538 1649 593; x_wconf 92' lang='lat' dir='ltr'><strong>de</strong></span> <span class='ocrx_word' id='word_1_33' title='bbox 1666 552 1724 593; x_wconf 89' lang='lat' dir='ltr'><strong>re</strong></span> <span class='ocrx_word' id='word_1_34' title='bbox 1740 552 1887 609; x_wconf 88' lang='lat' dir='ltr'><strong>pra-</strong></span> 
     </span>
    </p>
   </div>
   <div class='ocr_carea' id='block_1_6' title="bbox 242 625 1886 699">
    <p class='ocr_par' dir='ltr' id='par_1_6' title="bbox 242 625 1886 699">
     <span class='ocr_line' id='line_1_6' title="bbox 242 625 1886 699; baseline -0.001 -16"><span class='ocrx_word' id='word_1_35' title='bbox 242 628 373 699; x_wconf 88' lang='lat' dir='ltr'><strong>cipit</strong></span> <span class='ocrx_word' id='word_1_36' title='bbox 404 627 658 699; x_wconf 91' lang='lat' dir='ltr'><strong>epistola</strong></span> <span class='ocrx_word' id='word_1_37' title='bbox 687 627 913 698; x_wconf 91' lang='lat' dir='ltr'><strong>quinta,</strong></span> <span class='ocrx_word' id='word_1_38' title='bbox 946 643 1124 699; x_wconf 87' lang='lat' dir='ltr'><strong>quam</strong></span> <span class='ocrx_word' id='word_1_39' title='bbox 1168 643 1200 682; x_wconf 92' lang='lat' dir='ltr'><strong>e</strong></span> <span class='ocrx_word' id='word_1_40' title='bbox 1256 642 1491 683; x_wconf 88' lang='lat' dir='ltr'><strong>secessu</strong></span> <span class='ocrx_word' id='word_1_41' title='bbox 1551 626 1789 698; x_wconf 82' lang='lat' dir='ltr'><strong>scripsit</strong></span> <span class='ocrx_word' id='word_1_42' title='bbox 1814 625 1886 682; x_wconf 89' lang='lat' dir='ltr'><strong>ad</strong></span> 
     </span>
    </p>
   </div>
   <div class='ocr_carea' id='block_1_7' title="bbox 238 715 1885 788">
    <p class='ocr_par' dir='ltr' id='par_1_7' title="bbox 238 715 1885 788">
     <span class='ocr_line' id='line_1_7' title="bbox 238 715 1885 788; baseline -0.001 -16"><span class='ocrx_word' id='word_1_43' title='bbox 238 716 461 772; x_wconf 87' lang='lat' dir='ltr'><strong>Clerum</strong></span> <span class='ocrx_word' id='word_1_44' title='bbox 487 732 502 770; x_wconf 90' lang='lat'><strong>:</strong></span> <span class='ocrx_word' id='word_1_45' title='bbox 536 718 833 781; x_wconf 87' lang='lat' dir='ltr'><strong>Quantum</strong></span> <span class='ocrx_word' id='word_1_46' title='bbox 859 720 1050 771; x_wconf 88' lang='lat' dir='ltr'><strong>autem</strong></span> <span class='ocrx_word' id='word_1_47' title='bbox 1068 716 1139 772; x_wconf 91' lang='lat' dir='ltr'><strong>ad</strong></span> <span class='ocrx_word' id='word_1_48' title='bbox 1163 719 1438 788; x_wconf 90' lang='lat' dir='ltr'><strong>sumptus</strong></span> <span class='ocrx_word' id='word_1_49' title='bbox 1461 715 1885 787; x_wconf 91' lang='lat' dir='ltr'><strong>suggerendos,</strong></span> 
     </span>
    </p>
   </div>
   <div class='ocr_carea' id='block_1_8' title="bbox 236 803 1885 876">
    <p class='ocr_par' dir='ltr' id='par_1_8' title="bbox 236 803 1885 876">
     <span class='ocr_line' id='line_1_8' title="bbox 236 803 1885 876; baseline -0.001 -15"><span class='ocrx_word' id='word_1_50' title='bbox 236 806 347 861; x_wconf 78' lang='lat' dir='ltr'><strong>sive</strong></span> <span class='ocrx_word' id='word_1_51' title='bbox 378 804 501 860; x_wconf 86' lang='lat' dir='ltr'>illis</span> <span class='ocrx_word' id='word_1_52' title='bbox 532 805 633 876; x_wconf 89' lang='lat' dir='ltr'><strong>qui</strong></span> <span class='ocrx_word' id='word_1_53' title='bbox 668 804 928 876; x_wconf 88' lang='lat' dir='ltr'><strong>gloriosa</strong></span> <span class='ocrx_word' id='word_1_54' title='bbox 956 820 1093 860; x_wconf 89' lang='lat' dir='ltr'><strong>voce</strong></span> <span class='ocrx_word' id='word_1_55' title='bbox 1124 806 1307 860; x_wconf 90' lang='lat' dir='ltr'><strong>Deum</strong></span> <span class='ocrx_word' id='word_1_56' title='bbox 1340 803 1612 875; x_wconf 87' lang='lat' dir='ltr'><strong>confessi,</strong></span> <span class='ocrx_word' id='word_1_57' title='bbox 1648 804 1707 858; x_wconf 92' lang='lat' dir='ltr'><strong>in</strong></span> <span class='ocrx_word' id='word_1_58' title='bbox 1758 819 1885 859; x_wconf 86' lang='lat' dir='ltr'><strong>car-</strong></span> 
     </span>
    </p>
   </div>
   <div class='ocr_carea' id='block_1_9' title="bbox 238 891 1885 965">
    <p class='ocr_par' dir='ltr' id='par_1_9' title="bbox 238 891 1885 965">
     <span class='ocr_line' id='line_1_9' title="bbox 238 891 1885 965; baseline -0.002 -16"><span class='ocrx_word' id='word_1_59' title='bbox 238 911 356 949; x_wconf 82' lang='lat' dir='ltr'><strong>cere</strong></span> <span class='ocrx_word' id='word_1_60' title='bbox 386 898 533 949; x_wconf 87' lang='lat' dir='ltr'><strong>sunt</strong></span> <span class='ocrx_word' id='word_1_61' title='bbox 561 892 885 960; x_wconf 77' lang='lat' dir='ltr'><strong>constituti,</strong></span> <span class='ocrx_word' id='word_1_62' title='bbox 919 893 1039 948; x_wconf 85' lang='lat' dir='ltr'><strong>sive</strong></span> <span class='ocrx_word' id='word_1_63' title='bbox 1070 893 1164 960; x_wconf 90' lang='lat' dir='ltr'><strong>iis,</strong></span> <span class='ocrx_word' id='word_1_64' title='bbox 1199 893 1298 965; x_wconf 89' lang='lat' dir='ltr'>qui</span> <span class='ocrx_word' id='word_1_65' title='bbox 1324 908 1607 965; x_wconf 82' lang='lat' dir='ltr'><strong>pauperes</strong></span> <span class='ocrx_word' id='word_1_66' title='bbox 1646 897 1702 948; x_wconf 88' lang='lat' dir='ltr'><strong>et</strong></span> <span class='ocrx_word' id='word_1_67' title='bbox 1732 891 1885 947; x_wconf 90' lang='lat' dir='ltr'><strong>indi-</strong></span> 
     </span>
    </p>
   </div>
   <div class='ocr_carea' id='block_1_10' title="bbox 237 981 1887 1057">
    <p class='ocr_par' dir='ltr' id='par_1_10' title="bbox 237 981 1887 1057">
     <span class='ocr_line' id='line_1_10' title="bbox 237 981 1887 1057; baseline -0.001 -20"><span class='ocrx_word' id='word_1_68' title='bbox 237 988 434 1057; x_wconf 78' lang='lat' dir='ltr'><strong>gentes</strong></span> <span class='ocrx_word' id='word_1_69' title='bbox 464 982 759 1051; x_wconf 80' lang='lat' dir='ltr'><strong>laborant,</strong></span> <span class='ocrx_word' id='word_1_70' title='bbox 790 986 922 1054; x_wconf 91' lang='lat' dir='ltr'><strong>peto</strong></span> <span class='ocrx_word' id='word_1_71' title='bbox 955 981 1099 1038; x_wconf 89' lang='lat' dir='ltr'>nihil</span> <span class='ocrx_word' id='word_1_72' title='bbox 1132 981 1281 1037; x_wconf 84' lang='lat' dir='ltr'><strong>desit</strong></span> <span class='ocrx_word' id='word_1_73' title='bbox 1304 999 1319 1051; x_wconf 90' lang='lat'><strong>;</strong></span> <span class='ocrx_word' id='word_1_74' title='bbox 1341 997 1475 1037; x_wconf 91' lang='lat' dir='ltr'><strong>cum</strong></span> <span class='ocrx_word' id='word_1_75' title='bbox 1503 996 1738 1036; x_wconf 89' lang='lat' dir='ltr'><strong>summa</strong></span> <span class='ocrx_word' id='word_1_76' title='bbox 1767 996 1887 1035; x_wconf 92' lang='lat' dir='ltr'><strong>om-</strong></span> 
     </span>
    </p>
   </div>
   <div class='ocr_carea' id='block_1_11' title="bbox 238 1067 1886 1145">
    <p class='ocr_par' dir='ltr' id='par_1_11' title="bbox 238 1067 1886 1145">
     <span class='ocr_line' id='line_1_11' title="bbox 238 1067 1886 1145; baseline -0.004 -17"><span class='ocrx_word' id='word_1_77' title='bbox 238 1072 324 1128; x_wconf 85' lang='lat' dir='ltr'>nis</span> <span class='ocrx_word' id='word_1_78' title='bbox 355 1088 486 1145; x_wconf 84' lang='lat' dir='ltr'><strong>qua</strong></span> <span class='ocrx_word' id='word_1_79' title='bbox 514 1071 747 1127; x_wconf 88' lang='lat' dir='ltr'><strong>redacta</strong></span> <span class='ocrx_word' id='word_1_80' title='bbox 775 1074 865 1126; x_wconf 91' lang='lat' dir='ltr'><strong>est</strong></span> <span class='ocrx_word' id='word_1_81' title='bbox 892 1069 1010 1125; x_wconf 92' lang='lat' dir='ltr'><strong>illic</strong></span> <span class='ocrx_word' id='word_1_82' title='bbox 1041 1070 1117 1125; x_wconf 86' lang='lat' dir='ltr'>sit</span> <span class='ocrx_word' id='word_1_83' title='bbox 1169 1071 1321 1141; x_wconf 89' lang='lat' dir='ltr'><strong>apud</strong></span> <span class='ocrx_word' id='word_1_84' title='bbox 1388 1068 1630 1125; x_wconf 86' lang='lat' dir='ltr'><strong>clericos</strong></span> <span class='ocrx_word' id='word_1_85' title='bbox 1689 1067 1886 1124; x_wconf 89' lang='lat' dir='ltr'><strong>distri-</strong></span> 
     </span>
    </p>
   </div>
   <div class='ocr_carea' id='block_1_12' title="bbox 240 1156 1883 1233">
    <p class='ocr_par' dir='ltr' id='par_1_12' title="bbox 240 1156 1883 1233">
     <span class='ocr_line' id='line_1_12' title="bbox 240 1156 1883 1233; baseline -0.003 -17"><span class='ocrx_word' id='word_1_86' title='bbox 240 1162 373 1216; x_wconf 90' lang='lat' dir='ltr'><strong>buta</strong></span> <span class='ocrx_word' id='word_1_87' title='bbox 402 1167 640 1233; x_wconf 89' lang='lat' dir='ltr'><strong>prepter</strong></span> <span class='ocrx_word' id='word_1_88' title='bbox 669 1158 959 1231; x_wconf 86' lang='lat' dir='ltr'><strong>ejusmodi</strong></span> <span class='ocrx_word' id='word_1_89' title='bbox 992 1175 1201 1227; x_wconf 87' lang='lat' dir='ltr'><strong>casus;</strong></span> <span class='ocrx_word' id='word_1_90' title='bbox 1235 1163 1298 1214; x_wconf 91' lang='lat' dir='ltr'><strong>ut</strong></span> <span class='ocrx_word' id='word_1_91' title='bbox 1327 1158 1606 1213; x_wconf 89' lang='lat' dir='ltr'><strong>baberent</strong></span> <span class='ocrx_word' id='word_1_92' title='bbox 1663 1156 1883 1229; x_wconf 86' lang='lat' dir='ltr'><strong>plures,</strong></span> 
     </span>
    </p>
   </div>
   <div class='ocr_carea' id='block_1_13' title="bbox 239 1246 1885 1319">
    <p class='ocr_par' dir='ltr' id='par_1_13' title="bbox 239 1246 1885 1319">
     <span class='ocr_line' id='line_1_13' title="bbox 239 1246 1885 1319; baseline -0.003 -14"><span class='ocrx_word' id='word_1_93' title='bbox 239 1251 389 1305; x_wconf 92' lang='lat' dir='ltr'><strong>unde</strong></span> <span class='ocrx_word' id='word_1_94' title='bbox 419 1250 494 1304; x_wconf 91' lang='lat' dir='ltr'><strong>ad</strong></span> <span class='ocrx_word' id='word_1_95' title='bbox 528 1249 902 1304; x_wconf 81' lang='lat' dir='ltr'><strong>necessitates</strong></span> <span class='ocrx_word' id='word_1_96' title='bbox 933 1251 989 1302; x_wconf 89' lang='lat' dir='ltr'><strong>et</strong></span> <span class='ocrx_word' id='word_1_97' title='bbox 1022 1264 1326 1319; x_wconf 89' lang='lat' dir='ltr'><strong>pressuras</strong></span> <span class='ocrx_word' id='word_1_98' title='bbox 1367 1246 1727 1319; x_wconf 87' lang='lat' dir='ltr'><strong>singulorum</strong></span> <span class='ocrx_word' id='word_1_99' title='bbox 1751 1262 1885 1317; x_wconf 92' lang='lat' dir='ltr'><strong>ope-</strong></span> 
     </span>
    </p>
   </div>
   <div class='ocr_carea' id='block_1_14' title="bbox 237 1333 1887 1409">
    <p class='ocr_par' dir='ltr' id='par_1_14' title="bbox 237 1333 1887 1409">
     <span class='ocr_line' id='line_1_14' title="bbox 237 1333 1887 1409; baseline -0.002 -16"><span class='ocrx_word' id='word_1_100' title='bbox 237 1340 348 1393; x_wconf 86' lang='lat' dir='ltr'><strong>rari</strong></span> <span class='ocrx_word' id='word_1_101' title='bbox 379 1338 631 1408; x_wconf 89' lang='lat' dir='ltr'>possint.</span> <span class='ocrx_word' id='word_1_102' title='bbox 667 1359 696 1388; x_wconf 80' lang='grc'><strong>››</strong></span> <span class='ocrx_word' id='word_1_103' title='bbox 730 1338 782 1393; x_wconf 90' lang='lat' dir='ltr'>Is</span> <span class='ocrx_word' id='word_1_104' title='bbox 812 1353 981 1409; x_wconf 93' lang='lat' dir='ltr'><strong>porro</strong></span> <span class='ocrx_word' id='word_1_105' title='bbox 1013 1341 1136 1392; x_wconf 89' lang='lat' dir='ltr'><strong>erat</strong></span> <span class='ocrx_word' id='word_1_106' title='bbox 1166 1336 1498 1391; x_wconf 88' lang='lat' dir='ltr'><strong>christiana</strong></span> <span class='ocrx_word' id='word_1_107' title='bbox 1533 1333 1720 1407; x_wconf 90' lang='lat' dir='ltr'><strong>plebis</strong></span> <span class='ocrx_word' id='word_1_108' title='bbox 1751 1350 1887 1406; x_wconf 87' lang='lat' dir='ltr'><strong>erga</strong></span> 
     </span>
    </p>
   </div>
   <div class='ocr_carea' id='block_1_15' title="bbox 237 1423 1887 1496">
    <p class='ocr_par' dir='ltr' id='par_1_15' title="bbox 237 1423 1887 1496">
     <span class='ocr_line' id='line_1_15' title="bbox 237 1423 1887 1496; baseline -0.001 -13"><span class='ocrx_word' id='word_1_109' title='bbox 237 1428 602 1484; x_wconf 86' lang='lat' dir='ltr'><strong>confessores</strong></span> <span class='ocrx_word' id='word_1_110' title='bbox 630 1428 894 1494; x_wconf 78' lang='lat' dir='ltr'><strong>affectus,</strong></span> <span class='ocrx_word' id='word_1_111' title='bbox 928 1433 991 1482; x_wconf 91' lang='lat' dir='ltr'><strong>ut</strong></span> <span class='ocrx_word' id='word_1_112' title='bbox 1013 1443 1125 1482; x_wconf 92' lang='lat' dir='ltr'><strong>non</strong></span> <span class='ocrx_word' id='word_1_113' title='bbox 1151 1427 1200 1482; x_wconf 93' lang='lat' dir='ltr'><strong>ei</strong></span> <span class='ocrx_word' id='word_1_114' title='bbox 1226 1426 1333 1482; x_wconf 86' lang='lat' dir='ltr'><strong>bac</strong></span> <span class='ocrx_word' id='word_1_115' title='bbox 1355 1427 1413 1481; x_wconf 91' lang='lat' dir='ltr'><strong>in</strong></span> <span class='ocrx_word' id='word_1_116' title='bbox 1439 1430 1595 1496; x_wconf 86' lang='lat' dir='ltr'><strong>parte</strong></span> <span class='ocrx_word' id='word_1_117' title='bbox 1619 1423 1887 1481; x_wconf 89' lang='lat' dir='ltr'><strong>stimulos</strong></span> 
     </span>
    </p>
   </div>
   <div class='ocr_carea' id='block_1_16' title="bbox 235 1512 1885 1587">
    <p class='ocr_par' dir='ltr' id='par_1_16' title="bbox 235 1512 1885 1587">
     <span class='ocr_line' id='line_1_16' title="bbox 235 1512 1885 1587; baseline -0.002 -16"><span class='ocrx_word' id='word_1_118' title='bbox 235 1519 468 1587; x_wconf 80' lang='lat' dir='ltr'><strong>addere,</strong></span> <span class='ocrx_word' id='word_1_119' title='bbox 507 1520 605 1572; x_wconf 88' lang='lat' dir='ltr'><strong>sed</strong></span> <span class='ocrx_word' id='word_1_120' title='bbox 638 1518 882 1571; x_wconf 81' lang='lat' dir='ltr'><strong>fratrum</strong></span> <span class='ocrx_word' id='word_1_121' title='bbox 914 1516 985 1570; x_wconf 90' lang='lat' dir='ltr'><strong>ad</strong></span> <span class='ocrx_word' id='word_1_122' title='bbox 1019 1532 1278 1572; x_wconf 86' lang='lat' dir='ltr'><strong>carceres</strong></span> <span class='ocrx_word' id='word_1_123' title='bbox 1308 1530 1686 1583; x_wconf 84' lang='lat' dir='ltr'>concursum,</span> <span class='ocrx_word' id='word_1_124' title='bbox 1706 1514 1776 1570; x_wconf 90' lang='lat' dir='ltr'><strong>ad</strong></span> <span class='ocrx_word' id='word_1_125' title='bbox 1800 1512 1885 1568; x_wconf 83' lang='lat' dir='ltr'><strong>fe-</strong></span> 
     </span>
    </p>
   </div>
   <div class='ocr_carea' id='block_1_17' title="bbox 233 1603 1886 1677">
    <p class='ocr_par' dir='ltr' id='par_1_17' title="bbox 233 1603 1886 1677">
     <span class='ocr_line' id='line_1_17' title="bbox 233 1603 1886 1677; baseline -0.003 -15"><span class='ocrx_word' id='word_1_126' title='bbox 233 1607 459 1662; x_wconf 86' lang='lat' dir='ltr'><strong>vendes</strong></span> <span class='ocrx_word' id='word_1_127' title='bbox 473 1605 691 1661; x_wconf 85' lang='lat' dir='ltr'><strong>scilicet</strong></span> <span class='ocrx_word' id='word_1_128' title='bbox 705 1610 879 1677; x_wconf 87' lang='lat' dir='ltr'><strong>atque</strong></span> <span class='ocrx_word' id='word_1_129' title='bbox 897 1603 1307 1660; x_wconf 89' lang='lat' dir='ltr'><strong>refocillandos</strong></span> <span class='ocrx_word' id='word_1_130' title='bbox 1329 1605 1713 1665; x_wconf 83' lang='lat' dir='ltr'><strong>confessores,</strong></span> <span class='ocrx_word' id='word_1_131' title='bbox 1733 1604 1772 1657; x_wconf 85' lang='grc'><strong>1</strong></span> <span class='ocrx_word' id='word_1_132' title='bbox 1786 1603 1886 1658; x_wconf 75' lang='lat'><strong>03</strong></span> 
     </span>
    </p>
   </div>
   <div class='ocr_carea' id='block_1_18' title="bbox 234 1689 1887 1765">
    <p class='ocr_par' dir='ltr' id='par_1_18' title="bbox 234 1689 1887 1765">
     <span class='ocr_line' id='line_1_18' title="bbox 234 1689 1887 1765; baseline -0.002 -16"><span class='ocrx_word' id='word_1_133' title='bbox 234 1709 307 1749; x_wconf 80' lang='lat' dir='ltr'><strong>ex</strong></span> <span class='ocrx_word' id='word_1_134' title='bbox 335 1693 655 1764; x_wconf 90' lang='lat' dir='ltr'><strong>prudentia</strong></span> <span class='ocrx_word' id='word_1_135' title='bbox 687 1693 917 1765; x_wconf 88' lang='lat' dir='ltr'>legibus</span> <span class='ocrx_word' id='word_1_136' title='bbox 957 1692 1248 1747; x_wconf 90' lang='lat' dir='ltr'><strong>moderari</strong></span> <span class='ocrx_word' id='word_1_137' title='bbox 1308 1708 1454 1763; x_wconf 91' lang='lat' dir='ltr'><strong>opus</strong></span> <span class='ocrx_word' id='word_1_138' title='bbox 1508 1696 1683 1747; x_wconf 88' lang='lat' dir='ltr'><strong>esset.</strong></span> <span class='ocrx_word' id='word_1_139' title='bbox 1718 1689 1887 1746; x_wconf 89' lang='lat' dir='ltr'><strong>Unde</strong></span> 
     </span>
    </p>
   </div>
   <div class='ocr_carea' id='block_1_19' title="bbox 232 1781 1883 1854">
    <p class='ocr_par' dir='ltr' id='par_1_19' title="bbox 232 1781 1883 1854">
     <span class='ocr_line' id='line_1_19' title="bbox 232 1781 1883 1854; baseline -0.001 -17"><span class='ocrx_word' id='word_1_140' title='bbox 232 1782 436 1837; x_wconf 81' lang='lat' dir='ltr'><strong>statim</strong></span> <span class='ocrx_word' id='word_1_141' title='bbox 469 1782 817 1854; x_wconf 85' lang='lat' dir='ltr'><strong>subjungit:</strong></span> <span class='ocrx_word' id='word_1_142' title='bbox 857 1802 885 1830; x_wconf 74' lang='grc' dir='ltr'><strong>ι(</strong></span> <span class='ocrx_word' id='word_1_143' title='bbox 938 1782 1069 1836; x_wconf 88' lang='lat' dir='ltr'><strong>Pete</strong></span> <span class='ocrx_word' id='word_1_144' title='bbox 1126 1797 1377 1853; x_wconf 88' lang='lat' dir='ltr'><strong>quoque,</strong></span> <span class='ocrx_word' id='word_1_145' title='bbox 1437 1781 1507 1836; x_wconf 89' lang='lat' dir='ltr'><strong>ad</strong></span> <span class='ocrx_word' id='word_1_146' title='bbox 1568 1797 1883 1852; x_wconf 85' lang='lat' dir='ltr'><strong>procuran-</strong></span> 
     </span>
    </p>
   </div>
   <div class='ocr_carea' id='block_1_20' title="bbox 233 1868 1883 1942">
    <p class='ocr_par' dir='ltr' id='par_1_20' title="bbox 233 1868 1883 1942">
     <span class='ocr_line' id='line_1_20' title="bbox 233 1868 1883 1942; baseline -0.002 -16"><span class='ocrx_word' id='word_1_147' title='bbox 233 1872 373 1926; x_wconf 89' lang='lat' dir='ltr'><strong>dam</strong></span> <span class='ocrx_word' id='word_1_148' title='bbox 435 1870 717 1942; x_wconf 88' lang='lat' dir='ltr'><strong>quietem,</strong></span> <span class='ocrx_word' id='word_1_149' title='bbox 775 1868 1011 1925; x_wconf 88' lang='lat' dir='ltr'><strong>solertia</strong></span> <span class='ocrx_word' id='word_1_150' title='bbox 1067 1872 1123 1925; x_wconf 93' lang='lat' dir='ltr'><strong>et</strong></span> <span class='ocrx_word' id='word_1_151' title='bbox 1175 1869 1502 1926; x_wconf 87' lang='lat' dir='ltr'><strong>sollicitudo</strong></span> <span class='ocrx_word' id='word_1_152' title='bbox 1544 1872 1736 1924; x_wconf 92' lang='lat' dir='ltr'><strong>vestra</strong></span> <span class='ocrx_word' id='word_1_153' title='bbox 1767 1883 1883 1922; x_wconf 92' lang='lat' dir='ltr'>non</span> 
     </span>
    </p>
   </div>
   <div class='ocr_carea' id='block_1_21' title="bbox 235 1955 1883 2030">
    <p class='ocr_par' dir='ltr' id='par_1_21' title="bbox 235 1955 1883 2030">
     <span class='ocr_line' id='line_1_21' title="bbox 235 1955 1883 2030; baseline -0.002 -16"><span class='ocrx_word' id='word_1_154' title='bbox 235 1959 505 2027; x_wconf 81' lang='lat' dir='ltr'><strong>desinat;</strong></span> <span class='ocrx_word' id='word_1_155' title='bbox 539 1975 673 2013; x_wconf 90' lang='lat' dir='ltr'><strong>nam</strong></span> <span class='ocrx_word' id='word_1_156' title='bbox 706 1959 812 2014; x_wconf 90' lang='lat' dir='ltr'><strong>etsi</strong></span> <span class='ocrx_word' id='word_1_157' title='bbox 836 1959 1042 2014; x_wconf 81' lang='lat' dir='ltr'><strong>fratres</strong></span> <span class='ocrx_word' id='word_1_158' title='bbox 1074 1975 1174 2030; x_wconf 94' lang='lat' dir='ltr'><strong>pre</strong></span> <span class='ocrx_word' id='word_1_159' title='bbox 1208 1958 1516 2015; x_wconf 89' lang='lat' dir='ltr'><strong>dilectione</strong></span> <span class='ocrx_word' id='word_1_160' title='bbox 1547 1975 1655 2013; x_wconf 89' lang='lat' dir='ltr'><strong>sua</strong></span> <span class='ocrx_word' id='word_1_161' title='bbox 1685 1955 1883 2029; x_wconf 90' lang='lat' dir='ltr'><strong>cupidi</strong></span> 
     </span>
    </p>
   </div>
   <div class='ocr_carea' id='block_1_22' title="bbox 236 2046 1887 2104">
    <p class='ocr_par' dir='ltr' id='par_1_22' title="bbox 236 2046 1887 2104">
     <span class='ocr_line' id='line_1_22' title="bbox 236 2046 1887 2104; baseline -0.002 0"><span class='ocrx_word' id='word_1_162' title='bbox 236 2054 375 2104; x_wconf 87' lang='lat' dir='ltr'><strong>sunt</strong></span> <span class='ocrx_word' id='word_1_163' title='bbox 403 2048 476 2103; x_wconf 89' lang='lat' dir='ltr'><strong>ad</strong></span> <span class='ocrx_word' id='word_1_164' title='bbox 513 2047 976 2103; x_wconf 89' lang='lat' dir='ltr'><strong>conveniendum</strong></span> <span class='ocrx_word' id='word_1_165' title='bbox 1010 2050 1067 2103; x_wconf 90' lang='lat' dir='ltr'><strong>et</strong></span> <span class='ocrx_word' id='word_1_166' title='bbox 1112 2046 1467 2101; x_wconf 81' lang='lat' dir='ltr'><strong>visitandum</strong></span> <span class='ocrx_word' id='word_1_167' title='bbox 1521 2047 1887 2102; x_wconf 89' lang='lat' dir='ltr'><strong>confessores</strong></span> 
     </span>
    </p>
   </div>
   <div class='ocr_carea' id='block_1_23' title="bbox 234 2134 1887 2207">
    <p class='ocr_par' dir='ltr' id='par_1_23' title="bbox 234 2134 1887 2207">
     <span class='ocr_line' id='line_1_23' title="bbox 234 2134 1887 2207; baseline -0.002 -15"><span class='ocrx_word' id='word_1_168' title='bbox 234 2140 443 2207; x_wconf 90' lang='lat' dir='ltr'><strong>bones,</strong></span> <span class='ocrx_word' id='word_1_169' title='bbox 479 2153 633 2207; x_wconf 90' lang='lat' dir='ltr'><strong>quos</strong></span> <span class='ocrx_word' id='word_1_170' title='bbox 662 2135 969 2191; x_wconf 86' lang='lat' dir='ltr'><strong>illustravit</strong></span> <span class='ocrx_word' id='word_1_171' title='bbox 992 2137 1116 2207; x_wconf 89' lang='lat' dir='ltr'><strong>jam</strong></span> <span class='ocrx_word' id='word_1_172' title='bbox 1149 2134 1418 2207; x_wconf 87' lang='lat' dir='ltr'>gloriosis</span> <span class='ocrx_word' id='word_1_173' title='bbox 1458 2134 1644 2190; x_wconf 90' lang='lat' dir='ltr'><strong>initiis</strong></span> <span class='ocrx_word' id='word_1_174' title='bbox 1691 2134 1887 2189; x_wconf 84' lang='lat' dir='ltr'><strong>divina</strong></span> 
     </span>
    </p>
   </div>
   <div class='ocr_carea' id='block_1_24' title="bbox 233 2222 1888 2297">
    <p class='ocr_par' dir='ltr' id='par_1_24' title="bbox 233 2222 1888 2297">
     <span class='ocr_line' id='line_1_24' title="bbox 233 2222 1888 2297; baseline -0.001 -17"><span class='ocrx_word' id='word_1_175' title='bbox 233 2225 525 2297; x_wconf 84' lang='lat' dir='ltr'><strong>dignatio,</strong></span> <span class='ocrx_word' id='word_1_176' title='bbox 560 2230 756 2279; x_wconf 87' lang='lat' dir='ltr'><strong>tamen</strong></span> <span class='ocrx_word' id='word_1_177' title='bbox 789 2230 956 2280; x_wconf 87' lang='lat' dir='ltr'><strong>caute</strong></span> <span class='ocrx_word' id='word_1_178' title='bbox 984 2224 1117 2291; x_wconf 91' lang='lat' dir='ltr'><strong>hoc,</strong></span> <span class='ocrx_word' id='word_1_179' title='bbox 1149 2230 1206 2280; x_wconf 91' lang='lat' dir='ltr'><strong>et</strong></span> <span class='ocrx_word' id='word_1_180' title='bbox 1232 2242 1344 2280; x_wconf 91' lang='lat' dir='ltr'><strong>non</strong></span> <span class='ocrx_word' id='word_1_181' title='bbox 1375 2222 1761 2296; x_wconf 81' lang='lat' dir='ltr'><strong>glomeratim,</strong></span> <span class='ocrx_word' id='word_1_182' title='bbox 1784 2238 1888 2279; x_wconf 86' lang='lat' dir='ltr'><strong>nec</strong></span> 
     </span>
    </p>
   </div>
   <div class='ocr_carea' id='block_1_25' title="bbox 230 2311 1887 2385">
    <p class='ocr_par' dir='ltr' id='par_1_25' title="bbox 230 2311 1887 2385">
     <span class='ocr_line' id='line_1_25' title="bbox 230 2311 1887 2385; baseline -0.002 -16"><span class='ocrx_word' id='word_1_183' title='bbox 230 2331 338 2385; x_wconf 85' lang='lat' dir='ltr'><strong>per</strong></span> <span class='ocrx_word' id='word_1_184' title='bbox 371 2313 814 2369; x_wconf 86' lang='lat' dir='ltr'><strong>multitudinem</strong></span> <span class='ocrx_word' id='word_1_185' title='bbox 845 2312 1021 2369; x_wconf 91' lang='lat' dir='ltr'><strong>simul</strong></span> <span class='ocrx_word' id='word_1_186' title='bbox 1047 2314 1311 2382; x_wconf 87' lang='lat' dir='ltr'><strong>junctam</strong></span> <span class='ocrx_word' id='word_1_187' title='bbox 1346 2317 1484 2385; x_wconf 92' lang='lat' dir='ltr'><strong>puto</strong></span> <span class='ocrx_word' id='word_1_188' title='bbox 1515 2328 1645 2368; x_wconf 90' lang='lat' dir='ltr'><strong>esse</strong></span> <span class='ocrx_word' id='word_1_189' title='bbox 1675 2311 1887 2367; x_wconf 84' lang='lat' dir='ltr'><strong>facien-</strong></span> 
     </span>
    </p>
   </div>
   <div class='ocr_carea' id='block_1_26' title="bbox 230 2401 1888 2474">
    <p class='ocr_par' dir='ltr' id='par_1_26' title="bbox 230 2401 1888 2474">
     <span class='ocr_line' id='line_1_26' title="bbox 230 2401 1888 2474; baseline -0.001 -17"><span class='ocrx_word' id='word_1_190' title='bbox 230 2403 402 2468; x_wconf 88' lang='lat' dir='ltr'><strong>dum,</strong></span> <span class='ocrx_word' id='word_1_191' title='bbox 438 2419 514 2458; x_wconf 91' lang='lat' dir='ltr'><strong>ne</strong></span> <span class='ocrx_word' id='word_1_192' title='bbox 544 2419 613 2458; x_wconf 82' lang='lat' dir='ltr'><strong>ex</strong></span> <span class='ocrx_word' id='word_1_193' title='bbox 640 2403 746 2458; x_wconf 91' lang='lat' dir='ltr'><strong>hoc</strong></span> <span class='ocrx_word' id='word_1_194' title='bbox 778 2402 905 2474; x_wconf 91' lang='lat' dir='ltr'><strong>ipso</strong></span> <span class='ocrx_word' id='word_1_195' title='bbox 950 2402 1167 2457; x_wconf 90' lang='lat' dir='ltr'><strong>invidia</strong></span> <span class='ocrx_word' id='word_1_196' title='bbox 1214 2401 1553 2465; x_wconf 83' lang='lat' dir='ltr'><strong>concitetur,</strong></span> <span class='ocrx_word' id='word_1_197' title='bbox 1604 2405 1661 2456; x_wconf 91' lang='lat' dir='ltr'><strong>et</strong></span> <span class='ocrx_word' id='word_1_198' title='bbox 1710 2402 1888 2456; x_wconf 88' lang='lat' dir='ltr'><strong>intro-</strong></span> 
     </span>
    </p>
   </div>
   <div class='ocr_carea' id='block_1_27' title="bbox 230 2486 1888 2562">
    <p class='ocr_par' dir='ltr' id='par_1_27' title="bbox 230 2486 1888 2562">
     <span class='ocr_line' id='line_1_27' title="bbox 230 2486 1888 2562; baseline -0.002 -17"><span class='ocrx_word' id='word_1_199' title='bbox 230 2490 417 2546; x_wconf 87' lang='lat' dir='ltr'><strong>eundi</strong></span> <span class='ocrx_word' id='word_1_200' title='bbox 451 2490 650 2546; x_wconf 74' lang='lat' dir='ltr'><strong>aditus</strong></span> <span class='ocrx_word' id='word_1_201' title='bbox 681 2491 1016 2562; x_wconf 89' lang='lat' dir='ltr'><strong>denegetur,</strong></span> <span class='ocrx_word' id='word_1_202' title='bbox 1051 2494 1108 2545; x_wconf 92' lang='lat' dir='ltr'><strong>et</strong></span> <span class='ocrx_word' id='word_1_203' title='bbox 1136 2490 1272 2545; x_wconf 90' lang='lat' dir='ltr'><strong>dum</strong></span> <span class='ocrx_word' id='word_1_204' title='bbox 1318 2488 1679 2545; x_wconf 86' lang='lat' dir='ltr'><strong>insatiabiles</strong></span> <span class='ocrx_word' id='word_1_205' title='bbox 1736 2486 1888 2543; x_wconf 88' lang='lat' dir='ltr'><strong>mul-</strong></span> 
     </span>
    </p>
   </div>
   <div class='ocr_carea' id='block_1_28' title="bbox 229 2578 1893 2650">
    <p class='ocr_par' dir='ltr' id='par_1_28' title="bbox 229 2578 1893 2650">
     <span class='ocr_line' id='line_1_28' title="bbox 229 2578 1893 2650; baseline -0.001 -16"><span class='ocrx_word' id='word_1_206' title='bbox 229 2587 365 2634; x_wconf 89' lang='lat' dir='ltr'><strong>tum</strong></span> <span class='ocrx_word' id='word_1_207' title='bbox 394 2579 698 2647; x_wconf 80' lang='lat' dir='ltr'><strong>volumus,</strong></span> <span class='ocrx_word' id='word_1_208' title='bbox 731 2583 918 2634; x_wconf 91' lang='lat' dir='ltr'><strong>totum</strong></span> <span class='ocrx_word' id='word_1_209' title='bbox 952 2579 1287 2650; x_wconf 86' lang='lat' dir='ltr'><strong>perdamus.</strong></span> <span class='ocrx_word' id='word_1_210' title='bbox 1322 2578 1619 2634; x_wconf 83' lang='lat' dir='ltr'><strong>Consulite</strong></span> <span class='ocrx_word' id='word_1_211' title='bbox 1669 2593 1804 2649; x_wconf 86' lang='lat' dir='ltr'><strong>ergo</strong></span> <span class='ocrx_word' id='word_1_212' title='bbox 1835 2582 1893 2633; x_wconf 91' lang='lat' dir='ltr'><strong>et</strong></span> 
     </span>
    </p>
   </div>
   <div class='ocr_carea' id='block_1_29' title="bbox 228 2667 1894 2741">
    <p class='ocr_par' dir='ltr' id='par_1_29' title="bbox 228 2667 1894 2741">
     <span class='ocr_line' id='line_1_29' title="bbox 228 2667 1894 2741; baseline -0.002 -17"><span class='ocrx_word' id='word_1_213' title='bbox 228 2668 562 2741; x_wconf 86' lang='lat' dir='ltr'><strong>providete,</strong></span> <span class='ocrx_word' id='word_1_214' title='bbox 598 2672 663 2722; x_wconf 89' lang='lat' dir='ltr'><strong>ut</strong></span> <span class='ocrx_word' id='word_1_215' title='bbox 694 2684 825 2722; x_wconf 90' lang='lat' dir='ltr'><strong>cum</strong></span> <span class='ocrx_word' id='word_1_216' title='bbox 845 2671 1302 2739; x_wconf 86' lang='lat' dir='ltr'><strong>temperamento</strong></span> <span class='ocrx_word' id='word_1_217' title='bbox 1324 2667 1735 2739; x_wconf 84' lang='lat' dir='ltr'><strong>hocagitutius</strong></span> <span class='ocrx_word' id='word_1_218' title='bbox 1765 2682 1894 2738; x_wconf 86' lang='lat' dir='ltr'><strong>pos—</strong></span> 
     </span>
    </p>
   </div>
   <div class='ocr_carea' id='block_1_30' title="bbox 228 2754 1893 2829">
    <p class='ocr_par' dir='ltr' id='par_1_30' title="bbox 228 2754 1893 2829">
     <span class='ocr_line' id='line_1_30' title="bbox 228 2754 1893 2829; baseline -0.002 -16"><span class='ocrx_word' id='word_1_219' title='bbox 228 2759 353 2814; x_wconf 87' lang='lat' dir='ltr'><strong>sit:</strong></span> <span class='ocrx_word' id='word_1_220' title='bbox 390 2757 480 2813; x_wconf 88' lang='lat' dir='ltr'><strong>ita</strong></span> <span class='ocrx_word' id='word_1_221' title='bbox 505 2763 572 2811; x_wconf 91' lang='lat' dir='ltr'><strong>ut</strong></span> <span class='ocrx_word' id='word_1_222' title='bbox 604 2757 921 2829; x_wconf 87' lang='lat' dir='ltr'><strong>presbyteri</strong></span> <span class='ocrx_word' id='word_1_223' title='bbox 952 2773 1197 2829; x_wconf 87' lang='lat' dir='ltr'><strong>quoque,</strong></span> <span class='ocrx_word' id='word_1_224' title='bbox 1224 2754 1320 2827; x_wconf 90' lang='lat' dir='ltr'><strong>qui</strong></span> <span class='ocrx_word' id='word_1_225' title='bbox 1344 2756 1461 2812; x_wconf 91' lang='lat' dir='ltr'><strong>illic</strong></span> <span class='ocrx_word' id='word_1_226' title='bbox 1483 2756 1635 2828; x_wconf 88' lang='lat' dir='ltr'><strong>apud</strong></span> <span class='ocrx_word' id='word_1_227' title='bbox 1668 2755 1893 2811; x_wconf 83' lang='lat' dir='ltr'><strong>confes-</strong></span> 
     </span>
    </p>
   </div>
   <div class='ocr_carea' id='block_1_31' title="bbox 232 2842 1894 2917">
    <p class='ocr_par' dir='ltr' id='par_1_31' title="bbox 232 2842 1894 2917">
     <span class='ocr_line' id='line_1_31' title="bbox 232 2842 1894 2917; baseline -0.003 -15"><span class='ocrx_word' id='word_1_228' title='bbox 232 2862 406 2902; x_wconf 88' lang='lat' dir='ltr'><strong>seres</strong></span> <span class='ocrx_word' id='word_1_229' title='bbox 440 2844 715 2911; x_wconf 74' lang='lat' dir='ltr'><strong>offerunt,</strong></span> <span class='ocrx_word' id='word_1_230' title='bbox 741 2845 955 2917; x_wconf 85' lang='lat' dir='ltr'><strong>singuli</strong></span> <span class='ocrx_word' id='word_1_231' title='bbox 981 2862 1113 2900; x_wconf 90' lang='lat' dir='ltr'><strong>cum</strong></span> <span class='ocrx_word' id='word_1_232' title='bbox 1134 2844 1382 2915; x_wconf 89' lang='lat' dir='ltr'><strong>singulis</strong></span> <span class='ocrx_word' id='word_1_233' title='bbox 1405 2844 1666 2899; x_wconf 88' lang='lat' dir='ltr'><strong>diaconis</strong></span> <span class='ocrx_word' id='word_1_234' title='bbox 1689 2860 1791 2915; x_wconf 92' lang='lat' dir='ltr'><strong>per</strong></span> <span class='ocrx_word' id='word_1_235' title='bbox 1810 2842 1894 2898; x_wconf 93' lang='lat' dir='ltr'><strong>vi-</strong></span> 
     </span>
    </p>
   </div>
   <div class='ocr_carea' id='block_1_32' title="bbox 232 2931 1896 3004">
    <p class='ocr_par' dir='ltr' id='par_1_32' title="bbox 232 2931 1896 3004">
     <span class='ocr_line' id='line_1_32' title="bbox 232 2931 1896 3004; baseline -0.003 -14"><span class='ocrx_word' id='word_1_236' title='bbox 232 2952 334 2990; x_wconf 89' lang='lat' dir='ltr'><strong>ces</strong></span> <span class='ocrx_word' id='word_1_237' title='bbox 366 2933 666 2990; x_wconf 88' lang='lat' dir='ltr'><strong>alternent</strong></span> <span class='ocrx_word' id='word_1_238' title='bbox 690 2951 703 2988; x_wconf 88' lang='lat'><strong>:</strong></span> <span class='ocrx_word' id='word_1_239' title='bbox 732 2934 867 3004; x_wconf 80' lang='lat' dir='ltr'><strong>quia</strong></span> <span class='ocrx_word' id='word_1_240' title='bbox 890 2938 944 2988; x_wconf 91' lang='lat' dir='ltr'><strong>et</strong></span> <span class='ocrx_word' id='word_1_241' title='bbox 966 2934 1210 2988; x_wconf 84' lang='lat' dir='ltr'><strong>mutatio</strong></span> <span class='ocrx_word' id='word_1_242' title='bbox 1234 2937 1704 3004; x_wconf 90' lang='lat' dir='ltr'><strong>personarum,et</strong></span> <span class='ocrx_word' id='word_1_243' title='bbox 1725 2931 1896 2986; x_wconf 88' lang='lat' dir='ltr'><strong>vicis-</strong></span> 
     </span>
    </p>
   </div>
   <div class='ocr_carea' id='block_1_33' title="bbox 234 3019 1900 3091">
    <p class='ocr_par' dir='ltr' id='par_1_33' title="bbox 234 3019 1900 3091">
     <span class='ocr_line' id='line_1_33' title="bbox 234 3019 1900 3091; baseline -0.002 -13"><span class='ocrx_word' id='word_1_244' title='bbox 234 3025 443 3079; x_wconf 83' lang='lat' dir='ltr'><strong>situdo</strong></span> <span class='ocrx_word' id='word_1_245' title='bbox 478 3022 949 3077; x_wconf 89' lang='lat' dir='ltr'><strong>convenientium</strong></span> <span class='ocrx_word' id='word_1_246' title='bbox 974 3021 1501 3076; x_wconf 88' lang='lat' dir='ltr'><strong>minuitinvidiam.</strong></span> <span class='ocrx_word' id='word_1_247' title='bbox 1520 3043 1550 3071; x_wconf 83' lang='lat'>»</span> <span class='ocrx_word' id='word_1_248' title='bbox 1574 3019 1900 3091; x_wconf 87' lang='lat' dir='ltr'><strong>Etepistola</strong></span> 
     </span>
    </p>
   </div>
   <div class='ocr_carea' id='block_1_34' title="bbox 238 3109 1897 3182">
    <p class='ocr_par' dir='ltr' id='par_1_34' title="bbox 238 3109 1897 3182">
     <span class='ocr_line' id='line_1_34' title="bbox 238 3109 1897 3182; baseline -0.002 -16"><span class='ocrx_word' id='word_1_249' title='bbox 238 3111 328 3182; x_wconf 83' lang='grc'><strong>12,</strong></span> <span class='ocrx_word' id='word_1_250' title='bbox 378 3112 457 3166; x_wconf 90' lang='lat' dir='ltr'><strong>ad</strong></span> <span class='ocrx_word' id='word_1_251' title='bbox 490 3110 730 3165; x_wconf 90' lang='lat' dir='ltr'><strong>Pamelii</strong></span> <span class='ocrx_word' id='word_1_252' title='bbox 764 3126 1030 3165; x_wconf 89' lang='lat' dir='ltr'><strong>nameros</strong></span> <span class='ocrx_word' id='word_1_253' title='bbox 1059 3109 1149 3175; x_wconf 85' lang='lat'><strong>37,</strong></span> <span class='ocrx_word' id='word_1_254' title='bbox 1182 3110 1253 3165; x_wconf 92' lang='lat' dir='ltr'><strong>de</strong></span> <span class='ocrx_word' id='word_1_255' title='bbox 1294 3109 1495 3165; x_wconf 89' lang='lat' dir='ltr'><strong>eodem</strong></span> <span class='ocrx_word' id='word_1_256' title='bbox 1554 3113 1897 3181; x_wconf 90' lang='lat' dir='ltr'><strong>argumento</strong></span> 
     </span>
    </p>
   </div>
   <div class='ocr_carea' id='block_1_35' title="bbox 1996 539 3645 617">
    <p class='ocr_par' dir='ltr' id='par_1_35' title="bbox 1996 539 3645 617">
     <span class='ocr_line' id='line_1_35' title="bbox 1996 539 3645 617; baseline 0.005 -23"><span class='ocrx_word' id='word_1_257' title='bbox 1996 542 2283 612; x_wconf 85' lang='lat' dir='ltr'><strong>martyres</strong></span> <span class='ocrx_word' id='word_1_258' title='bbox 2311 539 2802 614; x_wconf 87' lang='lat' dir='ltr'><strong>Carthaginenses</strong></span> <span class='ocrx_word' id='word_1_259' title='bbox 2849 542 3149 599; x_wconf 90' lang='lat' dir='ltr'><strong>Tertullus</strong></span> <span class='ocrx_word' id='word_1_260' title='bbox 3201 544 3353 617; x_wconf 87' lang='lat'><strong>(89):</strong></span> <span class='ocrx_word' id='word_1_261' title='bbox 3390 566 3417 595; x_wconf 85' lang='lat'><strong>«</strong></span> <span class='ocrx_word' id='word_1_262' title='bbox 3467 546 3645 601; x_wconf 89' lang='lat' dir='ltr'><strong>Euse-</strong></span> 
     </span>
    </p>
   </div>
   <div class='ocr_carea' id='block_1_36' title="bbox 1995 627 3647 703">
    <p class='ocr_par' dir='ltr' id='par_1_36' title="bbox 1995 627 3647 703">
     <span class='ocr_line' id='line_1_36' title="bbox 1995 627 3647 703; baseline 0.004 -19"><span class='ocrx_word' id='word_1_263' title='bbox 1995 627 2150 696; x_wconf 90' lang='lat' dir='ltr'><strong>bius,</strong></span> <span class='ocrx_word' id='word_1_264' title='bbox 2183 645 2356 701; x_wconf 88' lang='lat' dir='ltr'><strong>quem</strong></span> <span class='ocrx_word' id='word_1_265' title='bbox 2388 633 2540 686; x_wconf 89' lang='lat' dir='ltr'><strong>Deus</strong></span> <span class='ocrx_word' id='word_1_266' title='bbox 2564 630 2692 701; x_wconf 84' lang='lat' dir='ltr'><strong>jam</strong></span> <span class='ocrx_word' id='word_1_267' title='bbox 2725 631 2858 687; x_wconf 89' lang='lat' dir='ltr'><strong>inde</strong></span> <span class='ocrx_word' id='word_1_268' title='bbox 2892 632 2964 688; x_wconf 92' lang='lat' dir='ltr'><strong>ab</strong></span> <span class='ocrx_word' id='word_1_269' title='bbox 2995 631 3162 687; x_wconf 91' lang='lat' dir='ltr'><strong>initio</strong></span> <span class='ocrx_word' id='word_1_270' title='bbox 3192 632 3505 703; x_wconf 90' lang='lat' dir='ltr'><strong>roboravit,</strong></span> <span class='ocrx_word' id='word_1_271' title='bbox 3540 635 3647 691; x_wconf 89' lang='lat' dir='ltr'><strong>im-</strong></span> 
     </span>
    </p>
   </div>
   <div class='ocr_carea' id='block_1_37' title="bbox 1996 716 3647 792">
    <p class='ocr_par' dir='ltr' id='par_1_37' title="bbox 1996 716 3647 792">
     <span class='ocr_line' id='line_1_37' title="bbox 1996 716 3647 792; baseline 0.004 -20"><span class='ocrx_word' id='word_1_272' title='bbox 1996 716 2263 790; x_wconf 89' lang='lat' dir='ltr'><strong>pulitque</strong></span> <span class='ocrx_word' id='word_1_273' title='bbox 2293 721 2362 773; x_wconf 90' lang='lat' dir='ltr'><strong>ut</strong></span> <span class='ocrx_word' id='word_1_274' title='bbox 2392 719 2827 775; x_wconf 90' lang='lat' dir='ltr'><strong>confessoribus</strong></span> <span class='ocrx_word' id='word_1_275' title='bbox 2858 720 2917 774; x_wconf 92' lang='lat' dir='ltr'><strong>in</strong></span> <span class='ocrx_word' id='word_1_276' title='bbox 2949 720 3216 777; x_wconf 90' lang='lat' dir='ltr'><strong>custodia</strong></span> <span class='ocrx_word' id='word_1_277' title='bbox 3240 721 3448 792; x_wconf 90' lang='lat' dir='ltr'><strong>positis</strong></span> <span class='ocrx_word' id='word_1_278' title='bbox 3481 722 3647 779; x_wconf 87' lang='lat' dir='ltr'><strong>mini-</strong></span> 
     </span>
    </p>
   </div>
   <div class='ocr_carea' id='block_1_38' title="bbox 1995 805 3645 879">
    <p class='ocr_par' dir='ltr' id='par_1_38' title="bbox 1995 805 3645 879">
     <span class='ocr_line' id='line_1_38' title="bbox 1995 805 3645 879; baseline 0.002 -16"><span class='ocrx_word' id='word_1_279' title='bbox 1995 805 2172 863; x_wconf 86' lang='lat' dir='ltr'><strong>steria</strong></span> <span class='ocrx_word' id='word_1_280' title='bbox 2195 810 2431 862; x_wconf 89' lang='lat' dir='ltr'><strong>strenue</strong></span> <span class='ocrx_word' id='word_1_281' title='bbox 2459 807 2776 875; x_wconf 83' lang='lat' dir='ltr'><strong>exhiberet,</strong></span> <span class='ocrx_word' id='word_1_282' title='bbox 2812 813 2989 879; x_wconf 90' lang='lat' dir='ltr'><strong>utque</strong></span> <span class='ocrx_word' id='word_1_283' title='bbox 3008 813 3553 866; x_wconf 88' lang='lat' dir='ltr'><strong>consummatorum</strong></span> <span class='ocrx_word' id='word_1_284' title='bbox 3578 828 3645 868; x_wconf 88' lang='lat' dir='ltr'><strong>ac</strong></span> 
     </span>
    </p>
   </div>
   <div class='ocr_carea' id='block_1_39' title="bbox 1994 894 3641 970">
    <p class='ocr_par' dir='ltr' id='par_1_39' title="bbox 1994 894 3641 970">
     <span class='ocr_line' id='line_1_39' title="bbox 1994 894 3641 970; baseline 0.003 -21"><span class='ocrx_word' id='word_1_285' title='bbox 1994 894 2299 951; x_wconf 88' lang='lat' dir='ltr'><strong>beatorum</strong></span> <span class='ocrx_word' id='word_1_286' title='bbox 2334 900 2659 968; x_wconf 82' lang='lat' dir='ltr'><strong>martyrum</strong></span> <span class='ocrx_word' id='word_1_287' title='bbox 2690 896 2973 952; x_wconf 89' lang='lat' dir='ltr'><strong>cadavera</strong></span> <span class='ocrx_word' id='word_1_288' title='bbox 3002 914 3117 952; x_wconf 92' lang='lat' dir='ltr'><strong>non</strong></span> <span class='ocrx_word' id='word_1_289' title='bbox 3144 898 3270 953; x_wconf 90' lang='lat' dir='ltr'><strong>sine</strong></span> <span class='ocrx_word' id='word_1_290' title='bbox 3301 898 3507 970; x_wconf 88' lang='lat' dir='ltr'><strong>capitis</strong></span> <span class='ocrx_word' id='word_1_291' title='bbox 3548 901 3641 956; x_wconf 90' lang='lat' dir='ltr'><strong>sui</strong></span> 
     </span>
    </p>
   </div>
   <div class='ocr_carea' id='block_1_40' title="bbox 1994 983 3638 1056">
    <p class='ocr_par' dir='ltr' id='par_1_40' title="bbox 1994 983 3638 1056">
     <span class='ocr_line' id='line_1_40' title="bbox 1994 983 3638 1056; baseline 0.004 -18"><span class='ocrx_word' id='word_1_292' title='bbox 1994 983 2253 1056; x_wconf 90' lang='lat' dir='ltr'><strong>periculo</strong></span> <span class='ocrx_word' id='word_1_293' title='bbox 2284 984 2572 1055; x_wconf 89' lang='lat' dir='ltr'><strong>sepeliret.</strong></span> <span class='ocrx_word' id='word_1_294' title='bbox 2603 1007 2633 1034; x_wconf 84' lang='lat'>»</span> <span class='ocrx_word' id='word_1_295' title='bbox 2675 984 3075 1041; x_wconf 88' lang='lat' dir='ltr'><strong>Tertullianus</strong></span> <span class='ocrx_word' id='word_1_296' title='bbox 3124 990 3439 1056; x_wconf 87' lang='lat' dir='ltr'><strong>antequam</strong></span> <span class='ocrx_word' id='word_1_297' title='bbox 3472 1004 3535 1043; x_wconf 92' lang='lat' dir='ltr'><strong>se</strong></span> <span class='ocrx_word' id='word_1_298' title='bbox 3566 988 3638 1044; x_wconf 91' lang='lat' dir='ltr'><strong>ab</strong></span> 
     </span>
    </p>
   </div>
   <div class='ocr_carea' id='block_1_41' title="bbox 1994 1071 3639 1145">
    <p class='ocr_par' dir='ltr' id='par_1_41' title="bbox 1994 1071 3639 1145">
     <span class='ocr_line' id='line_1_41' title="bbox 1994 1071 3639 1145; baseline 0.004 -18"><span class='ocrx_word' id='word_1_299' title='bbox 1994 1071 2246 1127; x_wconf 88' lang='lat' dir='ltr'><strong>Ecclesia</strong></span> <span class='ocrx_word' id='word_1_300' title='bbox 2268 1073 2508 1129; x_wconf 90' lang='lat' dir='ltr'><strong>omnino</strong></span> <span class='ocrx_word' id='word_1_301' title='bbox 2523 1072 2935 1141; x_wconf 89' lang='lat' dir='ltr'><strong>abalienasset,</strong></span> <span class='ocrx_word' id='word_1_302' title='bbox 2960 1078 3016 1129; x_wconf 91' lang='lat' dir='ltr'><strong>et</strong></span> <span class='ocrx_word' id='word_1_303' title='bbox 3029 1073 3336 1145; x_wconf 89' lang='lat' dir='ltr'><strong>abruptius</strong></span> <span class='ocrx_word' id='word_1_304' title='bbox 3360 1076 3639 1133; x_wconf 88' lang='lat' dir='ltr'><strong>adversus</strong></span> 
     </span>
    </p>
   </div>
   <div class='ocr_carea' id='block_1_42' title="bbox 1996 1160 3639 1234">
    <p class='ocr_par' dir='ltr' id='par_1_42' title="bbox 1996 1160 3639 1234">
     <span class='ocr_line' id='line_1_42' title="bbox 1996 1160 3639 1234; baseline 0.003 -19"><span class='ocrx_word' id='word_1_305' title='bbox 1996 1175 2122 1215; x_wconf 89' lang='lat' dir='ltr'><strong>eam</strong></span> <span class='ocrx_word' id='word_1_306' title='bbox 2150 1160 2453 1233; x_wconf 88' lang='lat' dir='ltr'><strong>disputare</strong></span> <span class='ocrx_word' id='word_1_307' title='bbox 2485 1161 2774 1234; x_wconf 82' lang='lat' dir='ltr'><strong>capisset,</strong></span> <span class='ocrx_word' id='word_1_308' title='bbox 2806 1161 2865 1216; x_wconf 91' lang='lat' dir='ltr'><strong>in</strong></span> <span class='ocrx_word' id='word_1_309' title='bbox 2895 1162 3041 1217; x_wconf 89' lang='lat' dir='ltr'><strong>libro</strong></span> <span class='ocrx_word' id='word_1_310' title='bbox 3072 1163 3142 1217; x_wconf 84' lang='lat' dir='ltr'><strong>ad</strong></span> <span class='ocrx_word' id='word_1_311' title='bbox 3172 1162 3433 1233; x_wconf 77' lang='lat' dir='ltr'><strong>Martyres</strong></span> <span class='ocrx_word' id='word_1_312' title='bbox 3474 1165 3639 1234; x_wconf 88' lang='lat' dir='ltr'><strong>ejus-</strong></span> 
     </span>
    </p>
   </div>
   <div class='ocr_carea' id='block_1_43' title="bbox 1996 1248 3640 1308">
    <p class='ocr_par' dir='ltr' id='par_1_43' title="bbox 1996 1248 3640 1308">
     <span class='ocr_line' id='line_1_43' title="bbox 1996 1248 3640 1308; baseline 0.002 -5"><span class='ocrx_word' id='word_1_313' title='bbox 1996 1248 2128 1303; x_wconf 90' lang='lat' dir='ltr'><strong>dem</strong></span> <span class='ocrx_word' id='word_1_314' title='bbox 2160 1248 2342 1305; x_wconf 90' lang='lat' dir='ltr'><strong>moris</strong></span> <span class='ocrx_word' id='word_1_315' title='bbox 2374 1266 2508 1305; x_wconf 89' lang='lat' dir='ltr'><strong>cum</strong></span> <span class='ocrx_word' id='word_1_316' title='bbox 2539 1249 2712 1305; x_wconf 91' lang='lat' dir='ltr'><strong>laude</strong></span> <span class='ocrx_word' id='word_1_317' title='bbox 2743 1249 3010 1306; x_wconf 90' lang='lat' dir='ltr'><strong>meminit</strong></span> <span class='ocrx_word' id='word_1_318' title='bbox 3039 1268 3051 1306; x_wconf 91' lang='lat'>:</span> <span class='ocrx_word' id='word_1_319' title='bbox 3084 1251 3294 1306; x_wconf 84' lang='lat' dir='ltr'><strong>«Inter</strong></span> <span class='ocrx_word' id='word_1_320' title='bbox 3323 1252 3517 1308; x_wconf 90' lang='lat' dir='ltr'><strong>carnis</strong></span> <span class='ocrx_word' id='word_1_321' title='bbox 3538 1251 3640 1308; x_wconf 90' lang='lat' dir='ltr'><strong>ali-</strong></span> 
     </span>
    </p>
   </div>
   <div class='ocr_carea' id='block_1_44' title="bbox 1995 1337 3639 1411">
    <p class='ocr_par' dir='ltr' id='par_1_44' title="bbox 1995 1337 3639 1411">
     <span class='ocr_line' id='line_1_44' title="bbox 1995 1337 3639 1411; baseline 0.002 -19"><span class='ocrx_word' id='word_1_322' title='bbox 1995 1340 2214 1404; x_wconf 88' lang='lat' dir='ltr'><strong>menta,</strong></span> <span class='ocrx_word' id='word_1_323' title='bbox 2246 1337 2533 1393; x_wconf 88' lang='lat' dir='ltr'><strong>benedicti</strong></span> <span class='ocrx_word' id='word_1_324' title='bbox 2566 1341 2850 1411; x_wconf 88' lang='lat' dir='ltr'><strong>martyres</strong></span> <span class='ocrx_word' id='word_1_325' title='bbox 2878 1338 3187 1411; x_wconf 86' lang='lat' dir='ltr'><strong>designati,</strong></span> <span class='ocrx_word' id='word_1_326' title='bbox 3220 1355 3346 1411; x_wconf 89' lang='lat' dir='ltr'><strong>qua</strong></span> <span class='ocrx_word' id='word_1_327' title='bbox 3385 1339 3550 1396; x_wconf 88' lang='lat' dir='ltr'><strong>vobis</strong></span> <span class='ocrx_word' id='word_1_328' title='bbox 3581 1344 3639 1396; x_wconf 92' lang='lat' dir='ltr'><strong>et</strong></span> 
     </span>
    </p>
   </div>
   <div class='ocr_carea' id='block_1_45' title="bbox 1996 1426 3639 1501">
    <p class='ocr_par' dir='ltr' id='par_1_45' title="bbox 1996 1426 3639 1501">
     <span class='ocr_line' id='line_1_45' title="bbox 1996 1426 3639 1501; baseline 0.002 -21"><span class='ocrx_word' id='word_1_329' title='bbox 1996 1426 2235 1483; x_wconf 88' lang='lat' dir='ltr'><strong>domina</strong></span> <span class='ocrx_word' id='word_1_330' title='bbox 2264 1431 2452 1482; x_wconf 88' lang='lat' dir='ltr'><strong>mater</strong></span> <span class='ocrx_word' id='word_1_331' title='bbox 2484 1426 2736 1484; x_wconf 88' lang='lat' dir='ltr'><strong>Ecclesia</strong></span> <span class='ocrx_word' id='word_1_332' title='bbox 2766 1429 2836 1483; x_wconf 91' lang='lat' dir='ltr'><strong>de</strong></span> <span class='ocrx_word' id='word_1_333' title='bbox 2867 1428 3146 1485; x_wconf 88' lang='lat' dir='ltr'><strong>uberibus</strong></span> <span class='ocrx_word' id='word_1_334' title='bbox 3177 1428 3302 1484; x_wconf 89' lang='lat' dir='ltr'><strong>suis</strong></span> <span class='ocrx_word' id='word_1_335' title='bbox 3334 1432 3390 1484; x_wconf 86' lang='lat' dir='ltr'><strong>et</strong></span> <span class='ocrx_word' id='word_1_336' title='bbox 3419 1427 3639 1501; x_wconf 89' lang='lat' dir='ltr'><strong>singuli</strong></span> 
     </span>
    </p>
   </div>
   <div class='ocr_carea' id='block_1_46' title="bbox 1998 1515 3640 1588">
    <p class='ocr_par' dir='ltr' id='par_1_46' title="bbox 1998 1515 3640 1588">
     <span class='ocr_line' id='line_1_46' title="bbox 1998 1515 3640 1588; baseline 0.002 -18"><span class='ocrx_word' id='word_1_337' title='bbox 1998 1515 2204 1571; x_wconf 84' lang='lat' dir='ltr'><strong>fratres</strong></span> <span class='ocrx_word' id='word_1_338' title='bbox 2217 1517 2288 1571; x_wconf 90' lang='lat' dir='ltr'><strong>de</strong></span> <span class='ocrx_word' id='word_1_339' title='bbox 2300 1516 2507 1588; x_wconf 90' lang='lat' dir='ltr'><strong>epibus</strong></span> <span class='ocrx_word' id='word_1_340' title='bbox 2522 1517 2645 1571; x_wconf 90' lang='lat' dir='ltr'><strong>suis</strong></span> <span class='ocrx_word' id='word_1_341' title='bbox 2666 1515 2911 1587; x_wconf 91' lang='lat' dir='ltr'><strong>prepriis</strong></span> <span class='ocrx_word' id='word_1_342' title='bbox 2934 1517 2993 1571; x_wconf 91' lang='lat' dir='ltr'><strong>in</strong></span> <span class='ocrx_word' id='word_1_343' title='bbox 3013 1533 3302 1573; x_wconf 90' lang='lat' dir='ltr'><strong>carcerem</strong></span> <span class='ocrx_word' id='word_1_344' title='bbox 3316 1516 3640 1573; x_wconf 88' lang='lat' dir='ltr'><strong>subminis-</strong></span> 
     </span>
    </p>
   </div>
   <div class='ocr_carea' id='block_1_47' title="bbox 1996 1605 3639 1677">
    <p class='ocr_par' dir='ltr' id='par_1_47' title="bbox 1996 1605 3639 1677">
     <span class='ocr_line' id='line_1_47' title="bbox 1996 1605 3639 1677; baseline 0.001 -17"><span class='ocrx_word' id='word_1_345' title='bbox 1996 1607 2175 1674; x_wconf 87' lang='lat' dir='ltr'><strong>trant,</strong></span> <span class='ocrx_word' id='word_1_346' title='bbox 2228 1606 2414 1676; x_wconf 89' lang='lat' dir='ltr'><strong>capite</strong></span> <span class='ocrx_word' id='word_1_347' title='bbox 2454 1606 2609 1660; x_wconf 77' lang='lat'><strong>164</strong></span> <span class='ocrx_word' id='word_1_348' title='bbox 2658 1606 3049 1661; x_wconf 90' lang='lat' dir='ltr'><strong>educandum.</strong></span> <span class='ocrx_word' id='word_1_349' title='bbox 3108 1609 3352 1661; x_wconf 89' lang='lat' dir='ltr'><strong>Carnem</strong></span> <span class='ocrx_word' id='word_1_350' title='bbox 3412 1605 3639 1677; x_wconf 86' lang='lat' dir='ltr'><strong>sagina-</strong></span> 
     </span>
    </p>
   </div>
   <div class='ocr_carea' id='block_1_48' title="bbox 1995 1693 3642 1766">
    <p class='ocr_par' dir='ltr' id='par_1_48' title="bbox 1995 1693 3642 1766">
     <span class='ocr_line' id='line_1_48' title="bbox 1995 1693 3642 1766; baseline 0.001 -18"><span class='ocrx_word' id='word_1_351' title='bbox 1995 1693 2069 1759; x_wconf 87' lang='lat' dir='ltr'><strong>ri,</strong></span> <span class='ocrx_word' id='word_1_352' title='bbox 2099 1697 2157 1748; x_wconf 92' lang='lat' dir='ltr'><strong>et</strong></span> <span class='ocrx_word' id='word_1_353' title='bbox 2186 1693 2457 1764; x_wconf 90' lang='lat' dir='ltr'><strong>spiritum</strong></span> <span class='ocrx_word' id='word_1_354' title='bbox 2476 1694 3096 1765; x_wconf 88' lang='lat' dir='ltr'><strong>esurirenonprodest.</strong></span> <span class='ocrx_word' id='word_1_355' title='bbox 3125 1716 3154 1743; x_wconf 84' lang='grc'>»</span> <span class='ocrx_word' id='word_1_356' title='bbox 3180 1693 3642 1766; x_wconf 83' lang='lat' dir='ltr'><strong>Etinfra,eapite</strong></span> 
     </span>
    </p>
   </div>
   <div class='ocr_carea' id='block_1_49' title="bbox 1994 1782 3643 1854">
    <p class='ocr_par' dir='ltr' id='par_1_49' title="bbox 1994 1782 3643 1854">
     <span class='ocr_line' id='line_1_49' title="bbox 1994 1782 3643 1854; baseline 0 -17"><span class='ocrx_word' id='word_1_357' title='bbox 1994 1782 2251 1838; x_wconf 90' lang='lat' dir='ltr'><strong>secundo</strong></span> <span class='ocrx_word' id='word_1_358' title='bbox 2274 1797 2288 1838; x_wconf 89' lang='lat'><strong>:</strong></span> <span class='ocrx_word' id='word_1_359' title='bbox 2313 1806 2341 1832; x_wconf 90' lang='grc'><strong>‹‹</strong></span> <span class='ocrx_word' id='word_1_360' title='bbox 2364 1783 2556 1854; x_wconf 88' lang='lat' dir='ltr'><strong>Ipsam</strong></span> <span class='ocrx_word' id='word_1_361' title='bbox 2578 1782 2812 1838; x_wconf 88' lang='lat' dir='ltr'><strong>interim</strong></span> <span class='ocrx_word' id='word_1_362' title='bbox 2846 1783 3347 1839; x_wconf 88' lang='lat' dir='ltr'><strong>conversationem</strong></span> <span class='ocrx_word' id='word_1_363' title='bbox 3370 1783 3567 1839; x_wconf 72' lang='lat' dir='ltr'><strong>saeculi</strong></span> <span class='ocrx_word' id='word_1_364' title='bbox 3585 1786 3643 1837; x_wconf 88' lang='lat' dir='ltr'><strong>et</strong></span> 
     </span>
    </p>
   </div>
   <div class='ocr_carea' id='block_1_50' title="bbox 1995 1869 3641 1943">
    <p class='ocr_par' dir='ltr' id='par_1_50' title="bbox 1995 1869 3641 1943">
     <span class='ocr_line' id='line_1_50' title="bbox 1995 1869 3641 1943; baseline 0 -18"><span class='ocrx_word' id='word_1_365' title='bbox 1995 1871 2245 1927; x_wconf 89' lang='lat' dir='ltr'><strong>carceris</strong></span> <span class='ocrx_word' id='word_1_366' title='bbox 2275 1887 2706 1943; x_wconf 88' lang='lat' dir='ltr'><strong>comparemus,</strong></span> <span class='ocrx_word' id='word_1_367' title='bbox 2740 1870 2789 1926; x_wconf 90' lang='lat' dir='ltr'><strong>si</strong></span> <span class='ocrx_word' id='word_1_368' title='bbox 2824 1888 2937 1927; x_wconf 92' lang='lat' dir='ltr'><strong>non</strong></span> <span class='ocrx_word' id='word_1_369' title='bbox 2971 1870 3101 1943; x_wconf 92' lang='lat' dir='ltr'><strong>plus</strong></span> <span class='ocrx_word' id='word_1_370' title='bbox 3135 1870 3193 1926; x_wconf 90' lang='lat' dir='ltr'><strong>in</strong></span> <span class='ocrx_word' id='word_1_371' title='bbox 3219 1886 3447 1927; x_wconf 88' lang='lat' dir='ltr'><strong>carcere</strong></span> <span class='ocrx_word' id='word_1_372' title='bbox 3470 1869 3641 1942; x_wconf 89' lang='lat' dir='ltr'><strong>spiri-</strong></span> 
     </span>
    </p>
   </div>
   <div class='ocr_carea' id='block_1_51' title="bbox 1994 1959 3645 2031">
    <p class='ocr_par' dir='ltr' id='par_1_51' title="bbox 1994 1959 3645 2031">
     <span class='ocr_line' id='line_1_51' title="bbox 1994 1959 3645 2031; baseline 0 -16"><span class='ocrx_word' id='word_1_373' title='bbox 1994 1963 2090 2015; x_wconf 89' lang='lat' dir='ltr'>tus</span> <span class='ocrx_word' id='word_1_374' title='bbox 2117 1959 2384 2031; x_wconf 89' lang='lat' dir='ltr'><strong>acquirit,</strong></span> <span class='ocrx_word' id='word_1_375' title='bbox 2417 1976 2595 2031; x_wconf 89' lang='lat' dir='ltr'><strong>quam</strong></span> <span class='ocrx_word' id='word_1_376' title='bbox 2627 1975 2758 2015; x_wconf 88' lang='lat' dir='ltr'><strong>caro</strong></span> <span class='ocrx_word' id='word_1_377' title='bbox 2790 1959 3043 2028; x_wconf 90' lang='lat' dir='ltr'><strong>amittit;</strong></span> <span class='ocrx_word' id='word_1_378' title='bbox 3079 1961 3195 2016; x_wconf 90' lang='lat' dir='ltr'><strong>imo</strong></span> <span class='ocrx_word' id='word_1_379' title='bbox 3225 1964 3283 2015; x_wconf 91' lang='lat' dir='ltr'><strong>et</strong></span> <span class='ocrx_word' id='word_1_380' title='bbox 3327 1976 3457 2031; x_wconf 81' lang='lat' dir='ltr'><strong>qua</strong></span> <span class='ocrx_word' id='word_1_381' title='bbox 3482 1959 3645 2030; x_wconf 88' lang='lat' dir='ltr'><strong>justa</strong></span> 
     </span>
    </p>
   </div>
   <div class='ocr_carea' id='block_1_52' title="bbox 1996 2047 3642 2120">
    <p class='ocr_par' dir='ltr' id='par_1_52' title="bbox 1996 2047 3642 2120">
     <span class='ocr_line' id='line_1_52' title="bbox 1996 2047 3642 2120; baseline 0.001 -17"><span class='ocrx_word' id='word_1_382' title='bbox 1996 2052 2156 2113; x_wconf 91' lang='lat' dir='ltr'><strong>sunt,</strong></span> <span class='ocrx_word' id='word_1_383' title='bbox 2188 2064 2320 2103; x_wconf 91' lang='lat' dir='ltr'><strong>caro</strong></span> <span class='ocrx_word' id='word_1_384' title='bbox 2354 2064 2467 2102; x_wconf 91' lang='lat' dir='ltr'><strong>non</strong></span> <span class='ocrx_word' id='word_1_385' title='bbox 2501 2047 2717 2103; x_wconf 88' lang='lat' dir='ltr'><strong>amittit</strong></span> <span class='ocrx_word' id='word_1_386' title='bbox 2745 2062 2850 2120; x_wconf 93' lang='lat' dir='ltr'><strong>per</strong></span> <span class='ocrx_word' id='word_1_387' title='bbox 2878 2064 3076 2104; x_wconf 90' lang='lat' dir='ltr'><strong>curam</strong></span> <span class='ocrx_word' id='word_1_388' title='bbox 3108 2047 3375 2104; x_wconf 89' lang='lat' dir='ltr'><strong>Ecclesia</strong></span> <span class='ocrx_word' id='word_1_389' title='bbox 3406 2052 3462 2105; x_wconf 92' lang='lat' dir='ltr'><strong>et</strong></span> <span class='ocrx_word' id='word_1_390' title='bbox 3502 2063 3642 2120; x_wconf 85' lang='lat' dir='ltr'><strong>aga-</strong></span> 
     </span>
    </p>
   </div>
   <div class='ocr_carea' id='block_1_53' title="bbox 1996 2135 3645 2208">
    <p class='ocr_par' dir='ltr' id='par_1_53' title="bbox 1996 2135 3645 2208">
     <span class='ocr_line' id='line_1_53' title="bbox 1996 2135 3645 2208; baseline -0.001 -16"><span class='ocrx_word' id='word_1_391' title='bbox 1996 2150 2108 2208; x_wconf 87' lang='lat' dir='ltr'><strong>pen</strong></span> <span class='ocrx_word' id='word_1_392' title='bbox 2142 2137 2411 2192; x_wconf 83' lang='lat' dir='ltr'><strong>fratrum.</strong></span> <span class='ocrx_word' id='word_1_393' title='bbox 2447 2158 2473 2185; x_wconf 80' lang='lat' dir='ltr'>n</span> <span class='ocrx_word' id='word_1_394' title='bbox 2506 2137 2615 2191; x_wconf 91' lang='lat' dir='ltr'><strong>Sed</strong></span> <span class='ocrx_word' id='word_1_395' title='bbox 2640 2140 2951 2208; x_wconf 88' lang='lat' dir='ltr'><strong>postquam</strong></span> <span class='ocrx_word' id='word_1_396' title='bbox 2984 2152 3112 2192; x_wconf 88' lang='lat' dir='ltr'><strong>sese</strong></span> <span class='ocrx_word' id='word_1_397' title='bbox 3133 2152 3375 2208; x_wconf 91' lang='lat' dir='ltr'><strong>prorsus</strong></span> <span class='ocrx_word' id='word_1_398' title='bbox 3398 2138 3456 2191; x_wconf 92' lang='lat' dir='ltr'><strong>in</strong></span> <span class='ocrx_word' id='word_1_399' title='bbox 3476 2135 3645 2192; x_wconf 87' lang='lat' dir='ltr'><strong>disci-</strong></span> 
     </span>
    </p>
   </div>
   <div class='ocr_carea' id='block_1_54' title="bbox 1996 2224 3644 2297">
    <p class='ocr_par' dir='ltr' id='par_1_54' title="bbox 1996 2224 3644 2297">
     <span class='ocr_line' id='line_1_54' title="bbox 1996 2224 3644 2297; baseline 0.001 -18"><span class='ocrx_word' id='word_1_400' title='bbox 1996 2225 2218 2297; x_wconf 90' lang='lat' dir='ltr'><strong>plinam</strong></span> <span class='ocrx_word' id='word_1_401' title='bbox 2254 2224 2512 2281; x_wconf 85' lang='lat' dir='ltr'><strong>Montani</strong></span> <span class='ocrx_word' id='word_1_402' title='bbox 2546 2225 2810 2281; x_wconf 79' lang='lat' dir='ltr'><strong>tradidit&#39;</strong></span> <span class='ocrx_word' id='word_1_403' title='bbox 2845 2230 2902 2281; x_wconf 89' lang='lat' dir='ltr'><strong>et</strong></span> <span class='ocrx_word' id='word_1_404' title='bbox 2930 2225 3198 2281; x_wconf 88' lang='lat' dir='ltr'><strong>acerbius</strong></span> <span class='ocrx_word' id='word_1_405' title='bbox 3222 2230 3395 2296; x_wconf 91' lang='lat' dir='ltr'><strong>atque</strong></span> <span class='ocrx_word' id='word_1_406' title='bbox 3422 2225 3644 2281; x_wconf 88' lang='lat' dir='ltr'><strong>invere-</strong></span> 
     </span>
    </p>
   </div>
   <div class='ocr_carea' id='block_1_55' title="bbox 1998 2311 3644 2384">
    <p class='ocr_par' dir='ltr' id='par_1_55' title="bbox 1998 2311 3644 2384">
     <span class='ocr_line' id='line_1_55' title="bbox 1998 2311 3644 2384; baseline -0.001 -16"><span class='ocrx_word' id='word_1_407' title='bbox 1998 2313 2248 2368; x_wconf 90' lang='lat' dir='ltr'><strong>cundius</strong></span> <span class='ocrx_word' id='word_1_408' title='bbox 2278 2329 2413 2368; x_wconf 90' lang='lat' dir='ltr'><strong>cum</strong></span> <span class='ocrx_word' id='word_1_409' title='bbox 2444 2312 2758 2369; x_wconf 89' lang='lat' dir='ltr'><strong>Catholicis</strong></span> <span class='ocrx_word' id='word_1_410' title='bbox 2800 2329 3000 2384; x_wconf 86' lang='lat' dir='ltr'><strong>gerere</strong></span> <span class='ocrx_word' id='word_1_411' title='bbox 3057 2312 3391 2368; x_wconf 88' lang='lat' dir='ltr'><strong>simultates</strong></span> <span class='ocrx_word' id='word_1_412' title='bbox 3448 2311 3644 2384; x_wconf 79' lang='lat' dir='ltr'><strong>capit,</strong></span> 
     </span>
    </p>
   </div>
   <div class='ocr_carea' id='block_1_56' title="bbox 1997 2400 3647 2473">
    <p class='ocr_par' dir='ltr' id='par_1_56' title="bbox 1997 2400 3647 2473">
     <span class='ocr_line' id='line_1_56' title="bbox 1997 2400 3647 2473; baseline -0.001 -16"><span class='ocrx_word' id='word_1_413' title='bbox 1997 2406 2124 2457; x_wconf 90' lang='lat' dir='ltr'><strong>tum</strong></span> <span class='ocrx_word' id='word_1_414' title='bbox 2156 2401 2426 2458; x_wconf 85' lang='lat' dir='ltr'><strong>Ecclesia</strong></span> <span class='ocrx_word' id='word_1_415' title='bbox 2471 2417 2610 2472; x_wconf 89' lang='lat' dir='ltr'><strong>erga</strong></span> <span class='ocrx_word' id='word_1_416' title='bbox 2657 2402 3020 2458; x_wconf 83' lang='lat' dir='ltr'><strong>confessores</strong></span> <span class='ocrx_word' id='word_1_417' title='bbox 3073 2400 3418 2457; x_wconf 86' lang='lat' dir='ltr'><strong>ebaritatem</strong></span> <span class='ocrx_word' id='word_1_418' title='bbox 3477 2401 3647 2473; x_wconf 92' lang='lat' dir='ltr'><strong>longe</strong></span> 
     </span>
    </p>
   </div>
   <div class='ocr_carea' id='block_1_57' title="bbox 2000 2489 3646 2563">
    <p class='ocr_par' dir='ltr' id='par_1_57' title="bbox 2000 2489 3646 2563">
     <span class='ocr_line' id='line_1_57' title="bbox 2000 2489 3646 2563; baseline -0.001 -18"><span class='ocrx_word' id='word_1_419' title='bbox 2000 2506 2178 2563; x_wconf 84' lang='lat' dir='ltr'><strong>quam</strong></span> <span class='ocrx_word' id='word_1_420' title='bbox 2196 2490 2488 2546; x_wconf 91' lang='lat' dir='ltr'><strong>Lucianus</strong></span> <span class='ocrx_word' id='word_1_421' title='bbox 2509 2489 2859 2545; x_wconf 90' lang='lat' dir='ltr'><strong>invidiosius</strong></span> <span class='ocrx_word' id='word_1_422' title='bbox 2878 2490 3137 2545; x_wconf 88' lang='lat' dir='ltr'><strong>traduxit</strong></span> <span class='ocrx_word' id='word_1_423' title='bbox 3157 2507 3171 2557; x_wconf 90' lang='lat'><strong>;</strong></span> <span class='ocrx_word' id='word_1_424' title='bbox 3194 2494 3318 2545; x_wconf 92' lang='lat' dir='ltr'><strong>tum</strong></span> <span class='ocrx_word' id='word_1_425' title='bbox 3344 2506 3469 2561; x_wconf 84' lang='lat' dir='ltr'><strong>qua</strong></span> <span class='ocrx_word' id='word_1_426' title='bbox 3483 2489 3646 2544; x_wconf 85' lang='lat' dir='ltr'><strong>Chri-</strong></span> 
     </span>
    </p>
   </div>
   <div class='ocr_carea' id='block_1_58' title="bbox 1998 2577 3651 2635">
    <p class='ocr_par' dir='ltr' id='par_1_58' title="bbox 1998 2577 3651 2635">
     <span class='ocr_line' id='line_1_58' title="bbox 1998 2577 3651 2635; baseline -0.001 0"><span class='ocrx_word' id='word_1_427' title='bbox 1998 2578 2205 2635; x_wconf 89' lang='lat' dir='ltr'><strong>stianis</strong></span> <span class='ocrx_word' id='word_1_428' title='bbox 2218 2579 2581 2635; x_wconf 90' lang='lat' dir='ltr'><strong>observanda</strong></span> <span class='ocrx_word' id='word_1_429' title='bbox 2596 2577 2812 2634; x_wconf 90' lang='lat' dir='ltr'><strong>foretin</strong></span> <span class='ocrx_word' id='word_1_430' title='bbox 2828 2577 3076 2634; x_wconf 92' lang='lat' dir='ltr'><strong>vinculis</strong></span> <span class='ocrx_word' id='word_1_431' title='bbox 3089 2578 3651 2634; x_wconf 84' lang='lat' dir='ltr'><strong>exMontanistarum</strong></span> 
     </span>
    </p>
   </div>
   <div class='ocr_carea' id='block_1_59' title="bbox 2000 2667 3653 2741">
    <p class='ocr_par' dir='ltr' id='par_1_59' title="bbox 2000 2667 3653 2741">
     <span class='ocr_line' id='line_1_59' title="bbox 2000 2667 3653 2741; baseline 0.001 -19"><span class='ocrx_word' id='word_1_432' title='bbox 2000 2668 2231 2741; x_wconf 89' lang='lat' dir='ltr'><strong>legibus</strong></span> <span class='ocrx_word' id='word_1_433' title='bbox 2258 2673 2315 2723; x_wconf 89' lang='lat' dir='ltr'><strong>et</strong></span> <span class='ocrx_word' id='word_1_434' title='bbox 2345 2667 2636 2723; x_wconf 89' lang='lat' dir='ltr'><strong>institutis</strong></span> <span class='ocrx_word' id='word_1_435' title='bbox 2666 2667 2854 2723; x_wconf 90' lang='lat' dir='ltr'><strong>victus</strong></span> <span class='ocrx_word' id='word_1_436' title='bbox 2885 2672 2942 2724; x_wconf 91' lang='lat' dir='ltr'><strong>et</strong></span> <span class='ocrx_word' id='word_1_437' title='bbox 2982 2667 3305 2739; x_wconf 90' lang='lat' dir='ltr'><strong>disciplina</strong></span> <span class='ocrx_word' id='word_1_438' title='bbox 3351 2667 3653 2734; x_wconf 89' lang='lat' dir='ltr'><strong>severitas,</strong></span> 
     </span>
    </p>
   </div>
   <div class='ocr_carea' id='block_1_60' title="bbox 2001 2755 3655 2828">
    <p class='ocr_par' dir='ltr' id='par_1_60' title="bbox 2001 2755 3655 2828">
     <span class='ocr_line' id='line_1_60' title="bbox 2001 2755 3655 2828; baseline -0.001 -16"><span class='ocrx_word' id='word_1_439' title='bbox 2001 2756 2095 2812; x_wconf 87' lang='lat' dir='ltr'><strong>his</strong></span> <span class='ocrx_word' id='word_1_440' title='bbox 2128 2757 2184 2812; x_wconf 89' lang='lat' dir='ltr'><strong>in</strong></span> <span class='ocrx_word' id='word_1_441' title='bbox 2220 2757 2366 2812; x_wconf 92' lang='lat' dir='ltr'><strong>libre</strong></span> <span class='ocrx_word' id='word_1_442' title='bbox 2393 2755 2460 2811; x_wconf 83' lang='lat' dir='ltr'><strong>de</strong></span> <span class='ocrx_word' id='word_1_443' title='bbox 2488 2756 2726 2827; x_wconf 78' lang='lat' dir='ltr'><strong>Jejuniz’s</strong></span> <span class='ocrx_word' id='word_1_444' title='bbox 2755 2756 2948 2811; x_wconf 90' lang='lat' dir='ltr'><strong>verbis</strong></span> <span class='ocrx_word' id='word_1_445' title='bbox 2980 2755 3251 2827; x_wconf 86' lang='lat' dir='ltr'><strong>exposuit</strong></span> <span class='ocrx_word' id='word_1_446' title='bbox 3280 2756 3391 2828; x_wconf 89' lang='lat'><strong>(90)</strong></span> <span class='ocrx_word' id='word_1_447' title='bbox 3418 2771 3430 2809; x_wconf 89' lang='lat'>:</span> <span class='ocrx_word' id='word_1_448' title='bbox 3467 2778 3495 2807; x_wconf 85' lang='grc'><strong>‹‹</strong></span> <span class='ocrx_word' id='word_1_449' title='bbox 3518 2756 3655 2811; x_wconf 88' lang='lat' dir='ltr'><strong>Pla-</strong></span> 
     </span>
    </p>
   </div>
   <div class='ocr_carea' id='block_1_61' title="bbox 2005 2842 3654 2916">
    <p class='ocr_par' dir='ltr' id='par_1_61' title="bbox 2005 2842 3654 2916">
     <span class='ocr_line' id='line_1_61' title="bbox 2005 2842 3654 2916; baseline -0.001 -15"><span class='ocrx_word' id='word_1_450' title='bbox 2005 2861 2077 2901; x_wconf 91' lang='lat' dir='ltr'><strong>ne</strong></span> <span class='ocrx_word' id='word_1_451' title='bbox 2119 2848 2379 2901; x_wconf 89' lang='lat' dir='ltr'><strong>vestrum</strong></span> <span class='ocrx_word' id='word_1_452' title='bbox 2430 2848 2537 2912; x_wconf 92' lang='lat' dir='ltr'><strong>est,</strong></span> <span class='ocrx_word' id='word_1_453' title='bbox 2572 2845 2631 2899; x_wconf 89' lang='lat' dir='ltr'><strong>in</strong></span> <span class='ocrx_word' id='word_1_454' title='bbox 2690 2844 3022 2900; x_wconf 90' lang='lat' dir='ltr'><strong>carceribus</strong></span> <span class='ocrx_word' id='word_1_455' title='bbox 3090 2844 3337 2916; x_wconf 90' lang='lat' dir='ltr'><strong>popinas</strong></span> <span class='ocrx_word' id='word_1_456' title='bbox 3383 2842 3654 2900; x_wconf 84' lang='lat' dir='ltr'><strong>exhibere</strong></span> 
     </span>
    </p>
   </div>
   <div class='ocr_carea' id='block_1_62' title="bbox 2008 2932 3654 3005">
    <p class='ocr_par' dir='ltr' id='par_1_62' title="bbox 2008 2932 3654 3005">
     <span class='ocr_line' id='line_1_62' title="bbox 2008 2932 3654 3005; baseline -0.001 -15"><span class='ocrx_word' id='word_1_457' title='bbox 2008 2933 2359 3005; x_wconf 85' lang='lat' dir='ltr'><strong>martyribus</strong></span> <span class='ocrx_word' id='word_1_458' title='bbox 2388 2932 2649 2999; x_wconf 87' lang='lat' dir='ltr'><strong>incertis,</strong></span> <span class='ocrx_word' id='word_1_459' title='bbox 2681 2948 2753 2988; x_wconf 90' lang='lat' dir='ltr'><strong>ne</strong></span> <span class='ocrx_word' id='word_1_460' title='bbox 2784 2933 3267 2988; x_wconf 89' lang='lat' dir='ltr'><strong>consuetudinem</strong></span> <span class='ocrx_word' id='word_1_461' title='bbox 3288 2934 3654 3003; x_wconf 87' lang='lat' dir='ltr'><strong>quarant,ne</strong></span> 
     </span>
    </p>
   </div>
   <div class='ocr_carea' id='block_1_63' title="bbox 2008 3019 3656 3093">
    <p class='ocr_par' dir='ltr' id='par_1_63' title="bbox 2008 3019 3656 3093">
     <span class='ocr_line' id='line_1_63' title="bbox 2008 3019 3656 3093; baseline -0.001 -16"><span class='ocrx_word' id='word_1_462' title='bbox 2008 3023 2218 3077; x_wconf 85' lang='lat' dir='ltr'><strong>tadeat</strong></span> <span class='ocrx_word' id='word_1_463' title='bbox 2230 3022 2382 3092; x_wconf 88' lang='lat' dir='ltr'><strong>vita,</strong></span> <span class='ocrx_word' id='word_1_464' title='bbox 2398 3038 2469 3077; x_wconf 92' lang='lat' dir='ltr'><strong>ne</strong></span> <span class='ocrx_word' id='word_1_465' title='bbox 2484 3039 2630 3078; x_wconf 89' lang='lat' dir='ltr'><strong>nova</strong></span> <span class='ocrx_word' id='word_1_466' title='bbox 2651 3021 3021 3077; x_wconf 88' lang='lat' dir='ltr'><strong>abstinentia</strong></span> <span class='ocrx_word' id='word_1_467' title='bbox 3040 3020 3350 3093; x_wconf 89' lang='lat' dir='ltr'><strong>disciplina</strong></span> <span class='ocrx_word' id='word_1_468' title='bbox 3371 3019 3656 3077; x_wconf 87' lang='lat' dir='ltr'><strong>scandali-</strong></span> 
     </span>
    </p>
   </div>
   <div class='ocr_carea' id='block_1_64' title="bbox 2008 3109 3651 3181">
    <p class='ocr_par' dir='ltr' id='par_1_64' title="bbox 2008 3109 3651 3181">
     <span class='ocr_line' id='line_1_64' title="bbox 2008 3109 3651 3181; baseline 0 -15"><span class='ocrx_word' id='word_1_469' title='bbox 2008 3115 2233 3181; x_wconf 89' lang='lat' dir='ltr'><strong>zentur,</strong></span> <span class='ocrx_word' id='word_1_470' title='bbox 2265 3128 2399 3166; x_wconf 89' lang='lat' dir='ltr'><strong>cum</strong></span> <span class='ocrx_word' id='word_1_471' title='bbox 2425 3127 2531 3166; x_wconf 90' lang='lat' dir='ltr'><strong>nec</strong></span> <span class='ocrx_word' id='word_1_472' title='bbox 2564 3110 2660 3166; x_wconf 92' lang='lat' dir='ltr'><strong>ille</strong></span> <span class='ocrx_word' id='word_1_473' title='bbox 2688 3110 2969 3166; x_wconf 88' lang='lat' dir='ltr'><strong>Pristinas</strong></span> <span class='ocrx_word' id='word_1_474' title='bbox 3009 3116 3205 3166; x_wconf 89' lang='lat' dir='ltr'><strong>vester</strong></span> <span class='ocrx_word' id='word_1_475' title='bbox 3237 3127 3350 3165; x_wconf 90' lang='lat' dir='ltr'><strong>non</strong></span> <span class='ocrx_word' id='word_1_476' title='bbox 3381 3109 3651 3166; x_wconf 85' lang='lat' dir='ltr'><strong>christia-</strong></span> 
     </span>
    </p>
   </div>
   <div class='ocr_carea' id='block_1_65' title="bbox 235 3182 3649 3272">
    <p class='ocr_par' dir='ltr' id='par_1_65' title="bbox 235 3182 3649 3272">
     <span class='ocr_line' id='line_1_65' title="bbox 235 3182 3649 3272; baseline -0.003 -8"><span class='ocrx_word' id='word_1_477' title='bbox 235 3199 317 3255; x_wconf 65' lang='grc' dir='ltr'><strong>ἥδ»</strong></span> <span class='ocrx_word' id='word_1_478' title='bbox 347 3216 567 3255; x_wconf 72' lang='grc' dir='ltr'><strong>ιἰπευδ</strong></span> <span class='ocrx_word' id='word_1_479' title='bbox 601 3199 897 3254; x_wconf 58' lang='lat' dir='ltr'><strong>801‘“)in</strong></span> <span class='ocrx_word' id='word_1_480' title='bbox 949 3198 1208 3254; x_wconf 71' lang='lat' dir='ltr'><strong>016mm:</strong></span> <span class='ocrx_word' id='word_1_481' title='bbox 1248 3222 1267 3247; x_wconf 75' lang='grc' dir='ltr'>ι</span> <span class='ocrx_word' id='word_1_482' title='bbox 1330 3200 1677 3270; x_wconf 77' lang='lat' dir='ltr'><strong>Quanquam</strong></span> <span class='ocrx_word' id='word_1_483' title='bbox 1718 3197 1897 3251; x_wconf 87' lang='lat' dir='ltr'><strong>sciam</strong></span> <span class='ocrx_word' id='word_1_484' title='bbox 1930 3182 1972 3249; x_wconf 85' lang='lat' dir='ltr'><strong><em>C</em></strong></span> <span class='ocrx_word' id='word_1_485' title='bbox 2013 3218 2124 3256; x_wconf 92' lang='lat' dir='ltr'><strong>nus</strong></span> <span class='ocrx_word' id='word_1_486' title='bbox 2158 3205 2379 3272; x_wconf 88' lang='lat' dir='ltr'><strong>martyr</strong></span> <span class='ocrx_word' id='word_1_487' title='bbox 2406 3199 2735 3271; x_wconf 81' lang='lat' dir='ltr'><strong>attingeret,</strong></span> <span class='ocrx_word' id='word_1_488' title='bbox 2769 3216 2938 3271; x_wconf 90' lang='lat' dir='ltr'><strong>quem</strong></span> <span class='ocrx_word' id='word_1_489' title='bbox 2973 3204 3031 3255; x_wconf 91' lang='lat' dir='ltr'><strong>et</strong></span> <span class='ocrx_word' id='word_1_490' title='bbox 3061 3198 3333 3254; x_wconf 82' lang='lat' dir='ltr'><strong>facultate</strong></span> <span class='ocrx_word' id='word_1_491' title='bbox 3372 3198 3649 3254; x_wconf 81' lang='lat' dir='ltr'><strong>custodia</strong></span> 
     </span>
    </p>
   </div>
   <div class='ocr_carea' id='block_1_66' title="bbox 234 3286 1898 3359">
    <p class='ocr_par' dir='ltr' id='par_1_66' title="bbox 234 3286 1898 3359">
     <span class='ocr_line' id='line_1_66' title="bbox 234 3286 1898 3359; baseline 0 -18"><span class='ocrx_word' id='word_1_492' title='bbox 234 3305 361 3354; x_wconf 75' lang='lat' dir='ltr'><strong>vos,</strong></span> <span class='ocrx_word' id='word_1_493' title='bbox 394 3288 618 3344; x_wconf 83' lang='lat' dir='ltr'><strong>fratres</strong></span> <span class='ocrx_word' id='word_1_494' title='bbox 649 3286 1219 3356; x_wconf 88' lang='lat' dir='ltr'><strong>charissimi,litteris</strong></span> <span class='ocrx_word' id='word_1_495' title='bbox 1253 3287 1397 3342; x_wconf 91' lang='lat' dir='ltr'><strong>meis</strong></span> <span class='ocrx_word' id='word_1_496' title='bbox 1438 3288 1775 3359; x_wconf 86' lang='lat' dir='ltr'><strong>frequenter</strong></span> <span class='ocrx_word' id='word_1_497' title='bbox 1804 3286 1898 3341; x_wconf 87' lang='lat' dir='ltr'><strong>ad—</strong></span> 
     </span>
    </p>
   </div>
   <div class='ocr_carea' id='block_1_67' title="bbox 236 3375 1895 3449">
    <p class='ocr_par' dir='ltr' id='par_1_67' title="bbox 236 3375 1895 3449">
     <span class='ocr_line' id='line_1_67' title="bbox 236 3375 1895 3449; baseline -0.001 -18"><span class='ocrx_word' id='word_1_498' title='bbox 236 3377 503 3432; x_wconf 87' lang='lat' dir='ltr'><strong>monitos</strong></span> <span class='ocrx_word' id='word_1_499' title='bbox 532 3391 683 3446; x_wconf 88' lang='lat' dir='ltr'><strong>esse,</strong></span> <span class='ocrx_word' id='word_1_500' title='bbox 719 3381 784 3431; x_wconf 90' lang='lat' dir='ltr'><strong>ut</strong></span> <span class='ocrx_word' id='word_1_501' title='bbox 814 3375 1068 3449; x_wconf 91' lang='lat' dir='ltr'><strong>gloriosa</strong></span> <span class='ocrx_word' id='word_1_502' title='bbox 1097 3392 1233 3431; x_wconf 91' lang='lat' dir='ltr'><strong>voce</strong></span> <span class='ocrx_word' id='word_1_503' title='bbox 1256 3376 1569 3432; x_wconf 91' lang='lat' dir='ltr'><strong>Dominum</strong></span> <span class='ocrx_word' id='word_1_504' title='bbox 1590 3375 1895 3442; x_wconf 84' lang='lat' dir='ltr'><strong>confessis,</strong></span> 
     </span>
    </p>
   </div>
   <div class='ocr_carea' id='block_1_68' title="bbox 241 3464 1898 3537">
    <p class='ocr_par' dir='ltr' id='par_1_68' title="bbox 241 3464 1898 3537">
     <span class='ocr_line' id='line_1_68' title="bbox 241 3464 1898 3537; baseline -0.002 -17"><span class='ocrx_word' id='word_1_505' title='bbox 241 3467 368 3521; x_wconf 90' lang='lat' dir='ltr'><strong>etin</strong></span> <span class='ocrx_word' id='word_1_506' title='bbox 390 3482 631 3522; x_wconf 86' lang='lat' dir='ltr'><strong>carcere</strong></span> <span class='ocrx_word' id='word_1_507' title='bbox 646 3466 1183 3521; x_wconf 89' lang='lat' dir='ltr'><strong>conslitutisomnis</strong></span> <span class='ocrx_word' id='word_1_508' title='bbox 1214 3464 1515 3537; x_wconf 80' lang='lat' dir='ltr'><strong>diligentia</strong></span> <span class='ocrx_word' id='word_1_509' title='bbox 1538 3464 1898 3536; x_wconf 84' lang='lat' dir='ltr'><strong>prabealur;</strong></span> 
     </span>
    </p>
   </div>
   <div class='ocr_carea' id='block_1_69' title="bbox 239 3544 1899 3625">
    <p class='ocr_par' dir='ltr' id='par_1_69' title="bbox 239 3544 1899 3625">
     <span class='ocr_line' id='line_1_69' title="bbox 239 3544 1899 3625; baseline -0.002 -16"><span class='ocrx_word' id='word_1_510' title='bbox 239 3560 442 3611; x_wconf 88' lang='lat' dir='ltr'><strong>tamen</strong></span> <span class='ocrx_word' id='word_1_511' title='bbox 483 3544 801 3610; x_wconf 87' lang='lat' dir='ltr'><strong>identidem</strong></span> <span class='ocrx_word' id='word_1_512' title='bbox 832 3555 994 3608; x_wconf 89' lang='lat' dir='ltr'><strong>vobis</strong></span> <span class='ocrx_word' id='word_1_513' title='bbox 1027 3555 1320 3619; x_wconf 91' lang='lat' dir='ltr'><strong>incumbe,</strong></span> <span class='ocrx_word' id='word_1_514' title='bbox 1355 3569 1425 3608; x_wconf 90' lang='lat' dir='ltr'><strong>ne</strong></span> <span class='ocrx_word' id='word_1_515' title='bbox 1448 3553 1589 3625; x_wconf 90' lang='lat' dir='ltr'><strong>quid</strong></span> <span class='ocrx_word' id='word_1_516' title='bbox 1614 3553 1683 3607; x_wconf 92' lang='lat' dir='ltr'><strong>ad</strong></span> <span class='ocrx_word' id='word_1_517' title='bbox 1700 3566 1899 3607; x_wconf 90' lang='lat' dir='ltr'><strong>curam</strong></span> 
     </span>
    </p>
   </div>
   <div class='ocr_carea' id='block_1_70' title="bbox 237 3641 1902 3715">
    <p class='ocr_par' dir='ltr' id='par_1_70' title="bbox 237 3641 1902 3715">
     <span class='ocr_line' id='line_1_70' title="bbox 237 3641 1902 3715; baseline -0.002 -16"><span class='ocrx_word' id='word_1_518' title='bbox 237 3644 391 3699; x_wconf 88' lang='lat' dir='ltr'><strong>desit</strong></span> <span class='ocrx_word' id='word_1_519' title='bbox 423 3644 501 3698; x_wconf 92' lang='lat' dir='ltr'><strong>iis</strong></span> <span class='ocrx_word' id='word_1_520' title='bbox 532 3644 753 3715; x_wconf 87' lang='lat' dir='ltr'><strong>quibus</strong></span> <span class='ocrx_word' id='word_1_521' title='bbox 787 3645 850 3697; x_wconf 86' lang='lat' dir='ltr'><strong>ad</strong></span> <span class='ocrx_word' id='word_1_522' title='bbox 884 3643 1129 3715; x_wconf 89' lang='lat' dir='ltr'><strong>gloriam</strong></span> <span class='ocrx_word' id='word_1_523' title='bbox 1162 3642 1309 3697; x_wconf 90' lang='lat' dir='ltr'><strong>nihil</strong></span> <span class='ocrx_word' id='word_1_524' title='bbox 1349 3643 1533 3697; x_wconf 91' lang='lat' dir='ltr'><strong>deest.</strong></span> <span class='ocrx_word' id='word_1_525' title='bbox 1573 3644 1757 3710; x_wconf 86' lang='lat' dir='ltr'><strong>Atque</strong></span> <span class='ocrx_word' id='word_1_526' title='bbox 1779 3641 1902 3696; x_wconf 87' lang='lat' dir='ltr'><strong>uti-</strong></span> 
     </span>
    </p>
   </div>
   <div class='ocr_carea' id='block_1_71' title="bbox 239 3729 1905 3804">
    <p class='ocr_par' dir='ltr' id='par_1_71' title="bbox 239 3729 1905 3804">
     <span class='ocr_line' id='line_1_71' title="bbox 239 3729 1905 3804; baseline -0.002 -17"><span class='ocrx_word' id='word_1_527' title='bbox 239 3750 378 3787; x_wconf 86' lang='lat' dir='ltr'><strong>nam</strong></span> <span class='ocrx_word' id='word_1_528' title='bbox 412 3732 552 3801; x_wconf 89' lang='lat' dir='ltr'><strong>loci,</strong></span> <span class='ocrx_word' id='word_1_529' title='bbox 590 3739 645 3787; x_wconf 89' lang='lat' dir='ltr'><strong>et</strong></span> <span class='ocrx_word' id='word_1_530' title='bbox 686 3732 902 3804; x_wconf 90' lang='lat' dir='ltr'><strong>gradus</strong></span> <span class='ocrx_word' id='word_1_531' title='bbox 935 3732 1049 3787; x_wconf 91' lang='lat' dir='ltr'><strong>mei</strong></span> <span class='ocrx_word' id='word_1_532' title='bbox 1106 3731 1360 3787; x_wconf 89' lang='lat' dir='ltr'><strong>conditio</strong></span> <span class='ocrx_word' id='word_1_533' title='bbox 1420 3729 1804 3803; x_wconf 88' lang='lat' dir='ltr'><strong>permitteret,</strong></span> <span class='ocrx_word' id='word_1_534' title='bbox 1840 3732 1905 3784; x_wconf 93' lang='lat' dir='ltr'><strong>ut</strong></span> 
     </span>
    </p>
   </div>
   <div class='ocr_carea' id='block_1_72' title="bbox 243 3816 1906 3892">
    <p class='ocr_par' dir='ltr' id='par_1_72' title="bbox 243 3816 1906 3892">
     <span class='ocr_line' id='line_1_72' title="bbox 243 3816 1906 3892; baseline -0.002 -16"><span class='ocrx_word' id='word_1_535' title='bbox 243 3823 367 3892; x_wconf 88' lang='lat' dir='ltr'><strong>ipse</strong></span> <span class='ocrx_word' id='word_1_536' title='bbox 397 3838 562 3876; x_wconf 92' lang='lat' dir='ltr'><strong>nunc</strong></span> <span class='ocrx_word' id='word_1_537' title='bbox 589 3838 842 3892; x_wconf 69' lang='lat' dir='ltr'><strong>praesens</strong></span> <span class='ocrx_word' id='word_1_538' title='bbox 865 3837 993 3876; x_wconf 88' lang='lat' dir='ltr'><strong>esse</strong></span> <span class='ocrx_word' id='word_1_539' title='bbox 1018 3837 1248 3892; x_wconf 90' lang='lat' dir='ltr'><strong>possem</strong></span> <span class='ocrx_word' id='word_1_540' title='bbox 1273 3816 1286 3875; x_wconf 76' lang='grc' dir='ltr'>Ξ</span> <span class='ocrx_word' id='word_1_541' title='bbox 1312 3820 1625 3891; x_wconf 91' lang='lat' dir='ltr'><strong>Promptus</strong></span> <span class='ocrx_word' id='word_1_542' title='bbox 1648 3817 1906 3874; x_wconf 88' lang='lat' dir='ltr'><strong>etlibens</strong></span> 
     </span>
    </p>
   </div>
   <div class='ocr_carea' id='block_1_73' title="bbox 251 3906 1907 3966">
    <p class='ocr_par' dir='ltr' id='par_1_73' title="bbox 251 3906 1907 3966">
     <span class='ocr_line' id='line_1_73' title="bbox 251 3906 1907 3966; baseline -0.004 -1"><span class='ocrx_word' id='word_1_543' title='bbox 251 3910 504 3966; x_wconf 87' lang='lat' dir='ltr'><strong>solemni</strong></span> <span class='ocrx_word' id='word_1_544' title='bbox 534 3909 863 3964; x_wconf 82' lang='lat' dir='ltr'><strong>ministerio</strong></span> <span class='ocrx_word' id='word_1_545' title='bbox 894 3913 1105 3964; x_wconf 90' lang='lat' dir='ltr'><strong>cuncta</strong></span> <span class='ocrx_word' id='word_1_546' title='bbox 1125 3908 1277 3963; x_wconf 88' lang='lat' dir='ltr'><strong>circa</strong></span> <span class='ocrx_word' id='word_1_547' title='bbox 1306 3906 1657 3963; x_wconf 89' lang='lat' dir='ltr'><strong>fortissimos</strong></span> <span class='ocrx_word' id='word_1_548' title='bbox 1698 3907 1907 3960; x_wconf 78' lang='lat' dir='ltr'><strong>fratres</strong></span> 
     </span>
    </p>
   </div>
   <div class='ocr_carea' id='block_1_74' title="bbox 252 3993 1905 4069">
    <p class='ocr_par' dir='ltr' id='par_1_74' title="bbox 252 3993 1905 4069">
     <span class='ocr_line' id='line_1_74' title="bbox 252 3993 1905 4069; baseline -0.003 -16"><span class='ocrx_word' id='word_1_549' title='bbox 252 4005 490 4053; x_wconf 84' lang='lat' dir='ltr'><strong>nostros</strong></span> <span class='ocrx_word' id='word_1_550' title='bbox 504 3997 837 4053; x_wconf 78' lang='lat' dir='ltr'><strong>dilectionis</strong></span> <span class='ocrx_word' id='word_1_551' title='bbox 851 3997 1130 4069; x_wconf 88' lang='lat' dir='ltr'><strong>obsequia</strong></span> <span class='ocrx_word' id='word_1_552' title='bbox 1142 3995 1516 4067; x_wconf 88' lang='lat' dir='ltr'><strong>complerem,</strong></span> <span class='ocrx_word' id='word_1_553' title='bbox 1531 3996 1631 4051; x_wconf 90' lang='lat' dir='ltr'><strong>sed</strong></span> <span class='ocrx_word' id='word_1_554' title='bbox 1648 3993 1905 4050; x_wconf 83' lang='lat' dir='ltr'><strong>ofﬁcium</strong></span> 
     </span>
    </p>
   </div>
   <div class='ocr_carea' id='block_1_75' title="bbox 254 4082 1906 4157">
    <p class='ocr_par' dir='ltr' id='par_1_75' title="bbox 254 4082 1906 4157">
     <span class='ocr_line' id='line_1_75' title="bbox 254 4082 1906 4157; baseline -0.003 -14"><span class='ocrx_word' id='word_1_555' title='bbox 254 4104 458 4143; x_wconf 89' lang='lat' dir='ltr'><strong>meum</strong></span> <span class='ocrx_word' id='word_1_556' title='bbox 488 4092 677 4142; x_wconf 74' lang='lat' dir='ltr'><strong>vestra</strong></span> <span class='ocrx_word' id='word_1_557' title='bbox 713 4086 1012 4157; x_wconf 87' lang='lat' dir='ltr'><strong>diligentia</strong></span> <span class='ocrx_word' id='word_1_558' title='bbox 1051 4088 1442 4157; x_wconf 83' lang='lat' dir='ltr'><strong>reprasentet,</strong></span> <span class='ocrx_word' id='word_1_559' title='bbox 1476 4087 1533 4139; x_wconf 89' lang='lat' dir='ltr'><strong>et</strong></span> <span class='ocrx_word' id='word_1_560' title='bbox 1582 4082 1759 4139; x_wconf 89' lang='lat' dir='ltr'><strong>faciat</strong></span> <span class='ocrx_word' id='word_1_561' title='bbox 1782 4098 1906 4138; x_wconf 88' lang='lat' dir='ltr'><strong>om-</strong></span> 
     </span>
    </p>
   </div>
   <div class='ocr_carea' id='block_1_76' title="bbox 260 4170 1908 4249">
    <p class='ocr_par' dir='ltr' id='par_1_76' title="bbox 260 4170 1908 4249">
     <span class='ocr_line' id='line_1_76' title="bbox 260 4170 1908 4249; baseline -0.004 -17"><span class='ocrx_word' id='word_1_562' title='bbox 260 4179 359 4232; x_wconf 86' lang='lat' dir='ltr'><strong>nia</strong></span> <span class='ocrx_word' id='word_1_563' title='bbox 392 4194 524 4249; x_wconf 85' lang='lat' dir='ltr'><strong>qua</strong></span> <span class='ocrx_word' id='word_1_564' title='bbox 558 4176 677 4231; x_wconf 85' lang='lat' dir='ltr'><strong>fieri</strong></span> <span class='ocrx_word' id='word_1_565' title='bbox 713 4180 941 4245; x_wconf 78' lang='lat' dir='ltr'><strong>oportet</strong></span> <span class='ocrx_word' id='word_1_566' title='bbox 960 4176 1113 4229; x_wconf 87' lang='lat' dir='ltr'><strong>circa</strong></span> <span class='ocrx_word' id='word_1_567' title='bbox 1143 4189 1242 4230; x_wconf 90' lang='lat' dir='ltr'><strong>eos</strong></span> <span class='ocrx_word' id='word_1_568' title='bbox 1263 4190 1410 4246; x_wconf 88' lang='lat' dir='ltr'><strong>quos</strong></span> <span class='ocrx_word' id='word_1_569' title='bbox 1438 4172 1499 4227; x_wconf 89' lang='lat' dir='ltr'><strong>in</strong></span> <span class='ocrx_word' id='word_1_570' title='bbox 1531 4170 1749 4228; x_wconf 89' lang='lat' dir='ltr'><strong>talibus</strong></span> <span class='ocrx_word' id='word_1_571' title='bbox 1786 4187 1908 4226; x_wconf 84' lang='lat' dir='ltr'><strong>me-</strong></span> 
     </span>
    </p>
   </div>
   <div class='ocr_carea' id='block_1_77' title="bbox 254 4260 1911 4333">
    <p class='ocr_par' dir='ltr' id='par_1_77' title="bbox 254 4260 1911 4333">
     <span class='ocr_line' id='line_1_77' title="bbox 254 4260 1911 4333; baseline -0.008 -12"><span class='ocrx_word' id='word_1_572' title='bbox 254 4266 389 4321; x_wconf 88' lang='lat' dir='ltr'><strong>ritis</strong></span> <span class='ocrx_word' id='word_1_573' title='bbox 418 4266 551 4320; x_wconf 80' lang='lat' dir='ltr'><strong>ﬁdei</strong></span> <span class='ocrx_word' id='word_1_574' title='bbox 586 4281 652 4319; x_wconf 87' lang='lat' dir='ltr'><strong>ac</strong></span> <span class='ocrx_word' id='word_1_575' title='bbox 683 4264 917 4319; x_wconf 86' lang='lat' dir='ltr'><strong>virtutis</strong></span> <span class='ocrx_word' id='word_1_576' title='bbox 962 4262 1275 4319; x_wconf 85' lang='lat' dir='ltr'><strong>illustravit</strong></span> <span class='ocrx_word' id='word_1_577' title='bbox 1322 4261 1518 4317; x_wconf 89' lang='lat' dir='ltr'><strong>divina</strong></span> <span class='ocrx_word' id='word_1_578' title='bbox 1572 4260 1852 4333; x_wconf 90' lang='lat' dir='ltr'><strong>dignatio.</strong></span> <span class='ocrx_word' id='word_1_579' title='bbox 1882 4280 1911 4309; x_wconf 85' lang='lat'><strong>»</strong></span> 
     </span>
    </p>
   </div>
   <div class='ocr_carea' id='block_1_78' title="bbox 251 4349 1912 4424">
    <p class='ocr_par' dir='ltr' id='par_1_78' title="bbox 251 4349 1912 4424">
     <span class='ocr_line' id='line_1_78' title="bbox 251 4349 1912 4424; baseline -0.004 -14"><span class='ocrx_word' id='word_1_580' title='bbox 251 4355 331 4410; x_wconf 87' lang='lat' dir='ltr'><strong>Et</strong></span> <span class='ocrx_word' id='word_1_581' title='bbox 359 4353 513 4408; x_wconf 83' lang='lat' dir='ltr'><strong>infra</strong></span> <span class='ocrx_word' id='word_1_582' title='bbox 566 4354 624 4407; x_wconf 91' lang='lat' dir='ltr'><strong>in</strong></span> <span class='ocrx_word' id='word_1_583' title='bbox 658 4355 863 4408; x_wconf 89' lang='lat' dir='ltr'><strong>eadem</strong></span> <span class='ocrx_word' id='word_1_584' title='bbox 892 4352 1159 4424; x_wconf 90' lang='lat' dir='ltr'><strong>cpistola.</strong></span> <span class='ocrx_word' id='word_1_585' title='bbox 1195 4350 1433 4406; x_wconf 90' lang='lat' dir='ltr'><strong>Tertulli</strong></span> <span class='ocrx_word' id='word_1_586' title='bbox 1469 4351 1525 4405; x_wconf 91' lang='lat' dir='ltr'><strong>in</strong></span> <span class='ocrx_word' id='word_1_587' title='bbox 1561 4350 1633 4405; x_wconf 90' lang='lat' dir='ltr'><strong>iis</strong></span> <span class='ocrx_word' id='word_1_588' title='bbox 1682 4349 1912 4422; x_wconf 88' lang='lat' dir='ltr'><strong>pietatis</strong></span> 
     </span>
    </p>
   </div>
   <div class='ocr_carea' id='block_1_79' title="bbox 248 4438 1909 4513">
    <p class='ocr_par' dir='ltr' id='par_1_79' title="bbox 248 4438 1909 4513">
     <span class='ocr_line' id='line_1_79' title="bbox 248 4438 1909 4513; baseline -0.002 -14"><span class='ocrx_word' id='word_1_589' title='bbox 248 4440 483 4499; x_wconf 83' lang='lat' dir='ltr'><strong>ofﬁciis</strong></span> <span class='ocrx_word' id='word_1_590' title='bbox 518 4442 902 4513; x_wconf 84' lang='lat' dir='ltr'><strong>diligentiam,</strong></span> <span class='ocrx_word' id='word_1_591' title='bbox 956 4446 1129 4513; x_wconf 91' lang='lat' dir='ltr'><strong>atque</strong></span> <span class='ocrx_word' id='word_1_592' title='bbox 1186 4438 1643 4497; x_wconf 89' lang='lat' dir='ltr'><strong>sollicitudinem</strong></span> <span class='ocrx_word' id='word_1_593' title='bbox 1701 4438 1909 4495; x_wconf 88' lang='lat' dir='ltr'><strong>lauda:</strong></span> 
     </span>
    </p>
   </div>
   <div class='ocr_carea' id='block_1_80' title="bbox 2006 3286 3653 3359">
    <p class='ocr_par' dir='ltr' id='par_1_80' title="bbox 2006 3286 3653 3359">
     <span class='ocr_line' id='line_1_80' title="bbox 2006 3286 3653 3359; baseline -0.001 -16"><span class='ocrx_word' id='word_1_594' title='bbox 2006 3287 2201 3345; x_wconf 87' lang='lat' dir='ltr'><strong>libera</strong></span> <span class='ocrx_word' id='word_1_595' title='bbox 2224 3288 2567 3359; x_wconf 87' lang='lat' dir='ltr'><strong>aliquandiu</strong></span> <span class='ocrx_word' id='word_1_596' title='bbox 2590 3288 2808 3344; x_wconf 85' lang='lat' dir='ltr'><strong>fartum</strong></span> <span class='ocrx_word' id='word_1_597' title='bbox 2823 3287 3098 3344; x_wconf 89' lang='lat' dir='ltr'><strong>omnibus</strong></span> <span class='ocrx_word' id='word_1_598' title='bbox 3120 3286 3345 3342; x_wconf 90' lang='lat' dir='ltr'><strong>balneis</strong></span> <span class='ocrx_word' id='word_1_599' title='bbox 3364 3286 3529 3357; x_wconf 86' lang='lat' dir='ltr'><strong>quasi</strong></span> <span class='ocrx_word' id='word_1_600' title='bbox 3555 3286 3653 3342; x_wconf 84' lang='lat' dir='ltr'><strong>ba-</strong></span> 
     </span>
    </p>
   </div>
   <div class='ocr_carea' id='block_1_81' title="bbox 2009 3374 3649 3449">
    <p class='ocr_par' dir='ltr' id='par_1_81' title="bbox 2009 3374 3649 3449">
     <span class='ocr_line' id='line_1_81' title="bbox 2009 3374 3649 3449; baseline 0 -17"><span class='ocrx_word' id='word_1_601' title='bbox 2009 3376 2283 3449; x_wconf 88' lang='lat' dir='ltr'><strong>ptismate</strong></span> <span class='ocrx_word' id='word_1_602' title='bbox 2307 3375 2731 3447; x_wconf 90' lang='lat' dir='ltr'><strong>melioribus,et</strong></span> <span class='ocrx_word' id='word_1_603' title='bbox 2754 3375 3027 3431; x_wconf 89' lang='lat' dir='ltr'><strong>omnibus</strong></span> <span class='ocrx_word' id='word_1_604' title='bbox 3052 3375 3294 3431; x_wconf 85' lang='lat' dir='ltr'><strong>luxuria</strong></span> <span class='ocrx_word' id='word_1_605' title='bbox 3317 3374 3649 3432; x_wconf 85' lang='lat' dir='ltr'><strong>secessibus</strong></span> 
     </span>
    </p>
   </div>
   <div class='ocr_carea' id='block_1_82' title="bbox 2012 3463 3653 3538">
    <p class='ocr_par' dir='ltr' id='par_1_82' title="bbox 2012 3463 3653 3538">
     <span class='ocr_line' id='line_1_82' title="bbox 2012 3463 3653 3538; baseline 0.001 -19"><span class='ocrx_word' id='word_1_606' title='bbox 2012 3465 2174 3538; x_wconf 87' lang='lat' dir='ltr'><strong>quasi</strong></span> <span class='ocrx_word' id='word_1_607' title='bbox 2210 3464 2929 3532; x_wconf 74' lang='lat' dir='ltr'><strong>Ecclesiaseeretieribus,</strong></span> <span class='ocrx_word' id='word_1_608' title='bbox 2962 3468 3019 3519; x_wconf 88' lang='lat' dir='ltr'><strong>et</strong></span> <span class='ocrx_word' id='word_1_609' title='bbox 3048 3464 3323 3521; x_wconf 88' lang='lat' dir='ltr'><strong>omnibus</strong></span> <span class='ocrx_word' id='word_1_610' title='bbox 3339 3463 3653 3520; x_wconf 83' lang='lat' dir='ltr'><strong>vitaistius</strong></span> 
     </span>
    </p>
   </div>
   <div class='ocr_carea' id='block_1_83' title="bbox 2013 3551 3656 3626">
    <p class='ocr_par' dir='ltr' id='par_1_83' title="bbox 2013 3551 3656 3626">
     <span class='ocr_line' id='line_1_83' title="bbox 2013 3551 3656 3626; baseline -0.001 -17"><span class='ocrx_word' id='word_1_611' title='bbox 2013 3554 2299 3610; x_wconf 89' lang='lat' dir='ltr'><strong>illecebris</strong></span> <span class='ocrx_word' id='word_1_612' title='bbox 2327 3555 2495 3624; x_wconf 86' lang='lat' dir='ltr'><strong>quasi</strong></span> <span class='ocrx_word' id='word_1_613' title='bbox 2527 3559 2752 3609; x_wconf 85' lang='lat' dir='ltr'><strong>aterna</strong></span> <span class='ocrx_word' id='word_1_614' title='bbox 2780 3554 3167 3626; x_wconf 87' lang='lat' dir='ltr'><strong>dignioribus,</strong></span> <span class='ocrx_word' id='word_1_615' title='bbox 3201 3553 3309 3609; x_wconf 91' lang='lat' dir='ltr'><strong>hoc</strong></span> <span class='ocrx_word' id='word_1_616' title='bbox 3348 3557 3486 3625; x_wconf 91' lang='lat' dir='ltr'><strong>puto</strong></span> <span class='ocrx_word' id='word_1_617' title='bbox 3507 3551 3656 3609; x_wconf 89' lang='lat' dir='ltr'><strong>obli-</strong></span> 
     </span>
    </p>
   </div>
   <div class='ocr_carea' id='block_1_84' title="bbox 2014 3642 3665 3715">
    <p class='ocr_par' dir='ltr' id='par_1_84' title="bbox 2014 3642 3665 3715">
     <span class='ocr_line' id='line_1_84' title="bbox 2014 3642 3665 3715; baseline 0 -17"><span class='ocrx_word' id='word_1_618' title='bbox 2014 3646 2214 3715; x_wconf 90' lang='lat' dir='ltr'><strong>gatum</strong></span> <span class='ocrx_word' id='word_1_619' title='bbox 2248 3659 2319 3698; x_wconf 93' lang='lat' dir='ltr'><strong>ne</strong></span> <span class='ocrx_word' id='word_1_620' title='bbox 2349 3644 2496 3698; x_wconf 90' lang='lat' dir='ltr'><strong>mori</strong></span> <span class='ocrx_word' id='word_1_621' title='bbox 2529 3642 2701 3697; x_wconf 89' lang='lat' dir='ltr'><strong>vellet</strong></span> <span class='ocrx_word' id='word_1_622' title='bbox 2727 3659 2739 3697; x_wconf 91' lang='lat'>:</span> <span class='ocrx_word' id='word_1_623' title='bbox 2770 3652 3063 3714; x_wconf 90' lang='lat' dir='ltr'><strong>postremo</strong></span> <span class='ocrx_word' id='word_1_624' title='bbox 3094 3643 3219 3714; x_wconf 90' lang='lat' dir='ltr'><strong>ipso</strong></span> <span class='ocrx_word' id='word_1_625' title='bbox 3250 3642 3562 3698; x_wconf 88' lang='lat' dir='ltr'><strong>tribunalis</strong></span> <span class='ocrx_word' id='word_1_626' title='bbox 3593 3643 3665 3699; x_wconf 88' lang='lat' dir='ltr'><strong>de</strong></span> 
     </span>
    </p>
   </div>
   <div class='ocr_carea' id='block_1_85' title="bbox 2018 3731 3667 3803">
    <p class='ocr_par' dir='ltr' id='par_1_85' title="bbox 2018 3731 3667 3803">
     <span class='ocr_line' id='line_1_85' title="bbox 2018 3731 3667 3803; baseline 0.002 -18"><span class='ocrx_word' id='word_1_627' title='bbox 2018 3731 2145 3787; x_wconf 90' lang='lat' dir='ltr'><strong>luce</strong></span> <span class='ocrx_word' id='word_1_628' title='bbox 2172 3748 2406 3786; x_wconf 90' lang='lat' dir='ltr'><strong>summa</strong></span> <span class='ocrx_word' id='word_1_629' title='bbox 2419 3731 2654 3786; x_wconf 91' lang='lat' dir='ltr'><strong>condito</strong></span> <span class='ocrx_word' id='word_1_630' title='bbox 2669 3746 2831 3786; x_wconf 91' lang='lat' dir='ltr'><strong>mere</strong></span> <span class='ocrx_word' id='word_1_631' title='bbox 2845 3736 3127 3802; x_wconf 87' lang='lat' dir='ltr'><strong>tanquam</strong></span> <span class='ocrx_word' id='word_1_632' title='bbox 3152 3732 3411 3787; x_wconf 91' lang='lat' dir='ltr'><strong>antidoto</strong></span> <span class='ocrx_word' id='word_1_633' title='bbox 3426 3748 3667 3803; x_wconf 87' lang='lat' dir='ltr'><strong>prame-</strong></span> 
     </span>
    </p>
   </div>
   <div class='ocr_carea' id='block_1_86' title="bbox 2016 3818 3670 3891">
    <p class='ocr_par' dir='ltr' id='par_1_86' title="bbox 2016 3818 3670 3891">
     <span class='ocr_line' id='line_1_86' title="bbox 2016 3818 3670 3891; baseline 0.001 -16"><span class='ocrx_word' id='word_1_634' title='bbox 2016 3820 2305 3888; x_wconf 90' lang='lat' dir='ltr'><strong>dicatum,</strong></span> <span class='ocrx_word' id='word_1_635' title='bbox 2331 3819 2411 3874; x_wconf 90' lang='lat' dir='ltr'><strong>ita</strong></span> <span class='ocrx_word' id='word_1_636' title='bbox 2441 3818 2777 3887; x_wconf 80' lang='lat' dir='ltr'><strong>enervastis,</strong></span> <span class='ocrx_word' id='word_1_637' title='bbox 2809 3824 2872 3874; x_wconf 90' lang='lat' dir='ltr'><strong>ut</strong></span> <span class='ocrx_word' id='word_1_638' title='bbox 2903 3818 3105 3891; x_wconf 91' lang='lat' dir='ltr'><strong>paucis</strong></span> <span class='ocrx_word' id='word_1_639' title='bbox 3127 3820 3379 3891; x_wconf 89' lang='lat' dir='ltr'><strong>singulis</strong></span> <span class='ocrx_word' id='word_1_640' title='bbox 3400 3821 3670 3877; x_wconf 89' lang='lat' dir='ltr'><strong>titillatus</strong></span> 
     </span>
    </p>
   </div>
   <div class='ocr_carea' id='block_1_87' title="bbox 2018 3908 3670 3980">
    <p class='ocr_par' dir='ltr' id='par_1_87' title="bbox 2018 3908 3670 3980">
     <span class='ocr_line' id='line_1_87' title="bbox 2018 3908 3670 3980; baseline -0.001 -15"><span class='ocrx_word' id='word_1_641' title='bbox 2018 3908 2148 3980; x_wconf 93' lang='lat' dir='ltr'><strong>(hoc</strong></span> <span class='ocrx_word' id='word_1_642' title='bbox 2180 3910 2335 3965; x_wconf 88' lang='lat' dir='ltr'><strong>enim</strong></span> <span class='ocrx_word' id='word_1_643' title='bbox 2355 3909 2606 3964; x_wconf 87' lang='lat' dir='ltr'><strong>ebrietas</strong></span> <span class='ocrx_word' id='word_1_644' title='bbox 2629 3908 2942 3979; x_wconf 90' lang='lat' dir='ltr'><strong>sentiebat)</strong></span> <span class='ocrx_word' id='word_1_645' title='bbox 2966 3925 3140 3980; x_wconf 89' lang='lat' dir='ltr'><strong>quem</strong></span> <span class='ocrx_word' id='word_1_646' title='bbox 3166 3909 3471 3964; x_wconf 90' lang='lat' dir='ltr'><strong>Dominum</strong></span> <span class='ocrx_word' id='word_1_647' title='bbox 3493 3909 3670 3964; x_wconf 82' lang='lat' dir='ltr'><strong>conﬁ-</strong></span> 
     </span>
    </p>
   </div>
   <div class='ocr_carea' id='block_1_88' title="bbox 2021 3996 3671 4069">
    <p class='ocr_par' dir='ltr' id='par_1_88' title="bbox 2021 3996 3671 4069">
     <span class='ocr_line' id='line_1_88' title="bbox 2021 3996 3671 4069; baseline 0 -16"><span class='ocrx_word' id='word_1_648' title='bbox 2021 3996 2641 4068; x_wconf 87' lang='lat' dir='ltr'><strong>tereturinterroganti</strong></span> <span class='ocrx_word' id='word_1_649' title='bbox 2672 3996 2905 4069; x_wconf 88' lang='lat' dir='ltr'><strong>prasidi</strong></span> <span class='ocrx_word' id='word_1_650' title='bbox 2938 3998 3288 4069; x_wconf 91' lang='lat' dir='ltr'><strong>respondere</strong></span> <span class='ocrx_word' id='word_1_651' title='bbox 3322 4014 3435 4053; x_wconf 91' lang='lat' dir='ltr'><strong>non</strong></span> <span class='ocrx_word' id='word_1_652' title='bbox 3470 4000 3671 4069; x_wconf 87' lang='lat' dir='ltr'><strong>potue-</strong></span> 
     </span>
    </p>
   </div>
   <div class='ocr_carea' id='block_1_89' title="bbox 2024 4085 3666 4158">
    <p class='ocr_par' dir='ltr' id='par_1_89' title="bbox 2024 4085 3666 4158">
     <span class='ocr_line' id='line_1_89' title="bbox 2024 4085 3666 4158; baseline -0.001 -17"><span class='ocrx_word' id='word_1_653' title='bbox 2024 4086 2101 4141; x_wconf 92' lang='lat' dir='ltr'><strong>rit</strong></span> <span class='ocrx_word' id='word_1_654' title='bbox 2130 4085 2418 4158; x_wconf 85' lang='lat' dir='ltr'><strong>umplius:</strong></span> <span class='ocrx_word' id='word_1_655' title='bbox 2455 4090 2629 4157; x_wconf 89' lang='lat' dir='ltr'><strong>atque</strong></span> <span class='ocrx_word' id='word_1_656' title='bbox 2670 4086 2748 4141; x_wconf 88' lang='lat' dir='ltr'><strong>ita</strong></span> <span class='ocrx_word' id='word_1_657' title='bbox 2776 4087 2846 4141; x_wconf 94' lang='lat' dir='ltr'><strong>de</strong></span> <span class='ocrx_word' id='word_1_658' title='bbox 2894 4085 3003 4141; x_wconf 92' lang='lat' dir='ltr'><strong>hoc</strong></span> <span class='ocrx_word' id='word_1_659' title='bbox 3028 4087 3151 4157; x_wconf 87' lang='lat' dir='ltr'><strong>jam</strong></span> <span class='ocrx_word' id='word_1_660' title='bbox 3196 4090 3471 4154; x_wconf 80' lang='lat' dir='ltr'><strong>extortus,</strong></span> <span class='ocrx_word' id='word_1_661' title='bbox 3530 4102 3666 4141; x_wconf 92' lang='lat' dir='ltr'><strong>eum</strong></span> 
     </span>
    </p>
   </div>
   <div class='ocr_carea' id='block_1_90' title="bbox 2023 4175 3667 4247">
    <p class='ocr_par' dir='ltr' id='par_1_90' title="bbox 2023 4175 3667 4247">
     <span class='ocr_line' id='line_1_90' title="bbox 2023 4175 3667 4247; baseline 0.001 -16"><span class='ocrx_word' id='word_1_662' title='bbox 2023 4175 2320 4247; x_wconf 90' lang='lat' dir='ltr'><strong>singultus</strong></span> <span class='ocrx_word' id='word_1_663' title='bbox 2344 4175 2784 4231; x_wconf 88' lang='lat' dir='ltr'><strong>etructussolos</strong></span> <span class='ocrx_word' id='word_1_664' title='bbox 2819 4175 3077 4241; x_wconf 88' lang='lat' dir='ltr'><strong>haberet,</strong></span> <span class='ocrx_word' id='word_1_665' title='bbox 3108 4175 3167 4229; x_wconf 91' lang='lat' dir='ltr'><strong>in</strong></span> <span class='ocrx_word' id='word_1_666' title='bbox 3201 4175 3324 4247; x_wconf 90' lang='lat' dir='ltr'><strong>ipsa</strong></span> <span class='ocrx_word' id='word_1_667' title='bbox 3357 4176 3667 4246; x_wconf 87' lang='lat' dir='ltr'><strong>negatione</strong></span> 
     </span>
    </p>
   </div>
   <div class='ocr_carea' id='block_1_91' title="bbox 2021 4264 3667 4337">
    <p class='ocr_par' dir='ltr' id='par_1_91' title="bbox 2021 4264 3667 4337">
     <span class='ocr_line' id='line_1_91' title="bbox 2021 4264 3667 4337; baseline 0.001 -18"><span class='ocrx_word' id='word_1_668' title='bbox 2021 4265 2286 4337; x_wconf 89' lang='lat' dir='ltr'><strong>digessit.</strong></span> <span class='ocrx_word' id='word_1_669' title='bbox 2323 4286 2351 4313; x_wconf 86' lang='lat'><strong>»</strong></span> <span class='ocrx_word' id='word_1_670' title='bbox 2385 4268 2515 4319; x_wconf 83' lang='lat' dir='ltr'><strong>Hae</strong></span> <span class='ocrx_word' id='word_1_671' title='bbox 2547 4266 2726 4320; x_wconf 89' lang='lat' dir='ltr'><strong>Tcrt..</strong></span> <span class='ocrx_word' id='word_1_672' title='bbox 2757 4264 2828 4319; x_wconf 92' lang='lat' dir='ltr'><strong>de</strong></span> <span class='ocrx_word' id='word_1_673' title='bbox 2858 4264 3193 4333; x_wconf 86' lang='lat' dir='ltr'><strong>Catholicis,</strong></span> <span class='ocrx_word' id='word_1_674' title='bbox 3226 4280 3353 4334; x_wconf 88' lang='lat' dir='ltr'><strong>qua</strong></span> <span class='ocrx_word' id='word_1_675' title='bbox 3393 4264 3667 4335; x_wconf 87' lang='lat' dir='ltr'><strong>quamvis</strong></span> 
     </span>
    </p>
   </div>
   <div class='ocr_carea' id='block_1_92' title="bbox 2020 4352 3672 4424">
    <p class='ocr_par' dir='ltr' id='par_1_92' title="bbox 2020 4352 3672 4424">
     <span class='ocr_line' id='line_1_92' title="bbox 2020 4352 3672 4424; baseline 0.001 -16"><span class='ocrx_word' id='word_1_676' title='bbox 2020 4354 2090 4408; x_wconf 84' lang='lat' dir='ltr'><strong>ad</strong></span> <span class='ocrx_word' id='word_1_677' title='bbox 2111 4353 2392 4409; x_wconf 91' lang='lat' dir='ltr'><strong>invidiam</strong></span> <span class='ocrx_word' id='word_1_678' title='bbox 2411 4353 2738 4408; x_wconf 88' lang='lat' dir='ltr'><strong>faciendam</strong></span> <span class='ocrx_word' id='word_1_679' title='bbox 2752 4352 2866 4407; x_wconf 90' lang='lat' dir='ltr'><strong>sint</strong></span> <span class='ocrx_word' id='word_1_680' title='bbox 2885 4352 3035 4407; x_wconf 87' lang='lat' dir='ltr'><strong>ultra</strong></span> <span class='ocrx_word' id='word_1_681' title='bbox 3049 4352 3180 4406; x_wconf 88' lang='lat' dir='ltr'><strong>mod</strong></span> <span class='ocrx_word' id='word_1_682' title='bbox 3192 4368 3288 4407; x_wconf 90' lang='lat' dir='ltr'><strong>um</strong></span> <span class='ocrx_word' id='word_1_683' title='bbox 3324 4356 3672 4424; x_wconf 81' lang='lat' dir='ltr'><strong>exaggerata</strong></span> 
     </span>
    </p>
   </div>
   <div class='ocr_carea' id='block_1_93' title="bbox 2021 4440 3674 4515">
    <p class='ocr_par' dir='ltr' id='par_1_93' title="bbox 2021 4440 3674 4515">
     <span class='ocr_line' id='line_1_93' title="bbox 2021 4440 3674 4515; baseline 0.002 -19"><span class='ocrx_word' id='word_1_684' title='bbox 2021 4441 2176 4498; x_wconf 86' lang='lat' dir='ltr'><strong>clare</strong></span> <span class='ocrx_word' id='word_1_685' title='bbox 2206 4447 2403 4497; x_wconf 90' lang='lat' dir='ltr'><strong>tamen</strong></span> <span class='ocrx_word' id='word_1_686' title='bbox 2436 4442 2777 4507; x_wconf 90' lang='lat' dir='ltr'><strong>ostendunt,</strong></span> <span class='ocrx_word' id='word_1_687' title='bbox 2811 4440 2992 4496; x_wconf 91' lang='lat' dir='ltr'><strong>fuisse</strong></span> <span class='ocrx_word' id='word_1_688' title='bbox 3022 4440 3337 4497; x_wconf 90' lang='lat' dir='ltr'><strong>catholicos</strong></span> <span class='ocrx_word' id='word_1_689' title='bbox 3386 4446 3674 4515; x_wconf 85' lang='lat' dir='ltr'><strong>martyres</strong></span> 
     </span>
    </p>
   </div>
   <div class='ocr_carea' id='block_1_94' title="bbox 258 4527 3675 4613">
    <p class='ocr_par' dir='ltr' id='par_1_94' title="bbox 258 4527 3675 4613">
     <span class='ocr_line' id='line_1_94' title="bbox 258 4527 3675 4613; baseline 0.002 -33"><span class='ocrx_word' id='word_1_690' title='bbox 258 4554 293 4580; x_wconf 76' lang='grc' dir='ltr'><strong>(ι</strong></span> <span class='ocrx_word' id='word_1_691' title='bbox 313 4533 659 4601; x_wconf 85' lang='lat' dir='ltr'><strong>Quanquam</strong></span> <span class='ocrx_word' id='word_1_692' title='bbox 676 4528 996 4595; x_wconf 88' lang='lat' dir='ltr'><strong>Tertullus,</strong></span> <span class='ocrx_word' id='word_1_693' title='bbox 1016 4527 1399 4584; x_wconf 84' lang='lat' dir='ltr'><strong>ﬁdelissimus</strong></span> <span class='ocrx_word' id='word_1_694' title='bbox 1421 4532 1477 4583; x_wconf 89' lang='lat' dir='ltr'><strong>et</strong></span> <span class='ocrx_word' id='word_1_695' title='bbox 1496 4527 1914 4583; x_wconf 88' lang='lat' dir='ltr'><strong>devotissimus</strong></span> <span class='ocrx_word' id='word_1_696' title='bbox 1948 4548 1991 4613; x_wconf 83' lang='lat' dir='ltr'>D</span> <span class='ocrx_word' id='word_1_697' title='bbox 2022 4531 2081 4588; x_wconf 89' lang='lat' dir='ltr'><strong>in</strong></span> <span class='ocrx_word' id='word_1_698' title='bbox 2113 4530 2391 4599; x_wconf 90' lang='lat' dir='ltr'><strong>vinculis,</strong></span> <span class='ocrx_word' id='word_1_699' title='bbox 2424 4531 2616 4601; x_wconf 89' lang='lat' dir='ltr'><strong>quoad</strong></span> <span class='ocrx_word' id='word_1_700' title='bbox 2647 4545 2746 4600; x_wconf 86' lang='lat' dir='ltr'><strong>per</strong></span> <span class='ocrx_word' id='word_1_701' title='bbox 2778 4528 2994 4585; x_wconf 87' lang='lat' dir='ltr'><strong>milites</strong></span> <span class='ocrx_word' id='word_1_702' title='bbox 3022 4534 3080 4584; x_wconf 90' lang='lat' dir='ltr'><strong>et</strong></span> <span class='ocrx_word' id='word_1_703' title='bbox 3121 4532 3395 4586; x_wconf 89' lang='lat' dir='ltr'><strong>custodes</strong></span> <span class='ocrx_word' id='word_1_704' title='bbox 3444 4530 3675 4601; x_wconf 87' lang='lat' dir='ltr'><strong>licebat,</strong></span> 
     </span>
    </p>
   </div>
   <div class='ocr_carea' id='block_1_95' title="bbox 260 4616 1913 4690">
    <p class='ocr_par' dir='ltr' id='par_1_95' title="bbox 260 4616 1913 4690">
     <span class='ocr_line' id='line_1_95' title="bbox 260 4616 1913 4690; baseline -0.003 -14"><span class='ocrx_word' id='word_1_705' title='bbox 260 4621 454 4676; x_wconf 81' lang='lat' dir='ltr'><strong>frater</strong></span> <span class='ocrx_word' id='word_1_706' title='bbox 483 4624 696 4689; x_wconf 87' lang='lat' dir='ltr'><strong>noster,</strong></span> <span class='ocrx_word' id='word_1_707' title='bbox 727 4636 827 4690; x_wconf 88' lang='lat' dir='ltr'><strong>pro</strong></span> <span class='ocrx_word' id='word_1_708' title='bbox 859 4627 1061 4673; x_wconf 87' lang='lat' dir='ltr'><strong>catera</strong></span> <span class='ocrx_word' id='word_1_709' title='bbox 1092 4616 1483 4672; x_wconf 90' lang='lat' dir='ltr'><strong>sollicitudine</strong></span> <span class='ocrx_word' id='word_1_710' title='bbox 1514 4621 1570 4672; x_wconf 89' lang='lat' dir='ltr'><strong>et</strong></span> <span class='ocrx_word' id='word_1_711' title='bbox 1599 4632 1740 4672; x_wconf 90' lang='lat' dir='ltr'><strong>cura</strong></span> <span class='ocrx_word' id='word_1_712' title='bbox 1786 4632 1913 4685; x_wconf 88' lang='lat' dir='ltr'><strong>sua,</strong></span> 
     </span>
    </p>
   </div>
   <div class='ocr_carea' id='block_1_96' title="bbox 260 4704 1920 4781">
    <p class='ocr_par' dir='ltr' id='par_1_96' title="bbox 260 4704 1920 4781">
     <span class='ocr_line' id='line_1_96' title="bbox 260 4704 1920 4781; baseline -0.002 -18"><span class='ocrx_word' id='word_1_713' title='bbox 260 4725 449 4781; x_wconf 89' lang='lat' dir='ltr'><strong>quam</strong></span> <span class='ocrx_word' id='word_1_714' title='bbox 470 4708 743 4763; x_wconf 88' lang='lat' dir='ltr'><strong>fratribus</strong></span> <span class='ocrx_word' id='word_1_715' title='bbox 765 4708 819 4762; x_wconf 91' lang='lat' dir='ltr'><strong>in</strong></span> <span class='ocrx_word' id='word_1_716' title='bbox 844 4708 998 4762; x_wconf 91' lang='lat' dir='ltr'><strong>omni</strong></span> <span class='ocrx_word' id='word_1_717' title='bbox 1017 4707 1294 4778; x_wconf 89' lang='lat' dir='ltr'><strong>obsequio</strong></span> <span class='ocrx_word' id='word_1_718' title='bbox 1318 4704 1677 4778; x_wconf 89' lang='lat' dir='ltr'><strong>operationis</strong></span> <span class='ocrx_word' id='word_1_719' title='bbox 1703 4704 1920 4777; x_wconf 88' lang='lat' dir='ltr'><strong>imper-</strong></span> 
     </span>
    </p>
   </div>
   <div class='ocr_carea' id='block_1_97' title="bbox 263 4795 1921 4869">
    <p class='ocr_par' dir='ltr' id='par_1_97' title="bbox 263 4795 1921 4869">
     <span class='ocr_line' id='line_1_97' title="bbox 263 4795 1921 4869; baseline -0.005 -16"><span class='ocrx_word' id='word_1_720' title='bbox 263 4796 479 4869; x_wconf 87' lang='lat' dir='ltr'><strong>tit,qui</strong></span> <span class='ocrx_word' id='word_1_721' title='bbox 511 4813 617 4851; x_wconf 89' lang='lat' dir='ltr'><strong>nec</strong></span> <span class='ocrx_word' id='word_1_722' title='bbox 649 4795 767 4851; x_wconf 89' lang='lat' dir='ltr'><strong>illic</strong></span> <span class='ocrx_word' id='word_1_723' title='bbox 797 4795 952 4852; x_wconf 88' lang='lat' dir='ltr'><strong>circa</strong></span> <span class='ocrx_word' id='word_1_724' title='bbox 982 4812 1179 4851; x_wconf 89' lang='lat' dir='ltr'><strong>curam</strong></span> <span class='ocrx_word' id='word_1_725' title='bbox 1209 4811 1516 4866; x_wconf 90' lang='lat' dir='ltr'><strong>corporum</strong></span> <span class='ocrx_word' id='word_1_726' title='bbox 1549 4795 1738 4862; x_wconf 87' lang='lat' dir='ltr'><strong>deest,</strong></span> <span class='ocrx_word' id='word_1_727' title='bbox 1754 4798 1863 4850; x_wconf 90' lang='lat' dir='ltr'><strong>etc.</strong></span> <span class='ocrx_word' id='word_1_728' title='bbox 1893 4815 1921 4845; x_wconf 82' lang='lat'><strong><em>»</em></strong></span> 
     </span>
    </p>
   </div>
   <div class='ocr_carea' id='block_1_98' title="bbox 261 4883 1922 4956">
    <p class='ocr_par' dir='ltr' id='par_1_98' title="bbox 261 4883 1922 4956">
     <span class='ocr_line' id='line_1_98' title="bbox 261 4883 1922 4956; baseline -0.004 -13"><span class='ocrx_word' id='word_1_729' title='bbox 261 4887 354 4943; x_wconf 82' lang='lat' dir='ltr'><strong>Ad</strong></span> <span class='ocrx_word' id='word_1_730' title='bbox 388 4886 666 4941; x_wconf 91' lang='lat' dir='ltr'><strong>diaconos</strong></span> <span class='ocrx_word' id='word_1_731' title='bbox 696 4885 817 4940; x_wconf 87' lang='lat' dir='ltr'><strong>hac</strong></span> <span class='ocrx_word' id='word_1_732' title='bbox 847 4901 987 4939; x_wconf 90' lang='lat' dir='ltr'><strong>cura</strong></span> <span class='ocrx_word' id='word_1_733' title='bbox 1018 4883 1344 4956; x_wconf 90' lang='lat' dir='ltr'><strong>specialiter</strong></span> <span class='ocrx_word' id='word_1_734' title='bbox 1359 4883 1779 4955; x_wconf 89' lang='lat' dir='ltr'><strong>pertinebat,ut</strong></span> <span class='ocrx_word' id='word_1_735' title='bbox 1811 4899 1922 4938; x_wconf 91' lang='lat' dir='ltr'><strong>non</strong></span> 
     </span>
    </p>
   </div>
   <div class='ocr_carea' id='block_1_99' title="bbox 264 4972 1929 5045">
    <p class='ocr_par' dir='ltr' id='par_1_99' title="bbox 264 4972 1929 5045">
     <span class='ocr_line' id='line_1_99' title="bbox 264 4972 1929 5045; baseline -0.002 -15"><span class='ocrx_word' id='word_1_736' title='bbox 264 4973 474 5030; x_wconf 87' lang='lat' dir='ltr'><strong>solum</strong></span> <span class='ocrx_word' id='word_1_737' title='bbox 506 4991 571 5029; x_wconf 82' lang='lat' dir='ltr'><strong>ex</strong></span> <span class='ocrx_word' id='word_1_738' title='bbox 602 4979 936 5029; x_wconf 88' lang='lat' dir='ltr'><strong>nostrorum</strong></span> <span class='ocrx_word' id='word_1_739' title='bbox 969 4978 1291 5045; x_wconf 88' lang='lat' dir='ltr'><strong>martyrum</strong></span> <span class='ocrx_word' id='word_1_740' title='bbox 1321 4972 1502 5039; x_wconf 87' lang='lat' dir='ltr'><strong>Actis,</strong></span> <span class='ocrx_word' id='word_1_741' title='bbox 1528 4972 1628 5027; x_wconf 90' lang='lat' dir='ltr'><strong>sed</strong></span> <span class='ocrx_word' id='word_1_742' title='bbox 1666 4972 1841 5027; x_wconf 88' lang='lat' dir='ltr'><strong>etiam</strong></span> <span class='ocrx_word' id='word_1_743' title='bbox 1861 4987 1929 5027; x_wconf 83' lang='lat' dir='ltr'><strong>ex</strong></span> 
     </span>
    </p>
   </div>
   <div class='ocr_carea' id='block_1_100' title="bbox 265 5060 1927 5135">
    <p class='ocr_par' dir='ltr' id='par_1_100' title="bbox 265 5060 1927 5135">
     <span class='ocr_line' id='line_1_100' title="bbox 265 5060 1927 5135; baseline -0.004 -14"><span class='ocrx_word' id='word_1_744' title='bbox 265 5061 547 5135; x_wconf 85' lang='lat' dir='ltr'><strong>ejusdem</strong></span> <span class='ocrx_word' id='word_1_745' title='bbox 600 5062 865 5135; x_wconf 90' lang='lat' dir='ltr'><strong>Cypriani</strong></span> <span class='ocrx_word' id='word_1_746' title='bbox 898 5061 1163 5133; x_wconf 88' lang='lat' dir='ltr'><strong>epistolis</strong></span> <span class='ocrx_word' id='word_1_747' title='bbox 1215 5065 1274 5117; x_wconf 91' lang='lat' dir='ltr'><strong>et</strong></span> <span class='ocrx_word' id='word_1_748' title='bbox 1328 5077 1397 5115; x_wconf 86' lang='lat' dir='ltr'><strong>ex</strong></span> <span class='ocrx_word' id='word_1_749' title='bbox 1458 5060 1715 5132; x_wconf 92' lang='lat' dir='ltr'><strong>Dionysii</strong></span> <span class='ocrx_word' id='word_1_750' title='bbox 1767 5060 1927 5115; x_wconf 83' lang='lat' dir='ltr'><strong>Alex.</strong></span> 
     </span>
    </p>
   </div>
   <div class='ocr_carea' id='block_1_101' title="bbox 271 5147 1930 5224">
    <p class='ocr_par' dir='ltr' id='par_1_101' title="bbox 271 5147 1930 5224">
     <span class='ocr_line' id='line_1_101' title="bbox 271 5147 1930 5224; baseline -0.002 -18"><span class='ocrx_word' id='word_1_751' title='bbox 271 5150 530 5224; x_wconf 87' lang='lat' dir='ltr'><strong>epistola</strong></span> <span class='ocrx_word' id='word_1_752' title='bbox 558 5152 629 5205; x_wconf 87' lang='lat' dir='ltr'><strong>ad</strong></span> <span class='ocrx_word' id='word_1_753' title='bbox 665 5151 981 5206; x_wconf 87' lang='lat' dir='ltr'><strong>Domitium</strong></span> <span class='ocrx_word' id='word_1_754' title='bbox 1042 5154 1100 5206; x_wconf 90' lang='lat' dir='ltr'><strong>et</strong></span> <span class='ocrx_word' id='word_1_755' title='bbox 1146 5150 1478 5221; x_wconf 87' lang='lat' dir='ltr'><strong>Didymum,</strong></span> <span class='ocrx_word' id='word_1_756' title='bbox 1540 5148 1639 5203; x_wconf 91' lang='lat' dir='ltr'><strong>ubi</strong></span> <span class='ocrx_word' id='word_1_757' title='bbox 1697 5147 1930 5203; x_wconf 90' lang='lat' dir='ltr'><strong>Eusebii</strong></span> 
     </span>
    </p>
   </div>
   <div class='ocr_carea' id='block_1_102' title="bbox 270 5237 1932 5309">
    <p class='ocr_par' dir='ltr' id='par_1_102' title="bbox 270 5237 1932 5309">
     <span class='ocr_line' id='line_1_102' title="bbox 270 5237 1932 5309; baseline -0.004 -11"><span class='ocrx_word' id='word_1_758' title='bbox 270 5240 523 5298; x_wconf 85' lang='lat' dir='ltr'><strong>Diaceni</strong></span> <span class='ocrx_word' id='word_1_759' title='bbox 561 5239 931 5296; x_wconf 87' lang='lat' dir='ltr'><strong>sedulitatem</strong></span> <span class='ocrx_word' id='word_1_760' title='bbox 964 5239 1355 5309; x_wconf 88' lang='lat' dir='ltr'><strong>commendat,</strong></span> <span class='ocrx_word' id='word_1_761' title='bbox 1393 5238 1492 5309; x_wconf 89' lang='lat' dir='ltr'><strong>qui</strong></span> <span class='ocrx_word' id='word_1_762' title='bbox 1532 5237 1593 5293; x_wconf 92' lang='lat' dir='ltr'><strong>in</strong></span> <span class='ocrx_word' id='word_1_763' title='bbox 1648 5240 1932 5309; x_wconf 89' lang='lat' dir='ltr'><strong>martyres</strong></span> 
     </span>
    </p>
   </div>
   <div class='ocr_carea' id='block_1_103' title="bbox 348 5407 1938 5492">
    <p class='ocr_par' dir='ltr' id='par_1_103' title="bbox 348 5407 1938 5492">
     <span class='ocr_line' id='line_1_103' title="bbox 348 5407 1938 5492; baseline -0.005 -18"><span class='ocrx_word' id='word_1_764' title='bbox 348 5419 470 5492; x_wconf 82' lang='lat'><strong>(89)</strong></span> <span class='ocrx_word' id='word_1_765' title='bbox 502 5408 761 5492; x_wconf 57' lang='lat' dir='ltr'><strong>E&#39;ﬁeiéio;</strong></span> <span class='ocrx_word' id='word_1_766' title='bbox 821 5416 890 5492; x_wconf 48' lang='grc' dir='ltr'><strong>’ὸνῄ</strong></span> <span class='ocrx_word' id='word_1_767' title='bbox 940 5414 1012 5492; x_wconf 43' lang='grc' dir='ltr'><strong>ἐξ-</strong></span> <span class='ocrx_word' id='word_1_768' title='bbox 1056 5414 1235 5492; x_wconf 76' lang='grc' dir='ltr'>ἀρχῆς</span> <span class='ocrx_word' id='word_1_769' title='bbox 1295 5414 1323 5469; x_wconf 85' lang='grc' dir='ltr'><strong>ὁ</strong></span> <span class='ocrx_word' id='word_1_770' title='bbox 1380 5413 1513 5492; x_wconf 56' lang='grc' dir='ltr'><strong>θεὸς</strong></span> <span class='ocrx_word' id='word_1_771' title='bbox 1568 5407 1938 5492; x_wconf 59' lang='grc' dir='ltr'><strong>ἐνεξανάμῳσι</strong></span> 
     </span>
    </p>
   </div>
   <div class='ocr_carea' id='block_1_104' title="bbox 273 5480 1936 5572">
    <p class='ocr_par' dir='ltr' id='par_1_104' title="bbox 273 5480 1936 5572">
     <span class='ocr_line' id='line_1_104' title="bbox 273 5480 1936 5572; baseline -0.003 -30"><span class='ocrx_word' id='word_1_772' title='bbox 273 5480 366 5545; x_wconf 60' lang='grc' dir='ltr'><strong>ναξ</strong></span> <span class='ocrx_word' id='word_1_773' title='bbox 429 5480 793 5565; x_wconf 47' lang='lat' dir='ltr'><strong>iuges-4523173</strong></span> <span class='ocrx_word' id='word_1_774' title='bbox 839 5490 932 5572; x_wconf 49' lang='lat' dir='ltr'><strong>tot;</strong></span> <span class='ocrx_word' id='word_1_775' title='bbox 978 5480 1287 5572; x_wconf 58' lang='grc' dir='ltr'><strong>’ὑπήρἑῖῖας</strong></span> <span class='ocrx_word' id='word_1_776' title='bbox 1315 5490 1454 5572; x_wconf 26' lang='lat' dir='ltr'><strong>quin.</strong></span> <span class='ocrx_word' id='word_1_777' title='bbox 1497 5484 1727 5572; x_wconf 28' lang='grc' dir='ltr'><strong>ἐνςτοιῖςΧ</strong></span> <span class='ocrx_word' id='word_1_778' title='bbox 1765 5480 1936 5561; x_wconf 80' lang='grc' dir='ltr'>φυλα-</span> 
     </span>
    </p>
   </div>
   <div class='ocr_carea' id='block_1_105' title="bbox 273 5554 1914 5652">
    <p class='ocr_par' dir='ltr' id='par_1_105' title="bbox 273 5554 1914 5652">
     <span class='ocr_line' id='line_1_105' title="bbox 273 5554 1914 5652; baseline -0.004 -37"><span class='ocrx_word' id='word_1_779' title='bbox 273 5569 401 5624; x_wconf 74' lang='grc' dir='ltr'><strong>κειῖς</strong></span> <span class='ocrx_word' id='word_1_780' title='bbox 428 5554 741 5652; x_wconf 52' lang='grc' dir='ltr'><strong>γξςᾶομένων</strong></span> <span class='ocrx_word' id='word_1_781' title='bbox 782 5554 1143 5647; x_wconf 52' lang='grc' dir='ltr'><strong>ὁμοῇιογητῶν</strong></span> <span class='ocrx_word' id='word_1_782' title='bbox 1180 5555 1375 5652; x_wconf 41' lang='lat' dir='ltr'><strong>amp?</strong></span> <span class='ocrx_word' id='word_1_783' title='bbox 1426 5556 1499 5643; x_wconf 62' lang='lat' dir='ltr'><strong>(iis</strong></span> <span class='ocrx_word' id='word_1_784' title='bbox 1556 5554 1914 5652; x_wconf 46' lang='lat' dir='ltr'><strong>dapnIXn&#39;poﬁv</strong></span> 
     </span>
    </p>
   </div>
   <div class='ocr_carea' id='block_1_106' title="bbox 276 5626 1918 5706">
    <p class='ocr_par' dir='ltr' id='par_1_106' title="bbox 276 5626 1918 5706">
     <span class='ocr_line' id='line_1_106' title="bbox 276 5626 1918 5706; baseline -0.004 -18"><span class='ocrx_word' id='word_1_785' title='bbox 276 5636 374 5687; x_wconf 69' lang='grc' dir='ltr'>καὶ</span> <span class='ocrx_word' id='word_1_786' title='bbox 430 5626 531 5695; x_wconf 62' lang='grc' dir='ltr'><strong>ἑὰς</strong></span> <span class='ocrx_word' id='word_1_787' title='bbox 571 5626 697 5688; x_wconf 71' lang='grc' dir='ltr'><strong>’τῶν</strong></span> <span class='ocrx_word' id='word_1_788' title='bbox 756 5626 1031 5704; x_wconf 51' lang='grc' dir='ltr'><strong>συὶμάτώκί</strong></span> <span class='ocrx_word' id='word_1_789' title='bbox 1074 5626 1398 5706; x_wconf 55' lang='lat' dir='ltr'><strong>nepte-colat:</strong></span> <span class='ocrx_word' id='word_1_790' title='bbox 1431 5632 1535 5683; x_wconf 83' lang='grc' dir='ltr'><strong>τῶν</strong></span> <span class='ocrx_word' id='word_1_791' title='bbox 1565 5626 1795 5683; x_wconf 55' lang='grc' dir='ltr'><strong>τελείωύ</strong></span> <span class='ocrx_word' id='word_1_792' title='bbox 1849 5647 1918 5681; x_wconf 83' lang='grc' dir='ltr'>κα</span> 
     </span>
    </p>
   </div>
   <div class='ocr_carea' id='block_1_107' title="bbox 566 5759 989 5825">
    <p class='ocr_par' dir='ltr' id='par_1_107' title="bbox 566 5759 989 5825">
     <span class='ocr_line' id='line_1_107' title="bbox 566 5759 989 5825; baseline 0.002 -3"><span class='ocrx_word' id='word_1_793' title='bbox 566 5762 834 5825; x_wconf 67' lang='grc' dir='ltr'><strong>Ρηιιοι..</strong></span> <span class='ocrx_word' id='word_1_794' title='bbox 881 5759 989 5823; x_wconf 88' lang='lat' dir='ltr'><strong>llI.</strong></span> 
     </span>
    </p>
   </div>
   <div class='ocr_carea' id='block_1_108' title="bbox 2032 4616 3679 4690">
    <p class='ocr_par' dir='ltr' id='par_1_108' title="bbox 2032 4616 3679 4690">
     <span class='ocr_line' id='line_1_108' title="bbox 2032 4616 3679 4690; baseline 0.001 -16"><span class='ocrx_word' id='word_1_795' title='bbox 2032 4617 2336 4690; x_wconf 90' lang='lat' dir='ltr'><strong>splendide</strong></span> <span class='ocrx_word' id='word_1_796' title='bbox 2368 4634 2433 4671; x_wconf 90' lang='lat' dir='ltr'><strong>ac</strong></span> <span class='ocrx_word' id='word_1_797' title='bbox 2464 4616 2780 4671; x_wconf 90' lang='lat' dir='ltr'><strong>liberaliter</strong></span> <span class='ocrx_word' id='word_1_798' title='bbox 2801 4616 3051 4672; x_wconf 89' lang='lat' dir='ltr'><strong>habites.</strong></span> <span class='ocrx_word' id='word_1_799' title='bbox 3086 4617 3166 4673; x_wconf 93' lang='lat' dir='ltr'><strong>De</strong></span> <span class='ocrx_word' id='word_1_800' title='bbox 3190 4618 3679 4677; x_wconf 87' lang='lat' dir='ltr'><strong>Montanistarum</strong></span> 
     </span>
    </p>
   </div>
   <div class='ocr_carea' id='block_1_109' title="bbox 2032 4704 3679 4781">
    <p class='ocr_par' dir='ltr' id='par_1_109' title="bbox 2032 4704 3679 4781">
     <span class='ocr_line' id='line_1_109' title="bbox 2032 4704 3679 4781; baseline 0.002 -18"><span class='ocrx_word' id='word_1_801' title='bbox 2032 4723 2167 4764; x_wconf 89' lang='lat' dir='ltr'><strong>vero</strong></span> <span class='ocrx_word' id='word_1_802' title='bbox 2198 4704 2417 4761; x_wconf 89' lang='lat' dir='ltr'><strong>duritia</strong></span> <span class='ocrx_word' id='word_1_803' title='bbox 2445 4705 2847 4778; x_wconf 88' lang='lat' dir='ltr'><strong>gravitateque</strong></span> <span class='ocrx_word' id='word_1_804' title='bbox 2892 4704 3013 4761; x_wconf 84' lang='lat' dir='ltr'><strong>hac</strong></span> <span class='ocrx_word' id='word_1_805' title='bbox 3058 4710 3229 4763; x_wconf 83' lang='lat' dir='ltr'><strong>antea</strong></span> <span class='ocrx_word' id='word_1_806' title='bbox 3280 4710 3679 4781; x_wconf 86' lang='lat' dir='ltr'><strong>pramiserat:</strong></span> 
     </span>
    </p>
   </div>
   <div class='ocr_carea' id='block_1_110' title="bbox 2035 4793 3683 4868">
    <p class='ocr_par' dir='ltr' id='par_1_110' title="bbox 2035 4793 3683 4868">
     <span class='ocr_line' id='line_1_110' title="bbox 2035 4793 3683 4868; baseline 0.002 -21"><span class='ocrx_word' id='word_1_807' title='bbox 2035 4817 2063 4847; x_wconf 83' lang='grc'>‹‹</span> <span class='ocrx_word' id='word_1_808' title='bbox 2096 4793 2171 4851; x_wconf 92' lang='lat' dir='ltr'><strong>Ut</strong></span> <span class='ocrx_word' id='word_1_809' title='bbox 2201 4794 2271 4849; x_wconf 92' lang='lat' dir='ltr'><strong>ab</strong></span> <span class='ocrx_word' id='word_1_810' title='bbox 2301 4794 2527 4850; x_wconf 87' lang='lat' dir='ltr'><strong>Joanne</strong></span> <span class='ocrx_word' id='word_1_811' title='bbox 2560 4793 2894 4849; x_wconf 89' lang='lat' dir='ltr'><strong>Paracletus</strong></span> <span class='ocrx_word' id='word_1_812' title='bbox 2926 4795 3339 4863; x_wconf 89' lang='lat' dir='ltr'><strong>ebmutuisset,</strong></span> <span class='ocrx_word' id='word_1_813' title='bbox 3368 4796 3481 4868; x_wconf 90' lang='lat' dir='ltr'><strong>ipsi</strong></span> <span class='ocrx_word' id='word_1_814' title='bbox 3518 4796 3683 4851; x_wconf 89' lang='lat' dir='ltr'><strong>nobis</strong></span> 
     </span>
    </p>
   </div>
   <div class='ocr_carea' id='block_1_111' title="bbox 2037 4883 3684 4957">
    <p class='ocr_par' dir='ltr' id='par_1_111' title="bbox 2037 4883 3684 4957">
     <span class='ocr_line' id='line_1_111' title="bbox 2037 4883 3684 4957; baseline -0.001 -18"><span class='ocrx_word' id='word_1_815' title='bbox 2037 4883 2332 4957; x_wconf 81' lang='lat' dir='ltr'><strong>propheta</strong></span> <span class='ocrx_word' id='word_1_816' title='bbox 2362 4883 2419 4938; x_wconf 90' lang='lat' dir='ltr'><strong>in</strong></span> <span class='ocrx_word' id='word_1_817' title='bbox 2454 4883 2603 4938; x_wconf 91' lang='lat' dir='ltr'><strong>hanc</strong></span> <span class='ocrx_word' id='word_1_818' title='bbox 2636 4883 2887 4949; x_wconf 84' lang='lat' dir='ltr'><strong>maxime</strong></span> <span class='ocrx_word' id='word_1_819' title='bbox 2920 4900 3161 4939; x_wconf 87' lang='lat' dir='ltr'><strong>causam</strong></span> <span class='ocrx_word' id='word_1_820' title='bbox 3206 4885 3684 4939; x_wconf 87' lang='lat' dir='ltr'><strong>exstitissemus..</strong></span> 
     </span>
    </p>
   </div>
   <div class='ocr_carea' id='block_1_112' title="bbox 2047 4969 3691 5048">
    <p class='ocr_par' dir='ltr' id='par_1_112' title="bbox 2047 4969 3691 5048">
     <span class='ocr_line' id='line_1_112' title="bbox 2047 4969 3691 5048; baseline -0.001 -21"><span class='ocrx_word' id='word_1_821' title='bbox 2047 4972 2369 5028; x_wconf 90' lang='lat' dir='ltr'><strong>indicentes</strong></span> <span class='ocrx_word' id='word_1_822' title='bbox 2400 4988 2632 5027; x_wconf 89' lang='lat' dir='ltr'><strong>omnem</strong></span> <span class='ocrx_word' id='word_1_823' title='bbox 2664 4970 3138 5048; x_wconf 80' lang='grc' dir='ltr'><strong>ταπεινοφρόνησιν</strong></span> <span class='ocrx_word' id='word_1_824' title='bbox 3172 4988 3514 5027; x_wconf 88' lang='lat' dir='ltr'><strong>cumcarcer</strong></span> <span class='ocrx_word' id='word_1_825' title='bbox 3542 4969 3691 5025; x_wconf 88' lang='lat' dir='ltr'><strong>edis-</strong></span> 
     </span>
    </p>
   </div>
   <div class='ocr_carea' id='block_1_113' title="bbox 2039 5057 3687 5127">
    <p class='ocr_par' dir='ltr' id='par_1_113' title="bbox 2039 5057 3687 5127">
     <span class='ocr_line' id='line_1_113' title="bbox 2039 5057 3687 5127; baseline -0.002 -9"><span class='ocrx_word' id='word_1_826' title='bbox 2039 5062 2281 5126; x_wconf 90' lang='lat' dir='ltr'><strong>cendus,</strong></span> <span class='ocrx_word' id='word_1_827' title='bbox 2315 5066 2371 5117; x_wconf 93' lang='lat' dir='ltr'><strong>et</strong></span> <span class='ocrx_word' id='word_1_828' title='bbox 2403 5063 2588 5117; x_wconf 88' lang='lat' dir='ltr'><strong>fames</strong></span> <span class='ocrx_word' id='word_1_829' title='bbox 2609 5078 2676 5117; x_wconf 89' lang='lat' dir='ltr'><strong>ac</strong></span> <span class='ocrx_word' id='word_1_830' title='bbox 2707 5061 2837 5116; x_wconf 91' lang='lat' dir='ltr'><strong>sitis</strong></span> <span class='ocrx_word' id='word_1_831' title='bbox 2864 5063 3211 5127; x_wconf 89' lang='lat' dir='ltr'><strong>exercenda,</strong></span> <span class='ocrx_word' id='word_1_832' title='bbox 3246 5066 3302 5115; x_wconf 91' lang='lat' dir='ltr'><strong>et</strong></span> <span class='ocrx_word' id='word_1_833' title='bbox 3330 5065 3450 5115; x_wconf 83' lang='lat' dir='ltr'><strong>tam</strong></span> <span class='ocrx_word' id='word_1_834' title='bbox 3482 5057 3687 5114; x_wconf 86' lang='lat' dir='ltr'><strong>inedia</strong></span> 
     </span>
    </p>
   </div>
   <div class='ocr_carea' id='block_1_114' title="bbox 2043 5148 3687 5224">
    <p class='ocr_par' dir='ltr' id='par_1_114' title="bbox 2043 5148 3687 5224">
     <span class='ocr_line' id='line_1_114' title="bbox 2043 5148 3687 5224; baseline -0.002 -18"><span class='ocrx_word' id='word_1_835' title='bbox 2043 5168 2218 5224; x_wconf 80' lang='lat' dir='ltr'><strong>quam</strong></span> <span class='ocrx_word' id='word_1_836' title='bbox 2251 5151 2407 5206; x_wconf 85' lang='lat' dir='ltr'><strong>anxii</strong></span> <span class='ocrx_word' id='word_1_837' title='bbox 2432 5152 2621 5205; x_wconf 87' lang='lat' dir='ltr'><strong>vietus</strong></span> <span class='ocrx_word' id='word_1_838' title='bbox 2649 5149 2966 5206; x_wconf 86' lang='lat' dir='ltr'><strong>tolerantia</strong></span> <span class='ocrx_word' id='word_1_839' title='bbox 2997 5149 3336 5221; x_wconf 88' lang='lat' dir='ltr'><strong>usurpanda</strong></span> <span class='ocrx_word' id='word_1_840' title='bbox 3376 5149 3472 5215; x_wconf 89' lang='lat' dir='ltr'><strong>sit,</strong></span> <span class='ocrx_word' id='word_1_841' title='bbox 3532 5154 3593 5202; x_wconf 91' lang='lat' dir='ltr'><strong>ut</strong></span> <span class='ocrx_word' id='word_1_842' title='bbox 3626 5148 3687 5203; x_wconf 91' lang='lat' dir='ltr'><strong>in</strong></span> 
     </span>
    </p>
   </div>
   <div class='ocr_carea' id='block_1_115' title="bbox 2043 5236 3693 5309">
    <p class='ocr_par' dir='ltr' id='par_1_115' title="bbox 2043 5236 3693 5309">
     <span class='ocr_line' id='line_1_115' title="bbox 2043 5236 3693 5309; baseline -0.002 -13"><span class='ocrx_word' id='word_1_843' title='bbox 2043 5256 2332 5296; x_wconf 87' lang='lat' dir='ltr'><strong>carcerem</strong></span> <span class='ocrx_word' id='word_1_844' title='bbox 2357 5239 2494 5294; x_wconf 83' lang='lat' dir='ltr'><strong>talis</strong></span> <span class='ocrx_word' id='word_1_845' title='bbox 2520 5239 2769 5295; x_wconf 89' lang='lat' dir='ltr'><strong>introeat</strong></span> <span class='ocrx_word' id='word_1_846' title='bbox 2797 5236 3380 5309; x_wconf 89' lang='lat' dir='ltr'><strong>christianus,qualis</strong></span> <span class='ocrx_word' id='word_1_847' title='bbox 3403 5236 3538 5293; x_wconf 91' lang='lat' dir='ltr'><strong>inde</strong></span> <span class='ocrx_word' id='word_1_848' title='bbox 3555 5252 3693 5309; x_wconf 89' lang='lat' dir='ltr'><strong>pro-</strong></span> 
     </span>
    </p>
   </div>
   <div class='ocr_carea' id='block_1_116' title="bbox 2051 5407 3700 5544">
    <p class='ocr_par' dir='ltr' id='par_1_116' title="bbox 2051 5407 3700 5544">
     <span class='ocr_line' id='line_1_116' title="bbox 2126 5407 3700 5491; baseline 0.004 -22"><span class='ocrx_word' id='word_1_849' title='bbox 2126 5434 2195 5469; x_wconf 82' lang='grc' dir='ltr'>κα</span> <span class='ocrx_word' id='word_1_850' title='bbox 2240 5411 2333 5469; x_wconf 84' lang='grc' dir='ltr'><strong>ίων</strong></span> <span class='ocrx_word' id='word_1_851' title='bbox 2398 5410 2682 5489; x_wconf 74' lang='grc' dir='ltr'><strong>μαρτύρων</strong></span> <span class='ocrx_word' id='word_1_852' title='bbox 2745 5410 2845 5467; x_wconf 80' lang='grc' dir='ltr'>οὐκ</span> <span class='ocrx_word' id='word_1_853' title='bbox 2902 5407 3197 5476; x_wconf 79' lang='grc' dir='ltr'>ἀκινδύνως</span> <span class='ocrx_word' id='word_1_854' title='bbox 3247 5408 3503 5473; x_wconf 76' lang='grc' dir='ltr'>ἐκτελεῖν.</span> <span class='ocrx_word' id='word_1_855' title='bbox 3538 5415 3700 5491; x_wconf 77' lang='lat' dir='ltr'><strong>Apud</strong></span> 
     </span>
     <span class='ocr_line' id='line_1_117' title="bbox 2051 5434 2845 5544; baseline -0.005 0"><span class='ocrx_word' id='word_1_856' title='bbox 2051 5434 2286 5544; x_wconf 47' lang='lat' dir='ltr'><strong>ﬁsci)”</strong></span> <span class='ocrx_word' id='word_1_857' title='bbox 2322 5486 2452 5542; x_wconf 87' lang='lat' dir='ltr'><strong>libr.</strong></span> <span class='ocrx_word' id='word_1_858' title='bbox 2488 5503 2589 5544; x_wconf 62' lang='grc' dir='ltr'>ιιι.</span> <span class='ocrx_word' id='word_1_859' title='bbox 2622 5502 2748 5544; x_wconf 80' lang='lat' dir='ltr'><strong>can.</strong></span> <span class='ocrx_word' id='word_1_860' title='bbox 2791 5486 2845 5540; x_wconf 85' lang='lat'><strong>2.</strong></span> 
     </span>
    </p>
   </div>
   <div class='ocr_carea' id='block_1_117' title="bbox 2096 5487 2845 5633">
    <p class='ocr_par' dir='ltr' id='par_1_117' title="bbox 2096 5487 2845 5633">
     <span class='ocr_line' id='line_1_118' title="bbox 2096 5487 2845 5559; baseline -0.007 -15"><span class='ocrx_word' id='word_1_861' title='bbox 2096 5487 2286 5544; x_wconf 88' lang='lat' dir='ltr'><strong>useb..</strong></span> <span class='ocrx_word' id='word_1_862' title='bbox 2322 5487 2452 5542; x_wconf 87' lang='lat' dir='ltr'><strong>libr.</strong></span> <span class='ocrx_word' id='word_1_863' title='bbox 2477 5487 2589 5556; x_wconf 42' lang='lat' dir='ltr'><strong>&#39;xn,</strong></span> <span class='ocrx_word' id='word_1_864' title='bbox 2622 5502 2748 5559; x_wconf 87' lang='lat' dir='ltr'><strong>cap.</strong></span> <span class='ocrx_word' id='word_1_865' title='bbox 2791 5487 2845 5556; x_wconf 81' lang='lat'><strong>2.</strong></span> 
     </span>
     <span class='ocr_line' id='line_1_119' title="bbox 2122 5557 2539 5633; baseline -0.012 -18"><span class='ocrx_word' id='word_1_866' title='bbox 2122 5560 2234 5633; x_wconf 88' lang='lat'><strong>(90)</strong></span> <span class='ocrx_word' id='word_1_867' title='bbox 2266 5562 2403 5633; x_wconf 88' lang='lat' dir='ltr'><strong>Cap.</strong></span> <span class='ocrx_word' id='word_1_868' title='bbox 2444 5557 2539 5616; x_wconf 78' lang='grc'><strong>42.</strong></span> 
     </span>
    </p>
   </div>
  </div>
