4064 6154
448 263 558 322 171

1590 242 2116 311 DlSSER'l‘ATIO
2157 239 2700 304 APOLOGETIGA

3733 240 3854 301 £72

457 395 661 459 disset;
687 407 800 446 non
832 405 1065 462 pmnam
1090 386 1208 443 illic
1233 400 1537 458 passurus,
1561 383 1660 438 sed
1681 378 2048 450 disciplinam
2078 418 2090 442 ,
2122 378 2176 442 Α
2209 390 2390 444 usque
2421 372 2701 444 temporis
2733 389 2784 462 vi
2804 371 2880 427 :ei
2913 374 3316 462 consueverat.
3351 370 3613 462 Cumque
3641 371 3702 427 in
3727 389 3853 427 ear-

451 497 555 536 nec
585 477 779 534 saeculi
810 481 1120 546 tormenta,
1154 475 1255 532 sed
1316 472 1528 539 ofﬁcia,
1577 485 1762 542 eoque
1820 464 2093 522 ﬁdentior

452 582 837 639 processurus
868 567 940 622 ad
973 569 1264 621 certamen
1296 577 1326 618 e
1357 560 1623 617 custodia
1669 558 1892 615 abusus
1943 551 2091 609 nihil

447 655 675 712 habens
705 655 917 724 carnis,
945 654 1031 710 sic
1062 658 1127 708 ut
1158 667 1264 720 nec
1292 651 1548 707 habeant
1577 649 1868 704 tormenta
1915 645 2094 699 mate-

450 745 640 811 riam;
700 759 833 799 cum
891 742 1016 799 sola
1073 746 1133 798 et
1203 739 1366 797 arida
1421 738 1495 795 sit
1578 741 1709 793 cute
1788 732 2089 799 loricatus,

452 837 510 888 et
591 837 796 889 contra
899 830 1152 904 ungulas
1238 844 1506 897 corneus,
1592 823 1896 899 praemisso
1970 821 2090 890 jam

453 920 757 993 sanguinis
790 936 984 987 succo,
1033 925 1314 991 tanquam
1367 917 1573 973 animas
1630 908 2092 986 impedimentis,

452 1013 796 1082 properante
814 1009 940 1080 jam
970 1012 1028 1064 et
1058 1007 1204 1079 ipsa,
1239 1023 1366 1078 quae
1380 1001 2092 1078 saepejejunans,mortem

454 1097 525 1152 de
555 1095 818 1168 proximo
850 1096 1023 1152 norit.
1061 1117 1088 1143 »
1119 1094 1246 1149 Hm
1288 1094 1476 1149 victus
1524 1089 1859 1152 austeritas,
1917 1100 2093 1157 quam

452 1185 547 1242 hic
575 1184 972 1241 Tertullianus
1003 1199 1070 1239 ex
1111 1173 1598 1239 Montanistarum
1654 1176 1964 1248 disciplina
1994 1174 2094 1228 de-

455 1273 678 1339 scribit,
710 1288 825 1329 non
854 1271 945 1327 hic
956 1271 1220 1328 solumin
1236 1275 1566 1326 nostrorum
1591 1270 1914 1338 martyrum
1934 1261 2097 1319 Actis

455 1361 663 1417 nullibi
694 1365 972 1432 apparet;
1006 1360 1146 1430 quin
1179 1374 1277 1415 eos
1308 1363 1508 1414 contra
1533 1354 1805 1427 superius
1841 1350 2096 1407 vidimus

457 1449 585 1505 cibo
617 1453 876 1521 potuque
907 1447 1086 1504 libere
1115 1451 1365 1516 utentes,
1387 1451 1596 1501 etcum
1613 1441 1958 1515 castigatius
1978 1443 2098 1495 tra-

457 1541 1127 1609 ctarentur,Perpetuam
1142 1534 1474 1591 audivimus
1486 1532 1895 1588 bistribunum
1908 1527 2099 1585 verbis

457 1625 887 1698 objurgantem,
937 1625 1106 1695 eique
1146 1629 1348 1679 sancta
1404 1620 1713 1678 securitate
1770 1618 2096 1674 dicentem:

2200 477 2333 519 cere
2362 462 2591 534 positus
2622 461 2886 517 eamdem
2929 459 3157 516 vivendi
3188 459 3476 517 rationem
3507 459 3679 516 vellet
3709 463 3854 516 reti-

2202 566 2360 617 nere,
2385 549 2577 605 Attalo
2609 553 2741 622 post
2771 547 3052 622 primum,
3104 549 3260 620 quod
3310 548 3370 603 in
3419 548 3852 621 amphitheatro

2201 639 2527 694 confecerat
2580 645 2896 706 certamen,
2957 636 3275 693 revelatum
3344 642 3454 705 est,
3521 655 3636 694 non
3695 645 3853 694 recte

2202 743 2389 799 neque
2419 726 2626 783 ordine
2656 726 2844 782 facere
2879 725 3256 794 Alcibialem,
3309 725 3411 798 qui
3463 731 3519 782 et
3563 727 3852 782 creaturis

2202 815 2305 871 Dei
2337 815 2581 871 minime
2604 819 2881 884 uteretur;
2915 819 2971 870 et
3020 813 3151 870 aliis
3200 813 3535 886 exemplum
3585 815 3852 872 scandali

2203 902 2390 960 ﬁeret.
2423 904 2625 959 Paruit
2654 905 2849 974 itaque
2886 903 3236 969 Alcibiades,
3295 908 3353 958 et
3405 904 3633 961 cunctis
3683 905 3855 959 dein-

2204 1009 2338 1065 ceps
2365 993 2533 1061 cibis,
2575 993 2909 1065 promiscue
2932 993 3012 1047 uti
3044 992 3239 1063 cmpit,
3272 993 3492 1064 gratias
3519 1010 3697 1066 agens
3716 997 3855 1058 Deo,

2202 1085 2398 1152 Neque
2427 1082 2582 1138 enim
2615 1082 2808 1136 divina
2836 1083 3024 1154 gratia
3054 1098 3151 1137 eos
3181 1082 3489 1153 prtesentia
3517 1099 3625 1138 sua
3672 1083 3854 1138 desti-

2204 1175 2435 1232 tuerat;
2474 1171 2576 1226 sed
2604 1171 3000 1226 consultorem
3045 1170 3340 1226 habebant
3379 1171 3662 1242 Spiritum
3721 1188 3854 1226 san-

2205 1263 2384 1315 ctum.
2412 1281 2442 1309 ››
2475 1260 2617 1316 Huic
2648 1261 2846 1331 itaque
2877 1260 3066 1314 eidem
3095 1259 3334 1331 Spiritui
3365 1259 3546 1316 nostri
3569 1264 3856 1330 martyres

2207 1363 2431 1403 morem
2459 1353 2747 1420 gerentes,
2780 1364 3153 1404 communem
3176 1347 3344 1404 illum
3375 1365 3550 1420 quem
3573 1348 3855 1415 diximus,

2207 1435 2623 1508 vulgaremque
2653 1437 2783 1493 vitm
2811 1437 3075 1504 modum,
3101 1437 3278 1493 etiam
3310 1437 3369 1492 in
3401 1436 3859 1505 vinculis,usur-

2208 1530 2442 1598 parunt,
2495 1527 2568 1582 ab
2626 1542 2693 1581 ea
2747 1525 2978 1581 vivendi
3031 1526 3251 1581 ratione
3307 1531 3502 1598 aperte
3532 1526 3858 1593 diversum,

2210 1630 2386 1686 quem
2452 1615 2579 1672 suis
2639 1613 3004 1671 Montanistaa
3072 1613 3430 1687 martyribus
3487 1615 3860 1687 praescripse-

457 1736 486 1764 ‹‹
519 1713 665 1777 Quid
698 1714 895 1784 utique
927 1729 1040 1768 non
1074 1711 1360 1785 permittis
1392 1710 1730 1781 refrigerare
1760 1705 1948 1762 noxiis
1995 1721 2098 1760 no-
2133 1741 2180 1807 B
2214 1708 2369 1758 runt.

459 1800 786 1868 bilissimis,
815 1801 1055 1857 Caesaris
1086 1801 1324 1866 scilicet,
1342 1799 1564 1856 et165
1586 1796 1804 1868 aliquid
1820 1793 2102 1851 etanobis

459 1890 614 1962 quod
648 1890 818 1945 faciat
845 1890 917 1944 ad
950 1889 1236 1960 Spiritum
1270 1903 1502 1959 quoque
1526 1885 1704 1941 natali
1720 1884 1984 1956 ejusdem
2000 1899 2104 1955 pu-

459 1977 726 2050 gnaturis
747 1978 775 2032 ?
806 1985 905 2033 aut
934 1993 1050 2033 non
1083 1982 1184 2032 tua
1212 1975 1398 2047 gloria
1423 1980 1532 2042 est,
1564 1977 1614 2030 si
1635 1973 1973 2046 pinguiores
2004 1971 2101 2028 illo

458 2065 900 2138 producamur?
933 2087 962 2114 ››
992 2067 1126 2130 Quae
1159 2067 1311 2119 certe
1340 2063 1531 2127 verba,
1564 2067 1771 2135 praeter
1817 2059 2101 2116 excelsam

461 2153 642 2209 animi
675 2152 1043 2208 securitatem
1077 2157 1136 2209 et
1163 2151 1636 2222 indolem,quam
1670 2167 1782 2223 pra:
1801 2167 1864 2206 se
1885 2150 2098 2219 ferunt,

463 2245 719 2296 mentem
749 2241 926 2296 etiam
957 2241 1254 2314 Perpetuis
1285 2240 1689 2296 demonstrant
1735 2255 1769 2294 a
1817 2236 2103 2293 Montani-

463 2334 688 2385 starum
719 2327 1003 2384 institutis
1034 2328 1272 2384 omnino
1302 2327 1572 2397 alienam,
1619 2332 1677 2382 et
1731 2325 1863 2382 aliis
1923 2341 2100 2396 quam

462 2417 858 2473 Tertullianus
887 2416 1340 2489 cogitationibus
1371 2415 1695 2488 praeditam.
1741 2414 1890 2478 Quid
1946 2414 2103 2470 enim

464 2507 606 2562 adeo
638 2506 992 2562 contrarium
1023 2523 1196 2578 quam
1228 2507 1520 2578 Perpetua
1549 2510 1606 2562 et
1632 2503 1972 2560 'lertulliani
1999 2503 2106 2557 hac

464 2594 535 2650 de
567 2611 627 2650 re
655 2611 866 2651 sensus
887 2599 944 2650 et
967 2595 1140 2650 verba
1158 2595 1186 2649 ?
1215 2595 1312 2650 llic
1333 2594 1718 2650 christianum
1739 2595 1864 2648 vult
1891 2593 1963 2648 ad
1990 2608 2110 2648 cer-

466 2690 661 2738 tamen
691 2699 722 2738 e
739 2684 1004 2738 custodia
1021 2683 1351 2755 procedere,
1377 2683 1522 2738 nihil
1553 2682 1865 2737 habentem
1890 2680 2104 2745 carnis,

466 2771 591 2828 sola
619 2775 678 2827 et
705 2772 870 2827 arida
897 2776 1031 2828 cute
1058 2771 1386 2839 loricatum,
1410 2771 1714 2844 praemisso
1723 2771 1848 2842 jam
1871 2769 2106 2842 sangui-

464 2860 557 2916 nis
588 2877 783 2929 succo,
817 2865 925 2916 etc.
959 2863 1246 2932 Perpetua
1275 2876 1407 2916 vero
1439 2877 1573 2916 cum
1605 2859 1840 2916 tribuno
1873 2859 1944 2914 de
1983 2859 2104 2914 vic-

463 2955 553 3005 tas
582 2949 866 3006 tenuitate
893 2949 1222 3023 expostulat
1246 2955 1320 3021 et,
1380 2965 1719 3022 quanquam
1769 2949 1992 3020 festive,
2024 2947 2106 3004 ait

465 3042 662 3094 tamen
695 3039 1060 3111 pinguiorem
1093 3038 1233 3095 velle
1265 3054 1327 3094 se
1356 3037 1416 3093 in
1445 3038 1942 3110 amphitheatrum
1974 3053 2104 3109 pro-

2282 1792 2437 1847 160
2472 1791 2538 1846 X.
2561 1792 2729 1848 Nunc
2746 1792 3175 1864 vero,quamvis
3192 1792 3335 1848 mihi
3351 1793 3477 1864 jam
3499 1791 3858 1864 videar,quae

2209 1886 2476 1954 poterant
2501 1881 2558 1935 in
2579 1885 2888 1952 utramque
2907 1886 3132 1953 partem
3154 1882 3224 1936 (le
3247 1881 3464 1936 nostris
3499 1881 3859 1953 martyribus

2212 1969 2522 2041 disputari,
2558 1970 2616 2024 in
2648 1971 2909 2025 medium
2944 1970 3296 2042 protulisse:
3347 1969 3576 2025 sustine
3631 1975 3858 2041 tamen,

2209 2057 2411 2127 lector,
2471 2064 2534 2113 ut
2579 2063 2633 2113 te
2675 2057 2974 2130 paulisper
3031 2058 3343 2126 detineam,
3396 2059 3588 2130 quoad
3631 2060 3858 2126 omnia,

2211 2145 2494 2220 prolixius
2526 2146 2770 2202 forsitan
2802 2147 3122 2218 disputata,
3151 2147 3263 2202 sub
3296 2164 3481 2202 unum
3513 2145 3694 2203 veluti
3724 2164 3865 2203 con-

2213 2240 2481 2309 spectum
2513 2253 2722 2307 ponam
2757 2261 2770 2302 ;
2803 2239 2859 2291 et
2892 2235 3196 2307 utriusque
3228 2235 3519 2306 opinionis
3538 2236 3861 2305 Momenta,

2214 2327 2333 2379 tam
2366 2324 2494 2396 ejus
2523 2323 2794 2379 videlicet
2818 2341 2944 2396 quae
2963 2332 3196 2380 sanctos
3217 2329 3503 2396 martyres
3521 2324 3604 2380 uti
3631 2331 3867 2380 monta-

2215 2413 2402 2469 nistas
2456 2413 2728 2484 traducit,
2789 2429 2964 2485 quam
2994 2413 3123 2484 ejus
3144 2431 3269 2486 quae
3331 2413 3568 2469 illorum
3605 2414 3867 2484 patroci-

2216 2502 2381 2557 nium
2412 2502 2690 2573 suscepit,
2733 2517 2919 2573 pauca
2944 2502 3000 2557 in
3033 2503 3208 2557 verba
3237 2503 3868 2571 conferam,utrorum-

2215 2607 2329 2662 que
2377 2590 2654 2646 instituta
2707 2593 3158 2662 comparatione.
3192 2591 3303 2646 Sed
3367 2592 3529 2663 prius
3587 2591 3754 2647 nobis
3797 2592 3866 2647 in

2217 2680 2557 2735 memoriam
2592 2695 2857 2734 revocare
2876 2680 3178 2750 debemus,
3211 2679 3363 2734 hanc
3405 2695 3582 2735 unam
3635 2696 3758 2736 esse
3788 2697 3870 2736 ex

2215 2767 2330 2824 illis
2359 2767 2786 2836 controversiis,
2820 2769 2890 2823 de
2929 2769 3146 2840 quibus
3199 2769 3491 2824 sententia
3542 2773 3666 2825 tuto
3724 2785 3869 2841 pro-

2216 2857 2474 2913 nuntiari
2523 2875 2638 2913 non
2689 2862 2900 2930 potest,
2947 2856 3059 2912 nisi
3115 2857 3188 2913 ad
3244 2857 3511 2930 singulas
3581 2863 3772 2925 notas,
3801 2862 3872 2914 et

2213 2963 2418 3004 omnes
2448 2945 2923 3002 circumstantias
2955 2946 3215 3002 animum
3260 2946 3704 3018 adverterimus,
3725 2964 3868 3019 qua:

2216 3035 2302 3090 vel
2336 3052 2403 3091 ex
2436 3037 2562 3108 ipsa
2584 3053 2643 3092 re
2674 3036 2732 3091 in
2766 3035 3161 3107 disputatione
3210 3036 3402 3108 posita
3446 3035 3733 3102 oriuntur,
3766 3037 3874 3091 vel

467 3125 622 3182 duci.
659 3103 762 3181 Ille
799 3103 1128 3183 Batholicos
1172 3103 1564 3200 reprehendit,
1623 3127 1775 3198 quod
1824 3103 2101 3192 Pristino,
2131 3103 2178 3167 θ
2218 3140 2344 3180 eam
2379 3103 2744 3181 extrinsecus
2783 3103 3176 3193 comitantur;
3208 3103 3279 3180 de
3309 3124 3523 3196 quibus
3551 3123 3881 3198 sapientis-

467 3213 596 3286 ipso
617 3213 933 3270 tribunalis
963 3215 1078 3287 die,
1111 3214 1328 3271 lautius
1358 3214 1687 3271 convivium
1755 3215 2105 3286 paraverint.

465 3305 754 3374 Perpetua
782 3319 935 3368 vero,
969 3302 1229 3374 sociique
1259 3307 1565 3375 martyres,
1591 3302 1776 3374 pridie
1799 3319 1976 3375 quam
2009 3303 2112 3360 be-

470 3391 600 3446 stiis
632 3393 1047 3463 objicerentur,
1074 3407 1298 3448 coenam
1331 3409 1505 3464 quam
1538 3391 1782 3448 liberam
1803 3394 2108 3464 vocabant,

471 3485 529 3534 et
556 3497 682 3551 quas
712 3480 1006 3536 bestiariis
1034 3479 1368 3536 lentissima
1399 3481 1735 3552 parabatur,
1768 3481 2109 3552 neutiquam

471 3573 841 3641 respuerunt.

531 3659 624 3712 1X.
659 3657 720 3712 In
750 3674 863 3729 quo
895 3673 1030 3714 sane
1060 3655 1478 3714 catholicorum
1512 3661 1837 3730 martyrum
1867 3673 2110 3713 consue-

470 3745 733 3801 tudinem
768 3747 950 3802 secuti
983 3749 1140 3816 sunt,
1175 3746 1278 3818 qui
1327 3745 1520 3802 illatos
1588 3745 1699 3802 sibi
1759 3746 1919 3801 cibos
1977 3761 2110 3801 eum

469 3836 789 3908 gratiarum
822 3835 1046 3892 actione
1098 3836 1394 3907 percipere
1443 3838 1890 3890 consueverunt.
1955 3834 2112 3890 Alci-

469 3925 694 3995 biades,
731 3941 884 3980 unus
915 3941 944 3980 e
977 3923 1334 3996 martyribus
1373 3920 1889 3994 Lugdunensibus,
1914 3928 2112 3978 auste-

469 4030 598 4068 rum
667 4013 896 4069 vivendi
955 4029 1162 4085 genus,
1223 4016 1541 4082 antequam
1596 4028 1698 4082 pro
1768 4012 1881 4066 ﬁde
1955 4029 2112 4068 eom-

469 4102 1207 4174 prebenderetur,sectatus
1238 4100 1447 4170 fuerat,
1481 4098 1538 4153 in
1555 4115 1782 4155 carcere
1805 4100 2110 4169 retinebat,

466 4191 662 4247 Attalo
695 4196 888 4247 autem
924 4207 1027 4262 per
1055 4188 1337 4244 visionem
1357 4193 1659 4244 ostensum
1682 4193 1788 4255 est,
1815 4206 1929 4244 non
1961 4194 2113 4246 recte

470 4297 659 4353 neque
689 4280 890 4335 ordine
915 4279 1100 4334 facere
1126 4277 1508 4346 Alcibiadem,
1542 4278 1691 4348 quod
1733 4278 1879 4334 duro
1918 4277 2016 4335 illo
2057 4283 2115 4335 et

468 4376 672 4426 autcro
711 4372 768 4424 et
818 4366 1099 4440 singulari
1151 4365 1276 4421 vitae
1327 4382 1534 4437 genere
1583 4370 1861 4423 uteretur.
1911 4368 2111 4423 Testes

2219 3213 2370 3269 sima
2417 3213 2518 3268 illa
2585 3214 2905 3268 constituta
2963 3212 3166 3285 regula
3239 3216 3328 3269 est
3411 3213 3523 3286 (92)
3599 3213 3753 3284 quod
3818 3213 3887 3269 si

2218 3303 2452 3374 quidem
2486 3318 2689 3358 omnes
2721 3301 3172 3358 circumstantiae
3194 3301 3340 3358 tales
3371 3306 3530 3371 sunt,
3556 3301 3760 3374 quales
3780 3318 3890 3359 ra-

2220 3390 2452 3446 rissime
2480 3389 2856 3446 inveniuntur
2885 3407 3018 3446 cum
3058 3391 3313 3446 falsitate
3364 3393 3710 3462 conjuncta,
3760 3391 3890 3447 viri

2222 3479 2524 3551 prudentis
2545 3484 2635 3535 est
2664 3480 3022 3552 morigerum
3055 3496 3117 3536 se
3149 3481 3422 3551 praebere.
3447 3485 3506 3536 et
3555 3497 3890 3537 assensum

2223 3567 2388 3623 facile
2417 3568 2878 3624 accommodare.
2911 3569 3076 3634 Quod
3109 3569 3159 3624 si
3189 3585 3220 3625 e
3251 3573 3455 3624 contra
3494 3567 3582 3624 ba:
3615 3569 3890 3626 circum-

2223 3657 2451 3712 stantiaa
2481 3658 2769 3728 ejusmodi
2803 3663 2940 3713 sunt
2973 3675 3099 3728 qua:
3149 3657 3478 3729 saepissime
3527 3659 3889 3729 adjunctam

2222 3745 2537 3802 falsitatem
2570 3746 2806 3814 habent,
2841 3747 2986 3802 ratio
3013 3747 3192 3820 exigit
3223 3751 3287 3802 ut
3317 3746 3403 3803 vel
3433 3764 3740 3804 assensum
3762 3765 3890 3805 no-

2222 3839 2408 3890 strum
2442 3835 2831 3902 inbibeamus,
2865 3835 2951 3891 vel
2987 3840 3049 3891 ut
3078 3836 3286 3892 falsum
3312 3836 3654 3907 judicemus
3707 3838 3890 3909 quod

2222 3929 2513 3990 narratur,
2538 3941 2669 3980 cum
2692 3924 3029 3980 nullatenus
3052 3931 3328 3998 appareat
3349 3925 3492 3980 illud
3518 3943 3718 3982 verum
3741 3942 3892 3982 esse

2222 4017 2491 4086 quamvis
2522 4013 2758 4069 aliunde
2788 4014 2929 4084 quin
2969 4016 3092 4069 ﬁeri
3143 4015 3396 4086 potuerit
3455 4014 3720 4071 absolute
3749 4033 3893 4072 non

2222 4107 2526 4175 repugnet,
2559 4103 2868 4159 autetiam
2901 4120 3102 4176 reapse
3146 4105 3366 4160 factum
3425 4122 3540 4160 non
3599 4119 3747 4174 esse,
3812 4122 3898 4161 ea

2221 4192 2568 4246 certitudine
2594 4209 2708 4247 non
2732 4199 2980 4260 constet,
3021 4210 3200 4265 quam
3254 4194 3713 4266 metaphysicam
3767 4210 3898 4251 vo-

2221 4283 2377 4349 cant,
2411 4285 2468 4334 et
2498 4297 2609 4351 qua
2644 4281 3064 4337 mathematicae
3096 4281 3402 4337 facultates
3431 4283 3709 4354 gaudent.
3749 4285 3894 4338 Ho-

2221 4367 2399 4424 minis
2425 4368 2581 4423 enim
2614 4368 3147 4441 imprudentissimi
3178 4375 3234 4426 et
3266 4369 3483 4426 nullius
3515 4369 3727 4440 judicii
3776 4388 3895 4427 es-

468 4457 646 4530 hujus
669 4458 748 4514 rei
772 4457 1060 4512 habemus
1081 4454 1664 4527 longegravissimos,
1688 4455 2112 4528 Lugdunenses
2144 4465 2188 4528 Ι)
2221 4461 2329 4523 set,
2361 4457 2652 4529 ejusmodi
2685 4458 3032 4515 evidentiam
3067 4467 3120 4516 et
3140 4460 3548 4515 certitudinem
3573 4457 3903 4530 requirere

469 4547 631 4618 ipsos
662 4551 835 4618 atque
865 4545 1226 4600 Viennenses
1257 4544 1316 4599 in
1362 4544 1664 4614 Encycliea
1713 4545 1784 4601 de
1835 4545 2112 4618 martyrio

470 4651 732 4702 suorum,
761 4636 909 4707 apud
942 4633 1281 4702 Eusebium,
1313 4633 1556 4705 epistola
1577 4633 1689 4705 (91)
1718 4647 1732 4688 :
1784 4633 2114 4691 Alcibiades

468 4723 891 4796 quidam,unus
920 4739 989 4779 ex
1017 4721 1253 4778 illorum
1276 4726 1595 4791 martyrum
1623 4724 2110 4790 numero,durum

466 4819 524 4869 et
549 4811 887 4885 squalidum
909 4811 1135 4866 vivendi
1161 4828 1347 4884 genus
1369 4811 1702 4866 sectabatur
1725 4827 1739 4878 ;
1765 4811 2113 4883 nullumque

466 4901 706 4958 omnino
737 4901 932 4958 cibum
965 4899 1301 4966 admittens,
1333 4899 1456 4954 solo
1496 4913 1646 4970 pane
1667 4902 1723 4953 et
1751 4915 1904 4970 aqua
1947 4902 2019 4956 ad
2052 4902 2111 4957 id

533 5037 1188 5115 (91)Ἀλκι6ιάδου-γάρ
1239 5059 1386 5115 τιγος
1441 5037 1492 5115 ἐξ
1549 5036 1742 5115 ᾳύτᾷργ,
1797 5039 1946 5115 πάνυ.
2010 5041 2105 5096 αὖ·

533 5062 648 5114 (υτ)
682 5062 1030 5100 ἈΛκιῠιαοου
1125 5062 1188 5115 πρ
1239 5062 1386 5100 τινος
1441 5062 1492 5107 ες
1549 5062 1742 5107 αυτων,
1797 5062 1937 5093 πανυ
2010 5062 2102 5096 αυ-

460 5116 682 5190 χμηρὸν
723 5115 994 5212 from-cog
1022 5062 1197 5212 ’ἐΰξονέ
1227 5110 1317 5165 καὶ
1373 5107 1605 5200 μηδένὸς
1657 5105 1829 5212 ὅξωςςῆ
1843 5111 2102 5186 πρότερον

466 5206 597 5212 .--ρμ
615 5200 623 5212 ι
647 5208 710 5212 --.μ
736 5210 742 5212 Α
764 5190 978 5212 Δ.,Α..--,
1015 5206 1041 5212 _
1122 5191 1136 5210 ν
1235 5180 1380 5212 Σίδῃ-..ι
1426 5201 1574 5212 μου.-.
1628 5201 1712 5212 υ...
1784 5195 1915 5212 .Α..-.
1963 5203 2054 5212 ι.--
2073 5208 2081 5212 .

465 5177 978 5260 ᾖξτᾶίλαμϐάνοντρς
1012 5177 1198 5253 ἀλλ’ἢ
1234 5177 1382 5260 ᾅρτφ
1425 5177 1587 5260 μένῳ,
1628 5180 1726 5260 καὶ
1767 5177 1919 5260 ὕδὲέι
1963 5177 2110 5260 χὲαέ·

463 5251 648 5328 μένου,
681 5251 1034 5328 ’πειρωμένου
1079 5277 1137 5311 τε
1180 5251 1277 5328 ita?
1327 5251 1494 5328 terra
1545 5251 1728 5328 εζρκτῇ
1801 5251 2109 5328 τξῦτῳ’“8ιά-

494 5323 916 5402 ειν,ᾼ”ᾼττάλῲ“
957 5328 1090 5400 μετὰ
1139 5325 1230 5402 τρν
1292 5323 1510 5402 πρῷτρν
1569 5323 1772 5402 ἆῖὦνα,
1808 5325 1864 5402 ἦν
1924 5325 2110 5402 ἐνλτῷ

456 5348 586 5454 ἔξω,
651 5348 895 5398 Attasz
957 5348 1090 5400 μετα
1139 5348 1230 5380 τον
1292 5348 1510 5398 πρωτον
1569 5348 1772 5396 αγωνα,
1808 5348 1864 5379 ον
1924 5348 1976 5380 εν
2031 5351 2108 5402 τῳ

496 5399 823 5475 μφιβεάᾼτρῳ-
881 5395 1092 5475 ἤγυιςεν,
1160 5393 1535 5475 ᾄπεκαᾼύφθη,
1607 5396 1688 5475 ἐξέτι
1767 5397 1843 5475 μὴ
1923 5398 2108 5463 καλῶς

455 5465 643 5539 πὸιόίη
679 5465 1098 5543 ὁίᾌμλκιϐιάδῃξ
1135 5469 1209 5542 μή
1243 5465 1538 5543 χρῴμὲνοςΔ
1559 5473 1672 5543 τοῖς
1699 5465 1954 5543 κτξσμασι
2009 5477 2106 5527 τοῦ

452 5544 607 5616 Θεοῦ,
634 5537 730 5598 καὶ
762 5539 955 5607 ἄλΛοις
986 5537 1150 5597 τόπού
1184 5537 1486 5598 πᾶὗδάλου
1519 5537 1970 5617 ὑπολειπόμενος

2223 4544 2280 4599 in
2316 4545 2490 4601 rebus
2520 4546 3018 4620 contingentibus,
3064 4552 3121 4604 et
3167 4547 3622 4620 particularibus
3673 4547 3903 4617 factis,

2223 4651 2350 4707 quae
2372 4633 2430 4689 in
2454 4635 2714 4692 historiis
2734 4643 3130 4706 narrantur,et
3151 4638 3459 4693 hominum
3488 4636 3902 4710 testimoniis,

2221 4727 2279 4779 et
2312 4723 2424 4779 ﬁde
2457 4725 2718 4780 humana
2755 4726 3045 4782 nituntur.

2292 4812 2394 4868 His
2453 4811 2680 4884 positis,
2737 4821 3082 4885 argumenta
3136 4814 3407 4889 Basnagii
3459 4832 3597 4871 cum
3639 4815 3904 4873 nostris

2221 4901 2604 4973 argumentis,
2637 4903 2892 4959 rationes
2923 4920 3054 4959 cum
3096 4904 3422 4960 rationibus
3473 4905 3903 4972 conferamus,

2218 5040 2480 5119 ESLO‘GEEC‘
2505 5039 2563 5097 δὲ
2592 5038 2970 5119 ΔἈλκετιϐιάδης
3027 5047 3239 5100 πάντων
3318 5043 3508 5119 ἀνᾼεδὴγ
3593 5042 3913 5119 μετελάμ-

2220 5108 2365 5200 ϐοενε,
2397 5113 2485 5168 καὶ
2544 5114 2866 5206 aulaeis-tat
3045 5123 3179 5206 Θεῷ·
3213 5119 3275 5171 ού
3325 5117 3428 5191 γὰρ
3468 5108 3919 5206 ,ἀγεὴξσκεπὲρι

2220 5138 2365 5182 cava,
2397 5138 2485 5168 aut
2544 5138 2866 5190 ηυχαριστει
2912 5138 2941 5170 τ
3045 5138 3179 5206 υεφ·
3213 5138 3275 5171 ου
3325 5138 3428 5191 γαρ
3486 5138 3917 5174 ανεπισκεπτοι

2219 5186 2456 5274 Xa’tp‘t’roc‘
2500 5191 2636 5274 ϐίος)
2693 5190 2850 5274 ﬂuctv,
2883 5138 3056 5274 ἀλῖἵιξ
3087 5211 3180 5274 το.
3209 5193 3443 5274 ῌνεῦμε.
3477 5189 3540 5243 τὸ
3592 5188 3749 5274 ἓγιρν
3787 5192 3917 5274 ’,ἦν

2218 5251 2768 5383 ᾗυϐίέὗουλονῖςαῦτοῗς.
2804 5251 2963 5334 Αἰ)υά
3014 5251 3357 5327 Eusebium,
3387 5261 3486 5318 lib.
3517 5279 3552 5317 ν
3584 5251 3723 5316 Hist.
3772 5251 3925 5318 Et}-

2329 5371 2340 5382 .
2383 5346 2512 5383 can.
2583 5373 2596 5383 .

2216 5345 2340 5383 σιθις.
2383 5346 2450 5384 08.

2630 5403 2813 5472 Legio.
2863 5403 2986 5461 sive
3039 5403 3106 5461 de
3153 5405 3280 5460 Arte
3327 5406 3530 5475 Cogit,
3578 5406 3729 5476 part.
3803 5421 3923 5474 Iv,
