4050 6172
265 352 349 414 173

958 342 1112 405 PRO
1155 341 1267 406 SS.
1311 340 1753 420 PERPETUA,
1801 341 2268 406 FELICITA'I‘E
2310 343 2411 407 ET
2455 345 2728 409 SOCIIS.

3431 354 3546 412 ΓΗ

262 481 379 554 ,Βαυὶ
401 479 557 536 autem
574 473 984 548 prudentiaque
1029 473 1266 532 lectoris
1295 477 1404 531 erit
1452 477 1504 532 ei
1543 493 1782 532 causam
1817 481 1864 542 Α
1898 475 2113 532 indicia
2143 478 2536 546 convenerint,
2598 479 2699 552 qui
2747 483 2944 536 tamen
2998 483 3131 552 post
3161 481 3420 554 plurium
3470 485 3544 540 ab

261 570 522 643 adjudicare,
549 564 706 636 cujus
736 564 992 621 rationes
1048 564 1370 636 rarissime,
1409 568 1513 621 aut
1572 563 1781 621 saltem

259 660 388 717 rarius
410 671 516 712 cum
545 652 781 709 falsitate
799 656 1131 725 cunjunctas
1157 657 1318 723 sunt,
1352 669 1526 725 quam
1560 669 1688 726 quis
1718 669 1788 709 ex

257 750 422 805 advorsa
445 748 582 817 parte
608 742 1029 814 producuntur.
1060 743 1129 798 Et
1167 742 1448 814 quoniam
1502 758 1637 798 cum
1684 757 1785 797 ex-

256 831 746 903 ternistumiinternis
766 829 1131 903 argumentis
1157 829 1429 902 utrinque
1455 832 1783 902 pugnatum

252 931 328 983 est:
349 928 659 979 externorum
691 935 827 975 cum
851 918 1127 988 externis,
1170 923 1227 974 et
1247 918 1617 975 internorum
1647 934 1782 974 cum

251 1015 295 1070 iis
309 1029 401 1084 quae
424 1015 539 1066 sunt
565 1008 822 1080 ejusdem
854 1008 1104 1079 generis,
1129 1006 1495 1063 collationem
1520 1006 1786 1062 institue-

250 1119 350 1157 mus.
375 1099 504 1164 Quod
533 1098 596 1152 ad
637 1097 833 1169 priora
871 1095 971 1152 illa
1019 1095 1287 1168 pertinet,
1347 1095 1466 1151 sive
1522 1099 1780 1164 externa,

249 1190 385 1247 nullus
404 1188 640 1260 equidem
663 1185 891 1253 dubito,
933 1185 1078 1258 quin
1111 1185 1284 1256 juxta
1340 1183 1599 1257 regulam
1655 1182 1780 1255 posi

247 1281 405 1344 tam,et
442 1277 751 1348 sapientum
799 1272 1023 1330 calculo
1064 1273 1526 1345 comprobatam,
1586 1272 1780 1340 nobis,

245 1385 309 1424 seu
330 1365 482 1438 potius
507 1363 717 1419 sanctis
743 1361 1125 1433 martyribus,
1155 1378 1334 1417 causa
1373 1360 1784 1432 .adjudicanda

244 1457 305 1512 sit.
334 1456 444 1511 Nam
493 1469 608 1525 quae
641 1452 716 1508 de
755 1456 1085 1508 nostrorum
1127 1455 1451 1523 martyrum
1483 1453 1639 1505 recta
1666 1447 1782 1504 ﬁde

241 1546 440 1600 habemus
471 1546 696 1598 externa
742 1539 1101 1607 testimonia,
1158 1537 1450 1609 ejusmodi
1497 1541 1658 1607 sunt,
1718 1540 1786 1592 ut

242 1632 430 1705 quamvis
452 1647 618 1686 unum
652 1633 756 1685 aut
783 1626 1035 1684 alterum
1075 1625 1275 1684 fallere
1303 1626 1508 1699 possit,
1531 1629 1636 1682 aut
1673 1624 1781 1680 ali-

239 1723 402 1795 quando
422 1721 574 1777 etiam
604 1717 896 1786 fefellerit,
926 1717 1125 1774 omnia
1158 1722 1375 1782 tamen,
1419 1731 1533 1772 non
1586 1713 1780 1770 dicam

241 1809 468 1876 rarissime,
487 1809 577 1865 sed
613 1823 919 1879 nunquam
953 1805 1194 1862 omnino
1234 1804 1616 1861 inveniuntur
1643 1819 1778 1859 cum

238 1899 411 1954 falsitate
433 1900 752 1969 conjuncta.
785 1896 987 1968 Neque
1014 1896 1168 1951 enim
1215 1893 1487 1967 martyris
1526 1891 1779 1963 alicujus

238 1992 304 2043 aut
320 1987 610 2043 confessoris
642 1985 838 2042 aﬁ'erri
863 1988 1053 2057 potest
1081 1982 1435 2055 exemplum,
1469 1997 1646 2052 quem
1678 1980 1786 2036 Ec-

237 2077 352 2134 desis
365 2077 412 2132 in
437 2080 764 2132 sanctorum
796 2073 995 2130 album
1027 2089 1113 2144 ea,
1147 2089 1266 2144 qua
1305 2075 1652 2142 Perpetuam
1687 2086 1780 2126 so-

236 2168 394 2238 ciosque
418 2171 690 2237 martyres
727 2163 1083 2230 celebritate,
1107 2159 1394 2228 retulerit,
1425 2159 1526 2230 qui
1570 2157 1781 2214 deinde

233 2261 314 2326 post
334 2255 620 2326 quindecim
659 2253 732 2308 ab
761 2253 888 2322 ejus
919 2251 1079 2307 obitu
1125 2248 1340 2306 saecula
1371 2265 1406 2303 a
1461 2253 1618 2303 recta
1666 2247 1781 2303 fide

231 2350 418 2416 repertus
441 2344 604 2400 fuerit
624 2341 880 2398 alienus.
902 2341 1088 2405 Quare
1110 2337 1483 2411 prudentiam
1504 2335 1774 2408 Basnagii

230 2433 691 2505 desideramusjcum
713 2430 784 2486 ad
806 2429 1204 2486 extenuandas
1221 2425 1497 2499 prapositi
1519 2425 1667 2480 161
1695 2441 1783 2479 ar-

228 2523 411 2592 gumenti
437 2523 577 2578 vires
593 2519 864 2590 exempla
893 2517 1114 2573 indicat
1132 2515 1522 2588 quorumdam
1553 2512 1780 2568 haereti-

228 2626 382 2677 corum,
401 2627 631 2682 quorum
650 2609 894 2664 nomina
907 2607 965 2661 in
985 2623 1094 2662 sua
1106 2603 1522 2676 martyrologia
1539 2601 1781 2674 quidam

225 2699 425 2755 horumce
449 2714 691 2772 operum
740 2696 1140 2752 concinatores
1190 2697 1416 2765 privato
1445 2690 1662 2763 judicio
1692 2705 1783 2746 re-

224 2786 424 2842 tulerunt.
472 2789 554 2843 Ad
593 2789 1015 2859 argumentum
1070 2783 1228 2839 enim
1287 2779 1782 2847 labefactandam,

224 2877 325 2945 quod
356 2877 660 2949 expublico
685 2880 742 2930 et
790 2871 1127 2942 universali,
1176 2875 1234 2925 et
1291 2885 1394 2941 per
1437 2873 1526 2924 tot
1570 2865 1785 2923 saecula

223 2981 446 3036 nunquam
477 2966 815 3035 interrupto
856 2965 1191 3017 sanctorum
1248 2955 1407 3014 cultu
1455 2955 1782 3020 coniicitur,

220 3051 450 3111 hereticus
477 3054 697 3127 aliquis
728 3053 785 3107 in
818 3050 1081 3107 medium
1115 3048 1323 3103 fuisset
1379 3044 1783 3109 adducendus,

221 3143 334 3212 cujus
355 3144 404 3198 in
438 3143 693 3200 Ecclesia
733 3139 928 3196 cultus
977 3155 1092 3194 non
1139 3136 1334 3192 minus
1370 3133 1548 3190 fuerit
1603 3148 1779 3205 quam

221 3206 473 3289 nostrorum
496 3238 823 3305 martyrum
841 3227 1235 3300 pervulgatus.
1255 3225 1502 3297 Magnus
1530 3223 1779 3277 Athana-
1816 3206 1860 3274 C

222 3319 301 3375 sius
323 3320 369 3376 in
413 3321 655 3394 epistola
695 3317 1050 3392 apologetica
1100 3333 1202 3388 pro
1251 3319 1454 3370 sancto
1515 3309 1786 3383 Dionysio

218 3405 324 3476 Alex,
341 3411 402 3466 ad
428 3412 550 3481 ejus
580 3407 994 3466 orthodoxiam
1024 3406 1304 3460 adversus
1334 3401 1582 3456 Arianos
1604 3397 1791 3454 vindi-

224 3499 414 3566 candam,
451 3499 556 3556 hoc
614 3495 915 3569 imprimis
963 3494 1152 3550 utitur
1207 3493 1572 3564 argumento,
1633 3487 1787 3560 quod

221 3599 429 3658 magnum
467 3595 522 3643 et
549 3585 1062 3644 evidentissimum
1094 3581 1391 3638 existimat
1411 3579 1566 3650 (93):
1603 3599 1630 3626 «
1666 3575 1792 3632 Ma-

222 3674 284 3742 gni
309 3683 435 3732 certe
459 3673 796 3750 argumenti
826 3679 935 3741 est,
958 3672 1017 3727 in
1051 3671 1161 3727 hoc
1191 3669 1325 3725 illos
1342 3683 1473 3724 vere
1529 3683 1642 3721 non
1698 3664 1790 3720 di-

223 3776 320 3829 cere,
346 3767 430 3821 sed
449 3767 640 3821 virum
681 3760 1051 3828 calumniari,
1074 3759 1229 3832 quod
1262 3755 1484 3813 necille
1529 3768 1791 3827 unquam

222 3850 390 3910 abaliis
424 3853 720 3928 episcopis
767 3851 1140 3923 deprehensas
1197 3844 1516 3919 impietatis
1553 3845 1794 3899 damna-

222 3942 299 4007 tus,
322 3943 634 4016 episcopatu
691 3939 894 4012 pulsus
949 3937 1044 4007 sit,
1095 3941 1161 3993 ut
1203 3935 1284 3990 illi
1344 3951 1375 3990 e
1413 3934 1576 3990 Clero
1623 3929 1793 4003 ejecti

221 4037 518 4103 summeque
535 4030 788 4088 haeresis
830 4026 1264 4100 propugnandas
1312 4039 1492 4079 causa
1538 4035 1795 4077 secesse-

222 4116 270 4168 rit
292 4119 346 4172 ab
369 4120 611 4176 Ecclesia
635 4139 654 4188 ;
689 4119 788 4175 sed
822 4118 880 4172 in
912 4116 1015 4171 illa
1043 4115 1135 4186 pie
1163 4111 1530 4180 obdomierit,
1553 4111 1797 4181 ejusque

221 4209 434 4264 memoria
459 4209 754 4265 hactenus
786 4222 917 4261 cum
950 4204 1214 4275 patribus
1245 4201 1554 4268 celebrata,
1584 4201 1642 4254 et
1681 4213 1800 4252 una

222 4289 258 4345 in
279 4295 441 4353 album
472 4299 666 4354 relata
694 4297 789 4352 sit.
824 4295 882 4350 Si
906 4293 1062 4348 enim
1094 4292 1320 4359 eadem,
1354 4306 1481 4361 quae
1521 4286 1627 4357 illi,
1661 4301 1798 4342 sen-

219 4380 272 4436 sis
293 4389 352 4453 et,
378 4392 472 4442 aut
516 4388 566 4443 si
628 4385 986 4456 scriptorum
1041 4397 1285 4438 suorum
1341 4377 1625 4434 rationem
1682 4391 1800 4430 non

222 4471 542 4543 reddidisset;
577 4473 831 4530 minime
863 4470 1131 4540 dubium,
1165 4468 1301 4539 quin
1336 4467 1540 4523 eadem
1571 4463 1799 4534 fuisset,

1894 563 2024 635 ejus
2053 565 2218 622 obitu
2248 565 2598 623 seculorum
2629 568 3003 628 intervallum
3038 571 3212 626 fuerit
3235 571 3544 629 haereticus

1895 652 2314 725 deprehensus.
2356 655 2464 711 Sed
2540 655 2788 726 hujusce
2860 658 2942 714 rei
3009 658 3238 714 nullum
3305 661 3542 716 omnino

1893 747 2084 798 exstat
2103 742 2164 797 in
2185 741 2594 800 ecclesiasticis
2615 745 3012 803 monumentis
3029 747 3384 819 exemplum.
3405 751 3542 815 Quae

1890 844 2024 886 vero
2055 830 2343 903 Basnagio
2373 836 2696 904 suppetunt
2713 849 2782 889 ex
2810 834 3150 891 Tertulliani
3173 837 3536 904 auctoritate,

1892 922 1948 975 et
1969 920 2246 976 Actorum
2301 920 2683 992 compilatore
2726 923 3008 978 adversus
3055 928 3400 996 Perpetuam
3448 942 3538 981 so-

1891 1008 2130 1081 oiosque
2161 1012 2446 1081 martyres
2491 1011 2835 1081 conjecturae
2881 1013 3170 1082 ejusmodi
3211 1019 3372 1084 sunt,
3406 1032 3537 1086 quae

1891 1096 2205 1153 falsitatem
2232 1099 2571 1168 adjunctam
2607 1116 2722 1155 non
2759 1117 2890 1156 raro
2946 1105 3004 1157 et
3060 1102 3537 1160 manifestissime

1890 1185 2127 1242 habent.
2151 1186 2314 1252 Cum,
2339 1191 2402 1242 ut
2414 1188 2803 1254 ostendimus,
2820 1188 3256 1261 Tertulliamus,
3278 1193 3539 1249 etcatho-

1889 1272 2033 1328 licos
2063 1277 2348 1346 martyres
2379 1275 2704 1346 saepissime
2733 1275 3077 1345 laudaverit,
3104 1283 3162 1333 et
3205 1280 3276 1334 ad
3335 1295 3537 1336 eorum

1891 1363 2365 1418 communionem
2409 1363 2770 1435 aspiraverit,
2805 1369 2864 1421 et
2909 1365 3211 1424 Novatiani
3260 1368 3536 1440 denique,

1891 1466 2005 1506 non
2036 1451 2235 1506 minus
2265 1467 2443 1522 quam
2474 1452 2837 1510 Montanistze
2885 1454 2958 1510 ab
2987 1454 3200 1511 eclesia
3253 1457 3541 1514 catholica

1890 1541 2146 1596 extorres
2167 1539 2588 1596 catholicorum
2630 1545 2776 1597 Acta
2815 1547 3138 1615 martyrum
3197 1543 3314 1600 luci
3362 1547 3539 1602 dede-

1889 1626 2027 1696 rint,
2060 1643 2318 1700 sermque
2357 1628 3187 1703 posteritaticommendarint,
3218 1638 3328 1690 etc.

1958 1717 2173 1772 Eadem
2188 1716 2646 1773 estinternorum
2659 1724 3133 1790 argumentorum
3152 1723 3535 1794 comparatio.

1889 1805 2102 1861 Nostra
2119 1803 2276 1861 enim
2309 1821 2377 1861 ex
2405 1805 2715 1862 sanctitate
2734 1813 3079 1880 martyrum,
3102 1825 3171 1864 ex
3199 1827 3400 1867 eorum
3460 1814 3468 1818 ”

1889 1893 2136 1963 tatibus,
2167 1898 2224 1949 et
2254 1893 2555 1951 miraculis
2583 1899 2641 1950 et
2659 1895 2969 1963 vaticiniis,
3001 1903 3059 1952 et
3088 1901 3170 1968 :ex
3201 1900 3535 1972 prophetia-

1889 2000 2022 2039 rum
2053 1982 2208 2039 exitu
2229 1983 2782 2056 conﬁciuntur,qum
2801 1984 2979 2040 simul
2997 1988 3196 2042 omnia
3230 2005 3535 2061 nunquam

1890 2071 2130 2127 omnino
2159 2070 2557 2136 inveniuntur,
2582 2087 2717 2127 cum
2741 2071 2946 2128 haeresi
2978 2073 3160 2130 fuisse
3202 2078 3532 2147 conjuncta.

1888 2160 2024 2225 Qum
2055 2176 2189 2215 vero
2214 2160 2370 2230 apud
2405 2159 2760 2232 Basnagium
2789 2177 2859 2216 ex
2914 2164 3304 2232 quarumdam
3362 2166 3535 2223 visio-

1891 2265 2054 2317 num,
2087 2253 2152 2304 ut
2180 2249 2292 2320 ipsi
2313 2248 2564 2317 videtur,
2587 2249 3045 2307 inconcinnitate
3062 2253 3535 2327 proﬁciscuntur,

1889 2336 2031 2393 talia
2047 2342 2206 2403 sunt,
2221 2353 2352 2409 quas
2369 2341 2433 2392 ut
2449 2337 2727 2408 multum,
2746 2339 3071 2395 secundum
3090 2357 3153 2396 se
3181 2348 3462 2414 spectata,
3483 2350 3540 2401 et

1889 2425 1950 2480 in
1981 2425 2134 2481 108
2164 2425 2376 2481 bonam
2396 2441 2702 2498 possemus
2723 2432 2780 2483 et
2801 2427 2859 2482 in
2879 2427 3098 2483 malam
3117 2436 3339 2501 partem
3358 2432 3540 2488 inter-

1890 2515 2126 2586 pretari.
2160 2515 2269 2570 Sed
2303 2513 2403 2569 ubi
2434 2513 2812 2570 inveniuntur
2833 2531 2966 2572 cum
2986 2519 3296 2575 sanctitate
3317 2525 3370 2576 et
3402 2523 3540 2578 sim-

1891 2603 2148 2675 plicitate
2170 2603 2319 2672 vita,
2341 2618 2475 2659 cum
2490 2603 2791 2660 miraculis
2809 2609 2868 2661 et
2882 2606 3295 2664 vaticiniorum
3324 2618 3532 2668 eventu

1891 2692 2225 2762 conjuncta,
2261 2691 2407 2747 ratio
2438 2692 2697 2764 postulat
2720 2698 2784 2748 ut
2824 2710 2891 2749 ea
2920 2695 2981 2750 in
3039 2701 3284 2766 partem,
3343 2701 3534 2771 quoad

1893 2779 2018 2836 ﬁeri
2047 2781 2277 2852 poterit,
2311 2780 2596 2852 optimam
2626 2781 3004 2852 accipiamus.
3037 2785 3108 2839 Et
3162 2785 3300 2841 hinc
3358 2805 3535 2861 argu-

1893 2872 2157 2924 mentum
2179 2869 2428 2936 exsistit,
2459 2884 2527 2924 ex
2555 2885 2671 2940 quo
2701 2871 3073 2927 adversarius
3098 2873 3279 2944 nulla,
3299 2881 3363 2930 ut
3387 2877 3536 2932 mihi

1891 2958 2141 3026 videtur,
2164 2957 2386 3013 ratione
2415 2957 2602 3029 possit
2631 2957 2890 3015 evadere.
2923 2961 3038 3015 Aut
3083 2961 3240 3017 enim
3289 2963 3362 3018 iis
3411 2981 3537 3036 qua

1894 3046 1964 3103 de
1992 3051 2327 3101 nostrorum
2352 3051 2671 3118 martyrum
2697 3045 3031 3120 virtutibus,
3081 3050 3424 3122 prophetiis,
3480 3057 3542 3109 et

1893 3133 2196 3192 miraculis
2226 3134 2284 3190 in
2315 3134 2479 3190 Actis
2510 3135 2862 3202 referuntur,
2910 3137 3082 3194 fidem
3115 3142 3538 3210 accommodat,

1897 3228 2000 3281 aut
2035 3223 2230 3296 potius
2252 3224 2512 3296 abrogat.
2545 3222 2606 3278 Si
2628 3223 2800 3280 ﬁdem
2835 3224 3064 3294 habeat,
3119 3227 3176 3282 in
3227 3233 3355 3285 tuto
3405 3248 3540 3302 pro-

1896 3314 2044 3369 fecto
2075 3317 2164 3368 est
2194 3315 2528 3369 sanctorum
2553 3317 2872 3385 martyrum
2896 3315 3242 3371 orthodoxia
3269 3335 3434 3384 ;cum
3461 3335 3540 3374 eae

1895 3401 2162 3472 virtutes,
2186 3401 2245 3457 in
2269 3400 2485 3473 quibus
2509 3401 2950 3470 nihilfucatum,
2976 3404 3118 3458 nihil
3139 3404 3538 3464 adulterinum

1898 3495 2193 3562 repertum
2224 3494 2332 3555 est,
2365 3488 2508 3544 nihil
2542 3488 2790 3560 denique
2853 3508 2954 3562 per
3008 3492 3444 3551 simulationem
3488 3503 3546 3552 et

1901 3578 2254 3650 hypocrisim
2289 3582 2542 3650 gestum,
2573 3595 2641 3634 ea
2673 3579 2971 3647 miracula,
3005 3597 3082 3636 ea:
3116 3584 3450 3655 prophetiae,
3485 3586 3544 3641 in

1899 3667 2202 3724 haereticos
2233 3673 2517 3740 martyres
2541 3685 2656 3723 non
2699 3670 3080 3734 conveniant;
3117 3671 3298 3727 multo
3347 3678 3544 3730 autem

1901 3757 2099 3815 minus
2131 3756 2188 3811 in
2211 3757 2630 3824 montanistas,
2661 3775 2788 3829 quae
2819 3757 2877 3814 in
2914 3760 3075 3816 Actis
3129 3761 3437 3836 habentur,
3473 3765 3546 3821 ab

1901 3862 2103 3904 eorum
2137 3845 2451 3918 dogmatis,
2485 3850 2541 3902 et
2570 3846 2900 3918 disciplina,
2936 3853 2999 3904 ut
3025 3851 3410 3919 ostendimus,
3443 3869 3549 3924 per

1902 3951 2080 4008 quam
2113 3934 2321 3990 aliena.
2347 3935 2416 3990 Et
2465 3938 2629 4004 tunc,
2663 3940 2729 3991 ut
2757 3936 2898 4005 dixi,
2948 3938 3095 3994 ratio
3153 3939 3426 4011 postulat,
3483 3946 3549 3996 ut

1901 4025 2153 4080 visiones
2183 4028 2240 4078 et
2257 4023 2657 4092 revelationes,
2678 4027 3183 4096 quemadmodum
3211 4034 3268 4084 et
3297 4046 3332 4084 a
3358 4029 3550 4097 nobis,

1904 4117 1962 4170 et
1989 4117 2122 4168 ante
2156 4129 2262 4168 nos
2293 4129 2327 4168 a
2356 4112 2488 4167 divo
2513 4113 2839 4185 Augustino
2869 4119 2926 4170 et
2957 4116 3030 4170 ab
3061 4116 3192 4173 aliis
3242 4117 3393 4174 veris
3450 4119 3553 4174 do-

1906 4201 2188 4258 ctissimis
2220 4201 2437 4256 factum
2463 4206 2570 4272 est,
2603 4202 2662 4257 in
2685 4202 2972 4274 optimam
3006 4208 3230 4274 partem
3261 4205 3553 4278 interpre-

1903 4295 2118 4364 temur.
2156 4289 2258 4345 Sin
2289 4294 2484 4344 autem
2517 4289 2591 4344 iis
2630 4307 2759 4362 quae
2786 4291 2857 4346 de
2886 4295 3203 4364 Perpetua),
3237 4294 3554 4351 Felicitatis

1908 4379 2319 4450 sociorumque
2350 4382 2676 4450 martyrum
2704 4379 3045 4448 virtutibus,
3066 4387 3202 4452 etc.,
3223 4383 3561 4440 referuntur

1909 4469 2085 4523 ﬁdem
2117 4465 2441 4539 Basnagius
2475 4467 2734 4539 derogat,
2802 4468 3005 4524 eadem
3066 4469 3311 4540 ratione,
3371 4479 3428 4529 et
3487 4475 3562 4530 iis

221 4573 299 4627 qua
319 4560 406 4630 illi,
437 4581 606 4636 pana
639 4560 1000 4635 plectendos.
1035 4581 1065 4608 ι»
1097 4563 1183 4612 An
1207 4557 1316 4612 hoc
1335 4555 1509 4611 etiam
1542 4552 1801 4608 Athana-
1837 4573 1884 4638 D
1915 4556 2088 4611 ﬁdem
2122 4555 2403 4625 abrogare
2437 4553 2690 4622 debebit,
2723 4571 2850 4627 quae
2883 4556 2938 4610 in
2971 4557 3131 4614 Actis
3189 4561 3260 4614 ad
3310 4561 3564 4620 visiones

222 4646 269 4700 εὖ
291 4667 373 4720 pro
399 4653 673 4726 Dionysio
690 4653 1102 4723 argumentum
1123 4645 1331 4719 frigida
1353 4645 1464 4700 hac
1484 4641 1808 4715 Basnagius

221 4741 536 4810 responsione
569 4740 868 4806 diluisset,
928 4737 1079 4811 quod
1139 4734 1391 4791 haeretici
1431 4731 1686 4805 episcopi
1709 4729 1810 4786 ali-

221 4829 401 4893 quando
427 4831 481 4886 in
507 4827 945 4902 martyrologia,
971 4829 1072 4882 aut
1091 4841 1259 4881 sacra
1275 4824 1328 4878 di
1338 4821 1549 4896 ptycha
1568 4822 1809 4891 irrepse-

219 4912 344 4970 τίηῑῖ
366 4921 454 4975 Nae
484 4919 655 4975 futile
685 4925 744 4975 et
777 4932 1017 4990 prorsus
1046 4915 1355 4986 indignum
1383 4911 1504 4966 viro
1535 4906 1807 4983 prudenti

217 5009 535 5073 responsum!
558 5005 838 5073 Quinimo
854 5002 1180 5075 exemplum
1205 5000 1582 5058 statuendum
1604 4997 1812 5052 fuisset

217 5085 260 5144 in
286 5089 586 5167 homine,in
606 5111 783 5168 quem
829 5093 952 5149 haec
981 5091 1180 5148 omnia
1229 5087 1406 5146 simul
1455 5085 1808 5144 orthodoxiaa

265 5304 357 5377 (93)
381 5305 527 5394 μέγα
562 5307 661 5394 is}:
692 5303 781 5394 05w
826 5305 1127 5394 csﬁpiﬁ‘ptov‘
1183 5298 1470 5394 τῖζιῇμηδὲ
1511 5295 1810 5394 τοῦτοᾼξὲ-

217 5388 299 5451 ’χειν
342 5375 529 5451 αὐτοὺς
564 5375 810 5451 ⁷ἀληθὲς,
871 5375 1018 5451 ἀληᾶ
1066 5375 1160 5451 τᾲν
1224 5375 1388 5451 diva-pm
1438 5376 1806 5451 qoxgqoav'reiv,

219 5438 276 5494 δτι
324 5449 450 5516 μήτε
506 5438 879 5538 τξιρ’ωέξὲρ’ων
935 5438 1385 5538 ἐπιξτκόπωνὰἔτΐ
1431 5438 1656 5538 ττξισεϐιὶίᾳ
1690 5438 1806 5533 pta;

217 5515 489 5582 trrvmcesic
524 5515 808 5591 ἀτξεϐλήθῆ
861 5525 960 5589 τῆς
1020 5517 1342 5588 ἐπισκοπῆς,
1419 5515 1599 5592 ὥσπερ
1638 5515 1807 5569 ίοῦτοι

220 5573 286 5639 τῆξ
309 5587 526 5660 κλήρου,
567 5591 704 5660 μήτε
756 5591 916 5653 αὐτὸς
969 5588 1043 5653 ὡς
1089 5587 1287 5660 αἶ’ρεσιν
1340 5584 1566 5644 ἐκδικῶν
1619 5583 1810 5660 ἐξῆλθε

222 5610 526 5665 πνυηρου,
567 5610 704 5662 μητε
756 5610 916 5653 αυτος
969 5610 1043 5653 ως
1089 5610 1287 5664 αρεσιν
1340 5610 1566 5644 εκοικων
1619 5610 1807 5660 agnitus

222 5663 294 5730 τῖς
336 5661 674 5740 Ἐκκλησίας,
716 5662 842 5719 ἀλλ’
902 5662 952 5716 ἐν
1016 5661 1150 5737 αὐτῇ
1223 5659 1544 5735 κεκοίμηται
1599 5659 1807 5734 καλῶς,

1917 4649 1976 4701 et
2003 4642 2384 4700 revelationes
2428 4649 2749 4716 martyrum
2812 4645 3125 4718 pertinent.
3175 4649 3349 4706 Nulla
3405 4651 3562 4708 enim

1918 4733 2065 4788 ratio
2096 4731 2334 4804 patitur,
2363 4735 2428 4786 ut
2455 4731 2615 4788 Actis
2635 4737 2836 4789 contra
2857 4741 3142 4809 martyres
3185 4741 3406 4806 credat,
3459 4758 3566 4813 pro

1919 4821 2276 4894 martyribus
2304 4819 2476 4875 ﬁdem
2503 4837 2618 4876 non
2655 4821 2880 4878 habeat.
2905 4826 3198 4898 Praecipue
3229 4845 3360 4884 cum
3393 4829 3566 4900 longe

1917 4909 2230 4982 proclivius
2262 4909 2339 4965 sit
2369 4909 2702 4966 existimare
2730 4914 3008 4969 Actorqu
3042 4918 3473 4987 compilatorem
3502 4916 3563 4972 in

1917 4998 1990 5054 iis
2014 5015 2140 5070 quae
2191 5000 2260 5054 de
2287 4997 2613 5054 visionibus
2644 5007 2864 5072 narrat,
2885 5018 3012 5058 esse
3035 5004 3364 5069 mentitum,
3384 5020 3563 5075 quam

1917 5088 1978 5143 in
2007 5087 2080 5144 iis
2110 5104 2236 5159 qua:
2265 5087 2336 5143 de
2366 5087 2552 5160 signis
2577 5092 2634 5145 et
2666 5089 2965 5146 miraculis
3013 5091 3220 5148 habet:
3274 5092 3567 5148 visionum

1915 5301 2064 5373 καὶή
2127 5300 2320 5415 ςινγὶμη
2383 5300 2548 5376 μέχρι
2607 5303 2699 5356 νῦν
2761 5299 2926 5356 αὐτοῦ
2984 5301 3116 5374 μετά
3161 5306 3271 5358 τῶν
3321 5302 3569 5379 πατέρων

1916 5370 2022 5415 ἔην
2055 5393 2122 5415 νη
2175 5391 2508 5415 ννηαπτηιο
2561 5371 2603 5415 ni
2636 5391 2738 5415 van
2785 5374 2852 5415 ἰν
2898 5371 2961 5415 τᾶ
3009 5377 3214 5415 mna-nm;
3275 5379 3549 5415 manu-lmen

1916 5321 2064 5373 καιη
2167 5322 2193 5355 ν
2244 5321 2320 5375 μη
2383 5321 2548 5376 μεχρι
2607 5321 2699 5356 νυν
2761 5321 2926 5356 αυτου
2984 5321 3116 5386 per}
3161 5321 3271 5358 των
3321 5321 3569 5379 πατερων

1916 5370 2026 5454 ἔστι
2055 5321 2508 5454 κᾳςιγῖἒγροέπταξο
2561 5371 2738 5454 ιζγαρ
2785 5374 2852 5454 ἧν
2898 5371 2963 5454 ’ςᾶ
3009 5393 3214 5454 woer
3275 5379 3571 5454 ppovﬁcaf,

1916 5391 2026 5432 ἔστι
2055 5391 2146 5430 και
2175 5391 2508 5449 γεγραπταιο
2561 5391 2605 5426 ιι
2636 5393 2704 5448 γα
2785 5391 2852 5497 ἓν
2898 5391 2963 5426 τα
3009 5393 3214 5428 τσυτων
3275 5391 3568 5454 φρονήσας,

1916 5446 1951 5518 ἦ
2005 5443 2129 5518 περὶ
2161 5446 2262 5518 ,ὧν
2313 5441 2525 5518 ἔγραψα,
2563 5442 2637 5514 μὴ
2687 5391 2793 5518 ἧρν,
2840 5439 3314 5518 πρλφγησαὶμενρς.
3365 5447 3463 5503 οὐκ
3501 5448 3568 5518 ἦν

1919 5514 2058 5596 ἀμφί
2076 5509 2257 5596 ξςρλον
2273 5509 2400 5596 “eis
2416 5592 2424 5596 _
2443 5509 2672 5596 έπάνξως
2712 5509 3008 5596 ’τά“ςῷςιὰ’
3040 5509 3145 5596 sui,“
3187 5509 3347 5585 acte;
3399 5509 3585 5589 acroi:

1920 5585 2233 5652 ὲᾱτειπόνθει.
2273 5585 2772 5642 Montfauconian.
2806 5587 2984 5645 Edit..
3020 5606 3078 5648 ιι.
3108 5591 3168 5652 3.
