4064 6154
439 304 552 363 1⁸75

1471 296 1783 365 INCERTI
1826 296 1928 362 DE
1970 298 2083 365 SS.
2126 297 2433 363 SCRIPT.
2477 298 2797 363 CANONE

3720 296 3839 362 176

439 438 594 493 enim
649 437 706 491 et
744 432 1162 492 revelationum
1222 430 1384 489 solus
1441 433 1593 489 Deus
1624 434 1791 489 testis
1848 437 1971 488 orat
2026 437 2083 488 et
2114 437 2165 502 Α
2199 438 2343 497 erat,
2377 432 2666 505 siquidem
2700 432 2951 488 fuissent
2981 429 3150 501 falsa,
3182 444 3407 488 nevera
3434 431 3838 498 crederentur,

442 530 747 596 martyres,
782 523 883 594 qui
906 524 1033 594 jam
1065 522 1352 578 fuerunte
1374 521 1637 578 vivorum
1696 538 1940 577 numero
1972 523 2087 577 im-

439 613 721 668 manitate
754 611 1094 667 carnificum
1126 610 1411 667 exturbati
1439 635 1455 679 ;
1484 628 1612 682 qua:
1637 625 1772 667 vero
1803 610 1874 665 ad
1906 610 2085 666 mira-

440 702 573 758 cula
602 700 914 774 pertinent,
938 700 996 754 in
1024 704 1222 771 aperto
1253 700 1518 771 quaedam
1549 716 1774 771 eorum,
1805 703 1862 755 et
1882 700 1939 755 in
1991 715 2085 755 me

440 791 535 846 dio
557 788 984 861 amphitheatro
1009 805 1043 844 a
1070 788 1353 860 scriptore
1383 805 1570 844 coaavo
1618 793 1783 860 gesta
1839 805 2081 844 narran-

440 881 555 946 tur,
589 876 689 932 ubi
722 877 974 949 profecto
1005 877 1065 932 in
1115 882 1350 933 auctore
1379 882 1868 948 oontemporaneo
1925 876 2082 933 ullus

437 966 684 1033 fraudis,
712 969 769 1021 et
798 965 1153 1038 suspicionis
1184 964 1348 1022 locus
1361 982 1491 1022 esse
1521 982 1636 1021 non
1668 970 1888 1036 potest;
1924 965 2085 1022 facit-

438 1071 551 1128 que
581 1054 675 1110 hic
697 1054 971 1123 maxime,
1005 1056 1161 1126 quod
1200 1056 1272 1110 de
1300 1054 1358 1109 id
1382 1070 1569 1126 genus
1603 1054 1905 1111 miraculis
1934 1072 2080 1127 pra:-

436 1144 590 1200 clare
623 1142 955 1200 Dodwellus
986 1143 1251 1199 observat
1283 1143 1427 1215 (94):
1461 1143 1521 1199 Si
1577 1158 1645 1198 ea
1700 1142 1921 1199 scilicet
1977 1160 2081 1215 pro

438 1232 727 1288 historicas
772 1232 905 1287 fidei
956 1236 1153 1303 captu,
1186 1238 1362 1304 atque
1415 1235 1623 1287 natura
1678 1231 1910 1303 probari
1968 1231 2081 1287 sibi

437 1321 617 1378 velint
645 1321 821 1391 athei,
855 1321 999 1376 nihil
1030 1338 1273 1392 prorsus
1297 1337 1425 1377 esse
1453 1320 1606 1391 quod
1637 1320 1730 1376 hic
1748 1320 2080 1376 desiderare

438 1411 686 1483 possint,
718 1410 1037 1482 quominus
1065 1410 1245 1481 hujus
1268 1409 1426 1465 modi
1458 1409 1820 1465 narrationes
1842 1409 2077 1465 videan-

437 1503 534 1555 tur
553 1514 681 1555 esse
710 1500 1060 1555 verissimis:
1095 1498 1443 1571 «Imprimis
1474 1498 1630 1553 enim
1650 1515 1763 1554 non
1796 1498 1855 1553 in
1888 1514 2078 1570 angu-

436 1590 529 1660 lis,
562 1591 774 1663 inquit,
808 1597 909 1646 aut
927 1591 1128 1662 paucis
1157 1591 1508 1661 quibusdam
1528 1589 1796 1658 consciis,
1824 1605 2077 1661 quorum

435 1686 634 1752 posset
662 1680 963 1748 interesse,
998 1680 1097 1735 sed
1144 1679 1338 1751 palam
1369 1683 1554 1750 gesta,
1612 1683 1670 1734 et
1700 1677 1758 1732 in
1810 1678 2075 1734 omnium

434 1772 745 1840 conspectu
786 1772 1043 1837 narrant,
1099 1772 1218 1822 tam
1254 1765 1625 1822 inimicorum
1658 1782 1835 1837 quam
1856 1764 2077 1821 amico-

435 1875 588 1925 rum,
613 1857 755 1929 quin
786 1856 978 1929 potius
1002 1856 1406 1922 inimicorum,
1430 1854 1735 1926 quilocum
1755 1854 1813 1910 in
1830 1854 2074 1910 theatris

434 1946 795 2018 praecipuum
821 1945 1132 2001 habebant.
1168 1948 1250 1998 lta
1283 1943 1498 1999 factum
1535 1960 1650 1998 non
1682 1944 1855 1999 modo
1875 1946 1939 1998 ut
1978 1943 2078 2015 qui

434 2052 501 2091 ea
533 2034 897 2107 scripserint,
923 2050 991 2089 ea
1021 2037 1180 2089 certo
1211 2037 1446 2104 possent
1476 2047 1827 2103 cognoscere
1852 2050 1864 2099 ;
1900 2032 2001 2087 sed
2021 2035 2077 2087 et

434 2124 533 2197 qui
567 2123 759 2180 aliain
792 2122 1081 2179 sententia
1111 2125 1325 2189 essent,
1359 2137 1427 2177 ea
1450 2120 1615 2176 facile
1646 2125 1889 2193 possent
1947 2137 2075 2177 cer-

430 2219 607 2284 toque
637 2211 896 2268 refellere
951 2210 1191 2276 Deinde,
1220 2209 1362 2265 talia
1410 2209 1593 2264 fuisse
1623 2208 1743 2263 haec
1775 2213 1959 2281 gesta,
2012 2212 2077 2264 ut

432 2301 820 2374 plurimorum
857 2299 1139 2365 intererit,
1170 2304 1228 2353 et
1252 2315 1427 2369 quam
1462 2298 1735 2365 maxime,
1769 2314 1840 2353 ne
1869 2297 2076 2354 lateret

435 2391 668 2454 veritas,
701 2390 801 2445 sed
836 2390 1028 2460 potius
1056 2392 1123 2443 ut
1151 2393 1307 2444 esset
1329 2386 1813 2458 compertissima.
1869 2387 2073 2442 Perse-

432 2487 698 2534 cutorum
729 2478 1026 2545 intererat,
1051 2493 1123 2532 ne
1143 2477 1263 2531 haec
1279 2491 1415 2531 vera
1436 2476 1831 2541 crederentur,
1856 2476 2074 2547 quibus

429 2567 772 2641 gravissima
792 2568 981 2623 forent
1009 2564 1369 2622 crudelitatis
1396 2565 1638 2621 infamia
1672 2565 1827 2637 apud
1859 2567 2069 2620 absen-

426 2662 535 2723 tes,
571 2661 687 2712 tam
741 2656 902 2712 vivos
942 2671 1119 2727 quam
1176 2653 1351 2710 etiam
1409 2657 1693 2725 posteros,
1752 2654 2069 2722 onerandi,

428 2747 642 2818 quibus
674 2744 869 2801 divino
900 2744 1050 2799 169
1085 2745 1261 2800 etiam
1290 2742 1567 2815 suffragio
1598 2742 1862 2798 damnati
1909 2742 2069 2799 vide-

425 2839 644 2893 rentur.
663 2833 1126 2891 Christianorum
1143 2832 1320 2889 etiam
1339 2831 1589 2888 maxime
1614 2831 1877 2888 omnium
1897 2832 2073 2889 inter-

2194 525 2412 595 quibus
2442 529 2634 579 tantos
2660 524 2836 594 hujus
2858 520 2987 577 vitae
3010 519 3304 577 cruciatus
3332 523 3454 576 tam
3484 519 3649 576 nulla
3677 521 3840 576 futu-

2197 629 2393 669 rorum
2433 612 2805 683 praemiorum
2834 611 3100 667 mercede
3129 608 3433 665 lucraturi.
3464 609 3591 667 Non
3616 612 3706 665 est
3728 609 3843 665 ita-

2193 721 2305 776 que
2334 706 2489 778 quod
2520 703 2889 775 suspicemur
2912 702 3279 771 contemptus
3305 698 3407 755 has
3430 698 3611 755 fuisse
3635 715 3841 754 narra-

2190 796 2411 863 tiones;
2445 794 2543 850 sed
2576 808 2709 848 vero
2739 804 2973 846 omnem
2993 788 3190 860 potius
3210 789 3283 844 ab
3311 787 3839 860 utrisquediligcn-

2190 882 2330 938 tiam
2363 883 2421 938 in
2452 881 2569 937 illis
2599 878 2871 936 eruendis
2902 878 3021 932 fore
3051 876 3466 932 adhibendam.
3503 898 3534 927 ››
3564 877 3730 941 Quod
3792 876 3840 932 si

2192 975 2333 1027 Acta
2365 971 2658 1042 Perpetua:
2688 969 2760 1022 ab
2792 970 3025 1021 auctore
3045 981 3232 1021 ooaevo
3263 964 3506 1021 collecta
3527 965 3712 1022 fuisse
3729 966 3839 1022 Ba-

2191 1059 2435 1131 snagius
2459 1060 2654 1130 negat,
2683 1057 2807 1126 jam
2836 1070 2901 1109 eo
2933 1071 3026 1109 res
3058 1053 3266 1109 recidit
3306 1059 3366 1110 ut
3425 1069 3662 1109 omnem
3718 1072 3837 1111 non

2189 1147 2379 1203 solum
2417 1145 2737 1212 miraculis,
2771 1144 2872 1199 sed
2903 1142 3079 1198 etiam
3107 1142 3432 1199 visionibus
3467 1143 3641 1199 ﬁdem
3670 1144 3838 1199 dero-

2188 1252 2415 1309 gemus,
2450 1238 2508 1290 et
2548 1235 2620 1289 ad
2652 1237 2889 1288 externa
2918 1234 3263 1302 argumenta
3292 1232 3691 1289 controversia
3718 1236 3841 1289 tota

2190 1328 2509 1392 revocetur,
2544 1323 2603 1378 in
2635 1322 2851 1394 quibus
2907 1320 3165 1376 vidimus
3208 1325 3495 1392 quantum
3541 1322 3841 1395 Perpetua:

2189 1430 2370 1469 causa
2396 1413 2739 1484 triumphet.
2768 1416 2979 1466 Demus
3014 1414 3211 1465 tamen
3244 1411 3407 1481 paria
3435 1426 3563 1468 esse
3619 1428 3746 1483 qua:
3780 1412 3839 1467 in

2186 1507 2500 1575 utramque
2525 1505 2747 1574 partem
2781 1504 3080 1555 momenta
3101 1500 3273 1555 modo
3295 1505 3664 1568 asseruntur,
3681 1503 3724 1556 1
3742 1502 3843 1556 70

2188 1590 2319 1648 cum
2346 1591 2483 1648 boni
2509 1591 2617 1646 viri
2651 1590 2727 1645 sit
2756 1594 2812 1644 et
2829 1588 3213 1661 aequijudicis
3244 1589 3425 1644 dubia
3454 1589 3514 1644 in
3535 1588 3841 1646 meliorem

2188 1681 2379 1753 potius
2408 1684 2631 1752 partem
2684 1695 2861 1749 quam
2894 1679 2952 1732 in
2982 1676 3327 1733 deteriorem
3356 1678 3750 1750 interpretari,
3787 1684 3847 1735 et

2188 1785 2358 1825 nemo
2376 1785 2493 1840 qua
2524 1768 2739 1822 fruitur
2770 1768 2933 1822 bonas
2966 1766 3132 1821 famis
3157 1772 3216 1821 et
3235 1766 3688 1824 existimationis
3711 1785 3847 1839 pos-

2192 1856 2598 1927 sessione,nisi
2630 1855 2821 1911 malus
2837 1854 3261 1912 certisindiciis
3292 1860 3350 1911 et
3378 1856 3706 1928 perspicuis
3746 1875 3844 1913 ar-

2190 1946 2489 2020 gumentis
2520 1946 2972 2011 demonstretur,
3006 1945 3135 1999 exui
3171 1945 3399 2013 debeat,
3454 1944 3616 2001 nullo
3665 1948 3845 2002 modo

2191 2034 2647 2108 permittendum
2681 2038 2804 2089 erat
2832 2039 2987 2089 utea
3029 2035 3295 2105 quaejam
3347 2050 3448 2106 per
3501 2034 3847 2106 quindecim

2186 2124 2399 2180 saecula
2432 2129 2597 2179 recta:
2631 2123 2763 2178 fidei
2796 2126 2854 2178 et
2895 2122 3222 2178 sanctitatis
3278 2122 3709 2181 existimatione
3740 2141 3853 2196 ga-

2182 2213 2292 2268 visi
2327 2216 2487 2282 sunt,
2520 2213 2595 2267 ob
2628 2210 2779 2267 leves
2811 2212 3097 2283 quasdam
3137 2212 3525 2282 conjecturas,
3558 2212 3855 2285 Perpetua

2184 2301 2444 2372 sociique
2500 2305 2785 2372 martyres
2841 2306 3209 2355 exuerentur.
3269 2302 3431 2367 Quod
3482 2301 3719 2373 quidem
3779 2302 3847 2356 in

2184 2406 2363 2445 causa
2387 2389 2495 2444 fuit
2525 2390 2670 2444 utin
2700 2390 2808 2444 hac
2840 2389 3235 2444 controversia
3266 2390 3591 2446 defensoris
3642 2396 3849 2462 partes

2182 2479 2243 2534 in
2272 2495 2364 2534 me
2406 2479 2559 2533 ultro
2617 2478 2996 2550 susciperem,
3050 2483 3108 2533 et
3165 2478 3317 2534 hanc
3365 2479 3848 2552 qualemcunque

2183 2584 2375 2623 meam
2404 2567 2873 2623 dissertationem
2904 2567 2963 2622 in
2996 2566 3299 2638 publicum
3318 2569 3667 2635 emitterem,
3699 2586 3839 2640 quae

2179 2661 2301 2713 tota
2330 2660 2547 2727 quanta
2576 2660 2686 2722 est,
2714 2658 2940 2713 utinam
2972 2657 3030 2713 in
3062 2658 3158 2713 Dei
3191 2656 3470 2714 honorem
3494 2662 3551 2715 et
3580 2658 3841 2730 gloriam

2183 2750 2503 2819 martyrum
2537 2746 2704 2801 cedat
2722 2745 2735 2801 Ι

495 2953 607 3025 (94)
640 2952 879 3009 Dissert.
908 2967 990 3008 xu
1014 2950 1375 3024 Cyprianica,
1407 2949 1478 3007 de
1507 2948 1740 3023 Martyr.
1774 2949 2071 3024 Fortitud.,
2101 2951 2239 3025 §45.

1350 3276 1463 3362 1N
1520 3275 2333 3363 FRAGMENTUM
2390 3275 2905 3388 SEQUENS

525 3481 787 3645 DE
874 3356 3720 3648 mndmésfscairiiuiiARUM

1741 3759 2484 3855 ADMONITIO.

409 3931 492 4003 (L.
530 3928 905 4003 A._Murat_or.
940 3926 1150 4003 Anfz'qq.
1172 3924 1295 4003 Ita].
1320 3922 1492 3978 medii
1518 3924 1719 4003 .z-viLt.
1744 3923 1835 4003 Ill,
1860 3921 2089 4003 c9]:8§ji

2188 3922 2380 4003 .113de
2404 3923 2546 4003 Βξῡιἒ
2576 3927 2712 4003 vigit.
2734 3924 2841 3978 PP.
2867 3927 2908 3979 t.
2938 3925 3005 3986 ιι,
3033 3942 3086 3996 ρ.
3104 3926 3229 4003 sos.
3249 3925 3458 4003 Routh.
3482 3928 3834 4003 Rel_z'q.sacr.

478 4010 519 4077 t.
551 4001 636 4077 lY,
658 4018 711 4071 p.
731 4001 783 4053 3.
805 4000 966 4077 Ever.
1000 3994 1195 4053 Stoch.
1216 3995 1606 4077 (dominentur:
1627 3995 1755 4077 li_b'r.
2007 3994 3836 4077 63,‘p._199.freindallor.compteal.,Linc.‘l802.Kirchhoser,

477 4060 1058 4141 Quellénsammlung
1087 4085 1190 4123 zur
1210 4067 1512 4123 Geschicte
1538 4067 1640 4122 der
1669 4060 2300 4123 Neutestamentlichen
2332 4066 2561 4122 Canens
2591 4066 2825 4134 Zuricb,
2862 4068 3018 4136 1842,
3046 4060 3106 4140 ρ.
3144 4070 3193 4140 1,
3227 4071 3305 4138 2.)

476 4367 703 4425 Primus
726 4361 1075 4423 Muratorius
1106 4360 1476 4419 veterrimum
1510 4359 1616 4417 hoc
1675 4360 1860 4416 edidit
1903 4360 2314 4432 fragmentum,
2364 4358 2423 4416 in
2483 4376 2597 4432 quo
2647 4360 2718 4416 de
2748 4377 2968 4429 canone
3008 4360 3148 4418 Novi
3182 4364 3539 4423 Testamenti
3598 4368 3843 4440 agitur.

400 4463 459 4515 Is
485 4476 619 4515 vero
651 4458 707 4511 in
742 4456 1149 4526 Antiquilaium
1179 4454 1505 4508 Italicarum
1537 4450 1706 4505 medii
1734 4450 2037 4517 AEm’,tomo
2061 4450 2153 4505 ΙΙΙ.
2187 4449 2416 4505 Mediol.
2456 4451 2611 4520 1740,
2646 4451 2716 4507 de
2775 4452 2971 4507 codice
3028 4457 3198 4521 msto,
3232 4470 3299 4509 ex
3343 4472 3457 4525 quo
3504 4456 3656 4513 idem
3716 4460 3843 4516 de-

399 4552 702 4619 sumptum
726 4550 837 4614 est,
867 4545 989 4601 haec
1020 4542 1300 4617 praemisit
1331 4558 1345 4596 :
1381 4559 1401 4591 ε
1434 4540 1542 4595 Sed
1577 4541 1809 4611 quando
1838 4540 2123 4611 coepimus
2145 4539 2383 4594 vulnera
2414 4539 2611 4594 rimari
2645 4540 2859 4595 litteris
2889 4540 3130 4607 inflicta,
3186 4543 3328 4598 dum
3378 4545 3548 4601 rudia
3601 4549 3845 4606 saecula

397 4639 793 4701 decurrerent,
825 4652 898 4690 ne
941 4634 1049 4689 hoc
1081 4633 1316 4703 quidem
1349 4628 1839 4685 dissimulandum
1871 4633 1982 4693 est,
2014 4628 2488 4701 imperitissimos
2518 4632 2576 4682 et
2604 4628 3039 4685 indoctissimos
3058 4631 3323 4687 homines
3345 4634 3605 4691 crebrius
3637 4652 3841 4707 quam

396 4732 567 4782 antea
598 4724 779 4782 fuisse
809 4723 1103 4781 adhibitos
1134 4720 1202 4775 ad
1228 4719 1639 4775 exscribendos
1668 4719 1919 4785 codices,
1953 4734 2102 4789 quos
2130 4722 2433 4788 prepterea
2466 4716 2764 4772 erroribus
2795 4734 2860 4771 ac
2892 4720 3167 4775 sordibus
3194 4722 3263 4775 ad
3297 4738 3577 4779 nauseam
3622 4740 3842 4798 usque

393 4814 644 4887 repletos
674 4814 957 4870 intueare.
994 4812 1071 4866 Ex
1096 4809 1189 4863 his
1221 4825 1335 4862 non
1368 4822 1585 4878 paucos
1616 4824 1733 4878 pra:
1766 4807 2036 4862 manibus
2068 4805 2268 4872 habui,
2305 4810 2361 4861 et
2392 4804 2723 4877 exemplum
2756 4807 2960 4862 afferre
2981 4809 3169 4878 juvat,
3213 4813 3366 4881 quod
3403 4828 3516 4868 non
3542 4830 3661 4869 uno
3703 4833 3843 4871 no-

390 4903 566 4973 mine,
601 4904 711 4959 nisi
741 4903 882 4961 mihi
907 4899 1074 4956 facile
1106 4896 1395 4965 blandior,
1428 4894 1618 4949 lucem
1649 4910 1956 4965 exposcere
1989 4894 2237 4950 videtur.
2265 4900 2538 4951 Asservat
2565 4895 2950 4951 Ambrosiana
2974 4897 3425 4956 Mcdiolanensis
3454 4901 3843 4963 bibliotheca

392 4995 903 5049 membranaceum
935 4986 1212 5053 codicem,
1247 5001 1277 5039 e
1308 4981 1575 5037 Bobiensi
1622 4988 1947 5055 acceptum,
1994 4985 2163 5054 cujus
2212 4983 2532 5055 antiquitas
2579 5000 2726 5056 pene
2767 4985 2838 5040 ad
2886 5003 3069 5042 annos
3128 4986 3287 5044 mille
3341 4991 3610 5046 accedere
3669 4994 3843 5050 mihi

389 5080 516 5137 visa
554 5087 661 5137 est.
696 5080 961 5151 Scriptus
1000 5075 1149 5131 enim
1204 5070 1310 5126 fuit
1358 5069 1567 5125 litteris
1599 5071 1945 5141 majusculis
2003 5076 2059 5127 et
2119 5072 2439 5143 quadratis.
2498 5072 2725 5128 Titulus
2779 5075 3049 5145 prmfixus
3104 5076 3300 5132 omnia
3346 5078 3553 5135 tribuit
3598 5079 3845 5139 Joanni

386 5169 821 5242 Chrysostomo,
851 5167 948 5221 sed
976 5161 1288 5227 immerito,
1315 5177 1370 5231 p.
1393 5160 1520 5219 851.
1556 5181 1583 5209 »
1613 5158 1759 5215 Tum
1786 5178 1918 5217 vero
1939 5160 2160 5216 caeteris
2193 5161 2560 5225 tractatibus,
2595 5162 2691 5233 qui
2725 5162 2785 5217 in
2819 5163 3015 5219 codice
3074 5167 3471 5237 continentur,
3528 5185 3848 5229 memora-

386 5259 487 5327 tis,
524 5258 710 5329 pergit
756 5258 843 5313 vir
901 5253 972 5310 cl.
1026 5253 1108 5307 ita
1156 5248 1445 5305 scribere:
1507 5270 1535 5298 «
1598 5248 1676 5304 Ex
1739 5250 1940 5306 eodem
1999 5267 2136 5322 ergo
2184 5250 2381 5306 codice
2432 5249 2693 5321 decerpsi
2745 5251 3135 5324 fragmentum
3197 5256 3704 5327 antiquissimum,
3749 5264 3847 5317 ad

387 5362 666 5401 canonem
702 5346 1027 5400 divinarum
1062 5340 1461 5412 Scipturarum
1495 5342 1786 5409 spectans.
1839 5338 2361 5411 Nullidilligentiae
2393 5339 2641 5411 peperci,
2676 5344 2741 5394 ut
2798 5343 2925 5411 ejus
2969 5349 3263 5400 auctorem
3324 5346 3672 5419 delegerem,
3738 5352 3853 5407 si-

386 5436 628 5503 mulque
659 5434 934 5489 rescirem
966 5447 1107 5487 num
1142 5428 1423 5484 hactenus
1444 5427 1665 5482 editum
1697 5429 1890 5484 fuerit.
1937 5429 2062 5485 Nisi
2096 5446 2187 5484 me
2209 5427 2536 5484 fefellerunt
2576 5428 2750 5496 oculi,
2783 5436 2885 5485 aut
2939 5434 3334 5504 complurium
3370 5434 3655 5491 librorum
3710 5439 3853 5496 de-

380 5522 584 5590 fectus,
620 5541 795 5596 quem
828 5541 941 5580 non
974 5519 1155 5577 semel
1184 5518 1373 5582 doleo,
1408 5534 1702 5587 nusquam
1732 5517 2088 5589 deprehendi
2127 5517 2485 5588 evulgatum,
2545 5532 2611 5573 ao
2661 5524 2930 5590 proptera
2990 5538 3126 5593 spes
3176 5523 3323 5578 mihi
3355 5530 3626 5597 superest
3684 5525 3855 5588 fore

368 5615 436 5691 ,ut
462 5610 746 5672 libentius
772 5632 805 5669 a
833 5611 1154 5671 lectoribus
1184 5606 1526 5679 accipiatur,
1550 5622 1616 5660 ac
1648 5608 1942 5679 praecipue
1972 5607 2129 5679 quod
2163 5607 2575 5678 antiquitatem
2606 5606 2870 5665 redoleat
2901 5627 3129 5667 summe
3156 5613 3567 5672 venerabilem.
3594 5636 3623 5668 ››
